4046 6420
219 407 337 473 909

1362 415 1443 477 IN
1482 415 1920 479 LEVITICUM.
1953 443 2023 455 -ο
2053 419 2201 482 LIB.
2238 420 2352 484 ΙΙΙ.

3388 436 3493 503 910

212 522 403 577 rantia
442 524 755 594 temporalis
794 534 898 587 est,
936 534 991 581 et
1033 540 1139 596 qua
1170 534 1455 596 propterea
1485 529 1592 584 cito
1625 531 1800 584 careri
1836 540 1875 591 Α
1906 531 2128 586 veritate
2174 534 2372 601 privati
2415 545 2557 604 sunt,
2604 540 3021 600 existimantium
3076 559 3334 618 quaestum
3385 570 3494 608 esse

209 617 401 687 possit
431 658 446 682 ,
489 619 575 674 his
623 628 679 674 et
728 619 966 691 cognitio
1019 621 1265 676 sublimis
1303 630 1359 677 et
1410 622 1522 679 vita
1566 625 1807 682 caelestis

209 707 499 777 adjicitur.
535 710 736 765 llorum
768 728 897 782 ergo
932 712 1022 782 qui
1059 729 1168 767 non
1206 724 1336 769 sunt
1368 715 1524 781 tales,
1558 733 1661 774 nec
1688 734 1809 773 car-

208 815 322 855 nes
386 804 711 867 comedere,
768 805 863 859 sed
922 821 1024 860 nec
1075 807 1360 863 morticina
1404 815 1657 881 tangere,
1706 827 1810 868 nec

209 892 462 961 aliquam
518 895 960 950 communionem
1016 898 1241 953 numino
1293 915 1417 955 cum
1470 902 1551 955 eis
1604 902 1809 958 habere

210 993 464 1052 Oportet,
503 987 649 1056 quod
702 998 931 1043 testatur
974 989 1194 1056 Paulus,
1234 993 1465 1048 dicens:
1506 993 1566 1049 Si
1617 997 1684 1059 is,
1720 998 1810 1067 qui

211 1080 397 1148 frater
442 1085 767 1150 nominatur,
813 1096 888 1140 est
938 1088 1247 1158 fornicator,
1300 1099 1395 1143 aut
1448 1109 1663 1157 avarus,
1715 1102 1809 1146 aut

214 1170 383 1225 idolis
427 1174 676 1241 seruiens,
728 1185 821 1229 aut
871 1177 1190 1245 maledicus,
1245 1189 1338 1234 aut
1390 1182 1653 1249 ebriosus,
1715 1191 1809 1237 aut

210 1279 420 1333 rapax,
452 1282 569 1319 cum
594 1266 894 1336 hujusmodi
922 1286 1013 1323 nec
1040 1270 1213 1324 cibum
1235 1289 1439 1327 sumere
1462 1275 1527 1328 ³³.
1557 1274 1804 1340 Adulter,

210 1365 317 1409 aut
351 1372 567 1423 avarus,
597 1369 691 1413 aut
722 1360 993 1427 ebriosus,
1034 1372 1126 1417 aut
1154 1364 1448 1429 detractor,
1491 1382 1600 1419 non
1645 1367 1810 1422 habet

207 1446 518 1515 pinnulas,
567 1459 628 1504 ut
661 1451 829 1506 vitam
880 1454 1136 1511 videlicet
1183 1456 1391 1512 habens
1444 1459 1714 1515 sordidam
1755 1469 1810 1515 et.

208 1537 585 1595 immundam.
642 1543 912 1599 ldolorum
965 1556 1145 1602 autem
1213 1548 1390 1603 cultor
1469 1550 1522 1604 in
1578 1550 1664 1605 bis
1714 1553 1807 1622 qui

206 1647 482 1703 squamas
521 1636 745 1703 habent,
778 1654 889 1693 non
940 1651 1310 1711 computatur,
1345 1644 1535 1698 duram
1581 1645 1803 1716 quippe,

208 1735 275 1779 et
305 1726 363 1779 in
397 1742 605 1782 morem
638 1736 822 1796 testze,
868 1740 1031 1801 atque
1076 1733 1436 1790 insanabilem
1484 1737 1688 1793 habere
1725 1738 1809 1792 vi-

209 1817 386 1871 detur
436 1819 746 1875 divinorum
798 1822 1193 1893 ignorantiam,
1243 1827 1378 1883 alias
1423 1844 1802 1900 nequaquam,

210 1916 510 1977 postquam
581 1909 696 1966 Deo
760 1913 1091 1984 conjunctus
1160 1926 1278 1984 est,
1340 1919 1480 1975 ultm
1546 1899 1805 1979 servisset
1840 1899 1879 1955 η

211 1997 406 2052 idolis.

291 2088 461 2146 Vens.
498 2091 683 2150 15-19.
721 2115 740 2149 ‹
784 2095 912 2152 Haec
960 2107 1089 2154 sunt
1134 2116 1254 2171 quae
1292 2102 1359 2158 de
1393 2105 1588 2162 avibus
1620 2123 1804 2166 come-

209 2183 354 2239 dere
394 2201 503 2240 non
536 2187 767 2251 debetis,
797 2201 851 2245 et
882 2192 1098 2248 vitanda
1130 2205 1258 2250 sunt
1298 2199 1452 2254 vobis
1481 2219 1495 2253 :
1537 2203 1797 2271 aquilam,

209 2282 270 2327 et
300 2277 587 2347 grypbem,
617 2289 673 2333 et
700 2279 977 2336 italimtum
1004 2322 1019 2347 ,
1052 2294 1107 2338 et
1136 2284 1359 2339 milvum
1413 2302 1477 2343 ac
1509 2290 1801 2356 vulturem,

204 2366 377 2434 juxta
412 2382 585 2439 genus
623 2384 785 2424 suum
814 2388 828 2424 :
860 2380 915 2426 et
943 2388 1103 2427 omne
1143 2375 1349 2429 corvini
1396 2378 1611 2448 generis
1642 2380 1695 2433 in
1727 2380 1803 2435 si-

209 2457 585 2512 militudinem
631 2475 781 2514 suam
831 2479 842 2513 :
888 2464 1272 2528 strutliioncm,
1317 2475 1594 2534 noctuam,
1630 2478 1683 2524 et
1724 2470 1804 2524 la-

204 2564 365 2615 rum,
397 2560 452 2605 et
495 2552 811 2622 accipitrem
861 2555 1013 2624 juxta
1059 2572 1228 2627 genus
1278 2574 1461 2620 suum,
1504 2560 1801 2628 bubonem,

206 2652 267 2696 et
319 2658 649 2714 tnerguium,
682 2656 737 2701 et
769 2629 904 2711 ibin,
942 2664 1192 2719 cycnum,
1229 2660 1283 2706 et
1321 2655 1716 2721 onm-rotalum,
1747 2664 1805 2711 et

207 2737 668 2807 porphyrionem,
723 2740 1100 2808 berodionem,
1147 2754 1201 2799 et
1254 2747 1606 2801 cbaradrium
1647 2749 1803 2819 juxta

205 2839 393 2894 genus
429 2841 610 2891 suum,
645 2843 883 2897 upupam
912 2846 1151 2900 quoque,
1189 2842 1244 2887 et
1274 2836 1735 2903 vespertllionem.
1777 2856 1795 2888 ›

225 2979 237 2985 ν
285 2916 400 2972 Nec
443 2934 631 2973 eorum
669 2921 759 2989 qui
795 2923 863 2976 ad
902 2926 1420 2995 contemplationem
1473 2939 1688 2994 vacant,
1720 2930 1803 2984 vi-

210 3018 329 3063 tam
381 3011 435 3063 in
484 3011 589 3066 boc
647 3012 923 3083 legislator
977 3016 1340 3073 indiscussam
1402 3022 1653 3091 reliquit,
1706 3023 1803 3079 sed

208 3102 678 3169 quemadmodum
740 3105 792 3158 in
859 3106 1135 3162 oblatione
1223 3109 1611 3166 sacriﬁciorum
1678 3128 1803 3182 pro-

207 3194 400 3263 prium
426 3196 506 3250 eis
535 3197 667 3268 legis
697 3199 998 3268 capitulum
1023 3201 1325 3272 deputavit,
1355 3205 1425 3257 ita
1446 3213 1502 3258 et
1533 3204 1588 3258 in
1618 3204 1801 3275 inqui-

206 3287 418 3342 sitione
478 3289 721 3345 ciborum
787 3292 925 3346 ﬁnes
977 3293 1055 3348 eis
1102 3295 1350 3365 proprios
1407 3297 1612 3361 dedit,
1663 3312 1801 3366 quos

205 3377 551 3448 producens,
597 3390 652 3434 et
708 3383 1069 3438 terribiliores
1117 3383 1344 3451 faciens,
1390 3403 1499 3441 non
1546 3387 1689 3443 sicut
1733 3390 1801 3444 de

205 3471 507 3539 pecoribus
536 3481 590 3527 et
628 3473 694 3528 de
728 3475 993 3545 piscibus,
1034 3478 1199 3532 etiam
1247 3479 1315 3533 de
1359 3480 1444 3534 bis
1486 3482 1679 3537 sancit.
1722 3483 1800 3538 lbi

207 3563 366 3617 enim
398 3564 476 3618 ait
510 3584 521 3618 :
557 3566 676 3619 "me
705 3578 827 3621 sunt
881 3570 1146 3624 animalia
1187 3589 1302 3642 qua:
1342 3575 1609 3629 comedere
1649 3576 1801 3630 debe-

202 3657 277 3710 tis
318 3658 384 3711 de
425 3660 624 3715 cunctis
668 3662 1030 3717 animantibus
1076 3673 1249 3719 terrae.
1290 3664 1353 3720 Et
1395 3683 1586 3722 rursus
1621 3688 1632 3723 :
1675 3668 1802 3724 Haec

200 3757 339 3801 sunt
387 3766 504 3820 qure
549 3751 839 3820 gignuntur
886 3753 943 3805 in
991 3754 1162 3823 aquis,
1190 3763 1239 3807 et
1273 3756 1407 3809 vesci
1443 3756 1647 3811 licitum
1701 3769 1795 3813 est.

209 3839 314 3895 llic
351 3849 533 3897 autem
570 3860 583 3896 :
621 3842 749 3897 Hau:
776 3855 898 3898 sunt
943 3863 1060 3917 qua:
1093 3848 1158 3901 de
1185 3850 1369 3903 avibus
1400 3852 1666 3905 comedere
1696 3869 1800 3905 non

194 3934 432 3996 debetis,
483 3945 531 3989 et
579 3938 797 3991 uitanda
836 3951 956 3993 sunt
1009 3940 1170 3996 vobis.
1210 3940 1347 3997 Vere
1394 3944 1800 4000 abominatione

205 4026 440 4097 dignum
490 4038 594 4093 est,
647 4038 703 4083 et
752 4030 905 4085 valde
962 4031 1105 4087 inter
1162 4034 1351 4089 illicita
1419 4045 1582 4106 atque
1637 4038 1799 4093 nimis

200 4118 465 4173 evitanda
496 4122 1024 4189 connumerandum,
1044 4126 1488 4196 contemplationi
1516 4135 1795 4183 vacantem

204 4211 525 4279 quempiam
583 4223 778 4284 sponte
828 4215 962 4270 tales
1015 4216 1218 4272 habere
1272 4220 1511 4274 maculas
1547 4261 1561 4284 ,
1611 4221 1799 4290 quales

204 4320 309 4373 per
379 4306 751 4363 dinumeratas
821 4324 950 4363 aves
1021 4309 1297 4381 legislator
1361 4310 1661 4382 signiﬁcat;
1721 4313 1798 4368 ait

204 4412 357 4451 ειδιιη
407 4416 421 4451 ε

278 4513 552 4584 Aquilam,
585 4524 632 4569 et
676 4518 948 4587 gryphem,
977 4528 1026 4571 et
1083 4520 1321 4573 aliretum
1346 4560 1359 4583 ,
1403 4529 1451 4573 et
1478 4520 1692 4575 miluum
1734 4538 1796 4575 ac

1911 623 2161 689 pietatem
2200 626 2267 681 ".
2310 626 2420 684 llos
2460 644 2589 702 ergo
2631 632 2941 705 significant
2978 654 3041 693 ea
3073 656 3193 710 quae
3223 660 3371 701 nunc
3407 647 3493 703 di-

1909 721 2193 771 numerata
2234 729 2366 774 sunt
2400 722 2678 788 animalia,
2721 727 2923 782 victum
2953 746 3017 785 ex
3047 734 3233 803 rapina
3262 740 3492 809 conqui-

1912 811 2104 865 rentia.
2142 812 2399 877 Qumdam
2432 804 2611 873 autem
2644 835 2710 874 ex
2745 821 2847 883 bis,
2880 824 3014 879 alias
3046 841 3174 883 aves
3206 828 3491 895 invadunt.

1910 908 1963 954 et
1999 918 2063 957 ex
2105 906 2491 964 venationibus
2528 925 2716 965 earum
2756 915 3111 986 nutriuntur;
3147 910 3252 976 alia
3279 940 3409 980 vero
3438 925 3493 980 in

1910 993 2100 1049 domos
2154 996 2545 1068 ingredientia,
2590 1003 2856 1075 diripiunt
2906 1024 3027 1079 quae
3078 1016 3382 1082 repererint
3425 1034 3495 1073 ne

1909 1085 2129 1155 quidem
2167 1092 2472 1160 gerentium
2509 1095 2754 1151 obsoniis
2788 1103 3093 1169 parcentia,
3129 1096 3326 1174 quibus
3367 1121 3498 1164 sunt

1910 1176 2115 1233 similes
2147 1180 2369 1249 quidam
2421 1184 2513 1254 qui
2563 1197 2853 1255 penetrant
2898 1192 3110 1259 domos,
3150 1205 3207 1250 et
3255 1198 3496 1268 captivas

1910 1272 2118 1329 ducunt
2155 1277 2505 1335 mulierculas
2539 1292 2793 1340 oneratas
2826 1282 3085 1356 peccatis,
3126 1306 3263 1362 quos
3299 1291 3493 1348 Paulus

1909 1371 2105 1440 arguit.
2142 1371 2341 1427 Vultur
2370 1376 2503 1432 rixis
2536 1387 2589 1433 et
2621 1379 2777 1435 bellis
2816 1385 3037 1452 gaudet,
3076 1395 3300 1457 prepter
3331 1388 3494 1443 cada—

1908 1477 2036 1516 vera
2071 1465 2400 1534 przeliorum,
2434 1468 2485 1523 in
2514 1479 2721 1526 tantum
2752 1483 2810 1529 ut
2844 1475 3006 1530 etiam
3054 1488 3312 1548 sequatur
3338 1496 3495 1536 exer-

1908 1552 2100 1608 citum.
2133 1555 2251 1611 Non
2282 1573 2414 1629 ergo
2447 1571 2664 1630 Oportet
2696 1563 2926 1618 aliorum
2959 1567 3175 1623 casibus
3205 1570 3357 1639 pasci
3411 1580 3489 1625 at»

1907 1660 2016 1713 que
2060 1648 2259 1702 nutriri
2309 1665 2433 1704 eum
2480 1652 2572 1721 qui
2619 1656 3066 1725 contemplationi
3111 1659 3203 1714 dat
3248 1676 3491 1731 operam.

1907 1736 2127 1794 Corvini
2174 1756 2306 1798 vero
2342 1746 2558 1815 generis
2592 1747 2846 1803 animalia
2885 1760 3018 1806 sunt
3059 1751 3367 1811 aﬁ'ectionis
3397 1771 3492 1811 ex-

1908 1831 2103 1900 pertia,
2136 1835 2279 1903 quod
2322 1837 2675 1894 manifestum
2704 1850 2883 1896 estex
2915 1857 3002 1908 eo,
3030 1844 3173 1912 quod
3203 1846 3438 1901 emissus
3458 1862 3493 1901 ει

1906 1922 2041 1988 Noe,
2070 1940 2135 1979 ex
2172 1927 2343 1996 prima
2386 1946 2508 1983 eum
2548 1947 2744 1987 corvus
2788 1934 3097 1991 avolatione
3124 1947 3494 2006 transgressus

1904 2025 2007 2081 est,
2036 2017 2120 2071 cui
2156 2018 2350 2075 similis
2409 2020 2579 2076 Judas
2626 2025 2768 2079 circa
2819 2042 2979 2081 suum
3029 2030 3345 2099 magistrum
3393 2030 3494 2085 fuit

1903 2116 1958 2161 et
2003 2108 2313 2165 Dominum.
2365 2111 2616 2168 Struthio
2669 2115 2787 2171 avis
2834 2116 3051 2186 quidem
3111 2128 3210 2185 est,
3257 2120 3354 2175 sed
3394 2137 3492 2175 vo-

1902 2198 2015 2254 lare
2052 2216 2163 2255 non
2193 2211 2393 2272 potest,
2424 2214 2703 2276 totamque
2731 2208 2896 2262 vitam
2926 2226 3078 2265 suam
3113 2211 3255 2265 circa
3289 2221 3489 2266 terram

1902 2304 2156 2363 occupat,
2209 2296 2400 2365 quales
2448 2310 2577 2354 sunt
2629 2301 2849 2370 quidam
2906 2301 3017 2356 Deo
3071 2304 3386 2370 militantes,
3437 2316 3493 2362 et

1904 2386 2086 2439 saeculi
2124 2401 2180 2440 se
2217 2390 2450 2458 negotiis
2492 2391 2857 2461 implicantes.
2905 2394 3169 2449 Noctuam
3205 2411 3358 2460 vero,
3390 2412 3490 2467 pro

1903 2495 2008 2547 qua
2041 2480 2397 2551 Septuaginta
2426 2483 2644 2551 γλαῦκα
2672 2486 2946 2547 dixerunt,
2972 2488 3113 2544 hanc
3142 2497 3396 2545 asserunt
3433 2491 3488 2544 in

1902 2580 2064 2625 nocte
2090 2573 2233 2628 acuti
2257 2589 2379 2629 esse
2410 2576 2578 2641 visus,
2603 2578 2715 2632 sole
2750 2589 2928 2634 autem
2966 2592 3281 2651 apparente,
3306 2584 3488 2638 minus

1904 2662 2141 2719 utilitate
2169 2666 2450 2720 oculorum
2482 2666 2609 2723 frui.
2636 2668 2794 2724 Tales
2820 2673 3062 2742 suntqui
3091 2673 3226 2744 legis
3245 2674 3486 2745 glorian—

1908 2764 1995 2810 tur
2038 2760 2501 2828 contemplatione
2536 2771 2593 2815 et
2630 2763 2877 2828 scientia,
2942 2766 3117 2820 lucem
3162 2766 3488 2837 evangelica:

1906 2853 2337 2907 conversationis
2381 2868 2576 2924 capere
2628 2872 2736 2909 non
2783 2858 3047 2912 valentes.
3086 2858 3256 2913 Larus
3286 2859 3487 2913 animal

1905 2950 1989 2996 est
2034 2942 2089 2995 in
2144 2952 2378 3014 utroque
2428 2946 2642 3011 vivens,
2678 2948 2727 3002 id
2780 2958 2862 3003 est
2916 2966 3052 3019 aqua
3096 2960 3156 3005 et
3198 2962 3364 3017 terra,
3395 2950 3487 3021 qui

1904 3034 2047 3088 sicut
2087 3036 2205 3091 avis
2249 3038 2471 3105 quidem
2517 3040 2680 3104 volat,
2717 3051 2775 3095 ut
2817 3043 3053 3111 aquatile
3096 3052 3277 3099 autem
3312 3052 3484 3099 natat.

1903 3126 2003 3181 Cui
2031 3144 2143 3182 non
2176 3131 2316 3185 male
2350 3143 2735 3202 comparantur
2780 3135 2855 3199 hi,
2887 3136 2978 3205 qui
3024 3135 3185 3190 simul
3228 3136 3487 3191 cicumci-

1903 3220 2113 3276 sionem
2181 3233 2512 3279 venerantur
2560 3236 2612 3280 et
2664 3227 2953 3297 baptisma,
2993 3230 3058 3284 ad
3105 3245 3245 3300 quos
3287 3228 3487 3284 Paulus

1903 3314 2036 3369 dicit
2070 3332 2081 3367 :
2122 3314 2181 3370 Si
2227 3318 2694 3385 circumcidemini,
2728 3320 2963 3375 Christus
3012 3322 3153 3377 vobis
3197 3323 3331 3377 nihil
3364 3340 3488 3392 pro-

1904 3410 2013 3461 dest
2044 3408 2110 3462 ²³.
2137 3408 2414 3479 Accipiter
2443 3410 2584 3465 inter
2614 3426 2838 3481 rapaces
2878 3428 3007 3468 aves
3044 3423 3149 3478 est,
3182 3415 3343 3469 habet
3384 3431 3485 3470 au—

1906 3510 2014 3555 tem
2053 3502 2307 3571 quiddam
2341 3501 2509 3566 aliud,
2551 3512 2775 3575 propter
2807 3506 2951 3574 quod
2985 3522 3015 3560 a
3049 3507 3356 3579 legislatore
3384 3518 3487 3579 po-S

1903 3593 2039 3648 situs
2065 3603 2166 3659 est,
2204 3597 2538 3651 mansuescit
2583 3597 2804 3667 quippe,
2838 3607 2893 3653 et
2926 3609 3250 3669 cooperatur
3284 3601 3349 3655 ad
3395 3616 3485 3655 ra-

1902 3687 2213 3757 pacitatem.
2250 3689 2422 3753 Quem
2455 3690 2738 3744 imitantur
2765 3690 2819 3743 bi
2847 3690 2937 3761 qui
2964 3692 3233 3746 mansueti
3263 3691 3483 3761 quidem

1902 3780 2157 3834 videntur
2189 3796 2328 3843 esse,
2361 3790 2416 3834 et
2448 3796 2612 3836 sensu
2658 3783 2955 3852 tranquilli,
2992 3793 3119 3838 sunt
3147 3794 3327 3838 autem
3358 3800 3481 3842 cum

1902 3873 2239 3941 potentibus,
2273 3882 2328 3926 et
2360 3874 2559 3939 avaris,
2585 3884 2754 3944 atque
2814 3877 3121 3946 rapacibus.
3164 3876 3485 3948 Nycticorax

1896 3964 2097 4017 aninml
2130 3974 2233 4025 est,
2269 3965 2413 4033 quod
2451 3965 2505 4017 in
2535 3976 2697 4020 nocte
2733 3969 3110 4023 tantummodo
3148 3969 3291 4039 repit
3320 3978 3483 4039 atque

1900 4064 2208 4125 operatur:
2255 4057 2396 4110 sicut
2444 4066 2574 4111 sunt
2622 4068 2842 4129 gentes,
2891 4059 3258 4131 intelligibiles
3306 4062 3484 4116 noctis

1898 4150 2175 4219 operibus,
2210 4165 2330 4219 quat
2376 4162 2505 4205 sunt
2550 4151 2859 4218 tornicatio,
2898 4153 3265 4221 immunditia,
3303 4154 3483 4226 impu-

1896 4241 2104 4305 dicitia,
2136 4236 2404 4296 idolorum
2435 4242 2633 4304 cultus,
2664 4252 2718 4297 et
2748 4243 2835 4299 his
2870 4243 3092 4299 similia.
3129 4244 3237 4299 Ibis
3270 4254 3325 4301 et
3353 4260 3482 4316 por-

1896 4336 2129 4406 phyrion
2183 4346 2239 4392 et
2274 4352 2435 4407 quem
2480 4335 2833 4407 Septuaginta
2867 4338 3150 4392 nominant
3180 4339 3478 4407 pelicanus,

1896 4438 1951 4483 et
1996 4444 2218 4500 cycnus,
2272 4438 2328 4484 et
2379 4428 2659 4492 herodius,
2710 4438 2764 4483 et
2811 4429 3123 4494 charadius,
3160 4430 3304 4502 longi
3356 4436 3489 4487 esse

1898 4521 2045 4585 colli,
2077 4521 2403 4590 trahereque
2447 4520 2628 4575 cibum
2674 4535 2737 4573 ex
2773 4520 3060 4576 altitudine
3117 4531 3277 4576 terra:
3315 4531 3479 4591 atque

203 4603 470 4656 vulturem
515 4604 675 4673 juxta
727 4623 887 4676 genus
947 4624 1120 4663 suum.
1186 4610 1449 4678 Rapaces,
1494 4619 1549 4663 et
1604 4611 1785 4664 cibum
1820 4622 1863 4676 D
1893 4628 2156 4684 aquarum
2201 4612 2504 4667 dicuntur:
2543 4628 2661 4679 qum
2696 4612 2950 4665 animalia
2994 4612 3195 4665 imitari
3238 4624 3476 4681 oportet.

204 4699 449 4752 alienum
516 4699 656 4755 male
725 4710 1034 4770 sectantes,
1102 4704 1510 4773 quaestibnsque
1573 4706 1789 4774 injustis

205 4790 532 4860 gaudentes,
566 4806 663 4860 per
692 4793 945 4862 praedicta
982 4794 1267 4864 signiﬁcat.
1300 4793 1437 4861 Quia
1476 4794 1623 4847 enim
1666 4794 1789 4864 qui--

205 4882 333 4934 dam
371 4880 726 4937 inveniuntur
754 4885 809 4937 in
841 4884 1119 4951 Ecclesiis,
1150 4885 1294 4940 inter
1323 4902 1419 4941 eos
1455 4887 1547 4956 qui
1594 4896 1790 4951 putan-

207 4980 298 5026 tur
343 4974 789 5043 contemplationi
841 4990 1063 5045 operam
1110 4977 1262 5039 dare,
1299 4977 1392 5048 qui
1436 4994 1545 5032 non
1592 4994 1789 5047 quem-

204 5064 501 5121 admodum
544 5067 768 5134 debent,
809 5068 877 5123 ad
922 5069 1027 5125 hoc
1063 5083 1278 5135 vacant,
1323 5071 1419 5126 sed
1467 5072 1669 5126 frustra
1704 5071 1791 5125 in-

204 5157 426 5222 ﬂantur,
463 5160 594 5215 audi
623 5159 851 5216 Paulum
882 5162 1153 5218 dicentem
1193 5182 1205 5217 :
1237 5162 1294 5217 Si
1323 5165 1439 5235 quis
1472 5164 1582 5217 alia
1619 5165 1788 5225 docet,

205 5259 251 5302 et
300 5266 401 5305 non
454 5254 738 5323 acquiescit
787 5255 932 5308 sanis
985 5256 1307 5309 sermonibus
1357 5256 1572 5310 Domini
1626 5256 1790 5309 nostri

204 5340 326 5394 Iesu
356 5330 574 5409 Christi,
600 5352 650 5398 et
680 5346 727 5398 ei
755 5345 846 5415 qui
880 5346 1162 5400 secundum
1202 5349 1453 5415 pietatem
1485 5356 1560 5401 est
1590 5348 1788 5402 doctri-

207 5449 305 5500 nae,
346 5437 597 5505 superbus
639 5448 738 5503 est,
781 5438 913 5493 nihil
965 5441 1149 5504 sciens,
1199 5440 1289 5494 sed
1342 5441 1596 5513 languens
1645 5441 1783 5495 circa

207 5528 513 5594 quastiones
562 5538 610 5584 et
655 5547 858 5602 pugnas
900 5532 1191 5595 verborum.
1225 5550 1288 5587 ea:
1320 5535 1506 5605 quibus
1546 5536 1789 5588 oriuntur

206 5618 437 5685 invidiw,
471 5624 842 5685 contentiones,
872 5624 1226 5693 blasphemiae,
1253 5627 1573 5695 suspiciones
1606 5627 1783 5689 maliv,

208 5710 620 5780 conﬂictationes
644 5714 913 5769 hominum
942 5727 1109 5770 mente
1135 5729 1524 5786 corruptorum,
1552 5727 1601 5773 et
1629 5718 1718 5790 qui
1753 5734 1787 5770 a

280 5889 323 5921 ⁸³
361 5887 375 5941 1
419 5888 548 5945 Cor.
600 5908 653 5956 ν,
690 5892 774 5949 11.
852 5895 896 5925 ’⁵
927 5891 944 5948 1
973 5891 1112 5947 Tim.
1149 5910 1222 5964 vr,
1254 5897 1309 5962 Ii,
1341 5896 1396 5952 4.

1475 5896 1520 5928 ⁸⁸
1552 5894 1727 5951 Galat.
1770 5911 1822 5960 v,
1856 5894 1911 5950 2.

1895 4722 1998 4761 nec
2021 4706 2088 4760 de
2114 4704 2463 4759 inferioribus
2479 4705 2713 4758 evellere
2730 4703 2931 4767 cibum,
2949 4704 3041 4757 sed
3062 4704 3127 4772 de
3144 4704 3477 4761 cmlestibus.

1897 4798 1991 4852 Ille
2018 4796 2288 4867 siquidem
2316 4795 2762 4865 contemplationi
2791 4807 2962 4860 vacat,
2987 4796 3078 4865 qui
3106 4797 3170 4850 ad
3196 4797 3478 4866 superiora

1897 4900 2083 4945 mente
2116 4888 2418 4953 contendit,
2455 4897 2511 4943 et
2551 4903 2660 4941 non
2711 4888 2884 4942 solum
2927 4887 3342 4956 intelligibilem,
3382 4890 3479 4945 sed

1902 4987 1957 5033 et
1988 4977 2300 5031 sensibilem
2331 4976 2511 5031 cibum
2547 4994 2575 5027 κ
2612 4976 2722 5029 ΒιὈ
2747 4982 3058 5043 exspectat:
3094 4974 3238 5029 unde
3263 4976 3342 5029 ait
3373 4974 3479 5029 Do-

1902 5069 2083 5124 minus
2110 5089 2121 5123 :
2149 5069 2324 5123 Nolite
2352 5068 2560 5122 solliciti
2589 5084 2696 5121 esse
2722 5069 2915 5122 anima:
2942 5078 3148 5133 vestrm,
3175 5069 3301 5139 quid
3326 5085 3480 5123 man-

1900 5161 2296 5230 ducetis,neque
2323 5158 2551 5227 corpori,
2569 5159 2695 5225 quid
2722 5158 3020 5214 induamini
3047 5160 3185 5216 :scit
3210 5161 3347 5214 enim
3372 5160 3479 5214 Pa-

1899 5261 1978 5306 ter
2021 5262 2183 5306 vester
2215 5250 2450 5315 caelestis,
2488 5251 2613 5320 quia
2663 5249 2903 5303 omnibus
2949 5251 3027 5304 his
3074 5266 3278 5306 necesse
3320 5252 3479 5304 liabe-

1898 5347 1964 5400 tis
1988 5346 2052 5398 ⁸⁸.
2087 5344 2276 5415 Upupa
2307 5343 2535 5413 lugubre
2562 5343 2761 5397 animal
2790 5358 3088 5413 amansque
3116 5345 3322 5398 luctum
3355 5351 3435 5398 est
3462 5360 3475 5399 :

1897 5436 2078 5493 saeculi
2126 5444 2308 5489 autem
2365 5435 2582 5490 tristitia
2637 5444 2868 5491 mortem
2918 5444 3196 5504 operatur.
3248 5432 3479 5503 Propter

1895 5530 2037 5600 quod
2085 5537 2298 5598 oportet
2339 5543 2465 5581 eum
2511 5528 2600 5596 qui
2645 5527 2819 5599 diligit
2870 5526 3041 5580 Deum
3095 5541 3313 5596 semper
3347 5540 3478 5597 gau-

1895 5622 2043 5685 dere,
2078 5621 2194 5675 sine
2240 5619 2647 5674 intermissione
2686 5634 2863 5685 orare,
2899 5618 2953 5672 in
2991 5618 3247 5672 omnibus
3276 5616 3478 5689 gratias

1895 5730 2057 5788 agere
2086 5732 2099 5767 :
2133 5712 2258 5783 quia
2298 5712 2557 5782 gaudium
2608 5711 2817 5766 fructus
2846 5717 2932 5767 est
2966 5709 3212 5780 spiritus.
3243 5707 3478 5780 Vesper-

2001 5894 2046 5925 “
2076 5891 2267 5948 Matth.
2297 5908 2372 5957 vt,
2404 5889 2495 5957 31,
2526 5890 2616 5946 5'2.
