3946 6426
535 533 689 590 tilion

663 586 890 678 utantur
916 609 1134 685 quando
1165 598 1447 658 ambulant
1486 614 1498 649 :
1537 590 1682 662 quod
1723 586 2003 658 indignum
2037 587 2118 634 est

508 719 590 773 --in
640 716 722 772 eis
769 711 862 783 qui
899 693 1348 770 contemplationi
1399 691 1531 744 dant
1581 695 1852 754 operam:
1888 686 2120 746 quorum

513 808 686 863 --enim
721 767 805 858 esi
851 797 1064 856 volatus
1105 767 1250 846 circa
1299 794 1523 842 terram,
1556 777 1750 830 horum
1785 767 1948 824 etiam
1989 779 2121 817 con-

539 857 823 970 templatio
852 889 1044 964 procul
1074 883 1241 940 dubio
1281 879 1337 932 in
1378 870 1612 929 terrenis
1642 869 1959 933 occupatur.
1993 857 2121 960 chon

540 951 678 1062 ergor
711 951 1023 1042 incredulus
1069 977 1146 1032 sis
1193 988 1298 1028 nec
1339 966 1578 1028 dubites,
1611 957 1756 1031 quod
1791 957 1905 1062 haec
1935 951 2120 1049 etiam,

540 1039 662 1151 Quin
708 1090 856 1130 nunc
888 1073 1234 1128 dinumerata
1263 1067 1411 1124 sunt,
1451 1051 1724 1112 animalia,
1756 1046 1824 1102 ad
1854 1039 2124 1099 ostensio-

543 1134 668 1227 nem
699 1169 1036 1239 ﬁguramque
1063 1171 1277 1222 eorum,
1307 1169 1338 1207 a
1365 1151 1562 1222 quibus
1602 1142 1880 1199 abstinere
1923 1134 2127 1190 debent

541 1227 997 1332 contemplationi
1031 1259 1308 1314 vacantes,
1343 1244 1525 1317 posuit
1563 1237 1855 1309 legislator.
1903 1228 2008 1285 Sed
2042 1227 2126 1281 in—

541 1360 698 1431 quies
729 1376 742 1412 :
779 1349 1066 1422 Quomodo
1098 1347 1294 1401 horum
1327 1335 1641 1393 animalium
1673 1343 1783 1384 non
1812 1325 1988 1387 cibus,
2031 1319 2125 1375 sed

541 1412 778 1508 imitatio
826 1444 1190 1518 prohibetur,
1238 1448 1361 1490 cum
1403 1427 1655 1505 pelicano
1699 1428 1756 1476 et
1800 1412 2125 1490 nycticoraci

543 1506 714 1598 bavid
763 1506 1033 1610 propheta
1080 1527 1437 1595 semetipsum
1481 1510 1849 1585 comparavit,
1891 1506 2122 1561 dicens:

546 1633 750 1692 Similis
764 1595 958 1702 ‘factus
990 1624 1228 1697 pelicano
1264 1633 1402 1681 sum,
1433 1613 1605 1684 factus
1644 1621 1761 1660 sum
1798 1603 1932 1656 sicut
1962 1595 2129 1668 nycti-

547 1742 710 1783 corax
843 1691 1108 1775 domicilio
1134 1715 1216 1767 "‘i
1263 1710 1367 1765 Per
1413 1703 1644 1776 aquilam
1695 1706 1876 1754 autem
1919 1691 2130 1783 Moyses

533 1820 731 1890 ipsum
780 1811 1050 1884 signiﬁcat
1094 1806 1290 1868 Deum,
1322 1801 1595 1856 dicentem
1639 1790 1707 1846 ad
1747 1784 1910 1841 lsrael
1943 1801 1955 1835 :
1988 1779 2130 1846 Quo—

550 1911 703 1966 modo
742 1902 1062 1978 portaverint
1096 1913 1184 1952 vos
1215 1909 1373 1964 super
1409 1889 1527 1944 alus
1558 1883 1864 1956 aquilarum
1890 1875 1968 1928 ¹⁸⁶ἶ
1997 1873 2131 1926 Nam

548 2013 604 2060 et
653 1969 935 2071 prophetae
992 1993 1208 2046 leonem
1249 1985 1526 2040 Christum
1579 1973 1874 2046 appellant,
1914 1969 2128 2022 leonem

549 2060 734 2149 autem
757 2060 790 2144 e
813 2087 1031 2144 diverso
1063 2096 1186 2137 esse
1226 2077 1418 2132 Petrus
1457 2069 1730 2127 diabolum
1763 2062 1895 2119 dicit
1915 2060 1994 2126 ";
2027 2071 2130 2112 nec

533 2197 735 2242 tamen
767 2178 1070 2236 secundum
1097 2174 1203 2228 hoc
1232 2170 1317 2223 leo
1365 2164 1635 2223 Christus,
1661 2155 1960 2213 secundum
1987 2149 2130 2220 quod

551 2241 799 2330 diabolus
833 2268 1050 2325 dicitur.
1083 2261 1241 2317 Absit
1283 2273 1313 2312 a
1375 2254 1556 2315 nobis,
1595 2251 1736 2305 absit
1788 2246 1891 2300 ista
1939 2241 2132 2310 impie-

533 2379 640 2425 tas
672 2385 685 2421 :
719 2365 814 2420 sed
845 2360 972 2432 quia
1014 2356 1177 2413 simul
1215 2351 1447 2423 regium,
1484 2359 1702 2402 necnon
1749 2353 1934 2410 rapax,
1972 2345 2134 2404 atquo

556 2461 764 2518 immite
789 2429 878 2512 est
899 2451 1123 2514 animal,
1155 2459 1388 2515 cumque
1419 2439 1740 2511 dignitatem
1785 2429 2132 2492 laudabilem,

553 2546 971 2620 vituperabilem
1010 2550 1195 2596 tamen
1231 2533 1605 2606 operationem
1638 2534 1807 2599 gerat,
1842 2522 1987 2593 quod
2015 2519 2137 2589 qui-

556 2611 691 2697 dem'
722 2635 991 2693 laudabile
1038 2633 1222 2696 habet,
1252 2629 1356 2683 hoc
1392 2626 1450 2680 in
1483 2620 1685 2678 Christi
1734 2631 1900 2688 regno
1936 2611 2138 2682 accipi-

543 2744 667 2800 ‘tur,
703 2731 850 2803 quod
879 2737 1062 2784 autem
1089 2719 1472 2793 vituperabile,
1505 2717 1558 2770 in
1589 2712 1826 2774 diabolo,
1859 2708 1912 2762 id
1940 2715 2024 2761 est
2053 2721 2140 2759 ra—

545 2798 788 2899 pacitas,
820 2817 1288 2878 immansuetudo.
1335 2811 1493 2877 Quod
1536 2817 1592 2864 et
1643 2808 1696 2861 in
1746 2802 1922 2874 aquila
1963 2798 2141 2854 consi-

548 2922 843 2981 derantes,
875 2915 996 2970 sine
1027 2911 1207 2980 aliqua
1247 2905 1525 2962 dubietate
1560 2899 1886 2970 reperimus,
1921 2900 2144 2964 pr0pter

562 3010 910 3068 altitudinem
960 3003 1110 3060 enim
1167 2998 1381 3053 volatus
1430 2993 1586 3064 ejus,
1642 2989 1866 3060 ﬁguram
1917 2984 2036 3053 ejus
2087 2981 2143 3035 in

566 3107 736 3160 Deum
787 3097 1022 3168 sumpsit
1064 3091 1304 3162 Moyses;
1346 3085 1472 3157 quia
1533 3096 1661 3138 vero
1711 3092 1898 3148 rapax,
1945 3090 1977 3129 a
2022 3073 2145 3128 cibo

562 3199 682 3269 ejus
708 3167 1094 3249 abstinendum
1129 3183 1286 3239 dixit.
1318 3177 1590 3246 Propheta
1619 3180 1802 3228 autem
1843 3167 2031 3233 David,
2063 3167 2147 3220 lu—

1721 371 2085 447 I—IESYCH-II
2121 369 2592 438 PRESBYTERI
2655 437 2664 440 _

691 544 753 586 es
781 525 926 584 circa
959 528 1159 578 terram
1188 509 1391 570 volant,
1416 505 1488 558 ita
1519 511 1580 556 ut
1602 498 1797 570 pennis
1831 508 1932 564 pro
1963 489 2115 562 pcdi-
2148 502 2187 558 Α
2219 484 2313 540 sed
2345 493 2548 538 tamen.
2575 481 2701 551 quia
2727 495 2838 535 non
2872 478 3172 535 secundum
3204 480 3497 535 veritatem
3516 523 3531 548 ,
3557 481 3798 538 socialem

3698 371 3790 434 912

2221 579 2626 656 amplectuntur
2659 575 2856 640 vitam,
2894 575 3196 629 abutuntur
3219 582 3404 629 autem
3442 578 3801 644 compastione

2224 666 2628 735 praedicationis
2659 681 2760 735 pro
2809 665 2923 720 suis
2953 665 3342 735 voluptatibus.
3375 667 3652 721 immundi
3689 680 3803 724 sunt

2221 767 2385 827 atque
2432 755 2849 821 abominabiles,
2903 765 3089 824 utpote
3138 755 3231 823 qui
3281 756 3334 808 in
3385 756 3482 810 tali
3528 771 3804 810 conversa-

2224 851 2392 916 tione,
2433 857 2492 903 et
2534 848 2588 901 in
2633 847 2725 902 tali
2765 847 3014 912 scientia,
3043 855 3254 917 turpem
3295 848 3597 916 quamdam
3643 850 3805 920 ingrc-

2223 940 2451 996 diuntur
2497 949 2552 994 et
2595 939 2931 994 immundam
2984 938 3173 993 vitam.
3214 937 3428 1003 Quibus
3475 948 3664 993 autem
3695 951 3805 994 sunt

2225 1051 2386 1092 crura
2429 1033 2750 1097 excelsiora,
2784 1041 2844 1088 ut
2886 1047 2984 1103 per
3022 1047 3085 1086 ea
3123 1032 3378 1086 exsiliant
3418 1047 3452 1086 a
3487 1033 3808 1094 lerra,inter

2225 1129 2431 1184 munda
2453 1135 2740 1197 propterea
2759 1126 3215 1196 ponuntur,quia,
3236 1141 3363 1180 cum
3396 1126 3519 1180 sint
3549 1126 3604 1179 in
3636 1141 3807 1188 carne,

2227 1239 2337 1278 non
2376 1223 2677 1278 secundum
2706 1235 2929 1275 carnem
2974 1219 3227 1282 militant,
3258 1219 3355 1274 sed
3384 1235 3419 1272 a
3452 1218 3692 1273 sordidis
3727 1234 3810 1272 ex-

2206 1315 2420 1383 _siliunt
2461 1312 2794 1378 actionibus,
2850 1320 2906 1366 et
2958 1311 3312 1366 szeculari-bus
3378 1311 3722 1374 hominibus,
3762 1320 3814 1364 ut

2229 1409 2465 1464 doceant
2493 1422 2588 1462 eos
2618 1415 2782 1476 atque
2819 1406 3108 1471 instruant,
3156 1403 3575 1475 permiscentur
3606 1422 3619 1458 :
3651 1406 3718 1457 ita
3762 1414 3811 1459 ut

2232 1510 2289 1557 et
2318 1516 2443 1555 cum
2473 1499 2737 1554 adulteris
2774 1498 3087 1568 aliquando,
3123 1507 3179 1552 et
3210 1513 3333 1553 cum
3373 1497 3696 1568 publicanis
3725 1497 3812 1550 ha-

2229 1596 2428 1661 bitent,
2453 1603 2508 1649 et
2531 1605 2710 1649 tamen
2742 1593 3040 1648 immundis
3067 1608 3257 1646 eorum
3284 1607 3393 1645 non
3423 1590 3810 1646 commiscean-

2231 1697 2320 1743 tur
2348 1687 2657 1742 actionibus
2695 1703 2707 1739 :
2745 1685 2994 1740 resiliunt
3035 1685 3181 1740 enim
3212 1685 3280 1738 ab
3317 1685 3422 1748 eis,
3481 1692 3542 1738 et
3588 1684 3809 1748 avolant,

2231 1788 2286 1835 et
2315 1793 2441 1832 cum
2476 1779 2790 1833 societatem
2835 1777 3044 1847 peccati
3076 1777 3319 1846 ipsorum
3366 1775 3674 1846 refugiant,
3700 1789 3811 1845 pec-

2169 1881 2206 1934 il
2233 1874 2511 1930 caloribus
2549 1878 2752 1935 tamen,
2782 1880 2841 1924 ut
2873 1883 2969 1923 eos
3003 1883 3033 1922 a
3068 1877 3421 1938 peccatorum
3464 1867 3721 1921 sordibus
3756 1865 3812 1918 li-

2230 1960 2428 2019 berent
2491 1971 2654 2031 atque
2721 1967 3020 2025 revocent,
3077 1958 3403 2028 plerumque
3461 1956 3809 2010 cohabitant:

2232 2058 2374 2115 sicut
2417 2056 2718 2119 Dominus,
2771 2054 2862 2124 qui
2901 2063 3174 2121 peccatum
3207 2068 3310 2105 non
3345 2052 3499 2122 fecit,
3535 2066 3629 2103 nec
3660 2050 3712 2102 in
3738 2065 3812 2101 ore

2233 2151 2348 2220 ejus
2376 2149 2526 2203 dolus
2555 2149 2655 2219 fuit
2687 2147 2752 2213 ⁸³,
2795 2161 2919 2202 cum
2964 2145 3348 2215 peccatoribus
3388 2142 3719 2199 comedebat
3767 2150 3814 2197 et

2234 2243 2472 2303 bibebat.
2504 2239 2752 2296 doctrina
2782 2254 2878 2294 eos
2918 2238 3370 2307 institutioneque
3415 2236 3744 2308 justiﬁcans,
3768 2243 3813 2290 et

2235 2336 2304 2391 ad
2343 2335 2425 2389 sui
2461 2349 2762 2404 provocans
2796 2331 3224 2394 aemulationem,
3277 2331 3414 2384 nihil
3474 2345 3670 2385 eorum
3713 2329 3813 2399 ipse

2239 2428 2478 2492 imitans,
2511 2442 2612 2480 nec
2641 2426 2710 2479 ab
2737 2425 2817 2479 eis
2849 2425 3184 2494 inquinatus.
3223 2422 3462 2493 Propter
3497 2424 3643 2492 quod
3681 2422 3814 2475 dixe-

2238 2528 2368 2572 runt
2395 2518 2618 2572 Cantica
2648 2518 2988 2570 canticorum
3019 2535 3030 2568 :
3062 2515 3194 2568 Ecce
3237 2515 3333 2567 iste
3363 2515 3510 2568 venit
3543 2513 3734 2566 saliens
3769 2512 3814 2563 in

2241 2611 2521 2674 montibus,
2563 2610 2824 2663 transiens
2883 2624 3042 2677 super
3097 2606 3252 2660 colles
3295 2607 3362 2660 “.
3414 2607 3650 2676 Oportet
3702 2618 3813 2673 ergo

2242 2720 2344 2759 nos
2389 2704 2591 2758 habere
2639 2717 2800 2756 crura
2845 2700 3164 2756 sublimiora
3210 2700 3471 2770 pedibus,
3505 2715 3618 2753 non
3655 2697 3813 2767 qualia

2242 2798 2556 2853 Judaaoruin
2594 2795 2760 2865 pedes
2796 2793 3016 2858 habent,
3051 2791 3142 2862 qui
3185 2791 3238 2844 in
3274 2792 3568 2860 utriusque
3598 2788 3812 2860 vestigiis

2245 2892 2382 2957 suis,
2416 2891 2470 2945 in
2507 2890 2623 2960 lege
2655 2888 2908 2944 videlicet
2937 2894 2992 2941 et
3020 2885 3324 2956 prophetis,
3361 2885 3705 2946 claudicant;
3733 2881 3812 2934 sed

2245 2982 2424 3052 qualia
2457 2981 2662 3036 habent
2701 2995 2786 3047 ea,
2827 2994 2948 3048 quae
2981 2977 3238 3032 dicuntur
3272 2975 3599 3039 Cherubin],
3628 2977 3690 3029 de
3710 2973 3810 3042 qui-

2248 3078 2351 3131 bus
2377 3075 2582 3130 dictum
2612 3083 2695 3129 est
2721 3090 2735 3127 :
2764 3071 2832 3126 Et
2860 3089 3016 3126 crura
3049 3087 3228 3125 eorum
3258 3086 3413 3123 crura
3445 3080 3611 3132 recta,
3636 3077 3682 3120 et
3706 3082 3813 3135 peu-

2250 3169 2364 3221 nati
2404 3167 2558 3237 pedes
2599 3182 2802 3232 eorum,
2846 3173 2993 3219 recte
3029 3173 3082 3218 et
3109 3163 3567 3217 indeclinabiliter
3593 3162 3642 3214 in
3669 3175 3810 3214 evan-

564 3248 697 3359 gens
736 3279 1016 3337 hominem
1063 3275 1117 3328 in
1153 3279 1375 3343 peccato
1410 3265 1788 3326 constitutum,
1820 3255 2144 3330 nycticoraci
2172 3248 2214 3305 C
2250 3261 2436 3333 geticis
2489 3259 2720 3330 pedibus
2770 3276 2783 3312 ;
2828 3258 2896 3313 de
2943 3257 3140 3326 quibus
3185 3257 3387 3310 diuum
3428 3265 3517 3310 ρει
3554 3274 3567 3310 ε
3603 3253 3810 3310 σοιτεαιί

565 3347 739 3437 hunc,
777 3371 921 3426 sicut
955 3367 1011 3420 in
1046 3372 1211 3418 nocte
1241 3359 1538 3420 viventem,
1574 3349 1910 3422 comparavit
1941 3347 2009 3401 ⁸ο.
2044 3347 2146 3400 Per

566 3464 878 3536 pelicanum
929 3464 1138 3520 autem,
1179 3457 1367 3520 utpote
1407 3463 1505 3518 per
1545 3443 1746 3499 animal
1785 3454 1976 3495 amans
2019 3436 2146 3493 soli-

568 3531 838 3614 tudinem,
873 3545 1127 3620 ﬁguravit
1159 3557 1306 3606 eum,
1336 3538 1431 3610 qui
1475 3537 1657 3591 forsan
1704 3533 1895 3589 amicis
1936 3531 2147 3587 desola-

571 3659 659 3703 lus
690 3653 792 3709 est,
818 3649 914 3697 aut
934 3635 1203 3710 cognatis,
1233 3632 1575 3701 aliorumque
1599 3627 1858 3684 similium
1887 3625 2145 3681 societate

569 3738 886 3794 destitutus.
1308 3794 1311 3796 _

639 3829 804 3884 Vsus.
834 3824 1026 3881 90.22.
1061 3843 1080 3876 ς
1113 3821 1288 3878 Omne
1330 3816 1398 3872 de
1430 3812 1760 3874 volucribus,
1792 3811 1937 3882 quod
1969 3808 2147 3880 gradi-

571 3935 659 3978 tur
707 3934 871 3992 super
918 3925 1150 3988 quatuor
1188 3912 1375 3984 pedes,
1418 3907 1783 3964 abominabile
1821 3904 1924 3959 erit
1971 3900 2144 3957 vobis.

564 4013 845 4084 Quidquid
888 4021 1072 4066 autem
1105 4006 1346 4062 ambulat
1370 4003 1588 4074 quidem
1623 4015 1787 4070 super
1819 3998 1984 4068 pedes
2013 4010 2148 4063 qua-

557 4121 713 4175 tuor,
749 4105 843 4161 sed
881 4104 1046 4159 habet
1084 4101 1310 4172 largiora
1350 4105 1494 4152 retro
1531 4110 1711 4158 crura,
1747 4107 1841 4161 per
1868 4105 1989 4160 qua:
2027 4086 2150 4142 salit

561 4215 738 4267 super
774 4209 994 4261 terram,
1023 4193 1308 4250 comedere
1339 4188 1569 4254 debetis,
1611 4195 1671 4240 ut
1703 4193 1787 4239 est
1819 4182 2060 4237 bruchus
2093 4179 2148 4232 in

570 4304 771 4362 genere
800 4303 918 4353 suo,
951 4294 1182 4349 attacus,
1205 4291 1367 4351 atque
1399 4276 1796 4351 ophiomachus
1824 4287 1887 4327 ac
1917 4272 2145 4337 locusta,

570 4381 781 4454 singula
803 4381 956 4451 juxta
987 4391 1158 4448 genus
1189 4389 1370 4429 suum.
1412 4389 1431 4424 ι

641 4477 725 4532 Δὶ)
775 4473 924 4530 omni
973 4469 1205 4526 mundos
1248 4481 1368 4522 esse
1425 4473 1681 4536 peccato,
1728 4468 1892 4529 atque
1935 4456 2150 4512 actione

570 4569 809 4635 sordida,
843 4582 938 4622 eos
965 4566 1056 4636 qui
1091 4558 1568 4630 contemplativam
1600 4555 1766 4611 vitam
1801 4552 2145 4624 pollicentur,
2181 4597 2225 4652 υ

570 4669 808 4733 oportet.
851 4658 1142 4728 Propterea
1195 4652 1506 4723 quicunque
1562 4646 1780 4717 quidem
1837 4642 2148 4699 volatilibus

571 4751 778 4808 similes
811 4755 960 4814 sunt,
988 4757 1352 4816 supernorum
1381 4739 1635 4796 videlicet
1661 4735 1873 4805 assequi
1903 4742 2149 4788 contem-

571 4841 868 4912 plationem
907 4837 1310 4908 promittentes,
1357 4847 1479 4902 quae
1526 4829 1679 4884 ducit
1722 4827 1789 4882 ad
1830 4825 2017 4887 cmlos,
2054 4823 2152 4879 sed

573 4933 860 5003 reptilibus
892 4935 1301 4998 comparantur,
1345 4925 1472 4995 quia
1517 4923 1883 4993 depascuntur
1928 4928 2149 4979 terram,

573 5033 628 5082 et
658 5023 1118 5094 concupiscentiis
1149 5034 1372 5091 operam
1406 5019 1559 5081 dant,
1589 5015 1804 5070 etiamsi
1836 5014 1889 5066 in
1920 5018 2154 5080 quatuor

574 5118 857 5174 ambulant
889 5115 1079 5187 pedes,
1111 5115 1164 5170 id
1198 5123 1303 5180 est,
1338 5111 1442 5168 etsi
1482 5109 1850 5180 evangelicam
1895 5103 2156 5160 simulant

574 5210 1045 5283 praedicationem,
1080 5223 1201 5278 quae
1236 5205 1373 5260 dixit
1402 5221 1414 5256 :
1446 5203 1567 5256 Non
1593 5201 1710 5255 ueni
1749 5215 1936 5254 vocare
1956 5197 2151 5266 justas,

572 5306 664 5361 sed
693 5312 988 5375 peccatores
1024 5302 1094 5355 ad
1140 5297 1499 5369 paenitentiam
1531 5294 1596 5359 ⁸¹,
1642 5302 1697 5347 et
1741 5310 1754 5345 :
1806 5289 1926 5344 Non
1965 5289 2155 5342 habent

575 5412 778 5452 necesse
816 5395 934 5449 sani
965 5393 1198 5457 medico,
1235 5390 1324 5444 sed
1366 5388 1455 5458 qui
1498 5385 1633 5439 male
1665 5385 1854 5438 habent
1886 5383 1951 5446 ³³,
1985 5397 2012 5434 a
2046 5396 2155 5451 quo

572 5490 712 5545 latro
754 5487 993 5544 salvatus
1019 5493 1123 5550 est,
1153 5491 1208 5538 et
1243 5481 1486 5537 adultera
1520 5477 1811 5548 justiﬁcata
1843 5485 1948 5539 est,
1977 5482 2031 5528 et
2061 5474 2154 5544 qui

572 5583 697 5656 plus
735 5581 1028 5646 debebant,
1057 5579 1179 5650 plus
1200 5576 1425 5647 diligere
1455 5573 1825 5644 ignoscentem
1860 5569 2151 5636 dicuntur;

669 5761 885 5817 "Psal.
940 5776 1010 5825 c1,
1068 5760 1118 5815 7.
1223 5759 1270 5790 "
1331 5757 1507 5812 Exod.
1540 5772 1650 5820 XIX,
1691 5758 1745 5813 4.

774 5834 820 5866 ³³
853 5833 956 5887 lsa.
991 5845 1106 5894 Lm,
1141 5829 1205 5895 9',
1263 5827 1284 5882 l
1318 5827 1463 5883 Petr.
1498 5844 1556 5896 ιι,
1586 5828 1678 5884 2‘2.

869 5903 933 5935 ³⁷·
963 5901 1152 5957 Matth.
1193 5917 1345 5972 xxiv,
1375 5898 1460 5956 l2.

577 5834 666 5889 12.

577 5919 659 5973 ιιι,
690 5903 755 5959 16

1848 5753 1895 5785 ²⁹
1925 5750 1946 5804 l
1976 5749 2122 5806 Petr.
2152 5769 2208 5818 v-,
2240 5753 2294 5810 8.

1787 5825 1832 5858 “
1863 5821 2022 5879 Cant.
2075 5837 2138 5892 ιι,
2167 5823 2221 5879 8.

2248 3355 2401 3423 pedes
2422 3353 2478 3406 in
2514 3351 2904 3423 prwparatione
2931 3349 3208 3420 Evangelii
3240 3349 3468 3418 paris”.
3505 3348 3619 3402 llic.
3646 3360 3808 3415 quam-

2248 3446 2331 3502 vis
2363 3460 2532 3515 super
2568 3452 2768 3498 terram
2805 3442 3066 3509 ambulet,
3121 3441 3370 3512 quamvis
3411 3455 3540 3494 cum
3585 3443 3809 3507 peccato-

2249 3538 2401 3593 ribus
2435 3535 2864 3607 dispensationis
2917 3535 3198 3604 cujusdam
3230 3534 3397 3604 gratia
3429 3530 3807 3603 juvaminisque

2249 3639 2629 3694 conversetur,
2658 3628 2790 3683 illud
2822 3628 3055 3697 implens
3083 3627 3442 3697 apostolicum
3483 3643 3496 3678 :
3527 3623 3585 3679 Si
3610 3623 3715 3693 quis
3738 3634 3807 3672 vos

2247 3732 2398 3776 vocat
2442 3720 2735 3791 inﬁdelium
2772 3722 2842 3774 ad
2879 3737 3102 3783 canam,
3127 3729 3173 3772 et
3209 3719 3362 3772 vultis
3397 3719 3497 3783 ire,
3525 3732 3670 3770 omne
3693 3711 3807 3782 quod

2247 3818 2388 3870 vobis
2424 3817 2719 3886 appositum
2759 3815 2938 3886 fuerit,
2977 3813 3250 3876 comedite,
3285 3812 3415 3865 nihil
3450 3813 3806 3878 interrogantes

2249 3919 2464 3980 propter
2486 3909 2860 3962 conscientiam
2886 3907 2971 3958 “:
3011 3915 3193 3961 tamen
3228 3905 3446 3960 volatile
3482 3907 3744 3974 permanet
3762 3906 3805 3950 et

2249 4001 2487 4056 mundus
2519 4009 2623 4063 est,
2664 4001 2842 4055 sciens
2871 4015 2901 4053 a
2931 4010 3075 4053 terra
3123 3999 3360 4052 emicare
3395 4006 3565 4067 atque
3597 3992 3801 4052 exsilire,

2251 4105 2305 4149 et
2333 4109 2445 4149 non
2473 4093 2756 4148 adhaerere
2795 4091 3151 4147 saecularibus
3184 4089 3517 4144 actionibus.
3560 4086 3695 4140 Bene
3723 4099 3802 4136 au-

2251 4195 2362 4241 tem
2400 4187 2589 4240 talium
2634 4185 2950 4239 animalium
2992 4186 3156 4238 etiam
3197 4181 3459 4237 vocabula
3505 4179 3714 4252 protulit
3741 4177 3801 4226 le-

2251 4278 2494 4349 gislator,
2554 4277 2860 4339 bruchum,
2912 4275 3282 4339 etlocustam,
3347 4283 3620 4335 attacum,
3667 4279 3800 4336 atque

2252 4370 2679 4440 ophiomachum
2723 4368 3034 4422 nominans.
3075 4366 3246 4436 Cujus
3287 4376 3468 4420 autem
3507 4360 3800 4436 operationis

2253 4461 2385 4525 sint,
2417 4461 2533 4515 sive
2578 4459 2816 4523 virtutis,
2842 4457 3057 4512 Nahum
3087 4458 3352 4527 propheta
3396 4459 3532 4511 satis
3562 4454 3796 4523 explanat.

2253 4553 2330 4607 ait
2365 4553 2509 4607 enim
2544 4571 2558 4606 :
2600 4550 2837 4604 Bruchus
2865 4566 3127 4620 expensus
3155 4559 3250 4612 est,
3286 4559 3332 4602 et
3363 4550 3590 4603 avolavit
3618 4552 3798 4600 :custo-

2251 4646 2340 4703 des
2375 4645 2451 4698 tui
2479 4645 2632 4715 quasi
2673 4643 2886 4698 locusta:
2927 4643 3274 4702 locustarum.
3321 4658 3438 4712 qua:
3475 4641 3724 4711 conﬁdunt
3757 4635 3799 4686 in

2251 4736 2480 4806 sepibus,
2528 4736 2584 4788 in
2629 4735 2714 4789 die
2765 4734 2978 4805 frigoris
3009 4735 3074 4787 ³⁷.
3125 4732 3223 4786 Vel
3265 4735 3406 4788 sicut
3444 4730 3794 4804 Septuaginta.

2254 4826 2486 4882 Emicuit
2519 4827 2653 4878 sicut
2685 4835 2893 4878 attacus
2951 4825 3254 4878 commistus
3306 4825 3424 4888 tibi,
3460 4825 3593 4878 sicut
3632 4823 3795 4874 locusta

2253 4935 2370 4989 qua:
2423 4917 2748 4971 transcendit
2792 4918 3098 4982 materiam,
3132 4917 3189 4970 in
3229 4917 3314 4970 die
3353 4917 3582 4987 frigoris.
3609 4915 3676 4968 Ex
3701 4907 3795 4978 qui—

2257 5012 2361 5067 bus
2390 5013 2571 5066 cernis
2603 5011 2754 5081 quia,
2799 5010 2899 5064 etsi
2946 5009 3330 5080 peccatoribus
3359 5011 3793 5065 commisceamur,

2253 5105 2357 5160 etsi
2405 5104 2456 5158 in
2501 5105 2592 5158 die
2640 5103 2762 5175 gelu
2804 5102 2918 5157 sive
2969 5103 3220 5172 pruinae,
3263 5104 3317 5157 id
3369 5112 3454 5158 est
3495 5095 3793 5158 abundantiae

2252 5197 2496 5266 peccati,
2538 5195 2672 5252 Cum
2704 5197 2838 5250 enim
2866 5236 2882 5260 ,
2922 5195 3137 5265 inquit,
3169 5196 3516 5251 abundaverit
3545 5200 3792 5267 peccatum.

2253 5293 2544 5365 refrigescit
2575 5293 2809 5346 charitas
2846 5293 3130 5345 multorum
3157 5292 3242 5354 3"“,
3279 5293 3634 5346 transiliamus
3657 5292 3791 5339 mate-

2254 5386 2708 5456 riam,spinosam
2769 5386 3020 5440 videlicet
3073 5393 3420 5456 peccatorum
3473 5374 3793 5440 exacerbatio-

2263 5492 2409 5542 nem,
2443 5493 2555 5531 non
2589 5476 2795 5531 similes
2828 5477 3006 5531 effecti
3058 5476 3157 5542 eis,
3201 5477 3297 5532 sed
3352 5477 3685 5547 subjicientes
3717 5475 3790 5519 eos

2261 5572 2441 5636 nobis,
2485 5579 2544 5626 ut
2586 5571 2720 5626 ﬁant
2763 5571 3026 5626 doetrinae
3059 5571 3403 5636 obedientes,
3441 5579 3619 5641 aperte
3650 5559 3790 5620 salva-

3467 5756 3514 5789 ³⁸
3539 5747 3699 5807 Matth.
3729 5756 3784 5801 IX.

2400 5753 2444 5785 ³⁰
2473 5752 2612 5808 Psal.
2649 5769 2724 5817 c—t,
2757 5756 2810 5808 7.
2915 5756 2957 5788 ³⁸
3027 5754 3162 5809 Luc.
3203 5771 3256 5820 v,
3285 5755 3376 5809 52.
3467 5756 3514 5789 ³⁸
3539 5752 3699 5807 Matth.
3729 5756 3784 5801 Ix.

2405 5823 2604 5876 Enhcs.
2635 5841 2710 5876 vi.
2747 5825 2832 5876 l5.
2946 5827 2991 5859 ⁸⁸
3020 5826 3038 5876 1
3070 5824 3196 5876 Cor.
3242 5841 3296 5876 ι.
3346 5825 3436 5876 25.
3543 5827 3582 5860 ³⁷
3615 5817 3785 5876 Nalm!"

2331 5825 2375 5858 ³⁵
2405 5823 2604 5896 Ephes.
2635 5841 2710 5892 vi,
2747 5825 2832 5881 l5.
2946 5827 2991 5859 ⁸⁸
3020 5826 3038 5880 1
3070 5824 3196 5881 Cor.
3242 5841 3296 5894 χ,
3346 5825 3436 5883 25.
