4046 6450
247 438 371 505 913

1412 437 1493 499 IN
1528 437 1965 499 LEVITICUM.
1993 465 2060 475 -
2096 443 2242 504 LIB.
2293 446 2407 505 IlI.

3438 447 3545 515 9M

252 566 411 614 mus,
447 559 502 605 et
541 550 892 615 salvabimur,
926 548 1071 604 unde
1108 546 1184 601 ait
1217 544 1417 600 Paulus
1450 561 1464 600 :
1497 544 1697 600 Factus
1734 563 1852 600 sum
1883 555 1927 608 Α
1959 546 2014 603 Si
2049 552 2196 606 enim
2230 555 2463 611 aliorqu
2498 558 2792 630 participes
2818 559 3116 616 eﬂiciamur
3164 572 3555 633 peccatorum;

245 642 467 696 Judaei:
494 643 627 695 sicut
653 641 887 707 Judwus,
918 641 998 694 his
1027 642 1117 711 qui
1147 640 1239 694 sub
1276 642 1385 709 lege
1411 649 1554 706 sunt,
1580 642 1732 710 quasi
1757 642 1849 694 sub

249 733 376 803 lege
416 751 613 801 essem,
653 750 769 787 cum
809 734 918 803 ipse
963 734 1055 787 sub
1095 734 1204 804 lege
1243 749 1344 786 non
1391 748 1551 786 essent
1589 748 1607 786 :
1643 734 1722 787 his
1762 734 1851 803 qui

246 826 374 879 sine
400 826 512 896 tege
550 835 689 891 sunt,
730 826 883 895 quasi
922 826 1034 879 sine
1072 825 1181 895 lege
1227 841 1411 890 essent,
1448 840 1568 878 cum
1602 825 1711 893 ipse
1741 825 1852 878 sine

248 916 377 985 lege
417 917 510 971 Dei
543 934 644 970 non
681 934 863 983 essem,
894 918 984 971 sed
1018 918 1111 971 sub
1141 918 1248 988 lege
1281 933 1441 971 essent
1475 916 1692 970 Christi.
1726 915 1852 972 0m-

250 1011 417 1063 nibus
458 1011 636 1062 omnia
678 1012 849 1081 factus
898 1028 1034 1076 sum,
1071 1019 1129 1063 ut
1165 1026 1341 1063 omnes
1381 1009 1741 1079 lucrifacerem
1782 1009 1849 1062 ³⁸.

251 1101 373 1157 Sed
423 1113 604 1156 tamen
655 1103 713 1157 in
761 1120 969 1158 morem
1017 1103 1231 1168 bruchi,
1272 1102 1532 1172 impetum
1577 1102 1756 1157 facere
1796 1110 1853 1157 et

251 1195 486 1249 evolare
519 1211 745 1250 necesse
778 1196 1063 1263 habemus,
1094 1206 1155 1251 ut
1185 1196 1326 1250 sicut
1356 1195 1587 1261 locusta,
1624 1195 1738 1250 sive
1767 1204 1852 1250 at-

266 1293 435 1339 tacus
497 1300 653 1351 esse,
703 1286 797 1354 qui
846 1302 947 1358 pro
987 1286 1299 1356 hujusmodi
1350 1296 1588 1341 attacum
1638 1287 1846 1354 dicunt,

249 1380 487 1433 exsilire
530 1380 803 1449 possimus
858 1389 913 1434 et
953 1381 1212 1436 emicare.
1259 1380 1348 1436 Sic
1383 1381 1529 1436 enim
1566 1390 1689 1450 apte
1722 1397 1854 1436 con-

246 1473 470 1538 veniet,
495 1474 715 1541 quodin
740 1473 931 1528 eodem
967 1476 1236 1544 propheta
1266 1476 1511 1545 sequitur
1542 1493 1555 1529 :
1586 1476 1679 1532 Sol
1708 1486 1851 1532 ortus

250 1575 309 1619 et
325 1566 561 1620 elevatus
592 1576 685 1632 est,
719 1577 768 1620 et
798 1584 899 1621 non
931 1576 1005 1621 est
1033 1569 1269 1623 inventus
1297 1568 1437 1622 locus
1467 1569 1580 1638 ejus
1611 1569 1685 1633 ³⁹ς
1717 1584 1853 1638 quo-

250 1660 437 1726 niam,
469 1670 591 1714 orto
626 1661 853 1730 justitia:
890 1660 1036 1727 Sole,
1073 1663 1166 1732 qui
1207 1661 1479 1716 illuminat
1508 1662 1848 1729 abscondita,

249 1752 505 1807 emicant
557 1762 721 1822 atque
757 1754 1014 1809 exsiliunt
1062 1755 1115 1810 hi
1178 1754 1270 1825 qui
1307 1770 1432 1809 cum
1474 1755 1854 1825 peccatoribus

250 1855 680 1912 conversantur,
710 1846 777 1901 ad
820 1847 1071 1902 solatium
1105 1847 1354 1919 justitize,
1387 1855 1443 1902 et
1479 1862 1587 1902 non
1623 1848 1733 1918 jam
1772 1847 1853 1902 lo-

1956 644 2225 701 immundi
2269 665 2443 720 usque
2476 652 2543 706 ad
2566 666 2851 723 vesperam
2900 668 3309 724 permanemus,
3352 656 3404 711 id
3432 667 3563 722 est,

1956 752 2127 807 usque
2153 740 2281 794 dum
2315 758 2539 812 agamus
2569 745 2969 814 ptenitentiam.
2997 745 3149 802 Hanc
3168 747 3315 802 enim
3344 762 3538 817 vespe-

1954 846 2071 885 ram
2106 832 2396 889 Davidait:
2433 835 2516 889 Ad
2554 853 2819 906 vesperam
2874 840 3233 893 demorabitur
3252 840 3427 910 ﬂetus,
3487 850 3536 895 et

1952 926 2023 978 ad
2042 928 2366 981 matutinum
2422 929 2698 985 la‘titia”.
2749 931 3045 1003 Propterea
3101 934 3269 988 lavari
3320 949 3539 1005 quoque

1954 1017 2278 1072 vestimenta
2319 1020 2596 1089 legislator
2624 1024 2901 1094 praecepit,
2926 1036 3115 1095 aperte
3134 1026 3534 1089 demonstrans,

1953 1109 2095 1177 quod
2130 1110 2395 1166 immundi
2429 1128 2639 1178 sumus,
2667 1130 2838 1185 usque
2872 1116 3003 1171 dum
3055 1118 3538 1173 actionesnostras

1954 1201 2207 1272 lacrymis
2227 1204 2520 1261 diluamus.
3328 1274 3331 1275 ν

2028 1295 2189 1352 Vens.
2221 1296 2313 1364 27,
2341 1297 2430 1353 28.
2475 1318 2493 1350 ι
2532 1298 2689 1366 Quod
2720 1301 2966 1358 ambulat
2996 1317 3164 1374 super
3195 1318 3412 1371 manus,
3470 1317 3537 1357 ex

1955 1390 2167 1444 cunctis
2197 1390 2569 1447 animantibus
2590 1396 2682 1464 qui
2715 1395 2980 1451 incedunt
3009 1396 3407 1466 quadrupedis,
3431 1395 3537 1450 im-

1955 1484 2219 1539 mundum
2244 1486 2367 1541 erit.
2393 1486 2493 1552 Qui
2526 1488 2763 1559 tetigerit
2789 1490 3078 1545 morticina
3100 1505 3310 1553 eorum,
3339 1488 3536 1559 pollui-

1958 1584 2044 1630 tur
2066 1592 2236 1647 usque
2264 1579 2328 1633 ad
2354 1595 2664 1650 vesperum.
2704 1583 2768 1636 Et
2815 1581 2905 1652 qui
2947 1581 3537 1652 portaveritltujusce—

1956 1670 2101 1725 modi
2129 1671 2417 1738 cadavera,
2464 1673 2667 1728 lavabit
2699 1675 3024 1729 vestimenta
3056 1691 3175 1738 sua,
3207 1683 3261 1729 et
3296 1674 3537 1728 immune-

1955 1763 2059 1819 dus
2090 1764 2389 1835 eritusque
2417 1766 2483 1821 ad
2517 1781 2823 1838 vesperam,
2868 1768 2997 1836 quia
3048 1767 3234 1823 omnia
3273 1766 3404 1822 haec.
3438 1767 3536 1821 im:

1957 1857 2161 1910 munda
2187 1864 2317 1912 sunt
2338 1858 2513 1913 vobis.
2551 1877 2569 1911 ι

254 1955 362 1995 cus
407 1941 620 1996 illorum
670 1941 759 1995 ille
811 1956 931 1997 esse
987 1918 1356 2008 cognoscitur,
1398 1942 1556 2011 cujus
1603 1940 1849 1996 habitum
1885 1918 1925 1973 Β
2024 1946 2243 2002 Nullum
2263 1949 2347 2003 lex
2379 1950 2542 2005 tacite
2573 1947 2820 2020 praeterit
2876 1958 3183 2020 peccatum,
3240 1948 3339 2003 sed
3384 1963 3545 2019 quae--

255 2035 478 2104 pridem
514 2036 983 2103 demonstrabant,
1016 2052 1142 2091 cum
1189 2036 1592 2105 quodammodo
1625 2043 1852 2090 uteren-

256 2138 373 2195 tur,
408 2143 546 2199 quos
601 2138 657 2183 et
689 2138 809 2184 erat
842 2144 1067 2184 necesse
1106 2124 1321 2183 salvari.
1358 2127 1717 2198 Ophiomachi
1752 2142 1853 2181 au-

257 2227 375 2272 tem
420 2220 490 2274 ab
534 2220 898 2290 appellatione
946 2220 1327 2274 manifestatur
1366 2225 1421 2273 et
1459 2219 1653 2285 virtus,
1687 2232 1849 2288 quem

254 2312 468 2369 imitari
528 2314 731 2369 bonum
794 2322 899 2377 est,
939 2323 994 2369 et
1059 2312 1491 2385 intelligibilibus
1546 2328 1850 2384 repugnare

255 2408 614 2476 serpentibus
662 2426 674 2461 :
727 2408 1140 2464 reminiscentes
1211 2408 1377 2478 quod,
1438 2424 1539 2461 non
1584 2408 1652 2462 sit
1707 2408 1851 2462 nobis

254 2499 568 2554 colluctatio
613 2501 866 2555 adversus
909 2517 1121 2555 carnem
1167 2510 1215 2555 et
1262 2502 1594 2572 sanguinem,
1635 2502 1724 2554 sed
1754 2501 1852 2554 ad-

253 2610 443 2647 versus
470 2594 751 2662 principes,
784 2603 831 2646 et
862 2603 1163 2663 potestates,
1192 2597 1443 2648 adversus
1474 2595 1654 2649 mundi
1684 2605 1852 2649 recto-

255 2701 344 2737 res
394 2684 729 2738 tenebrarum
777 2685 989 2750 harum,
1034 2697 1219 2739 contra
1262 2685 1567 2753 spiritualia
1605 2687 1853 2756 nequitia:

254 2778 315 2830 in
338 2779 630 2832 calestibus
658 2780 726 2832 λθ.
759 2778 824 2833 lli
851 2786 978 2834 sunt
1002 2780 1202 2850 quippe
1229 2779 1597 2851 intelligibiles
1628 2795 1852 2851 serpen-

256 2880 363 2935 tes,
380 2881 438 2927 et
469 2874 717 2927 venenati
749 2874 1039 2927 dracones.

335 2963 496 3019 Vens.
529 2965 720 3020 23-26.
753 2984 769 3016 ι
807 2964 1083 3034 Quidquid
1121 2979 1187 3018 ex
1242 2964 1561 3019 volucribus
1614 2975 1852 3035 quatuor

258 3065 476 3110 tantum
511 3056 676 3110 habet
727 3056 918 3125 pedes,
965 3054 1305 3111 exsecrabile
1362 3056 1471 3111 erit
1528 3056 1734 3111 vobis:
1796 3066 1851 3111 et

257 3148 579 3219 quicunque
595 3150 883 3206 morticina
930 3164 1122 3204 eorum
1168 3149 1431 3221 tetigerit,
1463 3150 1758 3220 polluetur,
1795 3160 1851 3205 et

1953 2056 2169 2110 cunque
2199 2041 2443 2096 actiones
2474 2058 2571 2112 per
2598 2042 2973 2114 evangelicum
2992 2048 3383 2097 testamentum
3407 2056 3533 2111 pro-

1954 2131 2139 2187 hibita:
2165 2141 2315 2196 sunt,
2343 2134 2477 2188 texit
2510 2133 2609 2187 has
2632 2134 2784 2203 prius
2817 2132 3214 2205 aenigmatibus,
3241 2141 3299 2186 ut
3327 2132 3536 2185 utrius~

1950 2243 2059 2298 quc
2101 2228 2401 2284 sanctionis
2455 2230 2873 2284 consonantiam
2943 2228 3169 2293 dicens,
3221 2224 3547 2283 confitearis

1954 2318 2147 2381 Dc'um,
2184 2320 2276 2388 qui
2323 2319 2376 2373 in
2429 2319 2509 2374 eis
2538 2319 2751 2374 locutus
2798 2328 2905 2385 est,
2958 2318 3267 2387 timensque
3311 2315 3536 2371 recedas

1952 2413 2021 2467 ab
2043 2413 2299 2468 omnibus
2351 2429 2472 2483 quas
2522 2412 2946 2483 prohibuerunt.
3010 2412 3070 2466 In
3115 2420 3351 2481 quatuor
3400 2424 3535 2477 ergo

1956 2507 2175 2571 incedit,
2209 2507 2299 2577 qui
2328 2506 2395 2561 ad
2424 2506 2792 2577 evangelicum
2827 2505 3298 2560 conversationem
3318 2504 3531 2573 migrat.

1953 2600 2205 2655 Ambulat
2241 2609 2424 2655 autem
2449 2599 2505 2653 in
2534 2600 2804 2666 manibus,
2831 2598 2922 2669 qui
2942 2608 3183 2668 quaestus
3202 2612 3321 2651 eam
3345 2611 3532 2661 causa,

1956 2694 2199 2764 lucrique
2223 2693 2398 2762 turpis
2418 2692 2760 2762 adipiscitur,
2816 2691 3069 2747 manibus
3092 2690 3202 2744 cito
3225 2690 3539 2758 imponens,

1956 2790 2016 2835 ut
2044 2796 2109 2836 ex
2139 2798 2201 2836 ea
2234 2781 2510 2852 quidpiam
2566 2780 2765 2850 capiat.
2824 2779 3125 2835 Commode
3161 2779 3250 2833 hic
3279 2777 3541 2832 omnibus

1955 2884 2105 2929 recte
2134 2882 2561 2929 connumeratur
2608 2885 2771 2943 atque
2796 2881 3146 2943 comparatur
3176 2870 3386 2926 bestiis.
3408 2868 3534 2925 Sive

1954 2968 2103 3023 enim
2134 2967 2443 3021 adulterum
2477 2965 2649 3032 dicas,
2679 2965 2793 3019 sive
2825 2979 3072 3028 avarum,
3133 2962 3252 3018 sive
3305 2960 3538 3016 homici-

1955 3062 2103 3129 dam,
2145 3061 2261 3115 sive
2287 3062 2675 3126 detractorem,
2708 3058 2824 3113 sive
2876 3056 3282 3126 blasphemum,
3336 3053 3389 3107 in
3447 3052 3535 3108 his

1954 3155 2211 3211 omnibus
2237 3162 2342 3218 est,
2386 3162 2574 3223 utpote
2645 3152 2889 3206 omnium
2945 3148 3186 3220 peccatis
3228 3144 3535 3203 communi-

258 3242 372 3296 erit
403 3242 722 3298 immundus
759 3259 933 3313 usque
964 3245 1031 3299 ad
1058 3260 1370 3314 vesperum.
1405 3245 1474 3299 Et
1526 3244 1572 3299 si
1623 3259 1850 3299 necesse
1880 3268 1921 3326 ο
1955 3262 2107 3313 cans,
2150 3261 2247 3316 per
2300 3245 2561 3315 injustam
2620 3258 2818 3297 manus
2877 3240 3305 3311 impositionem.
3362 3235 3536 3307 Hujus

255 3335 451 3401 fuerit,
484 3348 544 3391 ut
572 3345 753 3405 portet
779 3337 1059 3408 quidpiam
1094 3338 1292 3392 horum
1316 3346 1615 3403 mortuum,
1649 3338 1854 3392 lavabit

256 3428 591 3481 vestimenta
620 3442 740 3490 sua,
775 3428 1173 3483 etimmundus
1204 3427 1309 3482 erit
1362 3443 1539 3497 usque
1583 3428 1651 3483 ad
1713 3428 1849 3483 solis

256 3532 543 3573 occasum.
566 3517 741 3573 Omne
776 3520 978 3573 animal
1004 3520 1149 3589 quod
1198 3519 1365 3574 habet
1417 3520 1638 3590 quidem
1674 3535 1851 3591 ungu-

256 3606 390 3672 lam,
423 3608 519 3663 sed
548 3623 657 3661 non
681 3608 877 3663 dividit
902 3623 1045 3674 eam,
1073 3624 1178 3664 nec
1203 3609 1465 3672 ruminat,
1502 3608 1850 3664 immundum

253 3702 384 3765 erit,
419 3714 476 3756 et
503 3703 769 3772 quidquid
815 3702 1056 3773 tetigerit
1105 3702 1260 3769 illud,
1301 3702 1792 3758 contamiuabitur.
1827 3723 1845 3755 ι

330 3794 487 3860 Quod
516 3796 772 3865 reptibile
806 3796 1112 3851 volatilium
1138 3812 1259 3867 qua:
1308 3797 1364 3851 in
1395 3806 1631 3867 quatuor
1654 3798 1853 3853 ambu-

258 3889 377 3943 lant
402 3890 590 3959 pedes,
624 3905 720 3945 eos
758 3890 849 3959 qui
918 3891 1222 3946 abutuntur
1269 3893 1583 3963 evangelica
1617 3893 1747 3956 vita,
1798 3902 1854 3948 et

257 3981 429 4035 vitam
455 3990 735 4037 sectantur
768 3982 994 4037 solidam
1017 3992 1071 4038 et
1100 3984 1461 4050 immundam,
1499 3984 1847 4055 signiﬁcent;

259 4071 511 4127 dividere
540 4082 724 4126 autem
780 4073 1061 4143 ungulam,
1124 4076 1266 4128 sicut
1336 4073 1425 4128 hic
1486 4071 1849 4143 Septuaginta

259 4164 474 4228 dicunt,
502 4165 595 4219 sed
622 4180 731 4219 non
763 4165 1063 4231 ruminare,
1090 4165 1140 4219 id
1164 4177 1250 4220 est
1270 4166 1464 4237 legem,
1490 4166 1851 4236 quemadmo-

260 4254 393 4309 dum
433 4264 670 4323 oportet.
737 4256 1012 4322 meditari,
1069 4265 1125 4311 et
1184 4257 1421 4311 litteram
1483 4256 1732 4312 dividere
1783 4257 1851 4313 ab

262 4346 481 4417 Spiritu,
506 4348 598 4403 sed
630 4363 739 4402 non
772 4365 836 4403 ea
877 4364 999 4419 quas
1038 4350 1095 4404 in
1134 4365 1198 4404 ea
1222 4350 1427 4421 scripta
1457 4356 1587 4404 sunt
1609 4350 1848 4420 operari,

262 4458 448 4514 neque
491 4444 565 4498 ita
626 4445 1044 4510 conversari,in
1092 4448 1426 4516 princedenti
1482 4447 1849 4503 ostendimus.

258 4535 419 4592 Unde
446 4539 754 4593 necessarie
782 4553 973 4594 eorum
1034 4539 1348 4604 morticina,
1384 4540 1439 4595 id
1468 4549 1550 4596 est
1579 4539 1846 4606 actiones,

1955 3338 2242 3393 morticina
2266 3346 2395 3392 sunt
2430 3336 2481 3390 bi
2529 3336 2729 3405 quibus
2796 3334 3052 3389 manibus
3120 3330 3400 3402 imposuit,
3480 3329 3535 3383 in

1956 3432 2090 3502 ipsis
2120 3431 2266 3486 enim
2301 3430 2503 3501 patitur
2538 3427 2745 3498 peccati
2780 3437 3035 3481 mortem.
3067 3424 3168 3490 Qui
3201 3439 3331 3494 ergo
3367 3422 3539 3493 tangit

1954 3540 2040 3587 ea,
2060 3530 2115 3579 et
2140 3524 2230 3593 qui
2263 3521 2522 3577 levaverit
2552 3535 2617 3576 ex
2644 3521 2744 3584 eis,
2800 3530 2948 3574 recte
2970 3517 3260 3587 polluitur;
3298 3516 3388 3586 qui
3418 3513 3539 3585 qui-

1954 3619 2077 3671 dem
2114 3616 2283 3687 tangit
2305 3630 2390 3680 ea,
2424 3614 2477 3668 id
2510 3622 2615 3675 est,
2655 3613 2747 3682 qui
2780 3618 3160 3674 conversatur,
3186 3609 3354 3673 dicit;
3409 3608 3537 3677 quia

1954 3710 2271 3764 nullatenus
2358 3714 2737 3777 competenter
2793 3702 3116 3773 dignitatem
3160 3702 3533 3769 arripuerunt,

1953 3812 2115 3866 quant
2141 3804 2518 3864 cauponantes
2547 3793 2677 3848 olim
2713 3791 3052 3852 omnimodo,
3081 3804 3180 3861 per
3212 3789 3353 3844 hanc
3371 3788 3537 3859 justi-

1955 3888 2097 3943 ﬁcati
2118 3897 2276 3952 sunt,
2303 3887 2348 3941 si
2385 3895 2506 3955 post
2524 3887 2640 3941 haec
2666 3886 2721 3940 in
2748 3884 2988 3955 antiquis
3026 3883 3407 3954 iniquitatibus
3425 3898 3536 3938 non

1954 3984 2330 4045 permaneant.
2360 3973 2464 4028 Sed
2485 3975 2644 4045 etqui
2679 3974 2977 4044 portaverit
3001 3991 3067 4029 ex
3097 3974 3201 4039 his,
3227 3972 3393 4027 veluti
3414 3987 3541 4042 por-

1955 4078 2079 4125 tans
2111 4069 2306 4124 falsum
2348 4069 2747 4134 testimonium,
2772 4069 3118 4139 perhibendo
3176 4076 3231 4123 ct
3288 4068 3537 4123 docendo

1954 4162 2201 4233 dignum,
2234 4163 2329 4232 qui
2366 4163 2751 4233 indignusest.

2026 4258 2337 4313 Immundas
2367 4258 2466 4310 erit
2483 4273 2644 4327 usque
2668 4256 2738 4309 ad
2757 4271 3049 4325 vesperam.
3071 4253 3247 4321 Quam
3283 4253 3537 4325 superius

1952 4350 2193 4405 diximus
2244 4348 2647 4419 paenitentiam.
2699 4348 2916 4404 Lavans
2973 4356 3157 4402 autem
3208 4345 3537 4402 vestimenta

1953 4442 2330 4498 mundabitur.

2022 4534 2188 4590 Vens.
2220 4531 2409 4588 99—31.
2443 4550 2463 4582 ‹
2498 4531 2614 4588 Hoc
2644 4545 2861 4602 quoque
2889 4530 3032 4585 inter
3055 4528 3259 4599 polluta
3322 4534 3543 4596 reputa-

262 4632 320 4686 ξε)
356 4632 558 4702 quibus
579 4632 787 4702 peccati
816 4644 991 4689 morte
1022 4635 1315 4700 intereunt,
1346 4635 1533 4708 fugere
1561 4635 1845 4705 praecepit,
1882 4612 1926 4668 Ῑ)
1955 4627 2122 4690 bitur.
2152 4629 2220 4683 de
2253 4628 2340 4682 his
2378 4640 2499 4697 quae
2552 4630 2845 4679 ῐηονθῐιῑιιτ
2880 4621 2935 4675 in
2969 4631 3135 4683 ῐθτην
3171 4618 3430 4679 πιυεῐε¹³ν
3484 4622 3543 4669 εί

260 4732 318 4779 et
346 4724 501 4778 nullo
534 4726 695 4779 modo
723 4725 1035 4796 participari
1079 4726 1304 4791 talibus,
1358 4742 1460 4782 nec
1523 4728 1847 4799 contingere

259 4829 345 4869 ea.
388 4814 507 4869 Non
545 4816 718 4870 solum
741 4823 925 4871 autem
978 4825 1288 4887 tangentes,
1324 4818 1418 4873 sed
1456 4827 1510 4874 et
1533 4827 1845 4889 portantes,

260 4916 358 4963 aut
386 4909 719 4979 accipientes
760 4910 1037 4980 quidpiam
1063 4927 1129 4965 ex
1186 4910 1265 4965 eis
1296 4911 1637 4981 polluuntur.
1666 4913 1853 4970 Portat

261 5006 445 5051 autem
469 5008 711 5068 peccata,
741 5000 831 5068 qui
855 5000 988 5055 dicit
1027 5000 1230 5053 malum
1263 4999 1488 5066 bonum,
1514 5010 1570 5056 et
1600 5018 1847 5057 amarum

260 5090 444 5154 dulce,
476 5100 531 5145 et
557 5092 812 5147 tenebras
842 5093 1041 5159 lucem,
1087 5093 1233 5163 quod
1266 5091 1415 5148 Isaia:
1446 5096 1730 5164 prophetae
1758 5111 1849 5149 re-

262 5185 627 5254 prehenditur
654 5201 788 5240 voce
827 5186 895 5252 “,
930 5186 1057 5256 quia
1108 5202 1205 5257 per
1237 5186 1341 5241 hoc
1375 5202 1639 5241 exercens
1684 5186 1850 5242 alium

262 5276 332 5330 ad
369 5277 739 5347 iniquitatem,
772 5279 1083 5335 etinvitans
1112 5281 1179 5335 ad
1232 5280 1434 5334 malum
1469 5296 1497 5334 a
1530 5296 1640 5351 quo
1671 5281 1853 5351 prohi-

263 5367 699 5433 beredebuerat,
735 5384 902 5438 super
927 5371 1283 5440 semetipsum
1324 5372 1728 5440 quodammodo
1758 5387 1852 5426 su-

264 5458 428 5529 scipit
454 5461 666 5531 jugum.
699 5461 819 5517 Non
851 5454 1037 5517 autem
1099 5472 1316 5534 oportet
1368 5465 1681 5536 quempiam
1720 5481 1851 5535 pec-

266 5560 449 5607 catum
492 5554 718 5608 alterius
758 5554 813 5608 in
856 5554 1210 5625 semetipsum
1258 5558 1555 5612 transferre
1589 5575 1600 5609 :
1636 5558 1708 5612 ob
1750 5559 1852 5613 hoc

263 5644 414 5699 enim
447 5653 503 5700 et
533 5646 701 5702 David
736 5647 815 5702 ait
848 5662 860 5699 :
912 5648 980 5702 Et
1010 5648 1073 5702 ab
1104 5649 1295 5703 alienis
1323 5665 1479 5718 parce
1498 5666 1643 5706 servo
1666 5659 1755 5705 tuo
1786 5652 1853 5707 δ’.

337 5834 683 5927 ’Προικηηιρ
712 5851 909 5917 ΞΟ,2Ι.
988 5852 1036 5927 δῖ
1059 5851 1270 5927 Nullum
1300 5870 1380 5919 ιιι,
1420 5856 1498 5909 l7.
1579 5857 1623 5888 ⁸ο
1656 5856 1855 5927 Ephcs.
1895 5873 1965 5921 vr,
2001 5855 2080 5910 1‘2.
2159 5855 2198 5886 “
2231 5853 2333 5908 lsa.
2372 5870 2421 5917 v,
2446 5868 2459 5906 ι
2483 5866 2632 5919 seqq.
2716 5846 2759 5877 δ’
2787 5843 2927 5898 Psal.
2962 5858 3117 5907 xviii,
3150 5839 3237 5895 Μ.

269 5935 414 5984 xxix,
452 5921 504 5975 6.
582 5922 626 5953 ⁸⁸⁵
654 5922 810 5977 Prov.
846 5938 970 5985 xxx,
1008 5922 1096 5977 24.

1955 4736 2100 4785 mus,
2142 4728 2197 4775 et
2260 4719 2591 4781 crocodilus,
2660 4715 2875 4787 singula
2925 4713 3077 4783 juxta
3125 4726 3299 4783 genus
3354 4725 3539 4775 suum,

1958 4812 2176 4884 μυγάλη
2209 4806 2920 4873 εῐοιιειιηιειθοιι,θιειειιῑο,
2950 4819 3013 4859 ac
3043 4804 3266 4865 lacerta,
3290 4811 3344 4856 et
3378 4801 3521 4871 talpa

1958 4907 2143 4961 omnia
2184 4906 2319 4972 haec,
2342 4903 2625 4958 immunda
2655 4909 2804 4957 sunt.
2848 4899 2953 4966 Qui
2986 4897 3227 4969 tetigerit
3251 4895 3544 4951 morticina

1959 5016 2173 5062 eorum,
2201 4998 2517 5054 immundus
2543 4997 2649 5051 erit
2671 5010 2846 5065 usque
2877 4994 2944 5049 ad
2984 5006 3301 5062 vesperum.
3341 5009 3360 5041 ι

2034 5094 2144 5149 Nec
2184 5108 2331 5147 nunc
2402 5090 2497 5145 Dei
2558 5097 2873 5144 creaturam
2923 5086 3200 5158 legislator
3252 5096 3542 5150 accusans,

1964 5186 2242 5241 immunda
2276 5182 2467 5239 haberi
2500 5183 2615 5236 haec
2648 5180 2913 5251 praecepit
2945 5176 3225 5240 animalia;
3255 5186 3383 5229 nam
3406 5188 3547 5243 quo-

1962 5279 2127 5334 modo
2158 5293 2219 5333 ea
2260 5277 2367 5331 alio
2398 5275 2601 5331 divina:
2627 5272 2925 5342 Scriptura:
2971 5270 3090 5324 loco
3130 5266 3375 5336 reperies
3424 5281 3547 5320 esse

1960 5374 2173 5429 laudata
2205 5373 2228 5425 ?
2266 5371 2525 5425 Salomon
2550 5366 2751 5438 quippe
2784 5366 2837 5419 in
2865 5362 3177 5417 Proverbiis
3204 5358 3337 5414 dicit
3359 5376 3373 5412 :
3398 5358 3548 5423 Qua-

1965 5477 2083 5521 tuor
2135 5475 2255 5519 sunt
2303 5464 2525 5518 minima
2583 5470 2760 5521 terrae,
2795 5469 2844 5513 et
2900 5459 3011 5511 Iure
3044 5465 3165 5510 sunt
3220 5454 3547 5524 sapientiora

1963 5556 2372 5628 sapientibus“.
2401 5554 2545 5609 Inter
2570 5569 2692 5623 qua:
2748 5553 3016 5621 leporem,
3071 5550 3186 5602 sive
3246 5544 3546 5601 secundum

1967 5651 2345 5723 Septuaginta,
2414 5648 2732 5703 crinaceum
2757 5654 2811 5700 et
2842 5644 3148 5699 stellioncm
3173 5633 3543 5708 computavit:

3338 5836 3377 5869 “
3403 5834 3541 5890 l'sal.
