3946 6430
481 421 590 494 915

1667 431 1962 494 HESYCH
1975 432 2028 492 [Ι
2072 430 2547 494 PRESBYTEBI

3652 412 3774 479 916

482 559 718 617 quorum
741 560 911 601 unum
941 545 1197 618 superius
1233 559 1358 602 cum
1424 545 1633 601 camelo
1659 554 1715 601 et
1745 546 1952 616 lepore,
2001 554 2059 600 ut
2089 550 2131 609 Α
2161 556 2438 601 caecantur
2465 545 2629 600 oculi.
2685 543 2820 612 Quia
2855 558 2984 616 ergo
3027 542 3083 598 in
3115 541 3201 597 bis
3215 539 3414 597 animae
3479 535 3774 606 contingit

483 637 854 704 immundum,
885 638 970 694 lex
1004 638 1302 694 accusavit.
1359 637 1638 694 Stellionis
1689 649 1872 694 autem
1915 654 2062 694 nunc

483 731 822 788 mentionem
847 731 998 788 fecit.
1033 732 1151 787 Non
1169 748 1299 804 ergo
1329 743 1523 788 natura
1565 749 1754 788 eorum
1785 733 2063 788 immunda

482 835 588 890 εει,
639 827 732 882 εεά
761 843 864 882 nec
889 828 1068 883 omnis
1106 829 1289 894 actio;
1319 846 1442 884 nam
1477 830 1754 900 quomodo
1810 838 2065 900 poterant

485 915 586 970 ista
616 915 864 971 laudari?
893 916 1001 973 Sed
1038 919 1287 989 quedam
1314 920 1457 974 circa
1495 922 1614 990 ipsa
1649 930 1780 975 sunt
1815 919 2063 974 actiones

483 1016 627 1074 aptae
669 1006 1139 1064 irrationabilibus
1187 1010 1519 1065 animalibus
1563 1019 1618 1065 ει
1674 1025 1796 1080 qua:
1853 1010 2064 1064 nullum

481 1083 751 1163 judicium
795 1097 1040 1167 exigunt,
1087 1113 1210 1168 qua:
1275 1115 1379 1158 nec
1406 1099 1564 1155 nobis
1585 1111 1726 1171 aptze
1761 1110 1910 1168 sunt,
1962 1115 2064 1155 nec

485 1185 704 1255 proprie
734 1197 936 1242 nostrae
961 1198 1122 1244 sunt:
1153 1201 1316 1261 atque
1349 1202 1635 1263 propterea
1667 1194 1930 1263 quandoa
1961 1209 2066 1246 no-

445 1347 453 1352 _
483 1276 570 1331 bis
586 1278 1000 1350 continguntur,
1022 1281 1332 1339 immundos
1357 1296 1459 1340 nos
1487 1285 1715 1341 faciunt.
1743 1287 1845 1340 Per
1864 1297 2064 1340 terram

485 1383 617 1424 vero
651 1384 863 1440 repere,
891 1386 1000 1425 non
1029 1380 1113 1427 est
1170 1374 1478 1438 hominum,
1511 1359 1713 1446 quibus
1744 1391 2065 1432 concessum

485 1470 570 1515 est
600 1471 659 1516 ut
687 1464 821 1517 recti
866 1464 1148 1531 incedant,
1198 1468 1508 1538 cmlumque
1541 1470 1876 1540 respiciant:
1916 1469 2062 1539 quia,

487 1567 656 1624 super
687 1563 886 1610 terram
922 1571 1112 1628 repere
1135 1599 1150 1624 ,
1185 1567 1268 1613 est
1304 1561 1522 1616 sordida
1552 1577 1716 1632 opera
1743 1569 2068 1630 terrenaque

488 1663 701 1717 gerere.
733 1647 866 1715 Quae
887 1665 985 1720 per
1013 1650 1377 1707 dtﬂ‘erentiam
1403 1655 1739 1720 animalium,
1772 1671 1892 1725 quae
1921 1671 2069 1711 nunc

487 1740 829 1796 dinumerata
850 1751 977 1796 sunt
996 1744 1272 1815 legislator
1292 1746 1648 1818 signiﬁcavit;
1673 1749 1748 1801 ait
1776 1747 1919 1802 enim
1951 1749 2028 1804 sic
2051 1765 2064 1802 :

560 1831 674 1886 Hoc
707 1850 912 1904 quoque
940 1835 1076 1889 inter
1103 1836 1312 1906 polluta
1345 1839 1699 1909 reputabitur,
1727 1841 1792 1894 de
1823 1841 1901 1894 his
1953 1855 2068 1911 qua:

485 1935 763 1978 "laventur
791 1927 1034 1982 interra.
1066 1927 1186 1984 Non
1238 1931 1364 2000 quia
1426 1933 1604 2002 aliqua
1630 1934 1877 2003 repentia
1935 1944 2065 1988 sunt

484 2014 707 2080 munda,
741 2025 905 2072 Omne
943 2018 1092 2073 enim
1123 2036 1261 2089 opus
1286 2023 1429 2092 quod
1459 2039 1558 2093 per
1600 2033 1798 2079 terram
1843 2026 1983 2095 repit
2011 2035 2066 2081 et

486 2105 749 2172 trahitur,
775 2107 895 2164 sine
929 2109 1096 2165 dubio
1129 2111 1472 2170 immundum
1503 2125 1609 2170 est.
1642 2117 1874 2187 Propter
1918 2122 2064 2188 quod

483 2195 686 2252 Paulus
713 2198 840 2253 talia
869 2199 937 2255 de
965 2200 1050 2256 bis
1090 2204 1183 2273 qui
1214 2217 1384 2276 agunt
1409 2223 1493 2270 ea,
1527 2208 1746 2263 dicebat
1775 2229 1787 2263 :
1818 2209 2052 2274 Quorum

485 2285 627 2340 Deus
660 2296 842 2342 uenter
883 2300 980 2355 est,
1009 2303 1058 2346 et
1096 2295 1268 2364 gloria
1302 2297 1356 2350 in
1388 2300 1689 2369 confusione
1717 2317 1918 2367 eorum,
1975 2305 2064 2371 qui

485 2386 696 2433 terrena
739 2383 1044 2452 sapiunt“.
1103 2386 1187 2441 Ad
1255 2389 1417 2458 hujus
1443 2402 1625 2446 autem
1686 2395 2063 2463 probationem

483 2471 649 2539 paulo
672 2482 796 2541 post
833 2474 1081 2533 invenies
1099 2478 1465 2549 lcgislatorem
1499 2483 1777 2539 dicentem
1811 2504 1822 2540 :

555 2561 720 2620 Omne
737 2569 876 2636 quod
893 2578 1064 2639 reptat
1108 2588 1266 2641 super
1313 2583 1532 2642 terram,
1561 2577 1916 2635 abominabile
1941 2583 2062 2648 erit,

483 2674 579 2712 nec
598 2660 899 2716 adsumitur
924 2665 977 2717 in
1000 2663 1193 2720 cibum.
1217 2665 1359 2739 Ergo
1376 2684 1577 2740 genera
1610 2687 1757 2727 nunc
1784 2674 2061 2742 reptilium

483 2750 878 2822 dinumeravit,
903 2771 1013 2810 non
1042 2758 1188 2828 quod
1223 2759 1329 2815 alia
1386 2761 1500 2815 sint
1523 2763 1744 2829 munda,
1807 2765 1913 2820 alia
1959 2767 2065 2821 im-

482 2844 711 2910 munda,
752 2847 850 2901 sed
884 2857 942 2902 ut
958 2864 1054 2918 per
1072 2850 1187 2905 haec
1210 2863 1614 2922 consequenter
1638 2856 1852 2925 reptilia
1876 2859 2063 2928 respui

484 2932 782 2996 discamus.
815 2951 882 2991 ex
925 2938 1119 2993 horum
1152 2941 1258 2996 vita
1285 2958 1450 2997 onme
1504 2960 1678 3014 genus
1704 2947 2065 3016 conjicientes

485 3028 782 3096 reptilium.
832 3030 1060 3087 Mustela
1085 3035 1230 3088 enim
1283 3038 1484 3092 animal
1538 3048 1622 3093 est
1680 3040 1948 3108 dolosum,
2011 3052 2068 3098 et

487 3119 642 3173 valde
672 3120 834 3176 furtis
869 3138 1090 3179 vacans.
1122 3125 1242 3181 Mus
1291 3138 1519 3198 propter
1547 3131 1752 3186 ventris
1772 3132 2064 3204 ingluviem

484 3211 655 3308 multa
686 3213 926 3308 quotidie
958 3216 1199 3285 pericula
1263 3219 1518 3275 sustinet.
1573 3220 1892 3277 Crocodilus
1944 3224 2064 3278 duri
2094 3253 2135 3308 ε

492 3303 654 3369 corii,
687 3312 742 3359 et
760 3306 1066 3364 malitiosus
1115 3318 1218 3376 est,
1261 3311 1483 3382 lutoque
1529 3314 1792 3383 pascitur.
1833 3316 2064 3386 Μυγάλη

481 3396 686 3452 animal
710 3407 797 3454 est
822 3401 1209 3470 compositum,
1239 3420 1351 3458 non
1399 3415 1614 3474 natura,
1645 3408 1742 3462 sed
1779 3409 1906 3463 vitae
1932 3423 2066 3463 con-

484 3487 692 3544 di‘tione
715 3491 779 3545 ad
810 3493 1167 3550 deridendum
1187 3506 1396 3566 aptum,
1423 3498 1474 3553 id
1501 3510 1605 3562 est,
1637 3501 1864 3556 utdolos
1883 3501 2063 3566 faciat,

482 3589 540 3634 et
577 3582 771 3652 rapiat,
797 3593 1156 3656 ventremque
1185 3589 1431 3658 repleat:
1479 3601 1702 3661 propter
1727 3593 1872 3662 quod
1914 3609 2067 3648 com-

487 3673 722 3743 positum
772 3692 971 3731 nomen
1011 3681 1226 3748 accepit
1297 3695 1366 3736 ex
1428 3692 1660 3752 utroque
1697 3685 1940 3751 animali,
2001 3702 2065 3740 ex

484 3779 596 3834 quo
629 3765 745 3821 haec
778 3766 943 3822 habet
975 3769 1127 3824 vitia.
1156 3770 1488 3827 Chameleon
1539 3775 1591 3827 in
1637 3774 1780 3829 malo
1838 3775 2068 3830 misere-

485 3857 612 3922 scit,
641 3867 829 3928 etpra:
857 3858 1174 3918 inﬁrmitate
1209 3873 1560 3919 mansuetum
1608 3882 1729 3921 esse
1771 3882 1832 3922 se
1889 3866 2063 3938 ﬁngit,

484 3963 607 4002 cum
645 3949 719 4003 sit
752 3949 1176 4007 immansuetum
1205 3954 1425 4010 animal.
1446 3956 1654 4022 Stellio,
1687 3958 1737 4012 id
1757 3968 1860 4024 est,
1888 3960 2064 4012 ἀσκα-

481 4037 757 4109 λαὸὡτης,
781 4038 946 4095 nim-is
983 4042 1202 4111 quidem
1252 4045 1534 4113 parvulus,
1577 4047 1663 4100 vel
1701 4048 2065 4111 miserrimus,

484 4147 794 4189 venenosus
848 4142 1029 4189 tamen
1059 4147 1162 4190 est.
1206 4136 1428 4190 Lacerta
1461 4137 1514 4190 in
1543 4138 1810 4206 sepulcris
1834 4140 2061 4194 habitat.

484 4223 654 4294 Talpa
689 4241 898 4282 caecum
928 4237 1012 4282 est
1042 4228 1245 4282 animal
1276 4229 1422 4299 quod
1451 4230 1518 4284 de
1547 4241 1690 4284 terra
1715 4241 2012 4300 generatur
2046 4251 2058 4286 :

484 4315 676 4371 dicunt
712 4317 858 4372 enim
893 4333 1014 4373 eam
1059 4319 1128 4373 de
1161 4327 1302 4372 terra
1347 4319 1507 4374 simul
1554 4328 1609 4373 et
1639 4318 1822 4388 pluvia
1890 4321 2064 4375 creari

482 4417 741 4478 corrupto
792 4409 928 4475 luto,
974 4425 1099 4465 cum
1149 4410 1302 4480 prius
1362 4410 1603 4480 pluviam
1653 4411 1906 4481 suscipit.
1937 4411 2064 4467 Ηιεε

479 4515 612 4572 ergo
643 4501 922 4558 immunda
957 4512 1085 4557 sunt
1113 4503 1179 4557 de
1217 4503 1476 4558 omnibus
1524 4519 1646 4572 quae
1680 4513 2064 4574 repuntsuper

2164 654 2330 704 mors,
2362 639 2649 695 morticina
2676 648 2822 694 recte
2851 637 3240 693 nominantur:
3272 643 3328 690 et
3353 650 3449 704 qui
3465 648 3531 688 ea
3552 632 3765 701 tangit.

2165 734 2218 788 id
2285 743 2390 798 est,
2444 733 2537 803 qui
2597 733 2653 788 in
2677 733 2758 789 eis
2788 732 3070 804 polluitur,
3102 731 3244 788 sicut
3277 729 3558 786 etPaulus
3626 727 3717 782 ait
3753 743 3771 778 :

2165 823 2368 878 Bonum
2407 834 2481 880 est
2527 825 2728 880 homini
2751 825 3023 880 mulierem
3053 841 3157 879 non
3200 833 3420 894 tangere
3456 822 3524 888 “,
3560 817 3778 891 procul

2165 914 2331 970 dubio
2369 915 2684 971 immundus
2719 925 2824 971 est.
2851 916 2995 971 Nihil
3026 916 3176 971 enim
3216 916 3295 970 sic
3317 913 3606 968 hominem
3646 906 3778 979 pol-

2165 1006 2286 1070 luit,
2331 1015 2388 1060 ut
2419 1016 2726 1077 peccatum.
2771 1007 2956 1077 Usque
2988 1007 3117 1062 dum
3182 1021 3410 1075 veSpera
3469 1003 3773 1060 veniente.

2166 1099 2234 1154 de
2273 1115 2377 1169 qua
2405 1099 2570 1156 David
2593 1101 2808 1155 dicebat
2843 1119 2856 1154 :
2914 1101 2996 1154 Ad
3058 1117 3330 1170 vesperum
3384 1096 3778 1152 demorabitur

2165 1195 2320 1262 ﬂetus
2343 1193 2424 1259 ιτς
2479 1194 2558 1248 ait
2619 1205 2802 1249 autem
2873 1195 2941 1250 de
3005 1193 3326 1266 poenitentia
3368 1187 3721 1261 intelligibili
3754 1205 3774 1240 :

2167 1287 2545 1358 purificatione
2575 1288 2868 1343 diluamus.

2237 1377 2399 1433 Vens.
2429 1378 2520 1441 52,
2554 1379 2642 1434 35.
2672 1399 2690 1431 ι
2713 1379 2775 1432 Ει
2809 1395 2975 1450 super
3002 1379 3147 1449 quod
3176 1376 3435 1433 ceciderit
3449 1373 3780 1446 quidquam

2168 1472 2236 1526 de
2271 1470 2573 1525 morticinis
2604 1487 2817 1535 eorum,
2838 1470 3122 1541 polluitur,
3161 1479 3270 1524 tam
3310 1482 3404 1523 vas
3425 1467 3688 1537 ligneum
3721 1470 3780 1516 et

2169 1563 2580 1626 vestimentum,
2613 1577 2774 1629 quam
2811 1562 2966 1631 pellis
3010 1569 3066 1616 et
3097 1560 3338 1614 cilicium
3379 1575 3392 1612 :
3427 1566 3488 1612 et
3523 1557 3584 1610 in
3625 1570 3781 1624 quo-

2169 1669 2386 1724 cunque
2438 1654 2496 1707 ﬁt
2527 1669 2685 1724 opus,
2729 1655 3010 1724 tiugentur
3071 1668 3210 1722 aqua
3251 1661 3308 1706 et
3340 1650 3553 1721 polluta
3595 1653 3779 1702 erunt

2171 1762 2342 1817 usque
2367 1746 2432 1800 ad
2472 1762 2778 1815 vesperam,
2808 1755 2864 1800 ει
2928 1747 3007 1801 sic
3030 1757 3222 1816 postea
3299 1759 3389 1798 mu
3404 1742 3775 1797 ndabuntur.

2173 1839 2279 1895 Vas
2307 1849 2488 1894 autem
2524 1839 2710 1902 ﬁctile,
2744 1840 2798 1892 in
2835 1839 2979 1909 quod
3027 1839 3222 1894 horum
3253 1837 3556 1908 quidquam
3624 1835 3784 1888 intro

2171 1931 2452 1995 ceciderit,
2484 1932 2782 2002 polluetur,
2847 1941 2898 1986 et
2934 1930 3142 1986 idcirco
3189 1927 3559 2000 frangendum
3591 1933 3709 1978 est.
3754 1941 3777 1974 ι

2240 2024 2564 2080 Admirabili
2605 2023 3058 2078 divisioneetiam
3093 2038 3239 2078 nunc
3257 2021 3432 2076 utitur
3451 2017 3780 2088 legislator;

2180 2115 2309 2185 quia
2376 2115 2522 2170 enim
2581 2114 2876 2184 aliquando
2934 2129 2999 2168 ex
3050 2111 3402 2183 negligentia,
3454 2105 3782 2177 aliquando

2167 2222 2460 2278 peccamus
2490 2222 2558 2261 ex
2585 2220 2752 2276 opere
2808 2205 3180 2275 malorumque
3224 2204 3431 2267 studio,
3486 2203 3648 2256 sicut
3698 2200 3780 2254 illi

2168 2300 2236 2353 de
2271 2299 2470 2369 quibus
2498 2296 2756 2352 Salomon
2790 2297 2844 2350 in
2885 2295 3191 2352 Proverbiis
3212 2296 3429 2352 dicebat
3461 2309 3480 2348 :
3511 2292 3626 2350 Cui
3663 2294 3780 2348 var!

2167 2391 2332 2461 Cujus
2361 2391 2503 2461 patri
2537 2407 2615 2445 ste
2630 2391 2659 2444 2
2695 2391 2779 2443 cui
2811 2390 2946 2444 irw?
2978 2390 3062 2443 cui
3097 2391 3228 2443 rixa:
3250 2390 3276 2443 .9
3306 2391 3390 2443 cui
3421 2390 3541 2443 sine
3594 2404 3778 2441 causa

2168 2484 2528 2538 eulnera?cui
2552 2483 2768 2553 suffusio
2814 2483 3088 2536 oculorum
3113 2484 3138 2537 ?
3167 2482 3361 2537 Nonne
3399 2483 3480 2536 his
3519 2483 3620 2548 qui
3656 2490 3778 2534 stu-

2169 2577 2291 2630 dent
2317 2575 2435 2630 uino
2474 2583 2728 2630 etuacaut
2763 2575 3021 2628 calicibus
3049 2575 3329 2644 epotandis
3345 2563 3428 2628 “i
3460 2573 3648 2628 Recte
3671 2573 3778 2626 hos

2173 2669 2320 2723 inter
2345 2683 2439 2723 eos
2477 2668 2572 2737 qui
2606 2677 2834 2738 tangunt
2857 2668 3168 2730 morticina,
3195 2667 3401 2738 posuit.
3443 2665 3550 2732 Qui
3631 2680 3774 2719 vero

2172 2777 2269 2832 per
2301 2760 2648 2817 evenientem
2679 2760 2876 2816 animae
2919 2761 3332 2832 negligentiam,
3364 2768 3420 2814 et
3452 2759 3526 2813 ob
3559 2767 3775 2828 stupo-

2171 2870 2286 2909 rem
2324 2854 2707 2923 defectumque
2728 2853 2994 2908 virtutum
3025 2853 3371 2923 delinquunt,
3394 2851 3771 2922 quemadmo-

2172 2947 2302 3000 dum
2383 2945 2549 3000 David
2615 2960 2846 3016 surgens
2905 2945 3128 3000 meridie
3166 2945 3235 2999 de
3297 2953 3467 2998 strato
3505 2958 3642 3008 suo,
3717 2951 3773 2996 et

2171 3036 2458 3089 ambulans
2493 3034 2548 3088 in
2595 3033 2816 3098 solario,
2857 3043 2913 3089 et
2949 3033 3092 3090 Urize
3127 3050 3355 3089 uxorem
3383 3035 3670 3088 lavantem
3709 3048 3770 3087 se

2171 3127 2382 3187 videns.
2422 3136 2668 3196 captusa
2699 3127 2931 3182 muliere
2991 3135 3096 3192 est,
3136 3143 3258 3197 quae
3315 3126 3480 3182 nimis
3524 3126 3768 3197 pulchra

2171 3228 2305 3285 erat,
2336 3218 2777 3288 quiadulterium
2809 3218 2971 3273 simul
3020 3219 3485 3288 bomicidiumque
3521 3218 3770 3273 commi-

2171 3312 2261 3372 sit,
2299 3312 2351 3365 in
2387 3312 2486 3366 hos
2514 3311 2710 3366 cadere
2739 3311 3026 3366 morticina
3069 3311 3347 3365 dicuntur.
3385 3309 3574 3380 Neque
3609 3311 3767 3365 enim

2171 3405 2270 3475 ipsi
2313 3406 2378 3459 ad
2409 3415 2693 3475 peccatqu
2720 3405 3143 3468 festinaverunt,
3173 3405 3269 3459 sed
3320 3404 3652 3459 inciderunt
3710 3405 3766 3458 in

2170 3496 2269 3561 eis,
2302 3505 2356 3550 et
2385 3494 2788 3565 quodammodo
2860 3508 3028 3564 super
3088 3510 3147 3548 se
3205 3494 3408 3548 cadens
3460 3503 3764 3564 peccatum

2169 3587 2497 3658 suscipiunt.
2523 3585 2661 3653 Quia
2691 3595 2872 3641 autem
2909 3587 3137 3641 omnino
3155 3596 3540 3657 susceperunt,
3569 3596 3764 3642 etnon

2168 3681 2509 3746 restiterunt,
2539 3688 2827 3750 propterea
2857 3689 3007 3734 recte
3041 3680 3310 3734 immundi
3337 3690 3486 3745 sunt.
3527 3690 3641 3736 tam
3664 3697 3764 3737 vas

2171 3774 2420 3844 ligneum
2460 3782 2516 3828 et
2547 3772 2960 3836 vestimentum,
3003 3788 3167 3842 quam
3193 3772 3352 3843 pellis
3382 3784 3438 3828 et
3465 3773 3754 3828 cilicium:

2169 3863 2222 3918 id
2257 3871 2360 3926 est,
2388 3862 2503 3918 sive
2529 3877 2680 3917 oram
2740 3862 2918 3916 levem
2960 3863 3250 3930 quamdam
3314 3871 3369 3916 et
3408 3863 3754 3917 mediocrem

2168 3954 2387 4017 habeat,
2417 3951 2543 4006 talia
2573 3959 2705 4006 sunt
2735 3951 2882 4004 enim
2908 3967 3036 4004 vasa
3061 3950 3260 4018 lignea,
3295 3961 3387 4005 aut
3419 3952 3490 4006 ad
3532 3952 3760 4022 tingen-

2167 4045 2294 4099 dum
2361 4041 2742 4105 suﬂicientcm,
2812 4041 2955 4095 sicut
2997 4051 3082 4094 est
3142 4041 3561 4106 vestimentum,
3636 4042 3756 4095 sive

2168 4136 2463 4207 patientem
2482 4173 2496 4195 ,
2521 4149 2682 4203 quam
2719 4132 2877 4201 pellis
2905 4132 3199 4203 signiﬁcat,
3220 4132 3336 4186 sive
3357 4147 3479 4187 eam
3517 4134 3657 4202 quae:
3671 4139 3756 4186 est

2167 4227 2508 4298 patientium,
2550 4226 2689 4279 hanc
2721 4224 2867 4278 enim
2899 4224 3157 4285 cilicium.
3187 4227 3304 4278 sive
3318 4240 3509 4279 saccus
3524 4224 3744 4292 signiﬁ-

2166 4329 2273 4373 cat.
2312 4317 2549 4373 Omnino
2576 4323 2760 4371 autem
2791 4332 2884 4370 vas
2919 4325 3024 4380 est,
3069 4318 3121 4371 in
3153 4332 3264 4386 quo
3293 4332 3432 4386 opus
3455 4318 3633 4386 possit
3667 4317 3750 4388 agi

2180 4410 2426 4474 virtutis;
2468 4409 2547 4464 sic
2581 4408 3002 4479 enimintelligis
3052 4409 3104 4462 in
3138 4425 3466 4478 quocunque
3492 4408 3550 4462 ﬁt
3584 4425 3746 4479 opus.

2237 4500 2453 4554 Polluta
2477 4509 2628 4553 erunt
2659 4516 2818 4570 usque
2857 4501 2928 4554 ad
2958 4516 3246 4569 vesperam.
3297 4500 3353 4557 ld
3409 4515 3512 4566 est,
3576 4517 3753 4573 usque

481 4603 706 4662 terram,
730 4606 839 4650 non
865 4595 990 4665 quia
1031 4595 1134 4650 alia
1181 4611 1291 4650 non
1327 4604 1475 4650 sunt.
1511 4595 1742 4666 Propter
1776 4597 1922 4666 quod
1949 4597 2065 4666 pol-
2094 4592 2140 4650 D
2171 4599 2385 4660 tempus
2402 4590 2759 4660 poenitentiae.
2806 4589 3072 4662 Tingetur
3144 4601 3328 4646 autem
3356 4607 3497 4662 aqua
3517 4593 3748 4656 lavacri.

479 4687 744 4743 lutionem
777 4689 1037 4759 majorem
1071 4689 1297 4754 habent,
1345 4687 1463 4743 sive
1494 4688 1776 4742 malitiam.

549 4779 732 4834 Omnis
773 4781 864 4852 qui
922 4782 1152 4853 tetigerit
1193 4781 1475 4835 morticina
1515 4797 1716 4844 eorum,
1759 4782 2063 4836 immundus

481 4873 580 4926 erit
612 4891 773 4943 usque
795 4875 865 4927 ad
889 4891 1175 4942 vesperam.
1223 4874 1370 4929 Bene
1407 4889 1538 4944 ergo
1576 4875 1769 4943 probat
1799 4875 2063 4929 intentio-

483 4963 969 5034 uemlegislatoris
1019 4965 1136 5034 ipsa
1173 4965 1372 5019 littera.
1442 4963 1496 5018 Si
1566 4964 1713 5018 enim
1777 4965 2058 5020 immunda

483 5061 680 5105 natura
707 5062 892 5106 essent
943 5069 1006 5106 ea
1055 5070 1178 5124 quae
1210 5071 1356 5108 nunc
1387 5055 1533 5108 dicta
1590 5063 1719 5108 sunt
1779 5055 2059 5116 animalia,

480 5149 760 5211 oporteret
789 5142 1130 5197 immundum
1160 5158 1282 5198 esse
1319 5154 1375 5197 et
1418 5144 1512 5213 qui
1553 5160 1618 5198 ea
1659 5144 1896 5198 viventia
1946 5155 2062 5198 tan-

481 5241 671 5302 geret.
713 5248 861 5288 nunc
906 5241 1089 5288 autem
1117 5233 1207 5303 qui
1251 5234 1489 5304 tetigerit
1557 5235 1841 5288 morticina
1874 5252 2062 5290 eorum

483 5325 603 5394 ipse
639 5323 787 5379 solus
813 5323 1128 5380 immundus
1147 5335 1252 5379 est.
1298 5324 1590 5379 Morticiua
1622 5335 1804 5378 autem
1848 5340 2061 5388 eorum,

483 5425 614 5472 sunt
683 5418 951 5487 pra-dictae
1011 5419 1280 5483 actiones,
1337 5419 1391 5472 id
1454 5429 1538 5473 est
1594 5419 1773 5482 dolus,
1833 5421 2059 5485 lurtum,

485 5510 802 5581 duplicitas,
831 5512 948 5568 sive
997 5513 1194 5574 ironia,
1261 5522 1316 5566 et
1382 5512 1526 5567 circa
1576 5513 1680 5566 alia
1745 5515 2056 5584 occupatio,

483 5615 697 5655 necnon
744 5602 889 5658 circa
932 5612 1148 5658 terrena
1202 5603 1481 5657 festinatio
1527 5621 1539 5654 :
1599 5619 1662 5657 ex
1699 5619 1804 5673 qua
1863 5607 2063 5661 mentis

558 5813 602 5846 "
657 5815 890 5888 Philipp.
952 5836 1050 5882 ιιι,
1111 5821 1194 5874 19.

533 5817 602 5884 ,⁸⁸
657 5817 890 5884 Philipp.
952 5836 1050 5882 ιιι.
1111 5821 1194 5874 19.
1331 5817 1433 5872 ³⁸1
1488 5819 1612 5874 Cor.
1673 5836 1741 5876 vn
1776 5858 1791 5884 ,
1853 5819 1903 5874 l.

486 5893 631 5950 cvm,
670 5887 754 5941 18.

2031 5819 2071 5850 ”
2124 5815 2265 5873 Psal.
2332 5832 2502 5880 xm,
2561 5815 2614 5868 6.

2168 4684 2254 4737 vel
2289 4683 2668 4752 lacrymarum,
2710 4689 2764 4736 et
2814 4683 3186 4737 mundabitur.
3221 4683 3330 4739 Vas
3357 4693 3539 4740 autem
3559 4685 3745 4750 ﬁctile,

2165 4777 2257 4843 qui
2292 4765 2436 4831 tctus
2474 4785 2722 4830 terrenus
2745 4785 2848 4836 est,
2890 4775 2944 4829 id
2973 4785 3074 4840 est,
3111 4777 3224 4831 luto
3256 4777 3440 4832 saeculi
3480 4793 3746 4847 consper-

2165 4883 2280 4922 sus.
2344 4867 2402 4920 Ιιι
2443 4867 2547 4921 hoc
2593 4867 2639 4920 si
2718 4865 2972 4921 inciderit
3036 4867 3408 4933 morticinum,
3459 4877 3743 4939 peccatum

2164 4959 2309 5030 quod
2333 4959 2396 5014 ad
2430 4971 2658 5013 mortem
2720 4968 2822 5021 est,
2883 4959 3223 5030 interiusque
3291 4977 3415 5016 cum
3467 4972 3741 5034 penetret,

2167 5054 2586 5122 domineturquc
2621 5052 2692 5116 ei,
2726 5051 2868 5105 sicut
2931 5051 3101 5106 David
3133 5053 3348 5108 dicebat
3380 5073 3395 5110 :
3461 5053 3529 5108 Et
3574 5055 3745 5109 induit

2166 5163 2220 5199 se
2253 5145 2671 5197 maledictionem
2699 5143 2835 5196 sicut
2864 5145 3250 5210 vestimentum,
3284 5156 3332 5200 et
3357 5147 3577 5201 intrauit
3612 5148 3745 5202 sicut

2169 5255 2309 5308 aqua
2345 5239 2401 5290 in
2428 5238 2687 5290 interiora
2727 5237 2840 5306 ejus
2865 5237 2932 5304 ⁸⁸,
2988 5238 3078 5307 qui
3138 5255 3248 5292 non
3309 5240 3483 5294 solum
3538 5239 3744 5312 ingredi

2169 5331 2631 5392 maledictionem,
2662 5331 2758 5386 sed
2785 5340 2841 5386 et
2892 5331 3163 5386 dominari
3209 5333 3263 5386 in
3299 5349 3387 5399 eo,
3421 5334 3476 5388 in
3503 5350 3613 5404 quo
3662 5335 3744 5388 in~

2169 5441 2352 5495 gressa
2381 5433 2484 5489 est,
2523 5423 2656 5478 dicit
2680 5439 2694 5474 :
2730 5425 3038 5480 necessarie
3067 5425 3198 5479 illud
3226 5428 3435 5480 conteri
3461 5428 3740 5497 praecepit.

2171 5517 2359 5586 Neque
2377 5513 2522 5569 enim
2556 5513 2675 5583 ejus
2699 5512 3045 5567 immunditia
3076 5513 3236 5580 lsicut
3286 5512 3541 5577 aliorum,
3588 5512 3743 5568 facile

2171 5603 2386 5676 purgari
2416 5611 2615 5674 potest,
2637 5602 2823 5657 labore
2850 5601 3054 5673 quippe
3086 5602 3278 5668 multo,
3311 5610 3368 5657 et
3392 5601 3736 5665 contritione,

2753 5808 2798 5841 "
2829 5809 2990 5866 Prov.
3041 5826 3217 5880 χχιιι,
3286 5809 3378 5866 29.
3537 5806 3735 5864 M‘Psal.
