4046 6472
288 448 404 518 917
1431 449 1514 514 IN
1546 447 1886 514 LEVITICL

1973 500 1983 511 .
2022 474 2092 486 -·
2124 449 2285 516 LIB.-
2304 450 2420 515 ΙΙΙ.
3473 462 3568 526 9i8

285 578 351 624 et
390 566 797 640 quodammodo
851 566 1238 622 reformatione
1276 566 1525 621 contritae
1557 573 1723 636 atque
1775 567 1875 620 llll-
1913 570 1956 621 A
1987 562 2506 632 contemplationem
2561 561 2822 634 spiritus,
2863 562 3020 634 Quod~
3058 567 3438 636 cognoscimus
3462 615 3476 638 ,
3531 574 3574 624 si

282 661 520 718 miliataa
573 661 774 717 mentis
813 670 954 732 eget,
979 660 1122 716 sicut
1179 660 1256 715 ait
1297 659 1483 724 David,
1545 658 1589 714 si
1631 658 1883 714 mundari
1996 653 2288 708 verborum
2364 655 2871 725 interpretationem
2948 657 3250 712 secundum
3319 662 3574 718 virtutem

284 753 436 808 vult.
479 751 639 809 Unde
669 763 724 808 et
760 753 956 808 beatus
988 752 1188 807 Paulus
1217 753 1262 783 '"'
1303 766 1427 805 eum
1452 750 1546 820 qui
1576 765 1698 804 cum
1717 764 1886 804 uxore
1993 760 2145 798 suam
2172 746 2398 800 scrutati
2423 745 2712 802 fuerimus.
2746 747 2886 815 Quid
2913 749 3058 804 enim
3086 750 3287 805 clibani
3315 753 3396 806 vel
3436 754 3577 809 forte

286 843 470 913 patris
501 843 1001 907 l'omicatus'est,in
1024 851 1234 897 tantum
1259 841 1534 902 contrivit.
1562 849 1621 895 ut
1669 841 1885 896 Satanae
1994 832 2362 904 ehytropodes
2415 846 2708 901 uocentur,
2769 836 3058 892 morticino
3112 836 3166 892 in
3207 838 3288 894 eis
3348 843 3575 895 cadente

292 950 432 990 eum
470 935 706 990 uadere;
737 935 791 988 in
824 935 1049 990 interitu
1094 935 1296 998 carnis,
1344 941 1618 1004 quatenus
1675 932 1729 986 in
1791 931 1884 986 tali
1990 925 2181 978 mure?
2221 926 2277 980 Si
2316 936 2499 980 autem
2533 928 2734 982 clibani
2795 937 2848 984 et
2887 930 3252 1001 cbytropodes
3282 939 3571 1000 uocentur,

289 1025 633 1080 comi-itione
665 1025 901 1079 salvam:
928 1026 1208 1095 spiritum,
1990 1018 2260 1088 quomodo
2300 1035 2410 1073 non
2440 1020 2613 1090 magis
2663 1036 2925 1091 aquarum
2954 1024 3327 1088 collectiones,
3362 1025 3415 1078 in
3449 1025 3573 1094 qui-

367 1114 536 1169 Vgus.
579 1115 668 1170 54,
703 1134 721 1166 ι
761 1113 950 1171 omnis
973 1116 1128 1171 cibus
1154 1131 1315 1186 quem
1348 1116 1658 1180 comeditis,
1696 1116 1740 1171 si
1763 1115 1884 1170 fusa
1992 1109 2092 1162 bus
2127 1109 2397 1180 contingit
2427 1111 2680 1166 animalia
2719 1112 2834 1167 haec
2889 1113 3187 1169 incidentia
3231 1125 3572 1185 computres-

291 1206 469 1262 l'uerit
496 1222 661 1277 super
683 1223 808 1262 eum
839 1223 1002 1278 aqua,
1032 1209 1346 1286 immundus
1365 1210 1473 1264 erit
1498 1227 1511 1263 :
1544 1217 1600 1264 et
1630 1224 1792 1264 omne
1816 1208 1880 1262 li-
1989 1201 2151 1254 cere?
2183 1199 2290 1255 Sed
2320 1201 2449 1271 (1“id
2477 1211 2636 1271 Ρυίὶιε
2667 1203 2863 1257 (‘i'ibani
2907 1204 2993 1259 νει
3015 1205 3375 1275 Chl'll‘OPOdes
3401 1204 3570 1276 είὲηί·

287 1301 1876 1371 (ιυεηεᾳυοάὺίὺὶιυι·(18ιιηίνει-εονίιεε,ἰιιπηυηάιιιηθτὶι.»
1990 1287 2189 1343 θωπιιῖ
2236 1290 2519 1360 Μθὲῖεποε
2564 1291 2836 1358 νίιΙθῘίοειν
2889 1293 2943 1345 i"
2995 1293 3194 1363 (ιυίιηιε
3243 1293 3347 1347 Cibi
3403 1308 3570 1348 εἵλετε

368 1391 563 1447 Cibum
593 1408 714 1447 esse
741 1403 794 1447 et
823 1402 1010 1462 potum
1044 1394 1098 1447 in
1166 1394 1314 1447 omni
1349 1408 1477 1448 vase
1515 1393 1686 1447 bonas
1715 1393 1882 1448 actio-

1989 1378 2252 1436 doctrinae
2278 1392 2609 1452 coquuntur,
2643 1384 2978 1454 operationis
3011 1385 3242 1456 Spiritus
3283 1386 3407 1458 igne
3442 1404 3572 1458 sup-

296 1497 404 1537 nes
433 1481 804 1552 intelligimus.
836 1482 1130 1552 PrOpterea
1158 1485 1306 1538 enim
1345 1483 1696 1538 dixit:Cibus
1717 1501 1878 1554 quem
1990 1473 2184 1542 POSilO-
2215 1473 2332 1528 Νοη
2369 1483 2452 1529 εει
2505 1486 2689 1530 ἂυιοηι
2747 1477 2968 1543 mirum.
3026 1479 3266 1535 Ciibanos
3319 1496 3412 1536 (ξοδ
3471 1497 3573 1552 Pe?

297 1573 615 1637 comeditis,
644 1575 928 1644 etliquens
953 1577 1097 1645 quod
1131 1575 1361 1638 bibitur,
1429 1575 1554 1646 quia
1614 1576 1879 1630 malarum

1991 1567 2361 1634 metaphoram
2411 1574 2464 1620 et
2491 1567 2853 1638 chytropodas
2878 1570 3160 1640 appellari,
3188 1572 3312 1642 quia
3335 1573 3391 1627 in
3425 1575 3572 1630 mul-

294 1666 578 1721 aclionum
606 1678 660 1722 ει
683 1669 835 1722 cibus
851 1679 906 1722 ει
935 1678 1096 1738 ροιυε
1125 1671 1463 1739 prohibetur,
1490 1671 1541 1724 id
1569 1678 1672 1737 est,
1693 1686 1881 1725 eorum
1992 1657 2062 1711 tis
2099 1657 2304 1712 scimus
2341 1659 2577 1714 divinam
2611 1661 2950 1731 Scripturam
2976 1663 3174 1719 talibus
3211 1682 3363 1720 usam
3393 1668 3574 1722 norni-

293 1757 743 1812 communicatio.
768 1759 824 1812 Si
855 1758 1056 1829 ergo'in
1076 1759 1253 1828 aliqua
1283 1760 1548 1813 bonarum
1581 1760 1878 1828 actionum,
1989 1750 2172 1805 niiiUS-
2219 1751 2351 1806 Nam
2401 1752 2571 1808 Πὶινίιι
2622 1752 2799 1818 M031):
2845 1755 2898 1809 id
2948 1765 3030 1810 δεῖ
3072 1767 3280 1826 gemes:
3337 1759 3570 1816 iebeiem

285 1863 416 1917 quae
445 1848 501 1902 in
535 1849 682 1903 omni
709 1864 833 1904 vase
863 1857 1010 1912 sunt,
1046 1849 1096 1903 id
1128 1858 1229 1913 est,
1261 1850 1315 1904 in
1338 1853 1488 1905 omni
1519 1851 1742 1906 homine
1767 1852 1881 1906 sive
1991 1846 2306 1915 appellavit.
2343 1846 2420 1901 ait
2446 1847 2590 1902 enim
2617 1867 2628 1902 :
2661 1850 2816 1903 Moab
2851 1849 2958 1902 olla
3004 1851 3113 1919 spei
3146 1853 3331 1905 mete"
3354 1894 3368 1918 ,
3401 1869 3571 1924 prop-

285 1942 561 2012 principe,
593 1943 708 1997 sive
741 1943 973 2014 plebeio,
1012 1943 1126 1996 sive
1150 1944 1416 2012 sapiente,
1443 1944 1556 1998 sive
1599 1944 1865 2014 imperito,
1913 1928 1956 1986 Β
1990 1947 2070 1992 ter
2102 1938 2443 2007 baptismatis
2465 1955 2652 2009 aquas,
2689 1941 2899 2010 quzein
2955 1941 3036 1996 eis
3067 1942 3341 1997 caleﬁunt.
3379 1944 3485 2000 Sed
3515 1955 3570 2000 et

290 2051 459 2089 unum
487 2035 767 2106 quodlibet
794 2051 982 2089 eormn
1013 2051 1134 2104 qua:
1196 2036 1339 2090 dicta
1404 2048 1554 2103 sum,
1615 2038 1871 2094 inciderit
1977 2029 3178 2104 EzechiellelietemJerusalemappellat,sed
3208 2035 3568 2104 plenumcar-

288 2125 724 2192 morticinormn,
777 2128 1085 2182 necessario
1113 2128 1428 2183 immundus
1453 2129 1578 2184 erit.
1605 2129 1734 2184 Nam
1767 2133 1868 2186 etsi

1976 2120 2345 2188 nibus”,sive
2367 2131 2423 2176 ut
2445 2123 2819 2195 Septuaginta,
2843 2141 3075 2179 veneno:
3103 2126 3248 2180 viros
3267 2126 3318 2180 in
3341 2143 3404 2181 ea
3431 2128 3567 2182 male

284 2233 400 2272 non
459 2219 526 2273 ab
566 2219 722 2273 initio
773 2219 912 2273 mala
972 2219 1205 2289 quadam
1257 2220 1561 2277 inlentione
1595 2224 1866 2278 actionem
1975 2216 2235 2272 docentes
2292 2226 2347 2272 et
2400 2219 2649 2274 viventes
2697 2219 3027 2291 signiﬁcans.
3071 2221 3378 2278 Secundum
3424 2225 3566 2282 hanc

283 2310 486 2364 bonum
513 2312 762 2381 emperit,
783 2311 922 2366 sicut
951 2311 1004 2365 hi
1036 2311 1247 2366 facium,
1286 2313 1400 2383 qui,
1446 2323 1673 2384 propter
1700 2332 1868 2387 “ego-
1975 2321 2102 2377 ergo
2125 2308 2620 2378 rationernﬁclibani
2639 2319 2693 2365 et
2715 2309 3094 2382 cbytropodes,
3115 2313 3310 2382 quibus
3329 2329 3568 2385 coquanf

284 2402 569 2458 tiationem
627 2404 712 2458 vel
775 2403 1010 2468 lucrum,
1066 2405 1327 2474 pietatem
1395 2406 1626 2477 ﬁngunt,
1682 2419 1868 2476 postea
1976 2409 2064 2455 tur
2089 2401 2215 2467 cibi,
2249 2402 2502 2457 videlicet
2529 2405 2710 2474 populi
2743 2405 3024 2472 doctrinae,
3058 2407 3162 2462 dici
3191 2419 3438 2478 possunt.
3471 2409 3578 2466 llis

281 2502 474 2549 autem
500 2495 752 2550 inciderit
799 2495 1000 2551 actioni
1043 2497 1162 2566 ejus
1231 2495 1509 2567 superbia,
1573 2497 1729 2552 dolus
1775 2507 1869 2554 aut
1975 2506 2104 2562 ergo
2133 2492 2178 2545 si
2219 2493 2862 2562 incideritmorlicinum,
2903 2498 2957 2552 id
2980 2505 3083 2562 est.
3118 2497 3161 2552 Si
3194 2500 3565 2568 Peccalimor-

282 2583 614 2654 hypocrisis,
651 2586 735 2640 vel
761 2586 939 2641 simile
991 2585 1292 2655 quidpiam,
1319 2587 1463 2657 quod
1497 2589 1866 2656 morticinum,
1977 2583 2230 2638 tilicantis
2279 2585 2418 2639 actio
2446 2588 2854 2656 supervenerit,
2905 2589 3171 2643 immundi
3218 2590 3354 2645 ﬁunt
3382 2601 3436 2645 et
3464 2593 3580 2647 de-»

283 2684 479 2745 utpote
526 2687 754 2732 mortem
787 2677 1187 2748 quodammodo
1236 2679 1579 2749 participanti
1609 2681 1866 2748 inferens,
1975 2675 2448 2742 struuntur:Quia
2475 2679 2566 2749 qui
2588 2665 2771 2733 decent
2797 2697 2897 2734 non
2923 2682 3095 2752 furari
3115 2683 3384 2752 furantur,
3399 2693 3447 2737 et
3471 2685 3561 2755 qui
3587 2706 3589 2708 ·

280 2767 508 2836 dicitur,
573 2769 676 2824 erit
729 2779 785 2824 et
844 2770 931 2825 hic
979 2771 1312 2835 immundus,
1373 2771 1569 2826 bonam
1599 2773 1868 2843 siquidem
1972 2768 2260 2835 pra’dicant
2318 2785 2419 2822 non
2483 2770 2733 2824 mmo/tari
2799 2773 3251 2840 matr/tantur“;
3309 2775 3563 2830 doctrina

280 2859 558 2915 actionem
583 2861 722 2916 mala
755 2862 1176 2932 subingrediens
1217 2863 1451 2918 intentio
1478 2865 1689 2935 polluit.
1729 2863 1868 2931 Quid
1977 2857 2247 2926 siquidem
2297 2857 2441 2912 bona
2470 2867 2572 2924 est.
2624 2871 2734 2911 non
2774 2870 2858 2914 est
2908 2860 3210 2915 immunda.
3239 2860 3351 2915 Nec
3377 2861 3562 2916 divina

279 2958 469 3004 autem
504 2951 711 3004 addidit
740 2951 864 3022 legi,
907 2967 1028 3020 qua:
1057 2959 1140 3006 est
1165 2951 1233 3006 de
1260 2951 1424 3006 cibo?
1979 2959 2199 3018 propter
2232 2951 2335 3004 hoc
2364 2951 2744 3005 abominamur
2778 2951 3016 3021 eloquia,
3047 2954 3191 3022 quod
3223 2969 3288 3006 ex
3322 2956 3401 3009 eis
3434 2955 3563 3024 qui-

359 3045 418 3100 Si
469 3047 586 3116 [usa
646 3047 802 3117 fuerit
833 3063 991 3116 super
1038 3063 1156 3099 eum
1209 3063 1371 3116 aqua.
1405 3044 1674 3107 Ostendit,
1741 3047 1867 3116 quia
1982 3042 2104 3095 dam
2137 3041 2319 3097 forsan
2371 3043 2635 3096 immundi
2685 3045 3074 3114 praedicatores
3104 3045 3282 3100 eﬂecti
3329 3058 3476 3113 sunt,
3505 3059 3564 3104 et

285 3151 404 3200 eas,
440 3152 560 3206 qua:
593 3146 719 3191 sunt
753 3146 873 3206 post
906 3137 1194 3207 baptisma,
1228 3127 1472 3192 actiones
1506 3139 1775 3207 quaesivit,
1816 3146 1870 3192 et
1975 3143 2267 3203 propterea
2313 3133 2512 3195 fontes,
2556 3133 2809 3190 videlicet
2857 3137 3133 3206 opulentis
3176 3139 3463 3194 doctrinze:
3505 3149 3562 3195 et

281 3245 469 3284 sermo
506 3229 554 3284 ei
608 3231 673 3283 de
724 3229 866 3283 ﬁdeli
908 3239 960 3284 et
1020 3231 1294 3299 baptizato
1347 3239 1431 3284 est
1461 3268 1474 3291 ,
1535 3231 1602 3284 de
1667 3230 1869 3285 inﬁdeli
1908 3226 2247 3300 “cisternas
2295 3227 2409 3283 sive
2466 3227 2636 3293 lacus,
2673 3228 2883 3298 linguas
2923 3230 3208 3300 loquentes
3239 3234 3556 3298 mediocria,

280 3336 472 3378 autem
510 3325 781 3378 actionem
826 3326 975 3378 illam
1003 3325 1340 3378 mentionem
1385 3324 1531 3378 facit.
1558 3325 1710 3388 Qitod
1748 3339 1874 3394 pro-
1902 3289 1943 3346 ο
1979 3330 2035 3374 et
2071 3319 2373 3376 doctrinam
2404 3331 2705 3376 mutuatam
2744 3323 3027 3380 habentes.
3063 3324 3168 3380 Sed
3193 3337 3245 3380 et
3281 3328 3558 3383 collectio-

282 3414 382 3469 bat
403 3416 594 3471 beatus
623 3409 833 3471 ‘Paulus
861 3416 1085 3470 dicens:
1122 3414 1318 3485 Scripsi
1350 3414 1491 3468 vobis
1523 3415 1577 3467 in
1609 3411 1874 3483 Epistola,
1980 3424 2079 3463 nes
2110 3425 2394 3479 aquarum,
2439 3427 2535 3466 eos
2562 3411 2656 3481 qui
2706 3413 2946 3483 undique
2997 3414 3307 3485 bujusmodi
3367 3419 3560 3474 verbo-

284 3523 394 3559 non
443 3508 765 3561 commisceri
811 3507 1140 3578 fornicariis,
1205 3524 1305 3560 non
1350 3509 1527 3576 utique
1574 3506 1875 3577 fornicariis
1979 3516 2100 3554 rum
2129 3500 2462 3557 allluentiam
2490 3515 2844 3576 congregant,
2874 3522 2996 3562 esse
3017 3509 3251 3564 mundas
3284 3510 3560 3582 legislator

283 3599 450 3668 hujus
486 3600 691 3663 mundi,
723 3609 815 3653 aut
859 3601 1061 3656 avaris.
1112 3608 1208 3653 aut
1252 3599 1552 3668 rapacibus,
1592 3607 1684 3651 aut
1722 3597 1874 3651 idolis
1978 3593 2132 3648 dixit.
2162 3594 2268 3650 Sed
2303 3611 2465 3665 quam
2505 3599 2953 3669 consequentiam
3007 3600 3219 3666 habuit,
3246 3611 3306 3657 ut
3343 3603 3412 3658 de
3462 3603 3556 3658 cli-

280 3692 652 3759 servientibus,
683 3693 885 3759 alioqui
911 3693 1205 3746 debueratis
1240 3692 1302 3745 de
1337 3696 1432 3744 hoc
1464 3693 1656 3744 mundo
1686 3692 1871 3744 exisse.
1978 3687 2134 3741 banis
2161 3696 2216 3742 et
2240 3688 2587 3760 chytropodis
2613 3691 2864 3760 loquens,
2906 3693 3274 3749 subinl‘erret:

283 3781 446 3840 Nunc
466 3793 644 3836 autem
683 3784 869 3853 scripsi
910 3782 1070 3845 vobis,
1101 3782 1146 3835 si
1172 3783 1215 3835 is
1239 3782 1326 3852 qui
1350 3783 1517 3852 frater
1547 3781 1872 3844 nominatur,
2049 3777 2297 3848 Exceptis
2343 3779 2574 3851 fontibus
2616 3783 2921 3852 aquarum?
2968 3782 3070 3838 Sed
3097 3784 3220 3854 quia
3269 3803 3365 3856 per
3415 3787 3563 3847 illam

282 3887 363 3930 est
383 3877 693 3946 fornicator,
722 3886 815 3929 aut
839 3875 1161 3950 immundus,
1204 3884 1296 3928 aut
1327 3891 1540 3938 avarus,
1595 3883 1686 3927 aut
1721 3874 1875 3928 idolis
1979 3869 2270 3940 magistros
2295 3871 2968 3942 signiﬁcavit,necessarie
2991 3875 3167 3932 fontes
3194 3886 3247 3931 et
3267 3879 3554 3943 cisternas,

281 3969 540 4030 serviens,
570 3978 663 4021 aut
684 3967 992 4034 maledicus,
1025 3977 1116 4021 aut
1146 3967 1396 4030 ebriosus,
1429 3976 1519 4020 aut
1537 3983 1727 4035 rapax,
1755 3984 1874 4020 cum
1977 3971 2033 4016 et
2061 3963 2408 4018 collectiones
2438 3981 2701 4035 aquarum
2735 3966 2993 4030 subdidit,
3018 3983 3157 4035 quze,
3194 3970 3334 4024 sicut
3373 3980 3557 4024 osteu-
3606 4024 3610 4029 ,

282 4061 654 4129 hujuscemodi
691 4078 782 4114 nec
796 4061 965 4114 cibum
993 4078 1219 4116 sumere.
1246 4042 1385 4124 Quid
1407 4063 1543 4114 enim
1566 4061 1767 4114 nti/ride
1793 4061 1874 4114 his
1979 4069 2099 4108 Sllm
2128 4063 2232 4122 εει,
2259 4055 2314 4109 in
2345 4057 2592 4112 doctrina
2643 4058 3012 4127 accipiuntur.
3050 4059 3276 4131 Propter
3307 4062 3451 4130 quod
3487 4062 3556 4116 ad

284 4154 380 4222 qui
405 4153 957 4223 [ονεδδιιημίιιάξεανε
978 4155 1020 4186 δι
1046 4154 1068 4207 ξ)
1091 4153 1146 4207 In
1176 4163 1386 4208 tantum
1426 4153 1609 4206 nullus
1628 4153 1674 4207 ei
1695 4168 1874 4208 sermo
1977 4144 2374 4198 Samaritanam
2431 4144 2694 4201 Dominus
2726 4146 2938 4200 diccbat
2965 4165 2976 4198 :
3031 4146 3336 4218 Quicunque
3372 4149 3554 4202 biberit

286 4252 376 4298 est
401 4244 469 4298 de
495 4244 732 4312 actione,
777 4246 894 4300 sive
929 4245 1346 4301 conversatione
1379 4259 1568 4298 eorum
1602 4242 1693 4312 qui
1740 4242 1872 4298 foris
1978 4235 2040 4289 de
2071 4253 2211 4306 aqua
2271 4253 2431 4309 quam
2470 4254 2561 4305 ego
2599 4237 2734 4291 dabo
2770 4240 2835 4301 ei,
2896 4256 2997 4295 non
3033 4241 3172 4318 sitiet
3207 4241 3416 4302 iterum,
3465 4241 3556 4294 sed

286 4344 443 4392 sum,
1975 4328 2064 4396 ﬁet
2098 4330 2154 4382 in
2183 4345 2241 4383 eo
2291 4331 2406 4402 fons
2437 4347 2589 4398 aqua:
2623 4330 2862 4384 salientis
2918 4333 2970 4385 in
3003 4333 3164 4386 vitam
3195 4345 3447 4387 (sternam
3465 4332 3512 4364 "’
3540 4374 3552 4387 .

361 4425 530 4482 Vens.
567 4428 657 4492 55,
689 4427 776 4482 56.
827 4447 845 4480 ι
875 4427 941 4482 Et
957 4428 1220 4498 quidquid
1239 4427 1308 4483 de
1350 4428 1654 4484 morticinis
1679 4430 1872 4485 istius-
1980 4421 2123 4475 Bene
2163 4430 2346 4475 autem
2382 4421 2465 4475 iex
2503 4421 2773 4476 subdidit:

289 4519 438 4573 modi
493 4519 754 4574 ceciderit
825 4535 992 4589 super
1018 4520 1171 4584 illud,
1210 4520 1554 4575 immundum
1585 4523 1708 4576 ρι-ίι,
1743 4522 1870 4577 Sive
2045 4512 2145 4578 Qui
2166 4515 2435 4567 morticina
2456 4531 2631 4568 eorum
2651 4513 3304 4585 tetigerit,pollueturllbi
3329 4513 3560 4585 Septua-

290 4610 517 4674 clibani,
553 4610 672 4665 sive
703 4612 1068 4680 chytropudes
1120 4613 1473 4676 desii-uenam
1501 4621 1556 4668 οι
1607 4613 1868 4668 immundi
1907 4638 1947 4691 Β
1978 4605 2124 4675 ginta
2184 4605 2383 4658 edunt:
2417 4606 2521 4670 Qui
2555 4622 2673 4658 vero
2696 4607 2916 4676 tetigerit
2941 4624 3144 4660 onmem
3169 4607 3556 4662 immunditiam

291 4706 479 4751 erunt.
519 4697 720 4752 Fontes
744 4716 892 4763 vero,
929 4710 984 4754 ει
1018 4701 1291 4763 cisternae,
1320 4711 1374 4756 ει
1403 4704 1582 4756 omnis
1609 4719 1870 4774 aquarum
1983 4699 2176 4751 anima:
2238 4698 2630 4750 morticinorum
2673 4699 2904 4767 ipsorum
2940 4740 2955 4765 ,
2989 4700 3287 4752 immundus
3333 4701 3453 4753 erit.
3493 4702 3558 4753 Lt

289 4789 665 4859 congregatio,
734 4792 938 4846 munda
993 4793 1115 4849 erit.
1172 4792 1274 4858 Qui
1337 4793 1626 4848 morticina
1682 4811 1873 4850 eorum
1979 4790 2218 4843 animam
2264 4789 2611 4849 addiderunt,
2649 4805 2718 4843 ne
2749 4789 2887 4844 forte
2911 4791 3115 4860 putetis
3143 4792 3209 4845 de
3240 4793 3556 4862 repentibus

294 4884 554 4952 tetigerit,
581 4885 871 4955 polluetur.
899 4904 917 4935 ι
1982 4882 2330 4936 sensibilibus‘
2352 4891 2442 4936 aut
2473 4883 2660 4937 bestiis
2695 4883 2800 4937 dici
2845 4902 2857 4937 :
2893 4900 3017 4938 nam
3051 4900 3238 4938 eormn
3265 4887 3355 4955 qui
3389 4889 3557 4956 tangit

364 4975 636 5034 Extranea
659 4976 1060 5047 quodammodo
1088 4991 1212 5032 esse
1247 4992 1332 5041 ea,
1369 4977 1437 5032 de
1480 4979 1679 5050 quibus
1727 4996 1874 5035 nunc
1985 4976 2289 5038 morticina,
2331 4991 2438 5029 non
2501 4978 2715 5037 aninue,
2741 4977 2835 5032 sed
2868 4979 3111 5047 corporis
3156 4979 3553 5032 immunditiam

293 5077 496 5126 tractat
519 5069 810 5140 legislator,
835 5079 1144 5138 apparent:
1195 5071 1352 5140 cujus
1379 5072 1524 5126 enim
1564 5073 1640 5126 rei
1700 5075 1872 5144 gratia
1984 5065 2176 5136 tangit.
2233 5066 2374 5136 Ergo
2427 5067 2493 5120 dc
2535 5067 2849 5122 doctoribus
2882 5068 3288 5138 intelligendum
3335 5067 3556 5138 est,qui

291 5160 544 5216 clibanos
583 5170 637 5214 et
666 5160 1028 5230 cbytropodas
1062 5162 1117 5214 in
1144 5169 1354 5216 tantum
1385 5163 1460 5228 ait
1490 5178 1611 5218 esse
1647 5164 1880 5218 inimun-
1982 5161 2245 5216 immundi
2295 5161 2422 5215 facti
2480 5175 2609 5218 sunt
2679 5162 2958 5220 immunda
3015 5165 3247 5234 quadam
3312 5176 3366 5218 et
3415 5165 3552 5217 mala

294 5255 401 5310 dos
452 5263 512 5307 ut
564 5269 757 5307 eorum
806 5253 1219 5307 mundationern
1271 5255 1628 5325 prmciperet;
1700 5256 1878 5311 fontes
1979 5252 2214 5307 actione.
2276 5253 2483 5308 Horum
2540 5256 2684 5310 enim
2739 5257 3022 5324 doctrinis,
3083 5258 3299 5326 quando
3353 5258 3554 5312 fuerint

292 5356 430 5397 vero
460 5351 515 5396 et
545 5342 834 5406 cisternas,
861 5342 1103 5411 aliasque
1145 5344 1595 5414 congregationes
1614 5361 1874 5415 aquarum
1979 5344 2278 5398 secundum
2319 5345 2491 5416 legem
2545 5347 2661 5410 Dei,
2706 5348 3015 5414 intendere,
3068 5349 3325 5419 Operibus
3367 5365 3553 5403 eorum

293 5447 420 5492 csse
457 5433 689 5486 mundas
737 5432 992 5501 scripsit?
1042 5432 1125 5486 An
1171 5432 1355 5487 forsan
1406 5435 1530 5503 quia
1595 5435 1710 5490 hate
1766 5454 1874 5491 non
1979 5445 2163 5489 autem
2191 5437 2339 5490 nullo
2373 5438 2534 5492 modo
2563 5441 2987 5506 communicare,
3034 5456 3137 5495 nec
3186 5450 3417 5494 tractare
3467 5455 3549 5498 ea.

296 5520 478 5573 solent
510 5519 722 5587 pollui?
758 5521 810 5572 Si
837 5519 983 5572 enim
1019 5535 1283 5590 aquarum
1322 5523 1673 5579 collectiones
1698 5527 1874 5595 pollu-
1982 5528 2064 5582 vel
2116 5529 2338 5582 omnino
2403 5530 2716 5601 contingere
2773 5533 3072 5598 debemus,
3143 5530 3554 5588 reminiscentes

227 5676 234 5680 ,
298 5611 478 5665 “ones
529 5621 740 5666 ίιοειτθδ
784 5613 1017 5679 diluunt.
1074 5616 1348 5686 quomodo
1402 5617 1567 5686 pollui
1610 5622 1876 5688 possunt?
1983 5621 2273 5674 verborum
2304 5621 2419 5685 Dei,
2454 5638 2574 5690 quae
2605 5623 2670 5676 ad
2699 5625 3168 5680 conﬁrmationem
3199 5621 3550 5695 praesentiunt

296 5700 562 5757 Omnino-r-
584 5719 713 5774 ergo
773 5703 1018 5760 invenies
1069 5708 1433 5764 cohterenlem
1492 5709 1624 5780 legis
1678 5711 1874 5767 litterae
1984 5717 2115 5769 dixit
2143 5718 2206 5771 ad
2234 5717 2514 5787 populum,
2549 5719 2661 5773 sive
2694 5718 3020 5788 discipulos:
3055 5717 3222 5788 Super
3251 5714 3551 5772 cathedram

367 5912 413 5947 ⁸ο
443 5911 661 5974 lCor.v,
693 5914 807 5967 1-5.
871 5917 912 5946 ⁸⁸
952 5913 1080 5970 ibid.
1119 5915 1274 5970 9-12.
1351 5919 1395 5948 “
1430 5916 1699 5986 Psal.LIx,
1733 5919 1813 5972 l0.
1893 5920 1937 5949 ⁵³

1893 5916 2332 5984 “Ezerli.xt,7.
2409 5915 2825 5983 “Rom.n,2l.
2905 5912 3447 5980 “Joan.lv,15,l-L
