4046 6460
537 462 644 531 919

1735 458 2062 519 HESYCHI
2070 458 2098 515 Ι
2142 457 2615 520 PRESBYTERI

3711 458 3810 520 920

540 577 702 647 Moysi
734 574 979 630 sederunt
1015 573 1212 628 Scriba:
1228 580 1274 624 et
1310 568 1587 624 Pltaristei.
1632 567 1824 622 Omnia
1874 583 2121 636 quwcun-
2153 573 2194 626 Α
2226 569 2478 634 medetis,
2509 570 2635 638 quia
2668 569 3034 626 ahominabile
3067 579 3172 626 est.
3209 570 3392 626 Nolite
3433 568 3812 627 contaminare

539 687 639 741 que
672 670 850 724 dicunt
878 668 1040 732 vobis,
1076 665 1234 734 facite
1257 674 1304 718 et
1326 663 1613 726 custodite;
1633 669 1916 718 secundum
1943 673 2118 717 autem

542 779 699 832 opera
732 777 911 815 eorum
934 758 1094 813 nolite
1115 759 1287 827 facere
1302 757 1347 789 ⁸⁸
1369 799 1380 809 .

617 849 774 905 Vens.
795 851 885 912 37,
911 849 999 904 58.
1035 867 1052 899 ι
1089 848 1144 902 Si
1179 847 1432 901 ceciderit
1459 862 1627 917 super
1660 857 1982 910 sementem,
2008 863 2117 901 non

541 941 736 1012 polluit
766 957 908 995 eam.
965 939 1056 994 Sin
1089 947 1272 993 autem
1311 940 1579 1008 quispiam
1624 956 1761 1008 aqua
1819 948 2119 994 sementem

543 1033 917 1103 perfuderitet
958 1041 1144 1101 postea
1197 1031 1500 1085 morticinis
1530 1040 1666 1084 tacta
1722 1031 1906 1097 fuerit,
1973 1032 2118 1086 illico

541 1125 829 1194 polluetur.
873 1141 891 1172 ι

610 1213 754 1268 Nihil
784 1213 1148 1268 indiscussum
1184 1214 1439 1283 relinquit
1477 1214 1770 1284 legislator.
1803 1217 1899 1270 sed
1933 1217 2116 1272 omnia

540 1307 594 1361 in
635 1306 986 1374 subsequenti
1014 1307 1256 1372 discutit,
1291 1308 1681 1378 perfectionem
1731 1309 1862 1379 legis
1900 1311 2117 1380 spirita-

540 1401 644 1454 lem
674 1399 904 1470 probare
943 1401 1281 1466 desiderans,
1332 1401 1434 1456 etsi
1477 1401 1794 1472 imperfecta
1829 1404 1909 1457 eis
1966 1405 2114 1459 vidc-

539 1493 698 1548 batur
725 1493 943 1562 quando
975 1492 1145 1546 solam
1173 1492 1527 1546 intuebantur
1561 1493 1820 1547 litteram.
1850 1494 2118 1549 Dilferen-

540 1584 670 1639 tiam
730 1584 896 1656 igitur
934 1585 1023 1638 hic
1078 1584 1400 1646 inﬁdelium,
1433 1586 1526 1654 qui
1569 1587 1803 1640 necdum
1861 1587 2116 1658 baptizati

538 1686 666 1731 sunt
691 1677 934 1746 exponit,
970 1685 1025 1731 et
1053 1693 1240 1732 semen
1293 1687 1554 1747 utrosque
1604 1679 1862 1748 appellat,
1927 1689 2117 1750 utpote

536 1768 628 1837 qui
681 1780 1041 1838 susceperunt
1095 1770 1246 1839 regni
1281 1770 1746 1840 praedicationem.
1791 1771 1865 1826 De
1919 1773 2117 1844 quibus

542 1859 802 1914 Dominus
850 1861 1161 1930 parabolam
1204 1862 1427 1917 seminis
1471 1878 1806 1932 proponens,
1865 1865 2111 1921 dicebat:

536 1951 742 2006 Bonum
767 1970 962 2019 semen,
990 1954 1089 2023 ﬁlii
1127 1965 1248 2008 sunt
1289 1957 1450 2025 regni,
1484 1959 1576 2010 sed
1607 1973 1780 2010 semen
1817 1958 1955 2027 quod
1995 1976 2112 2012 nec-

538 2045 663 2097 dum
698 2045 1018 2099 seminatum
1048 2047 1210 2113 est",
1245 2049 1391 2102 unde
1409 2048 1766 2120 Septuaginta
1797 2049 2108 2106 ediderunt:

539 2134 727 2190 Semen
756 2139 984 2192 sativum
1019 2140 1158 2209 quod
1201 2141 1572 2204 seminabitnr,
1607 2144 1662 2196 id
1685 2154 1780 2208 est,
1824 2146 1961 2215 quod
1994 2161 2110 2198 nec-

538 2228 661 2280 dum
689 2229 1009 2283 seminatum
1043 2239 1139 2296 est,
1197 2232 1578 2286 setninandum
1620 2244 1802 2289 autem
1857 2246 1960 2301 est,
1994 2237 2113 2292 illos

537 2319 630 2388 qui
665 2321 897 2375 necdum
932 2321 1188 2392 haptizati
1220 2334 1366 2389 sunt,
1408 2325 1716 2394 baptizandi
1744 2339 1925 2383 autem
1963 2339 2110 2395 sunt,

537 2422 684 2467 recte
723 2413 1034 2482 appellavit,
1083 2431 1246 2482 super
1294 2419 1392 2473 hos
1441 2419 1484 2472 si
1539 2419 1669 2489 quid
1727 2421 2110 2490 praedictorum

537 2506 951 2561 morticinorum
984 2509 1162 2574 cadat,
1205 2511 1329 2579 quia
1385 2512 1620 2566 necdum
1649 2514 1918 2568 cautelam
1970 2532 2112 2587 mys-

535 2597 794 2652 teriorum
824 2609 1175 2670 acceperunt,
1213 2617 1315 2656 nec
1346 2602 1610 2674 integram
1645 2603 1740 2658 Dei
1775 2605 2108 2676 agnitionem

532 2692 1005 2760 conquisiverunt,
1045 2695 1309 2764 quaeillos
1345 2697 1516 2760 possit
1545 2713 1826 2753 removere
1855 2714 1884 2751 a
1918 2715 2110 2768 supcr-

532 2781 882 2837 venientibus
935 2800 1000 2840 ex
1056 2786 1385 2858 negligentia
1439 2789 1698 2858 peccatis,
1750 2790 1940 2844 mundi
1989 2807 2110 2847 esse

530 2873 809 2940 dicuntur,
847 2885 1071 2946 propter
1121 2878 1438 2947 praedictam
1478 2895 1698 2934 causam
1735 2882 1890 2934 venia
1940 2882 2107 2952 digiti.

530 2962 706 3032 Super
734 2981 870 3034 quos
900 2982 1026 3020 vero
1083 2967 1200 3020 fusa
1252 2967 1417 3022 fuerit
1471 2984 1632 3036 aqua,
1665 2970 1922 3025 videlicet
1979 2973 2111 3042 bap-

529 3054 787 3123 tismatis,
821 3058 877 3111 hi
913 3059 1226 3113 necessario
1262 3059 1529 3115 immundi
1564 3061 1722 3126 ﬁunt,
1758 3062 1804 3116 si
1849 3079 2015 3117 unum
2046 3079 2112 3118 ex

530 3147 638 3212 his,
667 3163 787 3218 qua:
818 3151 1105 3205 morticina
1130 3161 1278 3214 sunt,
1308 3168 1475 3223 super
1493 3168 1588 3208 eos
1623 3154 1906 3210 inciderit:
1944 3171 2110 3228 opor-

2222 661 2431 715 animas
2487 671 2720 727 vestras,
2779 678 2884 718 nec
2913 663 3148 735 tangatis
3177 663 3478 734 quidquam
3519 677 3723 718 eorum
3751 678 3814 716 ce

2222 753 2487 808 immundi
2513 753 2652 808 sitis.
2691 774 2710 804 ι

2289 843 2410 899 Jam
2450 855 2504 900 ct
2538 846 2650 900 haec
2695 847 2952 916 superius
3003 845 3277 918 legislator
3318 847 3602 918 exposuit.
3667 843 3818 900 Nunc

2220 945 2400 991 autem
2434 937 2560 993 ideo
2610 939 2830 1008 repetit,
2875 948 2935 994 ut
2989 939 3262 1010 frequenti
3321 941 3697 995 meditatione
3755 938 3819 992 ad

2221 1032 2638 1087 custodiendam
2671 1034 2844 1105 legem
2877 1043 3096 1089 moveat
3142 1036 3474 1090 auditorem.
3530 1033 3819 1100 Quamobo

2221 1137 2334 1176 rem
2368 1132 2421 1176 et
2442 1138 2471 1176 a
2500 1123 2656 1178 nobis
2689 1125 3097 1196 recapitulanda
3130 1137 3276 1192 sunt,
3305 1127 3432 1196 quia
3463 1135 3515 1180 et
3548 1126 3821 1196 quiddam

2221 1216 2346 1270 novi
2381 1215 2591 1270 addidit
2643 1218 2902 1286 praesenti
2947 1218 3239 1282 sanctioni,
3304 1219 3688 1272 necessariam
3745 1216 3822 1272 eis

2220 1309 2485 1379 adjiciens
2513 1308 2783 1362 actionem
2813 1309 3202 1365 meditationis.
3233 1308 3366 1375 Quae
3413 1319 3641 1380 reptant
3693 1325 3823 1381 ergo

2221 1416 2385 1470 super
2417 1408 2640 1465 terram,
2673 1400 2729 1454 hi
2783 1409 2911 1455 sunt
2940 1400 3030 1470 qui
3074 1411 3286 1455 terrena
3318 1401 3538 1470 sapiunt
3566 1420 3581 1454 :
3635 1410 3697 1455 ct
3730 1402 3822 1469 qui

2221 1493 2506 1547 lutulentis
2541 1502 2846 1563 pascuntur
2875 1494 3204 1557 actionibus,
3259 1511 3425 1564 super
3455 1505 3678 1565 pectus,
3707 1495 3822 1548 sive

2221 1599 2386 1653 super
2428 1593 2674 1637 ventrem
2723 1583 2976 1638 similiter
3029 1585 3372 1655 gradiuntur,
3411 1587 3822 1657 gastrimargia

2220 1691 2442 1746 operam
2485 1676 2699 1731 dantes.
2755 1675 2812 1730 In
2851 1685 3088 1747 quatuor
3137 1679 3460 1750 gradiuntur
3498 1696 3678 1751 super
3711 1689 3822 1735 ter-

2221 1784 2333 1822 ram
2361 1809 2374 1833 ,
2428 1768 2522 1837 qui
2573 1767 2960 1838 praedicatione
3007 1769 3444 1840 evangelicorum
3491 1770 3770 1823 librorum
3803 1813 3818 1835 ,

2220 1875 2318 1929 pro
2353 1874 2419 1913 eo
2449 1859 2594 1928 quod
2633 1857 2781 1912 salus
2822 1858 2874 1910 in
2910 1857 2990 1911 eis
3037 1865 3393 1926 peccatorum
3455 1857 3815 1928 praedicatur,

2219 1953 2521 2007 abutuntur
2559 1951 2612 2004 in
2642 1949 2980 2004 luxuriosam
3028 1949 3226 2002 vitam:
3254 1964 3365 2002 non
3412 1948 3815 2018 intelligentes,

2215 2046 2342 2116 quia
2370 2053 2710 2114 peccatores,
2744 2057 2851 2096 non
2884 2049 2943 2095 ut
2969 2051 3227 2095 maneant
3256 2050 3597 2110 peccatores,
3632 2039 3733 2093 sed
3761 2050 3818 2093 ut

2215 2147 2432 2194 cessent
2466 2154 2494 2191 a
2526 2135 2787 2207 peccatis,
2821 2144 3075 2204 provocat
3101 2133 3443 2204 praedicatio.
3475 2133 3582 2187 Sed
3612 2133 3698 2186 eis
3722 2131 3816 2201 qui

2215 2231 2270 2285 in
2297 2240 2532 2300 quatuor
2585 2227 2885 2293 ambulant,
2950 2225 3179 2290 addidit,
3243 2235 3298 2280 et
3341 2227 3545 2280 multos
3602 2225 3816 2278 habent

2214 2324 2404 2395 pedes,
2437 2322 2756 2382 ostendens,
2784 2320 2910 2390 quia
2943 2319 3073 2373 licet
3103 2319 3148 2373 si
3184 2335 3292 2372 non
3319 2318 3496 2372 solum
3525 2332 3593 2372 ex
3639 2330 3813 2370 evan-

2216 2417 2408 2488 gelicis
2431 2414 2606 2479 libris,
2640 2415 2734 2468 sed
2768 2428 2834 2466 ex
2858 2413 2979 2466 aliis
2998 2411 3319 2481 Scripturis,
3347 2419 3513 2479 atque
3534 2425 3600 2462 ex
3631 2407 3809 2470 varia,

2215 2511 2359 2564 sicut
2390 2505 2774 2578 ipsisvidetur,
2807 2504 3056 2560 doctrina
3081 2506 3182 2558 hoc
3208 2502 3533 2557 conﬁrmare
3547 2501 3808 2571 cupiunt,

2215 2608 2377 2656 erunt
2405 2607 2458 2653 et
2489 2598 2570 2652 sic
2602 2596 2894 2651 immundi.
2919 2595 2985 2650 Et
3018 2605 3076 2650 ut
3105 2594 3346 2649 breviter
3374 2593 3611 2656 dicatur,
3640 2607 3810 2645 omne

2215 2693 2358 2762 quod
2424 2700 2605 2761 reptat
2661 2697 2849 2759 supcr'
2882 2698 3103 2752 terram,
3157 2687 3209 2740 id
3279 2695 3384 2750 est,
3433 2684 3524 2754 qui
3586 2692 3809 2737 terrena

2215 2786 2457 2854 sapiunt,
2492 2783 2768 2838 declinare
2791 2797 2896 2836 nos
2931 2789 3148 2851 oportet
3193 2789 3248 2834 et
3296 2777 3577 2848 refugere,
3619 2775 3806 2830 scicn-

2216 2887 2317 2940 tes,
2354 2877 2480 2946 quia
2512 2890 2701 2930 eorum
2743 2870 3170 2929 communicatio
3208 2870 3424 2941 polluit,
3459 2878 3515 2922 et
3548 2867 3842 2932 similiter,

2215 2969 2533 3025 innnundus
2553 2976 2635 3022 est
2664 2981 2851 3038 agens,
2889 2965 3182 3036 agentique
3223 2975 3585 3016 concurrens.

2286 3061 2448 3116 Vens.
2480 3060 2570 3124 44,
2605 3059 2695 3113 45.
2734 3077 2752 3110 ι
2779 3058 2892 3128 Ego
2916 3056 3061 3110 enim
3080 3071 3199 3110 sum
3215 3053 3480 3107 Dominus
3509 3050 3655 3105 Deus
3701 3062 3800 3102 ve-

2214 3163 2347 3208 ster.
2377 3153 2565 3208 Sancti
2605 3160 2797 3214 estote,
2840 3150 3098 3220 qucniam
3132 3156 3186 3202 et
3239 3161 3342 3216 ego
3383 3155 3606 3199 sanctus
3656 3157 3796 3195 sum.

531 3245 713 3292 tuerat
742 3239 945 3310 quippe
979 3242 1114 3295 tanti
1142 3243 1590 3314 participatione,
1633 3245 1774 3299 dona
1806 3245 1872 3300 ad
1920 3262 2108 3301 eorum
2140 3254 2182 3311 (ς
2215 3247 2291 3300 Ne
2322 3245 2576 3315 polluatis
2610 3244 2822 3298 animas
2873 3249 3085 3296 vestras
3123 3238 3352 3294 inomni
3405 3235 3607 3306 reptili,
3658 3233 3800 3303 quod

530 3331 810 3399 pertinere
839 3333 1164 3388 custodiam.
1224 3333 1417 3389 Terret
1473 3336 1637 3408 igitur
1690 3336 1833 3392 Deus
1881 3339 2108 3408 spiritus

529 3433 626 3474 eos
669 3421 761 3489 qui
811 3421 941 3476 olim
1004 3435 1372 3494 perceperunt
1415 3427 1705 3496 baptisma,
1763 3437 1823 3483 ut
1870 3443 1981 3484 non
2042 3446 2108 3485 ex

530 3511 856 3582 negligentia
886 3511 1178 3582 peccantes
1217 3515 1485 3571 immundi
1529 3517 1684 3572 ﬁant.
2062 3520 2074 3529 ”

601 3602 765 3659 Vens.
804 3604 892 3670 '59,
924 3606 1012 3660 40.
1051 3625 1070 3658 ι
1101 3606 1158 3662 Si
1185 3616 1459 3664 mortuum
1489 3609 1654 3666 fuerit
1701 3613 1924 3677 animal,
1962 3615 2107 3684 quod

531 3694 658 3750 licet
695 3696 850 3752 vobis
899 3699 1201 3765 comedere,
1235 3701 1328 3772 qui
1384 3703 1619 3758 cadaver
1679 3704 1798 3775 ejus
1847 3707 2108 3777 tetigerit,

530 3786 846 3843 immundus
877 3789 983 3844 erit
1015 3806 1187 3861 usque
1210 3793 1275 3846 ad
1309 3808 1616 3863 vesperam.
1645 3795 1712 3849 Et
1733 3796 1824 3864 qui
1853 3797 2107 3852 comede-

529 3880 602 3934 rit
635 3896 698 3936 ex
729 3897 796 3936 eo
813 3883 1113 3952 quidpiam,
1148 3894 1311 3955 atque
1351 3888 1671 3956 portaverit,
1705 3889 1906 3944 lavabit
1939 3891 2107 3944 vesti-

531 3981 713 4028 menta
740 3989 858 4040 sua,
890 3986 944 4030 et
979 3976 1293 4040 immundus
1321 3981 1426 4034 erit
1449 3997 1620 4050 usque
1646 3983 1712 4036 ad
1745 3998 2048 4054 vesperam.
2086 4005 2104 4036 ι

599 4064 1066 4128 Quemadmodum
1105 4079 1426 4139 peccatores
1460 4084 1846 4143 permanentes
1885 4075 1939 4129 in
1979 4093 2109 4146 pec-

531 4156 687 4222 catis,
709 4158 1057 4214 abominandi
1089 4172 1240 4227 sunt,
1269 4181 1610 4234 nequaquam
1632 4177 1815 4222 autem
1845 4171 2110 4225 receden-

541 4258 622 4303 tes
653 4264 718 4304 ac
760 4253 1126 4320 puenitentes:
1161 4255 1235 4309 ita
1268 4257 1432 4326 iustis
1461 4259 1608 4312 onmi
1658 4260 1841 4316 studio
1871 4277 2110 4317 concur-

534 4341 764 4395 rendum
796 4351 898 4408 est,
952 4344 1252 4401 scientibus
1281 4349 1441 4403 nobis
1482 4350 1606 4420 quia
1637 4366 1706 4406 ex
1738 4353 1820 4407 eis
1870 4343 2112 4410 sanctifi-

530 4449 741 4489 camur.
804 4435 863 4488 Si
921 4445 1104 4490 autem
1162 4439 1362 4492 mortui
1417 4440 1621 4494 fuerint
1697 4444 1845 4514 gravi
1899 4446 2109 4516 peccati

532 4535 729 4588 morte,
764 4543 872 4581 non
917 4528 1182 4584 debemus
1235 4538 1456 4601 tangere
1501 4532 1716 4586 illorum
1769 4535 1957 4601 vitam,
2007 4553 2109 4592 nec

2215 3349 2467 3395 movetur
2501 3353 2669 3407 super
2694 3346 2916 3391 terram.
2953 3336 3065 3403 Ego
3089 3332 3353 3388 Dominus
3385 3331 3479 3400 qui
3512 3329 3675 3383 eduxi
3706 3342 3800 3381 vos

2212 3430 2281 3486 de
2316 3439 2460 3485 terra
2487 3427 2729 3498 ASgypti,
2747 3438 3002 3481 utessem
3028 3423 3184 3479 vobis
3213 3423 3378 3476 Deus.
3409 3417 3593 3474 Sancti
3626 3417 3795 3479 eritis,

2214 3523 2341 3593 quia
2380 3532 2436 3576 et
2461 3536 2561 3593 ego
2595 3530 2818 3575 sanctus
2848 3534 2992 3574 sum.
3027 3537 3045 3568 ›

2285 3612 2524 3668 Omnino
2554 3611 2811 3682 prohibet
2840 3624 2960 3663 esse
2990 3621 3092 3660 nos
3125 3603 3303 3660 socios
3333 3616 3523 3658 eorum
3564 3597 3657 3667 qui
3695 3608 3798 3651 ter-

2216 3721 2345 3761 rena
2377 3704 2594 3775 sapiunt
2618 3722 2630 3757 :
2664 3718 2766 3757 nec
2791 3701 2832 3756 si
2857 3708 3109 3770 potentes
3130 3699 3350 3768 quidam
3369 3696 3500 3757 sint,
3523 3709 3630 3747 nec
3659 3692 3703 3746 si
3724 3691 3798 3761 ju-

2216 3798 2420 3853 stitiam
2447 3803 2541 3850 aut
2557 3794 2878 3865 sapientiam
2907 3791 3132 3862 ﬁngant,
3153 3806 3254 3844 nec
3277 3789 3320 3843 si
3340 3787 3480 3842 forte
3499 3785 3796 3842 sacerdotio

2215 3892 2302 3946 vel
2349 3890 2663 3960 aliqualihet
2693 3886 3021 3941 amiciantur
3049 3882 3343 3951 dignitate.
3371 3880 3527 3935 Unde
3564 3877 3800 3933 breviter

2215 3985 2460 4042 omnium
2513 3981 2820 4052 repentium
2851 3994 2972 4048 quae
3029 3990 3194 4044 super
3241 3984 3440 4028 terram
3489 3980 3791 4031 moventur,

2216 4079 2552 4134 mentionem
2573 4075 2720 4132 fecit,
2739 4087 2849 4125 non
2880 4069 3197 4140 simpliciter
3215 4069 3318 4123 hoc
3345 4065 3489 4136 quod
3507 4072 3592 4120 est
3612 4076 3794 4131 repere

2216 4185 2508 4239 respuens,
2543 4167 2638 4221 sed
2673 4179 2838 4232 super
2866 4173 3066 4217 terram
3103 4176 3331 4230 repere;
3363 4173 3491 4212 nam
3525 4153 3790 4210 humiliari

2216 4263 2434 4334 quidem
2492 4259 2694 4313 bonum
2751 4264 2866 4320 est,
2927 4263 2986 4307 ut
3051 4263 3233 4306 autem
3258 4251 3326 4304 ad
3390 4259 3665 4302 terrenam
3704 4245 3791 4299 de-

2216 4355 2451 4411 clinetur
2500 4349 2821 4420 sapientiam
2845 4389 2859 4413 ,
2887 4361 2995 4399 non
3028 4351 3113 4398 est
3158 4343 3383 4403 bonum,
3411 4355 3518 4393 nec
3549 4338 3693 4392 utilis
3716 4343 3789 4391 est

2215 4448 2502 4503 animabus
2533 4446 2652 4498 talis
2679 4441 2979 4505 humilitas,
3003 4456 3034 4494 a
3062 4456 3169 4509 qua
3200 4438 3436 4492 liberare
3469 4435 3691 4489 volens:

2288 4542 2400 4613 Ego
2421 4557 2558 4602 sum,
2594 4537 2790 4606 inquit,
2822 4535 3078 4589 Dominus
3112 4533 3248 4585 Dens
3280 4540 3468 4585 vester.
3513 4528 3569 4583 Id
3598 4536 3698 4588 est,
3726 4524 3785 4578 ad

531 4633 725 4673 eorum
757 4621 1190 4676 conversationis
1219 4637 1339 4676 esse
1370 4624 1682 4693 participes,
1706 4627 1940 4682 scientes
1967 4629 2113 4698 quod
2149 4618 2191 4672 υ
2217 4633 2374 4704 cujus
2393 4627 2834 4702 imaginemTacti
2863 4627 3015 4692 estis,
3046 4634 3107 4679 ut
3131 4623 3372 4679 ccelestia
3405 4620 3650 4691 sapiatis,
3673 4633 3784 4672 eum

532 4710 578 4764 si
606 4711 728 4781 quis
781 4713 1039 4783 tetigerit,
1073 4713 1384 4768 immundus
1438 4715 1563 4780 erit,
1615 4733 1899 4789 usquequo
1947 4721 2112 4776 etiam

532 4805 650 4875 ipse
685 4807 969 4875 pwniteat.
999 4806 1104 4861 Sed
1144 4816 1198 4861 et
1241 4808 1330 4877 qui
1365 4809 1665 4864 comederit
1694 4811 1761 4865 de
1811 4814 2114 4870 morticinis

532 4912 745 4964 eorum,
776 4899 829 4953 id
852 4909 955 4966 est,
989 4900 1082 4970 qui
1117 4915 1213 4954 eos
1266 4900 1593 4968 defenderit,
1627 4904 1783 4972 quasi
1814 4905 2112 4964 advocatus

533 4997 885 5057 peccatorum
933 4991 1200 5060 ipsorum,
1238 4991 1322 5046 vel
1369 4993 1678 5061 auxiliator,
1711 5004 1765 5050 et
1819 5008 2111 5070 propterea

533 5080 752 5134 illorum
787 5083 841 5136 in
898 5097 958 5137 se
1006 5095 1228 5154 peccata
1277 5087 1607 5156 suscipiens,
1664 5105 1890 5148 necesse
1952 5095 2117 5150 habet

535 5173 718 5226 lavare
757 5175 1080 5231 vestimenta
1139 5192 1260 5244 sua,
1291 5179 1542 5236 videlicet
1588 5183 1855 5251 actiones,
1901 5187 2026 5257 quia
2060 5195 2116 5241 et

536 5264 653 5332 ipse
683 5280 856 5334 usque
885 5267 952 5320 ad
985 5283 1299 5338 vesperum,
1330 5271 1383 5325 id
1411 5282 1514 5337 est,
1553 5290 1726 5344 usque
1766 5277 1896 5331 dum
1941 5278 2116 5347 pumi-

537 5363 666 5422 teat,
699 5355 1014 5412 immundus
1045 5359 1120 5414 eri
1130 5368 1168 5417 t.

610 5448 771 5510 Vens.
812 5451 1005 5506 41-45.
1050 5472 1069 5505 ι
1097 5452 1272 5510 Omne
1299 5457 1443 5525 quod
1481 5468 1658 5528 reptat
1687 5475 1853 5530 super
1889 5470 2112 5527 terram,

533 5544 902 5600 abominabilc
929 5547 1052 5612 erit,
1085 5562 1187 5603 nec
1239 5559 1552 5605 assumetur
1588 5552 1642 5604 in
1700 5554 1904 5606 cilnun.
1939 5555 2114 5620 Quid-

532 5637 663 5706 quid
691 5638 1068 5709 quadrupedis
1096 5656 1260 5712 super
1282 5652 1473 5712 pectus
1522 5643 1786 5715 graditur,
1833 5655 1888 5700 et
1917 5648 2119 5704 multos

538 5727 701 5782 habet
722 5729 907 5798 pedes,
935 5730 1052 5785 sive
1083 5746 1248 5802 super
1287 5733 1513 5787 humum
1567 5734 1824 5801 trahitur,
1858 5752 1967 5791 non
2026 5755 2119 5795 co-

635 5913 681 5946 "
711 5912 902 5970 Matth.
929 5931 1084 5983 xxnt,
1115 5917 1169 5980 2,
1204 5918 1256 5970 5.
1366 5919 1409 5950 ⁵⁷
1445 5917 1610 5972 Matth
1667 5933 1778 5982 xui,
1835 5919 1924 5974 58.

2212 4725 2304 4796 qui
2343 4725 2399 4778 in
2427 4723 2580 4779 coelis
2626 4721 2834 4776 habitat
2866 4719 3142 4774 imitantes
3171 4735 3183 4771 :
3213 4724 3438 4786 propter
3479 4713 3627 4785 quod
3669 4711 3786 4765 sub-

2211 4815 2379 4872 didit:

2280 4907 2464 4962 Sancti
2493 4905 2662 4971 eritis,
2695 4905 2820 4975 quia
2849 4911 3062 4958 sanctus
3085 4919 3221 4956 sum.
3245 4901 3348 4968 Qui
3372 4917 3482 4954 non
3504 4901 3611 4955 hoc
3636 4897 3788 4953 adde-

2212 5009 2314 5065 ret,
2341 5014 2520 5069 neque
2553 4997 2858 5068 duplicaret
2890 4998 2943 5051 in
2965 4997 3120 5050 nobis
3143 4995 3657 5056 sanctiﬁcationcm,
3695 4991 3785 5046 nisi

2217 5095 2338 5160 ejus
2358 5108 2604 5148 essemus
2635 5092 2927 5162 participes
2977 5100 3035 5146 ct
3070 5097 3353 5146 consortes
3404 5089 3528 5157 ejus
3564 5085 3784 5143 sanctiﬁ-

2219 5186 2446 5242 cationis
2490 5177 2696 5249 ell'ccﬁ,
2749 5185 3026 5239 custodire
3059 5200 3177 5238 eam
3227 5198 3324 5253 per
3373 5182 3782 5252 philosophiam,

2217 5288 2270 5334 et
2304 5287 2543 5334 sanctam
2580 5276 3050 5333 conversationem
3082 5291 3220 5344 opus
3255 5274 3584 5328 haberemus
3618 5291 3630 5325 :
3663 5269 3786 5324 unde

2217 5371 2324 5425 ait:

2287 5463 2367 5518 Ne
2387 5464 2635 5533 polluatis
2663 5464 2872 5516 animas
2900 5471 3113 5515 restras.
3146 5460 3384 5513 Primum
3411 5459 3655 5528 quidem,
3678 5457 3784 5527 quia

2219 5558 2480 5612 donatum
2527 5566 2613 5611 est
2658 5556 2873 5617 animae,
2924 5570 3046 5608 esse
3095 5553 3162 5606 ad
3219 5551 3509 5623 imaginem
3567 5551 3689 5605 Dei:
3740 5556 3783 5602 et

2220 5650 2458 5704 maxime
2495 5649 2550 5702 in
2582 5663 2644 5702 ea
2693 5663 2813 5702 esse
2874 5646 3363 5701 sanctificatiouem
3419 5643 3586 5734 vult.ﬁ
3615 5652 3779 5711 utpote

2222 5757 2341 5816 qna-
2374 5740 2734 5812 principatum
2764 5755 2930 5809 super
2962 5754 3124 5794 omne
3155 5737 3355 5793 animal
3389 5746 3560 5792 tenet.
3597 5734 3779 5789 Deinde
