4046 6456
233 464 350 530 921

1386 467 1465 527 IN
1502 465 1940 528 LEVITICUM.
1978 492 2042 500 -
2085 467 2230 526 LIB.
2267 467 2383 527 III.

240 578 494 634 ostendit
530 576 886 648 pollutionem
913 591 1073 646 quam
1096 575 1222 634 odio
1255 579 1438 644 habet,
1475 595 1584 634 non
1612 596 1733 648 esse
1765 580 1832 634 de
1863 586 1904 642 Α
1937 581 2003 636 de
2036 579 2235 650 quibus
2267 579 2565 646 dubitatur,
2586 595 2820 649 quorum
2851 579 3244 636 dubitationem
3268 581 3515 643 docendo

237 670 482 725 mortuis
503 670 848 739 corporibus,
883 678 975 724 aut
1005 671 1140 726 cibis
1165 671 1480 737 immundis,
1507 673 1828 743 corporibus

234 762 390 818 sicut
423 763 640 832 quidam
673 771 867 831 putant
889 761 1104 829 factam,
1148 765 1242 819 sed
1299 780 1440 829 eam,
1473 781 1595 834 quae
1623 766 1826 820 anima-

239 856 352 911 bus
383 873 453 912 ex
483 858 789 912 actionibus
816 857 972 911 malis
1004 859 1206 912 evenit.
1248 858 1442 914 Dicens
1495 869 1677 913 autem
1718 876 1825 914 non

239 958 504 1018 oportere
531 950 584 1002 in
621 949 832 1004 cunctis
865 950 1150 1018 reptilibus
1199 966 1321 1020 qua:
1349 961 1636 1006 moventur
1665 968 1830 1021 super

241 1050 474 1107 terram,
526 1042 736 1096 animas
768 1051 984 1097 nostras
1010 1043 1196 1113 pollui,
1247 1045 1470 1100 omnino
1509 1055 1828 1115 competen-

242 1139 333 1185 ter
363 1132 603 1184 addidit:

320 1217 436 1288 Ego
485 1219 736 1274 Dominus
765 1221 855 1291 qui
889 1221 1045 1274 eduxi
1081 1238 1167 1275 vos
1205 1222 1268 1274 de
1299 1231 1441 1275 terra
1481 1222 1719 1293 Egypti,
1772 1233 1826 1278 ut

240 1326 412 1363 essem
439 1311 579 1364 vobis
612 1313 665 1364 in
685 1312 870 1366 Deum.
892 1313 996 1366 Per
1025 1312 1339 1382 IEgyplum,
1362 1312 1576 1384 IEgypti
1597 1316 1827 1370 demon-

240 1411 430 1456 strans
464 1405 623 1468 mala,
662 1414 717 1458 et
754 1405 936 1458 omnia
968 1421 1129 1474 opera
1161 1407 1531 1461 tenebrarum.
1563 1408 1828 1480 {Egyptus

239 1493 395 1548 enim
455 1496 870 1551 contenebratio
916 1497 1323 1566 interpretatur.
1347 1497 1557 1563 Quibus
1609 1501 1653 1555 si
1705 1503 1829 1571 quis

238 1600 376 1639 vere
399 1601 587 1641 carere
638 1587 891 1652 voluerit,
940 1597 995 1643 et
1043 1605 1168 1642 eum
1216 1589 1309 1659 qui
1361 1607 1490 1644 vere
1524 1600 1609 1646 est
1660 1593 1826 1660 Deus,

239 1676 450 1731 habere
479 1694 638 1731 suum
670 1679 858 1744 Deum,
885 1695 997 1734 non
1029 1680 1202 1735 solum
1252 1682 1605 1738 idololatriam
1637 1701 1829 1742 cavere

237 1769 428 1835 debet,
476 1771 570 1826 sed
598 1771 642 1826 si
682 1789 812 1828 vere
837 1773 885 1827 ei
910 1774 1195 1830 adhaerere
1238 1776 1528 1843 desiderat,
1578 1780 1702 1849 quia
1741 1781 1829 1837 ille

236 1871 468 1916 sanctus
486 1873 588 1924 est,
621 1864 737 1934 ipse
761 1882 979 1935 quoque
1004 1867 1418 1923 sanctimoniam
1440 1871 1679 1936 studeat,
1710 1874 1826 1930 sine

241 1967 354 2021 qua
389 1970 551 2007 nemo
587 1955 788 2010 videbit
828 1958 1016 2011 lleum.

313 2062 476 2119 Vens.
504 2066 594 2131 46,
634 2070 719 2122 47.
764 2087 781 2119 ι
819 2069 926 2123 Ista
967 2079 1051 2125 est
1075 2070 1158 2124 lex
1190 2072 1551 2127 animantium
1585 2085 1639 2130 et
1675 2079 1827 2132 volu-

237 2174 419 2223 crum,
448 2168 502 2213 et
545 2162 725 2217 omnis
768 2166 963 2220 animae
1017 2165 1251 2220 viventis
1316 2183 1437 2235 qua:
1480 2179 1730 2224 movetur
1769 2172 1824 2227 in

235 2266 384 2318 aqua
437 2262 492 2308 et
531 2261 709 2324 reptat
754 2256 808 2309 in
859 2265 1023 2320 terra,
1077 2268 1135 2312 ut
1177 2259 1520 2315 diﬁerentias
1565 2264 1825 2319 noveritis

235 2345 430 2398 mundi
465 2355 516 2398 et
545 2348 828 2412 immundi,
872 2358 927 2403 et
969 2350 1156 2405 sciatis
1209 2351 1341 2420 quid
1397 2353 1682 2408 comedere
1733 2364 1826 2410 aut

235 2434 375 2503 quid
407 2452 659 2506 respuere
693 2440 960 2495 debeatis.
988 2460 1006 2493 ι

314 2525 782 2597 Recapitulatione
831 2549 982 2588 more
1031 2549 1130 2590 suo
1160 2552 1307 2590 nunc
1342 2537 1506 2593 etiam
1552 2539 1826 2610 legislator

237 2618 434 2681 utitur,
475 2629 532 2673 ut
561 2621 744 2675 norint
776 2623 1039 2693 legentes,
1074 2627 1142 2681 de
1178 2629 1377 2696 quibus
1401 2631 1510 2698 jam
1554 2631 1638 2684 lex
1668 2631 1820 2696 dixit,

235 2716 294 2761 et
317 2707 474 2763 facile
492 2725 555 2763 ea
579 2723 1014 2780 perscrulentur.
1039 2716 1192 2781 Quod
1214 2729 1396 2773 autem
1430 2736 1576 2774 nunc
1596 2721 1821 2788 addidit,

235 2801 561 2856 admirabile
585 2805 870 2875 omnisque
898 2808 1116 2877 plenum
1142 2812 1456 2879 juvaminis,
1494 2817 1824 2870 notandum-

236 2907 350 2962 que
379 2903 496 2947 est:
542 2896 807 2964 prolatam
841 2899 1044 2968 quippe
1067 2901 1202 2956 dixit
1261 2905 1431 2974 legem
1466 2906 1824 2962 dinumeratis

235 2985 607 3040 animalibus:
644 3002 747 3041 nec
772 2989 946 3042 solum
983 3001 1041 3045 ut
1076 3003 1295 3061 separet
1341 2996 1483 3050 inter
1516 2999 1714 3052 munda
1770 3009 1824 3052 et

237 3073 548 3140 immunda,
579 3077 670 3130 sed
715 3087 772 3131 ut
811 3079 985 3133 sciant
1019 3081 1110 3135 ﬁlii
1153 3082 1336 3149 Israel,
1371 3086 1453 3140 vel
1497 3100 1825 3158 cognoscant

236 3166 392 3220 inter
432 3167 772 3224 viviﬁcantes
819 3186 905 3242 ea,
936 3189 1057 3242 quae
1085 3177 1469 3232 comeduntur.
1526 3179 1664 3251 Ergo
1712 3198 1822 3236 non

1931 671 2348 742 compescimus,
2391 671 2612 740 quando
2653 672 2786 744 legis
2840 673 3103 728 doctrinae
3132 676 3512 734 convenientia

1931 765 2210 819 docemus.

2530 859 2760 915 CAPUT
2804 858 2918 914 Xll.
3493 909 3496 914 .

2003 947 2163 1004 Vens.
2201 949 2316 1005 l-5.
2361 971 2378 1002 ι
2421 951 2659 1008 Locutus
2709 963 2792 1008 est
2845 953 3106 1008 Dominus
3169 954 3237 1009 ad
3289 955 3508 1027 Moysen

1929 1040 2146 1096 dicens:
2186 1041 2433 1112 Loquere
2465 1045 2590 1099 ﬁliis
2633 1044 2815 1106 Israel,
2851 1055 2907 1100 et
2935 1045 3083 1100 dices
3116 1046 3183 1100 ad
3214 1062 3341 1102 eos:
3394 1047 3510 1101 Mu-

1928 1134 2030 1188 lier
2059 1135 2101 1187 si
2126 1145 2380 1204 suscepto
2401 1136 2610 1190 semine
2633 1137 2906 1206 pepererit
2929 1139 3249 1202 masculum,
3275 1140 3510 1193 immun-

1929 1227 1996 1281 da
2047 1229 2151 1282 erit
2217 1239 2426 1298 septem
2475 1230 2703 1294 diebus,
2763 1231 2917 1299 juxta
2973 1231 3089 1285 dies
3150 1233 3510 1301 separatiouis

1931 1329 2246 1375 menstruae.
2312 1321 2408 1374 Die
2475 1332 2669 1376 octavo
2724 1322 3146 1377 circumcidetur
3190 1323 3506 1379 infantulus.

1931 1414 2048 1482 Ipsa
2081 1430 2208 1468 vero
2232 1415 2450 1485 triginta
2483 1415 2678 1470 diebus
2717 1416 2960 1470 manebit
2988 1417 3042 1469 in
3076 1418 3338 1487 sanguine
3362 1417 3510 1487 puri-

1929 1506 2200 1561 ﬁcationis
2235 1522 2368 1562 suae.
2403 1507 2579 1560 Omne
2629 1517 2877 1561 sanctum
2911 1523 3020 1562 non
3069 1516 3272 1577 tanget,
3307 1517 3363 1562 et
3407 1524 3510 1564 nec

1930 1600 2265 1671 ingredietur
2321 1600 2727 1667 sanctuarium,
2785 1601 2961 1655 donec
3014 1600 3344 1670 impleantur
3393 1600 3511 1656 dies

1930 1697 2266 1769 purgationis
2311 1698 2450 1763 ejus.
2509 1697 2605 1749 Sin
2659 1705 2844 1750 autem
2897 1695 3156 1750 feminam
3211 1698 3505 1766 pepererit,

1930 1790 2208 1844 immunda
2249 1789 2356 1843 erit
2404 1788 2618 1843 duabus
2651 1788 3109 1852 hebdomadibus,
3144 1789 3295 1856 juxta
3342 1789 3509 1843 ritum

1883 1937 1898 1960 ι
1929 1882 2104 1935 ﬂuxus
2136 1881 2423 1934 menstrui.
2460 1879 2522 1932 Et
2561 1879 2841 1946 sexaginta
2875 1887 2930 1932 et
2958 1894 3051 1933 sex
3081 1877 3276 1932 diebus
3323 1891 3509 1933 mane-

1883 1962 1899 1982 ’
1929 1973 2008 2027 bit
2041 1973 2096 2026 in
2125 1973 2390 2044 sanguine
2426 1971 2824 2042 puriﬁcationis
2853 1986 2986 2024 suae.
3026 1989 3043 2021 ι

2002 2064 2286 2119 Manifesta
2345 2074 2430 2118 est
2501 2059 2829 2134 legislatoris
2888 2061 3151 2126 intentio,
3222 2061 3506 2130 antiquum

1928 2156 2142 2226 generis
2180 2157 2399 2210 humani
2433 2153 2791 2226 signiﬁcantis
2815 2168 3125 2216 excessum,
3180 2161 3344 2222 atque
3387 2152 3510 2206 ideo

1927 2265 1993 2301 ex
2029 2247 2286 2301 omnibus
2315 2247 2400 2302 bis
2421 2245 2672 2301 conferre
2698 2245 2855 2300 nobis
2894 2244 3190 2308 desiderat,
3222 2252 3283 2296 ut
3338 2241 3509 2295 evite-

1926 2355 2049 2393 mus
2088 2339 2379 2394 sazculares
2400 2355 2511 2403 res,
2547 2347 2603 2393 et
2633 2339 2878 2392 actiones
2909 2337 3113 2398 carnis,
3135 2341 3321 2404 utpote
3349 2332 3510 2386 nobis

1927 2449 2037 2487 non
2069 2434 2208 2487 bene
2249 2433 2554 2486 valentibus
2585 2430 2870 2502 profligare
2900 2428 3338 2491 sanctimoniam,
3391 2440 3510 2479 sme

1927 2542 2030 2596 qua
2068 2542 2230 2579 nemo
2269 2525 2474 2579 videbit
2507 2528 2695 2578 Deum.
2729 2522 2862 2577 Nam
2890 2521 3127 2576 mundus
3161 2519 3380 2588 quidem
3413 2534 3511 2587 per

1927 2621 2171 2689 seipsum
2212 2619 2391 2673 bonus
2421 2626 2526 2684 est,
2589 2626 2770 2672 ortum
2819 2615 2948 2669 solis
3007 2621 3254 2676 cernere,
3299 2611 3506 2675 lunam,

1926 2713 2216 2781 stellasque
2275 2712 2470 2767 ccelum
2530 2716 2881 2772 coronantes,
2934 2716 3132 2761 terram
3191 2704 3505 2767 distentam,

1926 2806 2182 2860 diﬁttSttiti
2220 2821 2389 2869 mare,
2413 2813 2468 2857 ut
2491 2820 2559 2857 ex
2591 2803 2673 2856 liis
2709 2802 2967 2855 omnibus
2993 2798 3259 2868 sapientia
3286 2796 3511 2866 colliga-

1927 2908 2014 2953 tur
2075 2906 2130 2952 et
2188 2898 2513 2966 conjiciatur
2561 2894 2806 2965 Opiﬁcis.
2865 2892 3126 2947 Similiter
3183 2898 3238 2945 et
3307 2901 3510 2958 corpus

1926 2991 2131 3045 bonum
2169 2999 2272 3056 est,
2307 2997 2362 3044 et
2390 2989 2555 3043 nimis
2591 2988 2794 3042 bonum
2832 2985 2978 3056 quod
3015 2983 3173 3038 nobis
3201 2982 3255 3036 in
3295 2980 3509 3036 virtuti-

1928 3085 2028 3138 bus
2057 3083 2374 3137 collaborat.
2419 3082 2595 3135 Habet
2627 3079 2772 3134 enim
2801 3078 3226 3132 instrumentum
3258 3074 3323 3128 ad
3345 3073 3508 3144 glori-

1927 3177 2198 3232 ﬁcandum
2259 3175 2450 3240 Deum,
2501 3174 2762 3244 linguam,
2821 3171 3064 3238 aliosque
3102 3167 3193 3237 qui
3236 3168 3290 3220 in
3348 3165 3508 3219 nobis

234 3258 351 3313 cibi
393 3275 494 3314 nos
533 3262 765 3317 mundos
822 3267 1057 3322 reddunt
1099 3285 1199 3323 nec
1253 3273 1522 3340 polluunt,
1577 3275 1670 3328 sed
1721 3291 1821 3330 nos
1848 3272 1888 3326 C
1925 3282 2288 3332 suntscnsus,
2313 3284 2408 3337 per
2429 3282 2566 3337 quos
2587 3265 2944 3335 respicientes
2964 3272 3270 3318 creaturam
3294 3258 3505 3323 mundi,

235 3366 358 3418 eos,
392 3352 660 3421 siquidem
689 3372 791 3410 nos
825 3359 1166 3415 vivilicamus
1185 3377 1249 3416 ea
1299 3380 1418 3433 quze
1439 3367 1819 3422 comeduntur.

236 3443 307 3498 Et
333 3446 789 3514 quemadmodum
839 3454 1018 3508 omnis
1048 3454 1201 3509 cibus
1227 3456 1423 3520 bonus,
1461 3469 1508 3511 et
1534 3461 1663 3513 nihil
1682 3462 1824 3530 reji—

234 3537 480 3591 ciendum
516 3551 611 3602 est,
646 3545 782 3612 quod
814 3560 931 3597 cum
963 3547 1260 3614 gratiarum
1279 3550 1485 3603 actione
1513 3553 1818 3620 percipitur,

231 3631 603 3698 sanctificatur
635 3635 773 3686 enim
826 3651 920 3702 per
963 3647 1175 3692 verbum
1235 3640 1352 3704 Dei,
1388 3643 1531 3696 sicut
1560 3643 1634 3696 ait
1683 3644 1824 3698 Pau—

233 3719 354 3779 lus.
387 3731 436 3774 et
482 3725 774 3779 orationem
799 3727 844 3758 ⁵⁸
876 3743 890 3780 :
921 3729 1001 3784 sic
1043 3746 1104 3784 ea
1154 3748 1274 3801 qua:
1321 3735 1708 3797 comeduntur,
1758 3753 1821 3791 ea

233 3812 492 3868 videlicet
547 3833 668 3885 quae
705 3819 956 3873 nutriunt
987 3822 1244 3888 animam,
1295 3825 1347 3878 id
1374 3837 1478 3890 est,
1515 3828 1683 3883 bonas
1728 3845 1822 3884 ac-

237 3901 438 3972 tiones,
481 3923 582 3962 nos
616 3911 974 3977 viviﬁcamus,
1029 3914 1074 3967 si
1127 3915 1268 3970 bene
1319 3918 1400 3971 eis
1434 3927 1674 3974 utamur.
1723 3922 1820 3975 Sin

233 4006 427 4052 autem
479 4002 641 4066 male,
697 4018 806 4057 non
836 4005 1195 4071 viviﬁcamus,
1250 4009 1348 4062 sed
1403 4010 1819 4067 mortiﬁcamus.

233 4087 339 4154 Qui
371 4090 518 4144 enim
562 4108 629 4145 ex
665 4094 953 4164 iniquitate
994 4097 1123 4152 facit
1172 4101 1594 4172 eleemosynam,
1633 4105 1822 4158 morti-

237 4182 366 4236 ticat
397 4183 516 4252 ejus
550 4185 831 4252 virtutem,
868 4190 984 4244 sive
1016 4193 1336 4260 potentiam.
1393 4194 1456 4248 Et
1487 4197 1629 4265 quia
1685 4197 1821 4251 cibis

233 4273 535 4339 abstinent,
574 4293 672 4346 per
725 4279 964 4349 linguam
1004 4298 1131 4336 vero
1187 4285 1446 4340 fratribus
1500 4288 1816 4355 detrahunt,

232 4366 302 4419 de
330 4367 530 4435 quibus
558 4367 726 4425 David
754 4373 922 4429 dicit:
955 4375 1058 4440 Qui
1089 4377 1341 4431 devorant
1383 4380 1580 4449 plebem
1624 4400 1815 4447 meam,

229 4458 368 4512 sicut
399 4475 570 4514 escam
615 4463 862 4531 panis";
907 4467 1238 4522 mortiﬁcant
1294 4471 1352 4524 hi
1407 4472 1814 4538 abstinentiam,

230 4559 457 4620 propter
483 4555 626 4621 quod
660 4555 1009 4613 beatitudinis
1043 4570 1148 4623 est,
1187 4577 1346 4616 nosse
1390 4563 1699 4618 discernere
1732 4581 1817 4619 m-

1926 3378 2196 3432 omneque
2224 3362 2344 3431 ejus
2376 3359 2648 3424 solatium,
2706 3373 2802 3426 per
2843 3357 2959 3410 luec
2998 3355 3148 3408 aliud
3204 3354 3504 3415 intuentes,

1924 3457 2250 3525 eonjicimus
2285 3463 2340 3507 et
2365 3468 2430 3505 ex
2467 3452 2552 3505 his
2582 3466 2703 3520 qua:
2734 3448 2874 3503 facta
2905 3458 3054 3513 sunt,
3102 3462 3164 3500 ea
3209 3460 3332 3514 quae
3379 3449 3508 3497 sunt

1924 3546 2238 3602 invisibilia.
2273 3545 2378 3598 Sed
2415 3543 2539 3612 quia
2571 3552 2626 3596 et
2646 3541 2846 3595 saeculo
2876 3548 2932 3593 et
2981 3552 3145 3592 carne
3169 3537 3306 3590 male
3345 3532 3504 3589 simul

1923 3640 2006 3695 usi
2035 3655 2246 3703 sumus,
2276 3639 2347 3692 ita
2376 3645 2435 3691 ut
2468 3636 2730 3690 Dominus
2754 3634 2820 3688 de
2838 3632 3040 3686 mundo
3070 3630 3309 3685 diceret:
3345 3626 3505 3680 Mim-

1921 3736 2018 3787 dus
2054 3734 2111 3786 in
2136 3731 2368 3802 maligno
2419 3730 2619 3799 positus
2647 3737 2724 3782 est
2745 3727 2824 3791 ⁶⁰;
2857 3724 3058 3779 Paulus
3086 3731 3268 3778 autem
3298 3740 3311 3776 :
3348 3720 3505 3774 Video

1921 3827 2084 3880 aliam
2116 3826 2278 3894 legem
2305 3826 2359 3876 in
2387 3822 2629 3877 membris
2648 3820 2797 3885 meis,
2831 3825 3208 3888 repugnantem
3239 3813 3340 3884 legi
3361 3829 3505 3866 mett-

1921 3917 1987 3970 tis
2041 3917 2272 3980 metu“;
2324 3923 2378 3968 et
2411 3927 2650 3967 rursus:
2699 3910 2810 3981 Ego
2857 3919 3034 3963 autem
3081 3904 3314 3960 carnalis
3365 3920 3503 3966 sum,

1919 4011 2246 4062 venundatus
2299 4007 2392 4060 sub
2448 4004 2763 4075 peccato“;
2818 4011 2873 4057 et
2916 4015 3164 4055 rursus:
3216 3997 3506 4067 Manifesta

1921 4111 2097 4154 autem
2119 4109 2242 4152 sunt
2267 4115 2427 4166 opera
2460 4097 2672 4150 carnis:
2702 4111 2820 4166 qua:
2859 4104 2981 4148 sunt
3002 4092 3304 4165 fornicatio,
3338 4086 3506 4143 adul-

1921 4194 2078 4256 teria,
2109 4191 2470 4254 immunditia,
2505 4201 2554 4242 et
2581 4204 2698 4256 qua:
2728 4189 2808 4241 his
2831 4186 3030 4240 similia
3071 4185 3277 4247 sunt”,
3325 4183 3392 4236 ab
3420 4181 3505 4236 bis

1920 4285 2004 4338 lex
2030 4298 2129 4337 nos
2159 4282 2392 4336 liberare
2421 4287 2673 4343 conatur,
2712 4287 2768 4332 et
2802 4278 2870 4332 de
2903 4277 3006 4330 bac
3055 4290 3112 4328 re
3147 4272 3318 4327 multa
3369 4270 3507 4326 scri-.

1919 4379 2051 4432 bere
2083 4391 2192 4430 non
2220 4385 2399 4430 cessat
2432 4373 2743 4443 aenigmata,
2787 4370 2930 4424 sicut
2959 4376 3015 4422 et
3061 4381 3212 4420 nunc
3259 4377 3506 4418 commu-a

1919 4471 2012 4525 nia
2059 4479 2114 4524 et
2144 4467 2420 4538 specialia.
2449 4465 2674 4520 Intende
2714 4463 2913 4533 quibus
2958 4459 3140 4514 verbis
3166 4457 3234 4512 ad
3286 4454 3506 4525 Moysen

1927 4562 2190 4618 Dominus
2242 4561 2460 4615 locutus
2509 4566 2593 4612 est
2623 4598 2637 4621 ,
2675 4563 2735 4610 ut
2787 4555 2879 4609 ille
2939 4553 3064 4607 ﬁliis
3111 4548 3270 4604 Israel
3311 4546 3503 4602 eadem

232 4652 317 4696 ter
348 4643 680 4700 viviticantia
713 4663 797 4714 ea,
835 4666 955 4718 qua:
1007 4655 1391 4720 comeduntur,
1437 4657 1712 4723 animalia,
1763 4667 1820 4712 et
1853 4635 1893 4687 υ
1924 4657 2088 4711 verba
2122 4653 2474 4708 ministraret.
2501 4649 2758 4703 Faciebat
2782 4655 2966 4701 autem
3003 4646 3107 4698 hoc
3135 4656 3243 4695 non
3277 4639 3498 4698 frustra,

229 4749 296 4787 ea
337 4749 462 4803 quae
502 4753 612 4790 non
645 4741 1030 4806 comeduntur,
1053 4744 1104 4796 id
1131 4755 1234 4809 est,
1268 4746 1411 4800 inter
1441 4762 1534 4802 eos
1556 4749 1646 4816 qui
1679 4748 1817 4802 bene

226 4826 376 4882 bona
437 4839 625 4898 agunt,
663 4841 718 4884 et
774 4834 943 4887 malas
997 4837 1262 4892 actiones.
1312 4839 1438 4894 Haec
1485 4848 1615 4893 sunt
1669 4840 1816 4895 enim

225 4922 488 4976 animalia
510 4939 632 4992 qua:
681 4941 790 4978 non
835 4929 1222 4995 comeduntur,
1281 4941 1336 4985 et
1395 4933 1656 4990 discernit
1705 4954 1815 4992 non

226 5009 412 5062 solum
440 5011 641 5077 sciens,
668 5015 760 5067 sed
798 5017 886 5083 qui
912 5018 1196 5072 scientiam
1220 5022 1509 5077 conﬁrmat
1536 5026 1812 5095 operibus.

225 5098 389 5168 Quod
430 5105 586 5171 pauci
616 5105 670 5158 in
705 5107 808 5162 hoc
844 5112 1066 5166 student
1097 5113 1317 5178 saeculo,
1348 5116 1530 5170 multis
1562 5134 1680 5171 eam
1719 5135 1819 5188 per

232 5194 391 5248 dolos
445 5195 836 5264 inﬁcientibus,
891 5204 1185 5274 multisque
1232 5191 1670 5264 adulteﬂmtibus
1720 5227 1818 5281 per

229 5287 570 5354 hypocrisin,
606 5298 664 5343 ut
694 5292 912 5360 quidam
951 5296 1062 5365 jam
1093 5297 1364 5365 dubitent,
1398 5302 1560 5354 etiam
1594 5302 1647 5355 in
1675 5303 1817 5357 veris

227 5376 414 5441 bonis,
458 5394 580 5448 quae
618 5382 727 5436 sint
759 5387 1114 5453 comedenda,
1146 5405 1267 5457 quae
1309 5406 1420 5445 non
1456 5393 1813 5460 comedenda,

229 5475 460 5534 propter
484 5469 628 5537 (μιυά
658 5469 767 5523 ait:

296 5558 411 5612 Ista
441 5570 516 5612 est
553 5560 655 5614 lex.
690 5563 806 5617 Non
837 5566 1012 5620 solum
1038 5568 1404 5634 discernendi,
1455 5575 1551 5629 sed
1600 5574 1807 5629 sciendi

226 5649 370 5705 ﬁlios
405 5651 594 5707 Israel.
645 5652 1066 5727 Cognoscuntur
1104 5672 1307 5730 autem,
1345 5666 1428 5719 vel
1464 5667 1714 5720 sciuntur
1743 5681 1807 5721 ea

317 5875 365 5907 ⁵⁸
393 5875 412 5929 1
438 5875 577 5932 Tim.
616 5897 688 5943 Iv,
720 5883 770 5937 4.

850 5884 894 5915 ⁵⁵
928 5883 1070 5939 Psal.
1098 5901 1192 5951 ιιι,
1217 5886 1268 5942 5.

211 5947 271 5983 -οδ
306 5947 476 6002 Exod.
503 5965 590 6018 xx,
623 5951 704 6004 l9.

1373 5887 1415 5920 ‘°
1440 5888 1461 5944 I
1486 5889 1642 5944 Joan.
1679 5907 1730 5957 ν,
1768 5891 1854 5947 l9.

1923 4748 2019 4804 sed
2065 4747 2241 4816 palam
2273 4745 2677 4802 demonstrans,
2723 4738 2869 4807 quod
2924 4737 3039 4806 ipse
3065 4733 3284 4804 quidem
3335 4727 3500 4798 Moysi

1922 4842 2254 4911 loqueretur,
2287 4846 2346 4891 ut
2369 4835 2435 4889 ad
2464 4831 2869 4902 intelligendam
2907 4829 3162 4884 virtutem
3202 4824 3336 4894 legis
3380 4821 3501 4876 ido-

1919 4935 2061 4986 neo:
2102 4929 2312 5000 Moyses
2357 4934 2540 4980 autem
2611 4922 2834 4992 populo,
2887 4929 2948 4975 ut
2989 4919 3115 4988 quia
3161 4930 3271 4970 non
3325 4920 3497 4968 totum

1921 5023 2192 5094 capiebat,
2237 5034 2340 5073 nec
2391 5015 2636 5086 spiritale
2693 5012 2970 5081 suscipere
3016 5007 3351 5068 mandatum,
3397 5018 3502 5057 nec

1925 5115 2032 5168 Deo
2056 5114 2309 5181 loquente
2339 5109 2529 5164 audire
2553 5108 2753 5176 legem,
2795 5104 3112 5159 sublimiora
3163 5105 3499 5152 narrantem.

1923 5205 2063 5260 [line
2098 5204 2244 5259 enim
2275 5202 2421 5272 quod
2454 5202 2573 5270 ipso
2596 5199 2706 5254 Deo
2733 5199 2904 5269 legem
2927 5197 3110 5261 dante,
3153 5192 3406 5248 dicebant
3432 5189 3500 5244 ad

1920 5299 2169 5369 Moysen:
2201 5299 2434 5365 Loquere
2464 5306 2518 5349 tu
2543 5295 2706 5356 nobis,
2743 5303 2791 5348 et
2822 5293 3133 5346 audiemus:
3167 5304 3268 5342 non
3314 5285 3501 5350 loqua-

1921 5398 2007 5442 tur
2035 5387 2181 5440 nobis
2222 5386 2501 5448 Dominus,
2556 5400 2619 5437 ne
2673 5385 2807 5454 forte
2848 5377 3236 5435 moriamur“.
3288 5374 3392 5428 Sed
3446 5380 3501 5426 et

1922 5475 2199 5531 humiliter
2227 5490 2345 5528 eam
2369 5483 2531 5542 atque
2555 5471 2859 5526 secundum
2900 5469 3193 5522 humanam
3229 5460 3500 5532 possibili-

1921 5579 2106 5632 tatem,
2154 5567 2372 5621 homine
2401 5565 2651 5619 videlicet
2677 5563 2944 5623 tradente,
2970 5557 3293 5626 suscipiunt,
3337 5563 3396 5606 ut
3432 5551 3500 5605 ad

1917 5662 2166 5734 spiritum
2214 5658 2475 5730 paulatim
2514 5657 2866 5712 ascendatur.
2908 5651 3012 5708 Per
3042 5651 3280 5704 litteram
3336 5643 3500 5715 igitur

1933 5891 1974 5923 ⁶¹
2010 5888 2168 5944 Rom.
2207 5903 2303 5946 vn,
2356 5881 2448 5935 23.
2563 5880 2606 5910 ⁶²
2636 5875 2767 5932 ibid.
2813 5877 2898 5931 14.
3013 5874 3056 5906 ⁸³
3085 5871 3257 5927 Galat.
3288 5884 3343 5933 v,
3403 5865 3481 5919 19.
