3946 6428
529 423 638 493 923

1725 422 2088 484 HESYCHII
2129 421 2605 483 PRESBYTER!

3733 419 3825 484 924

534 557 723 599 semen
753 538 1061 610 suscipiens
1091 547 1174 593 est
1201 535 1418 602 mulier,
1451 553 1575 606 qua:
1615 537 1714 594 viri
1748 538 1991 609 concipit
2046 553 2112 592 ex
2145 544 2188 598 Α
2218 546 2401 592 autent
2453 535 2650 591 diebus
2683 534 2759 589 ait
2813 545 3044 591 matrem
3097 549 3222 590 esse
3275 531 3672 588 immundam.
3730 538 3825 591 Aut

533 633 768 692 semine.
801 632 954 688 lianc
980 641 1189 702 septem
1223 630 1420 685 diebus
1450 646 1572 686 esse
1599 631 1934 686 immundam
1977 632 2127 708 dicit,

534 736 592 785 et
617 725 1004 799 quamobrem?
1033 723 1284 780 videlicet
1305 722 1434 793 quia
1471 733 1622 779 sator
1654 724 1970 779 immundus
2020 735 2126 796 est,

539 828 731 891 utpote
787 819 962 872 lueres
991 816 1185 880 Adam,
1220 815 1312 884 qui
1347 830 1445 880 per
1481 815 1972 885 transgressionem
2028 815 2131 868 im—

535 912 775 967 mundus
806 909 980 965 factus
1001 949 1014 970 .
1043 919 1207 978 atque
1244 911 1316 962 ita
1368 907 1491 962 Eva:
1518 908 1732 973 mistus,
1772 923 1934 961 omne.
1958 922 2130 978 genus

536 1003 838 1057 humanum
891 1001 1020 1056 fecit
1057 1001 1428 1054 immundum.
1461 1001 1665 1069 Aperte
1710 1009 1892 1053 autem
1931 1001 2035 1054 hoc
2073 999 2124 1052 in

537 1105 689 1145 sacra
721 1087 1004 1158 Scriptura
1047 1087 1338 1158 legitur“,
1373 1087 1517 1157 quod
1559 1098 1850 1157 postquam
1887 1088 2021 1142 exiit
2061 1089 2127 1141 de

537 1182 812 1252 paradiso,
849 1179 1136 1234 mulierem
1173 1195 1328 1234 suam
1357 1179 1528 1234 Adam
1554 1180 1828 1249 cognovit,
1858 1188 2021 1248 atque
2052 1179 2126 1234 ita

535 1273 727 1328 deduci
752 1272 1240 1342 cmpithumanum
1273 1289 1463 1343 genus.
1500 1275 1720 1344 Septem
1775 1283 1958 1328 autem
2012 1273 2128 1328 dies

536 1363 663 1418 ideo
714 1363 1001 1417 mulierem
1062 1377 1185 1416 esse
1257 1363 1518 1433 praecepit
1574 1363 1950 1430 immundam,
1998 1365 2123 1433 quia

536 1454 731 1520 Adam,
753 1469 848 1524 per
882 1454 1040 1524 cujus
1062 1469 1250 1509 semen
1270 1455 1516 1526 suscepit
1542 1456 1968 1522 immunditiam,
2000 1473 2123 1513 cum

537 1562 740 1619 genere
762 1547 1210 1610 vitam,nostram
1240 1549 1454 1619 polluit.
1511 1548 1732 1620 Septem
1773 1551 1982 1606 dierum
2022 1568 2124 1606 nu-

536 1655 721 1696 merus
759 1640 1028 1712 significat
1076 1657 1175 1711 per
1220 1657 1386 1712 quem
1446 1650 1693 1713 tempora
1739 1644 2120 1701 revolvuntur.

535 1733 768 1803 Propter
793 1734 939 1803 quod
996 1734 1160 1788 etiam
1192 1735 1313 1804 ejus
1347 1735 1566 1806 requies
1617 1737 1847 1807 septima
1876 1738 2013 1804 dies,
2069 1738 2121 1794 id

536 1836 646 1892 est,
718 1825 1056 1895 intelligibile
1121 1837 1375 1896 speratur
1445 1829 1765 1884 Sabbatum.
1839 1827 2120 1896 Quomodo

2237 629 2378 684 forte
2416 630 2541 700 quia
2566 628 2952 684 inobedientiae
2974 643 3138 684 causa
3172 626 3280 682 Eva
3329 625 3578 682 seducta
3608 629 3823 696 exstitit,

2236 723 2600 798 transgressio
2625 732 2832 790 autem,
2867 723 2982 778 sive
3014 723 3389 779 inobedientia
3431 722 3827 777 immunditiam

2232 817 2794 886 nobis'sordemque
2849 816 3144 882 contraxit,
3203 816 3324 870 ideo
3389 816 3508 870 hoc
3569 812 3830 884 quodest

2232 907 2487 976 amplius,
2531 907 2811 976 legislator
2838 906 2891 960 in
2955 907 3238 962 mulierem
3275 908 3595 963 convertit.
3633 908 3736 962 Sed
3782 919 3830 963 et

2231 999 2583 1070 quatrendum
2625 1010 2710 1054 est
2764 1017 2861 1056 cur
2908 1001 3070 1068 hujus
3101 1001 3176 1055 rei
3208 1002 3409 1072 gratia,
3464 1000 3524 1053 in
3580 1002 3829 1071 sanguine

2231 1090 2634 1159 purificationis
2663 1106 2777 1145 suae
2808 1107 3029 1145 manere
3057 1091 3340 1146 mulierem
3383 1093 3683 1161 prmerpit,
3734 1110 3828 1147 non

2230 1183 2493 1253 sanguine
2522 1183 2766 1250 sordido,
2791 1184 2887 1237 sed
2932 1184 2986 1238 in
3035 1184 3302 1256 sanguine
3341 1183 3596 1247 mundo,
3641 1183 3694 1236 id
3737 1197 3826 1250 est,

2230 1273 2626 1342 puriﬁcationis
2671 1275 2814 1344 ejus,
2867 1273 3010 1329 sicut
3057 1275 3111 1329 in
3163 1275 3268 1342 his,
3324 1290 3461 1346 qua:
3500 1287 3821 1345 sequuntur,

2229 1366 2561 1422 ostenditur.

2300 1456 2430 1512 licet:
2456 1474 2609 1512 omne
2636 1468 2878 1512 sanctum
2913 1475 3014 1512 non
3075 1461 3267 1530 tangit,
3312 1469 3360 1513 et
3409 1461 3472 1512 in
3533 1461 3827 1514 sanctuario

2227 1567 2328 1604 non
2367 1551 2664 1621 ingreditur
2704 1568 2866 1621 usque
2892 1552 3017 1604 dum
3044 1553 3416 1620 compleantur
3444 1553 3564 1605 dies
3591 1553 3828 1621 puriﬁte-

2226 1640 2380 1693 tionis
2419 1640 2553 1708 ejus.
2588 1639 2643 1693 Si
2669 1655 2798 1710 ergo
2827 1639 2880 1694 in
2915 1641 3179 1712 sanguine
3222 1641 3439 1696 mundo
3476 1640 3701 1712 triginta
3729 1651 3826 1696 tres

2225 1732 2344 1787 dies
2367 1740 2423 1787 et
2458 1747 2621 1787 omne
2653 1742 2903 1786 sanctum
2939 1749 3049 1787 non
3085 1734 3275 1805 tangit,
3318 1743 3374 1789 et
3411 1735 3472 1788 in
3529 1735 3826 1788 sanctuarii)

2225 1841 2333 1880 non
2365 1825 2691 1898 ingreditur,
2740 1825 2884 1882 unde
2931 1826 3245 1894 bujusmodi
3301 1841 3567 1890 causam,
3614 1826 3720 1880 nisi
3763 1841 3820 1880 ex

536 1929 720 1973 autem
764 1919 1008 1972 nostrain
1045 1919 1236 1988 polluit
1266 1919 1474 1975 vitam?
1501 1919 1771 1977 lnducens
1794 1922 1840 1976 ei
1868 1923 2126 2002 majedic-
2161 1906 2199 1960 Β
2229 1917 2440 1972 dierum
2471 1918 2912 1988 perscrutatione
2937 1918 3317 1989 reperiemus?
3345 1917 3612 1988 Triginta
3635 1919 3822 1989 quippe

539 2011 745 2066 tionem
774 2021 830 2065 et
867 2011 1204 2067 transferens
1235 2013 1303 2067 ad
1329 2015 1628 2081 miseriam,
1665 2030 1783 2069 eam
1815 2031 1977 2085 quam
2009 2032 2128 2070 sor-

540 2103 626 2157 titi
657 2103 935 2158 fueramus
975 2104 1043 2158 ab
1087 2104 1245 2160 initio
1287 2106 1711 2162 beatitudinem.
1752 2107 1907 2173 Quod
1956 2109 2128 2162 inani-

537 2195 740 2251 festum
771 2206 854 2252 est
881 2211 947 2251 ex
979 2197 1086 2263 bis,
1118 2214 1239 2268 qua:
1271 2198 1412 2254 Deus
1442 2200 1510 2255 ad
1551 2199 1721 2256 Adam
1753 2201 1922 2256 dicit:
1963 2201 2128 2255 Male-

537 2291 681 2345 dicta
741 2299 884 2345 terra
938 2293 995 2345 in
1049 2293 1290 2361 operibus
1339 2295 1481 2360 tuis,
1540 2295 1753 2364 spinas,
1812 2304 1860 2348 et
1911 2295 2127 2349 tribulos

539 2383 856 2453 germinabit
907 2384 1002 2438 tibi
1023 2385 1104 2439 ⁸⁸.
1169 2384 1463 2456 Propterea
1529 2396 1585 2443 et
1643 2403 1793 2442 nunc
1853 2388 2128 2459 legislator

537 2476 676 2532 dixit
705 2495 718 2530 :

609 2570 915 2624 Secundum
944 2570 1056 2625 dies
1089 2573 1442 2641 separationis
1491 2583 1775 2629 menstrua:
1806 2589 1824 2626 :
1855 2574 1941 2629 vel
1987 2574 2130 2630 sicut

537 2658 929 2734 Septuaginta:
964 2660 1267 2718 Secundum
1303 2665 1414 2719 dies
1460 2667 1795 2736 purgationis
1846 2678 2130 2722 menstrua:

537 2754 814 2810 immunda
842 2757 961 2810 erit.
989 2755 1130 2822 Quid
1177 2765 1358 2812 autem
1384 2758 1489 2813 hoc
1523 2757 1615 2825 sit,
1657 2759 1749 2813 alii
1801 2759 2129 2830 interpretes

535 2845 755 2916 planius
817 2847 1162 2904 ediderunt:
1208 2848 1570 2920 Symmachus
1626 2851 1848 2920 quidem
1916 2851 2124 2918 dicens,

536 2940 826 2994 secundum
883 2941 994 2994 dies
1055 2943 1448 3011 separationis,
1508 2943 1834 3012 aﬂlictionis;
1896 2942 2116 3013 Aquila,

535 3033 888 3101 separationis
924 3035 1262 3099 ,7miseriw;
1315 3035 1655 3092 Theodotion
1680 3081 1694 3102 ,
1745 3040 2126 3105 separationis,

537 3123 733 3179 doloris
780 3126 917 3194 ejus.
966 3125 1184 3182 Miseria
1227 3136 1432 3192 autem,
1487 3138 1544 3184 et
1590 3130 1831 3197 alllictio,
1871 3139 1928 3186 et
1975 3131 2130 3186 dolor

2229 2018 2285 2065 et
2307 2021 2418 2066 tres
2441 2010 2558 2064 dies
2592 2011 2714 2065 ideo
2741 2011 2982 2076 tradidit,
3011 2020 3067 2065 ut
3107 2010 3339 2080 adjectis
3369 2019 3625 2080 septem,
3651 2012 3820 2066 cuncti

2229 2103 2584 2173 quadraginta
2646 2102 2797 2156 fiant.
2852 2103 3012 2158 Aliud
3067 2118 3195 2174 ergo
3253 2118 3353 2172 per
3419 2103 3536 2157 hoc
3564 2103 3823 2172 legislator

2230 2197 2521 2268 significat.
2559 2197 2699 2263 Quia
2728 2212 2858 2267 ergo
2890 2197 2945 2250 in
2981 2197 3174 2252 diebus
3203 2197 3583 2268 quadraginta
3626 2212 3819 2252 mascu-

2231 2291 2314 2344 lus
2355 2290 2559 2345 dicitur
2599 2290 2780 2345 infans
2825 2289 3069 2356 formari,
3100 2291 3208 2345 duo
3253 2290 3371 2345 haec
3426 2306 3534 2360 per
3582 2305 3668 2354 ea,
3713 2305 3820 2360 qua:

2229 2383 2370 2438 dicta
2403 2393 2532 2437 sunt
2550 2384 2884 2453 probantur:
2922 2382 2974 2437 id
3010 2394 3113 2449 eSt,
3147 2382 3274 2452 quia
3305 2382 3426 2451 ipse
3454 2381 3683 2452 quidem
3707 2383 3818 2438 sub-

2231 2476 2439 2532 stantia
2487 2476 2707 2545 generis
2762 2475 2988 2530 humani
3039 2475 3242 2529 munda
3290 2482 3395 2540 est,
3463 2475 3616 2529 sicut
3661 2490 3688 2528 a
3725 2473 3818 2527 Deo

2231 2579 2438 2624 creata:
2484 2567 2673 2623 Omnia
2717 2569 2890 2633 enim,
2943 2583 3059 2637 qua:
3095 2568 3217 2638 fecit
3255 2567 3418 2633 Deus,
3472 2576 3630 2622 erant
3683 2567 3818 2620 valde

2231 2663 2364 2717 bona
2385 2663 2426 2694 ⁸³
2449 2705 2462 2727 ,
2494 2670 2551 2715 et
2591 2661 2762 2715 multo
2799 2659 2970 2731 magis
2998 2660 3182 2714 homo.
3214 2659 3450 2730 Propter
3490 2659 3640 2730 quod
3670 2659 3738 2712 ait
3767 2658 3812 2711 in

2229 2755 2496 2824 sanguine
2579 2753 2818 2818 mundo,
2881 2753 2996 2807 sive
3069 2751 3478 2821 puriﬁcationis
3544 2750 3811 2805 mulierem

2231 2848 2440 2902 sedere.
2466 2845 2604 2912 Quia
2630 2854 2813 2900 autem
2834 2860 2935 2915 per
2957 2843 3365 2898 successionem
3391 2843 3529 2898 Ade
3557 2852 3811 2911 transgre-

2230 2940 2430 2995 dientis
2469 2939 2632 2994 laesus
2667 2947 2769 3004 est,
2809 2935 3120 2992 necessarie
3155 2951 3277 3005 quae
3324 2950 3522 2990 semen
3569 2933 3807 3002 suscepit,

2231 3044 2281 3089 et
2309 3033 2583 3103 concepit,
2610 3046 2772 3087 omne
2811 3039 3062 3085 sanctum
3096 3044 3207 3082 non
3243 3028 3438 3098 tangit,
3489 3037 3547 3082 et
3587 3027 3638 3080 in
3671 3039 3808 3078 sanc-

2231 3126 2408 3180 tuario
2433 3141 2543 3180 non
2566 3123 2918 3196 ingredietur,
2946 3137 3118 3191 usque
3141 3121 3268 3176 dum
3295 3121 3686 3190 compleantur
3708 3116 3808 3170 dies

538 3223 674 3272 tunc
720 3231 842 3272 esse
889 3219 1077 3290 coepit,
1133 3230 1419 3291 postquam
1469 3233 1754 3292 separatus
1813 3240 1842 3278 a
1878 3225 2128 3294 paradiso
2156 3253 2198 3311 C
2233 3217 2629 3290 purificationis
2675 3217 2828 3287 ejus:
2870 3216 2923 3271 id
2959 3223 3064 3282 est,
3110 3229 3284 3285 usque
3313 3213 3446 3269 dum
3503 3210 3801 3311 complean-

536 3308 734 3376 Adam,
775 3319 1019 3366 nostram
1053 3313 1282 3368 sortitus
1301 3323 1386 3369 est
1433 3315 1622 3377 vitam,
1650 3317 1777 3386 quia
1829 3316 1884 3370 in
1930 3318 2130 3374 sudore

537 3401 719 3456 vultus
748 3403 1040 3458 comedere
1071 3420 1268 3474 panem
1322 3407 1677 3461 condemnati
1727 3423 1936 3464 sumus.
1991 3409 2131 3466 lluic

538 3494 720 3548 sensui
751 3494 1055 3564 planiorem
1127 3505 1182 3551 et
1225 3499 1638 3553 imlubitahilem
1681 3501 1889 3555 addidit
1935 3503 2130 3572 proba-

539 3585 770 3651 tionem,
799 3602 924 3640 cum
959 3588 1128 3642 dicit:

610 3675 710 3730 Die
749 3686 933 3730 octavo
979 3679 1381 3732 circumcidetur
1434 3680 1758 3750 infantulus.
1806 3682 1932 3738 Dies
1981 3683 2126 3739 enim

537 3774 785 3833 octavus,
811 3768 1068 3838 quoniam
1089 3771 1338 3840 septimae
1361 3771 1466 3826 diei
1493 3816 1507 3839 ,
1532 3789 1654 3843 qua:
1681 3773 1857 3845 imago
1884 3782 1968 3829 est
1989 3791 2129 3845 pra:-

537 3858 710 3913 sentis
747 3860 888 3926 vitae,
917 3861 1182 3928 succedit,
1211 3862 1436 3934 ﬁguram
1465 3867 1603 3936 gerit
1630 3865 1798 3920 futuri
1815 3867 1998 3922 saeculi
2024 3910 2038 3933 ,
2073 3868 2128 3922 in

535 3959 645 4016 quo
689 3961 910 4000 carnem
944 3950 1196 4019 praepulii
1249 3951 1696 4008 circumcidimus
1717 3997 1732 4021 ,
1757 3970 1922 4025 opera
1947 3955 2128 4010 carnis

534 4039 718 4094 omnia
735 4041 1101 4110 deponentes:
1119 4052 1246 4099 tunc
1269 4045 1473 4116 quippe
1490 4062 1599 4101 non
1617 4047 1792 4102 solum
1813 4063 1920 4102 non
1942 4063 2131 4117 pecca-

538 4128 667 4195 turi,
691 4129 784 4184 sed
809 4145 911 4186 nec
940 4134 1258 4200 comesturi,
1286 4146 1378 4189 aut
1411 4135 1656 4202 bibituri,
1681 4147 1774 4192 aut
1794 4138 2015 4208 nupturi
2036 4155 2129 4193 su-

537 4236 679 4277 mus.
703 4220 918 4277 Erimus
956 4233 1139 4280 autem
1167 4227 1354 4296 procul
1373 4228 1560 4292 dubio,
1577 4230 1719 4286 sicut
1742 4232 1816 4286 ait
1839 4232 2122 4297 Dominus,

535 4327 601 4365 ea:
627 4315 1052 4383 corruptibilibus
1092 4318 1543 4390 incorruptibiles,
1577 4322 1720 4378 sicut
1765 4324 1940 4395 angi-li
1969 4326 2040 4378 ⁶⁷ε
2071 4334 2127 4381 et

536 4403 723 4456 mttndi
792 4405 968 4460 modis
1033 4408 1310 4475 omnibus,
1356 4426 1421 4463 ex
1477 4412 1774 4466 immundis
1835 4413 2120 4469 efﬁcimur.

534 4491 842 4550 Seminatur
885 4499 1066 4569 igitur,
1095 4501 1170 4554 ait
1217 4503 1438 4567 Paulus,
1503 4505 1557 4556 in
1595 4507 1932 4575 corruptione
1953 4508 2032 4571 6";
2077 4508 2123 4562 si

2233 3319 2320 3366 tur
2348 3311 2465 3366 dies
2493 3311 2874 3382 quadraginta,
2901 3309 2956 3364 in
2987 3308 3185 3378 quibus
3217 3322 3356 3378 puer
3383 3306 3673 3361 formatur.
3703 3301 3804 3370 Ipsa

2231 3401 2433 3471 quippe
2480 3401 2660 3472 imago
2710 3400 2829 3467 Dei,
2888 3399 3171 3455 mundatio
3212 3408 3297 3454 est
3335 3407 3554 3452 natura:
3602 3401 3801 3452 nostra.

2230 3492 2478 3561 quamvis
2502 3490 2668 3546 fuerit
2700 3489 3002 3547 sordidata.
3039 3489 3181 3561 Ergo
3217 3502 3568 3560 nequaquam
3617 3482 3801 3556 ingredi

2231 3584 2285 3638 in
2322 3585 2653 3648 sanctuario,
2683 3599 2787 3638 nec
2815 3598 2978 3638 omne
3005 3591 3251 3638 sanctum
3285 3590 3514 3650 tangere
3568 3572 3798 3650 praecepti

2233 3677 2533 3741 fueramus,
2597 3676 2703 3733 nisi
2752 3677 2929 3746 imago
2997 3674 3091 3729 Dei
3159 3674 3330 3731 semel
3383 3672 3590 3728 donata
3637 3675 3800 3723 nostro

2232 3771 2442 3839 generi,
2496 3776 2814 3824 sanctorum
2868 3767 3027 3823 nobis
3085 3765 3434 3838 praestitisset
3494 3766 3792 3835 ingressum.

2233 3861 2462 3930 l’r0pter
2514 3877 2676 3931 quam
2721 3859 3036 3916 salvandam
3079 3859 3194 3928 ipse
3229 3873 3448 3928 quoque
3505 3856 3794 3910 incarnatus

2231 3961 2314 4006 est
2342 3952 2625 4018 Dominus,
2666 3966 2821 4005 suam
2856 3951 3148 4021 imaginem
3209 3950 3422 4003 salvare
3456 3947 3662 4002 volens.
3703 3939 3791 3995 Sed

2230 4041 2286 4096 in
2345 4043 2702 4115 quadraginta
2762 4042 2957 4097 diebus
3007 4041 3076 4096 ad
3121 4041 3322 4096 ctelum
3389 4055 3516 4094 eam
3580 4031 3788 4094 sustulit,

2229 4136 2532 4191 secundum
2554 4135 2698 4208 quod
2723 4151 2845 4190 cam
2872 4135 3156 4191 hominem
3208 4135 3509 4205 plasmans,
3546 4132 3598 4184 in
3653 4125 3786 4182 vulva

2229 4228 2418 4294 donat,
2449 4236 2504 4282 et
2529 4237 2661 4283 tunc
2695 4229 2763 4283 ad
2795 4243 2986 4283 verum
3031 4227 3409 4282 sanctuarium
3467 4233 3657 4280 natura
3705 4231 3788 4272 no—

2230 4333 2341 4378 stra
2370 4321 2690 4392 ingreditur.
2724 4323 2927 4391 Aperte
2963 4328 3144 4375 autem
3174 4320 3293 4375 haec
3313 4320 3612 4390 probantur
3631 4325 3784 4386 perea

2228 4428 2349 4482 qua:
2403 4413 2472 4468 de
2515 4427 2715 4482 genere
2774 4411 3016 4466 femineo
3074 4411 3421 4466 sanciuntur.
3483 4409 3619 4476 Quia
3661 4401 3782 4459 enim

2226 4505 2560 4577 octogesima
2588 4506 2677 4562 die
2707 4504 2928 4561 formari
2974 4505 3032 4558 in
3077 4513 3232 4560 utero
3280 4503 3498 4559 feminae
3535 4501 3780 4557 dicuntur,

534 4585 698 4657 igitur
737 4592 790 4642 in
831 4597 1185 4662 corruptione
1247 4595 1553 4650 seminatur
1611 4613 1811 4667 corpus
1856 4599 2111 4666 animale,
2150 4625 2193 4680 ι)
2223 4598 2564 4653 tantumdem
2595 4613 2884 4653 numerum
2916 4597 2984 4652 ad
3010 4596 3389 4666 impletionem
3423 4595 3634 4650 dierum
3656 4585 3780 4680 puti:

533 4678 706 4751 surgit
736 4696 938 4752 corpus
957 4685 1234 4752 spiritale;
1270 4702 1400 4757 ergo
1431 4688 1521 4742 hic
1543 4697 1625 4741 est
1647 4689 1839 4744 modus
1895 4700 2118 4759 propter

531 4787 693 4841 quem
720 4773 983 4829 infantem
1008 4787 1203 4832 octavo
1237 4778 1325 4833 die
1363 4779 1518 4849 jubet
1575 4781 1912 4836 circumcidi.
1946 4783 2111 4838 lucir-

532 4865 833 4920 cumcisum
862 4878 1046 4922 autem
1086 4871 1268 4939 perire
1323 4873 1391 4926 de
1444 4874 1646 4942 populo
1701 4891 1814 4928 suo.
1851 4876 2112 4941 ostendit,

531 4955 659 5024 quia
685 4963 811 5010 ante
839 4958 1334 5029 circumcisionem,
1363 4964 1781 5019 abominabilem
1814 4967 1974 5021 habet
1995 4984 2114 5022 car-

533 5058 658 5098 nem
691 5054 746 5099 et
782 5046 1141 5113 immundam,
1185 5062 1405 5122 propter
1456 5069 1650 5109 causas
1679 5055 1930 5111 videlicet
1979 5073 2116 5127 quas

510 5136 788 5206 superius
812 5139 1068 5196 diximus.
1099 5143 1392 5199 Mundatur
1437 5157 1620 5200 autem
1676 5164 1772 5218 per
1825 5151 2116 5205 circumci—

533 5225 767 5290 sionem,
803 5244 924 5297 qua:
965 5230 1255 5303 imaginem
1302 5237 1439 5306 gerit
1495 5241 1912 5296 resurrectionis
1969 5258 2117 5296 mor-

535 5326 771 5373 tuorum.
791 5319 920 5374 Illud
947 5334 1130 5379 autem
1163 5327 1326 5381 nimis
1352 5332 1708 5398 quaerendum
1724 5342 1827 5395 est,
1851 5337 2116 5402 quamob-

541 5425 658 5464 rem
721 5411 1042 5470 circumcidi
1105 5418 1194 5474 lcx
1265 5421 1609 5491 praeipienx,
1681 5424 1850 5492 ipsius
1895 5427 2113 5495 quidem

532 5501 934 5561 immunditiam
961 5517 1122 5580 tacet,
1161 5520 1389 5566 matrem
1418 5521 1598 5567 autem
1635 5515 1968 5571 immundam
1991 5534 2114 5574 esse

531 5591 686 5659 dicit,
730 5609 901 5666 usque
927 5597 995 5654 ad
1015 5597 1163 5655 diem
1214 5601 1270 5656 in
1296 5618 1405 5674 quo
1443 5603 1623 5661 infans
1659 5606 2107 5664 circumciditur:

529 5693 723 5741 octavo
783 5687 986 5762 quippe
1037 5694 1298 5766 przecepit
1362 5696 1450 5754 die
1506 5697 1846 5766 circumcidi,
1903 5711 2109 5774 septem

614 5883 663 5918 “
697 5885 835 5943 Gen.
868 5907 939 5952 tv,
973 5893 1020 5947 1.
1121 5897 1164 5928 ⁶⁶
1195 5895 1333 5953 Gen.
1371 5914 1448 5966 tu,
1493 5897 1574 5965 l7,
1625 5899 1704 5955 l8.

1783 5900 1825 5933 ⁶⁷
1855 5898 2046 5956 Matth.
2081 5917 2212 5970 κω),
2245 5904 2330 5959 50.

2225 4689 2496 4744 ﬁcationis
2521 4704 2732 4757 earum,
2767 4704 2889 4759 qua:
2917 4701 3107 4743 semen
3136 4686 3472 4757 suscipiunt,
3534 4676 3778 4755 praecepit.

2223 4784 2300 4838 ait
2331 4782 2478 4838 enim
2519 4782 2628 4836 sic:
3146 4813 3154 4821 -
3731 4768 3736 4771 ’

2294 4875 2352 4930 Si
2404 4876 2650 4941 feminam
2681 4874 2903 4944 peperit,
2958 4875 3233 4928 immunda
3261 4874 3357 4928 erit
3376 4872 3579 4926 duabus
3612 4861 3776 4918 hebdo-

2224 4969 2464 5023 madibus
2491 4985 2502 5020 :
2531 4969 2691 5039 juxta
2723 4970 2884 5022 ritum
2931 4970 3107 5036 ﬂuxus
3166 4968 3441 5022 menstrui.

2290 5060 2358 5116 Et
2413 5077 2535 5115 cum
2589 5069 2806 5132 oportet
2852 5061 3267 5132 quatuordecim
3320 5061 3539 5123 dicere,
3569 5069 3668 5112 non
3711 5049 3774 5104 sic

2218 5150 2395 5214 dicit,
2448 5150 2542 5205 sed
2575 5149 2828 5205 'duabus
2888 5149 3346 5210 hebdomadibus.
3401 5150 3555 5218 juxta
3621 5144 3758 5200 ritum

2217 5241 2395 5298 fluxus
2433 5241 2723 5297 menstrui.
2747 5243 2978 5312 Propter
3002 5243 3145 5312 quod
3177 5243 3243 5297 ad
3275 5243 3427 5297 illum
3485 5257 3582 5296 nos
3628 5245 3771 5291 trans-

2226 5335 2391 5388 tnittit
2446 5349 2691 5398 sensum,
2751 5335 2804 5389 id
2835 5344 2939 5398 est,
2966 5345 3026 5390 ut
3085 5335 3140 5388 in
3191 5344 3402 5406 septem
3447 5334 3651 5405 quidem
3677 5325 3766 5380 die-

2222 5427 2324 5481 bus
2371 5443 2491 5482 esse
2519 5428 2813 5482 humanam
2863 5429 3028 5482 vitam
3057 5446 3069 5482 :
3095 5428 3273 5483 ﬂuxus
3314 5436 3495 5483 autem
3542 5411 3764 5482 menstrui

2221 5519 2567 5574 alllictionem
2618 5521 2757 5591 ejus,
2805 5530 2861 5575 et
2922 5521 3191 5584 dolorem,
3217 5528 3273 5576 et
3321 5521 3588 5575 miseriam
3631 5507 3760 5568 intel-

2219 5611 2472 5683 ligamus.
2494 5611 2636 5668 Dixit
2674 5621 2854 5668 autem
2895 5612 3107 5668 duabus
3155 5611 3581 5668 hebdomadibus
3625 5609 3758 5659 recte.

2222 5705 2346 5773 quia
2403 5690 2568 5776 duplo
2631 5720 2802 5775 genus
2854 5704 3119 5760 mulicbrc
3177 5703 3462 5758 multatum
3538 5687 3757 5762 estifli‘ia

2412 5904 2453 5934 “
2481 5904 2497 5958 l
2522 5905 2645 5958 Cor.
2682 5920 2769 5970 xv,
2810 5903 2890 5960 ἃ.
2974 5907 3016 5938 δι’
3044 5905 3178 5960 Gen.
3217 5920 3254 5969 ι,
3279 5903 3371 5960 5i.
