4046 6418
229 430 347 502 925

1313 492 1315 494 η
1365 424 1445 484 IN
1485 422 1922 484 LEVI’I‘ICUM-
1964 449 2031 458 -
2065 426 2211 486 LIB.
2256 426 2351 487 IV.

3405 424 3511 490 9‘26

225 553 388 607 enim
437 558 495 605 et
541 544 712 602 Adam
774 541 1233 602 maledictionem.
1295 539 1347 593 in
1380 538 1579 594 sudore
1626 539 1809 594 vultus
1843 545 1884 601 Α
1915 538 2057 608 quod
2096 554 2387 604 accusans,
2448 538 2545 594 sed
2587 539 2821 594 matrem
2912 549 3163 597 naturam
3235 542 3510 615 appellat:

226 645 322 701 sui
375 641 713 699 manducans
761 649 954 707 panem
1015 647 1197 687 suum.
1241 630 1415 685 Habet
1467 630 1630 684 etiam
1705 630 1819 698 ipsa

226 746 464 796 terram,
502 731 706 801 spinas,
728 735 782 782 et
823 724 1046 780 tribulos
1086 720 1503 793 germinantem,
1536 734 1655 788 quae
1698 734 1823 773 cum

223 845 302 883 ex
361 840 507 883 terra
562 831 679 879 orta
750 819 839 883 sit,
901 819 952 870 in
1004 827 1204 893 terram
1291 812 1598 868 revertitur.
1653 810 1826 865 Habet

226 920 404 975 etiam
432 932 649 988 pcenam
698 911 989 983 specialem
1032 927 1044 962 :
1089 907 1150 961 In
1173 905 1391 958 tristitia
1442 904 1615 972 paries
1665 903 1824 971 ﬁlius,

227 1024 287 1069 et
334 1019 404 1067 ad
450 1013 621 1066 virum
665 1021 814 1061 tuum
875 1003 1137 1058 conversio
1185 1010 1294 1063 tua,
1360 1007 1406 1051 et
1456 999 1565 1066 ipse
1610 998 1687 1050 tui
1734 998 1829 1050 do-

229 1106 525 1161 minabitur
546 1103 611 1156 ⁷⁸.
654 1100 721 1155 Et
764 1106 1051 1167 propterea
1094 1093 1324 1154 duabus,
1372 1090 1570 1159 inquit,
1622 1089 1829 1143 hebdo-

228 1197 491 1253 madibus
536 1190 816 1247 immunda
864 1188 988 1253 erit,
1031 1187 1183 1257 juxta
1231 1186 1394 1239 ritum
1444 1182 1621 1237 ﬂuxus
1675 1198 1831 1236 men-

232 1288 405 1344 strui.
430 1286 717 1357 Sexaginta
744 1290 925 1337 autem
957 1289 1012 1335 et
1058 1295 1154 1334 sex
1200 1278 1391 1333 diebus
1448 1278 1503 1329 in
1568 1276 1833 1346 sanguine

230 1380 467 1444 mundo,
520 1378 573 1433 id
598 1388 701 1441 est,
736 1377 789 1429 in
818 1373 1199 1445 puriﬁcatione
1249 1368 1479 1436 sedebit,
1510 1379 1696 1423 sancta
1725 1383 1834 1422 non

232 1482 471 1543 tangens
497 1514 511 1537 ,
545 1484 717 1538 usque
773 1466 903 1521 dum
936 1465 1314 1535 compleantur
1363 1462 1481 1517 dies
1534 1461 1831 1530 octoginta.

230 1558 486 1625 Quatuor
510 1558 657 1611 enim
681 1566 735 1609 et
777 1556 986 1617 decem,
1020 1568 1184 1622 super
1220 1548 1500 1621 sexaginta
1519 1564 1611 1604 sex
1632 1548 1833 1613 addita,

232 1654 520 1723 octoginta
551 1651 759 1706 faciunt
784 1690 797 1712 ,
820 1650 875 1701 in
911 1648 1109 1718 quibus
1146 1645 1349 1701 femina
1383 1646 1668 1700 formatur.
1701 1642 1838 1713 Ergo

234 1750 365 1801 sine
431 1745 609 1814 aliqua
666 1741 1007 1796 dubitatione
1072 1739 1349 1810 legislator
1389 1737 1645 1799 ostendit,
1712 1736 1838 1806 quia

235 1836 583 1904 immundum
640 1833 844 1888 factum
891 1831 1181 1886 maledicto
1224 1840 1473 1887 nostrum
1496 1846 1686 1901 genus,
1736 1844 1835 1882 ne-

1925 627 2322 682 immunditiam
2371 628 2574 698 peccati
2615 628 2743 682 Adaz
2772 638 2826 682 et
2861 628 2988 683 Eva:
3035 629 3088 683 in
3134 645 3297 685 omne
3338 646 3514 702 genus

1927 729 2173 775 nostrum
2200 720 2544 775 descendisse
2561 720 2892 791 signiﬁcans.
2910 721 2975 777 Et
3004 732 3293 792 propterea
3334 739 3512 793 quan-

1929 811 1998 866 do
2055 811 2305 880 complcti
2340 811 2560 867 fuerunt
2587 812 2703 867 dies
2748 812 3160 882 puriﬁcationis,
3215 814 3516 868 secundum

1931 903 2247 972 praedictum
2291 904 2532 967 modum,
2592 905 2917 960 sacriﬁcium
2976 922 3076 976 pro
3098 918 3323 976 peccato
3362 906 3521 975 jubet

1932 995 2134 1048 offerri.
2166 994 2301 1060 Quia
2354 1004 2408 1049 et
2450 1012 2648 1066 agnum
2688 997 3005 1051 anniculum
3052 998 3106 1051 in
3139 997 3518 1052 holocaustum

1934 1093 2063 1140 tunc
2104 1086 2367 1140 immolari
2426 1088 2702 1157 praecepit,
2756 1089 3040 1143 evidenter
3076 1090 3206 1143 illud
3256 1089 3518 1154 ostendit,

1933 1187 1987 1233 et
2015 1180 2278 1249 approbat
2309 1181 2697 1249 consideranti,
2761 1184 2885 1253 quia
2950 1183 3039 1238 Dei
3108 1184 3283 1255 imago
3339 1182 3521 1252 perfe-

1934 1273 2168 1326 ctionem
2218 1272 2401 1341 generi
2442 1283 2629 1328 nostro
2686 1274 2894 1329 tribuit.
2953 1275 3087 1330 Nam
3142 1276 3522 1329 formationem

1936 1363 2154 1431 quidem
2187 1364 2302 1419 dies
2339 1366 2636 1421 ostendunt
2687 1368 3077 1435 mundationis,
3132 1368 3521 1439 perfectionem

1937 1464 2118 1511 autem
2165 1456 2487 1512 sacriﬁcium
2531 1458 2859 1514 holocausti.
2884 1460 3230 1515 Manifestum
3251 1470 3333 1515 est
3352 1461 3522 1533 enim,

1940 1551 2064 1620 quia
2093 1551 2356 1621 integram
2392 1559 2445 1606 et
2479 1551 2777 1622 perfectam
2804 1553 3277 1609 conversationem
3306 1553 3523 1607 denun-

1943 1644 2038 1697 tiat
2063 1643 2456 1698 holocaustum.
2503 1643 2609 1699 Sed
2653 1653 2709 1698 et
2749 1660 2945 1716 agnum
2978 1645 3288 1699 anniculum
3332 1646 3526 1698 imma«

1942 1738 2180 1791 culatum
2227 1737 2492 1793 sacriﬁcio
2531 1738 2831 1809 deputavit,
2860 1755 2924 1794 ex
2949 1750 3178 1809 utroque
3230 1741 3523 1812 designans

1944 1827 2354 1898 perfectionem.
2379 1828 2519 1895 Quid
2548 1830 2695 1884 enim
2759 1839 2842 1885 est
2910 1846 3126 1901 agnum,
3184 1840 3276 1885 aut
3321 1832 3523 1899 aliquid

234 1945 513 2000 quaquam
567 1928 797 1981 intraret
848 1927 903 1980 in
954 1926 1177 1986 sanctis,
1239 1925 1343 1979 nisi
1398 1940 1495 1995 per
1544 1923 1833 1994 imaginem
1869 1913 2044 1976 Btale
2102 1922 2249 1977 aliud
2310 1922 2365 1976 in
2432 1922 2718 1987 sacriﬁcio,
2786 1923 2926 1977 forte
2971 1938 3079 1976 non
3154 1922 3521 1977 invenientem

240 2019 361 2083 Dei,
405 2033 563 2087 quam
597 2016 764 2070 semel
810 2015 1059 2068 sortitum
1120 2023 1224 2077 est,
1283 2023 1335 2067 et
1390 2023 1679 2082 propterea
1739 2027 1831 2066 su-

236 2113 539 2182 scipientes
580 2125 767 2165 semen
824 2109 1098 2167 mulieres,
1143 2105 1687 2161 diebusformationis
1739 2120 1837 2175 pa—

234 2198 555 2254 riendorum
611 2197 981 2267 parvulorum,
1019 2197 1085 2251 de
1130 2196 1331 2251 sanctis
1366 2204 1637 2250 vetantur.
1681 2196 1837 2261 Quod

235 2290 288 2345 si
320 2290 493 2344 dicis:
519 2287 882 2355 Quamobrem
913 2303 1023 2342 non
1068 2287 1238 2359 magis
1262 2287 1316 2340 in
1348 2297 1503 2342 utero
1554 2287 1835 2349 habentes,

238 2382 442 2437 diebus
483 2379 844 2443 formationis,
883 2380 950 2434 de
983 2382 1186 2435 sanctis
1224 2388 1427 2434 matres
1450 2380 1838 2445 prohibentur?

237 2473 449 2529 frustra
483 2474 585 2528 hoc
618 2475 918 2547 interrogas
952 2492 964 2527 :
997 2474 1266 2527 incertum
1312 2480 1398 2527 est
1429 2472 1577 2526 enim
1611 2472 1683 2537 ei,
1716 2488 1837 2541 quae

237 2566 465 2636 gravida
515 2574 827 2631 est,ulrnm
878 2580 1084 2620 marem
1127 2580 1227 2619 seu
1279 2564 1535 2618 feminam
1598 2565 1838 2633 paritura

240 2666 351 2713 est:
392 2667 447 2712 et
476 2658 620 2712 unde
655 2657 998 2711 manifestum
1029 2672 1149 2712 esse
1186 2665 1400 2726 poterat
1431 2664 1700 2726 quotquot
1718 2657 1837 2711 die-

237 2746 351 2801 bus
383 2746 666 2815 oportebat
695 2762 812 2800 eam
840 2747 907 2801 de
940 2746 1143 2801 sanctis
1161 2746 1501 2816 prohibere?
1538 2745 1677 2817 Ergo
1722 2763 1839 2800 ma-

241 2838 445 2894 nifesta
475 2848 558 2894 est
589 2855 746 2895 causa
780 2855 877 2910 pro
906 2856 1013 2909 qua
1043 2840 1159 2895 haec
1189 2840 1467 2911 legislator
1500 2840 1558 2894 in
1588 2840 1693 2894 illis
1728 2840 1835 2895 dis-

241 2930 459 3001 posuit.

317 3022 482 3078 Vens.
497 3024 610 3079 6-8.
636 3044 653 3075 ‹
678 3025 919 3095 Cumque
936 3025 1130 3095 expleti
1151 3026 1352 3080 fuerint
1376 3026 1489 3080 dies
1510 3042 1576 3095 pu
1588 3025 1841 3079 riﬁcatio-

242 3115 335 3170 Iis
353 3116 748 3186 ejus.prolilio,
790 3118 902 3171 sive
938 3134 1034 3187 pro
1069 3118 1195 3181 ﬁlia,
1225 3118 1435 3172 deferat
1458 3133 1654 3188 agnum
1686 3116 1842 3169 anni-

244 3205 434 3259 culum
469 3206 522 3260 in
542 3206 938 3272 holocaustum,
963 3217 1017 3262 ct
1052 3208 1255 3278 pullum
1293 3208 1574 3272 columbae,
1595 3208 1706 3260 sive
1730 3216 1842 3260 tur-

245 3306 429 3353 turem
447 3314 545 3368 pro
572 3308 816 3368 peccato,
836 3300 903 3353 ad
925 3300 1122 3353 ostium
1142 3299 1477 3353 tabernaculi
1518 3299 1837 3363 testimonii,

246 3400 307 3445 et
350 3392 524 3445 tradat
562 3392 852 3453 sacerdoti,
893 3393 985 3461 qui
1026 3392 1219 3447 oﬂerat
1258 3392 1344 3447 illa
1365 3408 1546 3447 coram
1587 3392 1837 3455 Domino,

250 3490 312 3535 et
348 3491 499 3552 roget
540 3498 640 3551 pro
675 3498 759 3549 ea,
786 3492 839 3538 et
862 3485 940 3538 sic
973 3484 1321 3538 mundaliitur
1359 3501 1387 3538 a
1419 3484 1683 3555 proﬂuvio
1719 3501 1841 3539 san-

248 3573 437 3643 guinis
496 3575 601 3627 sui.
670 3574 773 3629 lsta
817 3584 899 3630 est
958 3578 1040 3630 lex
1103 3578 1362 3646 parientis
1416 3577 1738 3640 masculum,
1772 3594 1837 3631 ac

248 3664 531 3719 feminam.
565 3666 723 3731 Quod
778 3666 823 3722 si
868 3683 980 3721 non
1032 3669 1301 3723 invenerit
1342 3685 1536 3723 manus
1566 3671 1704 3739 ejus,
1735 3686 1838 3723 nec

247 3756 454 3825 poterit
497 3757 694 3811 oﬂerre
716 3773 936 3828 agnum,
971 3768 1150 3813 sumat
1197 3760 1333 3814 duos
1388 3769 1626 3814 turtures
1664 3761 1838 3831 pullos

248 3847 539 3915 columbae,
580 3866 746 3904 unum
794 3851 849 3904 in
897 3852 1273 3906 holocaustum
1321 3893 1333 3915 ,
1375 3864 1429 3905 et
1456 3852 1684 3905 alterum
1744 3867 1841 3921 pro

249 3951 499 4013 peccato,
545 3942 825 4013 orabitque
879 3958 977 4013 pro
1030 3942 1412 4005 eo’sacerdos,
1448 3951 1501 3996 et
1551 3942 1628 3996 sic
1680 3958 1841 3997 mun-

250 4033 491 4089 dabitur.
504 4054 523 4088 ι

316 4124 513 4180 Totam
558 4127 646 4181 hic
694 4127 1055 4185 intentionem
1092 4145 1244 4184 suam
1303 4129 1574 4200 legislator
1598 4130 1834 4199 aperuit,

252 4217 382 4286 quia
414 4218 769 4287 pollutionem
801 4238 910 4276 non
954 4231 1135 4276 motus
1161 4222 1437 4276 naturales
1477 4220 1718 4275 faciunt:
1745 4223 1837 4275 sed

252 4312 568 4373 peccaturo,
614 4305 681 4359 de
722 4320 831 4374 quo
902 4304 1071 4359 David
1130 4306 1344 4360 dicebat
1380 4322 1392 4357 :
1430 4305 1562 4359 Ecce
1617 4306 1753 4382 enim
1788 4307 1839 4358 in

254 4394 627 4464 iniquitatibus
691 4408 963 4468 conceptus
1015 4414 1152 4463 sum,
1183 4408 1231 4451 et
1288 4399 1343 4450 in
1382 4399 1585 4452 delictis
1646 4400 1841 4468 peperit

255 4502 344 4540 me
397 4497 567 4543 mater
596 4508 711 4545 mea
752 4493 817 4545 ⁷¹.
858 4492 979 4547 Non
1020 4508 1133 4547 suae
1190 4492 1378 4546 matris
1426 4500 1704 4561 peccatum
1747 4491 1845 4544 ali-

1870 3255 1912 3313 C
1943 3231 2167 3286 ﬂuvium
2240 3229 2539 3301 sanguinis,
2590 3227 3012 3282 inobedientiam
3092 3225 3277 3279 dicens
3318 3242 3330 3277 :

1940 2016 2270 2080 columbam,
2309 2025 2404 2070 aut
2444 2024 2737 2081 turturem,
2773 2016 2995 2081 oﬂ‘erre,
3023 2024 3077 2070 et
3100 2017 3277 2071 curad
3320 2016 3521 2070 ostium

1942 2113 2270 2168 tabernaculi
2306 2113 2625 2180 testimonii,
2676 2114 2742 2168 ad
2789 2116 3126 2169 sacerdotem
3195 2114 3520 2169 sacriﬁcium

1938 2210 2177 2271 ducitur,
2217 2219 2272 2263 et
2304 2210 2577 2279 quomodo
2621 2216 2748 2262 ante
2774 2208 3063 2262 Dominum
3108 2207 3357 2268 oﬂ'eitur,
3385 2224 3521 2275 quo-

1940 2302 2101 2356 modo
2135 2301 2301 2355 etiam
2352 2300 2668 2371 propitiatio
2720 2315 2817 2370 per
2854 2298 3187 2354 sacerdotem
3248 2298 3525 2352 obtinetur

1939 2401 1993 2448 et
2023 2392 2219 2464 agitur,
2287 2394 2339 2446 in
2406 2393 2595 2446 multis
2647 2390 2933 2446 sacriﬁciis
2990 2391 3196 2446 dictum
3256 2397 3358 2457 est,
3404 2405 3525 2458 qua:

1941 2502 2039 2555 pro
2115 2485 2352 2554 peccatis
2411 2484 2733 2539 oﬂerunttir.
2796 2483 2901 2538 Sed
2979 2482 3066 2537 hic
3128 2491 3349 2552 propter
3423 2482 3527 2535 hoc

1940 2577 2158 2631 interim
2221 2577 2544 2647 legislatoris
2608 2576 2927 2646 sapientiam
2982 2575 3337 2645 obstupesce,
3399 2573 3526 2643 quia

1940 2670 2159 2724 evenire
2240 2678 2452 2739 poterat
2521 2680 2580 2724 ut
2653 2669 2935 2724 studentes
2996 2668 3164 2738 legem
3238 2666 3523 2721 dicerent:

1941 2759 2097 2825 Quali
2133 2760 2517 2829 deprecatione
2552 2759 2770 2829 pariens
2811 2758 3070 2811 infantem
3101 2771 3236 2825 Opus
3269 2754 3525 2816 habebat,

1941 2870 2061 2923 quae
2105 2855 2216 2922 ipsa
2249 2870 2354 2907 non
2392 2853 2670 2923 peccavit?
2704 2868 2811 2907 non
2843 2850 2988 2905 enim
3034 2866 3097 2904 ex
3148 2848 3525 2912 fornicatione,

1942 2950 2035 3003 sed
2079 2950 2144 3003 de
2197 2948 2396 3017 nuptiis
2419 2947 2712 3019 generavit.
2758 2943 3103 3014 Interpretari
3148 2941 3526 2996 necessitatem

1945 3046 2105 3116 hujus
2146 3045 2543 3115 deprecationis
2591 3043 2794 3105 volens,
2845 3030 3097 3095 addidit:

2012 3139 2081 3193 Et
2108 3139 2375 3191 mundabit
2407 3155 2523 3191 eum
2564 3154 2596 3190 a
2648 3131 3192 3206 proﬂuviosanguinis
3238 3128 3342 3185 sui.
3386 3129 3528 3183 Pro-

3382 3221 3528 3276 unde

1944 3321 2302 3385 immunditia,
2355 3331 2413 3376 et
2468 3337 2623 3390 poma
2670 3320 2789 3388 ejus
2859 3318 2912 3372 in
2960 3325 3133 3372 totum
3201 3329 3371 3384 genus
3426 3314 3529 3367 hu—

1944 3433 2161 3470 manum
2202 3415 2380 3479 ﬂuxit,
2417 3430 2579 3484 quam
2610 3422 2664 3467 et
2710 3428 2811 3466 nos
2868 3413 3221 3481 deponamus,
3266 3408 3527 3460 sacriﬁcia

1941 3525 2039 3580 pro
2074 3509 2229 3563 nobis
2261 3525 2381 3578 qua:
2438 3508 2578 3562 dicta
2617 3516 2762 3569 sunt,
2792 3506 3081 3559 offerentes
3112 3522 3123 3556 :
3161 3503 3299 3556 duos
3352 3509 3529 3554 turtu-

1941 3619 2028 3657 res
2050 3594 2156 3656 ‘aut
2212 3602 2347 3655 duos
2378 3600 2550 3669 pullos
2597 3599 2994 3661 columbarum,
3034 3596 3168 3667 legis
3221 3594 3530 3648 meditatio-

1947 3710 2071 3749 nem
2112 3693 2759 3763 contemplationemque.
2821 3699 2874 3745 et
2917 3688 3222 3753 scientiam,
3273 3687 3387 3741 sive
3440 3702 3530 3740 co-

1948 3788 2243 3859 gnitionem
2277 3805 2289 3840 :
2322 3787 2513 3838 horum
2560 3783 2703 3837 cnim
2754 3782 2955 3837 habere
2996 3780 3221 3850 ﬁguram
3274 3777 3529 3847 pra-dicta

1948 3879 2197 3932 animalia
2232 3878 2659 3932 demonstratum
2688 3884 2790 3930 est.
2826 3874 2962 3940 Quia
2992 3882 3173 3927 autem
3205 3870 3528 3941 negligentia

1948 3970 2080 4040 legis
2133 3969 2526 4023 immunditiam
2566 3967 2874 4022 hominibus
2910 3962 3228 4025 introduxit,
3253 3959 3528 4016 meditatio

1948 4072 2003 4116 et
2043 4060 2269 4115 scientia
2322 4076 2420 4129 per
2450 4076 2611 4128 quam
2640 4057 2925 4113 manifeste
2948 4054 3218 4110 correctio
3253 4050 3522 4121 provenit,

1944 4151 2206 4205 mundare
2254 4151 2589 4218 liberareque
2641 4164 2741 4203 nos
2803 4148 2871 4203 a'b
2921 4147 3065 4201 illata
3112 4144 3318 4214 pridem
3368 4157 3526 4211 poena

1947 4244 2162 4314 poterit,
2212 4243 2266 4296 in
2290 4242 2506 4297 Christo
2538 4242 2665 4296 Jesu
2698 4241 2923 4295 Domino
2962 4249 3172 4301 nostro,
3238 4251 3332 4306 per
3365 4250 3524 4304 quem

1944 4346 1996 4391 ct
2029 4351 2152 4391 cum
2190 4351 2297 4406 quo
2326 4335 2493 4406 gloria
2526 4332 2694 4399 Patri,
2723 4341 2779 4388 et
2829 4333 2986 4400 Filio,
3016 4328 3527 4401 etSpirituisaucto

1949 4428 2003 4482 in
2037 4427 2232 4484 saecula
2275 4426 2620 4482 saeculorum.
2676 4425 2872 4479 Amen.

326 4686 531 4700 __-
544 4690 1560 4704 Ἢ
1571 4679 3479 4730 ——_._—_-==_—=_—-_____——————==——-—-——--‘—-.

1364 4883 1723 4972 LIBER
1829 4884 2411 4988 QUARTUS.

1844 5104 1915 5119 —

847 5249 1269 5313 PRZEFATIO.

334 5351 805 5421 importunitatem
855 5350 969 5404 ﬁeri
1006 5351 1248 5422 plerique
1318 5350 1707 5407 festivitatibus
1734 5368 1837 5422 pu-

261 5455 404 5511 tant,
456 5444 548 5498 sed
588 5444 838 5498 nesciunt
876 5445 1021 5512 quod
1050 5452 1279 5510 summe,
1304 5445 1419 5499 sive
1463 5444 1704 5514 capitulo
1763 5443 1843 5497 fe-

259 5532 527 5588 stivitatis
573 5532 937 5597 invideant,et
977 5533 1043 5588 ad
1073 5533 1343 5589 deteriora
1369 5534 1692 5590 festivitates
1731 5542 1845 5589 tra-

260 5623 441 5678 hunt:
476 5637 582 5676 non
619 5620 800 5676 animo
822 5620 1043 5691 quippe,
1078 5624 1171 5676 sed
1209 5638 1435 5694 corpore
1466 5622 1687 5679 student
1712 5622 1849 5678 festa

257 5712 579 5768 celebrare:
614 5715 754 5770 unde
794 5730 903 5769 non
942 5714 1277 5785 negligenter
1315 5732 1375 5771 ea
1425 5717 1625 5781 dicere,
1670 5716 1762 5773 sed
1787 5731 1849 5773 cx

336 5913 386 5945 "
421 5913 557 5970 Gen.
589 5932 670 5979 tu.
705 5917 789 5973 i5.
890 5920 931 5954 τι
960 5917 1101 5977 Psal.
1130 5932 1182 5977 ι..
1208 5916 1259 5972 7.

1869 5254 1913 5311 D
1943 5267 2106 5323 opere
2160 5251 2440 5308 festinant.
2480 5246 2598 5303 Hoc
2638 5246 2800 5303 etiam
2846 5254 3145 5319 patiuntur,
3192 5245 3285 5318 qui
3337 5244 3528 5317 ianuas

1942 5347 1995 5400 in
2043 5346 2129 5401 die
2165 5345 2477 5415 nuptiarum
2540 5340 2851 5395 cantoribus
2896 5349 2986 5395 aut
3028 5339 3342 5411 cithartedis
3383 5339 3529 5392 clau-

1946 5444 2154 5501 serunt,
2218 5434 2310 5504 qui
2369 5434 2584 5504 plausu,
2634 5440 2688 5487 et
2733 5447 3057 5503 organorum
3099 5439 3286 5495 cantu,
3320 5429 3528 5497 lampa-

1949 5527 2211 5595 dibnsque
2243 5525 2576 5596 nuptialibus
2639 5523 2893 5579 destituta
2945 5522 3217 5592 sponsalia
3275 5529 3527 5588 carpenta

1952 5618 2302 5689 praemittunt,
2372 5617 2572 5688 quique
2646 5631 2705 5672 se
2756 5614 2959 5670 amicos
3023 5614 3213 5685 sponsi
3262 5612 3523 5676 dicentes,

1956 5715 2205 5772 cursibus
2245 5714 2432 5783 sacris,
2467 5723 2521 5770 ct
2546 5713 2711 5782 tubis,
2761 5713 2905 5770 cultu
2932 5712 3255 5769 festivitates
3289 5708 3525 5781 privam,
