4046 6460
226 440 383 508 999
1065 491 1094 496 --
1409 445 1489 507 IN
1530 446 1968 507 LEVITICUM.
2007 472 2070 484 -
2106 447 2254 508 LIB.
2301 442 2396 509 IV.
3447 452 3579 518 930.

230 570 401 626 quia
423 556 710 629 perspicue
731 557 1072 616 immunditia
1107 568 1208 616 est.
1241 559 1337 615 Sin
1360 570 1543 616 autem
1565 559 1862 616 cmoruerit
1895 565 1934 620 A
1967 560 2232 630 pluribus,
2259 561 2351 616 sed
2375 560 2536 615 etiam
2561 559 2784 614 omnino
2805 558 2871 613 ad
2897 557 3399 630 interpretationem
3425 581 3557 622 cau-

231 649 590 708 diseurrens
612 653 759 724 lepra
792 653 1006 720 incute,
1035 663 1091 710 et
1111 655 1385 725 operuerit
1397 669 1616 725 omnem
1642 670 1862 710 carnem
1968 655 2036 710 tis
2066 670 2229 727 egens
2254 673 2267 710 :
2309 670 2470 726 quam
2499 670 2608 709 non
2630 663 2808 710 tamen
2839 663 3003 710 totam
3033 656 3189 710 nobis
3215 656 3281 713 ad
3314 659 3553 715 medium

229 758 284 798 a
351 746 533 817 capite
571 763 743 818 usque
791 748 860 804 ad
906 750 1067 818 pedes
1093 791 1108 814 ,
1161 749 1428 820 quidquid
1480 750 1582 804 sub
1640 760 1862 820 aspectu
1968 747 2193 802 deduxit
2235 749 2416 814 lectio,
2458 748 2552 803 sed
2589 759 2749 820 prout
2781 749 2998 803 auditus
3028 749 3353 819 suscipiens,
3379 767 3555 821 quau-

234 839 552 894 oculorum
581 841 744 904 cadit,
777 842 1142 897 considerabit
1167 859 1290 898 eum
1320 843 1590 909 sacerdos,
1621 843 1864 899 ctteneri
1969 847 2082 892 tum
2119 838 2376 903 habeant,
2423 848 2476 893 et
2500 840 2709 909 reliqua
2757 839 2998 894 veritatis
3027 840 3266 910 coujicit,
3295 851 3350 896 et
3373 843 3440 897 ad
3467 858 3554 898 sc-

234 927 427 1000 lepra
454 934 811 988 mundissima
832 935 1117 1004 judicabit,
1143 951 1210 990 eo
1240 937 1385 1006 quod
1430 937 1609 992 omnis
1647 937 1701 991 in
1734 953 1864 992 can-
1967 930 2263 998 metipsum
2292 931 2496 1001 colligit
2521 940 2779 986 mentem.
2814 930 3003 1002 Neque
3029 932 3175 986 enim
3213 949 3374 1002 parva
3405 950 3553 1004 quat-

239 1023 462 1078 dorem
490 1041 645 1080 versa
676 1026 767 1091 sit,
795 1035 850 1081 et
873 1027 1075 1083 idcirco
1097 1029 1260 1084 homo
1277 1031 1511 1085 mundus
1531 1030 1656 1084 erit.
1681 1029 1861 1096 Quan-

1967 1015 2101 1071 libet
2121 1017 2378 1072 discenda
2411 1028 2556 1083 sunt,
2593 1019 2686 1072 sed
2734 1035 2962 1090 quorum
3003 1035 3031 1073 a
3061 1019 3169 1074 Deo
3196 1023 3554 1091 praestolanda

238 1115 343 1171 do
365 1134 498 1174 νει-ο
525 1135 654 1176 εειτο
674 1121 934 1176 γίγθηεξη
961 1139 1024 1178 ea
1047 1125 1381 1194 apparueru,
1409 1133 1536 1180 ιυηε
1567 1125 1864 1181 sacerdotis
1968 1112 2040 1166 sit
2068 1111 2317 1174 scientia,
2352 1112 2446 1182 qui
2469 1113 2672 1168 nullius
2707 1114 2899 1167 horum
2937 1113 3142 1168 invidet
3163 1115 3551 1185 cognitionem,

234 1208 481 1279 judicio
526 1214 820 1283 polluetur,
868 1227 922 1271 et
948 1217 1089 1272 inter
1134 1218 1445 1274 immundos
1499 1221 1861 1290 reputabitur;

1967 1214 2022 1260 et
2059 1205 2151 1275 qui
2183 1220 2361 1274 neque
2393 1221 2478 1272 ea,
2505 1222 2625 1276 qua:
2660 1207 2883 1276 petitur,
2918 1206 3143 1277 indiget.
3171 1206 3284 1261 Hoc
3317 1207 3460 1260 enim
3479 1207 3556 1261 ait

242 1317 406 1359 caro
439 1307 584 1361 enim
617 1309 761 1374 viva,
797 1308 842 1363 si
873 1309 1021 1379 lepra
1057 1321 1394 1382 aspergatur,
1439 1312 1720 1368 immunda
1759 1323 1859 1369 est.
1965 1297 2204 1353 3300b“
2242 1299 2310 1366 ⁷³,
2354 1299 2446 1370 (illi
2487 1300 2698 1354 Domini
2750 1296 2918 1355 {mer
2955 1310 3038 1354 εει
3090 1302 3412 1371 θρυθηθιυδν
3454 1303 3553 1355 iu"

241 1394 431 1462 Quod
456 1399 500 1454 si
525 1415 742 1455 rursum
782 1417 936 1456 versa
975 1402 1140 1456 fuerit
1197 1404 1252 1457 in
1300 1404 1565 1470 alborem,
1607 1414 1662 1460 et
1692 1415 1862 1460 totum
1966 1389 2308 1457 Properamis
2339 1404 2460 1444 esse
2492 1390 2793 1460 ρτοιπίυτην
2829 1400 3052 1460 Propter
3099 1393 3240 1460 qu”d
3280 1391 3333 1444 ί¹¹
3377 1392 3551 1461 ipsum

248 1489 553 1545 hominem
592 1494 888 1562 ορει-,ιει-ίι,
924 1497 1292 1552 οοῆείάετηυίι
1331 1512 1456 1552 eum
1495 1500 1770 1564 sacerdos,
1809 1509 1866 1556 οι
1965 1480 2305 1536 conﬁdentes
2334 1522 2349 1546 ,
2388 1482 2659 1551 simulque
2700 1483 2754 1536 in
2789 1483 2967 1548 nobis;
3011 1483 3160 1536 dabit
3189 1483 3409 1537 enimin
3448 1484 3552 1547 his,

1965 1591 2086 1646 quae
2138 1575 2366 1630 dicenda
2412 1584 2558 1641 sunt,
2606 1576 2855 1646 gratiam.
2906 1576 3414 1645 Interpretatiouem
3472 1575 3550 1628 lno

1967 1668 2252 1723 choemus.
2272 1668 2523 1722 Ostendit
2542 1669 2690 1723 enim
2717 1684 2920 1727 sermo.
2951 1684 3016 1724 ex
3041 1679 3194 1740 parte
3227 1670 3447 1739 quidem
3477 1669 3543 1724 Ιεο

1969 1778 2189 1833 prosum
2219 1760 2467 1818 Iudicum
2501 1764 2783 1833 pupulum,
2829 1773 3016 1832 utpote
3065 1763 3120 1816 in
3170 1773 3324 1833 parte
3371 1772 3556 1817 trans-

1967 1872 2273 1926 gressorem
2307 1858 2459 1929 legis,
2499 1867 2724 1928 propter
2745 1857 2890 1928 quod
2907 1873 3033 1911 eum
3052 1858 3328 1922 sacerdos,
3352 1866 3412 1911 ut
3451 1857 3554 1910 im-

247 1583 540 1637 mundum
573 1599 694 1638 esse
735 1585 1016 1642 decernet.
1042 1607 1061 1640 ι

340 1671 478 1727 Item
505 1674 803 1729 secundum
838 1675 1194 1750 Septuaginta
1229 1687 1471 1736 textum:

347 1780 369 1813 ι
442 1762 511 1816 Et
553 1763 766 1818 locutus
800 1773 884 1819 est
925 1764 1188 1821 Dominus
1243 1769 1310 1822 ad
1347 1769 1564 1841 Moysen
1603 1779 1658 1826 et
1685 1771 1863 1826 Aaron

249 1853 464 1910 dicens
496 1874 508 1908 :
539 1856 748 1910 llomiui
785 1858 869 1911 cui
893 1857 1035 1913 facta
1058 1859 1222 1916 fuerit
1249 1862 1302 1916 in
1346 1864 1594 1932 pellicula
1619 1866 1864 1936 corporis

251 1948 398 2018 ejus
423 1950 646 2004 cicatrix
687 1950 1137 2022 signiﬁcationis,
1187 1955 1502 2027 τηλαυγὴς,
1543 1967 1639 2012 aut
1685 1957 1858 2027 αὔγαο
1895 1951 1935 2005 Β
1966 1950 2252 2014 mundum,
2288 1950 2513 2021 expellit
2549 1968 2562 2005 :
2608 1959 2718 2005 toto
2749 1959 2929 2004 autem
2976 1964 3207 2019 corpore
3253 1949 3553 2018 leprosum,

251 2055 409 2108 σμα,
435 2049 491 2093 ει
526 2038 666 2095 facta
695 2039 859 2096 fuerit
888 2043 943 2096 in
982 2043 1235 2113 pellicula
1275 2047 1520 2117 corporis
1559 2049 1679 2118 ejus
1713 2051 1862 2105 cica-

253 2130 378 2184 trix
422 2131 490 2185 ad
541 2134 811 2188 maculam
888 2135 1070 2206 lepra),
1143 2147 1197 2194 et
1268 2142 1481 2197 venerit
1549 2143 1616 2198 ad
1674 2147 1856 2199 Aaron

259 2223 652 2292 sacerdotem,
728 2235 823 2281 aut
881 2245 1049 2284 unum
1130 2232 1365 2288 ﬁliorum
1415 2236 1534 2306 ejus
1602 2239 1855 2293 sacerdo-

250 2323 406 2379 tem,
438 2323 492 2368 et
516 2315 710 2370 viderit
736 2320 990 2375 sacerdos
1037 2324 1304 2378 maculam
1363 2325 1416 2379 in
1459 2327 1708 2396 pellicula
1738 2345 1860 2384 cor-

259 2411 442 2478 poris,
500 2421 552 2467 et
607 2413 774 2484 pilum
822 2416 878 2471 in
915 2421 1127 2476 macula
1178 2425 1470 2480 mutaverit
1525 2427 1730 2491 album,
1805 2438 1860 2483 et

257 2514 526 2572 aspectus
579 2507 808 2563 maculae
855 2510 1114 2567 humilior
1170 2530 1201 2569 a
1254 2517 1508 2586 pellicula
1586 2521 1854 2590 corporis,

257 2595 485 2648 macula
517 2596 664 2666 lepra
699 2607 820 2652 est:
855 2610 909 2655 ει
956 2601 1162 2658 videbit
1199 2607 1475 2672 sacerdos,
1518 2618 1571 2663 et
1593 2611 1859 2664 contami-

259 2687 426 2776 nabit
456 2702 601 2742 eum.
633 2688 686 2744 Si
710 2701 892 2747 autem
933 2693 1197 2767 αὖγασμα
1226 2699 1406 2754 album
1439 2700 1603 2758 fuerit
1651 2705 1703 2758 in
1746 2706 1860 2776 pel-

240 2773 434 2829 .licula
461 2780 704 2847 corporis
738 2782 878 2851 ejus,
909 2792 967 2839 et
989 2785 1246 2842 humilior
1271 2805 1384 2845 non
1415 2791 1580 2847 luerit
1608 2773 1860 2866 aspectus

258 2867 392 2936 ejus
408 2885 437 2923 a
455 2871 720 2940 pellicula,
745 2883 800 2930 et
815 2875 959 2946 pilus
983 2879 1102 2949 ejus
1122 2897 1229 2935 non
1249 2889 1788 2945 commutatnsl‘uerit
1806 2891 1861 2945 in

257 2959 455 3014 album
482 2963 669 3032 pilum,
703 2965 818 3036 ipsa
848 2977 928 3024 est
961 2969 1214 3026 obscura.
1241 2973 1860 3046 Etseparabitsacerdos

257 3054 541 3109 maculam
565 3065 772 3128 septem
803 3060 1016 3124 diebus,
1049 3074 1104 3119 et
1125 3066 1324 3123 videbit
1352 3073 1604 3127 sacerdos
1635 3077 1862 3144 septima

259 3145 385 3211 die,
412 3156 468 3202 et
496 3163 624 3204 ecce
659 3153 872 3208 macula
905 3167 1189 3224 permanet
1221 3169 1409 3216 contra
1455 3179 1604 3232 eum,
1635 3182 1739 3220 non
1766 3168 1859 3223 de-

262 3239 422 3294 cidet
447 3243 655 3297 macula
695 3245 749 3299 in
783 3247 1055 3314 pellicula.
1084 3251 1147 3304 Et
1167 3255 1580 3322 separabiteum
1613 3262 1864 3316 sacerdos

1964 2041 2242 2111 gentilem,
2275 2042 2368 2111 qui
2400 2051 2568 2096 totam
2619 2041 3012 2114 transgreditur
3039 2041 3234 2113 legem.
3269 2039 3557 2095 Verumta-

1965 2148 2088 2186 mcn
2121 2134 2384 2187 mundum
2417 2149 2542 2188 eum
2565 2135 2820 2188 sacerdos
2853 2134 3081 2204 judicat,
3115 2134 3238 2204 quia
3270 2132 3402 2203 legis
3423 2130 3558 2203 jugo

1965 2227 2243 2297 subjectus
2264 2243 2372 2280 non
2399 2226 2522 2281 luit.
2552 2226 2776 2297 Oportet
2792 2237 2991 2292 autem,
3011 2236 3071 2282 ut
3101 2237 3281 2282 tamen
3301 2227 3555 2294 arbitror,

1965 2320 2119 2390 prius
2138 2321 2330 2376 littera:
2354 2322 2645 2376 decurrere
2665 2321 3086 2391 expositionem.
3119 2322 3209 2377 Sic
3225 2322 3371 2376 enim
3393 2322 3556 2392 spiri-

1967 2416 2130 2471 talem
2170 2417 2503 2471 intellectum
2542 2417 2685 2471 ultro
2714 2417 3066 2486 semetipsum
3096 2418 3434 2488 ingerentem
3468 2433 3556 2472 re-

1966 2510 2243 2579 periemus
2267 2528 2280 2563 :
2302 2510 2588 2564 deﬁciente
2612 2511 2754 2564 circa
2776 2525 2987 2577 causas,
3015 2520 3068 2564 et
3107 2527 3279 2579 uSque
3302 2511 3366 2564 ad
3395 2511 3556 2565 ﬁnem

1968 2618 2190 2657 sensum
2228 2618 2389 2657 suum
2433 2617 2686 2657 exserere
2716 2618 2824 2657 nou
2849 2603 3063 2657 valente
3095 2603 3300 2665 littera,
3326 2603 3468 2658 sicut
3501 2602 3556 2655 in

1967 2695 2224 2765 praesenti
2249 2695 2652 2766 cognoscimus.
2690 2695 2795 2749 Sed
2826 2695 3060 2765 primum
3099 2695 3221 2765 quis
3262 2695 3445 2764 sitqui
3474 2693 3555 2748 le-

1967 2802 2087 2859 gem
2114 2787 2239 2854 fert,
2266 2799 2321 2842 et
2343 2789 2408 2842 ad
2432 2804 2592 2858 quem
2622 2787 2879 2858 proferat.
2911 2789 3272 2843 attendamus.

2040 2882 2266 2936 Locutus
2285 2891 2358 2936 est
2381 2882 2635 2935 Dominus
2675 2883 2744 2934 ad
2765 2881 2982 2952 illoysen
3004 2891 3051 2936 et
3090 2883 3288 2937 Aaron.
3323 2882 3554 2948 Quando

1968 2971 2209 3040 loquitur
2233 2973 2391 3034 Deus,
2413 2971 2611 3040 duplex
2639 2979 2722 3025 est
2748 2970 2921 3026 ﬁdelis
2947 2972 3184 3027 auditus.
3216 2972 3358 3028 sicut
3389 2973 3558 3026 David

1969 3065 2235 3135 propheta
2261 3067 2338 3118 ait
2368 3084 2380 3118 :
2410 3062 2580 3119 Semel
2609 3065 2810 3120 locutus
2840 3073 2911 3118 est
2945 3064 3101 3127 Deus,
3131 3066 3234 3119 duo
3259 3066 3369 3120 [nec
3397 3067 3559 3120 audi-

1968 3161 2018 3214 υἱ
2046 3160 2110 3225 ⁷⁸,
2165 3159 2400 3214 litteram
2431 3159 2698 3218 videlicet,
2733 3167 2787 3214 et
2813 3159 3081 3229 spiritum.
3123 3157 3259 3230 Ergo
3305 3161 3556 3230 spiritus,

1973 3262 2032 3308 ut
2069 3252 2370 3307 sublimiori
2417 3253 2580 3323 Moysi
2615 3272 2627 3307 :
2682 3252 2912 3306 litteram
2956 3259 3168 3318 autem,
3202 3261 3261 3306 ut
3311 3253 3558 3323 subjecto

263 3341 483 3402 septem
509 3334 701 3391 diebus
731 3341 1068 3404 secundo,et
1101 3342 1302 3400 videbit
1338 3351 1595 3405 sacerdos
1634 3354 1863 3422 septima
1894 3361 1939 3420 (ζ
1970 3347 2150 3401 AaI‘On
2182 3346 2439 3416 loquitur;
2469 3347 2593 3417 quia
2637 3346 2781 3399 enim
2832 3346 3080 3400 ευδιίπιίε
3107 3355 3223 3400 erat
3252 3345 3477 3417 Moyses,
3503 3355 3559 3400 θι

262 3422 364 3479 die
413 3433 674 3494 secundo,
733 3437 787 3483 et
819 3445 949 3485 ecce
999 3432 1230 3489 obscura
1281 3439 1490 3494 macula
1540 3440 1704 3511 lepra:
1757 3460 1866 3498 non

263 3515 478 3573 decidit
512 3521 564 3574 in
600 3521 872 3590 pellicula.
894 3523 959 3579 Et
1005 3527 1292 3584 mundabit
1323 3547 1447 3586 eum
1475 3536 1728 3590 sacerdos
1749 3579 1762 3601 ,
1794 3537 1866 3592 si-

265 3609 555 3681 gniﬁcatio
581 3613 729 3668 enim
754 3625 860 3684 est,
889 3625 944 3672 et
971 3615 1163 3674 lavans
1190 3622 1513 3677 vestimenta
1537 3625 1676 3694 ejus,
1709 3642 1866 3680 mun-

264 3703 379 3757 dus
398 3705 526 3758 erit.
559 3704 614 3759 Si
635 3716 818 3762 autem
867 3721 1202 3768 commutata
1233 3714 1438 3770 decidit
1460 3717 1781 3789 signiﬁcatio
1812 3721 1865 3774 in

265 3796 548 3865 pellicula,
583 3808 870 3870 postquam
891 3802 1092 3858 viderit
1119 3821 1247 3861 eum
1279 3809 1554 3875 sacerdos,
1587 3819 1643 3864 ιιι
1675 3827 1864 3867 eumn-

265 3887 369 3942 det
405 3889 580 3957 illum,
608 3899 664 3944 et.
681 3892 955 3948 videbitur
991 3898 1234 3952 secundo
1267 3901 1557 3965 sacerdoti,
1586 3911 1640 3956 et
1666 3903 1868 3959 videbit

265 3982 552 4048 sacerdos,
585 3992 784 4040 ctecce
803 3987 1339 4062 deciditsigniﬁcatio
1370 3994 1422 4048 in
1455 3995 1615 4064 pelle,
1647 4005 1701 4050 et
1733 4013 1864 4052 cou-

269 4076 560 4130 tamiuabit
589 4092 713 4132 eum
744 4081 1014 4145 sacerdos,
1054 4082 1200 4153 lepra
1235 4095 1338 4140 εει.
1365 4086 1433 4141 Ει
1463 4088 1673 4142 macula
1703 4089 1865 4159 lepra:

171 4164 192 4184 ‘
266 4165 319 4222 si
350 4165 516 4221 fuerit
554 4167 622 4222 ad
644 4172 824 4224 Aaron
863 4173 1224 4243 sacerdotem,
1254 4187 1311 4232 et
1347 4179 1551 4234 videbit
1583 4155 1899 4249 sacerdos,;7

266 4268 332 4313 et
354 4274 486 4315 ecce
523 4260 752 4316 cicatrix
781 4262 901 4318 alba
926 4265 979 4318 in
1010 4267 1170 4336 pelle,
1205 4277 1259 4323 et
1280 4269 1398 4326 haec
1427 4274 1657 4328 mutabit
1690 4275 1860 4344 pilum

263 4351 456 4406 album
507 4369 537 4407 a
586 4368 722 4408 sano
759 4357 942 4410 carnis
980 4359 1133 4414 vivae.
1153 4359 1208 4415 Si
1249 4363 1678 4431 lueritcicatrix,
1711 4366 1862 4436 lepra

265 4448 576 4502 inveterata
633 4456 718 4502 εει
766 4449 821 4504 in
864 4453 1004 4522 pelle
1066 4456 1312 4526 corporis
1359 4457 1500 4528 ejus.
1540 4460 1620 4514 ·Ει
1669 4469 1862 4515 conta-

264 4539 505 4594 minabit
545 4553 670 4594 eum
707 4543 984 4609 sacerdos,
1029 4554 1085 4601 et
1125 4548 1400 4616 separabit
1447 4565 1573 4604 eum
1617 4552 1710 4621 qui
1754 4552 1856 4607 im-

261 4633 515 4689 mundus
592 4642 695 4690 est.
737 4632 821 4693 -Si
885 4647 1067 4694 autem
1143 4640 1345 4696 ﬂorens
1417 4641 1716 4698 el'ﬁoruerit
1797 4645 1852 4699 in

1971 3449 2257 3509 propterea
2283 3439 2476 3507 dignus
2503 3439 2696 3508 spiritu
2727 3455 2740 3493 :
2770 3437 3021 3493 subditus
3048 3446 3229 3493 autem
3271 3439 3472 3504 Aaron,
3502 3451 3558 3494 et

1971 3539 2131 3600 aptus
2156 3530 2362 3585 auditui
2391 3531 2594 3599 pupuli,
2616 3530 2823 3600 egentis
2848 3530 3047 3594 littera,
3069 3529 3186 3600 ipso
3212 3531 3322 3584 Deo
3339 3531 3557 3586 dicente

1969 3622 2036 3676 de
2063 3625 2241 3676 Aaron
2269 3622 2335 3677 ad
2365 3622 2577 3694 Moysen
2610 3640 2624 3676 :
2665 3623 2784 3693 Ipse
2809 3622 3052 3693 loquetur
3089 3623 3160 3677 ad
3195 3623 3470 3692 populum,
3504 3642 3553 3678 et

1968 3715 2079 3782 ipse
2095 3715 2193 3769 erit
2212 3732 2266 3769 os
2291 3725 2460 3778 tuum,
2480 3724 2535 3768 tu
2557 3725 2736 3769 autem
2759 3715 2806 3768 ei
2828 3717 2931 3769 eris
2952 3716 3006 3768 in
3033 3717 3132 3777 his,
3153 3733 3268 3786 qua:
3291 3717 3358 3769 ad
3390 3718 3554 3771 Deum

1968 3809 2224 3876 pertinent
2266 3809 2330 3862 ⁷³.
2367 3807 2504 3879 Ergo
2549 3808 2692 3877 quod
2717 3816 2833 3862 erat
2878 3807 3012 3878 legis
3040 3809 3317 3872 excelsus,
3355 3810 3457 3864 hoc
3483 3810 3548 3863 ad

1970 3901 2187 3971 Moysen
2216 3902 2521 3968 dicebatur,
2554 3903 2672 3972 ipse
2702 3901 2902 3972 quippe
2934 3901 3168 3956 habebat
3195 3918 3277 3964 ea,
3325 3918 3446 3971 qua!
3485 3903 3554 3956 ad

1970 3992 2136 4046 Deum
2169 3994 2534 4063 pertinebant,
2561 3994 2610 4048 id
2641 4002 2744 4054 est,
2770 4009 2831 4047 ea
2850 4008 2970 4063 qum
2992 3993 3377 4061 suntspiritus.
3399 3994 3553 4059 Quod

1966 4096 2145 4140 autem
2159 4096 2275 4141 erat
2299 4087 2624 4156 subjectum,
2651 4096 2703 4142 et
2727 4087 3002 4144 humilius.
3029 4087 3130 4142 hoc
3145 4089 3210 4141 ad
3231 4087 3427 4148 Aaron,
3441 4089 3553 4158 ipse

1966 4179 2112 4233 enim
2143 4178 2340 4250 Moysis
2366 4189 2484 4233 erat
2511 4195 2572 4234 os
2599 4179 2665 4233 ad
2710 4180 2996 4249 populum.
3037 4180 3206 4252 legem
3248 4184 3552 4242 secundum

1965 4272 2198 4326 litteram
2225 4273 2599 4342 accipientem,
2628 4288 2789 4342 quam
2816 4281 2870 4328 et
2898 4273 3124 4342 primam
3153 4289 3252 4327 nos
3282 4287 3554 4342 exponere

1964 4357 2336 4429 promisimus.
2365 4358 2551 4428 Lepraa
2572 4373 2700 4429 ergo
2716 4357 2944 4427 species,
2963 4367 3056 4411 aut
3077 4357 3240 4411 nimis
3256 4366 3348 4411 aut
3376 4359 3554 4414 mode-

1963 4462 2078 4506 rate
2107 4452 2336 4506 obscura
2364 4461 2465 4516 est,
2497 4461 2551 4505 et
2577 4451 2978 4520 quodammodo
3017 4451 3362 4513 obumbrata,
3388 4460 3443 4506 et
3469 4451 3554 4505 in-

1964 4545 2120 4599 terim
2150 4546 2360 4600 occulta
2397 4545 2498 4599 sub
2535 4545 2692 4614 pelle,
2729 4544 2962 4598 necdum
3000 4544 3391 4599 eﬁ‘ervescente
3430 4561 3553 4614 pas-

1963 4636 2134 4701 sione,
2151 4637 2502 4706 quamobrem
2522 4645 2577 4690 et
2596 4635 2762 4688 nimia
2780 4635 2987 4705 indiget
3006 4634 3418 4690 deliberatione.
3434 4635 3551 4690 Alia

262 4727 413 4804 pelle
455 4729 628 4800 lepra,
665 4742 721 4788 et
758 4735 1035 4804 operuerit
1069 4749 1287 4789 omnem
1318 4735 1515 4804 pellem
1548 4736 1794 4801 maculae,
1824 4752 1854 4790 a
1887 4712 1933 4770 ί)
1959 4738 2140 4783 autem
2188 4729 2396 4798 Species
2446 4728 2564 4797 eius
2620 4737 2723 4794 εει,
2785 4743 2907 4797 quae
2967 4727 3129 4782 "imis
3179 4714 3340 4783 Clara,
3364 4737 3468 4792 εει»
3496 4737 3551 4783 ει

264 4821 450 4890 capite
480 4827 738 4894 usquead
776 4828 964 4897 pedes,
1003 4842 1100 4897 per
1131 4835 1302 4881 totum
1333 4827 1508 4881 visum
1536 4830 1854 4897 sacerdotis,

263 4922 328 4969 et
347 4915 553 4972 videbit
591 4921 864 4985 sacerdos,
895 4929 950 4974 et
984 4935 1112 4975 ecce
1140 4920 1424 4990 cooperuit
1453 4920 1602 4990 lepra
1639 4937 1857 4976 omnem

266 5005 468 5074 pellem
507 5009 773 5078 corporis.
799 5009 861 5064 Et
879 5010 1162 5065 mundabit
1192 5026 1316 5065 eum
1343 5012 1598 5066 sacerdos
1618 5028 1646 5066 a
1671 5028 1858 5067 macu-
1888 5021 1901 5062 ι

265 5097 342 5164 la,
370 5097 498 5167 quia
533 5108 700 5155 totam
733 5105 1088 5158 commutavit
1116 5104 1172 5157 in
1208 5103 1354 5168 albo,
1390 5106 1628 5160 mundus
1658 5114 1760 5160 est.
1797 5107 1862 5161 Et

263 5205 597 5261 quacunque
625 5193 714 5248 die
741 5197 1057 5264 apparuerit
1082 5195 1137 5250 in
1164 5211 1229 5251 eo
1265 5212 1466 5266 corpus
1489 5197 1695 5263 vivum,
1726 5213 1862 5253 con-

267 5282 576 5338 taminabit.
640 5285 707 5340 Et
756 5287 962 5342 videbit
999 5289 1251 5344 sacerdos
1291 5305 1491 5360 corpus
1517 5305 1732 5357 sanum,
1758 5291 1860 5344 itu-

264 5377 508 5432 mundus
550 5388 656 5444 est,
703 5379 849 5450 lepra
873 5393 976 5435 est.
1018 5379 1076 5435 Si
1122 5390 1302 5436 autem
1342 5383 1655 5437 restitutum
1695 5383 1860 5439 fuerit

263 5471 471 5539 Corpus
505 5485 719 5537 sanum,
747 5481 802 5527 ct
833 5482 1227 5528 commutatum
1271 5475 1434 5530 luerit
1463 5475 1518 5529 in
1565 5475 1770 5540 album,
1805 5485 1860 5531 et

265 5563 458 5619 veniet
490 5567 557 5621 ad
607 5567 983 5633 sacerdotem,
1015 5576 1070 5621 et
1087 5567 1291 5622 videbit
1331 5583 1455 5623 eum
1491 5569 1768 5632 sacerdos,
1799 5578 1853 5623 et

267 5669 400 5711 ecce
427 5665 759 5712 commutata
777 5669 863 5715 est
881 5659 1090 5713 macula
1109 5660 1229 5731 ejus
1253 5661 1310 5715 in
1339 5661 1541 5727 album,
1567 5660 1854 5716 mundabit

268 5751 528 5807 sacerdos
561 5754 850 5818 maculam,
881 5763 935 5809 et
964 5755 1199 5809 mundus
1230 5755 1353 5810 erit.
1395 5774 1413 5806 ι

342 5842 618 5899 Profunda
643 5852 746 5909 est,
767 5845 907 5900 sicut
923 5845 1124 5910 cernis,
1145 5846 1253 5913 lex,
1275 5856 1455 5902 etnon
1481 5846 1656 5901 solum
1680 5848 1858 5904 verbis

343 6000 387 6033 ⁷³
413 5997 530 6057 Jac.
563 6017 600 6070 ι,
635 6003 686 6070 5,
719 6003 774 6058 6.
875 6003 916 6035 7"
945 6001 1084 6059 Psal.
1112 6017 1220 6070 th,
1253 6003 1340 6058 12.

1443 6005 1489 6038 ⁷⁵
1552 6002 1718 6059 lixsd.
1755 6019 1828 6071 tv,
1861 6001 1944 6057 l6.

1960 4821 2118 4876 valde
2164 4821 2474 4890 perspicua,
2522 4819 2594 4874 ita
2643 4830 2703 4876 ut
2753 4819 2980 4889 simplex
3012 4821 3101 4884 sit,
3146 4832 3199 4875 et
3241 4831 3426 4890 aperta
3457 4837 3550 4876 co-

1962 4914 2156 4986 gnitio.
2209 4913 2282 4968 Ex
2331 4914 2416 4969 his
2468 4915 2698 4984 primam
2753 4913 2992 4983 speciem
3048 4913 3405 4985 Septuaginta
3457 4931 3549 4971 se-

1963 5009 2203 5065 cundum
2267 5025 2406 5079 quos
2480 5024 2617 5079 pene
2680 5017 2825 5062 totus
2871 5008 2960 5062 hic
2999 5025 3195 5064 sensus
3242 5011 3547 5064 secundum

1966 5103 2202 5158 litteram
2239 5101 2549 5172 exponitur,
2595 5102 2902 5156 cicatricem
2949 5101 3365 5172 signiﬁcationis
3397 5114 3548 5158 recte

1961 5193 2392 5264 appellaverunt,
2431 5192 2484 5246 id
2525 5200 2630 5257 est,
2664 5191 2997 5257 cicatricem,
3035 5194 3344 5262 passionem
3377 5194 3552 5264 signi-
3587 5206 3590 5208 ‘

1961 5285 2236 5340 ﬁcantem.
2294 5285 2353 5338 In
2402 5285 2539 5340 duas
2578 5292 2759 5339 autem
2813 5293 2997 5354 partes
3040 5287 3201 5352 hanc,
3253 5287 3305 5340 id
3357 5298 3460 5351 est,
3491 5287 3548 5340 iu

1960 5381 2126 5436 nimis
2156 5379 2531 5444 dubitabilem,
2564 5387 2617 5432 et
2659 5378 2714 5432 in
2741 5380 2922 5434 tniuus
2952 5380 3312 5436 dubitandam
3341 5382 3546 5436 divise-

1960 5484 2108 5528 runt.
2156 5471 2234 5527 Ex
2276 5473 2476 5544 quibus
2513 5488 2677 5527 unam
2710 5473 3012 5542 τηλαυγὴν,
3049 5473 3209 5527 aliam
3240 5483 3424 5527 autem
3451 5488 3548 5543 ap-

1961 5569 2301 5637 pellaverunt
2355 5567 2646 5638 αὗγασμασ
2674 5567 2950 5637 τηλαυγὴν
2982 5567 3243 5638 quidem,
3301 5567 3424 5636 quia
3477 5566 3549 5621 de

1961 5661 2120 5731 longe
2144 5661 2390 5715 videatur
2415 5679 2427 5715 :
2468 5659 2728 5730 αῠγαισμα
2753 5670 2955 5724 autem,
2989 5659 3114 5729 quia
3155 5658 3319 5714 nimis
3346 5659 3546 5713 obscu-

1965 5770 2023 5808 ra
2053 5762 2155 5819 est,
2200 5769 2530 5824 parvamque
2575 5754 2740 5808 habet
2775 5753 3043 5824 passionis
3091 5742 3543 5819 insinuationem,

1967 5857 2023 5903 et
2087 5848 2228 5903 hanc
2272 5846 2669 5910 dubitabilem,
2731 5856 2791 5900 ut
2863 5845 3092 5918 proximi
3152 5845 3546 5916 disceptatione
