3946 6408
552 359 652 426 931

1750 319 2112 427 HESYCHII
2165 369 2640 438 PRESBYTERI

3724 400 3824 467 932

551 483 726 547 egeat,
781 481 1053 546 quatenus
1102 483 1158 530 et
1191 473 1310 529 luce
1339 472 1612 543 passionis
1645 473 1701 528 hi
1741 476 1836 545 qui
1858 477 2131 547 judicant,
2163 486 2210 543 Α
2239 486 2422 554 solvit,
2463 499 2517 544 et
2561 491 2653 561 qui
2683 492 2880 550 debeat
2920 512 2951 551 a
2983 498 3101 572 lege
3140 503 3342 560 mereri
3370 505 3822 583 misericordiam,

550 567 694 621 sicut
723 566 776 619 hi
803 566 894 635 qui
935 565 1142 636 lapides
1174 564 1471 635 inspiciunt
1506 565 1795 634 pretiosos,
1824 578 2042 639 egeant.
2073 568 2130 626 In

551 659 654 714 hac
696 658 1012 729 frequenter
1061 658 1218 728 jubet
1265 657 1601 712 sacerdotem
1664 659 2037 727 considerare,
2078 670 2134 717 et

550 766 659 805 non
691 751 913 806 credere
954 750 1395 814 obvenientibus,
1429 751 1542 805 sive
1570 755 1986 811 occurrentibus
2017 757 2129 828 pri-

549 858 651 896 mae
693 843 1029 912 probationis
1074 843 1408 913 aspectibus.
1461 844 1567 898 Sed
1596 855 1651 899 et
1689 847 1732 901 si
1765 849 2132 906 consideratio

547 932 814 988 cicatricis
855 933 1085 988 necdum
1139 945 1398 1004 appareat
1449 936 1708 991 humilior
1754 939 1914 1009 pelle,
1950 958 2130 1011 neque

545 1025 604 1079 in
648 1025 766 1080 loco
814 1026 955 1096 pilus
1003 1037 1371 1084 commutatus
1413 1045 1441 1084 a
1475 1031 1729 1100 passione
1759 1034 1915 1088 albus
1953 1035 2130 1092 factus

542 1116 728 1179 fuerit,
754 1127 959 1187 septem
994 1127 1174 1173 tamen
1203 1121 1319 1174 dies
1349 1123 1688 1192 separabitnr
1713 1124 1779 1178 ad
1810 1125 1968 1180 aliam
1997 1143 2128 1181 οοιι-

2238 579 2497 647 punitur:
2527 598 2761 656 cumque
2789 588 2986 660 dignus
3013 604 3159 649 esset
3183 598 3392 654 auxilio
3426 611 3658 673 propter
3685 605 3828 663 inﬁr-

2235 670 2503 738 mitatem,
2553 675 2656 731 hoc
2684 689 2856 746 caret,
2884 684 3283 758 subjiciturqne
3309 708 3488 749 noxa.
3518 670 3630 763 Qui
3656 700 3702 754 si
3738 717 3828 770 po-

2237 763 2428 819 tuisset
2477 769 2753 838 resistere,
2795 791 3069 846 nunquam
3102 781 3151 835 ei
3187 787 3574 852 prtevalnisset
3603 790 3828 849 inﬁrmi-

2215 862 2355 939 .tas:
2396 859 2598 942 quique
2642 869 2998 936 reprehendit
3045 885 3322 941 naturam,
3371 882 3536 951 cujus
3581 900 3707 940 esse
3748 905 3827 942 ar-

2232 948 2466 1006 bitratur
2495 957 2850 1015 accedentem
2887 967 3216 1034 molestiam,
3244 980 3300 1025 et
3346 988 3458 1027 non
3499 975 3827 1034 intentioni-2

2230 1051 2325 1096 aut
2364 1045 2664 1104 voluntatis
2710 1068 2843 1107 suae.
2895 1056 3034 1122 Quid
3079 1061 3226 1116 enim
3265 1076 3476 1132 ageret,
3529 1079 3595 1122 ut
3628 1069 3686 1123 in
3731 1073 3825 1128 hoc

542 1210 949 1276 sideratinnem,
981 1222 1035 1266 ct
1071 1229 1258 1267 rursus
1293 1215 1427 1268 alios
1456 1226 1665 1285 septem
1705 1218 1821 1272 dies
1850 1240 1860 1274 :
1896 1219 2157 1275 forsitan'
2228 1225 2375 1279 vindi

540 1300 683 1355 enim
723 1301 1112 1356 effervescente
1157 1320 1253 1373 per
1305 1315 1517 1375 tempus
1558 1308 1843 1376 passione,
1893 1312 2127 1366 manife-

539 1394 672 1448 stior
707 1394 930 1449 morbus
976 1394 1227 1450 elﬁcitur.
1264 1397 1622 1453 l’ermanente
1671 1411 1853 1456 autem
1893 1405 2124 1460 obscura

539 1489 815 1554 cicatrice,
865 1498 920 1544 et
963 1490 1110 1543 nulla
1143 1490 1281 1544 facta
1335 1491 1386 1544 in
1421 1493 1560 1562 pelle
1586 1495 2012 1563 permutatione,
2046 1497 2124 1551 si-

537 1583 942 1652 gniﬁcationem
971 1585 1126 1650 dixit,
1169 1602 1278 1639 non
1315 1598 1494 1640 autem
1520 1589 1726 1658 lepram
1753 1579 2122 1658 manifestam,

534 1692 660 1732 cum
699 1694 806 1746 qua
853 1678 1307 1749 signiﬁcationem
1362 1696 1470 1734 non
1511 1682 1771 1744 subdidit,
1805 1684 2122 1740 custodiens

532 1786 651 1824 eam
680 1770 762 1824 his
790 1771 881 1840 qui
908 1773 1208 1826 secundum
1248 1771 1498 1842 spiritum
1536 1774 1812 1843 accipiunt
1843 1777 2037 1848 legem,
2066 1787 2121 1833 et

2228 1316 2462 1384 primum
2508 1323 2728 1393 quidem
2762 1327 3065 1399 Mariam",
3097 1336 3296 1394 deinde
3327 1316 3520 1398 Gaiam
3544 1346 3592 1376 "
3633 1363 3826 1419 propo-

2226 1406 2309 1461 nit
2336 1426 2350 1464 :
2383 1426 2614 1477 quorum
2644 1417 2729 1470 illa
2755 1421 2972 1489 quidem
3009 1426 3160 1482 fratri
3199 1431 3468 1501 detraxit;
3493 1437 3588 1493 ille
3617 1406 3818 1506 autem,

2225 1501 2355 1557 dum
2403 1517 2548 1562 esset
2593 1527 2707 1578 rex,
2765 1515 3050 1574 incensum
3103 1522 3307 1581 inferre
3354 1535 3719 1602 praesumpsit
3769 1539 3819 1591 in

2223 1599 2460 1653 sanctis:
2522 1603 2652 1658 solis
2724 1609 2927 1679 quippe
2984 1613 3088 1668 hoc
3150 1620 3542 1678 sacerdotibus
3608 1599 3816 1693 licebat,

2221 1698 2386 1760 atque
2405 1692 2526 1749 ideo
2551 1713 2656 1751 non
2686 1701 2972 1760 diﬁerente
3003 1706 3113 1761 Deo
3138 1727 3354 1780 pinnam
3381 1730 3605 1782 eorum,
3629 1719 3816 1790 leprosi

2222 1782 2407 1839 eﬁ'ecti
2460 1798 2607 1842 sunt.
2666 1793 2807 1864 Ergo
2863 1801 3171 1867 Oportebat,
3233 1817 3290 1860 ut
3340 1811 3441 1862 hoc
3495 1782 3699 1880 aperte
3737 1814 3816 1870 lex

531 1862 625 1930 qui
684 1862 829 1930 quod
895 1863 1096 1916 minus
1133 1872 1234 1925 est,
1298 1864 1380 1918 vel
1426 1864 1615 1935 magis,
1648 1865 1801 1931 latet,
1855 1867 2117 1933 revelare,
2155 1887 2197 1943 Β
2225 1872 2432 1930 diceret
2459 1880 2526 1936 ad
2552 1879 2919 1940 excusandum
2956 1889 3343 1963 legislaturem,
3373 1910 3574 1955 contra
3610 1918 3707 1959 eos
3730 1906 3815 1973 qui

530 1963 695 2024 atque
733 1955 936 2010 addere
988 1964 1220 2026 possunt
1245 1957 1682 2026 contemplativis
1707 1958 2118 2028 interpretatio-

528 2049 694 2104 nibus
721 2049 968 2118 spiritus.
998 2048 1387 2103 Vcrumtamen
1420 2065 1532 2103 non
1565 2049 1768 2104 malum
1791 2066 1914 2105 esse
1953 2051 2120 2107 nimis

528 2141 980 2212 signiﬁcationem
1043 2140 1587 2196 ntanil‘estavernnt:
1653 2158 1778 2196 nam
1845 2144 2119 2214 quomodo

527 2233 822 2287 mundatus
873 2241 991 2286 erat
1055 2231 1332 2296 sacerdos,
1382 2231 1434 2285 id
1490 2241 1594 2298 est,
1625 2233 1915 2288 habentem
1953 2249 2117 2288 mun—

524 2325 654 2380 dum
687 2326 1128 2389 denuntiaturus,
1180 2325 1272 2393 qui
1315 2339 1660 2394 nequaquam
1712 2326 1878 2396 hujus
1907 2334 2112 2398 egeret,

525 2418 574 2472 si
611 2433 678 2472 ex
725 2425 837 2472 toto
871 2415 1065 2470 fuisset
1095 2414 1228 2468 liber
1260 2414 1282 2466 ?
1329 2414 1560 2484 Pmpter
1588 2415 1731 2484 quod
1760 2432 1880 2470 eam
1912 2418 2115 2472 obscu-

525 2525 638 2564 ram
687 2509 999 2581 appellavit,
1039 2525 1142 2564 nec
1184 2525 1375 2562 rursus
1407 2509 1552 2562 inter
1589 2510 1792 2564 munda
1820 2522 1943 2580 post
1966 2511 2114 2581 judi-

521 2601 666 2658 cium
709 2605 753 2657 si
795 2602 931 2658 mala
955 2601 1170 2666 fuisset,
1222 2601 1507 2671 cujusdam
1553 2603 1824 2672 passionis
1863 2603 2004 2658 facta
2031 2612 2113 2658 est

519 2695 867 2768 signiﬁcatio.
914 2695 971 2749 Si
1009 2702 1192 2748 autem
1236 2695 1314 2748 sic
1364 2695 1574 2749 habens
1622 2695 1872 2750 incidens
1905 2696 2112 2768 signiti-

519 2790 661 2846 catio
715 2791 770 2843 in
817 2789 1088 2860 pellicula,
1139 2788 1194 2843 id
1225 2799 1327 2852 est,
1362 2788 1406 2841 si
1454 2787 1626 2842 eﬂ‘nsa
1676 2789 1860 2850 fuerit,
1900 2798 1955 2844 et
1987 2791 2110 2859 plus

517 2899 679 2955 quam
727 2883 878 2954 prius
929 2882 1090 2936 latior
1145 2882 1200 2935 in
1250 2881 1502 2950 pellicula
1535 2883 1880 2950 processerit,
1912 2892 1968 2937 et
1997 2899 2106 2937 non

517 2976 837 3030 immutatus
881 2974 1043 3030 fuerit
1095 2975 1258 3045 pilus,
1313 2975 1417 3028 hoc
1463 2975 1609 3028 enim
1646 2975 1734 3028 hic
1773 2991 1884 3029 non
1918 2990 2106 3046 repre-

515 3064 727 3130 hendit,
768 3063 959 3133 polluit
1002 3079 1128 3118 eum
1175 3064 1452 3130 sacerdos,
1498 3065 1702 3134 lepram
1744 3081 1864 3120 esse
1895 3066 2105 3136 passio-

514 3171 639 3211 nem
672 3157 946 3226 judicans,
984 3156 1154 3227 ipsius
1193 3157 1411 3226 quidem
1455 3158 1763 3229 cognitione
1796 3159 2099 3225 dubitabili,

515 3258 703 3320 utpote
756 3251 990 3305 obscura
1039 3250 1336 3304 exsistente
1399 3250 1674 3305 cicatrice.
1730 3251 1866 3305 Alba
1918 3261 2099 3306 antem
2131 3250 2171 3306 C

512 3339 833 3399 exsistente.
880 3350 934 3394 et
976 3340 1209 3394 similem
1241 3340 1493 3395 mittente
1520 3341 1690 3411 pilum
1723 3341 1868 3412 pelli,
1909 3342 2104 3411 polluit

511 3430 660 3487 hunc
688 3432 963 3496 sacerdos,
989 3441 1043 3486 et
1072 3431 1414 3485 immundum
1444 3433 1566 3500 cjici
1600 3434 1862 3502 praecipit,
1885 3433 2100 3489 etiamsi

509 3523 676 3579 fuerit
709 3540 834 3594 pars
884 3523 1153 3578 cicatricis
1193 3540 1346 3588 sana,
1398 3533 1454 3578 et
1493 3541 1714 3578 carnem
1767 3527 1972 3582 habens
2021 3527 2102 3581 vi-

507 3625 748 3680 ventem,
802 3617 858 3671 id
887 3625 992 3679 est,
1026 3618 1128 3670 sub
1164 3618 1419 3686 passione
1463 3617 1627 3687 lepra:
1667 3634 1778 3673 non
1830 3619 2101 3674 constitu-

508 3719 640 3766 tam.
680 3711 851 3782 Cujus
883 3721 1065 3766 autem
1097 3712 1174 3766 rei
1210 3713 1418 3768 causa?

578 3799 714 3866 Quia
747 3801 915 3870 lepra,
937 3802 1131 3871 inquit,
1159 3802 1449 3856 inveterata
1469 3813 1564 3858 est.
1596 3803 1987 3860 Admirandum
2015 3815 2098 3861 est

507 3893 632 3957 hoc,
662 3893 1018 3962 «nimiamque
1057 3894 1388 3963 imperitiam
1436 3897 1520 3950 vel
1570 3896 1742 3966 magis
1796 3899 2097 3968 reprehen-

504 3987 717 4041 sionem
769 3985 923 4056 legali
973 3986 1226 4056 ingerens
1273 3987 1490 4053 litterte,
1541 3989 1687 4044 unde
1719 3990 1868 4044 enim
1907 3991 2097 4047 debuit

501 4076 760 4131 sanabilis
806 4077 1058 4132 arbitrari
1110 4079 1313 4149 passio,
1348 4079 1401 4135 id
1433 4089 1534 4146 est,
1583 4096 1652 4136 ex
1677 4082 1802 4137 vivo
1841 4097 2092 4154 corpore,

501 4170 732 4240 vivaque
757 4187 954 4226 carne:
990 4172 1139 4226 illinc
1164 4173 1308 4227 illam
1341 4175 1512 4246 magis
1542 4175 1820 4246 desperat,
1857 4177 2093 4246 lepram-

499 4279 606 4333 que
651 4263 1006 4318 inveteratam
1043 4264 1174 4318 dicit
1208 4265 1368 4332 Deus,
1416 4267 1470 4321 id
1501 4277 1604 4329 est,
1642 4283 1753 4322 non
1789 4269 2088 4323 sanabilem

429 4341 435 4350 ’
500 4372 596 4411 seu
622 4357 713 4412 diu
755 4366 1088 4418 manentem,
1129 4367 1184 4411 et
1212 4358 1372 4426 quasi
1404 4359 1671 4427 passionis
1710 4369 2088 4414 senescentem

499 4449 639 4504 loco.
675 4450 748 4503 De.
783 4451 884 4504 hac
916 4465 971 4504 re
1018 4467 1210 4505 rursus
1244 4453 1346 4507 hoc
1376 4453 1523 4522 quod
1559 4453 1812 4522 sequitur
1841 4453 2090 4508 invenies

501 4542 822 4596 obscurius:
855 4541 978 4612 quia
1042 4543 1291 4613 eumqui
1351 4553 1462 4600 toto
1519 4544 1767 4615 leprosus
1827 4553 1912 4599 est
1965 4560 2088 4599 cor-

494 4648 648 4704 pore,
689 4644 796 4688 eta
827 4633 1056 4704 pedibus
1097 4634 1268 4704 usque
1294 4635 1364 4690 ad
1392 4645 1556 4706 caput
1582 4645 1807 4705 opertus
1862 4636 2078 4702 morbo,
2115 4620 2159 4676 υ

493 4727 696 4782 munda
731 4727 900 4782 teneri
949 4727 1119 4798 lepra,
1166 4727 1269 4783 hoc
1289 4728 1356 4783 de
1390 4743 1456 4783 eo
1491 4729 1772 4799 jndicante
1802 4729 2084 4785 sacerdote

491 4819 627 4874 vult.

560 4908 619 4964 Si
655 4920 829 4964 autent
861 4911 915 4963 in
953 4927 1010 4964 eo
1052 4911 1217 4964 visum
1250 4912 1407 4982 fuerit
1448 4913 1738 4982 aliquando
1775 4933 1965 4987 corpus
1999 4919 2080 4971 vi-

489 5018 630 5066 vens,
654 5013 856 5056 revocat
878 5004 1118 5055 sacerdos
1132 5003 1395 5072 judicium
1423 5021 1578 5058 suum
1607 5022 1625 5059 :
1653 5017 1700 5060 et
1726 5009 1911 5077 polluit
1935 5027 2074 5065 eum.

487 5094 552 5148 Si
589 5102 767 5147 autem
807 5103 1099 5147 remutatus
1134 5097 1292 5165 fuerit
1339 5097 1396 5150 ir.
1443 5097 1623 5152 album
1654 5140 1670 5166 ,
1709 5111 1758 5156 et
1788 5111 1897 5156 tota
1923 5105 2074 5174 pellis

484 5183 560 5236 ad
603 5185 900 5252 passionem
948 5185 1106 5253 lepra:
1147 5175 1410 5241 translata
1461 5190 1641 5258 fuerit,
1687 5195 1909 5248 mundat
1953 5213 2072 5251 eum

484 5274 750 5335 sacerdos,
796 5276 881 5330 cui
925 5276 1173 5346 judicare
1209 5289 1528 5349 praceptum
1577 5293 1673 5337 est.
1723 5284 1778 5340 Si
1809 5296 2074 5344 autemet

484 5365 603 5420 hazc
650 5375 796 5423 recte
829 5368 974 5424 dicta
1025 5379 1175 5434 sunt,
1232 5372 1483 5440 quamvis
1536 5373 1640 5430 hoc
1680 5391 1844 5433 nemo
1887 5379 2067 5436 dicat:

479 5473 647 5528 quam
684 5467 865 5515 tamen
923 5460 1353 5517 satisfactionem
1397 5464 1465 5519 ad
1497 5464 1658 5521 aliam
1704 5467 1844 5526 hanc
1889 5488 2071 5543 repre-

483 5551 806 5607 hensionem
841 5554 1217 5624 reperiemus?
1242 5554 1379 5622 Quia
1411 5555 1661 5628 leprosus
1681 5576 1790 5616 non
1818 5564 2066 5621 volunta-

481 5644 574 5698 rire
621 5645 912 5715 passionis,
960 5647 1054 5701 sed
1101 5664 1262 5717 qnam
1319 5649 1523 5704 invitus
1572 5654 1823 5722 sustinet,
1874 5674 2065 5728 poenas

542 5861 591 5894 “
616 5862 901 5933 Nunuxu,
939 5868 1001 5922 l0
1029 5884 1180 5940 seqq.

2223 1982 2348 2021 eum
2395 1980 2588 2040 putant
2638 1975 2838 2046 injuste
2861 1979 2928 2034 de
2957 1981 3187 2052 leprosis
3213 1989 3454 2058 sancire,
3490 2001 3558 2048 et
3593 2011 3700 2051 non
3734 2012 3815 2052 so-

2220 2059 2332 2116 lum
2375 2063 2480 2120 hoc
2519 2066 2587 2121 de
2637 2068 2890 2140 leprosis,
2936 2075 3031 2129 sed
3064 2087 3119 2131 et
3152 2077 3220 2132 de
3264 2079 3351 2136 his
3372 2083 3465 2152 qui
3500 2085 3816 2144 vulneratos

2209 2151 2437 2211 ‘habent
2487 2161 2680 2216 oculos
2726 2178 2822 2218 seu
2875 2167 3125 2233 auditus,
3172 2182 3267 2228 aut
3314 2177 3560 2246 reliquos
3608 2195 3812 2246 sensus,

2219 2247 2457 2319 aliisque
2501 2251 2752 2321 inﬁrmis,
2788 2266 2842 2312 et
2886 2260 3194 2331 paralyticis
3242 2267 3633 2326 aestimabitur.
3670 2271 3810 2338 Quod

2217 2340 2583 2396 manilestnm
2614 2351 2698 2398 est
2723 2361 2786 2400 ex
2826 2363 2892 2402 eo
2923 2351 3069 2419 quod
3105 2353 3355 2425 discipuli
3391 2373 3602 2415 caecum
3630 2378 3659 2416 a
3686 2364 3814 2418 nati-

2217 2431 2385 2487 vitate
2424 2435 2696 2501 videntes,
2735 2437 3024 2495 Dominum
3074 2443 3477 2518 interrogantes
3512 2453 3802 2509 dicebant:

2212 2522 2404 2591 Rabbi,
2455 2529 2571 2598 quis
2601 2533 2857 2598 peccavit,
2897 2534 3002 2600 hic,
3045 2547 3138 2590 aut
3172 2552 3417 2608 parentes
3445 2546 3589 2615 ejus,
3629 2557 3684 2600 ut
3716 2565 3809 2602 cc-

2214 2632 2304 2670 cus
2338 2631 2642 2675 nasceretur
2662 2624 2736 2677 ⁷⁸2
2769 2623 2848 2679 Tu
2883 2639 3064 2683 autem
3092 2632 3227 2686 mihi
3259 2651 3369 2690 non
3405 2640 3617 2695 relidas
3656 2641 3805 2696 Chri-

2213 2709 2279 2762 sti
2337 2715 2756 2782 responsionem
2814 2720 3010 2776 scienti
3073 2726 3336 2795 quidem,
3389 2733 3488 2786 sed
3541 2736 3806 2804 quomodo

2212 2804 2364 2857 multi
2405 2806 2640 2863 habeant
2668 2810 2736 2865 de
2763 2815 3128 2881 passionibus,
3164 2835 3284 2890 quze
3328 2826 3491 2880 nobis
3525 2831 3802 2895 eveniunt,

2209 2900 2495 2965 quaerenti.
2543 2901 2649 2956 Sed
2689 2915 2744 2960 et
2773 2907 2890 2978 ipse
2945 2911 3210 2970 Dominus
3251 2935 3263 2970 :
3315 2917 3685 2980 Dimittuntur
3717 2928 3803 2981 tibi

2207 3003 2445 3061 peccata,
2500 2997 2691 3053 volens
2751 3001 2961 3072 erigere
3008 3008 3387 3077 paralyticum,
3441 3015 3612 3070 dixit.
3662 3017 3801 3073 Sicut

2207 3089 2337 3156 ergo
2371 3086 2478 3143 Deo
2515 3090 2764 3160 odibiles,
2797 3096 2960 3152 etiam
2992 3099 3092 3156 hos
3117 3102 3186 3156 de
3219 3106 3578 3166 tabernaculo
3616 3094 3798 3183 eapellli

2206 3180 2512 3247 oportebat,
2544 3192 2599 3236 et
2627 3185 2894 3252 iniustitia
2927 3190 3061 3246 levis
3089 3204 3395 3261 putaretur,
3425 3201 3471 3254 si
3508 3203 3606 3257 alii
3640 3180 3794 3260 simul

2207 3269 2532 3338 injustitiam
2583 3277 2914 3344 potirentur.
2963 3281 3018 3337 Si
3051 3295 3234 3342 autem
3269 3289 3429 3355 dicis,
3461 3295 3598 3363 quia
3626 3299 3795 3352 omni-

2208 3360 2372 3414 modo
2395 3361 2448 3414 in
2481 3363 2564 3417 his
2595 3367 2946 3435 passionibus
2973 3387 3195 3444 peccata
3231 3382 3567 3452 puniuntur,
3602 3403 3721 3442 nam
3745 3399 3793 3443 et

2206 3466 2330 3506 eum
2367 3456 2460 3524 qui
2492 3458 2695 3514 ﬂuxum
2726 3464 2954 3521 seminis
2977 3469 3198 3537 patitur.
3230 3488 3260 3526 a
3290 3475 3651 3536 tabernaculo
3682 3499 3794 3552 pro-

2205 3542 2374 3608 hibet,
2410 3557 2464 3600 et
2487 3563 2607 3603 eam
2641 3567 2762 3620 quae
2787 3551 2991 3610 ﬂuxum
3021 3561 3225 3628 patitur
3250 3567 3536 3636 sanguinis
3558 3609 3577 3634 ,
3615 3587 3789 3626 verum

2201 3637 2421 3706 quidem
2459 3640 2617 3706 dicis,
2647 3647 2741 3700 sed
2772 3663 2880 3702 non
2911 3650 3014 3706 hoc
3046 3662 3152 3708 tam
3183 3657 3482 3714 satisfactio
3501 3672 3614 3723 est,
3640 3681 3788 3734 quam

2200 3742 2390 3782 rursus
2431 3730 2536 3785 alia
2602 3735 2889 3805 scriptoris
2949 3745 3260 3811 accusatio,
3309 3750 3400 3818 qui
3440 3730 3785 3810 necessitates

2198 3831 2408 3878 natura:
2457 3827 2826 3891 condemnat,
2882 3851 3018 3900 quas
3060 3838 3346 3895 defensare
3394 3845 3685 3912 debuerat,
3733 3861 3784 3905 ut

2196 3930 2307 3970 non
2335 3915 2596 3974 factorem
2626 3921 2682 3975 in
2712 3927 3054 3994 naturalibus
3084 3934 3532 3993 accusationibus
3560 3940 3782 4012 injuria-

2196 4008 2298 4062 re't.
2333 4009 2699 4075 Quamobrem
2735 4022 3041 4076 necessaria
3071 4025 3230 4080 nobis
3259 4037 3342 4081 est
3391 4035 3778 4105 contemplatio

2194 4097 2347 4170 legis,
2403 4112 2458 4156 et
2510 4105 2630 4159 vitii
2693 4109 2958 4177 Spiritalis
3011 4113 3427 4186 interpretatio,
3476 4097 3776 4197 mentisque

2193 4193 2413 4247 oculum
2464 4205 2679 4266 oportet
2735 4202 2893 4256 oculo
2933 4205 3114 4261 carnis
3166 4223 3520 4280 praeponere,
3575 4227 3637 4271 ut
3687 4219 3776 4273 hoc

2193 4285 2413 4352 quidem
2463 4287 2533 4341 ad
2575 4289 2994 4362 intelligentiam
3035 4313 3223 4352 eorum
3271 4317 3390 4370 quae
3437 4309 3771 4373 sanciantur,

2191 4379 2285 4434 illo
2331 4399 2461 4438 vero
2487 4393 2725 4441 .utamur
2770 4390 2837 4444 ad
2871 4391 3178 4464 legendum.
3234 4398 3393 4472 Legis
3425 4418 3558 4475 ergo
3594 4422 3772 4461 rursus

2191 4483 2529 4541 proponatur
2558 4476 2762 4532 littera.

2265 4564 2489 4621 Locutus
2529 4578 2603 4622 est
2636 4569 2891 4627 Dominus
2921 4577 2992 4630 ad
3029 4581 3241 4648 Moysen
3267 4593 3316 4635 et
3347 4584 3525 4640 Aaron
3568 4590 3766 4644 dicens:

2191 4657 2358 4713 Homo
2403 4662 2457 4714 iu
2483 4663 2634 4732 cujus
2663 4681 2821 4719 carne
2845 4677 2892 4720 et
2918 4679 3034 4723 cute
3056 4681 3200 4725 ortus
3230 4675 3386 4744 fuerit
3417 4679 3657 4736 diversus
3686 4698 3764 4735 co-

2188 4753 2286 4816 lor,
2310 4756 2416 4809 sive
2452 4758 2690 4824 pustula,
2725 4771 2819 4813 aut
2865 4764 3018 4832 quasi
3050 4764 3226 4822 lucens
3267 4770 3564 4840 quidpiam,
3596 4776 3652 4830 id
3676 4788 3760 4840 est,

2185 4844 2343 4914 plaga
2393 4846 2571 4916 leprw,
2631 4850 2924 4906 adducetur
2983 4857 3056 4909 ad
3103 4857 3282 4912 Aaron
3320 4865 3669 4932 sacerdotem,
3693 4867 3764 4922 vel

2182 4949 2344 4986 unum
2375 4937 2650 4999 quemlibet
2672 4939 2902 5008 ﬁliorum
2926 4942 3059 5012 ejus.
3087 4945 3190 5009 Qui
3215 4964 3333 5002 cum
3360 4951 3546 5008 viderit
3574 4956 3760 5026 lepram

2179 5028 2235 5079 in
2274 5038 2406 5094 cute,
2442 5041 2489 5084 et
2517 5031 2649 5100 pilos
2675 5033 2728 5086 in
2755 5033 2935 5087 album
2963 5046 3189 5093 mutatos
3216 5040 3464 5109 colorem,
3500 5045 3760 5118 ipsamque

2175 5116 2397 5181 speciem
2419 5117 2580 5187 lepra:
2607 5121 2938 5176 humiliorem
2955 5137 3071 5180 cute
3099 5139 3149 5182 et
3183 5146 3340 5186 carne
3357 5134 3585 5204 reliqua,
3610 5116 3754 5207 plaga

2177 5205 2335 5275 lepra.-
2376 5217 2471 5273 est,
2505 5219 2555 5263 et
2583 5213 2654 5265 ad
2687 5213 2968 5269 arbitrium
3008 5217 3120 5287 ejus
3147 5223 3504 5290 separabitur.
3543 5205 3755 5299 Simpli-

2175 5298 2330 5365 citer,
2357 5315 2452 5355 seu
2483 5303 2810 5373 generaliter
2839 5307 3116 5366 hominem
3146 5313 3331 5370 divina
3356 5315 3642 5390 Scriptura
3666 5298 3750 5391 ap-

2175 5388 2341 5457 pellat
2369 5404 2517 5455 eum,
2557 5392 2650 5460 qui
2679 5393 2776 5448 Dei
2807 5394 3120 5468 imaginem,
3153 5411 3208 5456 et
3239 5415 3440 5461 nostra:
3472 5388 3748 5465 conservet

1283 5872 1327 5903 ⁷⁷
1377 5873 1422 5927 ιι
1452 5873 1628 5931 Paral.
1665 5893 1807 5948 xxvi,
1846 5881 1928 5938 l9.
2007 5883 2050 5914 ’⁸
2083 5883 2240 5942 Joan.
2276 5888 2404 5962 1x2.
