4046 6426
166 410 313 478 9Ἳ3
1347 404 1429 465 ΙΝ
1477 397 1792 465 LEVITIC'

1911 445 1925 460 .
1953 423 2020 434 -
2061 392 2208 458 LIB.
2253 394 2352 461 IV.
3380 393 3490 466 93$

167 540 342 590 rem,
377 521 527 594 quasi
550 520 688 576 male
723 518 1014 574 formatum
1041 512 1312 568 nmnisma
1347 511 1626 575 describit,
1656 507 1797 580 quod
1828 513 1875 566 Α
1903 505 2298 580 transgreditur
2338 512 2512 575 parte,
2560 501 2699 559 nihil
2741 518 2804 558 ex
2837 504 3079 560 custodia
3125 505 3361 562 mandati
3393 506 3489 578 ju-

164 617 458 686 exprimit
497 615 551 669 in
603 611 880 684 parabolis
936 609 1196 664 Dominus
1219 648 1233 671 ,
1275 606 1496 661 dicens:
1553 602 1796 657 Hominis
1899 609 2056 654 vatur
2082 598 2345 654 alterius:
2379 596 2481 662 Qui
2507 597 2652 652 enim
2698 607 2863 651 totum
2895 598 3056 669 legem
3088 597 3332 686 custodit,
3367 614 3488 668 pec-

163 685 482 780 cujusdam
523 709 697 763 divitis
741 707 920 761 uberes
967 707 1167 776 fructus
1196 719 1322 773 ager
1351 700 1550 761 attulit,
1576 708 1622 752 et
1653 698 1797 768 rogi-
1899 697 1982 742 εαε
2011 703 2185 742 alitem
2214 689 2268 741 ίη
2296 704 2419 752 αηοτ
2458 687 2632 756 iam“
2662 697 2735 741 εει
2759 689 2993 740 omnium
3034 685 3235 742 "3’18"-

169 806 350 857 tabat
386 806 525 856 intra
569 819 623 856 se
659 803 875 872 dicens:
912 800 1051 864 Quid
1095 797 1314 866 facium,
1356 795 1481 865 quia
1512 809 1611 846 non
1633 792 1796 843 habeo

167 909 303 962 quo
334 910 636 964 congregem
679 893 877 961 fructus
921 889 1095 942 meos?
1126 887 1191 940 Et
1226 887 1400 940 dixit:
1431 882 1544 936 Hoc
1573 883 1790 951 faciam,

171 986 475 1039 destruant
503 986 688 1038 horrea
721 1001 856 1045 mea,
884 991 930 1035 et
964 980 1169 1050 majora
1191 979 1407 1050 faciam,
1444 985 1490 1029 et
1518 976 1644 1028 illuc
1669 990 1794 1027 con-

172 1077 429 1148 gregabo
457 1078 654 1141 omnia,
687 1093 802 1147 quis
833 1085 961 1128 nata
1002 1084 1125 1128 sunt
1159 1073 1306 1133 mihi,
1339 1079 1386 1124 et
1412 1068 1546 1122 bona
1574 1085 1711 1133 mea,
1747 1077 1794 1121 et

173 1171 380 1224 dicam
408 1171 602 1224 animm
639 1186 768 1224 mete
791 1187 808 1223 :
833 1171 1048 1234 Anima,
1077 1168 1233 1222 habes
1264 1167 1430 1221 multa
1457 1166 1590 1218 bona
1623 1165 1794 1233 posita

175 1264 250 1316 in
279 1282 450 1318 annos
489 1265 766 1334 plurimos,
821 1265 1098 1335 requiesce,
1151 1262 1379 1326 comede,
1427 1260 1556 1324 bibe,
1604 1259 1793 1326 epula-

180 1358 372 1413 τετυ.
416 1357 484 1411 Et
512 1373 740 1412 rursus:
777 1356 948 1410 Homo
980 1356 1194 1426 quidam
1232 1352 1572 1408 descendebat
1610 1351 1674 1403 ab
1700 1349 1795 1404 Je-

177 1450 436 1503 rusalem
462 1451 516 1502 in
547 1449 776 1514 Iericho,
807 1459 855 1503 et
887 1449 1065 1502 incidit
1095 1449 1150 1500 in
1177 1447 1405 1500 latrones
1442 1461 1458 1498 :
1508 1445 1598 1516 qui
1635 1445 1794 1497 etiam

181 1543 630 1610 despoliaverunt
688 1557 826 1605 eum,
887 1550 934 1593 et
989 1539 1160 1610 plagis
1225 1538 1480 1606 impositis
1529 1537 1792 1598 abierunt,

1909 795 1917 801 ’
1969 804 2068 856 Hic
2086 803 2154 855 ad
2187 801 2366 854 Aaron
2404 801 2724 854 sacerdotem
2757 802 3068 865 adducetur,
3116 810 3208 853 aut
3234 802 3305 853 ad
3326 815 3491 853 unum

1899 894 2173 964 quemlibet
2205 893 2436 962 ﬁliorum
2469 893 2605 960 ejus.
2649 893 2770 947 Filii
2811 902 2990 946 autem
3029 893 3327 947 sacerdotis
3359 899 3491 946 sunt

1898 987 2111 1056 cognati
2135 987 2253 1054 ejus
2282 985 2583 1040 secundum
2614 985 2887 1054 spiritum,
2919 1002 2945 1038 a
2972 1003 3078 1054 quo
3105 993 3159 1038 et
3191 983 3486 1039 sacerdotii

1896 1076 2100 1131 habent
2135 1078 2476 1149 dignitatem.
2527 1076 2668 1131 Sunt
2697 1088 2879 1132 autem
2920 1079 2994 1143 hi,
3036 1078 3089 1130 in
3116 1078 3314 1147 quibus
3355 1092 3487 1146 per-

1898 1168 2038 1224 fecta
2086 1179 2169 1225 est
2251 1171 2522 1240 plenaque
2567 1171 2936 1240 philosophia,
2991 1180 3048 1225 ut
3095 1181 3149 1226 ct
3172 1171 3489 1226 discernere

1898 1266 2108 1335 possint
2137 1264 2410 1329 sublimia,
2449 1274 2504 1318 ct
2534 1265 2731 1319 animae
2766 1265 3014 1333 judicare
3049 1275 3229 1319 motus
3257 1265 3490 1320 abscon-

1899 1355 2064 1411 ditos.
2119 1354 2225 1409 Sed
2255 1355 2529 1425 quomodo
2555 1355 2842 1424 judicant‘.’

1971 1467 2149 1521 Vident
2203 1466 2405 1534 lepram
2437 1468 2490 1519 in
2536 1475 2670 1530 cute,
2705 1473 2754 1519 et
2781 1465 2949 1547 pilum
2986 1467 3118 1536 ejus,
3150 1468 3195 1521 si
3225 1469 3276 1520 in
3311 1466 3490 1520 album

1898 1571 2130 1616 mutatus
2173 1563 2350 1632 fuerit,
2401 1578 2465 1614 ac
2507 1561 2678 1628 ipsam
2714 1561 2934 1629 speciem
2974 1561 3131 1630 lepra!
3159 1560 3490 1614 humiliorem

180 1634 452 1684 semiviro
515 1633 774 1685 relicto”.
842 1631 899 1685 lu
961 1641 1194 1700 utroque
1248 1639 1430 1684 autem
1507 1641 1794 1698 personam

81 1757 88 1768 -
182 1725 436 1794 suscipit
480 1725 803 1794 peccatoris.
848 1725 1001 1790 Quod
1037 1733 1216 1778 autem
1244 1723 1294 1776 in
1333 1722 1435 1776 Job
1477 1722 1796 1777 continetur

185 1815 457 1883 historia,
500 1818 636 1870 nihil
685 1817 860 1870 oberit
911 1817 1148 1871 nostris:
1194 1817 1319 1886 quia
1365 1814 1552 1868 dicens
1594 1827 1794 1867 Secun-

186 1909 337 1964 dum
371 1909 724 1979 Septuaginta
753 1927 764 1962 :
803 1909 968 1963 Homo
996 1910 1214 1980 quidam
1238 1918 1351 1962 erat
1374 1909 1426 1960 in
1461 1917 1600 1960 terra
1635 1906 1793 1958 Ausi-

189 2002 336 2068 tide,
371 2003 514 2056 illico
545 2002 846 2072 subjunxit.
878 2003 963 2054 cui
991 2018 1176 2056 nomen
1207 2010 1322 2054 erat
1357 1999 1533 2054 Job".
1565 1999 1794 2053 Addita-

192 2104 393 2148 mento
431 2095 628 2164 quippe
658 2095 916 2160 nominis,
961 2093 1379 2165 insigniﬁcatum
1415 2109 1538 2147 eum
1571 2091 1662 2162 qui
1699 2091 1793 2144 de-

187 2185 565 2252 scribebatur,
619 2187 841 2240 minime
891 2186 1200 2255 dereliquit.
1249 2185 1410 2240 Pellis
1444 2193 1646 2248 autem,
1696 2199 1792 2236 seu

187 2281 348 2334 cutis
370 2281 607 2347 nomine,
631 2298 778 2336 nunc
805 2282 1230 2352 uniuscujusque
1266 2296 1412 2346 caro,
1438 2295 1585 2334 nunc
1611 2287 1791 2332 autem

191 2374 331 2442 ejus
361 2373 673 2444 designatur
705 2374 976 2443 cognatio.
1018 2373 1245 2443 Propter
1276 2374 1418 2443 quod
1449 2372 1501 2426 in
1530 2373 1669 2425 tibro
1691 2370 1792 2425 Job

193 2479 271 2519 ex
319 2482 547 2536 persona
588 2467 785 2522 diaboli
818 2467 1162 2538 decipientis,
1197 2483 1258 2521 ea
1289 2482 1408 2537 quae
1435 2467 1552 2521 viro
1582 2465 1653 2518 illi
1682 2465 1792 2518 lor-

194 2557 423 2612 tissimo
468 2568 769 2614 evenerunt
816 2570 964 2626 tunc,
997 2560 1216 2630 quando
1251 2575 1373 2615 cum
1409 2559 1512 2612 alia
1541 2559 1792 2613 substan-

185 2651 301 2716 tia,
351 2652 510 2718 ﬁlios,
566 2654 807 2724 ﬁliasque
834 2654 976 2723 ejus,
1021 2655 1242 2708 domum
1277 2669 1440 2722 super
1471 2669 1566 2707 eos
1603 2652 1791 2721 sepul-

195 2751 347 2796 turze
391 2744 508 2796 vice
560 2760 858 2814 congerens
910 2745 1249 2814 disperdidit,
1307 2745 1542 2799 dicitur:
1593 2743 1790 2796 Pellem

191 2846 301 2898 pro
334 2831 487 2900 pelle,
526 2841 573 2885 et
605 2842 790 2884 cuncta
823 2849 939 2901 qum
967 2833 1120 2886 liabet
1154 2834 1325 2896 homo,
1360 2832 1504 2885 dabit
1540 2849 1635 2901 pro
1667 2831 1790 2883 ani-

197 2939 292 2975 ma
347 2924 541 2977 sua“:
579 2923 630 2978 id
669 2933 772 2989 est,
805 2924 999 2992 pellem
1043 2925 1265 2994 quidem
1307 2925 1646 2996 cognationis
1694 2940 1791 2995 per

196 3012 349 3066 ﬁlios
380 3008 632 3081 perdidit,
660 3013 753 3068 sed
781 3024 965 3067 tamen
995 3014 1191 3070 sullicit
1215 3015 1285 3082 ei,
1313 3016 1455 3085 quod
1489 3011 1642 3085 pellis
1668 3032 1790 3069 car-

192 3105 292 3158 nis
328 3105 446 3172 ejus
470 3105 615 3159 salva
647 3113 750 3170 est,
782 3105 1115 3175 minimeque
1142 3107 1530 3177 corrumpitur.
1564 3105 1792 3176 Propter

194 3197 353 3267 quod
381 3197 653 3252 subdidit:
691 3197 939 3268 Alioquin
970 3199 1114 3252 mitte
1137 3216 1352 3253 manum
1380 3209 1526 3254 tuam
1556 3209 1605 3254 et
1637 3210 1792 3270 tange

196 3307 258 3343 os
300 3289 436 3358 ejus,
473 3299 520 3342 et
561 3307 794 3356 carnem,
849 3299 896 3343 et
939 3301 1060 3344 tunc
1110 3292 1302 3345 videbis
1343 3293 1480 3362 quod
1520 3292 1574 3344 in
1604 3293 1794 3362 faciem

197 3382 483 3436 benedicat
512 3381 624 3437 tibi.
659 3382 815 3450 Quod
845 3393 1026 3438 autem
1062 3393 1244 3438 nostra
1273 3385 1438 3440 editio
1469 3386 1634 3440 habet
1673 3405 1685 3440 :

275 3474 450 3528 Homo
476 3475 531 3527 in
562 3474 714 3543 cujus
744 3491 904 3529 carne
964 3485 1014 3529 et
1038 3486 1154 3530 cute
1186 3487 1329 3531 ortus
1369 3479 1528 3548 fuerit
1563 3480 1794 3532 diversus

199 3569 374 3634 color,
427 3569 532 3623 sive
570 3569 806 3637 pustula,
856 3579 949 3622 aut
990 3571 1143 3640 quasi
1188 3570 1363 3624 lucens
1411 3572 1702 3642 quidpiam,
1738 3573 1795 3626 id

199 3671 278 3715 est
326 3661 484 3733 plaga
520 3661 700 3732 leprw,
742 3659 1096 3733 Septuaginta
1136 3665 1567 3718 transtulerunt:
1610 3664 1795 3718 [lami-

200 3753 258 3805 ni
299 3754 346 3806 si
388 3753 472 3805 cui
499 3755 638 3824 facta
670 3754 829 3825 fuerit
868 3755 924 3806 in
959 3754 1207 3824 pellicula
1255 3757 1487 3825 corporis
1509 3757 1621 3826 ejus
1653 3757 1794 3810 cica-

202 3846 318 3898 trix
343 3847 748 3916 signiﬁcationis
789 3861 1067 3916 apparens.
1097 3846 1328 3901 Cicatrix
1359 3849 1792 3920 signiﬁcationis,

199 3945 491 4005 peccatum
532 3937 818 4007 signiﬁcat,
876 3953 941 3991 ex
991 3937 1074 3992 his
1114 3955 1233 4007 qtlzc
1275 3950 1560 4009 apparent,
1616 3941 1794 3995 mani-

200 4025 436 4093 festans,
473 4029 617 4097 quod
649 4029 919 4082 occultum
951 4038 1052 4094 est,
1081 4039 1132 4084 ει
1161 4030 1334 4084 latens
1360 4032 1557 4087 animze
1578 4033 1791 4087 vitium.

201 4118 282 4172 Ac
324 4116 522 4172 deinde
551 4118 862 4173 cicatricem
909 4120 1050 4174 hanc
1075 4120 1294 4189 quidem
1321 4122 1619 4194 τηλαυγήν,
1651 4123 1792 4181 illam

200 4219 391 4265 autem
415 4212 705 4281 appellavit
733 4211 1025 4285 αὗγασμαιε
1057 4216 1185 4285 quia
1216 4226 1501 4284 peccatum
1534 4217 1637 4272 hoc
1665 4219 1792 4287 qui-

201 4301 332 4358 dem
370 4313 557 4373 apcrte
590 4318 653 4359 ex
699 4319 780 4369 se,
816 4314 871 4360 et
900 4305 1018 4360 sine
1048 4308 1229 4378 aliqua
1272 4308 1662 4378 dijudicatione
1695 4311 1792 4364 de-

201 4415 468 4469 nuntiant
526 4415 626 4486 ipsi
650 4426 832 4472 motus
851 4418 1067 4474 animae.
1097 4419 1222 4475 Haec
1252 4431 1456 4488 autem,
1486 4425 1790 4480 necessaria

202 4505 435 4569 habent,
469 4517 620 4562 extra
651 4509 792 4578 quod
824 4510 998 4564 lucem
1042 4513 1343 4581 peccatoris
1377 4513 1500 4583 quis
1544 4514 1708 4580 videt,
1739 4523 1793 4569 et

1900 1664 2033 1716 cute,
2089 1662 2137 1706 et
2190 1669 2350 1705 carne
2384 1651 2610 1721 reliqua.
2653 1649 2756 1704 Per
2804 1650 2941 1720 pilos
2989 1660 3169 1704 autem
3215 1650 3488 1720 signiﬁcat

1899 1742 2262 1814 cogitationes
2306 1741 2505 1811 quibus
2551 1748 2779 1794 ornatur
2821 1740 3024 1804 anima,
3064 1756 3326 1809 mensque
3356 1755 3489 1794 con-

1899 1833 2101 1902 tegitur
2154 1847 2277 1886 cum
2322 1831 2541 1886 easdem
2587 1831 2701 1900 ipsa
2755 1831 2928 1900 pariat
2957 1831 3355 1901 cogitationes:
3386 1830 3489 1886 sibi

1902 1940 2026 1978 nam
2076 1934 2128 1978 et
2161 1933 2322 1994 caput
2369 1924 2595 1994 capillos
2642 1935 2886 1994 generat,
2931 1931 2987 1977 et
3034 1933 3262 1977 ornatur
3290 1940 3356 1977 ex
3385 1923 3487 1987 eis,

1901 2029 1965 2067 ac
1989 2014 2208 2084 tegitur.
2243 2012 2535 2082 Propterea
2582 2014 2761 2083 capilli
2795 2014 2991 2082 capitis
3021 2014 3189 2068 nostri
3222 2013 3487 2068 numerati

1901 2103 2254 2170 dicuntur”,
2318 2105 2678 2176 cogitationes
2729 2105 2986 2160 videlicet
3039 2105 3260 2160 mentis.
3311 2105 3490 2174 Caput

1900 2197 2047 2252 enim
2089 2198 2222 2268 ipsa,
2257 2197 2382 2268 quia
2429 2197 2728 2268 principale
2761 2207 2842 2252 est
2873 2197 3090 2260 animae,
3127 2197 3347 2252 dicitur.
3378 2196 3490 2251 Cur

1899 2300 2082 2344 autem
2143 2290 2416 2344 numerati
2465 2289 2631 2344 sunt?
2676 2289 2866 2359 procul
2911 2288 3077 2342 dubio
3106 2288 3354 2343 dicturus
3381 2293 3486 2355 est,

1899 2387 2024 2454 quia
2056 2399 2153 2453 per
2183 2398 2276 2437 eas
2299 2383 2484 2452 utique
2515 2383 2678 2453 judcx
2706 2382 3051 2451 judicaturus
3081 2391 3164 2436 est
3189 2382 3486 2446 hominem,

1900 2475 1954 2530 id
1992 2484 2094 2539 est,
2130 2476 2514 2530 accusantibus
2542 2475 2640 2538 eis,
2691 2474 2775 2528 vel
2801 2474 3210 2539 excusantibus,
3247 2474 3388 2528 sicut
3415 2474 3491 2528 ait

1899 2566 2139 2623 Paulus:
2180 2566 2246 2620 In
2296 2578 2525 2637 tempore
2555 2583 2655 2636 quo
2683 2577 2860 2620 nostra
2897 2566 3287 2635 judicabuntur
3315 2566 3490 2622 occul-

1901 2668 1954 2714 ta
1972 2660 2038 2716 ⁸⁸.
2088 2659 2381 2729 Propterea
2425 2658 2775 2729 intelligimus
2804 2659 2857 2712 in
2892 2657 3126 2712 Nazaraai
3166 2659 3342 2728 capite
3376 2658 3490 2714 ler-

1900 2769 2020 2806 rum
2068 2769 2176 2807 non
2229 2751 2462 2823 ingredi,
2505 2751 2632 2805 dum
2677 2751 2798 2805 aliis
2827 2750 2944 2805 sine
2991 2751 3148 2821 culpa
3187 2750 3484 2806 inferatur:

1899 2847 2022 2917 quia
2055 2846 2255 2916 quibus
2304 2853 2433 2899 sunt
2466 2842 2728 2914 superﬂui
2764 2844 2966 2913 capilli,
3002 2860 3115 2898 non
3142 2845 3319 2898 solum
3352 2843 3489 2899 nihil

1898 2946 2080 3002 nocet,
2134 2937 2226 2990 sed
2276 2943 2331 2990 et
2369 2935 2580 2989 lucrum
2608 2944 2711 3001 est,
2754 2935 3006 2989 tonderi:
3060 2936 3259 3006 quibus
3304 2947 3488 2991 autem

1898 3045 2010 3084 non
2040 3037 2168 3084 sunt
2201 3027 2480 3098 superﬁui,
2516 3027 2775 3082 damnum
2817 3037 2922 3094 est,
2969 3037 3194 3098 propter
3225 3027 3490 3083 naturalis

1899 3122 2112 3178 decoris
2143 3121 2523 3191 spoliationem
2559 3121 2879 3191 capillorum
2916 3120 3207 3190 depositio.
3246 3119 3337 3175 Sic
3366 3121 3489 3190 qui-

1899 3215 2219 3284 huscunque
2255 3213 2532 3284 superﬂue
2576 3215 2934 3284 cogitationes
2982 3215 3311 3283 importunae
3337 3222 3484 3279 sunt,

1898 3308 2037 3362 bene
2084 3308 2153 3361 ab
2186 3307 2267 3361 eis
2297 3307 2726 3361 commutatione
2775 3305 3154 3370 consiliorum,
3201 3306 3285 3360 vel
3319 3306 3488 3360 obve-

1896 3400 2164 3454 nientium
2234 3399 2480 3453 omnium
2549 3399 2982 3469 phantasiarum,
3046 3414 3198 3453 more
3253 3407 3490 3453 tonsurae

1896 3500 2104 3548 carent.
2157 3490 2214 3546 ln
2263 3490 2521 3547 Nazaraeo
2568 3501 2750 3547 autem
2807 3509 2914 3546 non
2971 3501 3118 3558 sunt,
3152 3500 3299 3547 totus
3340 3491 3484 3548 enim

1895 3592 2118 3640 sanctus
2163 3593 2268 3639 est.
2328 3585 2559 3655 Propter
2603 3586 2748 3656 quod
2780 3585 2983 3639 ferrum
3041 3586 3094 3639 in
3142 3585 3319 3656 capite
3369 3586 3486 3655 ejus

1895 3689 2006 3728 non
2041 3675 2310 3739 ascendit,
2351 3690 2476 3730 cum
2499 3675 2648 3730 bono
2678 3683 2864 3730 utatur
2885 3675 3135 3741 consilio,
3170 3685 3226 3730 et
3259 3676 3484 3745 capillos

1895 3767 2288 3837 c0gitationum
2319 3767 2680 3833 necessarios,
2707 3775 2762 3821 et
2796 3783 2902 3820 non
2937 3767 3242 3838 superﬂuos
3268 3768 3485 3834 habeat,

1896 3875 1962 3915 ex
2004 3861 2202 3930 quibus
2248 3877 2359 3914 non
2393 3859 2605 3926 incidit,
2664 3875 2788 3916 cum
2818 3877 2928 3913 non
2955 3869 3154 3915 tractet
3191 3860 3485 3927 deteriora,

1894 3967 2071 4021 neque
2099 3961 2417 4007 commutet.
2449 3951 2504 4006 Si
2536 3967 2665 4022 ergo
2695 3953 2864 4022 pilum
2903 3952 2956 4006 in
2984 3954 3107 4007 albo
3140 3953 3248 4019 hic,
3287 3953 3353 4008 de
3377 3969 3487 4023 quo

1895 4060 2044 4100 nunc
2087 4054 2172 4100 est
2216 4061 2416 4112 sermo,
2451 4045 2890 4110 commutaverit,
2939 4046 3323 4115 Cogitationem
3352 4063 3487 4100 eon-

1894 4147 2110 4194 vertens
2144 4139 2199 4193 in
2226 4139 2599 4209 impudentem
2622 4139 3010 4204 conditionem,
3038 4139 3486 4210 manifestamque

1895 4233 2142 4303 peccati,
2216 4233 2441 4302 ipsaque
2498 4233 2710 4303 species
2779 4234 2946 4303 lepra:
3007 4232 3265 4286 humilior
3315 4232 3486 4287 fuerit

1895 4339 2081 4388 carne,
2111 4332 2166 4379 et
2204 4333 2329 4378 cute
2361 4323 2592 4394 reliqua,
2638 4323 2780 4377 hanc
2813 4323 2958 4377 enim
2998 4323 3326 4388 considerat,
3354 4332 3409 4378 et
3439 4323 3483 4378 si

1895 4417 2096 4473 viderit
2131 4415 2447 4485 apparuisse
2494 4414 2719 4469 nimiam
2772 4415 3169 4478 inﬁrmitatem,
3201 4425 3365 4486 atque
3387 4416 3486 4470 de-

1897 4509 2091 4564 fecisse
2122 4509 2429 4562 naturalem
2467 4508 2746 4573 virtutem,
2784 4508 2929 4578 quod
2966 4519 3048 4562 cst
3075 4509 3288 4577 species
3321 4510 3486 4579 lepra:

202 4600 1018 4672 considerationemjudicantis
1046 4605 1205 4674 quale
1240 4606 1329 4672 sit,
1364 4615 1546 4660 utrum
1604 4623 1791 4663 verum
1826 4584 1869 4639 θ
1903 4600 2157 4656 humilior
2180 4608 2326 4663 Cllle,
2359 4605 2452 4653 θυι
2480 4613 2647 4653 carne
2674 4598 2902 4667 reliqua.
2930 4608 3144 4666 εθιιίιτθι
3171 4610 3225 4652 el
3249 4599 3486 4653 immun-

205 4705 274 4745 an
311 4692 529 4746 falsum.
565 4693 620 4747 Si
647 4710 774 4767 ergo
796 4697 1088 4766 peccatori,
1117 4698 1260 4754 sicut
1289 4700 1529 4768 pranlicti
1560 4700 1792 4770 Septua-

206 4783 356 4855 ginta
392 4785 583 4853 edunt,
613 4789 838 4843 cicatrix
867 4789 1282 4860 signiﬁcationis
1306 4793 1359 4845 in
1390 4793 1639 4862 pellicula
1667 4810 1790 4850 cor-

206 4881 354 4950 poris
383 4881 463 4948 ﬁt,
487 4883 738 4940 videlicet
765 4894 1049 4955 peccatum
1078 4887 1132 4940 in
1150 4903 1334 4953 carne,
1360 4889 1503 4957 quod
1527 4890 1792 4961 signiﬁcet

207 4973 446 5029 animam
473 4991 688 5047 quoque
718 4978 952 5048 compati
992 4981 1242 5049 corpori:
1272 4989 1356 5034 est
1377 4991 1556 5036 autem
1588 4983 1791 5053 τηλαυ-

205 5070 312 5140 γής
361 5070 486 5137 hoc,
535 5080 630 5126 aut
678 5072 963 5144 αῠγασμα,
1023 5074 1075 5128 id
1104 5083 1206 5139 est,
1246 5085 1340 5129 aut
1370 5077 1533 5132 nimis
1567 5081 1791 5136 manife-

207 5173 376 5224 stum,
415 5172 510 5218 aut
538 5164 879 5236 inspicientis
900 5181 1068 5237 egens
1097 5167 1492 5238 disceptatione
1525 5189 1536 5224 ε
1583 5173 1661 5227 sic
1693 5175 1797 5231 hoc

208 5254 262 5310 in
311 5258 583 5312 maculam
615 5259 781 5330 lepra:
807 5259 1117 5315 habebitur.
1155 5261 1384 5331 Lepram
1422 5274 1604 5319 autem
1640 5267 1800 5322 intel-

209 5344 429 5418 ligimus
455 5349 585 5420 legis
611 5351 1102 5422 transgressionem
1131 5369 1143 5405 :
1187 5352 1314 5422 quia
1343 5355 1797 5422 quemadmodum

211 5439 476 5509 leprosus,
505 5441 632 5496 dum
660 5450 805 5497 totus
831 5441 900 5498 sit
928 5458 1112 5506 sanus,
1137 5459 1201 5498 ex
1228 5453 1382 5514 parte
1406 5447 1584 5517 aliqua
1607 5450 1789 5521 lepro-

209 5545 302 5586 sus
355 5531 549 5598 factus,
606 5535 744 5589 nihil
788 5535 1012 5606 juvatur
1051 5550 1115 5590 ex
1151 5537 1326 5592 salute
1386 5540 1613 5596 minime
1663 5544 1788 5599 facti

209 5623 408 5694 leprosi
453 5627 718 5698 corporis,
767 5629 860 5684 sed
906 5639 1218 5685 removetur
1257 5646 1289 5685 a
1322 5633 1696 5698 tabernaculo,
1733 5649 1791 5693 ut

211 5711 565 5786 immundus;
615 5718 693 5775 sic
748 5729 803 5774 et
847 5719 938 5790 qui
1003 5719 1138 5791 legis
1182 5733 1452 5793 praecepta
1499 5740 1566 5780 ex
1611 5727 1789 5796 aliqua

281 5847 347 5919 1—3-
380 5847 515 5906 Luc,
552 5868 648 5916 xu,
702 5853 891 5908 16-19.
981 5855 1024 5885 ⁷³
1052 5853 1184 5910 Luc.
1218 5873 1271 5919 κ,
1308 5857 1395 5914 50.

212 5912 261 5951 ⁸⁸
285 5917 445 5975 Rom.
479 5937 539 5990 ιι,
574 5912 654 5978 16ζ
734 5925 778 5956 ⁸⁸
805 5925 823 5979 Ι
855 5927 983 5982 Cor.
1016 5941 1110 5992 vn,
1149 5926 1232 5982 ιτ.

1512 5861 1557 5893 ⁸⁸
1583 5862 1686 5917 Joh
1717 5883 1750 5929 ι,
1787 5865 1830 5920 Ι.

1899 4695 2026 4749 dum
2059 4709 2181 4746 eum
2208 4701 2351 4746 recte
2380 4690 2634 4745 sacerdos
2656 4690 2884 4759 judicat,
2924 4699 3109 4760 utpote
3140 4691 3485 4761 languentem

1899 4785 2118 4855 quidem
2155 4799 2219 4837 ex
2255 4782 2560 4836 intentione
2597 4797 2715 4845 sua,
2762 4789 2817 4835 et
2848 4781 3148 4835 voluntate.
3197 4781 3311 4836 Hoc
3338 4781 3484 4836 enim

1897 4876 1990 4946 qui
2025 4874 2194 4946 pilum
2226 4879 2546 4937 commutat,
2591 4873 2770 4926 innuit
2811 4872 2995 4936 nimis,
3046 4872 3174 4941 quia
3220 4882 3303 4928 est
3330 4873 3484 4927 inﬁr-

1899 4985 2042 5035 mus,
2099 4975 2156 5023 et
2197 4976 2484 5038 propterea
2543 4966 2842 5036 semetipso
2896 4967 3173 5032 humilior,
3239 4969 3383 5024 unde
3428 4980 3484 5025 et

1902 5071 2048 5120 recte
2093 5062 2306 5118 veniam
2351 5079 2460 5117 non
2506 5072 2765 5116 meretur.
2833 5059 2988 5116 Vinci
3023 5062 3168 5116 enim
3202 5063 3270 5117 ab
3320 5062 3482 5118 Abra-

1895 5161 2042 5225 ham,
2074 5167 2131 5214 et
2167 5159 2236 5213 ab
2275 5157 2383 5212 alio
2424 5159 2639 5228 majori,
2692 5159 2962 5228 por-labile
2992 5168 3097 5223 est,
3140 5168 3199 5214 ut
3234 5159 3482 5230 quaedam

1897 5252 2180 5318 habitudo,
2224 5251 2308 5306 vel
2342 5253 2583 5322 potentia
2627 5254 2929 5323 prodatur:
2971 5251 3057 5308 vel
3088 5252 3312 5320 bonum,
3337 5251 3482 5324 quod

1899 5349 1958 5395 ιιι
1999 5353 2372 5411 operaremur,
2403 5355 2433 5393 a
2463 5338 2574 5396 Deo
2615 5342 2985 5412 percepimus.
3039 5339 3115 5394 De
3154 5341 3353 5411 quibus
3387 5341 3485 5395 ha-

1897 5433 2103 5488 hitibus
2129 5433 2379 5502 quaedam
2419 5433 2554 5487 mihi
2585 5432 2786 5488 Paulus
2841 5433 3075 5488 innuere
3107 5433 3341 5498 videtur,
3391 5432 3476 5486 in-

1897 5523 2091 5594 quiens
2118 5522 2442 5593 :Unicuique
2469 5524 2602 5578 sicut
2629 5523 2887 5578 Dominus
2914 5523 3120 5588 dividit,
3146 5536 3484 5591 unumquemo

1899 5635 1996 5688 que
2041 5617 2175 5671 sicut
2220 5619 2421 5672 vocavit
2466 5616 2606 5671 Deus
2625 5616 2695 5682 “,-
2739 5632 2863 5672 cum
2917 5632 2948 5670 a
3001 5612 3292 5682 semetipso
3329 5610 3482 5680 quis-

1900 5710 2046 5780 piam
2083 5708 2322 5764 deterior
2356 5709 2463 5772 ﬁat,
2500 5708 2846 5779 importabile
2880 5717 2980 5762 est.

1942 5867 1983 5896 ⁸³
2015 5865 2133 5936 μοι)
2171 5881 2228 5928 ιι,
2255 5866 2307 5918 4.
2414 5867 2460 5898 θ’
2488 5865 2603 5922 .lac.
2661 5883 2733 5926 ιι,
2774 5866 2868 5946 10..
2959 5862 3006 5895 ⁸⁸
3035 5859 3229 5914 Matth.
3280 5874 3350 5923 χ,
3382 5855 3476 5910 50.
