4046 6418
634 333 742 440 93,5

1825 343 2190 410 HESYCHII
2235 344 2330 405 PB
2342 333 2710 404 ESBYTEI—ll
3762 360 3834 423 εδ

706 475 867 533 Vsus.
907 475 1027 531 4-8.
1073 494 1091 527 ε
1124 473 1182 530 Si
1235 479 1417 527 autem
1463 468 1654 522 lucens
1699 461 1866 517 fuerit
1913 459 2118 516 candor
2151 459 2205 512 in
2235 463 2281 520 Α
2311 456 2416 512 hoc
2457 455 2782 519 habentem,
2815 453 2963 524 quod
2996 445 3454 511 medicamentum
3501 459 3683 517 debeat
3721 468 3834 525 adha.

631 579 778 636 cute,
813 584 914 625 nec
962 567 1220 624 humilior
1290 577 1453 621 carne
1481 560 1708 630 reliqua,
1753 565 1809 611 et
1840 556 1982 625 pilus
2007 553 2208 609 coloris

627 664 872 734 pristini,
915 661 1159 718 recludet
1183 673 1308 714 eum
1355 653 1611 710 sacerdos
1659 658 1871 721 septem
1909 647 2121 710 diebus,
2154 653 2211 699 et

630 755 858 822 videbit,
905 761 961 809 et
1001 748 1372 808 considerabit
1417 747 1504 801 die
1550 745 1802 814 septima.
1848 740 1912 794 Et
1939 738 2209 809 siquidem

634 847 784 918 lepra
814 846 953 901 ultra
984 860 1094 899 non
1116 839 1367 902 creverit,
1402 854 1503 892 nec
1527 834 1806 892 transierit
1831 834 1885 886 in
1905 840 2030 886 cute
2064 829 2211 900 prio-

636 952 723 992 res
781 935 1062 998 terminos,
1097 947 1286 986 rursus
1319 929 1562 984 includet
1606 942 1732 981 eum
1772 935 1976 991 septem
2021 921 2211 974 diebus

636 1027 777 1092 aliis,
813 1035 869 1080 et
905 1027 992 1080 die
1027 1024 1259 1094 septimo
1307 1019 1785 1089 contemplabitur.
1841 1016 1895 1069 Si
1928 1013 2212 1068 obscurior

637 1119 800 1174 fuerit
826 1119 993 1185 lepra,
1023 1125 1077 1170 et
1106 1131 1212 1170 non
1243 1113 1479 1168 creverit
1499 1112 1550 1164 in
1579 1122 1723 1174 cute,
1759 1106 2041 1162 mundabit
2062 1121 2207 1171 eum,

633 1214 759 1280 quia
793 1208 1002 1264 seabies
1046 1218 1149 1271 est,
1180 1206 1493 1274 lavabitque
1537 1203 1703 1256 homo
1737 1201 2059 1256 vestimenta
2090 1212 2208 1261 sua,

635 1313 692 1360 et
721 1304 957 1359 mundus
1009 1303 1137 1358 erit.
1170 1301 1326 1366 Quod
1364 1299 1409 1354 si
1441 1307 1724 1369 postquam
1756 1311 1785 1348 a
1823 1291 2104 1347 sacerdote
2134 1289 2214 1342 vi-

635 1413 730 1452 sus
769 1405 854 1452 est
902 1396 1143 1451 redditus
1180 1393 1480 1458 munditia,
1532 1391 1730 1445 iterum
1777 1388 1923 1457 lepra
1955 1383 2208 1448 creverit,

637 1488 941 1543 adducetur
984 1487 1051 1542 ad
1091 1502 1216 1542 eum
1244 1529 1258 1552 ,
1302 1494 1358 1539 et
1415 1480 1778 1537 immunditia
1826 1475 2212 1534 condemnabi-

638 1592 745 1638 tur.
785 1602 804 1634 ι

710 1671 995 1726 Maximam
1024 1669 1077 1724 in
1110 1670 1211 1724 hoc
1248 1665 1587 1740 legislatoris,
1615 1664 1944 1736 dignamque
1971 1659 2083 1714 Deo
2103 1657 2216 1714 cle-

639 1763 900 1818 mentiam
952 1771 1233 1826 eontuere,
1259 1761 1372 1830 ipse
1411 1759 1610 1829 quippe
1637 1764 1755 1812 erat
1783 1755 1922 1808 lator
1944 1753 2096 1822 legis,
2123 1749 2215 1820 qui

2314 549 2464 604 bere.
2505 546 2786 616 Siquidem
2823 556 2880 602 et
2921 546 3196 613 adhibuit,
3242 559 3296 602 tu
3334 561 3519 605 autem
3548 568 3841 625 εοειιι-εςεεε,

2314 638 2441 708 quia
2491 636 2949 708 signiﬁcationem
2996 638 3234 707 appellet
3289 640 3392 692 tale
3442 655 3732 711 peceatum,
3769 667 3843 706 non

2315 733 2618 788 abscondas
2662 731 2865 785 malum
2908 746 2938 786 a
2984 747 3117 785 vero
3159 733 3466 796 sacerdote,
3511 733 3633 789 licet
3677 739 3847 800 dubium

2317 832 2630 892 tectumque
2681 823 2751 876 sit
2781 823 2922 888 aliis,
2956 823 3052 878 sed
3087 825 3316 878 ostende
3361 841 3428 879 ac
3473 827 3658 894 prode.
3695 830 3849 890 Diebus

2317 917 2461 972 enim
2509 917 2707 986 quibus
2749 925 2799 971 te
2831 932 3095 986 separans
3142 919 3399 974 sacerdos
3433 935 3463 972 a
3500 933 3852 984 sanetorumu-

2317 1010 2632 1070 bernaeulo,
2666 1026 2856 1063 rursus
2888 1011 3152 1079 suscipiet
3177 1027 3364 1065 rursus
3395 1028 3511 1081 quo
3545 1027 3743 1082 oportet
3775 1037 3853 1071 mo-

2317 1101 2388 1154 do
2415 1100 2736 1154 vestimenta
2767 1101 2918 1169 prius
2945 1101 3150 1160 carnis,
3199 1100 3340 1156 sicut
3379 1104 3455 1154 ait
3496 1103 3768 1172 legislator,
3798 1112 3835 1162 (il

2316 1195 2586 1249 luentcm.
2633 1193 2739 1248 Sed
2782 1194 2924 1259 vide,
2966 1203 3020 1247 et
3064 1193 3278 1247 veniam
3334 1196 3644 1265 percipiens
3676 1205 3856 1264 custodi,

2318 1305 2421 1344 nec
2461 1289 2688 1358 polluas,
2731 1297 3017 1358 postquam
3059 1287 3227 1340 semel
3271 1288 3470 1344 laverit
3524 1291 3746 1344 tunicam
3771 1309 3859 1347 rar-

2319 1380 2423 1436 nis.
2463 1379 2597 1435 Nam
2645 1381 2688 1435 si
2738 1381 2901 1434 etiam
2946 1387 3069 1449 post
3113 1379 3230 1434 hac
3268 1380 3600 1450 signiﬁcatio
3651 1384 3862 1451 passionis

2320 1471 2576 1528 inciderit
2618 1471 2670 1526 in
2704 1471 2986 1542 pellicula,
3035 1469 3145 1533 vel,
3183 1473 3491 1526 secundum
3525 1483 3748 1527 nostram
3777 1478 3862 1530 edi-

2323 1566 2552 1626 tionem.
2582 1565 2836 1629 creverit,
2889 1574 2941 1620 et
2974 1583 3161 1621 rursus
3199 1582 3228 1620 a
3255 1566 3470 1620 meliori
3506 1577 3659 1636 parte
3688 1569 3743 1620 ad
3774 1586 3864 1638 pee-

2322 1666 2502 1713 catum
2540 1657 2816 1723 reciderit,
2862 1667 3341 1729 commutatusque
3373 1658 3566 1724 fuerit,
3603 1660 3864 1715 videbitsa-

2323 1749 2537 1814 cerdos,
2573 1760 2626 1804 et
2664 1750 2810 1804 illico
2851 1762 3167 1821 vergentem
3194 1751 3258 1805 ad
3293 1752 3571 1806 deteriora
3617 1755 3863 1822 reperiens,

640 1856 842 1911 ducatu
874 1855 1066 1910 littera
1105 1853 1171 1907 ad
1206 1851 1516 1923 huiusmodi
1545 1846 2060 1918 contemplationem
2091 1842 2223 1914 legis
2257 1832 2299 1891 Β
2329 1841 2690 1896 immunditia
2731 1842 3139 1897 condemnabit.
3203 1843 3635 1912 Subsequuntur
3683 1843 3866 1912 Septua-

641 1950 832 2005 utitur.
853 1948 994 2015 Quid
1016 1958 1195 2002 autetn
1237 1947 1353 2000 hac
1377 1945 1555 1999 littera
1581 1941 1728 1998 vult?

713 2037 772 2093 Si
817 2050 993 2091 autem
1025 2036 1201 2090 lucens
1238 2035 1394 2106 fuerit
1431 2033 1630 2086 candor
1657 2031 1711 2084 in
1749 2038 1885 2092 cute,
1927 2044 2019 2082 nec
2047 2027 2220 2080 Itami-

645 2128 746 2185 lior
779 2147 936 2184 carne
974 2129 1198 2200 reliqua,
1222 2138 1268 2181 et
1301 2126 1436 2197 pilus
1481 2125 1667 2179 coloris
1698 2123 1928 2193 pristini,
1970 2121 2221 2175 mundum

644 2224 885 2278 sacerdos
913 2223 1122 2293 judicat
1152 2221 1392 2290 omnique
1432 2218 1726 2286 suspicione
1751 2226 2036 2269 carentem.
2070 2213 2224 2267 Licet

646 2315 997 2370 manifestum
1038 2314 1126 2379 sit,
1170 2313 1312 2381 quod
1358 2313 1410 2365 in
1438 2310 1806 2381 suspicionem
1851 2316 2070 2362 venerat
2104 2322 2224 2376 pec-

646 2420 849 2472 catum,
900 2423 1054 2462 meus
1089 2417 1265 2461 tamen
1307 2422 1426 2475 qua
1455 2404 1704 2473 deliquit,
1733 2419 1853 2472 qua
1891 2402 2084 2473 procul
2121 2401 2224 2454 (lu-

646 2502 739 2556 bio
785 2517 881 2572 per
920 2510 1199 2570 aspectum
1250 2498 1589 2575 significatur
1632 2496 1932 2552 secundum
1981 2495 2225 2549 traditio-

645 2607 771 2646 nem
803 2591 1177 2662 Septuaginta,
1203 2588 1451 2642 humilior
1480 2605 1638 2643 carne
1668 2588 1870 2658 reliqua
1902 2603 2011 2642 non
2038 2587 2222 2644 fuerit.

647 2683 699 2738 id
726 2693 828 2748 est,
878 2683 1189 2753 semetipsa,
1226 2696 1402 2751 neque
1427 2681 1494 2735 ab
1524 2681 1860 2746 habitudine,
1893 2695 2054 2752 quam
2106 2694 2226 2734 sor-

648 2775 746 2831 tita
799 2786 901 2838 est,
950 2774 1258 2828 inﬁrmior:
1305 2791 1406 2829 nec
1450 2789 1546 2843 per
1603 2774 1866 2829 eveniens
1938 2781 2224 2842 peccatum

650 2863 1024 2918 immutaverit
1077 2879 1211 2928 cor,
1259 2863 1616 2933 delictrixque
1664 2872 2014 2934 peccatorum
2061 2861 2227 2916 fuerit

649 2955 886 3021 eﬂ‘ecta;
941 2956 1044 3011 hoc
1073 2965 1156 3010 est
1198 2956 1364 3020 enim,
1415 2971 1517 3009 nec
1546 2957 1835 3009 candorem
1878 2953 2225 3007 humiliorem

650 3046 826 3101 videri
850 3061 1016 3101 carne
1063 3046 1298 3116 reliqua,
1326 3056 1381 3100 et
1417 3046 1553 3115 pilos
1584 3061 1704 3100 esse
1732 3045 1931 3099 coloris
1971 3044 2224 3116 pristini:

651 3138 748 3194 sed
794 3148 850 3194 et
897 3139 1266 3194 obscuriorem
1325 3147 1628 3208 aspectum,
1680 3139 1824 3192 sicut
1869 3137 2226 3209 Septuaginta

651 3232 846 3297 edunt,
879 3231 1098 3296 habeat,
1139 3246 1302 3301 quem
1334 3245 1458 3286 esse
1478 3239 1714 3284 mentem
1745 3230 1980 3285 diximus
2007 3248 2020 3284 :
2053 3231 2233 3285 adhuc

651 3323 854 3394 quippe
887 3333 1110 3394 propter
1133 3323 1302 3378 semel
1334 3323 1686 3377 commissum
1721 3323 2002 3386 delictum,
2035 3323 2234 3377 obscu-

653 3429 712 3467 ra
744 3429 808 3467 ac
846 3413 1012 3467 dubia
1050 3421 1152 3475 est,
1184 3423 1361 3466 tamen
1400 3413 1547 3466 hunc
1581 3411 1847 3467 removeri
1886 3427 1997 3466 non
2029 3427 2235 3482 pracc-

657 3507 758 3576 pit,
786 3506 880 3560 sed
906 3515 964 3559 ut
995 3515 1331 3575 peccantem,
1364 3514 1572 3574 septem
1595 3504 1732 3569 dies,
1763 3514 1817 3558 et
1839 3504 1974 3558 alios
2013 3504 2235 3558 totidem

659 3608 904 3652 removet
935 3612 965 3650 a
987 3597 1342 3652 tabernaculo
1373 3597 1647 3653 sacerdos.
1682 3596 2022 3667 probationis
2050 3595 2232 3661 simul,

657 3691 1165 3758 emendationisque
1214 3690 1411 3761 gratia,
1459 3689 1743 3744 munditia
1792 3688 2054 3743 restituit.
2111 3689 2237 3744 Post

659 3784 785 3845 hoc,
836 3783 880 3837 si
933 3781 1233 3852 inSpiciens
1275 3781 1380 3840 bis.
1428 3782 1802 3837 obscuriorem
1832 3781 2099 3836 invenerit
2127 3796 2240 3834 ma-

657 3875 863 3941 culam,
894 3891 998 3931 nec
1025 3883 1363 3930 crescentem
1406 3873 1458 3927 in
1489 3884 1654 3930 cute:
1702 3875 1748 3929 si
1790 3875 1935 3928 enim
1977 3874 2242 3929 crevisset

662 3978 964 4040 peccatum.
997 3976 1404 4040 augmentatum
1429 3968 1712 4022 transisset
1741 3968 1794 4021 in
1819 3983 1982 4022 carne
2011 3967 2237 4038 reliqua,

661 4061 1028 4132 diffusumque
1055 4063 1229 4127 carni,
1258 4061 1596 4116 immundum
1631 4077 1775 4124 eum,
1798 4061 1891 4131 qui
1919 4061 1972 4114 in
2003 4061 2242 4115 deterius

663 4155 898 4227 proﬁcit,
930 4156 1247 4210 ostenderat
1278 4173 1291 4209 :
1331 4155 1422 4225 qui
1447 4171 1555 4209 non
1584 4155 1777 4220 crevit,
1811 4155 1905 4209 sed
1941 4154 2242 4224 permansit

663 4248 914 4304 similiter
960 4256 1236 4318 aspectus,
1282 4249 1397 4303 sive
1451 4249 1661 4320 species
1723 4249 2028 4303 obscurior.
2098 4246 2242 4314 Quid

664 4342 812 4396 enim
841 4340 1124 4409 iniquitate
1143 4338 1433 4394 obscurius
1454 4349 1537 4393 est
1557 4339 1580 4392 ?
1597 4339 1663 4393 de
1688 4354 1792 4408 qua
1815 4338 2050 4408 caligant
2075 4337 2240 4400 oculi,

665 4442 724 4488 ui
754 4449 931 4502 neque
963 4433 1155 4492 Deum,
1187 4445 1362 4500 neque
1392 4430 1494 4484 hoc
1523 4431 1665 4500 quod
1685 4429 1926 4500 expedit,
1954 4428 2244 4498 perspicue

2322 1933 2489 2004 ginta,
2522 1943 2576 1988 et
2607 1935 2832 1990 dicunt:
2857 1932 2991 1999 Quid
3025 1936 3170 2005 lepra
3201 1945 3296 1989 est.
3324 1935 3531 2005 Aperte
3561 1937 3701 1990 enim
3723 1939 3863 2005 huius,

2321 2027 2413 2096 qui
2446 2027 2566 2081 talis
2595 2036 2697 2093 est,
2724 2027 2905 2082 anima
2951 2027 3017 2081 ad
3050 2026 3307 2097 profanas
3350 2027 3641 2082 declinans
3667 2031 3866 2098 volupta-

2323 2128 2405 2174 tes
2432 2159 2446 2185 ,
2491 2119 2705 2189 leprosa
2753 2118 2832 2174 ﬁt.
2880 2119 3173 2190 Propterea
3219 2129 3276 2172 et
3303 2117 3514 2173 Paulus
3562 2137 3682 2174 eum
3722 2124 3797 2190 qui
3829 2123 3867 2177 in

2331 2209 2601 2266 Corintho
2649 2210 2953 2265 fornicatus
2990 2213 3150 2278 est“,
3201 2214 3327 2283 quia
3366 2211 3694 2283 signiﬁcatio
3732 2213 3869 2280 passio

2323 2304 2446 2366 fuit,
2479 2303 2765 2358 manifesta
2798 2305 2946 2358 enim
2990 2316 3127 2367 erat,
3162 2322 3264 2360 nec
3297 2306 3698 2366 occultabatur,
3723 2321 3748 2358 a
3769 2321 3863 2358 san-

2324 2405 2539 2452 ctorum
2567 2397 2797 2450 removit
2830 2397 3204 2463 tabernaculo,
3235 2407 3290 2453 et
3313 2398 3454 2452 tradi
3501 2397 3710 2452 Satana
3733 2399 3778 2450 in
3803 2398 3864 2451 ia-

2327 2490 2548 2544 teritum
2592 2490 2772 2544 carnis
2822 2491 3102 2561 praecepit.
3146 2489 3248 2558 Qui
3296 2506 3422 2545 cum
3467 2490 3781 2560 inspexisset
3801 2506 3863 2543 se-

2327 2582 2507 2638 cundo
2552 2583 2886 2653 passionem,
2923 2591 2978 2637 et
3008 2583 3235 2638 vidisset
3267 2584 3396 2654 quia
3450 2599 3564 2637 non
3602 2583 3773 2643 crevit,
3800 2584 3867 2637 sed

2326 2685 2383 2732 et
2411 2691 2536 2730 eum
2563 2675 2654 2746 qui
2681 2690 2882 2746 passus
2908 2673 3087 2730 fuerat
3134 2691 3231 2746 per
3263 2677 3537 2746 lacrymas
3588 2675 3864 2744 paenitentia

2326 2780 2534 2825 vestem
2582 2771 2761 2824 carnis
2805 2769 3084 2833 abluisse,
3138 2785 3169 2824 e
3201 2750 3432 2839 vestigio
3496 2767 3691 2835 suscipi
3729 2769 3864 2836 jussit.

2329 2860 2388 2916 In
2422 2860 2557 2930 ipsis
2593 2869 2773 2915 autem
2804 2860 3122 2930 apostolicis
3160 2861 3275 2915 hac
3310 2860 3576 2929 intelligis
3603 2859 3782 2920 verbis,
3814 2859 3861 2911 de

2328 2969 2394 3009 co
2439 2955 2585 3009 enim
2634 2955 2724 3025 qui
2772 2955 3074 3009 fornicatus
3116 2954 3283 3008 fuerit
3325 2953 3631 3009 Corinthiis
3659 2953 3865 3022 scripsit:

2330 3045 2553 3101 Omnino
2582 3047 2798 3099 auditur
2836 3047 2971 3099 inter
3002 3063 3086 3100 vos
3117 3046 3422 3116 fornicatio,
3460 3054 3510 3098 et
3542 3044 3662 3097 talis
3685 3044 3866 3112 [anzim-

2334 3139 2426 3202 tio,
2460 3140 2632 3209 qualis
2662 3155 2752 3192 nec
2786 3139 2922 3192 inter
2953 3149 3145 3208 gentes,
3184 3139 3258 3190 ita
3294 3148 3347 3191 ut
3382 3153 3599 3190 uxorem
3638 3136 3785 3205 patris
3807 3138 3864 3187 sui

2338 3230 2453 3300 quis
2479 3230 2692 3283 habeat.
2752 3227 2890 3283 Ecce
2924 3227 3380 3299 signiﬁcationem
3425 3227 3650 3281 audisti.
3700 3225 3866 3278 Manife-

2336 3333 2416 3377 sta
2452 3323 2652 3394 quippe
2691 3321 3012 3392 fuitpassio,
3051 3323 3122 3376 ita
3153 3330 3210 3376 ut
3238 3337 3408 3390 usque
3435 3321 3504 3374 ad
3545 3319 3688 3373 Pauli
3716 3335 3865 3388 perve-

2337 3416 2480 3471 nirct
2516 3416 2769 3480 auditus,
2816 3426 3042 3486 propter
3089 3414 3235 3484 quod
3289 3414 3356 3468 de
3411 3412 3747 3468 tabernaculo
3778 3427 3865 3462 eum

2337 3509 2460 3579 ejici
2509 3509 2788 3579 pratcepit.
2844 3509 2918 3561 lta
2967 3509 3170 3578 quippe
3209 3507 3344 3561 dicit
3383 3508 3550 3571 tradi,
3588 3506 3675 3575 qui
3719 3505 3864 3571 hujus-

2344 3601 2488 3655 modi
2531 3610 2635 3666 est,
2676 3599 2894 3654 Satauw
2931 3601 2983 3652 in
3019 3601 3293 3652 interitum
3347 3600 3549 3653 carnis.
3599 3597 3661 3652 Et
3695 3611 3862 3648 rursus:

2338 3697 2562 3766 Auferre
2605 3694 2804 3748 malum
2845 3695 2908 3748 de
2947 3694 3116 3747 medio
3163 3695 3341 3747 vestri.
3384 3692 3524 3759 Quia
3561 3701 3730 3746 autem
3766 3690 3864 3741 vidit

2339 3802 2547 3842 veSIcm
2601 3789 2782 3843 carnis
2835 3789 3082 3858 potentia
3142 3787 3503 3850 mundalam,
3565 3799 3739 3840 rursus
3779 3797 3865 3834 eum

2341 3881 2742 3950 suscipijussit.
2770 3881 2836 3934 Et
2855 3881 3128 3950 quomodo
3157 3881 3258 3935 hoc
3285 3890 3496 3934 certum
3533 3879 3653 3933 est?
3678 3876 3863 3931 Obsecro.

2343 3973 2536 4043 inquit,
2572 3973 2878 4042 conﬁrmata
2921 3975 2974 4026 in
3011 3991 3070 4026 eo
3094 3974 3428 4034 charitatem,
3472 3989 3538 4025 ne
3574 3973 3698 4042 forte
3724 3967 3866 4034 majori

2343 4067 2560 4120 tristitia
2615 4066 3037 4119 absorbeatur“.
3078 4065 3214 4132 Quia
3270 4064 3580 4133 huiusmodi
3628 4074 3703 4117 est
3735 4080 3746 4115 :
3777 4074 3866 4128 ergo

2343 4158 2692 4213 manifestum
2732 4169 2868 4222 erat,
2903 4158 3027 4228 quia
3058 4158 3412 4228 panitucrat,
3445 4167 3499 4211 et
3540 4167 3596 4210 ut
3624 4157 3671 4210 in
3703 4161 3867 4224 peccato

2342 4248 2718 4319 deprehensus
2733 4251 3084 4304 vehementer
3096 4249 3451 4320 aflligehatur,
3485 4249 3684 4302 interea
3697 4261 3753 4298 ne
3775 4241 3864 4312 quid

2345 4356 2409 4395 ex
2473 4342 2643 4396 nimia
2686 4343 2903 4397 tristitia
2945 4352 3244 4412 pateretur,
3281 4357 3418 4394 neve
3455 4342 3509 4394 in
3555 4336 3867 4409 desperatione

2346 4441 2628 4486 corrueret
2669 4448 2925 4503 peccans,
2959 4434 3242 4505 pracurrit
3285 4434 3517 4496 Paulus,
3569 4443 3622 4488 et
3654 4446 3759 4486 eum
3801 4426 3862 4495 qui

662 4526 950 4582 intendere
997 4525 1394 4596 permittamur.
1432 4521 1529 4577 Vel
1571 4525 1615 4578 si
1643 4532 1920 4593 aspectum
1961 4522 2244 4578 obscurio-
2277 4528 2454 4596 Diam
2489 4527 2773 4582 munditia
2811 4528 3094 4582 restitutus
3145 4525 3342 4589 fuerat,
3403 4525 3607 4595 suscipi
3653 4519 3866 4592 praecpit-

662 4638 804 4685 rem,
838 4620 1058 4676 dubiam
1092 4616 1438 4688 quibusdam,
1472 4615 1844 4684 incertamque
1873 4614 2076 4668 dixeris
2115 4629 2244 4684 pec-

658 4713 771 4770 cati
801 4711 1194 4782 suspicionem,
1227 4709 1280 4763 id
1308 4718 1411 4771 est,
1447 4717 1628 4763 utrum
1661 4707 1750 4773 sit,
1794 4722 1860 4760 an
1889 4723 2022 4769 non,
2053 4722 2246 4761 neces-

666 4804 868 4858 sarium
897 4803 1061 4856 habet
1093 4810 1147 4855 et
1169 4801 1288 4855 hac
1318 4799 1655 4855 sacerdotem
1688 4817 1699 4852 :
1752 4808 1940 4869 utpote
1973 4799 2066 4869 qui
2098 4798 2250 4854 novit

657 4893 940 4966 quomodo
989 4893 1270 4947 munditia
1300 4893 1572 4947 restituat.
1618 4890 1709 4946 Ille
1736 4901 1918 4946 autem
1953 4891 2249 4962 simplicio-

668 5002 783 5041 rem
830 4999 950 5038 eam
991 4985 1341 5050 denuntians,
1380 4986 1732 5056 brevemque,
1770 5001 1904 5055 aqua
1953 4985 2114 5040 diluit
2160 5003 2252 5041 ve-

660 5080 950 5143 stimenta,
996 5078 1337 5147 baptismatis
1394 5078 1668 5140 videlicet,
1709 5077 1828 5130 sive
1873 5078 2248 5146 panitentia:

662 5181 756 5227 est
798 5170 946 5225 enim
991 5170 1179 5224 efﬁcax
1222 5184 1363 5239 aqua
1412 5169 1754 5239 paenitentia
1800 5169 2055 5241 lacryma,
2087 5185 2250 5239 quam

665 5277 835 5316 nemo
861 5269 1051 5330 peccat
1073 5260 1257 5330 gratia
1293 5261 1549 5329 reliquias
1593 5261 1918 5330 appellando
1957 5263 2254 5330 baptisma-

671 5354 764 5408 tis.
801 5351 957 5419 Quod
992 5366 1122 5422 ergo
1151 5353 1224 5404 ita
1270 5365 1328 5404 se
1377 5350 1559 5411 habet,
1598 5351 1950 5420 Septuaginta
1981 5353 2251 5421 passionis

667 5443 1124 5516 signiﬁcationem
1157 5450 1444 5512 propterea
1476 5439 1793 5494 ediderunt:
1819 5441 1943 5510 quia
1981 5457 2102 5511 qua
2129 5452 2256 5498 sunt

667 5537 908 5602 occulta,
937 5551 1005 5591 ex
1033 5544 1186 5606 parte
1223 5534 1479 5606 prodidit,
1509 5543 1564 5586 et
1595 5533 1762 5588 latere
1793 5535 2109 5590 omnimodo
2145 5552 2256 5590 non

667 5630 944 5702 permisit,
975 5631 1071 5687 sed
1102 5628 1340 5686 instituit
1383 5626 1720 5684 sacerdotem
1751 5627 1947 5683 medici
1996 5628 2166 5684 vicem
2201 5630 2254 5684 in

774 5833 825 5868 ³⁸
863 5835 881 5888 1
912 5834 1037 5890 Cor.
1068 5851 1120 5903 v,
1153 5834 1174 5887 l
1212 5850 1364 5905 seqq.
1443 5836 1485 5866 ⁸⁷
1517 5833 1559 5888 11
1593 5833 1718 5898 Cor.
1753 5849 1810 5900 ll,
1835 5834 1888 5902 7,
1915 5834 1970 5894 8.

2347 4618 2502 4683 Quod
2534 4627 2714 4672 autem
2763 4629 2968 4688 septem
3015 4619 3210 4673 diebus
3248 4634 3277 4671 a
3311 4617 3657 4672 tabernaculo
3687 4629 3776 4667 non
3809 4624 3867 4662 se-

2349 4711 2477 4773 mel,
2510 4711 2604 4765 sed
2645 4711 2728 4765 bis
2761 4711 3012 4764 sacerdos
3050 4721 3364 4780 susceptum
3397 4719 3613 4779 separat
3641 4749 3653 4771 ,
3683 4715 3866 4776 quatere

2351 4811 2406 4857 et
2455 4801 2593 4856 scire
2633 4801 2909 4856 studiosos
2951 4811 3194 4871 oportet:
3238 4801 3508 4870 siquidem
3559 4797 3772 4854 secundo
3797 4793 3866 4844 hoc

2355 4895 2470 4950 ﬁeri
2508 4894 2563 4948 in
2613 4895 2731 4966 lege
2769 4904 2995 4965 propter
3021 4895 3124 4950 hoc
3160 4905 3494 4964 praceptum
3530 4904 3630 4956 est,
3665 4901 3714 4945 ut
3741 4895 3867 4941 osten-

2355 4987 2510 5041 deret
2557 5001 2668 5038 nnn
2729 4985 3096 5056 negligenter,
3150 4984 3247 5039 sed
3296 4985 3541 5038 studiose
3573 4998 3686 5038 eum
3719 4978 3865 5034 debere

2357 5078 2572 5148 inspici,
2610 5089 2665 5132 et
2709 5079 2912 5149 duplici
2949 5078 3270 5149 probatione
3304 5086 3600 5140 transacta,
3639 5071 3865 5129 distrirtius

2355 5171 2409 5225 in
2441 5185 2507 5225 eo
2553 5171 2681 5225 ferri
2714 5172 3015 5242 judicium:
3061 5172 3411 5227 manifestum
3460 5171 3659 5241 quippe
3690 5173 3783 5219 erat
3809 5175 3866 5211 sa-

2355 5262 2559 5317 cerdoti
2605 5273 2908 5333 peccatum.
2941 5264 3047 5318 Sed
3078 5281 3201 5319 cum
3252 5265 3497 5319 animum
3541 5257 3754 5334 passioui
3780 5265 3865 5306 Con-

2357 5353 2684 5407 sentientem
2712 5355 3113 5424 suspicabatur,
3150 5372 3255 5410 non
3283 5366 3463 5411 tamen
3489 5351 3747 5408 manifeste
3770 5343 3865 5396 scie-

2363 5445 2472 5512 bat,
2507 5447 2814 5502 necessarie
2848 5449 2999 5502 illum
3032 5449 3588 5516 itermninSpiciebat.
3620 5439 3862 5508 Estquipie

2364 5538 2672 5605 invisibilis,
2708 5549 2763 5595 et
2792 5542 2857 5596 ad
2899 5542 3294 5612 inspectionem
3327 5541 3581 5597 difficilis.
3617 5537 3711 5591 lloe
3735 5525 3864 5584 Domi-

2365 5645 2467 5686 nus
2494 5648 2601 5686 non
2633 5633 2799 5689 semel
2835 5633 2976 5688 Petri
3005 5634 3248 5689 animum
3281 5644 3411 5689 oost
3450 5614 3861 5706 negationetu,51’\l
