4046 6430
189 376 339 443 937
1374 376 1452 435 ΓΝ
1492 372 1933 435 LEVITICUM.
1969 396 2040 407 -
2079 373 2227 433 LIB.
2267 373 2365 435 IV.
3398 379 3502 441 938

188 492 498 557 secundo,
526 507 590 548 ac
635 490 819 556 tertio,
873 486 1329 560 quemadmodum
1355 502 1416 543 se
1458 487 1703 552 haberet,
1732 486 1815 539 in-
1848 494 1889 545 Α
1921 500 2023 539 nec
2046 483 2295 539 distinxit
2323 484 2378 538 in
2410 482 2607 549 medio,
2636 490 2698 538 ut
2724 481 2973 539 videatur
2989 498 3245 541 exercere
3261 488 3502 544 studiose

192 584 558 654 terrogat",
601 599 711 639 non
747 592 808 639 ut
836 582 1137 654 ignorans:
1188 580 1293 636 hoc
1318 579 1463 635 enim
1494 578 1547 634 in
1588 594 1817 649 respon-
1921 576 2191 647 frequenti
2216 576 2347 649 legis
2376 577 2729 633 meditatione
2776 578 3115 633 memoriam.
3176 579 3253 634 De
3301 581 3502 649 quibus

192 673 482 732 sionibus
527 676 641 731 suis
699 676 817 746 ipse
864 673 1061 729 Petrus
1115 673 1403 728 manifeste
1434 672 1651 743 probat,
1680 686 1818 742 quas
1919 669 2066 724 enim
2107 669 2361 740 superius
2393 670 2554 741 plane
2584 680 2748 742 atque
2770 671 3105 727 sufficienter
3130 674 3400 742 exposuit,
3434 674 3501 728 de

193 776 421 836 aperte
448 767 566 837 ipse
595 766 663 821 ad
695 766 957 821 scientem
992 764 1240 833 nihilque
1268 763 1610 834 ignorantem
1656 762 1817 816 refer-
1921 761 2004 815 his
2055 761 2175 817 haec
2228 777 2418 818 rursus
2461 771 2691 834 apparet
2743 764 3020 835 legislator
3061 764 3297 835 adjicere
3338 784 3351 819 :
3403 767 3502 821 sed

198 865 334 924 ret,
394 859 490 914 sed
536 873 643 929 qua
687 856 1105 928 dispositionem
1150 856 1598 927 perscrutabatur
1626 856 1814 921 animi,
1918 868 2028 906 non
2058 852 2130 906 ita
2160 858 2264 917 cst,
2300 869 2427 909 nam
2455 854 2558 909 etsi
2578 854 2759 909 verbis
2790 864 2875 909 est
2904 855 3232 925 proximum,
3266 856 3501 910 multum

198 948 449 1005 dicebat
475 950 677 1020 quippe
710 967 724 1003 :
754 947 935 1004 Simon
962 946 1125 1014 lana,
1154 965 1305 1004 amas
1334 950 1456 1003 me?
1483 947 1689 1003 Docere
1716 964 1818 1003 nos
1918 952 2099 998 tamen
2125 943 2399 999 diversam
2457 953 2621 1016 atque
2673 945 3016 1000 differentem
3047 945 3213 1001 habet
3236 945 3502 1001 intentio-

202 1041 403 1095 voluit
429 1042 704 1111 quomodo
734 1047 1239 1111 perscrutaremur,
1278 1049 1334 1095 et
1357 1040 1632 1111 quomodo
1663 1039 1815 1111 judi-

202 1146 529 1188 caremus:
578 1148 677 1202 per
726 1132 1070 1203 frequentem
1100 1132 1355 1188 videlicet
1382 1132 1813 1203 inquisitionem.

202 1222 455 1292 Septem
485 1233 667 1279 autem
724 1223 843 1279 dies
876 1239 986 1279 non
1014 1224 1217 1279 frustra
1271 1223 1478 1295 posuit,
1509 1225 1605 1280 sed
1634 1234 1693 1280 ut
1717 1240 1815 1279 ne-

204 1313 534 1368 cessarium
572 1313 830 1383 priesenti
863 1314 1154 1370 intentioni
1184 1332 1472 1371 numerum
1502 1316 1811 1379 honoravit,

211 1404 280 1456 in
315 1405 440 1473 ipso
466 1404 668 1475 quippe
695 1420 860 1460 omne
906 1406 1189 1462 vinculum
1241 1407 1530 1477 omnisque
1556 1408 1815 1479 obligatio

210 1509 290 1547 ex
352 1495 469 1565 lege
510 1496 775 1551 cessabat.
826 1496 960 1552 Nam
1009 1500 1169 1555 annis
1223 1509 1431 1569 septem
1462 1499 1813 1556 Hebraeorum

214 1587 583 1643 relaxabatur
629 1589 934 1644 servitium.
971 1589 1201 1646 Jubilaeo
1226 1602 1430 1658 autem,
1482 1594 1573 1664 qui
1601 1603 1811 1665 septem

211 1680 517 1734 constabat
551 1679 1004 1747 hebdomadibus,
1035 1681 1279 1737 omnium
1305 1683 1508 1740 Judteis
1545 1685 1813 1741 concede-

215 1768 393 1824 batur
441 1771 688 1827 remissio
722 1772 1055 1840 debitorum,
1081 1783 1137 1830 et
1159 1776 1340 1831 omnis
1376 1784 1521 1834 terra
1549 1794 1738 1834 eorum
1777 1793 1807 1833 a

217 1862 559 1930 possidentis
601 1864 811 1919 credito
844 1865 1093 1930 liberata,
1122 1868 1452 1924 anteriorem
1492 1870 1807 1926 reverteba—

219 1961 320 2005 tur
348 1954 416 2007 ad
463 1954 767 2011 dominum.
808 1955 914 2012 Sed
945 1966 1001 2012 et
1029 1957 1407 2030 Babylonicam
1435 1962 1616 2033 populi
1650 1962 1818 2032 capti-

220 2042 460 2099 vitalem
534 2048 940 2119 septuagesimo
986 2066 1131 2107 anno
1161 2052 1463 2108 Jerusalem
1510 2055 1815 2109 restitutam

219 2132 402 2190 fuisse
469 2138 848 2207 cognovimus.
907 2139 1203 2212 Propterea
1252 2143 1447 2200 Petrus
1494 2161 1524 2199 a
1587 2145 1817 2201 Domino

219 2225 479 2297 inquirit,
508 2229 699 2285 dicens
731 2250 743 2285 :
790 2231 848 2287 Si
888 2236 1177 2301 peccaverit
1223 2237 1279 2291 in
1310 2255 1390 2292 me
1426 2240 1594 2309 frater
1646 2257 1815 2307 meus,

220 2322 433 2388 quoties
457 2322 666 2375 dimitto
701 2325 770 2387 ei,
797 2340 957 2395 usque
982 2328 1179 2397 septies
1202 2328 1228 2381 Ρ
1260 2327 1359 2383 Ille
1387 2339 1566 2383 autem
1598 2348 1813 2403 respon-

220 2409 310 2461 dit
331 2425 352 2463 :
371 2409 482 2464 Non
513 2413 629 2467 dico
652 2414 766 2479 tibi,
792 2431 956 2485 usque
985 2417 1191 2485 septies,
1220 2419 1311 2471 sed
1337 2436 1494 2489 usque
1520 2424 1816 2493 septuagies

217 2503 501 2570 septies".
571 2506 1050 2577 lnquisitionisque
1097 2510 1446 2578 pusillitatem
1511 2515 1814 2581 reprehen-

218 2591 389 2657 dens,
419 2595 533 2650 ait:
577 2595 696 2649 Non
730 2599 844 2651 dico
874 2599 967 2652 tibi
1009 2603 1219 2669 septies.
1262 2602 1329 2657 Et
1376 2604 1619 2659 subdidit
1663 2624 1675 2659 :
1711 2606 1816 2660 Sed

220 2698 395 2753 usque
447 2690 742 2756 septuagies
787 2690 974 2758 septies
992 2691 1060 2744 ".
1107 2693 1247 2763 Ergo
1276 2707 1379 2748 nec
1405 2693 1484 2749 sic
1511 2695 1581 2750 ab
1622 2696 1812 2750 eodem

222 2786 411 2830 cessat
466 2793 713 2845 numero,
778 2782 870 2836 sed
931 2783 1107 2852 ipsum
1164 2785 1550 2855 multiplicans,
1599 2804 1723 2843 cum
1748 2804 1815 2844 eo

226 2866 562 2937 multiplicat
621 2880 675 2924 et
724 2871 1123 2927 remissionem.
1156 2873 1209 2929 Si
1242 2876 1364 2945 quis
1390 2885 1573 2933 autem
1623 2895 1813 2936 rursus

229 2958 493 3029 inquirat,
522 2975 683 3029 quam
713 2962 783 3016 ob
824 2978 1045 3019 causam
1084 2982 1375 3021 numerum
1421 2968 1569 3025 hunc
1593 2970 1647 3025 in
1675 2986 1813 3041 pra:-

228 3046 395 3101 dictis
443 3050 688 3118 posuerit
729 3052 1005 3121 capitulis,
1042 3054 1266 3110 brevem
1297 3057 1589 3115 innuemus
1638 3061 1813 3116 ratio-

228 3154 361 3192 nem
391 3155 405 3192 :
438 3156 616 3197 moras
641 3141 861 3214 quippe,
893 3143 1023 3199 dum
1050 3146 1117 3201 ad
1168 3148 1272 3203 alia
1299 3152 1607 3206 necessaria
1649 3169 1811 3223 urge.-

229 3246 379 3294 mus,
434 3231 550 3286 ﬁeri
602 3241 818 3305 tempus
879 3252 990 3291 non
1021 3238 1246 3308 patitur.
1278 3240 1637 3312 Septenarius
1684 3260 1814 3315 ergo

229 3337 499 3377 numerus
552 3324 717 3378 totius
776 3326 977 3382 habere
1031 3331 1320 3398 praesentis
1378 3335 1504 3389 vitae
1573 3337 1818 3392 creditur

229 3412 655 3483 plenitudinem,
700 3433 821 3487 qua:
848 3419 901 3474 in
941 3434 1001 3476 se
1026 3433 1233 3493 septem
1277 3425 1470 3483 diebus
1498 3438 1630 3485 rota:
1656 3431 1818 3488 modo

230 3505 491 3574 volvitur,
536 3523 645 3578 quo
679 3512 972 3582 completo,
1002 3522 1152 3570 recte
1176 3531 1338 3573 omne
1365 3520 1645 3576 vinculum
1697 3538 1817 3578 om-

230 3608 412 3663 neque
465 3609 750 3666 pect-atmn
803 3602 991 3657 saeculi
1037 3616 1234 3670 cessat,
1265 3616 1427 3679 atque
1455 3625 1617 3667 omne
1645 3613 1815 3667 servi-

232 3684 395 3739 tium.
428 3687 790 3754 Quamobrem
819 3696 1048 3764 septima
1084 3697 1135 3751 in
1161 3698 1360 3755 divinis
1389 3701 1693 3773 Scripturis
1732 3720 1817 3758 re-

228 3776 391 3846 quies
416 3780 748 3850 nominatur,
764 3787 1217 3855 quemadmodum
1236 3800 1290 3846 et
1313 3790 1516 3849 Paulus
1540 3795 1608 3850 de
1637 3795 1814 3866 Moyse

229 3867 309 3921 ait
339 3888 353 3924 :
386 3869 528 3924 Dixit
550 3875 689 3928 enim
734 3876 789 3929 in
821 3880 1049 3948 quodam
1095 3880 1207 3935 loco
1249 3883 1333 3937 die
1359 3885 1582 3954 septima
1602 3903 1621 3939 :
1646 3886 1737 3941 Sic
1765 3896 1813 3940 et

229 3962 453 4015 cessavit
512 3963 650 4018 Deus
678 3968 742 4020 ab
785 3971 1027 4026 omnibus
1071 3974 1311 4043 operibus
1332 3976 1523 4030 suis".
1554 3978 1620 4032 Et
1650 3978 1810 4048 paulo

228 4060 357 4119 post
384 4052 626 4110 subdidit
656 4076 669 4111 :
698 4054 799 4121 Qui
823 4068 1000 4113 autem
1031 4062 1249 4116 intravit
1296 4063 1351 4116 in
1394 4051 1640 4135 'requiem
1670 4065 1807 4133 ejus,

228 4149 279 4194 et
325 4141 433 4212 ipse
471 4147 726 4215 requievit
761 4153 824 4203 ab
883 4153 1124 4221 operibus
1152 4154 1293 4219 suis,
1345 4156 1479 4209 sicut
1525 4164 1575 4209 et
1609 4172 1641 4209 a
1700 4157 1809 4210 suis

226 4230 371 4288 Deus
387 4235 455 4288 ⁹¹.
485 4233 592 4292 Sed
628 4246 684 4294 et
720 4240 1079 4299 Ecclesiastes
1105 4244 1221 4299 ait:
1257 4244 1339 4298 Da
1366 4254 1542 4312 partes
1587 4255 1805 4314 septem,

227 4340 429 4380 necnon
484 4338 534 4382 et
588 4331 777 4385 octo”.
830 4331 1231 4390 Providentiam
1284 4335 1471 4391 haberi
1521 4339 1807 4407 praesentis

227 4418 413 4471 saeculi
443 4422 763 4493 praecipiens
786 4433 840 4480 et
864 4425 1051 4493 futuri,
1080 4438 1347 4498 quatenus
1374 4433 1454 4488 sic
1482 4432 1534 4486 in
1563 4448 1804 4503 praesen-

1840 3176 1884 3235 Ο

1917 1044 2064 1090 nem;
2094 1035 2195 1092 llic
2223 1036 2494 1108 siquidem
2512 1053 2623 1092 non
2652 1038 2719 1093 de
2758 1038 3004 1108 quolibet
3031 1037 3352 1110 simpliciter
3370 1055 3501 1110 pec-

1915 1136 2057 1195 cato,
2084 1128 2181 1183 sed
2207 1128 2275 1183 de
2318 1129 2605 1186 manifesta
2662 1130 3097 1203 transgressione
3142 1132 3331 1204 legalis
3370 1132 3504 1187 dicit

1917 1218 2131 1286 litteras,
2192 1230 2418 1292 propter
2459 1224 2604 1293 quod
2662 1224 2876 1296 plagam
2941 1225 3128 1295 lepras,
3188 1225 3499 1296 passionem

1917 1308 2090 1379 ipsam
2119 1310 2435 1381 appellavit.
2478 1311 2599 1368 Non
2628 1313 2944 1386 ignoramus
2984 1320 3189 1377 autem,
3241 1314 3368 1384 quia
3418 1314 3502 1369 le-

1916 1417 2070 1473 pram
2104 1404 2410 1461 dixerimus
2444 1405 2581 1478 legis
2637 1421 2759 1461 esse
2808 1406 3334 1476 praevaricationem,
3370 1406 3499 1476 quia

1914 1503 2076 1550 nocet
2114 1496 2299 1563 etiam,
2343 1513 2467 1552 cum
2494 1498 2833 1568 particularis
2861 1499 2952 1562 sit,
2988 1499 3130 1553 sicut
3166 1498 3339 1569 lepra,
3374 1499 3502 1554 licet

1914 1601 2133 1655 parvam
2147 1597 2355 1657 partem
2382 1590 2808 1659 comprehendat
2830 1590 3092 1661 corporis.
3121 1589 3295 1656 Quam
3326 1590 3498 1661 legem

1912 1684 2096 1730 autem
2126 1676 2457 1733 existimavit
2486 1678 2759 1749 propriam
2783 1679 2805 1731 ?
2830 1678 2948 1733 Non
2971 1694 3112 1742 eam.
3148 1694 3270 1750 qua:
3312 1687 3397 1734 est
3427 1678 3497 1733 de

1916 1766 2119 1822 invidia
2151 1775 2208 1823 et
2239 1768 2527 1835 adulterio,
2570 1771 2865 1841 rapacitate
2910 1780 2967 1825 et
3014 1770 3273 1840 avaritia),
3330 1780 3385 1825 et
3432 1771 3500 1825 de

1918 1857 2251 1914 honorandis
2283 1861 2624 1930 parentibus.
2659 1876 2783 1914 nam
2815 1861 3005 1914 similis
3034 1861 3121 1914 lex
3144 1869 3336 1915 eratet
3364 1877 3498 1928 gen-

1922 1950 2100 2015 tibus;
2127 1952 2221 2006 sed
2256 1966 2397 2018 eam,
2429 1968 2551 2022 quae
2585 1954 2652 2008 de
2676 1951 2960 2007 sacrificiis
2998 1961 3055 2007 et
3101 1950 3497 2021 purificationi-

1919 2041 2022 2097 bus
2044 2044 2365 2099 sanciebat:
2414 2044 2534 2099 Non
2586 2054 2793 2117 tangas,
2824 2060 2933 2099 non
2976 2053 3180 2115 gustes,
3217 2059 3329 2099 non
3361 2059 3497 2098 con-

1920 2139 2122 2187 trectes
2150 2147 2290 2198 eam,
2329 2148 2449 2202 quae
2493 2133 2809 2188 circumcidi
2850 2148 3073 2188 carnem
3118 2132 3331 2203 jubeat.
3370 2132 3498 2187 Haec

1917 2221 2062 2277 enim
2088 2224 2386 2294 erantejus
2424 2226 2664 2294 propria,
2714 2240 2837 2279 cum
2876 2226 3131 2296 gentibus
3149 2224 3493 2280 communio-

1919 2324 2045 2363 nem
2070 2325 2179 2365 non
2214 2311 2491 2366 habentia.
2532 2311 2587 2366 Si
2641 2328 2771 2383 ergo
2832 2312 2986 2384 plaga
3022 2314 3185 2382 hujus
3239 2312 3404 2383 leprae
3441 2311 3497 2366 in

1921 2402 2140 2457 homine
2169 2411 2286 2457 orta
2305 2402 2485 2471 fuerit,
2509 2414 2563 2459 et
2592 2404 2782 2461 videns
2828 2421 2953 2460 eum
3004 2405 3279 2471 sacerdos,
3314 2406 3496 2460 album

1917 2493 2157 2548 colorem
2183 2495 2233 2548 in
2263 2504 2388 2550 cute
2430 2498 2788 2567 perspexerit,
2842 2498 3350 2567 praevaricationem
3383 2513 3495 2553 ma-

1917 2584 2193 2650 nifestam,
2268 2595 2624 2656 apertamque
2667 2587 3009 2654 litterasilla’,
3044 2603 3167 2656 qua:
3219 2588 3499 2641 voluntate

1916 2685 2079 2744 atque
2105 2690 2170 2728 ex
2204 2674 2386 2730 studio
2415 2676 2623 2746 egerit:
2671 2676 2774 2731 hoc
2794 2676 2940 2730 enim
3000 2691 3121 2730 esse
3178 2675 3497 2745 capillorum

1916 2775 2195 2837 aspectum
2236 2766 2290 2820 in
2325 2766 2508 2821 album
2536 2768 2753 2831 mutari,
2792 2767 2845 2822 id
2902 2775 3006 2833 est,
3038 2775 3226 2837 aperte
3258 2767 3498 2820 animum

1916 2856 1970 2911 in
1994 2857 2172 2927 aliqua
2205 2858 2651 2928 praevaricatione
2715 2858 3016 2925 transferri,
3068 2859 3322 2931 superius
3357 2858 3501 2913 dixi-

1918 2963 2059 3002 mus.
2096 2947 2472 3003 llahetautem
2513 2949 2628 3019 ipsa
2662 2949 2874 3019 species
2927 2949 3105 3003 vivam
3147 2964 3393 3015 carnem,
3442 2960 3500 3003 ut

1917 3039 2009 3110 qui
2051 3040 2329 3107 videlicet,
2379 3042 2484 3096 etsi
2517 3042 2571 3096 in
2601 3042 2783 3111 aliquo
2817 3041 3232 3112 transgreditur,
3286 3042 3340 3095 in
3381 3042 3501 3096 aliis

1918 3139 2099 3187 tamen
2130 3132 2303 3204 legem
2334 3133 2597 3189 defendit.
2631 3133 2803 3199 Quam
2829 3132 3032 3189 frustra
3061 3149 3251 3189 sanam
3279 3150 3500 3189 carnem

1922 3224 2237 3295 appellaret,
2260 3226 2368 3281 nisi
2398 3234 2454 3280 et
2487 3226 2682 3280 beatus
2698 3225 2898 3280 Paulus
2923 3226 3002 3280 sic
3034 3226 3179 3280 illam
3198 3227 3501 3297 appellasse

1922 3316 2222 3383 videretur,
2253 3317 2329 3372 ait
2370 3318 2519 3372 enim
2580 3337 2593 3372 :
2659 3317 3071 3387 Justiﬁcationes
3126 3319 3303 3372 carnis
3343 3335 3504 3390 usque

1921 3410 1993 3462 ad
2020 3418 2219 3479 tempus
2250 3410 2583 3464 correctionis
2606 3410 2876 3474 imponitis
2915 3409 2981 3464 “.
3428 3408 3439 3417 ’

1992 3500 2161 3569 Lepra
2183 3503 2532 3557 vetustissima
2555 3502 2904 3573 judicabitur.
2951 3500 3311 3558 Consenescit
3352 3501 3500 3555 enim

1919 3601 2163 3663 peccato,
2194 3602 2249 3648 et
2277 3593 2670 3664 corrumpitur,
2718 3593 2847 3664 quia
2890 3608 3128 3666 pugnam
3157 3594 3212 3647 in
3245 3608 3304 3647 se
3327 3592 3502 3647 conti-

1918 3699 2105 3749 nuam,
2132 3691 2185 3738 et
2220 3684 2390 3739 rixam
2420 3685 2605 3749 habet,
2639 3686 2767 3739 dum
2791 3684 2845 3739 in
2864 3684 3139 3755 aliquibus
3192 3684 3368 3756 legem
3405 3685 3501 3740 de-

1917 3774 2097 3844 spicit,
2119 3774 2173 3828 in
2200 3775 2477 3843 aliquibus
2499 3776 2769 3833 defendit.

1986 3866 2209 3935 Propter
2222 3868 2361 3938 quod
2388 3884 2505 3921 eum
2533 3869 2859 3922 contaminat
2878 3871 3122 3925 sacerdos
3142 3878 3190 3924 et
3212 3886 3311 3924 non
3329 3872 3501 3924 reclu-

1914 3960 2011 4013 dit.
2031 3958 2127 4015 Vel
2146 3961 2285 4015 sicut
2308 3959 2470 4025 LXX,
2497 3969 2544 4014 et
2561 3970 2797 4028 separat,
2816 3961 2941 4031 quia
2966 3960 3502 4031 perspicuaimmun—

1913 4050 2044 4105 ditia
2068 4058 2170 4106 est.
2188 4049 2471 4117 Quomodo
2495 4052 2640 4105 enim
2666 4067 2773 4106 non
2794 4051 3181 4107 abominabilis
3196 4061 3251 4107 et
3271 4052 3502 4107 immun-

1913 4140 2016 4196 dus
2046 4150 2149 4207 est,
2176 4142 2269 4212 qui
2290 4142 2462 4213 legem
2487 4143 2797 4206 inhonorat,
2816 4158 2978 4213 quam
2996 4142 3111 4214 ipse
3133 4144 3233 4197 sibi
3252 4160 3501 4199 necessa-

1913 4233 2047 4287 riam
2064 4248 2185 4289 esse
2201 4249 2264 4287 ex
2278 4242 2431 4305 parte
2450 4234 2824 4299 custodiendo,
2841 4234 3172 4290 confirmat?
3196 4233 3331 4300 Quia
3354 4236 3498 4289 enim

1919 4326 2036 4381 haec
2062 4326 2115 4380 in
2141 4325 2599 4396 subsequentibus
2618 4325 2883 4396 planiora,
2918 4326 3189 4396 nimisque
3216 4327 3499 4383 manifesta

1911 4416 2065 4484 fiunt,
2084 4418 2152 4472 ad
2166 4433 2229 4473 ea
2243 4417 2358 4488 ipsa
2372 4433 2470 4473 nos
2481 4418 2593 4489 jam
2609 4419 2801 4474 ordine
2816 4435 2933 4474 mm
2941 4419 3175 4490 pellente
3195 4435 3497 4491 pergamus.

230 4509 265 4562 ti
319 4513 521 4567 szectilo
550 4514 816 4581 vivamus,
868 4517 1013 4573 sicut
1035 4531 1421 4590 exspectantes
1450 4522 1713 4579 futurum.
1745 4524 1809 4578 Et

1986 4508 2149 4563 Vens.
2172 4510 2361 4565 12-17.
2392 4528 2410 4562 ι
2469 4510 2564 4564 Sin
2605 4519 2790 4564 autem
2845 4510 3149 4567 cfﬂoruerit
3187 4510 3502 4566 discurrens

229 4603 347 4658 haec
397 4606 616 4675 quidem
670 4608 741 4662 ita
789 4624 847 4665 se
873 4612 1097 4679 habent,
1127 4615 1222 4669 sed
1248 4631 1372 4671 cum
1404 4617 1597 4688 majori
1623 4617 1809 4673 studio

226 4704 359 4748 sunt
385 4694 722 4753 discutienda
754 4702 1060 4772 sequentia.
1810 4720 1813 4723 '

299 4784 463 4841 Vens.
490 4788 642 4842 9-H.
671 4806 691 4841 t
726 4790 884 4863 Plaga
924 4792 1088 4864 lepra:
1152 4795 1197 4849 si
1231 4795 1395 4850 fuerit
1454 4796 1509 4850 in
1567 4797 1807 4861 homine,

223 4877 528 4933 adducetur
554 4881 622 4935 ad
662 4883 1024 4951 sacerdotem,
1057 4894 1113 4941 et
1143 4886 1351 4942 videbit
1387 4903 1535 4943 eum.
1567 4888 1811 4959 Cumque

222 4966 378 5021 calor
404 4967 628 5023 albusin
664 4980 789 5025 cute
826 4970 1011 5036 fuerit,
1064 4981 1121 5028 et
1156 4973 1474 5044 capillorum
1518 4974 1810 5030 mutaverit

221 5070 534 5131 aspectum.
579 5062 694 5133 ipsa
721 5079 938 5134 quoque
970 5080 1099 5121 caro
1139 5066 1259 5120 viva
1305 5066 1609 5137 apparebit,
1660 5067 1809 5137 lepra

220 5148 593 5205 vetustissima
618 5151 981 5221 judicabitur,
1025 5162 1187 5226 atque
1208 5156 1396 5211 inolita
1443 5158 1577 5211 cuti.
1606 5157 1809 5212 Conta-

218 5239 457 5294 minabit
490 5239 673 5311 itaque
696 5257 821 5298 eum
849 5244 1125 5302 sacerdos.
1158 5255 1214 5301 et
1242 5261 1352 5302 non
1391 5246 1656 5313 recludet,
1683 5248 1809 5318 quia

215 5329 517 5399 perspicue
542 5332 887 5389 immunditia
906 5345 1008 5391 est.
1046 5355 1065 5388 ι

290 5417 413 5474 Non
447 5422 543 5477 tibi
580 5424 799 5480 videtur
815 5427 973 5496 quasi
1030 5428 1339 5500 superﬂuus
1362 5445 1485 5485 esse
1532 5430 1809 5502 legislator

213 5510 528 5580 eademque
558 5524 815 5585 repetens
852 5517 909 5571 in
950 5518 1053 5573 hoc
1077 5528 1239 5589 atque
1294 5520 1486 5576 eodem
1509 5520 1669 5583 libro,
1714 5520 1807 5574 sed

292 5721 342 5797 ff
372 5720 549 5797 _Joan.
582 5740 696 5797 ut,
731 5727 920 5781 15-17.
996 5729 1041 5760 "
1073 5728 1260 5784 Matth.
1291 5746 1447 5797 xvm,
1473 5732 1561 5785 ‘Zl.

217 5790 267 5825 "
286 5789 456 5847 llebr.
482 5809 560 5858 ιχ,
580 5796 629 5848 1.

428 5886 707 5947 ΡΑηοι..
740 5888 855 5949 Gn.
889 5887 1093 5951 XClll.

1659 5732 1703 5762 ’°
1740 5730 1871 5785 ibid.
1907 5730 1999 5785 22.

1919 4600 2064 4670 lepra
2098 4599 2154 4653 in
2184 4608 2330 4666 cute,
2350 4608 2405 4656 et
2436 4600 2717 4671 operuerit
2746 4616 2967 4657 omnem
3025 4611 3207 4657 cutem
3251 4617 3280 4655 a
3323 4604 3501 4672 capite

1919 4707 2089 4763 usque
2118 4692 2186 4747 ad
2214 4692 2401 4763 pedes,
2441 4701 2496 4748 et
2515 4691 2779 4763 quidquid
2828 4693 2930 4748 sub
2961 4703 3187 4763 aspectu
3214 4693 3498 4748 oculorum

1917 4785 2080 4849 cadit,
2108 4783 2475 4840 considerabit
2512 4800 2639 4840 eum
2692 4785 2970 4851 sacerdos,
3017 4795 3074 4841 et
3121 4784 3294 4841 teneri
3354 4786 3500 4857 lepra

1919 4876 2277 4931 mundissima
2292 4876 2581 4947 judicabit,
2625 4891 2692 4933 eo
2708 4878 2854 4947 quod
2882 4877 3061 4933 omnis
3091 4878 3144 4931 in
3205 4879 3499 4934 candorem

1919 4982 2070 5023 versa
2101 4967 2188 5023 sit.
2212 4967 2282 5023 Et
2302 4967 2505 5023 idcirco
2526 4968 2692 5023 homo
2712 4967 2948 5022 mundus
2968 4968 3092 5022 erit.
3124 4967 3355 5034 Quando
3374 4986 3504 5024 vero
3550 4988 3563 4999 ι

1916 5075 2043 5115 caro
2068 5059 2258 5114 vivens
2289 5060 2345 5115 in
2382 5075 2449 5115 eo
2480 5061 2816 5131 apparuerit,
2848 5069 2980 5115 tunc
3026 5061 3329 5115 sacerdotis
3354 5062 3504 5132 judi-

1915 5153 2000 5207 cio
2024 5150 2314 5221 polluetur,
2342 5162 2399 5207 et
2443 5152 2914 5208 interimmundos
2936 5154 3299 5223 reputabitur.
3364 5152 3506 5209 Caro

1915 5244 2062 5300 enim
2084 5245 2225 5311 viva,
2249 5246 2291 5300 si
2314 5245 2466 5316 lepra
2490 5255 2831 5317 aspergatur,
2870 5245 3153 5300 immunda
3186 5253 3293 5300 est.
3347 5244 3502 5312 Quod

1917 5337 1959 5389 si
1987 5352 2176 5392 rursus
2203 5338 2357 5393 versa
2390 5336 2550 5392 fuerit
2589 5336 2645 5391 in
2702 5323 3009 5392 albedinem
3030 5348 3085 5392 et
3113 5346 3286 5392 totum
3322 5337 3501 5391 homi-

1916 5445 2042 5484 nem
2073 5429 2374 5500 operuerit,
2408 5428 2779 5485 considerabit
2805 5444 2932 5485 eum
2960 5430 3216 5485 sacerdos
3247 5438 3302 5483 et
3336 5443 3501 5483 mun-

1916 5523 2043 5576 dum
2067 5538 2187 5577 esse
2219 5523 2496 5577 decernet.
2534 5539 2555 5573 s
3438 5524 3446 5533 '

2646 5730 2691 5763 οι
2719 5729 2851 5784 ibid.
2876 5728 2959 5782 to.
3050 5728 3096 5759 υ
3128 5726 3305 5782 Ecele.
3335 5740 3413 5795 ιι,
3434 5723 3493 5780 2.

3096 5886 3169 5949 30

2098 5732 2136 5761 "
2174 5728 2340 5786 llebr.
2384 5745 2457 5797 iv,
2485 5730 2540 5784 4.
