4046 6418
615 387 721 450 939

1820 368 2181 431 nasvcuu
2218 345 2688 432 rnasu’rram
3751 381 3827 445 θέο

688 495 803 548 Non
825 505 1045 563 egemus
1076 485 1259 543 multis
1284 481 1629 539 sermonibus
1663 479 1714 532 in
1748 477 2032 548 praesentis
2087 477 2192 531 loci
2222 485 2266 541 Α
2296 481 2492 549 frustra
2522 482 2870 535 laboraverim
2896 481 2949 534 in
2976 482 3171 548 vobis‘,
3204 483 3270 537 Et
3295 498 3489 538 rursus
3517 502 3529 536 :
3562 482 3657 549 Qui
3680 488 3726 539 in
3751 491 3831 562 ιεςε

612 587 955 659 expositione
980 601 994 651 ;
1027 579 1310 651 sequentia
1338 574 1633 647 prioribus,
1668 578 1722 625 et
1749 570 1931 640 priora
1959 583 2195 637 sequen-

618 683 761 736 tibus
792 679 857 733 ad
886 672 1390 745 interpretationem
1420 673 1776 721 concurrunt.
1812 660 2194 730 Propterquod

615 772 849 827 Jacobus
874 770 1124 825 dicebat:
1165 763 1354 819 Omnis
1395 758 1696 830 prophetia:
1730 755 2012 825 Scriptura
2069 770 2197 824 pro-

616 865 734 935 pria
791 857 1243 930 interpretatione
1299 868 1409 906 non
1478 852 1536 903 tit
1584 867 1596 901 :
1655 859 1992 915 unaquaeque
2050 844 2196 897 enim

618 958 849 1012 maxime
878 971 944 1009 ex
983 946 1443 1017 consequentibus
1488 942 1831 1011 explanatur.
1860 938 2086 1007 chram
2144 938 2197 990 in

619 1060 743 1103 cute
778 1046 1068 1102 didicimus
1116 1038 1302 1110 legalis
1345 1049 1467 1089 esse
1530 1034 1723 1085 littera:
1784 1028 2198 1099 przevaricatio-

618 1156 766 1195 nem.
801 1135 947 1191 Bene
978 1144 1159 1189 autem
1213 1135 1366 1197 dixit,
1406 1133 1461 1186 in
1487 1141 1635 1195 cute,
1671 1130 1797 1199 quia
1831 1127 2197 1183 Sabbatorum

620 1230 987 1296 circumcisio,
1049 1228 1135 1283 vel
1190 1227 1654 1297 puriﬁcationum,
1703 1238 1825 1293 qua:
1882 1238 1981 1292 per
2024 1218 2198 1291 legem

619 1322 957 1385 sanciuntur,
994 1318 1371 1389 transgressio,
1398 1333 1509 1371 non
1537 1316 1774 1369 all‘erunt
1802 1312 1995 1367 anima:
2026 1312 2201 1366 hesio-

619 1428 746 1467 nem
775 1428 787 1465 :
821 1420 1038 1467 coercet
1071 1410 1272 1480 quippe
1298 1409 1433 1479 legis
1458 1408 1639 1462 littera
1698 1406 2031 1460 exteriorem
2098 1404 2197 1457 ho-

619 1508 843 1561 minem.
872 1506 928 1560 Si
962 1520 1091 1579 ergo
1123 1507 1315 1560 eadem
1362 1504 1510 1574 lepra
1548 1510 1692 1573 tegat
1719 1515 1937 1555 omnem
1995 1508 2196 1562 cutem,

619 1614 650 1653 a
680 1599 856 1669 capite
894 1613 1066 1667 usque
1091 1597 1159 1651 ad
1187 1596 1375 1667 pedes,
1400 1604 1453 1649 et
1500 1593 1764 1665 quidquid
1827 1592 1929 1646 sub
1976 1597 2197 1659 aspectu

620 1692 902 1745 oculorum
930 1690 1231 1744 sacerdotis
1266 1687 1429 1753 cadit,
1455 1686 1717 1741 mundum
1772 1700 1897 1739 eum
1930 1683 2195 1738 decernit.

621 1784 676 1838 Si
705 1786 848 1837 enim
877 1784 1143 1854 quispiam
1172 1799 1202 1838 a
1233 1791 1342 1837 tota
1390 1782 1525 1852 legis
1549 1781 1742 1835 littera:
1774 1780 1991 1833 recedat
2015 1794 2043 1833 c
2068 1787 2197 1830 Isto—

622 1873 728 1937 dia,
762 1880 816 1926 et
851 1888 1027 1940 neque
1062 1871 1531 1926 circumcisionem
1557 1884 1733 1939 neque
1765 1869 2010 1923 ciborum
2040 1866 2201 1919 dill‘e-

622 1963 875 2027 rcntiam,
911 1977 1089 2030 neque
1114 1961 1474 2015 Sabbatorum
1497 1959 1822 2023 custodiam,
1868 1972 1971 2011 nec
2028 1957 2200 2025 pollu-

623 2057 853 2118 tionutn,
892 2064 987 2109 aut
1016 2053 1430 2119 sacriﬁciorum,
1466 2062 1561 2106 aut
1608 2052 1916 2120 aliquorum
1970 2048 2199 2101 aliorum

624 2147 815 2199 talium
840 2155 1092 2201 exerceat
1113 2159 1300 2215 opera,
1370 2145 1465 2200 sed
1512 2144 1580 2198 ab
1635 2142 1890 2198 omnibus
1943 2140 2203 2211 legalibus

624 2239 911 2293 elementis
968 2236 1205 2303 recedat,
1233 2247 1397 2307 atque
1426 2253 1456 2290 a
1490 2236 1667 2307 capite
1725 2250 1897 2305 usque
1923 2233 1989 2285 ad
2015 2233 2199 2303 pedes,

624 2345 654 2383 a
682 2331 857 2399 primo
886 2329 1140 2384 videlicet
1171 2344 1342 2399 usque
1370 2329 1436 2383 ad
1463 2329 1713 2382 ultimum
1747 2328 1941 2382 borum
1974 2327 2201 2380 manda-

625 2432 826 2485 turum,
852 2423 919 2476 ad
949 2422 1171 2475 meliora
1210 2421 1515 2477 cucurrerit
1547 2428 1707 2491 atque
1739 2418 2086 2491 perfectiora,
2112 2419 2191 2474 fe-

624 2514 867 2583 ceritque
886 2514 988 2568 hoc
1018 2514 1070 2567 in
1100 2522 1397 2583 conspectu
1419 2514 1740 2579 sacerdotis,
1776 2512 1831 2567 id
1870 2522 1954 2567 cst
1974 2512 2200 2578 Christi,

623 2615 683 2660 ut
713 2600 831 2675 ipse
855 2606 1046 2659 videns
1074 2606 1560 2675 transgressionem
1596 2605 2060 2675 imperfectornm,
2084 2621 2205 2659 sus-

623 2698 804 2766 cipiat,
846 2697 1015 2751 teneri
1052 2712 1176 2750 eum
1208 2699 1356 2766 lepra
1406 2697 1764 2751 mundissima
1806 2697 2091 2766 iudicabit,
2141 2713 2206 2752 eo

625 2788 769 2858 quod
800 2788 980 2841 omnis
1011 2787 1063 2841 in
1098 2789 1393 2841 candorem
1438 2802 1596 2841 versa
1629 2787 1732 2853 sit;
1786 2787 1853 2840 ad
1902 2786 2205 2841 claritatem

624 2878 879 2932 videlicet
909 2876 997 2932 hic
1026 2878 1415 2947 semetipsum,
1449 2877 1516 2931 ad
1565 2876 1935 2947 evangelicam
1973 2892 2205 2931 conver-

625 2971 891 3025 sationem
929 2970 1223 3035 transtulit,
1261 2970 1409 3023 sicut
1431 2970 1593 3024 modo
1618 2969 1819 3024 auditis
1849 2986 1861 3019 ι
1896 2968 2091 3023 Luceat
2119 2969 2209 3023 lux

625 3072 793 3116 vestra
837 3078 1012 3115 coram
1064 3062 1357 3115 hominibus
1377 3062 1445 3116 ’⁵.
1503 3060 1567 3117 Et
1619 3076 1811 3115 rursus
1867 3079 1881 3115 :
1950 3059 2096 3115 Sicut
2154 3062 2209 3115 in

627 3157 710 3208 die
778 3158 997 3208 honeste
1076 3154 1404 3207 ambulemus
1439 3155 1506 3207 ⁸⁸.

628 3248 786 3315 lucis,

633 3352 741 3394 llil‘.

700 3431 848 3495 Quod
875 3432 919 3485 si
950 3448 1071 3485 caro
1094 3432 1209 3486 viva
1238 3433 1293 3484 in
1322 3448 1384 3485 ea
1408 3434 1740 3501 apparuerit.
1778 3433 1831 3486 ω
1864 3442 1970 3499 est,
2022 3432 2210 3487 Judai-

598 3540 755 3579 >cum
790 3524 1126 3590 mandatum,
1163 3526 1289 3593 quia
1342 3525 1583 3579 viventia
1642 3541 1751 3580 non
1795 3535 2019 3596 propter
2062 3525 2209 3580 acci-

633 3622 867 3689 pientes,
902 3620 993 3673 sed
1029 3629 1251 3689 propter
1274 3620 1466 3674 dantes
1513 3620 1600 3674 illa
1656 3630 1919 3691 putantur
1974 3622 2207 3691 eloquia,

633 3712 806 3779 magis
828 3718 1084 3763 autemet
1113 3720 1331 3779 propter
1379 3712 1733 3781 accipientes.
1783 3712 1837 3765 Si
1908 3714 2209 3767 secundum

582 3814 595 3823 '
637 3801 784 3853 illum
812 3800 1051 3877 modum,
1075 3816 1193 3870 quae
1223 3801 1346 3857 data
1372 3811 1520 3868 sunt,
1551 3804 1950 3869 custodiantur,
1986 3820 2210 3859 necesse

634 3904 737 3959 est,
765 3902 821 3947 ut
850 3894 938 3962 qui
978 3908 1079 3948 nec
1118 3895 1231 3951 bsic
1258 3905 1537 3965 operatur,
1603 3912 1778 3966 neque
1812 3897 1899 3949 illa
1942 3912 1970 3950 a
2014 3897 2212 3966 quibus

862 3264 969 3301 non
1051 3248 1227 3303 nocuis
1278 3263 1456 3317 neque
1525 3247 2210 3303 tenebrarum—nominan-

635 3987 880 4050 recessit,
911 3986 1200 4056 polluatur.
1233 3988 1338 4043 Sed
1374 3988 1654 4058 utriusque
1686 3989 2064 4059 probationem
2077 4006 2210 4059 pro—
2250 4042 2255 4050 ,

637 4078 893 4132 feramus.
953 4077 1201 4134 Viventia
1252 4080 1475 4150 quidem
1534 4082 1661 4152 quia
1708 4082 1962 4137 dicantur
2020 4084 2211 4153 legalia

634 4167 1243 4237 Judaeorummandata,
1276 4171 1559 4225 audiamus
1585 4171 1925 4243 Stephanum
1948 4173 2014 4228 de
2034 4173 2213 4245 Moyse

635 4260 835 4316 Judreis
860 4262 1169 4317 dicentem:
1206 4262 1307 4316 llic
1341 4274 1411 4318 est
1458 4267 1548 4335 qui
1595 4267 1693 4336 fuit
1739 4267 1792 4319 in
1846 4266 2101 4329 Ecclesia,
2158 4268 2213 4318 iu

636 4368 806 4405 eremo
837 4369 954 4406 cum
984 4354 1191 4425 angelo.
1221 4357 1309 4425 qui
1334 4355 1639 4425 loquebatur
1683 4358 1730 4410 ei
1758 4359 1813 4410 in
1858 4366 2029 4410 monte
2057 4355 2208 4422 Sina,

636 4452 683 4496 et
712 4444 1094 4512 cumpatribus
1125 4448 1338 4512 nostris,
1366 4448 1460 4517 qui
1522 4449 1744 4516 suscepit
1773 4447 1925 4501 verba
1986 4447 2211 4500 viventia

2292 578 2684 646 justiﬁeamini,
2708 597 2741 632 a
2773 581 2945 650 gratia
2971 581 3260 635 excessistis
3280 584 3319 635 ’.
3348 580 3430 637 De
3458 580 3691 639 Judaicis
3713 589 3833 645 etiam

2301 670 2684 726 traditionibus
2702 673 2776 725 ait
2802 691 2814 725 :
2844 672 2897 727 Si
2930 673 3074 727 enim
3104 688 3225 743 quae
3258 674 3531 740 destruxi,
3558 676 3668 730 haec
3690 680 3837 737 eadem

2299 760 2493 815 iterum
2544 760 2835 827 reaedilico,
2871 773 3327 834 transgressorem
3369 779 3463 818 me
3503 768 3767 822 constituo.

2369 853 2516 918 Quod
2544 856 2588 907 si
2614 854 2756 908 color
2786 872 2968 909 sanus.
3010 855 3124 910 Hoc
3156 866 3239 910 est
3285 857 3438 911 enim
3473 857 3677 922 vivens,
3716 875 3843 918 sanus

2300 956 2482 999 autem
2520 945 2719 1001 dicitur
2767 947 3067 1001 secundum
3113 947 3428 1003 Iudaeorum
3478 948 3845 1009 aestimationem

2301 1048 2463 1107 atque
2485 1039 2708 1109 legalem
2738 1039 3309 1108 comprehensionem,
3332 1057 3445 1097 non
3478 1053 3659 1095 autem
3683 1058 3846 1098 secun-

2301 1130 2430 1184 dum
2462 1131 2769 1184 veritatem.

2369 1222 2674 1288 Recesserit,
2710 1234 3046 1295 mutatusque
3082 1226 3241 1296 fuerit
3283 1226 3337 1277 iu
3387 1226 3597 1278 album.
3628 1224 3681 1278 ld
3711 1236 3781 1280 est
3810 1231 3847 1282 in

2301 1313 2725 1368 ecclesiasticam
2775 1314 3269 1381 conversationem,
3309 1317 3496 1370 veniet
3535 1315 3602 1369 ad
3642 1319 3847 1373 sacerdo-

2304 1412 2431 1470 tem,
2460 1405 2760 1471 Christum,
2789 1416 2841 1460 et
2874 1408 3135 1460 mundum
3170 1404 3295 1461 ehm
3335 1423 3461 1462 esse
3513 1407 3763 1473 deceniit,
3785 1425 3851 1463 re-

2302 1498 2446 1551 niam
2478 1499 2667 1568 primae
2698 1500 3004 1553 concedens
3035 1499 3301 1565 infantiae,
3325 1502 3524 1555 eadem
3553 1500 3749 1555 ratione
3770 1518 3847 1571 qua

2304 1598 2448 1646 totus
2480 1592 2726 1662 lcprosus
2754 1608 2818 1645 ex
2849 1593 3217 1659 multitudine,
3238 1611 3357 1663 qua:
3397 1604 3628 1664 putatur
3651 1597 3849 1649 immun-

2302 1682 2466 1747 ditiae,
2491 1684 2787 1737 secundum
2821 1684 3011 1755 legem,
3041 1685 3277 1739 mundus
3293 1684 3551 1740 edicitur.
3576 1685 3649 1739 lta
3671 1694 3717 1739 et
3737 1686 3852 1755 plebs

2303 1774 2367 1827 de
2397 1777 2665 1845 gentibus,
2699 1777 2752 1830 in
2785 1776 3129 1831 multitudine
3167 1778 3581 1848 ctperl‘ectione
3610 1778 3853 1849 legalislit-

2306 1878 2453 1933 tene,
2494 1868 2955 1938 praevaricationis
3006 1869 3207 1923 munda
3244 1885 3344 1939 per
3370 1871 3557 1939 ipsam
3579 1869 3740 1940 legem
3766 1870 3854 1923 elli-

2302 1960 2463 2025 citur,
2504 1975 2624 2029 quze
2661 1976 2770 2015 non
2804 1960 3063 2027 litteram,
3130 1961 3225 2017 sed
3290 1962 3598 2032 spiritalem
3657 1964 3851 2017 mandati

2303 2051 2499 2120 qumrit
2540 2050 2978 2123 intelligentiam.

2371 2144 2539 2200 Vens.
2567 2146 2754 2201 18—23.
2798 2166 2816 2198 ε
2852 2146 2993 2202 Caro
3016 2156 3070 2201 et
3092 2146 3232 2203 cutis
3271 2147 3325 2201 in
3351 2163 3457 2218 qua
3496 2147 3653 2202 ulcus
3703 2157 3851 2203 natum

2304 2246 2405 2303 est,
2436 2250 2490 2292 et
2518 2248 2787 2305 sanatum,
2815 2248 2871 2295 et
2911 2240 2967 2295 in
2996 2241 3116 2294 loco
3162 2241 3361 2296 ulceris
3382 2241 3609 2295 cicatrix
3636 2256 3855 2311 apparue-

2306 2330 2377 2383 rit
2402 2329 2542 2407 alba,
2575 2330 2689 2385 sive
2717 2331 2942 2387 subrula
2977 2331 3298 2396 adducetur,
3334 2333 3505 2386 homo
3534 2332 3603 2387 ad
3634 2331 3851 2386 sacerdo-

2307 2430 2437 2477 tem.
2469 2422 2572 2489 Qui
2605 2439 2726 2478 cum
2744 2423 2940 2479 viderit
2964 2425 3142 2479 locum
3167 2425 3333 2495 leprae
3355 2425 3698 2479 humiliorem
3725 2440 3852 2477 carne

2306 2512 2534 2582 reliqua,
2570 2522 2624 2568 et
2645 2514 2782 2583 pilos
2814 2528 3003 2569 versos
3038 2514 3093 2568 in
3144 2515 3464 2580 candorem,
3498 2514 3850 2570 contaminabit

2307 2620 2430 2662 enm
2464 2624 2478 2660 :
2519 2607 2676 2678 plaga
2711 2608 2855 2662 enim
2887 2608 3055 2677 lepra?
3089 2615 3208 2662 orta
3237 2606 3399 2661 estin
3435 2607 3640 2661 ulcere.
3665 2607 3850 2672 Quodsi

2307 2696 2450 2765 pilus
2479 2697 2675 2751 coloris
2701 2706 2779 2750 est
2811 2696 3049 2766 pristini,
3087 2704 3142 2750 et
3174 2696 3400 2751 cicatrix
3421 2696 3770 2760 subobscura,
3810 2706 3849 2751 et

2308 2787 2486 2841 vicina
2513 2803 2642 2841 caro
2672 2803 2781 2841 non
2813 2795 2898 2840 est
2932 2786 3209 2853 humilior,
3250 2786 3503 2841 recludet
3524 2802 3648 2840 eum
3675 2797 3845 2855 septem

2308 2881 2521 2943 diebus,
2550 2889 2605 2934 et
2632 2881 2677 2934 si
2726 2880 2945 2950 quidem
2986 2879 3243 2943 creverit,
3288 2878 3627 2948 adjudicabit
3654 2892 3762 2931 eum
3794 2879 3850 2931 le-

2309 2992 2441 3047 prae.
2473 2975 2568 3030 Sin
2593 2983 2773 3030 autem
2810 2973 3021 3029 steterit
3053 2973 3107 3027 in
3152 2973 3273 3027 loco
3295 2986 3412 3036 suo,
3469 2970 3666 3026 ulceris
3699 2977 3770 3025 est
3789 2970 3850 3023 ci-

2311 3068 2503 3132 catrix,
2541 3078 2597 3122 et
2628 3067 2792 3122 homo
2832 3066 3072 3120 mundus
3096 3064 3224 3120 erit.
3261 3082 3278 3115 ι

1583 3152 1815 3225 Propter
1889 3154 2035 3223 quod
2115 3154 2209 3209 lilii
2237 3176 2283 3237 ρ
2383 3159 2545 3213 Beata
2580 3168 2664 3213 est
2687 3157 2946 3214 continua
2974 3156 3104 3227 legis
3138 3156 3443 3221 meditatio,
3471 3164 3635 3225 atque
3659 3168 3847 3208 conver-

2317 3248 2473 3313 satio,
2511 3248 2820 3316 habereque
2858 3261 3071 3315 semper
3101 3245 3155 3299 in
3189 3246 3441 3301 manibus
3476 3247 3846 3307 thesaurum,ex

2317 3357 2423 3410 quo
2454 3339 2783 3410 cognitionis
2802 3339 2894 3392 Dei
2920 3338 3224 3407 procedunt
3255 3338 3487 3392 divitia.
3530 3336 3845 3403 Quamobrem

2316 3447 2418 3485 nos
2436 3445 2649 3501 quoque
2672 3444 2793 3483 cum
2824 3428 2971 3482 onmi
2996 3428 3194 3492 studio,
3232 3442 3293 3481 ea
3325 3444 3447 3498 qua:
3481 3444 3625 3483 nunc
3654 3435 3764 3481 sunt
3808 3427 3847 3479 in

2317 3524 2494 3577 littera
2521 3522 2761 3586 latentia,
2806 3522 3205 3593 perquiramus.
3240 3521 3405 3577 Ulcus
3433 3531 3624 3575 natum
3654 3529 3704 3575 et
3724 3534 3843 3574 sana-

2320 3624 2455 3681 tum,
2478 3633 2574 3686 per
2598 3614 2971 3686 paenitentiam
3012 3622 3260 3670 curatum
3293 3624 3583 3684 peccatum
3622 3622 3715 3666 est.
3741 3609 3847 3676 Quid

2318 3709 2461 3763 enim
2484 3708 2561 3763 sic
2598 3706 3116 3769 vulneratanimam,
3146 3716 3201 3761 et
3223 3708 3459 3777 complet
3492 3706 3839 3772 maculis,quo

2317 3800 2478 3853 modo
2501 3799 2819 3868 peccatum?
2842 3798 2996 3853 Unde
3032 3807 3089 3854 et
3123 3798 3290 3854 David
3334 3798 3552 3854 dicebat
3604 3816 3615 3849 :
3670 3796 3849 3861 Compu-

2320 3900 2575 3955 truerunt,
2596 3901 2644 3943 et
2673 3891 3117 3945 deterioraverunt
3158 3892 3429 3946 cicatrices
3483 3908 3630 3955 ntere,
3672 3906 3700 3942 ιι
3747 3890 3845 3958 [aut

2318 3984 2630 4052 insipientia:
2667 3998 2794 4036 mea
2816 3983 2854 4036 ³.
2908 3982 3047 4049 Quid
3093 3992 3277 4038 autem
3310 3999 3503 4038 rursus
3524 3989 3671 4038 curat
3696 3980 3846 4034 anima

2319 4075 2557 4130 vulnus?
2589 4076 2708 4143 Quo
2748 4084 2963 4146 oportet
2996 4076 3157 4130 modo
3196 4085 3415 4145 peracta
3441 4074 3765 4146 paenitentia,
3788 4072 3840 4122 lo-

2318 4185 2416 4223 cus
2450 4170 2610 4239 hujus
2644 4170 2887 4224 vulneris
2912 4177 2994 4224 est
3032 4170 3172 4224 actio
3189 4178 3242 4223 et
3264 4169 3555 4225 consilium
3575 4169 3710 4222 circa
3738 4162 3843 4235 quod

2320 4270 2599 4330 peccatum
2631 4271 2843 4331 gestum
2871 4270 2975 4326 est,
2999 4261 3164 4316 veluti
3198 4259 3364 4314 David
3394 4260 3551 4315 locus
3587 4253 3843 4314 uleerisluit

2319 4353 2651 4406 desiderium
2674 4354 2939 4423 corporis,
2984 4364 3207 4425 propter
3257 4354 3399 4407 hanc
3436 4353 3655 4407 enimet
3678 4350 3724 4404 in
3750 4347 3843 4401 Ber-

2319 4446 2481 4500 sabee
2539 4444 2887 4507 adulterium,
2933 4454 2986 4499 et
3037 4446 3093 4499 in
3146 4446 3331 4501 Uriam
3385 4444 3658 4501 homicidii
3686 4443 3840 4497 crimen

637 4536 763 4590 dare
792 4537 937 4591 nobis
966 4537 1033 4591 "'..
1073 4538 1213 4592 Ecce
1246 4539 1409 4594 verba
1442 4540 1677 4593 viventia
1722 4540 2015 4609 appellavit
2051 4540 2212 4610 justi-
2244 4536 2288 4591 D
2316 4538 2535 4592 admisit
2560 4536 2613 4603 ⁸;
2635 4537 2821 4592 Achab
2842 4547 3024 4591 autem
3051 4537 3338 4607 cupiditas,
3364 4553 3462 4607 per
3486 4551 3643 4607 quam
3664 4534 3707 4587 in
3732 4544 3840 4585 amo-

637 4626 919 4683 ﬁcationes
944 4627 1097 4699 legis.
1119 4628 1257 4695 Quid
1300 4637 1481 4684 autem
1510 4630 1783 4685 subdidit?
1815 4629 1916 4685 Cui
1934 4630 2212 4685 noluerunt

636 4714 930 4770 obedientes
954 4733 1061 4771 esse
1093 4728 1273 4787 patres
1314 4720 1479 4773 nostri
1505 4720 1571 4772 ".
1609 4721 1673 4773 Et
1733 4720 1951 4789 quidem
1996 4721 2215 4774 obedie—

636 4815 765 4859 runt
792 4816 1052 4876 quantum
1077 4808 1145 4862 ad
1183 4806 1374 4863 faciem
1403 4810 1712 4881 apparentis
1750 4792 1960 4870 litteras.
1995 4812 2089 4867 sed
2109 4827 2214 4865 non

556 4958 563 4967 1
636 4896 858 4952 obedire
886 4898 1040 4963 dixit,
1069 4916 1177 4953 non
1208 4901 1432 4956 obedire
1507 4904 1698 4964 menti,
1740 4919 1843 4958 nec
1906 4904 2213 4969 intentioni,

638 4983 731 5037 sed
768 4983 821 5035 in
858 4984 987 5055 solis
1036 4986 1233 5041 litteris
1280 4988 1452 5059 legem
1495 4991 1698 5055 dantis,
1746 4992 1898 5059 Quod
1951 5002 2131 5045 autem
2185 5009 2214 5045 a

640 5074 902 5128 servitute
942 5076 1074 5146 legis
1117 5080 1396 5146 recedens,
1429 5092 1485 5135 et
1535 5093 1724 5152 postea
1773 5085 2050 5156 quidpiam
2084 5086 2215 5157 legis

640 5180 855 5232 gerens,
922 5169 1333 5236 reprehensioni
1403 5176 1724 5231 sacerdotali
1788 5179 2094 5246 subjicitur,
2164 5188 2219 5232 et

640 5254 787 5308 inter
849 5255 1160 5311 immundos
1200 5270 1503 5329 reputatur,
1543 5265 1702 5319 docet
1763 5266 1961 5321 Paulus
2017 5267 2219 5323 Calatis

643 5345 967 5416 praecipiens
1010 5366 1022 5401 :
1053 5347 1185 5402 Ecce
1214 5368 1306 5421 ego
1334 5346 1535 5407 Paulus
1555 5357 1671 5407 dico
1698 5357 1837 5409 vobis
1859 5374 1875 5409 :
1912 5358 1969 5411 Si
1992 5360 2217 5411 circum-

642 5426 913 5503 cirlimini,
942 5438 1179 5495 Christus
1206 5444 1341 5497 vobis
1365 5445 1496 5497 nihil
1540 5448 1750 5515 prodest
1779 5450 1843 5503 ”.
1889 5449 1953 5503 Et
1977 5466 2166 5505 rursus
2203 5469 2216 5506 :

646 5530 766 5587 Dies
792 5532 1088 5596 custoditis,
1141 5544 1187 5587 et
1218 5551 1435 5602 menses,
1478 5548 1526 5590 et
1565 5555 1750 5605 annos,
1794 5542 1952 5596 timeo
1986 5559 2050 5596 ne
2088 5544 2219 5613 forte

717 5758 761 5787 ’⁵
796 5757 980 5815 Matth.
1016 5778 1067 5824 v,
1109 5762 1190 5816 l6.

1299 5763 1346 5795 ³⁵
1373 5760 1532 5817 Rom.
1567 5779 1687 5828 xm,
1722 5764 1808 5818 15.

648 5827 666 5860 ⁸
695 5825 870 5882 Galat.
915 5847 967 5896 γ,
1001 5831 1054 5885 4.

1133 5834 1151 5865 ³
1182 5833 1320 5888 Psal.
1362 5850 1564 5899 xxxvii,
1600 5836 1653 5890 6.

1916 5765 1963 5795 θ’
1998 5762 2117 5819 Act.
2148 5780 2241 5830 vn,
2282 5766 2371 5820 38.

1730 5834 1749 5865 ⁸
1779 5835 1825 5889 ll
1874 5836 2007 5905 Reg.
2042 5851 2117 5901 si,
2166 5836 2187 5889 l
2230 5851 2379 5907 seqq.

2321 4645 2435 4683 rem
2470 4629 2659 4684 Nabod
2694 4630 2868 4685 vineae
2893 4630 3129 4684 concidit
3169 4631 3190 4661 ⁸
3211 4648 3224 4695 ;
3270 4628 3424 4684 ludat
3485 4645 3617 4683 vero
3650 4624 3838 4683 avaritia,

2323 4725 2439 4778 haec
2466 4725 2611 4779 enim
2640 4724 2965 4793 proditionis
2994 4723 3284 4779 consilium
3326 4721 3474 4777 dedit
3498 4740 3515 4789 ;
3559 4720 3841 4776 Paulo‘vero

2323 4828 2422 4882 per
2448 4813 2813 4884 ignorantiam
2855 4814 3024 4879 zelus,
3052 4828 3081 4867 a
3131 4829 3239 4883 quo
3268 4812 3517 4869 devictus
3556 4813 3722 4868 Jesum
3748 4820 3838 4877 per-

2324 4912 2545 4957 SCCUIUS
2565 4914 2667 4957 εει.

2393 4995 2455 5048 1η
2481 4995 2795 5050 locoutceris
2821 4996 3041 5049 cicatrix
3075 4994 3221 5048 alba.
3258 4994 3312 5049 ld
3354 5005 3438 5050 est
3478 4994 3669 5058 lucida,
3697 4996 3741 5043 et
3788 4986 3837 5037 ita

2324 5086 2631 5150 manifesta,
2675 5094 2733 5139 ut
2788 5086 2953 5140 etiam
2980 5088 3045 5139 de
3074 5086 3233 5156 longe
3266 5086 3536 5149 videatur,
3571 5085 3622 5139 id
3645 5090 3730 5145 est,
3752 5089 3836 5146 qut

2324 5177 2505 5237 evenit
2529 5177 2785 5247 peccandi
2816 5192 2880 5231 ex
2908 5187 3131 5247 peccato
3152 5178 3507 5247 praesumptio
3536 5194 3549 5228 :
3603 5169 3836 5230 secundum

2324 5284 2483 5336 quam
2514 5270 2602 5323 ille
2636 5278 2860 5340 propter
2891 5270 2995 5324 hoc
3021 5270 3163 5339 quod
3222 5269 3390 5324 semel
3435 5269 3743 5323 adulteratus
3780 5265 3837 5310 est

2325 5361 2555 5425 adulter,
2578 5361 2671 5415 hic
2694 5373 2874 5415 autem
2902 5371 3123 5431 propter
3178 5362 3612 5431 persecutionem
3642 5364 3837 5429 persecu'

2328 5452 2589 5513 tor,alter
2614 5461 2795 5507 autem
2827 5463 3053 5523 prepter
3108 5453 3456 5508 latrocinium
3496 5453 3651 5518 latro,
3678 5438 3833 5503 etiamsi

2323 5541 2434 5612 jam
2468 5557 2498 5596 a
2531 5543 2625 5598 tali
2669 5543 2884 5599 actione
2941 5554 3265 5611 recesserat,
3317 5544 3638 5615 appellatur.
3694 5538 3835 5592 Annon

2481 5767 2527 5799 "
2558 5767 2691 5821 ibid.
2735 5768 2823 5825 '59.
2902 5771 2946 5801 ”
2981 5767 3155 5823 Galat.
3197 5784 3258 5833 v,
3288 5768 3343 5821 2.
3441 5769 3456 5798 ¹
3490 5766 3656 5823 Galat.
3690 5776 3747 5823 tv,
3774 5753 3831 5807 ll-

2458 5836 2577 5892 ³111
2616 5837 2747 5911 Reg.
2774 5855 2931 5907 xvnt,
2962 5840 2986 5894 1
3016 5854 3168 5909 seqq.
3246 5839 3266 5869 ‘
3306 5838 3328 5893 Ι
3372 5837 3514 5892 Tim.
3548 5853 3587 5904 ι,
3625 5833 3693 5890 15.
