4046 6432
224 429 327 495 9H

1358 418 1442 479 IN
1484 417 1923 481 LEVITICUM.
1957 443 2025 455 —
2066 419 2214 481 LIB.
2249 417 2347 483 IV.

3388 423 3494 487 942

218 547 330 601 hoc
360 538 581 597 nomine
598 536 750 593 Raab
778 534 1120 589 meri-tricem
1168 542 1291 604 post
1324 534 1523 588 multas
1582 548 1809 606 genera-
1842 541 1881 596 Α
1914 549 2021 587 non
2051 540 2234 588 autem
2269 531 2397 603 quia
2432 529 2613 585 adhuc
2645 528 2905 601 patiatur,
2948 530 3212 586 ostendit.
3239 530 3346 587 Sed
3378 546 3497 590 uta-

213 636 419 697 tiones,
445 643 677 699 eamque
706 643 826 697 quae
867 626 1095 680 Domino
1123 633 1462 696 unguentum
1488 626 1686 679 obtulit
1719 640 1811 695 ap-

214 726 512 797 pellamus,
545 737 667 777 cum
700 728 945 788 utraeque
973 732 1031 773 se
1057 734 1085 770 a
1112 717 1473 772 fornicatione
1501 717 1807 787 suspende-

212 816 371 872 rint'?
398 814 505 869 Sed
524 813 878 883 quamobrem
896 827 1019 866 cum
1051 810 1205 864 ulcus
1225 808 1453 864 dixisset
1479 808 1683 874 album,
1709 809 1813 862 hoc

214 913 406 981 ipsum
441 917 624 962 tamen
663 906 797 961 dixit
822 906 1002 963 album
1044 920 1140 958 seu
1173 901 1351 958 rufum
1382 902 1538 957 ﬁeri?
1562 901 1687 971 quia
1735 902 1815 956 al-

211 1003 355 1057 bum
378 1001 597 1072 quidem
630 997 787 1065 dixit,
817 998 961 1068 quod
991 997 1049 1051 fit
1070 1013 1136 1051 ex
1166 996 1393 1050 vulnere
1422 995 1613 1067 legalis
1636 1002 1817 1049 trans-

215 1093 563 1165 gressionis,
617 1091 794 1145 albam
849 1090 1017 1160 legem
1077 1100 1300 1144 vocans.
1351 1086 1472 1143 Non
1508 1086 1654 1143 enim
1701 1096 1819 1141 erat

211 1185 486 1242 calefacta
517 1183 643 1238 Sole
672 1182 920 1253 iustitiae,
964 1190 1016 1237 et
1040 1190 1325 1252 propterea
1358 1180 1524 1235 rubra
1547 1194 1655 1234 non
1676 1186 1813 1232 erat.

216 1276 369 1350 Ergo
391 1277 615 1332 rubrum
641 1276 787 1345 quod
818 1290 885 1329 ex
927 1274 1239 1344 evangelica
1285 1272 1437 1327 venit
1491 1270 1819 1342 praevarica-

216 1370 397 1436 tione,
452 1369 762 1425 evidentius
816 1367 1139 1448 appellatur.
1202 1366 1503 1434 lltrumque
1526 1374 1709 1418 tamen
1764 1361 1820 1416 in

212 1462 509 1517 Christum
540 1470 647 1527 est,
678 1461 732 1514 in
752 1477 861 1530 quo
890 1462 959 1514 ab
1021 1460 1263 1514 Ecclesia
1295 1460 1348 1513 in
1377 1458 1619 1513 Canticis
1643 1457 1821 1512 canti-

217 1570 421 1610 corum
470 1554 722 1609 dicitur:
778 1552 1045 1607 Patruelis
1081 1568 1224 1605 meus
1285 1551 1435 1603 albus
1470 1559 1518 1603 et
1576 1548 1823 1602 rubicun-

218 1649 331 1701 dus
360 1648 403 1700 ⁷.
446 1646 623 1717 Ipsius
659 1645 805 1700 enim
833 1653 922 1699 est
956 1644 1064 1708 lex,
1097 1645 1270 1713 ipsius
1291 1640 1667 1711 Evangelium,
1706 1640 1822 1711 ipse

220 1740 388 1810 prius
422 1739 663 1809 legaliter
692 1737 1075 1803 circumcisus,
1110 1746 1169 1791 et
1200 1750 1298 1805 pro
1323 1734 1713 1789 emundatione
1740 1732 1824 1788 of—

219 1833 441 1899 ferens,
472 1833 788 1904 evangelicc
847 1841 1035 1903 postea
1086 1840 1467 1897 conversatus,
1508 1830 1820 1885 Judaeorum

1916 641 2037 677 mur
2090 623 2354 694 exemplis
2378 622 2465 678 bis
2490 622 2557 677 ad
2598 622 2853 678 subtilem
2882 623 3267 693 praedictorum
3300 627 3501 694 proba-

1917 717 2143 770 tionem.
2182 715 2437 771 Peccavit
2465 714 2676 770 Pilatus
2729 716 2785 770 in
2828 716 3085 782 Domino,
3114 732 3334 772 causam
3390 734 3500 774 non

1914 806 2202 863 inveniens
2232 808 2288 862 in
2316 823 2382 863 eo
2411 808 2626 870 mortis,
2657 816 2713 863 et
2739 817 2917 862 tamen
2938 808 3312 863 condemnans
3339 825 3462 863 eum
3488 827 3500 863 :

1917 901 2009 953 sed
2045 900 2249 970 peccati
2289 901 2453 971 hujus
2477 902 2631 956 ulcus
2664 910 2913 956 sanatum
2965 910 3070 967 cst,
3116 916 3241 955 cum
3308 917 3505 956 manus

1918 994 2160 1061 lavisset,
2190 1002 2247 1049 et
2274 995 2507 1051 dixisset
2538 1011 2551 1048 :
2590 993 2824 1048 Mundus
2877 1011 2969 1065 ego
3021 1011 3137 1047 sum
3180 1012 3212 1047 a
3249 995 3507 1066 sanguine

1912 1087 2045 1155 justi
2075 1087 2232 1157 hujus
2261 1089 2326 1142 ¹⁶.
2357 1089 2462 1144 Sed
2488 1104 2597 1143 non
2628 1088 3016 1159 perseveravit,
3050 1102 3175 1142 eum
3227 1087 3506 1143 Christum

1919 1190 2107 1251 postea
2143 1179 2516 1250 ﬂagellaverit.
2553 1183 2696 1252 Ergo
2726 1182 2992 1251 majorem
3021 1190 3147 1250 post
3174 1188 3230 1235 et
3269 1182 3510 1244 deterio-

1922 1287 2036 1326 rcm
2069 1270 2380 1329 cicatricem
2410 1274 2602 1328 habuit
2627 1272 2858 1344 peccati.
2890 1272 2958 1326 Et
2992 1282 3141 1327 recte
3168 1287 3293 1326 eum
3325 1290 3521 1343 sacerg

1923 1365 2022 1419 dos
2060 1365 2474 1427 contaminavit.
2527 1366 2779 1420 Christus
2836 1364 3110 1429 videlicet,
3165 1369 3385 1435 quando
3445 1374 3511 1422 ad

1926 1470 2051 1509 eum
2119 1453 2251 1509 dixit
2286 1469 2299 1507 :
2348 1454 2635 1523 Propterea
2668 1456 2756 1524 qui
2801 1454 3020 1507 tradidit
3054 1468 3135 1505 me
3180 1455 3294 1523 tibi,
3334 1455 3513 1524 majus

1926 1554 2199 1616 peccatum
2223 1545 2375 1600 habet
2408 1546 2473 1598 ¹¹.
2542 1545 2676 1599 Nam
2716 1561 2839 1599 cum
2906 1548 3268 1604 crudeliorem
3316 1548 3515 1602 ludam

1926 1640 2152 1701 diceret,
2175 1655 2279 1694 nec
2308 1639 2453 1694 hunc
2477 1654 2507 1692 a
2545 1648 2767 1709 pecrato
2790 1639 3011 1710 reliquit
3041 1642 3361 1695 immunem.
3379 1642 3515 1696 Pco-

1929 1733 2074 1788 cavit
2093 1740 2148 1787 et
2180 1733 2399 1797 Paulus,
2428 1732 2521 1786 sed
2553 1747 2675 1786 cum
2726 1732 2878 1786 ulcus
2911 1741 3160 1787 sanatum
3190 1734 3385 1788 fuisset
3419 1748 3517 1802 per

1928 1824 2295 1889 vocationem,
2340 1822 2652 1877 cicatricem
2690 1822 2896 1892 peccati
2930 1823 2987 1877 in
3039 1831 3252 1878 tantum
3283 1823 3515 1888 sanavit,

222 1926 580 1996 baptismata,
632 1925 964 1995 Sabbatique
1021 1925 1347 1988 custodiam,
1406 1932 1461 1978 et
1500 1924 1827 1993 temporales
1864 1904 1902 1958 Β
1931 1923 1991 1971 ut
2026 1917 2142 1986 ipse
2173 1931 2271 1986 per
2301 1923 2710 1985 persecutorem
2736 1914 3052 1984 appellaret,
3076 1916 3151 1971 ait
3173 1918 3318 1973 enim
3351 1932 3366 1969 :
3397 1916 3519 1972 Non

223 2018 519 2087 prohibuit
551 2017 983 2087 purificationes.
1023 2015 1129 2071 Sed
1154 2032 1275 2086 quae
1306 2026 1409 2079 est,
1436 2015 1638 2086 inquis,
1689 2015 1825 2083 legis

223 2111 638 2183 transgressio?
671 2112 749 2165 Ad
775 2111 953 2180 ipsum
1003 2111 1286 2181 pertinens
1309 2108 1497 2178 utique
1521 2108 1821 2174 Christum,

224 2205 463 2274 ejusque
505 2202 844 2275 mysterium,
896 2202 949 2257 id
992 2212 1095 2269 est,
1123 2201 1423 2272 ‘idolothyti
1463 2200 1641 2255 omnis
1701 2215 1828 2253 san-

225 2293 440 2363 guinis,
474 2302 528 2347 et
561 2292 810 2347 sull'ocati
845 2307 992 2346 esus.
1024 2291 1158 2345 Nam
1192 2292 1312 2346 haec
1347 2291 1449 2345 etsi
1481 2291 1671 2362 legalia
1700 2300 1829 2345 sunt

228 2394 531 2456 praecepta,
564 2384 863 2441 Ecclesiam
925 2392 1104 2439 tamen
1160 2384 1536 2457 ea_,custodire
1598 2383 1828 2454 apostoli

229 2486 639 2549 praeceperunt,
664 2478 809 2547 quod
837 2477 1081 2532 ostendit
1114 2476 1356 2531 Jacobus
1382 2476 1570 2532 dicens
1600 2495 1612 2530 :
1656 2476 1829 2530 Visum

228 2579 323 2624 est
346 2579 531 2624 sancto
549 2567 797 2637 Spiritui,
832 2579 878 2622 et
908 2569 1075 2634 nobis,
1109 2568 1240 2621 nihil
1293 2567 1522 2636 amplius
1570 2568 1830 2637 superim-

234 2674 439 2729 ponere
465 2658 605 2712 vobis
646 2658 839 2724 oneris,
872 2659 1098 2728 exceptis
1153 2659 1252 2723 his,
1287 2658 1551 2712 abstinere
1577 2658 1641 2711 ab
1663 2657 1831 2710 idolo-

231 2751 424 2821 thytis,
455 2759 505 2804 et
567 2750 845 2821 sanguine,
885 2758 934 2802 et
998 2750 1271 2819 suﬂ'ocato,
1316 2758 1364 2803 et
1408 2750 1761 2818 fornicatione
1785 2748 1827 2802 ⁸.

235 2841 571 2912 Evangelica
591 2850 676 2895 est
704 2851 908 2909 autem,
926 2857 1048 2911 quae
1075 2842 1177 2897 etsi
1201 2857 1308 2896 non
1340 2841 1640 2897 secundum
1660 2841 1833 2911 legem

235 2944 367 2984 erat
399 2931 744 2996 :Quicunque
766 2932 956 2986 dixerit
975 2933 1132 3003 fratri
1195 2947 1317 2997 suo,
1352 2930 1542 2995 Fatue,
1586 2949 1705 2985 reus
1736 2932 1834 2985 erit

226 3023 469 3094 judicio.
506 3022 567 3075 Et
592 3024 681 3093 qui
710 3023 900 3077 viderit
944 3022 1222 3076 mulierem
1273 3024 1343 3075 ad
1368 3022 1836 3090 concupiscendum

239 3132 393 3179 eam,
406 3115 525 3184 jam
549 3116 833 3168 mwchatus
867 3125 940 3169 est
979 3132 1100 3169 eam
1161 3116 1217 3169 in
1245 3116 1399 3168 corde
1422 3130 1515 3168 suo
1538 3116 1582 3167 ⁹.
1620 3114 1677 3168 Si
1710 3130 1837 3185 ergo

242 3217 449 3263 sanato
477 3208 619 3273 albo,
660 3216 716 3261 et
753 3206 1076 3277 poenitentia
1101 3216 1291 3262 curato
1338 3216 1587 3276 peccato,
1623 3206 1676 3259 in
1722 3206 1837 3261 loco

250 3298 482 3364 ulceris,
523 3298 579 3351 in
603 3298 823 3367 regione
871 3298 1130 3353 videlicet
1158 3297 1389 3368 peccati,
1442 3297 1598 3351 ulcus
1657 3298 1837 3351 album

239 3398 346 3442 aut
371 3389 599 3443 rubeum
642 3388 910 3455 videatur,
956 3397 1104 3444 secta
1131 3389 1378 3459 quaedam
1414 3387 1663 3457 praedicti
1711 3403 1841 3458 pec~

240 3481 357 3535 eati
386 3481 709 3551 evangelici,
759 3481 876 3537 sive
935 3482 1143 3553 legalis,
1183 3481 1327 3551 apud
1379 3490 1696 3550 peccantem
1756 3494 1844 3535 re-

246 3584 405 3643 perta
432 3574 615 3641 fuerit,
649 3575 968 3630 necessarie
995 3576 1059 3631 ad
1089 3574 1354 3645 judicium
1389 3573 1495 3641 hoc
1541 3573 1842 3629 sacerdotis

252 3667 433 3720 venit.
1282 3668 1286 3672 Α

327 3755 431 3821 Qui
459 3759 506 3812 si
544 3758 733 3812 viderit
766 3758 936 3812 locum
977 3758 1136 3829 leprw
1161 3759 1495 3813 humiliorem
1521 3774 1679 3812 carne
1716 3759 1841 3813 reli-

252 3866 388 3919 qua.
424 3849 481 3905 Id
518 3858 623 3917 est,
664 3850 1011 3906 humiliorem
1060 3852 1259 3907 factam
1290 3866 1317 3905 a
1344 3852 1632 3921 semetipsa
1689 3865 1843 3906 men-

253 3950 369 3996 tem
412 3940 1069 4011 manifestequeanimum
1096 3951 1365 3997 mutatum
1420 3942 1489 3996 ad
1556 3942 1840 4008 malitiam,

252 4033 362 4089 hoc
384 4033 533 4088 enim
563 4043 647 4090 est
671 4035 809 4105 pilos
840 4035 896 4089 in
935 4036 1229 4090 candorem
1252 4034 1411 4099 verti,
1454 4035 1848 4089 contaminabit

251 4143 385 4182 eum
416 4128 693 4185 sacerdos.
729 4130 910 4185 Semel
955 4131 1105 4184 enim
1151 4130 1209 4184 in
1255 4128 1577 4185 habitudine
1634 4132 1845 4201 peccati

253 4220 443 4275 factus
474 4230 577 4289 est,
604 4231 660 4278 et
697 4223 892 4279 anima:
922 4222 1063 4278 mala
1111 4221 1357 4292 depastio
1386 4237 1484 4293 per
1509 4223 1664 4278 ulcus
1694 4225 1849 4279 incu—

255 4314 399 4381 buit,
454 4316 601 4371 unde
655 4316 863 4387 lepram
915 4332 983 4372 ex
1020 4317 1267 4383 vulnere,
1303 4324 1358 4371 et
1391 4315 1677 4372 florentem
1727 4333 1845 4373 earn

252 4408 572 4477 passionem
595 4408 874 4480 legislator
899 4410 1208 4480 appellavit.

326 4496 482 4565 Quod
501 4502 547 4555 si
580 4500 719 4570 pilus
740 4501 931 4557 coloris
962 4512 1037 4557 est
1055 4504 1288 4573 pristini,
1336 4512 1384 4558 et
1415 4504 1638 4558 cicatrix
1659 4502 1849 4558 subob-

1930 2026 2046 2063 sum
2080 2011 2268 2081 dignus
2290 2009 2549 2079 appellari
2585 2009 2872 2077 apostolus,
2912 2011 3037 2081 quia
3076 2020 3375 2078 persecutus
3401 2027 3519 2064 sum

1933 2099 2231 2154 Ecclesium
2273 2099 2371 2154 Dei
2404 2100 2445 2130 "
2480 2117 2493 2153 :
2556 2109 2611 2155 et
2677 2117 2785 2154 non
2841 2100 2972 2155 illud
3020 2110 3211 2172 postea
3253 2101 3519 2157 dilatavit.

1934 2192 2296 2259 Quamobrem
2328 2194 2519 2247 videns
2562 2193 2709 2247 illum
2760 2194 3014 2249 sacerdos
3047 2195 3309 2260 caelestis,
3358 2210 3522 2248 mun-

1934 2287 2064 2341 dum
2090 2287 2375 2357 judicabit,
2408 2287 2628 2357 quando
2656 2288 2868 2341 Anania
2889 2287 3199 2351 dubitante,
3218 2298 3274 2344 et
3299 2289 3522 2343 nolente

1935 2380 1999 2433 ad
2042 2396 2165 2434 eum
2198 2380 2478 2446 accedere,
2523 2392 2583 2433 ut
2611 2379 2867 2435 videlicet
2896 2391 3302 2450 persecutorem
3358 2393 3522 2450 atque

1937 2472 2300 2534 immundum,
2333 2472 2549 2527 dicebat
2578 2489 2591 2524 :
2626 2470 2796 2535 Vade,
2842 2472 2969 2541 quia
2997 2488 3091 2527 vas
3121 2472 3406 2528 electionis
3428 2483 3519 2528 est

1938 2565 2095 2631 mihi,
2152 2574 2211 2618 ut
2254 2572 2433 2634 portet
2481 2580 2683 2618 nomen
2715 2578 2896 2618 meum
2927 2578 3110 2619 coram
3137 2564 3414 2637 gentibus,
3464 2575 3523 2621 et

1941 2659 2182 2729 regibus,
2214 2668 2269 2713 et
2294 2658 2421 2714 filiis
2450 2657 2635 2713 Israel.

2008 2754 2386 2810 νεκε.24-28.
2426 2775 2444 2807 ‹
2490 2754 2629 2810 Caro
2651 2763 2705 2810 et
2731 2754 2894 2821 cutis,
2938 2768 3101 2824 quam
3150 2754 3294 2826 ignis
3351 2770 3519 2810 exus-

1940 2847 2091 2912 serit,
2110 2855 2166 2901 et
2181 2856 2392 2911 sanata,
2425 2847 2602 2902 albam
2635 2848 2749 2902 sive
2774 2847 2951 2901 rufam
3000 2847 3256 2903 habuerit
3304 2847 3526 2902 cicatri-

1941 2954 2082 3001 cem,
2114 2940 2482 2993 considerabit
2506 2954 2625 2994 eam
2659 2939 2935 2994 sacerdos.
2960 2938 3028 2992 Et
3052 2954 3179 2994 ecce
3196 2938 3241 2993 si
3262 2951 3417 2993 versa
3443 2948 3528 2993 est

1944 3032 1996 3086 in
2024 3032 2354 3094 albedinem,
2386 3041 2439 3085 et
2464 3031 2616 3085 locus
2647 3032 2766 3100 ejus
2799 3031 3005 3100 reliqua
3066 3038 3189 3085 cute
3245 3030 3524 3096 humilior,

1944 3124 2339 3179 contaminabit
2368 3124 2657 3193 etim,quia
2687 3124 2842 3196 plaga
2867 3124 3031 3194 lepra:
3056 3123 3111 3177 in
3135 3121 3390 3178 cicatrice
3409 3133 3530 3177 orta

1945 3224 2048 3270 est.
2082 3216 2236 3282 Quod
2261 3217 2303 3270 si
2332 3216 2565 3284 pilorum
2593 3216 2745 3270 color
2796 3231 2923 3287 non,
2959 3214 3125 3271 fuerit
3187 3214 3528 3281 immutatus,

1943 3322 2043 3361 nec
2083 3306 2341 3361 humilior
2364 3307 2514 3377 plaga
2539 3321 2704 3361 carne
2740 3306 2968 3375 reliqua,
2998 3313 3055 3361 et
3080 3306 3196 3377 ipsa
3214 3304 3382 3376 lepra:
3402 3320 3532 3376 spe-

1942 3396 2055 3450 cies
2087 3396 2252 3451 fuerit
2283 3397 2645 3461 subobscura,
2678 3396 2925 3450 recludet
2976 3411 3101 3451 eum
3140 3405 3349 3467 septem
3413 3396 3532 3451 die;

1942 3490 2066 3555 bus,
2101 3500 2156 3544 et
2186 3491 2272 3545 die
2302 3491 2539 3560 septimo
2562 3489 3040 3563 contemplabitur.
3090 3489 3145 3544 Si
3210 3491 3446 3546 creverit
3474 3491 3530 3546 in

1943 3591 2068 3638 cute
2098 3583 2272 3653 lepra,
2326 3582 2725 3638 contaminabit
2761 3597 2885 3636 eum
2923 3599 2936 3635 :
2986 3582 3030 3636 si
3085 3591 3266 3637 autem
3322 3582 3379 3636 in
3410 3583 3532 3639 loco

1945 3691 2046 3731 suo
2067 3675 2272 3730 candor
2306 3675 2522 3730 steterit
2558 3690 2667 3728 non
2726 3672 2859 3729 satis
2894 3674 3095 3740 clarus,
3123 3672 3279 3745 plaga
3307 3676 3533 3730 combu-

1946 3768 2142 3823 stionis
2167 3776 2269 3832 est,
2303 3776 2358 3821 et
2390 3766 2595 3829 idcirco
2629 3766 3009 3833 mundabitur,
3047 3766 3174 3836 quia
3196 3766 3424 3821 cicatrix
3448 3777 3533 3823 est

1947 3840 2332 3915 combustum.
2368 3876 2386 3910 ι

2013 3953 2346 4018 Quibusdam
2376 3950 2649 4022 legislator
2665 3952 2733 4006 de
2757 3950 2964 4006 eisdem
2987 3947 3203 4006 videtur
3224 3951 3397 4022 loqui,
3436 3953 3533 4007 sed

1948 4060 2056 4099 non
2098 4045 2171 4099 ita
2218 4054 2300 4099 est
2334 4063 2346 4097 :
2384 4061 2508 4099 nam
2546 4045 2845 4117 secundum
2885 4044 3086 4115 aliquid
3133 4044 3321 4100 eadem
3358 4045 3490 4100 dicit
3515 4061 3531 4077 ο

1948 4134 2248 4190 secundum
2293 4143 2473 4188 autem
2519 4133 2742 4203 aliquid,
2785 4132 2987 4195 diﬂ'ert,
3038 4149 3161 4189 cum
3218 4133 3529 4203 passionem

1948 4230 2148 4299 quippe
2200 4236 2471 4297 proponat
2513 4227 2759 4292 alteram,
2805 4226 3052 4282 eamdem
3097 4236 3277 4282 tamen
3319 4228 3532 4297 passio-

1949 4323 2036 4375 nis
2085 4317 2359 4375 subinfert
2392 4318 2863 4388 dijudicationem.
2920 4318 3186 4388 Superius
3233 4328 3415 4374 autem
3464 4320 3532 4373 de

1950 4412 2130 4483 aliquo
2154 4414 2340 4467 ulcere
2365 4411 2692 4465 obveniente
2723 4411 2936 4481 locutus
2974 4419 3079 4476 est,
3106 4411 3250 4480 quod
3281 4427 3347 4466 ex
3372 4414 3527 4483 aegri-

1950 4505 2137 4558 tudine
2185 4504 2432 4574 corporis
2477 4512 2770 4573 generatur
2820 4512 2876 4558 et
2926 4502 3175 4574 prolicit;
3232 4505 3351 4560 haec
3385 4506 3530 4559 enim

252 4604 436 4643 scura.
468 4589 529 4645 Id
550 4600 651 4657 est,
688 4593 1007 4661 paenitentis
1037 4594 1206 4647 visus.
1246 4594 1335 4649 Sic
1367 4596 1561 4649 diebus
1626 4603 1836 4663 septem
1875 4597 1918 4650 D
1947 4596 2082 4651 solet
2112 4593 2407 4667 ‘Scriptura
2449 4610 2602 4649 sacra
2658 4595 2839 4649 ulcera
2882 4595 3177 4666 appellare.
3228 4596 3361 4662 Quae
3402 4613 3533 4651 vero

253 4696 388 4739 eum
420 4683 629 4741 recludi
648 4687 908 4756 praecepit
941 4703 954 4740 :
989 4701 1088 4755 pro
1115 4702 1181 4741 eo
1208 4688 1353 4757 quod
1386 4688 1612 4741 omnino
1652 4687 1707 4739 in
1746 4685 1840 4739 tali

231 4776 577 4845 ‘suspicione
617 4778 853 4844 venerit,
884 4787 1096 4848 tempus
1122 4778 1352 4834 definire
1401 4779 1700 4850 suspicioni
1743 4794 1840 4833 vo-

252 4865 378 4920 luit.
413 4867 476 4920 Et
507 4868 773 4937 siquidem
798 4868 1052 4934 creverit,
1089 4876 1145 4923 et
1199 4872 1337 4925 mala
1380 4871 1626 4943 gloriatio
1653 4872 1840 4925 multi-

253 4959 460 5029 plicata
504 4957 695 5024 fuerit,
740 4957 1071 5028 adjudicabit
1091 4975 1216 5014 eum
1274 4961 1459 5031 leprze.
1489 4961 1627 5016 Dicit
1657 4972 1839 5017 autem

252 5049 464 5120 lepram
498 5048 697 5103 animae
722 5048 1146 5117 immunditiam,
1180 5066 1303 5121 quae
1326 5052 1515 5117 crevit,
1545 5052 1657 5107 sive
1688 5052 1841 5107 elllo-

251 5140 369 5193 ruit
405 5139 805 5209 posterioribus
842 5140 1151 5197 actionibus
1206 5144 1587 5213 multiplicata.
1636 5145 1693 5199 Si
1747 5160 1845 5198 au-

251 5242 367 5287 tem
433 5247 543 5286 non
593 5241 678 5286 est
707 5231 1086 5300 multiplicata,
1113 5234 1207 5288 sed
1238 5236 1452 5289 steterit
1480 5235 1535 5287 in
1566 5236 1685 5290 loco
1723 5250 1841 5301 suo,

250 5326 394 5380 nihil
425 5326 571 5380 enim
600 5325 833 5394 amplius
865 5325 921 5378 in
950 5326 1056 5379 hoc
1092 5341 1345 5395 peccasse
1392 5327 1691 5393 invenitur,
1739 5328 1845 5382 nisi

250 5417 434 5472 solum
466 5418 569 5471 hoc
612 5426 921 5486 peccatum,
959 5418 1102 5486 quod
1129 5433 1320 5473 omnes
1352 5429 1743 5489 cognoverunt,
1778 5420 1845 5475 de

250 5525 367 5580 quo
385 5519 440 5563 et
466 5509 985 5580 egitpmnitentiam
1031 5526 1045 5562 :
1093 5511 1355 5565 mundum
1383 5511 1533 5565 illum
1589 5513 1843 5568 sacerdos

246 5604 485 5674 judicat.
539 5602 778 5658 Cicatrix
831 5605 978 5659 enim
1012 5604 1255 5659 vulneris
1295 5605 1421 5674 quia
1481 5621 1676 5675 passus
1730 5616 1837 5672 est,

330 5801 349 5831 ⁷
379 5800 540 5855 Cant.
584 5818 647 5866 v,
700 5803 785 5859 l0.

260 5872 303 5904 “
338 5872 357 5927 l
386 5872 512 5926 Cor.
544 5889 633 5935 xv,
667 5874 718 5926 9.

889 5804 910 5834 ⁸
939 5804 1062 5858 Act.
1105 5820 1173 5859 xv
1195 5844 1209 5867 ,
1244 5801 1334 5867 28,
1380 5802 1472 5857 29.

801 5873 843 5903 ⁸³
872 5873 1000 5929 Luc.
1029 5890 1138 5938 xvr,
1164 5874 1255 5928 ει.
1337 5875 1378 5906 ⁸⁵
1411 5874 1543 5927 an.
1576 5891 1628 5940 χ,
1668 5876 1738 5929 50

1582 5805 1602 5835 ο
1634 5802 1824 5859 Matth.
1856 5822 1927 5871 v,
1973 5805 2082 5869 es,
2123 5806 2213 5859 ss.

1949 4696 2077 4743 sunt
2106 4688 2174 4743 de
2194 4687 2357 4753 ferro,
2383 4695 2476 4741 aut
2497 4686 2788 4757 lapidibus,
2838 4696 2932 4742 aut
2963 4685 3069 4743 alia
3104 4687 3283 4759 aliqua
3307 4704 3533 4759 percus-
3620 4758 3623 4760 _

1948 4781 2119 4847 sione,
2151 4781 2333 4852 plagas
2362 4788 2518 4835 vocat
2553 4788 2608 4833 et
2632 4777 2877 4833 vulnera.
2917 4779 3145 4851 Propter
3165 4781 3309 4852 quod
3336 4781 3403 4836 de
3431 4779 3535 4833 La-

1949 4889 2075 4928 zaro
2102 4872 2322 4942 inquit:
2366 4871 2501 4936 Quia
2545 4888 2697 4925 canes
2745 4869 3005 4926 venientes
3046 4872 3310 4944 lingebant
3359 4872 3534 4927 ulcera
3611 4858 3613 4883 ⁵

1947 4966 2061 5035 ejus
2082 4966 2144 5020 ⁸³.
2174 4965 2385 5019 Munda:
2415 4964 2851 5035 quippecarnis,
2882 4963 3025 5019 fame
3072 4966 3372 5035 morboque
3411 4980 3535 5020 cor-

1948 5066 2108 5126 rupta
2138 5066 2293 5111 erant
2322 5057 2411 5110 illa
2436 5057 2681 5110 vulnera.
2718 5055 2792 5110 De
2819 5072 2885 5111 eo
2914 5066 3095 5111 autem
3123 5058 3214 5126 qui
3249 5056 3535 5111 descendit

1949 5151 2006 5203 in
2035 5148 2253 5205 Iericho
2281 5159 2335 5204 et
2364 5149 2557 5205 incidit
2586 5149 2638 5202 in
2669 5149 2929 5215 latrones,
2958 5149 3171 5218 Plagas,
3206 5149 3401 5218 inquit,
3427 5149 3536 5204 im-

1949 5254 2196 5313 ponentes
2243 5244 2315 5305 ei,
2360 5224 2679 5297 recesserunt
2708 5241 2786 5296 “z
2834 5240 3033 5295 deinde
3071 5250 3193 5311 post
3227 5240 3530 5311 paululum,

1950 5332 2136 5403 plagas
2179 5315 2332 5397 istas,
2386 5334 2525 5389 sicut
2565 5334 2812 5399 vulnera,
2855 5332 3073 5403 alligare
3130 5330 3531 5389 Samaritamuu

1949 5425 2241 5495 praecepit;
2275 5424 2616 5479 manifestam
2670 5425 3031 5479 ditl‘erentiam
3082 5423 3300 5490 ulceris,
3324 5431 3378 5477 et
3413 5424 3533 5479 vul-

1952 5517 2121 5581 neris,
2146 5527 2239 5571 aut
2268 5516 2456 5589 plagae,
2496 5518 2611 5588 ipse
2641 5534 2738 5587 per
2771 5516 3084 5588 Scripturas
3124 5514 3359 5585 Spiritus
3394 5515 3533 5567 αἰτι-

1952 5625 2055 5664 nus
2067 5611 2320 5666 ostendit.
2340 5610 2478 5675 Quid
2502 5627 2631 5681 ergo
2659 5626 2783 5665 vere
2800 5611 2953 5665 ulcus
2968 5618 3048 5663 est
3070 5607 3327 5679 neglectae
3351 5606 3536 5662 carnis

2324 5807 2367 5836 ¹⁰
2396 5805 2586 5863 Matth.
2634 5823 2795 5873 xxvn,
2833 5806 2922 5860 24.
2989 5857 3000 5866 ,
3035 5807 3073 5837 ¹¹
3100 5804 3257 5860 Joan.
3292 5817 3405 5870 xiv,
3445 5804 3532 5858 11.
