3946 6412
572 390 679 453 943

1752 348 2129 446 nnsrcnn
2174 384 2639 447 PRESBYTERI

3720 400 3807 464 944

572 514 789 570 nostra,
810 503 915 558 nisi
938 516 1225 573 corporum
1276 500 1544 571 voluptas,
1596 508 1651 554 ct
1672 498 1904 554 ebrietas
1969 508 2152 565 θιγα-
2185 507 2227 562 Α
2257 500 2599 565 necessaria,
2645 510 2699 555 et
2748 503 2865 560 sine
2915 507 3113 576 quibus
3144 522 3253 562 non
3284 515 3495 577 potest,
3554 505 3687 563 sicut
3722 526 3810 569 nec

571 595 969 667 στριμαργίαῗ
1027 593 1156 650 Hae
1216 601 1397 648 autem
1454 590 1759 646 luxuriante
1813 604 2040 659 corpore
2094 597 2147 642 et

566 692 624 746 in
654 691 949 760 semetipso
986 690 1271 745 exsiliente
1324 687 1674 759 proveniunt.
1726 685 1869 757 Ignis
1939 693 2144 747 autem,

570 783 743 853 major
770 780 990 846 invidia,
1031 780 1172 853 ignis
1202 780 1379 834 latens
1407 787 1463 833 et
1505 791 1839 833 consumens
1886 774 2145 844 paulatim

570 875 865 932 habentem
892 890 973 939 se,
1028 882 1253 943 propter
1273 871 1417 941 quod
1441 870 1605 926 Isaias
1646 869 1723 924 ait
1754 884 1767 920 :
1810 888 1829 919 ι
1860 866 2016 921 Zelus
2050 880 2147 933 ap-

567 967 845 1036 pro/tendet
868 963 1116 1033 populum
1171 963 1519 1027 ineruditum,
1542 969 1591 1015 et
1619 975 1755 1016 nunc
1788 958 1923 1029 ignis
1963 960 2148 1010 aduer-

567 1061 740 1114 sarias
767 1065 1031 1113 consumet
1059 1056 1147 1109 ιδ’.
1172 1075 1192 1108 ι
1221 1054 1411 1110 Zelum
1441 1052 1818 1124 imperitorum
1853 1049 1987 1105 dixit
2009 1047 2148 1103 invi-

565 1153 710 1208 diam
759 1153 1046 1219 zelantem,
1087 1166 1199 1206 non
1229 1156 1287 1204 ut
1327 1147 1611 1203 imitentur
1653 1145 1907 1211 virtutes,
1935 1142 2031 1199 sed
2089 1151 2148 1196 ut

563 1245 683 1299 illas
726 1244 1045 1313 impediant,
1095 1250 1520 1312 operantemque
1571 1237 1863 1309 perimant.
1915 1234 1970 1290 Si
2017 1248 2147 1305 ergo

564 1332 871 1387 combustio
909 1330 1070 1387 alicui
1102 1329 1335 1394 homini,
1366 1328 1618 1385 videlicet
1637 1325 1934 1397 peccaturi,
1968 1338 2034 1379 ex
2064 1323 2147 1377 in-

561 1424 705 1479 vidia
731 1423 1037 1495 contigerit,
1059 1432 1114 1479 et
1140 1432 1362 1479 sanatus
1378 1420 1545 1476 fuerit
1564 1417 1903 1492 panitentia,
1936 1424 2146 1471 scruta-

558 1521 651 1567 tur
670 1514 1013 1577 cicatricem,
1038 1529 1111 1568 ne
1133 1512 1274 1568 forte
1298 1520 1424 1583 post
1453 1509 1833 1583 penitentiam
1859 1508 1915 1562 in
1938 1506 2147 1577 passio-

560 1621 688 1661 nem
724 1606 950 1662 recidat.
976 1607 1046 1662 Et
1087 1605 1133 1661 si
1157 1619 1439 1661 reversum
1487 1602 1778 1667 invenerit,
1809 1600 2145 1656 contamina-

558 1698 640 1755 bit
681 1713 829 1764 eum,
878 1698 1222 1753 immundum
1267 1705 1417 1753 recte
1465 1696 1739 1768 judicans.
1784 1693 1944 1747 Terra
1972 1691 2141 1758 enim,

558 1806 698 1857 saepe
726 1791 1010 1845 uenientem
1032 1807 1192 1859 super
1219 1806 1275 1843 se
1299 1790 1473 1844 bibens
1506 1788 1742 1853 imbrem,
1782 1796 1829 1841 et
1879 1787 2145 1856 proferens

2178 1846 2220 1900 Β

2251 588 2369 643 sine
2391 590 2569 659 capite
2598 591 2783 661 homo,
2809 597 3132 653 subsistere.
3153 598 3381 669 Propter
3404 599 3557 668 quod
3587 608 3642 654 et
3666 600 3807 659 Band

2249 681 2610 739 fraternitatis
2634 701 2899 753 amorem,
2932 706 3206 745 summum
3241 692 3491 745 omnium
3548 696 3809 750 mandato-

2250 787 2371 827 rum
2404 775 2592 830 volens
2618 780 2931 844 ostendere,
2969 790 3251 853 unguento
3274 782 3448 847 hunc,
3491 797 3523 837 a
3556 784 3722 853 capite
3766 786 3809 839 in

2249 863 2444 920 barbas
2466 866 2839 938 descendenti,
2864 874 3202 942 comparavit
3228 873 3343 927 :sic
3364 874 3519 928 enim
3548 876 3624 928 ait
3653 894 3666 929 :
3698 875 3810 929 Ecce

2249 971 2409 1026 quam
2458 958 2651 1014 bonum
2708 972 2758 1015 et
2791 979 2949 1033 quam
2996 965 3293 1035 jucundum
3344 966 3592 1019 habitare
3648 968 3812 1035 fratres

2247 1048 2305 1101 in
2332 1064 2493 1104 unum
2557 1049 2707 1105 Sicut
2741 1066 3059 1125 unguentum
3098 1057 3153 1109 in
3192 1056 3383 1126 capite,
3430 1058 3574 1126 quod
3621 1058 3809 1111 descen-

2247 1142 2325 1196 dit
2352 1143 2409 1197 in
2427 1142 2674 1211 barbam,
2699 1145 2915 1201 barbam
2936 1148 3195 1202 Aaron“.
3232 1148 3467 1213 Quando
3498 1165 3627 1219 ergo
3653 1164 3811 1205 errare

2248 1235 2503 1305 cuiquam
2544 1236 2601 1291 in
2632 1236 2919 1294 divinitate
2964 1239 3253 1311 contingit,
3276 1239 3550 1294 maculam
3570 1240 3725 1311 lepra
3766 1243 3810 1294 in

2247 1326 2411 1383 barba
2473 1336 2529 1384 et
2557 1328 2610 1383 in
2646 1329 2823 1400 capite
2850 1329 3034 1395 habet,
3067 1330 3215 1423 hultc
3254 1332 3519 1385 sacerdos
3563 1332 3809 1401 inspiciat,

2245 1426 2302 1474 et
2334 1419 2380 1474 si
2410 1419 2610 1477 viderit
2659 1421 3007 1478 humiliorem
3046 1419 3226 1478 locum
3281 1438 3455 1477 carne
3500 1424 3721 1492 reliqua,
3763 1436 3807 1478 et

2245 1510 2582 1568 miseriorem
2623 1516 3105 1584 praesumptionem
3140 1531 3209 1571 ex
3235 1514 3581 1585 blasphemia
3612 1516 3807 1570 tactam.

2247 1602 2533 1668 Quomodo
2557 1613 2739 1660 autem
2769 1605 2875 1663 hoc
2898 1606 2988 1673 sit,
3026 1606 3078 1661 id
3104 1617 3190 1661 est
3215 1627 3227 1661 :

2318 1695 2379 1752 Si
2404 1697 2542 1768 pilus
2590 1700 2783 1768 ﬂavus,
2818 1698 3075 1769 solitoque
3109 1699 3353 1753 subtilior
3394 1698 3581 1769 fuerit.
3624 1696 3677 1750 ld
3720 1707 3806 1761 est,

2246 1788 2347 1843 etsi
2372 1800 2482 1844 non
2507 1789 2691 1857 nimis,
2711 1791 2779 1845 ad
2804 1791 3077 1845 modicum
3104 1801 3281 1846 tamen
3318 1791 3572 1844 animum
3595 1791 3662 1845 ad
3688 1791 3810 1845 blas-

550 1879 773 1933 Iterbam
801 1889 1150 1948 opportunam
1175 1879 1281 1932 illis
1322 1894 1355 1932 a
1385 1878 1569 1949 quibus
1594 1876 1805 1943 colitur,
1834 1875 2146 1929 benedictio-
2179 1875 2220 1900 "
2247 1879 2520 1950 phemiam
2551 1881 2810 1937 intendit.
2853 1881 2967 1937 Hoc
2994 1883 3139 1937 enim
3188 1883 3446 1936 subtilem
3491 1897 3613 1936 esse
3640 1882 3807 1952 pilum,

554 1987 675 2025 mm
704 1974 925 2041 accipiet
974 1971 1298 2037 aDomino;
1344 1971 1617 2040 proferens
1678 1984 1798 2023 vero
1848 1969 2033 2037 spinas
2082 1982 2144 2020 ac

557 2060 777 2116 tribulos
837 2066 1057 2131 reproba
1080 2071 1179 2127 est,
1210 2071 1258 2115 et
1290 2060 1568 2115 maledicto
1599 2061 1862 2129 proxima,
1888 2060 2035 2125 cuius
2077 2058 2143 2128 ﬁ-

557 2152 638 2207 nis
664 2154 719 2206 in
749 2153 1122 2221 combustione,
1151 2153 1290 2209 sicut
1310 2152 1510 2207 Paulus
1535 2151 1612 2207 ait
1638 2152 1705 2209 ¹⁵.
1740 2151 1798 2206 Si
1819 2159 1999 2206 autem
2026 2160 2141 2204 non

555 2243 779 2300 inventa
802 2243 966 2300 fuerit
988 2245 1196 2301 redisse
1237 2245 1305 2300 ad
1340 2245 1681 2315 iniquitatem
1713 2260 1867 2311 suam
1912 2242 2137 2310 invidia,

552 2350 660 2391 nec
686 2353 753 2390 ex
792 2335 1111 2406 operatione
1145 2335 1454 2406 posteriori,
1492 2334 1751 2391 diffusum
1789 2334 1957 2407 priori
2006 2349 2138 2405 pec-

552 2437 675 2483 cato
712 2429 889 2483 latens
933 2428 1089 2485 ulcus
1128 2429 1400 2493 habuerit,
1446 2429 1711 2484 mundum
1770 2429 1921 2484 illum
1958 2443 2140 2484 sacer-

551 2520 651 2575 dos
672 2519 906 2590 judicat,
935 2529 1127 2591 utpote
1156 2522 1250 2591 qui
1294 2521 1466 2577 semel
1499 2537 1596 2592 per
1632 2522 2015 2592 panitentiam
2054 2530 2140 2577 est

551 2609 868 2663 mundatus.
899 2609 1171 2664 Discernit
1195 2618 1400 2674 autem,
1430 2619 1485 2664 et
1523 2610 1694 2679 pilum
1740 2608 2054 2674 intendens,
2092 2608 2137 2662 si

550 2697 782 2754 mutabit
821 2698 879 2752 in
914 2699 1121 2763 album,
1152 2707 1208 2754 et
1239 2699 1283 2754 si
1320 2699 1577 2753 humilior
1622 2708 1707 2753 est
1737 2714 1768 2752 a
1792 2708 1918 2753 cute
1962 2698 2134 2753 locus.

550 2790 682 2858 Qua
715 2790 901 2846 omnia
945 2790 1263 2861 plenissime
1292 2790 1346 2845 in
1383 2790 1758 2861 superioribus
1795 2790 2136 2860 interpretati

552 2898 765 2949 sumus,
798 2882 921 2938 ideo
947 2882 1094 2938 enim
1128 2881 1214 2938 his
1235 2882 1473 2939 brevitas
1496 2881 1803 2937 adhibenda
1832 2893 1938 2949 est,
1971 2891 2031 2936 ut
2068 2882 2134 2937 ad

557 2972 740 3027 futura
780 2988 1086 3029 curramus.

2244 1982 2300 2027 et
2324 1987 2501 2042 neque
2530 1972 2799 2041 elllorere,
2826 1974 2923 2030 sed
2947 1973 3241 2030 ﬂavescere
3265 1975 3537 2029 ostendit.

2314 2063 2709 2121 Centaminabit
2738 2083 2822 2122 eos
2847 2066 3116 2122 sacerdos.
3136 2065 3316 2132 Quare
3342 2067 3363 2120 *ἒ
3392 2066 3537 2131 Quia
3568 2070 3706 2136 lepra
3732 2084 3807 2120 ca-

2242 2154 2385 2225 pitis,
2422 2172 2485 2210 ac
2515 2155 2690 2211 barba
2709 2166 2805 2211 est.
2844 2155 2942 2212 Vel
2969 2157 3111 2213 sicut
3133 2154 3275 2210 LXX
3299 2156 3498 2221 edunt,
3525 2160 3707 2210 uulnus
3728 2176 3804 2210 εει.

2246 2245 2577 2303 Vulneratus
2604 2248 2751 2303 enim
2787 2263 2822 2301 a
2870 2247 3085 2303 diabolo
3129 2257 3184 2302 et
3228 2246 3477 2312 collisus,
3504 2248 3573 2301 ad
3625 2259 3805 2302 tantam

2241 2340 2493 2408 pervenit
2518 2339 2873 2409 impietatem,
2897 2338 3024 2407 quia
3053 2353 3198 2408 sape
3217 2338 3493 2410 contingit
3518 2340 3803 2408 quempiam

2241 2436 2431 2482 contra
2458 2429 2793 2484 voluntatem
2815 2444 2967 2483 suam
2999 2428 3147 2498 loqui
3177 2429 3363 2499 impia.

2309 2518 2368 2573 Si
2396 2521 2580 2575 viderit
2606 2520 2773 2575 locum
2801 2521 3025 2576 macula:
3049 2525 3306 2591 aqualem
3349 2523 3542 2577 vicina
3570 2524 3731 2587 carni,
3763 2534 3802 2576 et

2240 2612 2489 2681 capillum
2519 2614 2747 2684 nigrant.
2772 2614 2845 2669 Ut
2876 2628 2984 2668 non
3013 2615 3276 2669 exuberet
3297 2615 3423 2679 hoc,
3459 2617 3687 2685 quodex
3713 2619 3802 2670 dia-

2238 2705 2412 2761 bolica
2442 2707 2757 2776 operatione
2783 2708 2981 2763 anima
3008 2717 3088 2762 est
3110 2709 3302 2763 vulnus
3329 2708 3618 2775 indictum,
3645 2710 3694 2762 id
3710 2721 3799 2773 est,

2238 2796 2489 2866 impietas
2513 2798 2848 2869 dogmatum.

2309 2888 2558 2943 Recludet
2584 2907 2671 2944 eos
2690 2901 2884 2959 septem
2915 2893 3026 2947 dies
3047 2895 3313 2947 sacerdos.
3340 2890 3464 2947 Non
3513 2908 3613 2963 pro
3658 2907 3799 2962 puta

2238 2988 2471 3047 tantum,
2500 2993 2762 3051 quantum
2792 2984 3052 3040 districta
3087 2984 3635 3055 probationiscausa,
3682 2994 3797 3038 teut-

632 3065 786 3121 vsns.
814 3065 1027 3121 29.44.
1066 3084 1084 3116 ‹
1115 3062 1230 3127 Vir.
1265 3064 1380 3120 sive
1411 3064 1626 3129 mulier,
1659 3064 1714 3119 in
1750 3065 1909 3135 cuius
1956 3063 2136 3133 capite
2234 3087 2338 3141 pus
2375 3073 2520 3127 enim
2539 3075 2794 3130 omnibus
2820 3077 3059 3145 quidem,
3089 3076 3388 3131 districtius
3419 3086 3602 3131 tamen
3633 3076 3681 3129 in
3705 3075 3795 3136 his,

547 3154 636 3208 vel
662 3154 831 3209 barba
882 3154 1201 3225 germinarit
1231 3154 1403 3224 lepra,
1452 3153 1657 3210 videbit
1705 3169 1801 3209 eos
1845 3153 2128 3208 sacerdos:

2242 3182 2465 3236 quorum
2503 3166 2686 3237 lingua
2721 3168 2862 3223 circa
2906 3169 3246 3223 divinitatem
3274 3179 3453 3233 vacat,
3502 3169 3794 3223 intuendum

550 3255 606 3301 et
632 3245 677 3299 si
705 3245 928 3316 quidem
958 3244 1221 3302 humilior
1252 3244 1419 3300 fuerit
1470 3245 1623 3301 locus
1656 3261 1819 3302 carne
1846 3244 2055 3315 reliqua
2080 3253 2136 3299 et

546 3335 778 3407 capillus
798 3334 990 3402 flavus,
1012 3335 1284 3407 solitoque
1303 3336 1573 3403 subtilior,
1595 3335 1989 3392 contaminabit
2014 3348 2131 3398 eos,

548 3428 673 3498 quia
698 3428 854 3499 lepra
900 3428 1097 3500 capitis
1127 3444 1193 3485 ac
1237 3429 1422 3485 barba
1462 3436 1566 3484 est.
1601 3426 1659 3483 Si
1694 3436 1877 3483 autem
1935 3425 2135 3482 viderit

549 3520 729 3575 locum
770 3520 998 3577 macula
1030 3521 1295 3592 aqualem
1337 3520 1531 3577 vicina
1579 3520 1752 3588 carni,
1792 3527 1848 3577 et
1877 3519 2132 3591 capillum

548 3611 785 3684 nigrum,
815 3612 1061 3668 recludet
1097 3620 1307 3683 septem
1337 3612 1550 3677 diebus,
1587 3620 1644 3668 et
1665 3612 1753 3668 die
1780 3612 2011 3683 septima
2049 3612 2132 3664 in-

549 3704 811 3759 tuebitur.
853 3703 1055 3759 Sinon
1112 3703 1347 3760 creverit
1384 3703 1619 3769 macula,
1668 3712 1725 3757 et
1774 3702 2002 3773 capillus
2047 3702 2130 3757 sui

547 3794 747 3850 coloris
779 3804 883 3863 est,
909 3805 966 3852 et
1010 3797 1165 3852 locus
1214 3795 1385 3868 plaga
1413 3794 1565 3851 carni
1616 3794 1838 3865 reliquae
1885 3792 2128 3864 aqualis,

549 3886 770 3942 radetur
831 3888 997 3944 homo
1056 3890 1263 3959 absque
1320 3889 1441 3944 loco
1503 3888 1765 3955 macula,
1825 3887 2132 3942 includetur

549 3986 757 4048 septem
779 3979 971 4035 diebus
992 3980 1130 4035 aliis.
1162 3980 1216 4035 Si
1244 3980 1312 4035 de
1333 3979 1566 4051 septimo
1591 3980 1703 4033 visa
1725 3978 1889 4033 fuerit
1918 3978 2131 4032 stetisse

547 4070 701 4140 plaga
756 4069 810 4123 in
858 4069 979 4127 loco
1035 4086 1175 4136 suo,
1225 4085 1331 4125 nec
1370 4069 1630 4124 humilior
1680 4084 1847 4123 carne
1898 4068 2124 4137 reliqua,

548 4162 834 4217 mundabit
855 4177 1004 4226 eum,
1037 4164 1273 4234 lotisque
1303 4163 1565 4227 vestibus,
1604 4161 1843 4216 mundus
1877 4162 2002 4214 erit.
2033 4178 2050 4209 ι

615 4249 736 4307 Non
765 4253 832 4308 de
865 4254 1199 4324 quibuslibet
1220 4253 1331 4320 hic,
1362 4254 1459 4309 sed
1486 4253 1813 4309 necessariis
1845 4252 1949 4307 hoc
1975 4267 2128 4306 man-

546 4343 733 4398 datum
778 4345 861 4399 lex
916 4346 1085 4402 dedit.
1122 4344 1310 4416 Neque
1357 4344 1507 4401 enim
1550 4345 1617 4401 de
1657 4345 1786 4400 solis
1825 4343 2127 4399 actionibus

543 4436 617 4501 ei,
650 4437 744 4492 sed
774 4447 828 4493 et
849 4439 917 4494 de
952 4438 1149 4493 futuris
1177 4438 1380 4495 divinis
1420 4438 1766 4509 dogmatibus
1798 4436 2123 4508 pertinebat.

2234 3265 2337 3311 est.
2387 3256 2593 3313 Deinde
2646 3260 2917 3328 quomodo
2970 3270 3095 3331 post
3143 3261 3511 3316 reclusionem
3565 3260 3797 3332 judicat?

2232 3348 2565 3405 Admiranda
2587 3362 2671 3406 est
2696 3352 2983 3418 districtio,
3027 3368 3189 3423 quam
3216 3364 3405 3410 contra
3457 3370 3555 3410 eos
3584 3353 3669 3422 qui
3708 3353 3791 3406 itu-

2232 3439 2320 3509 pie
2357 3440 2413 3494 in
2464 3440 2809 3511 dogmatibus
2861 3452 3048 3513 agunt,
3102 3454 3303 3499 servat.
3342 3444 3399 3499 Si
3430 3460 3543 3499 non
3589 3446 3793 3500 creverit

2232 3532 2463 3599 macula,
2485 3532 2738 3589 videlicet
2761 3535 3033 3604 impietas,
3054 3545 3111 3592 et
3135 3536 3366 3606 capillus
3391 3538 3478 3592 sui
3498 3539 3686 3594 coloris
3704 3547 3787 3599 est,

2231 3622 2286 3677 id
2320 3633 2423 3689 est,
2453 3639 2558 3679 nec
2576 3626 2805 3695 capillus
2835 3626 3007 3684 ﬂavus
3030 3628 3085 3683 in
3110 3644 3174 3683 ea
3200 3638 3306 3695 est,
3335 3645 3464 3684 cum
3493 3646 3603 3685 non
3642 3631 3789 3701 possit

2231 3714 2487 3785 cogitatio
2552 3726 2777 3786 propter
2830 3719 3257 3789 negotiationem
3312 3719 3593 3791 cognosci,
3635 3728 3787 3773 utrum

2231 3815 2444 3876 sponte,
2472 3819 2566 3861 aut
2596 3809 2796 3864 invitus
2821 3810 2987 3879 impie
3007 3811 3198 3882 egerit,
3236 3812 3546 3883 tuncjubet
3576 3811 3683 3866 radi
3707 3812 3786 3863 ho-

2231 3897 2432 3950 minem
2460 3898 2669 3967 absque
2695 3900 2814 3955 loco
2845 3901 3091 3958 macula.
3123 3903 3324 3973 Aperte
3353 3918 3488 3975 ergo
3535 3902 3653 3957 talia
3688 3900 3783 3955 radi

2230 3990 2489 4059 praecepit
2512 3991 2697 4056 verba,
2724 4000 2779 4047 et
2811 3993 3083 4063 castigari,
3109 3994 3155 4048 si
3202 3994 3484 4057 forsanex
3522 3995 3604 4049 eis
3657 4008 3782 4047 com-

2230 4080 2492 4149 prehendi
2518 4081 2713 4151 possit,
2747 4092 2927 4136 utrum
2955 4098 3053 4153 per
3081 4084 3493 4153 subreptionem
3519 4085 3653 4139 sicut
3675 4096 3781 4135 eve-

2230 4172 2348 4226 nire
2379 4173 2693 4243 frequenter
2743 4175 2901 4240 solet,
2942 4189 3014 4229 an
3061 4176 3325 4230 malevole
3360 4177 3427 4229 de
3470 4177 3581 4230 Deo
3638 4172 3777 4240 impia

2228 4260 2296 4315 sit
2330 4261 2560 4317 locutus.
2595 4262 2807 4318 Vulnus
2833 4273 3014 4319 autem
3058 4266 3338 4335 antiquum
3390 4281 3503 4319 non
3550 4261 3781 4335 praecepit

2228 4350 2365 4415 radi,
2401 4351 2527 4420 quia
2550 4355 2775 4406 verbum
2828 4357 2887 4406 in
2914 4368 3023 4423 quo
3062 4353 3415 4423 delinquitur,
3456 4353 3666 4424 quando
3707 4365 3777 4405 se-

2228 4442 2333 4496 mel
2359 4443 2448 4511 qui
2471 4444 2713 4512 peccavit
2739 4444 3041 4516 negaverit,
3075 4446 3360 4513 dijudicari
3380 4446 3494 4517 jam
3521 4462 3623 4501 non
3643 4457 3779 4513 Opor-

543 4527 778 4586 Omnino
824 4547 952 4605 ergo
989 4540 1367 4603 competenter
1412 4530 1684 4602 loquitur,
1725 4529 1963 4601 primum
2002 4528 2123 4599 qui-
2153 4543 2202 4602 ι)
2229 4542 2323 4590 tet.
2351 4537 2485 4603 Quis
2509 4539 2655 4593 enim
2678 4554 2829 4594 reum
2852 4540 3103 4595 videlicet
3132 4542 3358 4610 peccati,
3391 4556 3519 4597 eum
3541 4541 3626 4612 qui
3654 4534 3775 4609 quod

542 4620 665 4677 dem
696 4622 1051 4680 districtionis
1079 4624 1225 4689 vita,
1257 4622 1458 4679 deinde
1492 4636 1683 4678 eorum
1721 4637 1843 4693 qua
1881 4622 1949 4676 ad
1992 4622 2126 4690 dog-
2226 4629 2517 4685 confessus
2540 4640 2623 4686 est
2644 4630 2850 4703 lingua,
2881 4633 3159 4688 voluntate
3195 4648 3255 4688 se
3284 4634 3576 4704 protulisse
3621 4638 3773 4701 negat.

541 4730 630 4770 ma
660 4716 938 4786 pertinent
973 4716 1294 4788 diligentem
1329 4731 1516 4770 curam
1556 4730 1769 4785 gerens.
1802 4714 1997 4786 Legem
2031 4732 2129 4769 au-

542 4816 652 4862 tem
682 4809 854 4879 ponit,
877 4824 988 4864 non
1011 4809 1124 4880 jam
1184 4808 1495 4879 specialiter
1547 4807 1752 4862 homini
1800 4806 1983 4871 alicui,
2030 4806 2124 4860 scd

540 4900 671 4968 quid
701 4901 777 4955 ait
806 4902 829 4956 ?

619 4991 705 5047 Vir
738 4993 844 5046 sive
901 4993 1108 5047 mulier.
1139 4992 1489 5062 Distinguens
1529 4990 1743 5062 planius
1791 4987 1920 5059 quid
1962 5003 2124 5058 opor-

539 5091 655 5138 teat
695 5083 922 5155 intelligi
954 5084 1253 5140 hominem.
1319 5083 1430 5139 Cur
1468 5093 1650 5138 autem
1710 5082 1814 5137 hac
1860 5081 2123 5152 explana-

541 5173 690 5226 tione
725 5172 782 5227 in
812 5171 917 5227 hoc
955 5173 1146 5243 eguit?
1184 5173 1257 5230 Ut
1292 5173 1545 5228 videlicet
1599 5189 1710 5226 non
1748 5172 2124 5243 ignosceretur

540 5263 778 5331 mulieri,
815 5278 941 5319 cum
968 5265 1184 5321 inﬁrma
1229 5275 1476 5337 putatur,
1516 5282 1637 5335 qua
1678 5274 1866 5335 peccat
1901 5264 1953 5317 in
1992 5264 2124 5333 dog-

540 5362 705 5408 mate.
745 5355 863 5409 Hoc
903 5370 1033 5427 ergo
1083 5368 1365 5427 peccatum
1412 5358 1614 5427 lepram
1660 5356 1713 5409 in
1749 5355 1948 5425 capite,
1984 5363 2036 5408 et
2069 5354 2124 5407 in

538 5445 709 5501 barba
738 5456 1028 5517 propterea
1061 5450 1317 5520 appellat,
1346 5448 1474 5518 quia
1498 5448 1614 5502 hac
1647 5457 1775 5503 sunt
1801 5448 2121 5519 pretiosiora

538 5543 712 5599 nostri
747 5543 1010 5615 corporis,
1044 5554 1099 5599 et
1121 5560 1187 5612 ex
1222 5544 1327 5599 hoc
1347 5540 1607 5604 ostendit,
1634 5556 1743 5595 non
1776 5540 1921 5596 circa
1969 5557 2119 5611 qua-

537 5633 671 5689 libet
693 5634 1027 5706 impietatem
1050 5636 1361 5707 dogmatum
1386 5630 1692 5702 provenire,
1714 5630 1805 5685 sed
1826 5647 1947 5703 erga
1969 5632 2120 5687 valde

612 5838 674 5873 ιδ·
709 5840 813 5895 lsa.
856 5854 1012 5905 xxvi,
1054 5838 1141 5893 H.
1220 5838 1262 5869 “
1298 5835 1464 5894 Hebr.
1492 5854 1568 5905 γι,
1600 5839 1652 5906 7,
1677 5838 1729 5894 8.

2230 4719 2459 4787 Quando
2480 4730 2662 4777 autem
2691 4723 2759 4777 de
2796 4740 2863 4778 eo
2896 4725 2974 4779 sic
2998 4724 3273 4794 judicans,
3298 4740 3408 4780 non
3444 4725 3773 4796 comprehen-

2229 4812 2371 4867 derit
2399 4813 2637 4869 crevisse
2663 4814 2951 4880 maculam,
2984 4831 3087 4871 nec
3127 4816 3401 4871 dilatatam
3437 4817 3494 4872 in
3527 4832 3589 4872 eo
3641 4815 3770 4870 vide-

2230 4903 2301 4956 rit
2368 4904 2702 4974 impietatem
2742 4922 2757 4959 :
2798 4907 3055 4976 quoniam
3104 4908 3521 4978 blasphemans,
3578 4907 3770 4963 omnino

2229 4993 2422 5060 polluit
2452 4994 2642 5049 stolam
2683 4995 3043 5065 baptismatis,
3076 5006 3225 5051 recte
3247 5013 3370 5052 eum
3417 4996 3663 5067 pracepit
3691 5008 3771 5062 per

2227 5085 2597 5153 poenitentiam
2646 5085 2827 5142 lavare
2871 5088 3232 5152 vestimenta,
3296 5098 3351 5142 et
3396 5098 3524 5142 tunc
3564 5085 3769 5143 mundus

2224 5178 2369 5233 erit:
2427 5177 2552 5247 quia
2597 5178 2776 5233 omnis
2805 5179 3057 5249 impietas
3085 5195 3182 5250 per
3229 5181 3486 5237 mundam
3529 5180 3769 5252 preniten-

2225 5270 2355 5324 tiam
2386 5270 2699 5324 inundatur.
2730 5272 3114 5328 Verumtamen
3147 5272 3233 5327 hic
3266 5274 3309 5328 si
3341 5275 3601 5345 praedicto
3629 5284 3766 5326 mun—

2227 5363 2385 5417 datus
2412 5365 2593 5430 modo,
2619 5364 2784 5434 impia
2808 5379 2997 5419 rursus
3013 5363 3230 5419 locutus
3262 5364 3456 5430 fuerit,
3483 5380 3587 5419 non
3623 5358 3766 5428 inspi-

2229 5454 2336 5509 ciet
2374 5455 2626 5511 sacerdos
2654 5455 2721 5510 de
2769 5456 2881 5525 pilo
2925 5454 3084 5522 ﬂavo,
3118 5471 3229 5511 non
3278 5457 3551 5526 quaritur,
3594 5450 3763 5522 inquit.

2228 5560 2336 5613 quo
2358 5545 2540 5601 animo
2567 5546 2730 5615 impia
2760 5546 2972 5601 locutus
2998 5546 3088 5612 sit,
3127 5546 3221 5601 sed
3249 5546 3373 5615 quia
3402 5549 3455 5601 in
3486 5562 3546 5601 ea
3576 5545 3638 5600 de
3662 5538 3762 5609 qui-

2229 5633 2332 5687 bus
2365 5634 2639 5703 poenituit,
2692 5636 2907 5702 recidit,
2944 5635 3282 5691 immundum
3326 5651 3451 5691 eum
3492 5642 3626 5690 recte
3664 5640 3764 5683 esse

1828 5836 1870 5869 "
1896 5836 2036 5892 Psal.
2070 5851 2268 5901 cxxxtt,
2313 5837 2361 5903 l,
2393 5835 2446 5889 2.
