  <div class='ocr_page' id='page_1' title='image "/cluster/home/n/w/nwhite01/storage/ocr_20150623/93/hvd.32044019208040/480.png"; bbox 0 0 4046 6410; ppageno 0'>
   <div class='ocr_carea' id='block_1_1' title="bbox 187 429 304 494">
    <p class='ocr_par' dir='ltr' id='par_1_1' title="bbox 187 429 304 494">
     <span class='ocr_line' id='line_1_1' title="bbox 187 429 304 494; baseline 0.026 -4"><span class='ocrx_word' id='word_1_1' title='bbox 187 429 304 494; x_wconf 68' lang='grc'><strong>945</strong></span> 
     </span>
    </p>
   </div>
   <div class='ocr_carea' id='block_1_2' title="bbox 1327 430 2301 495">
    <p class='ocr_par' dir='ltr' id='par_1_2' title="bbox 1327 430 2301 495">
     <span class='ocr_line' id='line_1_2' title="bbox 1327 430 2301 495; baseline 0.005 -5"><span class='ocrx_word' id='word_1_2' title='bbox 1327 430 1408 490; x_wconf 92' lang='grc' dir='ltr'>ΙΝ</span> <span class='ocrx_word' id='word_1_3' title='bbox 1446 430 1879 493; x_wconf 80' lang='lat' dir='ltr'><strong>LEVITICUM.</strong></span> <span class='ocrx_word' id='word_1_4' title='bbox 1911 456 1979 467; x_wconf 88' lang='grc'><strong>·-</strong></span> <span class='ocrx_word' id='word_1_5' title='bbox 2017 433 2162 493; x_wconf 90' lang='lat' dir='ltr'><strong>LIB.</strong></span> <span class='ocrx_word' id='word_1_6' title='bbox 2206 435 2301 495; x_wconf 79' lang='grc' dir='ltr'><strong>ιν.</strong></span> 
     </span>
    </p>
   </div>
   <div class='ocr_carea' id='block_1_3' title="bbox 3348 428 3454 491">
    <p class='ocr_par' dir='ltr' id='par_1_3' title="bbox 3348 428 3454 491">
     <span class='ocr_line' id='line_1_3' title="bbox 3348 428 3454 491; baseline -0.038 -1"><span class='ocrx_word' id='word_1_7' title='bbox 3348 428 3454 491; x_wconf 63' lang='grc'>916</span> 
     </span>
    </p>
   </div>
   <div class='ocr_carea' id='block_1_4' title="bbox 178 537 3452 615">
    <p class='ocr_par' dir='ltr' id='par_1_4' title="bbox 178 537 3452 615">
     <span class='ocr_line' id='line_1_4' title="bbox 178 537 3452 615; baseline -0.001 -18"><span class='ocrx_word' id='word_1_8' title='bbox 178 540 421 612; x_wconf 76' lang='lat' dir='ltr'><strong>iudicat.</strong></span> <span class='ocrx_word' id='word_1_9' title='bbox 441 537 496 595; x_wconf 89' lang='lat' dir='ltr'><strong>Si</strong></span> <span class='ocrx_word' id='word_1_10' title='bbox 543 555 651 596; x_wconf 90' lang='lat' dir='ltr'><strong>non</strong></span> <span class='ocrx_word' id='word_1_11' title='bbox 682 541 913 612; x_wconf 83' lang='lat' dir='ltr'><strong>capillus</strong></span> <span class='ocrx_word' id='word_1_12' title='bbox 950 541 1104 613; x_wconf 84' lang='lat' dir='ltr'><strong>niger</strong></span> <span class='ocrx_word' id='word_1_13' title='bbox 1136 541 1317 608; x_wconf 82' lang='lat' dir='ltr'><strong>fuerit,</strong></span> <span class='ocrx_word' id='word_1_14' title='bbox 1342 542 1393 597; x_wconf 89' lang='lat' dir='ltr'><strong>id</strong></span> <span class='ocrx_word' id='word_1_15' title='bbox 1426 554 1527 605; x_wconf 87' lang='lat' dir='ltr'><strong>est,</strong></span> <span class='ocrx_word' id='word_1_16' title='bbox 1562 544 1607 599; x_wconf 89' lang='lat' dir='ltr'><strong>si</strong></span> <span class='ocrx_word' id='word_1_17' title='bbox 1656 558 1764 599; x_wconf 90' lang='lat' dir='ltr'><strong>non</strong></span> <span class='ocrx_word' id='word_1_18' title='bbox 1794 546 1842 604; x_wconf 69' lang='grc' dir='ltr'>Α</span> <span class='ocrx_word' id='word_1_19' title='bbox 1937 542 2417 599; x_wconf 85' lang='lat' dir='ltr'><strong>Reminiscendum</strong></span> <span class='ocrx_word' id='word_1_20' title='bbox 2472 552 2576 611; x_wconf 89' lang='lat' dir='ltr'><strong>est,</strong></span> <span class='ocrx_word' id='word_1_21' title='bbox 2611 545 2734 615; x_wconf 87' lang='lat' dir='ltr'><strong>quia</strong></span> <span class='ocrx_word' id='word_1_22' title='bbox 2766 543 2989 614; x_wconf 81' lang='lat' dir='ltr'><strong>capillos</strong></span> <span class='ocrx_word' id='word_1_23' title='bbox 3022 556 3122 612; x_wconf 91' lang='lat' dir='ltr'><strong>pro</strong></span> <span class='ocrx_word' id='word_1_24' title='bbox 3165 540 3452 611; x_wconf 82' lang='lat' dir='ltr'><strong>cogitatio-</strong></span> 
     </span>
    </p>
   </div>
   <div class='ocr_carea' id='block_1_5' title="bbox 180 631 1767 703">
    <p class='ocr_par' dir='ltr' id='par_1_5' title="bbox 180 631 1767 703">
     <span class='ocr_line' id='line_1_5' title="bbox 180 631 1767 703; baseline 0.002 -18"><span class='ocrx_word' id='word_1_25' title='bbox 180 632 383 702; x_wconf 84' lang='lat' dir='ltr'><strong>lugens</strong></span> <span class='ocrx_word' id='word_1_26' title='bbox 408 633 728 703; x_wconf 69' lang='lat' dir='ltr'><strong>apparuerit</strong></span> <span class='ocrx_word' id='word_1_27' title='bbox 756 631 1090 703; x_wconf 80' lang='lat' dir='ltr'><strong>impietatem</strong></span> <span class='ocrx_word' id='word_1_28' title='bbox 1115 651 1128 686; x_wconf 89' lang='lat'><strong>:</strong></span> <span class='ocrx_word' id='word_1_29' title='bbox 1154 633 1342 703; x_wconf 90' lang='lat' dir='ltr'><strong>lugens</strong></span> <span class='ocrx_word' id='word_1_30' title='bbox 1373 648 1503 688; x_wconf 91' lang='lat' dir='ltr'><strong>vero</strong></span> <span class='ocrx_word' id='word_1_31' title='bbox 1538 650 1646 688; x_wconf 92' lang='lat' dir='ltr'><strong>non</strong></span> <span class='ocrx_word' id='word_1_32' title='bbox 1676 648 1767 688; x_wconf 90' lang='lat' dir='ltr'><strong>so-</strong></span> 
     </span>
    </p>
   </div>
   <div class='ocr_carea' id='block_1_6' title="bbox 180 723 1766 795">
    <p class='ocr_par' dir='ltr' id='par_1_6' title="bbox 180 723 1766 795">
     <span class='ocr_line' id='line_1_6' title="bbox 180 723 1766 795; baseline 0.001 -18"><span class='ocrx_word' id='word_1_33' title='bbox 180 724 296 778; x_wconf 92' lang='lat' dir='ltr'><strong>lum</strong></span> <span class='ocrx_word' id='word_1_34' title='bbox 331 723 533 790; x_wconf 89' lang='lat' dir='ltr'><strong>habitu,</strong></span> <span class='ocrx_word' id='word_1_35' title='bbox 563 725 657 779; x_wconf 92' lang='lat' dir='ltr'><strong>sed</strong></span> <span class='ocrx_word' id='word_1_36' title='bbox 679 732 733 779; x_wconf 91' lang='lat' dir='ltr'><strong>et</strong></span> <span class='ocrx_word' id='word_1_37' title='bbox 751 723 934 779; x_wconf 89' lang='lat' dir='ltr'><strong>animo</strong></span> <span class='ocrx_word' id='word_1_38' title='bbox 989 733 1044 778; x_wconf 86' lang='lat' dir='ltr'><strong>et</strong></span> <span class='ocrx_word' id='word_1_39' title='bbox 1070 724 1521 795; x_wconf 88' lang='lat' dir='ltr'><strong>cogitationibus:</strong></span> <span class='ocrx_word' id='word_1_40' title='bbox 1552 725 1766 794; x_wconf 90' lang='lat' dir='ltr'><strong>nigrum</strong></span> 
     </span>
    </p>
   </div>
   <div class='ocr_carea' id='block_1_7' title="bbox 179 815 1765 885">
    <p class='ocr_par' dir='ltr' id='par_1_7' title="bbox 179 815 1765 885">
     <span class='ocr_line' id='line_1_7' title="bbox 179 815 1765 885; baseline 0.001 -17"><span class='ocrx_word' id='word_1_41' title='bbox 179 830 421 884; x_wconf 82' lang='lat' dir='ltr'><strong>namque</strong></span> <span class='ocrx_word' id='word_1_42' title='bbox 453 829 678 870; x_wconf 89' lang='lat' dir='ltr'><strong>manere</strong></span> <span class='ocrx_word' id='word_1_43' title='bbox 723 815 1021 885; x_wconf 81' lang='lat' dir='ltr'><strong>lugentium</strong></span> <span class='ocrx_word' id='word_1_44' title='bbox 1052 826 1134 871; x_wconf 91' lang='lat' dir='ltr'><strong>est</strong></span> <span class='ocrx_word' id='word_1_45' title='bbox 1172 817 1469 885; x_wconf 90' lang='lat' dir='ltr'><strong>proprium.</strong></span> <span class='ocrx_word' id='word_1_46' title='bbox 1501 816 1765 882; x_wconf 84' lang='lat' dir='ltr'><strong>Quoniam</strong></span> 
     </span>
    </p>
   </div>
   <div class='ocr_carea' id='block_1_8' title="bbox 179 904 1761 977">
    <p class='ocr_par' dir='ltr' id='par_1_8' title="bbox 179 904 1761 977">
     <span class='ocr_line' id='line_1_8' title="bbox 179 904 1761 977; baseline 0.004 -22"><span class='ocrx_word' id='word_1_47' title='bbox 179 912 370 958; x_wconf 88' lang='lat' dir='ltr'><strong>autem</strong></span> <span class='ocrx_word' id='word_1_48' title='bbox 396 904 708 959; x_wconf 87' lang='lat' dir='ltr'><strong>interiorem</strong></span> <span class='ocrx_word' id='word_1_49' title='bbox 727 905 1003 960; x_wconf 89' lang='lat' dir='ltr'><strong>hominem</strong></span> <span class='ocrx_word' id='word_1_50' title='bbox 1022 915 1236 976; x_wconf 82' lang='lat' dir='ltr'><strong>oportet</strong></span> <span class='ocrx_word' id='word_1_51' title='bbox 1256 908 1437 977; x_wconf 90' lang='lat' dir='ltr'><strong>lugere</strong></span> <span class='ocrx_word' id='word_1_52' title='bbox 1468 907 1761 977; x_wconf 87' lang='lat' dir='ltr'><strong>peccantis,</strong></span> 
     </span>
    </p>
   </div>
   <div class='ocr_carea' id='block_1_9' title="bbox 178 995 1763 1067">
    <p class='ocr_par' dir='ltr' id='par_1_9' title="bbox 178 995 1763 1067">
     <span class='ocr_line' id='line_1_9' title="bbox 178 995 1763 1067; baseline 0.002 -20"><span class='ocrx_word' id='word_1_53' title='bbox 178 1010 348 1063; x_wconf 91' lang='lat' dir='ltr'><strong>quem</strong></span> <span class='ocrx_word' id='word_1_54' title='bbox 367 995 725 1066; x_wconf 81' lang='lat' dir='ltr'><strong>cogitationes</strong></span> <span class='ocrx_word' id='word_1_55' title='bbox 746 1005 1069 1067; x_wconf 87' lang='lat' dir='ltr'><strong>contegunt,</strong></span> <span class='ocrx_word' id='word_1_56' title='bbox 1091 1008 1237 1053; x_wconf 90' lang='lat' dir='ltr'><strong>recte</strong></span> <span class='ocrx_word' id='word_1_57' title='bbox 1254 998 1372 1066; x_wconf 86' lang='lat' dir='ltr'><strong>ejus</strong></span> <span class='ocrx_word' id='word_1_58' title='bbox 1390 998 1763 1067; x_wconf 84' lang='lat' dir='ltr'><strong>paenitentiam</strong></span> 
     </span>
    </p>
   </div>
   <div class='ocr_carea' id='block_1_10' title="bbox 177 1086 1763 1159">
    <p class='ocr_par' dir='ltr' id='par_1_10' title="bbox 177 1086 1763 1159">
     <span class='ocr_line' id='line_1_10' title="bbox 177 1086 1763 1159; baseline 0.001 -20"><span class='ocrx_word' id='word_1_59' title='bbox 177 1100 280 1154; x_wconf 86' lang='lat' dir='ltr'><strong>per</strong></span> <span class='ocrx_word' id='word_1_60' title='bbox 310 1086 477 1156; x_wconf 90' lang='lat' dir='ltr'><strong>pilum</strong></span> <span class='ocrx_word' id='word_1_61' title='bbox 505 1088 718 1159; x_wconf 89' lang='lat' dir='ltr'><strong>nigrum</strong></span> <span class='ocrx_word' id='word_1_62' title='bbox 740 1087 1079 1159; x_wconf 84' lang='lat' dir='ltr'><strong>signiﬁcavit.</strong></span> <span class='ocrx_word' id='word_1_63' title='bbox 1111 1088 1336 1157; x_wconf 81' lang='lat' dir='ltr'><strong>Propter</strong></span> <span class='ocrx_word' id='word_1_64' title='bbox 1357 1088 1495 1155; x_wconf 86' lang='lat' dir='ltr'><strong>quod</strong></span> <span class='ocrx_word' id='word_1_65' title='bbox 1530 1087 1763 1142; x_wconf 76' lang='lat' dir='ltr'><strong>Ecclesia</strong></span> 
     </span>
    </p>
   </div>
   <div class='ocr_carea' id='block_1_11' title="bbox 178 1176 1763 1250">
    <p class='ocr_par' dir='ltr' id='par_1_11' title="bbox 178 1176 1763 1250">
     <span class='ocr_line' id='line_1_11' title="bbox 178 1176 1763 1250; baseline 0 -18"><span class='ocrx_word' id='word_1_66' title='bbox 178 1177 274 1232; x_wconf 85' lang='lat' dir='ltr'><strong>Dei</strong></span> <span class='ocrx_word' id='word_1_67' title='bbox 306 1176 591 1233; x_wconf 84' lang='lat' dir='ltr'><strong>servitium</strong></span> <span class='ocrx_word' id='word_1_68' title='bbox 628 1179 859 1250; x_wconf 80' lang='lat' dir='ltr'><strong>diligens</strong></span> <span class='ocrx_word' id='word_1_69' title='bbox 888 1179 942 1233; x_wconf 88' lang='lat' dir='ltr'><strong>in</strong></span> <span class='ocrx_word' id='word_1_70' title='bbox 981 1179 1228 1234; x_wconf 88' lang='lat' dir='ltr'><strong>luctuosa</strong></span> <span class='ocrx_word' id='word_1_71' title='bbox 1256 1179 1391 1232; x_wconf 80' lang='lat' dir='ltr'><strong>stola</strong></span> <span class='ocrx_word' id='word_1_72' title='bbox 1430 1177 1763 1247; x_wconf 76' lang='lat' dir='ltr'><strong>pmttitentizc</strong></span> 
     </span>
    </p>
   </div>
   <div class='ocr_carea' id='block_1_12' title="bbox 174 1266 1763 1336">
    <p class='ocr_par' dir='ltr' id='par_1_12' title="bbox 174 1266 1763 1336">
     <span class='ocr_line' id='line_1_12' title="bbox 174 1266 1763 1336; baseline -0.001 -15"><span class='ocrx_word' id='word_1_73' title='bbox 174 1266 472 1323; x_wconf 87' lang='lat' dir='ltr'><strong>decoratur</strong></span> <span class='ocrx_word' id='word_1_74' title='bbox 496 1285 508 1320; x_wconf 91' lang='lat'><strong>:</strong></span> <span class='ocrx_word' id='word_1_75' title='bbox 535 1276 590 1321; x_wconf 91' lang='lat' dir='ltr'><strong>et</strong></span> <span class='ocrx_word' id='word_1_76' title='bbox 620 1266 743 1323; x_wconf 91' lang='lat' dir='ltr'><strong>ideo</strong></span> <span class='ocrx_word' id='word_1_77' title='bbox 772 1266 1066 1321; x_wconf 80' lang='lat' dir='ltr'><strong>formosam</strong></span> <span class='ocrx_word' id='word_1_78' title='bbox 1090 1282 1169 1331; x_wconf 91' lang='lat' dir='ltr'><strong>se,</strong></span> <span class='ocrx_word' id='word_1_79' title='bbox 1196 1267 1318 1336; x_wconf 90' lang='lat' dir='ltr'><strong>quia</strong></span> <span class='ocrx_word' id='word_1_80' title='bbox 1360 1267 1511 1336; x_wconf 90' lang='lat' dir='ltr'><strong>nigra</strong></span> <span class='ocrx_word' id='word_1_81' title='bbox 1551 1274 1653 1330; x_wconf 89' lang='lat' dir='ltr'><strong>est,</strong></span> <span class='ocrx_word' id='word_1_82' title='bbox 1677 1267 1763 1320; x_wconf 84' lang='lat' dir='ltr'><strong>di-</strong></span> 
     </span>
    </p>
   </div>
   <div class='ocr_carea' id='block_1_13' title="bbox 174 1358 1762 1430">
    <p class='ocr_par' dir='ltr' id='par_1_13' title="bbox 174 1358 1762 1430">
     <span class='ocr_line' id='line_1_13' title="bbox 174 1358 1762 1430; baseline -0.001 -16"><span class='ocrx_word' id='word_1_83' title='bbox 174 1359 270 1421; x_wconf 85' lang='lat' dir='ltr'><strong>cit,</strong></span> <span class='ocrx_word' id='word_1_84' title='bbox 300 1359 444 1415; x_wconf 89' lang='lat' dir='ltr'><strong>sicut</strong></span> <span class='ocrx_word' id='word_1_85' title='bbox 485 1359 718 1429; x_wconf 76' lang='lat' dir='ltr'><strong>legitur:</strong></span> <span class='ocrx_word' id='word_1_86' title='bbox 753 1358 924 1430; x_wconf 88' lang='lat' dir='ltr'><strong>Nigra</strong></span> <span class='ocrx_word' id='word_1_87' title='bbox 952 1376 1090 1423; x_wconf 89' lang='lat' dir='ltr'><strong>sum,</strong></span> <span class='ocrx_word' id='word_1_88' title='bbox 1124 1359 1215 1414; x_wconf 83' lang='lat' dir='ltr'><strong>sed</strong></span> <span class='ocrx_word' id='word_1_89' title='bbox 1263 1361 1493 1430; x_wconf 75' lang='lat' dir='ltr'><strong>formosa</strong></span> <span class='ocrx_word' id='word_1_90' title='bbox 1522 1360 1635 1427; x_wconf 78' lang='lat' dir='ltr'><strong>ﬁlia</strong></span> <span class='ocrx_word' id='word_1_91' title='bbox 1674 1358 1762 1412; x_wconf 81' lang='lat' dir='ltr'><strong>Je-</strong></span> 
     </span>
    </p>
   </div>
   <div class='ocr_carea' id='block_1_14' title="bbox 177 1449 1761 1520">
    <p class='ocr_par' dir='ltr' id='par_1_14' title="bbox 177 1449 1761 1520">
     <span class='ocr_line' id='line_1_14' title="bbox 177 1449 1761 1520; baseline 0 -19"><span class='ocrx_word' id='word_1_92' title='bbox 177 1449 411 1503; x_wconf 83' lang='lat' dir='ltr'><strong>rusalem</strong></span> <span class='ocrx_word' id='word_1_93' title='bbox 446 1450 523 1514; x_wconf 81' lang='lat'><strong>&quot;;</strong></span> <span class='ocrx_word' id='word_1_94' title='bbox 556 1449 610 1504; x_wconf 88' lang='lat' dir='ltr'><strong>id</strong></span> <span class='ocrx_word' id='word_1_95' title='bbox 638 1458 740 1515; x_wconf 88' lang='lat' dir='ltr'><strong>est,</strong></span> <span class='ocrx_word' id='word_1_96' title='bbox 770 1451 895 1519; x_wconf 86' lang='lat' dir='ltr'><strong>quia</strong></span> <span class='ocrx_word' id='word_1_97' title='bbox 935 1450 991 1505; x_wconf 92' lang='lat' dir='ltr'><strong>in</strong></span> <span class='ocrx_word' id='word_1_98' title='bbox 1022 1449 1339 1520; x_wconf 62' lang='lat' dir='ltr'><strong>paenitendo</strong></span> <span class='ocrx_word' id='word_1_99' title='bbox 1360 1449 1496 1504; x_wconf 87' lang='lat' dir='ltr'><strong>stola</strong></span> <span class='ocrx_word' id='word_1_100' title='bbox 1526 1464 1644 1504; x_wconf 92' lang='lat' dir='ltr'><strong>sum</strong></span> <span class='ocrx_word' id='word_1_101' title='bbox 1676 1449 1761 1501; x_wconf 85' lang='lat' dir='ltr'><strong>lu-</strong></span> 
     </span>
    </p>
   </div>
   <div class='ocr_carea' id='block_1_15' title="bbox 175 1540 1760 1613">
    <p class='ocr_par' dir='ltr' id='par_1_15' title="bbox 175 1540 1760 1613">
     <span class='ocr_line' id='line_1_15' title="bbox 175 1540 1760 1613; baseline -0.001 -17"><span class='ocrx_word' id='word_1_102' title='bbox 175 1551 297 1596; x_wconf 78' lang='lat' dir='ltr'><strong>(tus</strong></span> <span class='ocrx_word' id='word_1_103' title='bbox 327 1541 537 1596; x_wconf 88' lang='lat' dir='ltr'><strong>induta.</strong></span> <span class='ocrx_word' id='word_1_104' title='bbox 562 1540 653 1597; x_wconf 91' lang='lat' dir='ltr'><strong>Sic</strong></span> <span class='ocrx_word' id='word_1_105' title='bbox 679 1557 809 1613; x_wconf 90' lang='lat' dir='ltr'><strong>ergo</strong></span> <span class='ocrx_word' id='word_1_106' title='bbox 834 1557 959 1597; x_wconf 90' lang='lat' dir='ltr'><strong>eum</strong></span> <span class='ocrx_word' id='word_1_107' title='bbox 985 1542 1076 1612; x_wconf 85' lang='lat' dir='ltr'><strong>qui</strong></span> <span class='ocrx_word' id='word_1_108' title='bbox 1118 1540 1495 1612; x_wconf 77' lang='lat' dir='ltr'><strong>paenitentiam</strong></span> <span class='ocrx_word' id='word_1_109' title='bbox 1535 1541 1644 1612; x_wconf 88' lang='lat' dir='ltr'><strong>agit</strong></span> <span class='ocrx_word' id='word_1_110' title='bbox 1673 1555 1760 1595; x_wconf 89' lang='lat' dir='ltr'><strong>sa-</strong></span> 
     </span>
    </p>
   </div>
   <div class='ocr_carea' id='block_1_16' title="bbox 175 1635 1756 1707">
    <p class='ocr_par' dir='ltr' id='par_1_16' title="bbox 175 1635 1756 1707">
     <span class='ocr_line' id='line_1_16' title="bbox 175 1635 1756 1707; baseline 0.001 -20"><span class='ocrx_word' id='word_1_111' title='bbox 175 1635 370 1690; x_wconf 89' lang='lat' dir='ltr'><strong>cerdos</strong></span> <span class='ocrx_word' id='word_1_112' title='bbox 396 1636 642 1703; x_wconf 91' lang='lat' dir='ltr'><strong>mundat,</strong></span> <span class='ocrx_word' id='word_1_113' title='bbox 668 1638 882 1707; x_wconf 88' lang='lat' dir='ltr'><strong>quoties</strong></span> <span class='ocrx_word' id='word_1_114' title='bbox 911 1637 961 1692; x_wconf 93' lang='lat' dir='ltr'><strong>ei</strong></span> <span class='ocrx_word' id='word_1_115' title='bbox 1003 1638 1107 1692; x_wconf 92' lang='lat' dir='ltr'><strong>hoc</strong></span> <span class='ocrx_word' id='word_1_116' title='bbox 1139 1636 1361 1692; x_wconf 81' lang='lat' dir='ltr'><strong>evenire</strong></span> <span class='ocrx_word' id='word_1_117' title='bbox 1390 1636 1756 1705; x_wconf 78' lang='lat' dir='ltr'><strong>conspexerit.</strong></span> 
     </span>
    </p>
   </div>
   <div class='ocr_carea' id='block_1_17' title="bbox 175 1724 1753 1799">
    <p class='ocr_par' dir='ltr' id='par_1_17' title="bbox 175 1724 1753 1799">
     <span class='ocr_line' id='line_1_17' title="bbox 175 1724 1753 1799; baseline 0.002 -21"><span class='ocrx_word' id='word_1_118' title='bbox 175 1724 280 1781; x_wconf 82' lang='lat' dir='ltr'><strong>Sed</strong></span> <span class='ocrx_word' id='word_1_119' title='bbox 332 1727 668 1783; x_wconf 82' lang='lat' dir='ltr'><strong>snilicieuter</strong></span> <span class='ocrx_word' id='word_1_120' title='bbox 707 1730 892 1787; x_wconf 88' lang='lat' dir='ltr'><strong>dehis</strong></span> <span class='ocrx_word' id='word_1_121' title='bbox 942 1745 1063 1799; x_wconf 60' lang='lat' dir='ltr'><strong>quae</strong></span> <span class='ocrx_word' id='word_1_122' title='bbox 1107 1729 1161 1783; x_wconf 92' lang='lat' dir='ltr'><strong>in</strong></span> <span class='ocrx_word' id='word_1_123' title='bbox 1186 1727 1297 1784; x_wconf 92' lang='lat' dir='ltr'><strong>Deo</strong></span> <span class='ocrx_word' id='word_1_124' title='bbox 1321 1728 1753 1792; x_wconf 89' lang='lat' dir='ltr'><strong>committuntur,</strong></span> 
     </span>
    </p>
   </div>
   <div class='ocr_carea' id='block_1_18' title="bbox 175 1819 1750 1891">
    <p class='ocr_par' dir='ltr' id='par_1_18' title="bbox 175 1819 1750 1891">
     <span class='ocr_line' id='line_1_18' title="bbox 175 1819 1750 1891; baseline 0.002 -20"><span class='ocrx_word' id='word_1_125' title='bbox 175 1819 564 1888; x_wconf 87' lang='lat' dir='ltr'><strong>impietatibus,</strong></span> <span class='ocrx_word' id='word_1_126' title='bbox 592 1831 701 1876; x_wconf 90' lang='lat' dir='ltr'><strong>tam</strong></span> <span class='ocrx_word' id='word_1_127' title='bbox 728 1838 795 1877; x_wconf 82' lang='lat' dir='ltr'><strong>ex</strong></span> <span class='ocrx_word' id='word_1_128' title='bbox 824 1823 1103 1877; x_wconf 88' lang='lat' dir='ltr'><strong>voluntate</strong></span> <span class='ocrx_word' id='word_1_129' title='bbox 1136 1836 1298 1891; x_wconf 88' lang='lat' dir='ltr'><strong>quam</strong></span> <span class='ocrx_word' id='word_1_130' title='bbox 1329 1836 1397 1875; x_wconf 82' lang='lat' dir='ltr'><strong>ex</strong></span> <span class='ocrx_word' id='word_1_131' title='bbox 1426 1819 1750 1891; x_wconf 86' lang='lat' dir='ltr'><strong>ignorantia,</strong></span> 
     </span>
    </p>
   </div>
   <div class='ocr_carea' id='block_1_19' title="bbox 175 1912 1753 1979">
    <p class='ocr_par' dir='ltr' id='par_1_19' title="bbox 175 1912 1753 1979">
     <span class='ocr_line' id='line_1_19' title="bbox 175 1912 1753 1979; baseline 0.002 -15"><span class='ocrx_word' id='word_1_132' title='bbox 175 1912 413 1979; x_wconf 90' lang='lat' dir='ltr'><strong>locutus,</strong></span> <span class='ocrx_word' id='word_1_133' title='bbox 462 1914 528 1968; x_wconf 89' lang='lat' dir='ltr'><strong>ad</strong></span> <span class='ocrx_word' id='word_1_134' title='bbox 573 1914 678 1969; x_wconf 87' lang='lat' dir='ltr'><strong>alia</strong></span> <span class='ocrx_word' id='word_1_135' title='bbox 744 1915 966 1969; x_wconf 85' lang='lat' dir='ltr'><strong>vulnera</strong></span> <span class='ocrx_word' id='word_1_136' title='bbox 1031 1913 1393 1969; x_wconf 90' lang='lat' dir='ltr'><strong>moderatiora</strong></span> <span class='ocrx_word' id='word_1_137' title='bbox 1442 1927 1753 1969; x_wconf 86' lang='lat' dir='ltr'><strong>sermonem</strong></span> 
     </span>
    </p>
   </div>
   <div class='ocr_carea' id='block_1_20' title="bbox 178 2003 364 2056">
    <p class='ocr_par' dir='ltr' id='par_1_20' title="bbox 178 2003 364 2056">
     <span class='ocr_line' id='line_1_20' title="bbox 178 2003 364 2056; baseline -0.005 -2"><span class='ocrx_word' id='word_1_138' title='bbox 178 2003 364 2056; x_wconf 85' lang='lat' dir='ltr'><strong>vertit.</strong></span> 
     </span>
    </p>
   </div>
   <div class='ocr_carea' id='block_1_21' title="bbox 247 2092 1756 2168">
    <p class='ocr_par' dir='ltr' id='par_1_21' title="bbox 247 2092 1756 2168">
     <span class='ocr_line' id='line_1_21' title="bbox 247 2092 1756 2168; baseline 0.004 -23"><span class='ocrx_word' id='word_1_139' title='bbox 247 2092 505 2157; x_wconf 75' lang='lat' dir='ltr'><strong>Vens.38,</strong></span> <span class='ocrx_word' id='word_1_140' title='bbox 529 2095 616 2150; x_wconf 77' lang='lat'><strong>39.</strong></span> <span class='ocrx_word' id='word_1_141' title='bbox 645 2115 663 2148; x_wconf 82' lang='grc'><strong>«</strong></span> <span class='ocrx_word' id='word_1_142' title='bbox 690 2095 784 2149; x_wconf 82' lang='lat' dir='ltr'><strong>Vir</strong></span> <span class='ocrx_word' id='word_1_143' title='bbox 801 2106 859 2151; x_wconf 88' lang='lat' dir='ltr'><strong>et</strong></span> <span class='ocrx_word' id='word_1_144' title='bbox 902 2097 1097 2151; x_wconf 89' lang='lat' dir='ltr'><strong>mulier</strong></span> <span class='ocrx_word' id='word_1_145' title='bbox 1144 2097 1199 2152; x_wconf 90' lang='lat' dir='ltr'><strong>in</strong></span> <span class='ocrx_word' id='word_1_146' title='bbox 1226 2098 1384 2168; x_wconf 89' lang='lat' dir='ltr'><strong>cujus</strong></span> <span class='ocrx_word' id='word_1_147' title='bbox 1405 2106 1529 2153; x_wconf 90' lang='lat' dir='ltr'><strong>cute</strong></span> <span class='ocrx_word' id='word_1_148' title='bbox 1550 2097 1756 2153; x_wconf 88' lang='lat' dir='ltr'><strong>candor</strong></span> 
     </span>
    </p>
   </div>
   <div class='ocr_carea' id='block_1_22' title="bbox 176 2184 1753 2257">
    <p class='ocr_par' dir='ltr' id='par_1_22' title="bbox 176 2184 1753 2257">
     <span class='ocr_line' id='line_1_22' title="bbox 176 2184 1753 2257; baseline 0.004 -22"><span class='ocrx_word' id='word_1_149' title='bbox 176 2184 512 2253; x_wconf 88' lang='lat' dir='ltr'><strong>apparuerit,</strong></span> <span class='ocrx_word' id='word_1_150' title='bbox 552 2184 853 2241; x_wconf 85' lang='lat' dir='ltr'><strong>intuebitur</strong></span> <span class='ocrx_word' id='word_1_151' title='bbox 889 2202 984 2242; x_wconf 90' lang='lat' dir='ltr'><strong>eos</strong></span> <span class='ocrx_word' id='word_1_152' title='bbox 1015 2188 1269 2243; x_wconf 88' lang='lat' dir='ltr'><strong>sacerdos</strong></span> <span class='ocrx_word' id='word_1_153' title='bbox 1305 2206 1318 2242; x_wconf 89' lang='lat'>:</span> <span class='ocrx_word' id='word_1_154' title='bbox 1354 2188 1398 2243; x_wconf 90' lang='lat' dir='ltr'><strong>si</strong></span> <span class='ocrx_word' id='word_1_155' title='bbox 1445 2187 1753 2257; x_wconf 87' lang='lat' dir='ltr'><strong>deprehen-</strong></span> 
     </span>
    </p>
   </div>
   <div class='ocr_carea' id='block_1_23' title="bbox 177 2276 1757 2347">
    <p class='ocr_par' dir='ltr' id='par_1_23' title="bbox 177 2276 1757 2347">
     <span class='ocr_line' id='line_1_23' title="bbox 177 2276 1757 2347; baseline 0.003 -17"><span class='ocrx_word' id='word_1_156' title='bbox 177 2276 316 2331; x_wconf 88' lang='lat' dir='ltr'><strong>derit</strong></span> <span class='ocrx_word' id='word_1_157' title='bbox 366 2277 762 2333; x_wconf 91' lang='lat' dir='ltr'><strong>subobscurum</strong></span> <span class='ocrx_word' id='word_1_158' title='bbox 808 2280 1050 2335; x_wconf 87' lang='lat' dir='ltr'><strong>alborem</strong></span> <span class='ocrx_word' id='word_1_159' title='bbox 1088 2281 1271 2336; x_wconf 91' lang='lat' dir='ltr'><strong>lucere</strong></span> <span class='ocrx_word' id='word_1_160' title='bbox 1322 2281 1376 2335; x_wconf 92' lang='lat' dir='ltr'><strong>in</strong></span> <span class='ocrx_word' id='word_1_161' title='bbox 1435 2291 1579 2347; x_wconf 91' lang='lat' dir='ltr'><strong>cute,</strong></span> <span class='ocrx_word' id='word_1_162' title='bbox 1623 2281 1757 2336; x_wconf 86' lang='lat' dir='ltr'><strong>sciat</strong></span> 
     </span>
    </p>
   </div>
   <div class='ocr_carea' id='block_1_24' title="bbox 180 2367 1754 2437">
    <p class='ocr_par' dir='ltr' id='par_1_24' title="bbox 180 2367 1754 2437">
     <span class='ocr_line' id='line_1_24' title="bbox 180 2367 1754 2437; baseline 0.004 -18"><span class='ocrx_word' id='word_1_163' title='bbox 180 2380 285 2419; x_wconf 83' lang='lat' dir='ltr'><strong>non</strong></span> <span class='ocrx_word' id='word_1_164' title='bbox 315 2382 437 2421; x_wconf 89' lang='lat' dir='ltr'><strong>esse</strong></span> <span class='ocrx_word' id='word_1_165' title='bbox 474 2367 698 2437; x_wconf 87' lang='lat' dir='ltr'><strong>lepram,</strong></span> <span class='ocrx_word' id='word_1_166' title='bbox 738 2370 835 2424; x_wconf 91' lang='lat' dir='ltr'><strong>sed</strong></span> <span class='ocrx_word' id='word_1_167' title='bbox 876 2372 1143 2426; x_wconf 89' lang='lat' dir='ltr'><strong>maculam</strong></span> <span class='ocrx_word' id='word_1_168' title='bbox 1185 2371 1384 2426; x_wconf 89' lang='lat' dir='ltr'><strong>coloris</strong></span> <span class='ocrx_word' id='word_1_169' title='bbox 1425 2372 1660 2435; x_wconf 87' lang='lat' dir='ltr'><strong>candidi,</strong></span> <span class='ocrx_word' id='word_1_170' title='bbox 1705 2380 1754 2427; x_wconf 87' lang='lat' dir='ltr'><strong>et</strong></span> 
     </span>
    </p>
   </div>
   <div class='ocr_carea' id='block_1_25' title="bbox 181 2454 829 2513">
    <p class='ocr_par' dir='ltr' id='par_1_25' title="bbox 181 2454 829 2513">
     <span class='ocr_line' id='line_1_25' title="bbox 181 2454 829 2513; baseline 0.006 -5"><span class='ocrx_word' id='word_1_171' title='bbox 181 2454 457 2510; x_wconf 84' lang='lat' dir='ltr'><strong>hominem</strong></span> <span class='ocrx_word' id='word_1_172' title='bbox 486 2458 770 2513; x_wconf 89' lang='lat' dir='ltr'><strong>mundum.</strong></span> <span class='ocrx_word' id='word_1_173' title='bbox 809 2477 829 2512; x_wconf 74' lang='grc' dir='ltr'><strong>ι</strong></span> 
     </span>
    </p>
   </div>
   <div class='ocr_carea' id='block_1_26' title="bbox 243 2545 1753 2624">
    <p class='ocr_par' dir='ltr' id='par_1_26' title="bbox 243 2545 1753 2624">
     <span class='ocr_line' id='line_1_26' title="bbox 243 2545 1753 2624; baseline 0.005 -23"><span class='ocrx_word' id='word_1_174' title='bbox 243 2545 367 2601; x_wconf 76' lang='lat' dir='ltr'><strong>1am</strong></span> <span class='ocrx_word' id='word_1_175' title='bbox 396 2557 449 2603; x_wconf 87' lang='lat' dir='ltr'><strong>et</strong></span> <span class='ocrx_word' id='word_1_176' title='bbox 477 2563 579 2604; x_wconf 90' lang='lat' dir='ltr'><strong>nos</strong></span> <span class='ocrx_word' id='word_1_177' title='bbox 607 2549 749 2605; x_wconf 91' lang='lat' dir='ltr'><strong>sicut</strong></span> <span class='ocrx_word' id='word_1_178' title='bbox 785 2550 953 2606; x_wconf 87' lang='lat' dir='ltr'><strong>David</strong></span> <span class='ocrx_word' id='word_1_179' title='bbox 999 2553 1225 2608; x_wconf 80' lang='lat' dir='ltr'><strong>studiosi</strong></span> <span class='ocrx_word' id='word_1_180' title='bbox 1253 2554 1305 2608; x_wconf 89' lang='lat' dir='ltr'><strong>in</strong></span> <span class='ocrx_word' id='word_1_181' title='bbox 1338 2554 1471 2624; x_wconf 86' lang='lat' dir='ltr'><strong>legis</strong></span> <span class='ocrx_word' id='word_1_182' title='bbox 1507 2555 1753 2618; x_wconf 84' lang='lat' dir='ltr'><strong>scientia,</strong></span> 
     </span>
    </p>
   </div>
   <div class='ocr_carea' id='block_1_27' title="bbox 177 2640 1757 2714">
    <p class='ocr_par' dir='ltr' id='par_1_27' title="bbox 177 2640 1757 2714">
     <span class='ocr_line' id='line_1_27' title="bbox 177 2640 1757 2714; baseline 0.006 -23"><span class='ocrx_word' id='word_1_183' title='bbox 177 2653 299 2692; x_wconf 90' lang='lat' dir='ltr'><strong>cum</strong></span> <span class='ocrx_word' id='word_1_184' title='bbox 326 2654 400 2693; x_wconf 87' lang='lat' dir='ltr'><strong>eo</strong></span> <span class='ocrx_word' id='word_1_185' title='bbox 437 2640 679 2696; x_wconf 85' lang='lat' dir='ltr'><strong>dicamus</strong></span> <span class='ocrx_word' id='word_1_186' title='bbox 711 2660 724 2696; x_wconf 90' lang='lat'><strong>:</strong></span> <span class='ocrx_word' id='word_1_187' title='bbox 757 2641 877 2696; x_wconf 79' lang='lat' dir='ltr'><strong>Non</strong></span> <span class='ocrx_word' id='word_1_188' title='bbox 913 2644 1031 2714; x_wconf 78' lang='lat' dir='ltr'><strong>fecit</strong></span> <span class='ocrx_word' id='word_1_189' title='bbox 1059 2644 1236 2699; x_wconf 82' lang='lat' dir='ltr'><strong>taliter</strong></span> <span class='ocrx_word' id='word_1_190' title='bbox 1277 2647 1418 2699; x_wconf 86' lang='lat' dir='ltr'><strong>omni</strong></span> <span class='ocrx_word' id='word_1_191' title='bbox 1444 2648 1668 2713; x_wconf 87' lang='lat' dir='ltr'><strong>nationi,</strong></span> <span class='ocrx_word' id='word_1_192' title='bbox 1708 2657 1757 2701; x_wconf 90' lang='lat' dir='ltr'><strong>et</strong></span> 
     </span>
    </p>
   </div>
   <div class='ocr_carea' id='block_1_28' title="bbox 172 2729 1755 2805">
    <p class='ocr_par' dir='ltr' id='par_1_28' title="bbox 172 2729 1755 2805">
     <span class='ocr_line' id='line_1_28' title="bbox 172 2729 1755 2805; baseline 0.008 -25"><span class='ocrx_word' id='word_1_193' title='bbox 172 2729 381 2797; x_wconf 71' lang='lat' dir='ltr'><strong>judicia</strong></span> <span class='ocrx_word' id='word_1_194' title='bbox 410 2747 507 2785; x_wconf 86' lang='lat' dir='ltr'><strong>sua</strong></span> <span class='ocrx_word' id='word_1_195' title='bbox 541 2748 643 2785; x_wconf 84' lang='lat' dir='ltr'><strong>uon</strong></span> <span class='ocrx_word' id='word_1_196' title='bbox 678 2734 1031 2805; x_wconf 78' lang='lat' dir='ltr'><strong>manifestavit</strong></span> <span class='ocrx_word' id='word_1_197' title='bbox 1074 2736 1182 2789; x_wconf 82' lang='lat' dir='ltr'><strong>illis</strong></span> <span class='ocrx_word' id='word_1_198' title='bbox 1215 2737 1277 2789; x_wconf 78' lang='grc'><strong>⁸⁸.</strong></span> <span class='ocrx_word' id='word_1_199' title='bbox 1329 2738 1467 2791; x_wconf 78' lang='lat' dir='ltr'><strong>Cum</strong></span> <span class='ocrx_word' id='word_1_200' title='bbox 1523 2739 1755 2793; x_wconf 84' lang='lat' dir='ltr'><strong>maxima</strong></span> 
     </span>
    </p>
   </div>
   <div class='ocr_carea' id='block_1_29' title="bbox 178 2820 1757 2898">
    <p class='ocr_par' dir='ltr' id='par_1_29' title="bbox 178 2820 1757 2898">
     <span class='ocr_line' id='line_1_29' title="bbox 178 2820 1757 2898; baseline 0.006 -25"><span class='ocrx_word' id='word_1_201' title='bbox 178 2820 523 2877; x_wconf 87' lang='lat' dir='ltr'><strong>districtione</strong></span> <span class='ocrx_word' id='word_1_202' title='bbox 563 2824 815 2892; x_wconf 83' lang='lat' dir='ltr'><strong>superius</strong></span> <span class='ocrx_word' id='word_1_203' title='bbox 838 2825 893 2878; x_wconf 92' lang='lat' dir='ltr'><strong>in</strong></span> <span class='ocrx_word' id='word_1_204' title='bbox 923 2825 1124 2880; x_wconf 89' lang='lat' dir='ltr'><strong>divinis</strong></span> <span class='ocrx_word' id='word_1_205' title='bbox 1168 2827 1530 2898; x_wconf 86' lang='lat' dir='ltr'><strong>dogmatibus,</strong></span> <span class='ocrx_word' id='word_1_206' title='bbox 1565 2837 1621 2883; x_wconf 92' lang='lat' dir='ltr'><strong>et</strong></span> <span class='ocrx_word' id='word_1_207' title='bbox 1662 2845 1757 2883; x_wconf 88' lang='lat' dir='ltr'><strong>eo-</strong></span> 
     </span>
    </p>
   </div>
   <div class='ocr_carea' id='block_1_30' title="bbox 178 2912 1758 2989">
    <p class='ocr_par' dir='ltr' id='par_1_30' title="bbox 178 2912 1758 2989">
     <span class='ocr_line' id='line_1_30' title="bbox 178 2912 1758 2989; baseline 0.008 -27"><span class='ocrx_word' id='word_1_208' title='bbox 178 2924 294 2963; x_wconf 85' lang='lat' dir='ltr'><strong>rum</strong></span> <span class='ocrx_word' id='word_1_209' title='bbox 334 2912 848 2981; x_wconf 64' lang='lat' dir='ltr'><strong>praavaricatoribus</strong></span> <span class='ocrx_word' id='word_1_210' title='bbox 893 2931 1023 2971; x_wconf 90' lang='lat' dir='ltr'><strong>usus</strong></span> <span class='ocrx_word' id='word_1_211' title='bbox 1077 2915 1290 2980; x_wconf 83' lang='lat' dir='ltr'><strong>fuisset,</strong></span> <span class='ocrx_word' id='word_1_212' title='bbox 1328 2934 1475 2973; x_wconf 90' lang='lat' dir='ltr'><strong>nunc</strong></span> <span class='ocrx_word' id='word_1_213' title='bbox 1530 2920 1657 2989; x_wconf 88' lang='lat' dir='ltr'><strong>quia</strong></span> <span class='ocrx_word' id='word_1_214' title='bbox 1690 2921 1758 2975; x_wconf 90' lang='lat' dir='ltr'><strong>de</strong></span> 
     </span>
    </p>
   </div>
   <div class='ocr_carea' id='block_1_31' title="bbox 179 2999 1758 3081">
    <p class='ocr_par' dir='ltr' id='par_1_31' title="bbox 179 2999 1758 3081">
     <span class='ocr_line' id='line_1_31' title="bbox 179 2999 1758 3081; baseline 0.008 -28"><span class='ocrx_word' id='word_1_215' title='bbox 179 2999 279 3054; x_wconf 78' lang='lat' dir='ltr'><strong>illis</strong></span> <span class='ocrx_word' id='word_1_216' title='bbox 308 3001 459 3072; x_wconf 87' lang='lat' dir='ltr'><strong>loqui</strong></span> <span class='ocrx_word' id='word_1_217' title='bbox 508 3007 800 3074; x_wconf 72' lang='lat' dir='ltr'><strong>Supplevit,</strong></span> <span class='ocrx_word' id='word_1_218' title='bbox 829 3015 978 3061; x_wconf 85' lang='lat' dir='ltr'><strong>recte</strong></span> <span class='ocrx_word' id='word_1_219' title='bbox 1025 3022 1137 3062; x_wconf 67' lang='lat' dir='ltr'><strong>suae</strong></span> <span class='ocrx_word' id='word_1_220' title='bbox 1170 3010 1545 3065; x_wconf 83' lang='lat' dir='ltr'><strong>austeritatem</strong></span> <span class='ocrx_word' id='word_1_221' title='bbox 1593 3012 1758 3081; x_wconf 86' lang='lat' dir='ltr'><strong>depo-</strong></span> 
     </span>
    </p>
   </div>
   <div class='ocr_carea' id='block_1_32' title="bbox 178 3090 1760 3163">
    <p class='ocr_par' dir='ltr' id='par_1_32' title="bbox 178 3090 1760 3163">
     <span class='ocr_line' id='line_1_32' title="bbox 178 3090 1760 3163; baseline 0.004 -20"><span class='ocrx_word' id='word_1_222' title='bbox 178 3090 286 3144; x_wconf 91' lang='lat' dir='ltr'><strong>suit</strong></span> <span class='ocrx_word' id='word_1_223' title='bbox 311 3091 691 3158; x_wconf 84' lang='lat' dir='ltr'><strong>districtionis,</strong></span> <span class='ocrx_word' id='word_1_224' title='bbox 718 3103 775 3147; x_wconf 89' lang='lat' dir='ltr'><strong>et</strong></span> <span class='ocrx_word' id='word_1_225' title='bbox 802 3094 871 3149; x_wconf 92' lang='lat' dir='ltr'><strong>de</strong></span> <span class='ocrx_word' id='word_1_226' title='bbox 906 3094 1012 3158; x_wconf 90' lang='lat' dir='ltr'><strong>his,</strong></span> <span class='ocrx_word' id='word_1_227' title='bbox 1037 3110 1157 3163; x_wconf 84' lang='lat' dir='ltr'><strong>quae</strong></span> <span class='ocrx_word' id='word_1_228' title='bbox 1193 3106 1323 3149; x_wconf 90' lang='lat' dir='ltr'><strong>sunt</strong></span> <span class='ocrx_word' id='word_1_229' title='bbox 1349 3095 1650 3151; x_wconf 90' lang='lat' dir='ltr'><strong>secundum</strong></span> <span class='ocrx_word' id='word_1_230' title='bbox 1683 3097 1760 3150; x_wconf 90' lang='lat' dir='ltr'><strong>lc-</strong></span> 
     </span>
    </p>
   </div>
   <div class='ocr_carea' id='block_1_33' title="bbox 1869 634 3453 705">
    <p class='ocr_par' dir='ltr' id='par_1_33' title="bbox 1869 634 3453 705">
     <span class='ocr_line' id='line_1_33' title="bbox 1869 634 3453 705; baseline -0.003 -18"><span class='ocrx_word' id='word_1_231' title='bbox 1869 634 2415 690; x_wconf 83' lang='lat' dir='ltr'><strong>nibusintelleximus</strong></span> <span class='ocrx_word' id='word_1_232' title='bbox 2441 653 2454 691; x_wconf 87' lang='lat'><strong>:</strong></span> <span class='ocrx_word' id='word_1_233' title='bbox 2480 650 2676 691; x_wconf 90' lang='lat' dir='ltr'><strong>ornare</strong></span> <span class='ocrx_word' id='word_1_234' title='bbox 2738 635 2940 705; x_wconf 89' lang='lat' dir='ltr'><strong>quippe</strong></span> <span class='ocrx_word' id='word_1_235' title='bbox 2963 641 3128 703; x_wconf 89' lang='lat' dir='ltr'><strong>caput</strong></span> <span class='ocrx_word' id='word_1_236' title='bbox 3173 646 3237 686; x_wconf 88' lang='lat' dir='ltr'><strong>ac</strong></span> <span class='ocrx_word' id='word_1_237' title='bbox 3268 640 3453 702; x_wconf 81' lang='lat' dir='ltr'><strong>tegere</strong></span> 
     </span>
    </p>
   </div>
   <div class='ocr_carea' id='block_1_34' title="bbox 1869 721 3451 799">
    <p class='ocr_par' dir='ltr' id='par_1_34' title="bbox 1869 721 3451 799">
     <span class='ocr_line' id='line_1_34' title="bbox 1869 721 3451 799; baseline -0.004 -20"><span class='ocrx_word' id='word_1_238' title='bbox 1869 724 2145 780; x_wconf 89' lang='lat' dir='ltr'><strong>constituti</strong></span> <span class='ocrx_word' id='word_1_239' title='bbox 2170 735 2315 791; x_wconf 88' lang='lat' dir='ltr'><strong>sunt,</strong></span> <span class='ocrx_word' id='word_1_240' title='bbox 2357 727 2497 781; x_wconf 91' lang='lat' dir='ltr'><strong>sicut</strong></span> <span class='ocrx_word' id='word_1_241' title='bbox 2525 726 2879 799; x_wconf 87' lang='lat' dir='ltr'><strong>cogitationes</strong></span> <span class='ocrx_word' id='word_1_242' title='bbox 2908 732 3167 780; x_wconf 88' lang='lat' dir='ltr'><strong>mentem.</strong></span> <span class='ocrx_word' id='word_1_243' title='bbox 3208 721 3325 776; x_wconf 84' lang='lat' dir='ltr'><strong>Non</strong></span> <span class='ocrx_word' id='word_1_244' title='bbox 3352 738 3451 774; x_wconf 89' lang='lat' dir='ltr'><strong>au-</strong></span> 
     </span>
    </p>
   </div>
   <div class='ocr_carea' id='block_1_35' title="bbox 1871 812 3449 888">
    <p class='ocr_par' dir='ltr' id='par_1_35' title="bbox 1871 812 3449 888">
     <span class='ocr_line' id='line_1_35' title="bbox 1871 812 3449 888; baseline -0.003 -20"><span class='ocrx_word' id='word_1_245' title='bbox 1871 822 1976 869; x_wconf 90' lang='lat' dir='ltr'><strong>tem</strong></span> <span class='ocrx_word' id='word_1_246' title='bbox 2004 816 2339 871; x_wconf 89' lang='lat' dir='ltr'><strong>inordinatas</strong></span> <span class='ocrx_word' id='word_1_247' title='bbox 2358 817 2716 888; x_wconf 87' lang='lat' dir='ltr'><strong>cogitationes</strong></span> <span class='ocrx_word' id='word_1_248' title='bbox 2740 817 3070 872; x_wconf 88' lang='lat' dir='ltr'><strong>deducamus</strong></span> <span class='ocrx_word' id='word_1_249' title='bbox 3096 813 3161 869; x_wconf 86' lang='lat' dir='ltr'><strong>ad</strong></span> <span class='ocrx_word' id='word_1_250' title='bbox 3185 812 3449 875; x_wconf 87' lang='lat' dir='ltr'><strong>medium,</strong></span> 
     </span>
    </p>
   </div>
   <div class='ocr_carea' id='block_1_36' title="bbox 1866 903 3448 975">
    <p class='ocr_par' dir='ltr' id='par_1_36' title="bbox 1866 903 3448 975">
     <span class='ocr_line' id='line_1_36' title="bbox 1866 903 3448 975; baseline -0.003 -18"><span class='ocrx_word' id='word_1_251' title='bbox 1866 904 1991 974; x_wconf 88' lang='lat' dir='ltr'><strong>quia</strong></span> <span class='ocrx_word' id='word_1_252' title='bbox 2020 912 2075 958; x_wconf 91' lang='lat' dir='ltr'><strong>et</strong></span> <span class='ocrx_word' id='word_1_253' title='bbox 2109 904 2426 973; x_wconf 91' lang='lat' dir='ltr'><strong>capillorum</strong></span> <span class='ocrx_word' id='word_1_254' title='bbox 2475 905 2859 975; x_wconf 90' lang='lat' dir='ltr'><strong>incompositio</strong></span> <span class='ocrx_word' id='word_1_255' title='bbox 2892 903 3191 959; x_wconf 74' lang='lat' dir='ltr'><strong>fmditatem</strong></span> <span class='ocrx_word' id='word_1_256' title='bbox 3220 916 3320 971; x_wconf 92' lang='lat' dir='ltr'><strong>pro</strong></span> <span class='ocrx_word' id='word_1_257' title='bbox 3356 916 3448 954; x_wconf 87' lang='lat' dir='ltr'><strong>or-</strong></span> 
     </span>
    </p>
   </div>
   <div class='ocr_carea' id='block_1_37' title="bbox 1867 993 3446 1066">
    <p class='ocr_par' dir='ltr' id='par_1_37' title="bbox 1867 993 3446 1066">
     <span class='ocr_line' id='line_1_37' title="bbox 1867 993 3446 1066; baseline -0.003 -17"><span class='ocrx_word' id='word_1_258' title='bbox 1867 1005 1994 1049; x_wconf 91' lang='lat' dir='ltr'><strong>natu</strong></span> <span class='ocrx_word' id='word_1_259' title='bbox 2039 996 2261 1064; x_wconf 57' lang='lat' dir='ltr'><strong>praebet.</strong></span> <span class='ocrx_word' id='word_1_260' title='bbox 2312 996 2559 1066; x_wconf 87' lang='lat' dir='ltr'><strong>Insuper,</strong></span> <span class='ocrx_word' id='word_1_261' title='bbox 2620 995 3077 1066; x_wconf 84' lang='lat' dir='ltr'><strong>quemadmodum</strong></span> <span class='ocrx_word' id='word_1_262' title='bbox 3128 993 3446 1063; x_wconf 88' lang='lat' dir='ltr'><strong>capillorqu</strong></span> 
     </span>
    </p>
   </div>
   <div class='ocr_carea' id='block_1_38' title="bbox 1865 1084 3535 1165">
    <p class='ocr_par' dir='ltr' id='par_1_38' title="bbox 1865 1084 3535 1165">
     <span class='ocr_line' id='line_1_38' title="bbox 1865 1084 3535 1165; baseline 0 -27"><span class='ocrx_word' id='word_1_263' title='bbox 1865 1086 2085 1155; x_wconf 90' lang='lat' dir='ltr'><strong>quidam</strong></span> <span class='ocrx_word' id='word_1_264' title='bbox 2117 1086 2395 1151; x_wconf 80' lang='lat' dir='ltr'><strong>decidunt.</strong></span> <span class='ocrx_word' id='word_1_265' title='bbox 2422 1088 2514 1143; x_wconf 89' lang='lat' dir='ltr'><strong>alii</strong></span> <span class='ocrx_word' id='word_1_266' title='bbox 2554 1097 2737 1144; x_wconf 90' lang='lat' dir='ltr'><strong>autem</strong></span> <span class='ocrx_word' id='word_1_267' title='bbox 2775 1094 3155 1148; x_wconf 90' lang='lat' dir='ltr'><strong>renascuntur,</strong></span> <span class='ocrx_word' id='word_1_268' title='bbox 3188 1084 3447 1154; x_wconf 89' lang='lat' dir='ltr'><strong>nulloque</strong></span> <span class='ocrx_word' id='word_1_269' title='bbox 3516 1148 3535 1165; x_wconf 19' lang='grc' dir='ltr'><strong>κν</strong></span> 
     </span>
    </p>
   </div>
   <div class='ocr_carea' id='block_1_39' title="bbox 1869 1175 3447 1247">
    <p class='ocr_par' dir='ltr' id='par_1_39' title="bbox 1869 1175 3447 1247">
     <span class='ocr_line' id='line_1_39' title="bbox 1869 1175 3447 1247; baseline 0.001 -18"><span class='ocrx_word' id='word_1_270' title='bbox 1869 1186 2110 1246; x_wconf 90' lang='lat' dir='ltr'><strong>tempore</strong></span> <span class='ocrx_word' id='word_1_271' title='bbox 2143 1178 2292 1232; x_wconf 87' lang='lat' dir='ltr'><strong>nasci</strong></span> <span class='ocrx_word' id='word_1_272' title='bbox 2331 1192 2582 1243; x_wconf 88' lang='lat' dir='ltr'><strong>cessant,</strong></span> <span class='ocrx_word' id='word_1_273' title='bbox 2627 1180 2708 1234; x_wconf 91' lang='lat' dir='ltr'><strong>sic</strong></span> <span class='ocrx_word' id='word_1_274' title='bbox 2741 1189 2796 1234; x_wconf 90' lang='lat' dir='ltr'><strong>et</strong></span> <span class='ocrx_word' id='word_1_275' title='bbox 2826 1178 2914 1233; x_wconf 89' lang='lat' dir='ltr'><strong>his</strong></span> <span class='ocrx_word' id='word_1_276' title='bbox 2967 1192 3091 1247; x_wconf 66' lang='lat' dir='ltr'><strong>qua:</strong></span> <span class='ocrx_word' id='word_1_277' title='bbox 3117 1184 3247 1231; x_wconf 88' lang='lat' dir='ltr'><strong>sunt</strong></span> <span class='ocrx_word' id='word_1_278' title='bbox 3276 1175 3329 1228; x_wconf 92' lang='lat' dir='ltr'><strong>in</strong></span> <span class='ocrx_word' id='word_1_279' title='bbox 3362 1175 3447 1231; x_wconf 82' lang='lat' dir='ltr'><strong>his</strong></span> 
     </span>
    </p>
   </div>
   <div class='ocr_carea' id='block_1_40' title="bbox 1865 1264 3446 1337">
    <p class='ocr_par' dir='ltr' id='par_1_40' title="bbox 1865 1264 3446 1337">
     <span class='ocr_line' id='line_1_40' title="bbox 1865 1264 3446 1337; baseline 0 -19"><span class='ocrx_word' id='word_1_280' title='bbox 1865 1265 2282 1335; x_wconf 88' lang='lat' dir='ltr'><strong>cogitationibus</strong></span> <span class='ocrx_word' id='word_1_281' title='bbox 2311 1268 2707 1332; x_wconf 89' lang='lat' dir='ltr'><strong>decidentibus,</strong></span> <span class='ocrx_word' id='word_1_282' title='bbox 2737 1268 2856 1322; x_wconf 81' lang='lat' dir='ltr'><strong>alia-</strong></span> <span class='ocrx_word' id='word_1_283' title='bbox 2888 1276 3269 1322; x_wconf 78' lang='lat' dir='ltr'><strong>renascuntur.</strong></span> <span class='ocrx_word' id='word_1_284' title='bbox 3304 1264 3446 1337; x_wconf 84' lang='lat' dir='ltr'><strong>Ergo</strong></span> 
     </span>
    </p>
   </div>
   <div class='ocr_carea' id='block_1_41' title="bbox 1866 1357 3457 1431">
    <p class='ocr_par' dir='ltr' id='par_1_41' title="bbox 1866 1357 3457 1431">
     <span class='ocr_line' id='line_1_41' title="bbox 1866 1357 3457 1431; baseline 0.001 -21"><span class='ocrx_word' id='word_1_285' title='bbox 1866 1357 1954 1411; x_wconf 87' lang='lat' dir='ltr'><strong>hic</strong></span> <span class='ocrx_word' id='word_1_286' title='bbox 2032 1359 2244 1411; x_wconf 89' lang='lat' dir='ltr'><strong>calvum</strong></span> <span class='ocrx_word' id='word_1_287' title='bbox 2300 1360 2538 1429; x_wconf 88' lang='lat' dir='ltr'><strong>appellat</strong></span> <span class='ocrx_word' id='word_1_288' title='bbox 2596 1360 2896 1431; x_wconf 89' lang='lat' dir='ltr'><strong>simplicem</strong></span> <span class='ocrx_word' id='word_1_289' title='bbox 2958 1359 3262 1423; x_wconf 89' lang='lat' dir='ltr'><strong>hominem,</strong></span> <span class='ocrx_word' id='word_1_290' title='bbox 3332 1373 3457 1412; x_wconf 85' lang='lat' dir='ltr'><strong>non.</strong></span> 
     </span>
    </p>
   </div>
   <div class='ocr_carea' id='block_1_42' title="bbox 1863 1450 3440 1522">
    <p class='ocr_par' dir='ltr' id='par_1_42' title="bbox 1863 1450 3440 1522">
     <span class='ocr_line' id='line_1_42' title="bbox 1863 1450 3440 1522; baseline 0.001 -19"><span class='ocrx_word' id='word_1_291' title='bbox 1863 1464 1985 1503; x_wconf 90' lang='lat' dir='ltr'><strong>eum</strong></span> <span class='ocrx_word' id='word_1_292' title='bbox 2038 1450 2130 1521; x_wconf 90' lang='lat' dir='ltr'><strong>qui</strong></span> <span class='ocrx_word' id='word_1_293' title='bbox 2184 1451 2411 1505; x_wconf 91' lang='lat' dir='ltr'><strong>omnino</strong></span> <span class='ocrx_word' id='word_1_294' title='bbox 2459 1451 2727 1522; x_wconf 87' lang='lat' dir='ltr'><strong>insipiens</strong></span> <span class='ocrx_word' id='word_1_295' title='bbox 2778 1462 2883 1518; x_wconf 88' lang='lat' dir='ltr'><strong>est,</strong></span> <span class='ocrx_word' id='word_1_296' title='bbox 2939 1460 3035 1507; x_wconf 90' lang='lat' dir='ltr'><strong>aut</strong></span> <span class='ocrx_word' id='word_1_297' title='bbox 3082 1450 3440 1506; x_wconf 81' lang='lat' dir='ltr'><strong>irrationalis.</strong></span> 
     </span>
    </p>
   </div>
   <div class='ocr_carea' id='block_1_43' title="bbox 1862 1540 3457 1613">
    <p class='ocr_par' dir='ltr' id='par_1_43' title="bbox 1862 1540 3457 1613">
     <span class='ocr_line' id='line_1_43' title="bbox 1862 1540 3457 1613; baseline 0 -19"><span class='ocrx_word' id='word_1_298' title='bbox 1862 1540 1995 1607; x_wconf 86' lang='lat' dir='ltr'><strong>Quis</strong></span> <span class='ocrx_word' id='word_1_299' title='bbox 2018 1542 2167 1595; x_wconf 90' lang='lat' dir='ltr'><strong>enim</strong></span> <span class='ocrx_word' id='word_1_300' title='bbox 2202 1552 2285 1597; x_wconf 91' lang='lat' dir='ltr'><strong>est</strong></span> <span class='ocrx_word' id='word_1_301' title='bbox 2315 1543 2497 1608; x_wconf 90' lang='lat' dir='ltr'><strong>homo,</strong></span> <span class='ocrx_word' id='word_1_302' title='bbox 2526 1542 2618 1612; x_wconf 89' lang='lat' dir='ltr'><strong>qui</strong></span> <span class='ocrx_word' id='word_1_303' title='bbox 2644 1559 2754 1598; x_wconf 89' lang='lat' dir='ltr'><strong>non</strong></span> <span class='ocrx_word' id='word_1_304' title='bbox 2780 1543 3457 1613; x_wconf 35' lang='lat' dir='ltr'><strong>capillos,.licet-paucos,.</strong></span> 
     </span>
    </p>
   </div>
   <div class='ocr_carea' id='block_1_44' title="bbox 1862 1633 3441 1706">
    <p class='ocr_par' dir='ltr' id='par_1_44' title="bbox 1862 1633 3441 1706">
     <span class='ocr_line' id='line_1_44' title="bbox 1862 1633 3441 1706; baseline 0 -20"><span class='ocrx_word' id='word_1_305' title='bbox 1862 1633 1917 1687; x_wconf 90' lang='lat' dir='ltr'><strong>in</strong></span> <span class='ocrx_word' id='word_1_306' title='bbox 1966 1635 2141 1702; x_wconf 88' lang='lat' dir='ltr'><strong>capite</strong></span> <span class='ocrx_word' id='word_1_307' title='bbox 2174 1634 2409 1689; x_wconf 90' lang='lat' dir='ltr'><strong>habeat?</strong></span> <span class='ocrx_word' id='word_1_308' title='bbox 2440 1635 2597 1690; x_wconf 78' lang='lat' dir='ltr'><strong>Hunc</strong></span> <span class='ocrx_word' id='word_1_309' title='bbox 2618 1650 2748 1706; x_wconf 90' lang='lat' dir='ltr'><strong>ergo</strong></span> <span class='ocrx_word' id='word_1_310' title='bbox 2776 1635 3058 1700; x_wconf 86' lang='lat' dir='ltr'><strong>describit,</strong></span> <span class='ocrx_word' id='word_1_311' title='bbox 3088 1634 3181 1704; x_wconf 90' lang='lat' dir='ltr'><strong>qui</strong></span> <span class='ocrx_word' id='word_1_312' title='bbox 3236 1634 3441 1704; x_wconf 89' lang='lat' dir='ltr'><strong>cogita-</strong></span> 
     </span>
    </p>
   </div>
   <div class='ocr_carea' id='block_1_45' title="bbox 1863 1725 3444 1798">
    <p class='ocr_par' dir='ltr' id='par_1_45' title="bbox 1863 1725 3444 1798">
     <span class='ocr_line' id='line_1_45' title="bbox 1863 1725 3444 1798; baseline -0.001 -19"><span class='ocrx_word' id='word_1_313' title='bbox 1863 1725 2037 1781; x_wconf 91' lang='lat' dir='ltr'><strong>tiones</strong></span> <span class='ocrx_word' id='word_1_314' title='bbox 2060 1741 2261 1796; x_wconf 90' lang='lat' dir='ltr'><strong>paucas</strong></span> <span class='ocrx_word' id='word_1_315' title='bbox 2288 1741 2399 1796; x_wconf 55' lang='lat' dir='ltr'><strong>pra!</strong></span> <span class='ocrx_word' id='word_1_316' title='bbox 2427 1726 2773 1797; x_wconf 85' lang='lat' dir='ltr'><strong>simplicitate</strong></span> <span class='ocrx_word' id='word_1_317' title='bbox 2807 1726 2964 1798; x_wconf 90' lang='lat' dir='ltr'><strong>gerit,</strong></span> <span class='ocrx_word' id='word_1_318' title='bbox 3000 1740 3234 1794; x_wconf 88' lang='lat' dir='ltr'><strong>eumque</strong></span> <span class='ocrx_word' id='word_1_319' title='bbox 3281 1739 3444 1777; x_wconf 85' lang='lat' dir='ltr'><strong>mun-</strong></span> 
     </span>
    </p>
   </div>
   <div class='ocr_carea' id='block_1_46' title="bbox 1860 1816 3441 1889">
    <p class='ocr_par' dir='ltr' id='par_1_46' title="bbox 1860 1816 3441 1889">
     <span class='ocr_line' id='line_1_46' title="bbox 1860 1816 3441 1889; baseline -0.002 -18"><span class='ocrx_word' id='word_1_320' title='bbox 1860 1816 1987 1871; x_wconf 90' lang='lat' dir='ltr'><strong>dum</strong></span> <span class='ocrx_word' id='word_1_321' title='bbox 2037 1827 2185 1873; x_wconf 90' lang='lat' dir='ltr'><strong>recte</strong></span> <span class='ocrx_word' id='word_1_322' title='bbox 2233 1833 2357 1874; x_wconf 91' lang='lat' dir='ltr'><strong>esse</strong></span> <span class='ocrx_word' id='word_1_323' title='bbox 2390 1817 2649 1889; x_wconf 81' lang='lat' dir='ltr'><strong>praecepit</strong></span> <span class='ocrx_word' id='word_1_324' title='bbox 2682 1835 2697 1870; x_wconf 88' lang='lat'><strong><em>:</em></strong></span> <span class='ocrx_word' id='word_1_325' title='bbox 2730 1818 2810 1873; x_wconf 87' lang='lat' dir='ltr'><strong>sie</strong></span> <span class='ocrx_word' id='word_1_326' title='bbox 2857 1818 3057 1887; x_wconf 86' lang='lat' dir='ltr'><strong>quippe</strong></span> <span class='ocrx_word' id='word_1_327' title='bbox 3101 1818 3151 1870; x_wconf 88' lang='lat' dir='ltr'><strong>ei</strong></span> <span class='ocrx_word' id='word_1_328' title='bbox 3205 1816 3441 1870; x_wconf 88' lang='lat' dir='ltr'><strong>inditum</strong></span> 
     </span>
    </p>
   </div>
   <div class='ocr_carea' id='block_1_47' title="bbox 1856 1908 3443 1975">
    <p class='ocr_par' dir='ltr' id='par_1_47' title="bbox 1856 1908 3443 1975">
     <span class='ocr_line' id='line_1_47' title="bbox 1856 1908 3443 1975; baseline -0.003 -12"><span class='ocrx_word' id='word_1_329' title='bbox 1856 1918 1940 1963; x_wconf 91' lang='lat' dir='ltr'><strong>est</strong></span> <span class='ocrx_word' id='word_1_330' title='bbox 1963 1917 2110 1963; x_wconf 90' lang='lat' dir='ltr'><strong>sorte</strong></span> <span class='ocrx_word' id='word_1_331' title='bbox 2146 1916 2376 1974; x_wconf 69' lang='lat' dir='ltr'><strong>naturae,</strong></span> <span class='ocrx_word' id='word_1_332' title='bbox 2414 1909 2559 1964; x_wconf 91' lang='lat' dir='ltr'><strong>unde</strong></span> <span class='ocrx_word' id='word_1_333' title='bbox 2605 1925 2728 1964; x_wconf 91' lang='lat' dir='ltr'><strong>eum</strong></span> <span class='ocrx_word' id='word_1_334' title='bbox 2762 1917 2825 1963; x_wconf 74' lang='lat' dir='ltr'><strong>et.</strong></span> <span class='ocrx_word' id='word_1_335' title='bbox 2851 1908 3116 1963; x_wconf 73' lang='lat' dir='ltr'><strong>columbae</strong></span> <span class='ocrx_word' id='word_1_336' title='bbox 3162 1913 3443 1975; x_wconf 89' lang='lat' dir='ltr'><strong>comparat</strong></span> 
     </span>
    </p>
   </div>
   <div class='ocr_carea' id='block_1_48' title="bbox 1858 1998 3437 2072">
    <p class='ocr_par' dir='ltr' id='par_1_48' title="bbox 1858 1998 3437 2072">
     <span class='ocr_line' id='line_1_48' title="bbox 1858 1998 3437 2072; baseline -0.003 -17"><span class='ocrx_word' id='word_1_337' title='bbox 1858 2001 2137 2056; x_wconf 81' lang='lat' dir='ltr'><strong>Dominus.</strong></span> <span class='ocrx_word' id='word_1_338' title='bbox 2173 2000 2353 2067; x_wconf 85' lang='lat' dir='ltr'><strong>Quare</strong></span> <span class='ocrx_word' id='word_1_339' title='bbox 2378 2010 2558 2056; x_wconf 91' lang='lat' dir='ltr'><strong>autem</strong></span> <span class='ocrx_word' id='word_1_340' title='bbox 2586 2002 2751 2072; x_wconf 87' lang='lat' dir='ltr'><strong>hujus</strong></span> <span class='ocrx_word' id='word_1_341' title='bbox 2782 2016 3068 2070; x_wconf 88' lang='lat' dir='ltr'><strong>personam</strong></span> <span class='ocrx_word' id='word_1_342' title='bbox 3114 1998 3337 2053; x_wconf 89' lang='lat' dir='ltr'><strong>omnino</strong></span> <span class='ocrx_word' id='word_1_343' title='bbox 3385 2000 3437 2050; x_wconf 87' lang='lat' dir='ltr'><strong>in</strong></span> 
     </span>
    </p>
   </div>
   <div class='ocr_carea' id='block_1_49' title="bbox 1813 2090 3441 2163">
    <p class='ocr_par' dir='ltr' id='par_1_49' title="bbox 1813 2090 3441 2163">
     <span class='ocr_line' id='line_1_49' title="bbox 1813 2090 3441 2163; baseline -0.004 -16"><span class='ocrx_word' id='word_1_344' title='bbox 1813 2092 2188 2148; x_wconf 64' lang='lat' dir='ltr'><strong>dubietatem</strong></span> <span class='ocrx_word' id='word_1_345' title='bbox 2239 2091 2513 2163; x_wconf 90' lang='lat' dir='ltr'><strong>legislator</strong></span> <span class='ocrx_word' id='word_1_346' title='bbox 2548 2093 2839 2147; x_wconf 77' lang='lat' dir='ltr'><strong>adduxit?</strong></span> <span class='ocrx_word' id='word_1_347' title='bbox 2893 2090 3032 2157; x_wconf 90' lang='lat' dir='ltr'><strong>Quia</strong></span> <span class='ocrx_word' id='word_1_348' title='bbox 3106 2090 3306 2145; x_wconf 90' lang='lat' dir='ltr'><strong>melius</strong></span> <span class='ocrx_word' id='word_1_349' title='bbox 3356 2098 3441 2142; x_wconf 83' lang='lat' dir='ltr'><strong>est</strong></span> 
     </span>
    </p>
   </div>
   <div class='ocr_carea' id='block_1_50' title="bbox 1854 2180 3445 2254">
    <p class='ocr_par' dir='ltr' id='par_1_50' title="bbox 1854 2180 3445 2254">
     <span class='ocr_line' id='line_1_50' title="bbox 1854 2180 3445 2254; baseline -0.003 -15"><span class='ocrx_word' id='word_1_350' title='bbox 1854 2199 1978 2239; x_wconf 90' lang='lat' dir='ltr'><strong>cum</strong></span> <span class='ocrx_word' id='word_1_351' title='bbox 2036 2184 2352 2239; x_wconf 86' lang='lat' dir='ltr'><strong>inno‘centia</strong></span> <span class='ocrx_word' id='word_1_352' title='bbox 2394 2184 2596 2240; x_wconf 89' lang='lat' dir='ltr'><strong>habere</strong></span> <span class='ocrx_word' id='word_1_353' title='bbox 2645 2185 2807 2241; x_wconf 89' lang='lat' dir='ltr'><strong>etiam</strong></span> <span class='ocrx_word' id='word_1_354' title='bbox 2867 2183 3235 2254; x_wconf 89' lang='lat' dir='ltr'><strong>prudentiam,</strong></span> <span class='ocrx_word' id='word_1_355' title='bbox 3286 2180 3445 2251; x_wconf 76' lang='lat' dir='ltr'><strong>quod</strong></span> 
     </span>
    </p>
   </div>
   <div class='ocr_carea' id='block_1_51' title="bbox 1856 2272 3454 2347">
    <p class='ocr_par' dir='ltr' id='par_1_51' title="bbox 1856 2272 3454 2347">
     <span class='ocr_line' id='line_1_51' title="bbox 1856 2272 3454 2347; baseline -0.004 -16"><span class='ocrx_word' id='word_1_356' title='bbox 1856 2276 2202 2331; x_wconf 82' lang='lat' dir='ltr'><strong>manifestum</strong></span> <span class='ocrx_word' id='word_1_357' title='bbox 2235 2282 2319 2331; x_wconf 88' lang='lat' dir='ltr'><strong>est</strong></span> <span class='ocrx_word' id='word_1_358' title='bbox 2346 2291 2414 2331; x_wconf 84' lang='lat' dir='ltr'><strong>ex</strong></span> <span class='ocrx_word' id='word_1_359' title='bbox 2442 2277 2528 2332; x_wconf 83' lang='lat' dir='ltr'><strong>his</strong></span> <span class='ocrx_word' id='word_1_360' title='bbox 2549 2292 2670 2347; x_wconf 69' lang='lat' dir='ltr'><strong>qua:</strong></span> <span class='ocrx_word' id='word_1_361' title='bbox 2695 2275 2957 2331; x_wconf 85' lang='lat' dir='ltr'><strong>Dominus</strong></span> <span class='ocrx_word' id='word_1_362' title='bbox 2978 2275 3195 2330; x_wconf 88' lang='lat' dir='ltr'><strong>diccbat</strong></span> <span class='ocrx_word' id='word_1_363' title='bbox 3218 2290 3232 2327; x_wconf 90' lang='lat'><strong>:</strong></span> <span class='ocrx_word' id='word_1_364' title='bbox 3259 2272 3454 2326; x_wconf 85' lang='lat' dir='ltr'><strong>Estote-</strong></span> 
     </span>
    </p>
   </div>
   <div class='ocr_carea' id='block_1_52' title="bbox 1854 2365 3434 2439">
    <p class='ocr_par' dir='ltr' id='par_1_52' title="bbox 1854 2365 3434 2439">
     <span class='ocr_line' id='line_1_52' title="bbox 1854 2365 3434 2439; baseline -0.004 -16"><span class='ocrx_word' id='word_1_365' title='bbox 1854 2370 2115 2438; x_wconf 84' lang='lat' dir='ltr'><strong>sapientes</strong></span> <span class='ocrx_word' id='word_1_366' title='bbox 2141 2369 2275 2423; x_wconf 84' lang='lat' dir='ltr'><strong>sicut</strong></span> <span class='ocrx_word' id='word_1_367' title='bbox 2293 2378 2576 2439; x_wconf 76' lang='lat' dir='ltr'><strong>serpentes,</strong></span> <span class='ocrx_word' id='word_1_368' title='bbox 2599 2378 2647 2423; x_wconf 89' lang='lat' dir='ltr'><strong>et</strong></span> <span class='ocrx_word' id='word_1_369' title='bbox 2666 2369 2927 2439; x_wconf 86' lang='lat' dir='ltr'><strong>simplices</strong></span> <span class='ocrx_word' id='word_1_370' title='bbox 2943 2369 3080 2421; x_wconf 90' lang='lat' dir='ltr'><strong>sicut</strong></span> <span class='ocrx_word' id='word_1_371' title='bbox 3095 2366 3350 2420; x_wconf 65' lang='lat' dir='ltr'><strong>columba:</strong></span> <span class='ocrx_word' id='word_1_372' title='bbox 3367 2365 3434 2417; x_wconf 78' lang='grc' dir='ltr'><strong>ὀ.</strong></span> 
     </span>
    </p>
   </div>
   <div class='ocr_carea' id='block_1_53' title="bbox 1855 2460 3435 2527">
    <p class='ocr_par' dir='ltr' id='par_1_53' title="bbox 1855 2460 3435 2527">
     <span class='ocr_line' id='line_1_53' title="bbox 1855 2460 3435 2527; baseline -0.004 -11"><span class='ocrx_word' id='word_1_373' title='bbox 1855 2463 1961 2518; x_wconf 84' lang='lat' dir='ltr'><strong>Sed</strong></span> <span class='ocrx_word' id='word_1_374' title='bbox 2003 2463 2127 2516; x_wconf 90' lang='lat' dir='ltr'><strong>licet</strong></span> <span class='ocrx_word' id='word_1_375' title='bbox 2184 2463 2289 2517; x_wconf 90' lang='lat' dir='ltr'><strong>hoc</strong></span> <span class='ocrx_word' id='word_1_376' title='bbox 2344 2462 2611 2517; x_wconf 88' lang='lat' dir='ltr'><strong>laudabile</strong></span> <span class='ocrx_word' id='word_1_377' title='bbox 2648 2462 2738 2527; x_wconf 88' lang='lat' dir='ltr'><strong>sit,</strong></span> <span class='ocrx_word' id='word_1_378' title='bbox 2776 2460 2909 2515; x_wconf 91' lang='lat' dir='ltr'><strong>illud</strong></span> <span class='ocrx_word' id='word_1_379' title='bbox 2941 2468 3125 2513; x_wconf 89' lang='lat' dir='ltr'><strong>tamen</strong></span> <span class='ocrx_word' id='word_1_380' title='bbox 3172 2473 3435 2513; x_wconf 83' lang='lat' dir='ltr'><strong>accusan-</strong></span> 
     </span>
    </p>
   </div>
   <div class='ocr_carea' id='block_1_54' title="bbox 1856 2548 3437 2620">
    <p class='ocr_par' dir='ltr' id='par_1_54' title="bbox 1856 2548 3437 2620">
     <span class='ocr_line' id='line_1_54' title="bbox 1856 2548 3437 2620; baseline -0.006 -10"><span class='ocrx_word' id='word_1_381' title='bbox 1856 2556 1984 2610; x_wconf 91' lang='lat' dir='ltr'><strong>dum</strong></span> <span class='ocrx_word' id='word_1_382' title='bbox 2013 2570 2124 2609; x_wconf 89' lang='lat' dir='ltr'><strong>non</strong></span> <span class='ocrx_word' id='word_1_383' title='bbox 2163 2564 2266 2613; x_wconf 89' lang='lat' dir='ltr'><strong>est.</strong></span> <span class='ocrx_word' id='word_1_384' title='bbox 2298 2553 2763 2620; x_wconf 83' lang='lat' dir='ltr'><strong>Quemadmodum</strong></span> <span class='ocrx_word' id='word_1_385' title='bbox 2795 2552 2939 2608; x_wconf 90' lang='lat' dir='ltr'><strong>enim</strong></span> <span class='ocrx_word' id='word_1_386' title='bbox 2981 2550 3241 2605; x_wconf 90' lang='lat' dir='ltr'><strong>mundum</strong></span> <span class='ocrx_word' id='word_1_387' title='bbox 3289 2548 3437 2603; x_wconf 73' lang='lat' dir='ltr'><strong>aesti-</strong></span> 
     </span>
    </p>
   </div>
   <div class='ocr_carea' id='block_1_55' title="bbox 1859 2640 3435 2716">
    <p class='ocr_par' dir='ltr' id='par_1_55' title="bbox 1859 2640 3435 2716">
     <span class='ocr_line' id='line_1_55' title="bbox 1859 2640 3435 2716; baseline -0.005 -16"><span class='ocrx_word' id='word_1_388' title='bbox 1859 2655 1970 2701; x_wconf 89' lang='lat' dir='ltr'><strong>mat</strong></span> <span class='ocrx_word' id='word_1_389' title='bbox 2002 2661 2125 2701; x_wconf 91' lang='lat' dir='ltr'><strong>eum</strong></span> <span class='ocrx_word' id='word_1_390' title='bbox 2153 2645 2245 2716; x_wconf 91' lang='lat' dir='ltr'><strong>qui</strong></span> <span class='ocrx_word' id='word_1_391' title='bbox 2272 2660 2337 2700; x_wconf 85' lang='lat' dir='ltr'><strong>ex</strong></span> <span class='ocrx_word' id='word_1_392' title='bbox 2366 2652 2481 2701; x_wconf 91' lang='lat' dir='ltr'><strong>toto</strong></span> <span class='ocrx_word' id='word_1_393' title='bbox 2518 2643 2746 2715; x_wconf 82' lang='lat' dir='ltr'><strong>simplex</strong></span> <span class='ocrx_word' id='word_1_394' title='bbox 2780 2651 2883 2708; x_wconf 88' lang='lat' dir='ltr'><strong>est,</strong></span> <span class='ocrx_word' id='word_1_395' title='bbox 2914 2642 2993 2697; x_wconf 90' lang='lat' dir='ltr'><strong>sic</strong></span> <span class='ocrx_word' id='word_1_396' title='bbox 3017 2650 3073 2696; x_wconf 92' lang='lat' dir='ltr'><strong>et</strong></span> <span class='ocrx_word' id='word_1_397' title='bbox 3116 2640 3289 2703; x_wconf 90' lang='lat' dir='ltr'><strong>illum,</strong></span> <span class='ocrx_word' id='word_1_398' title='bbox 3344 2641 3435 2709; x_wconf 89' lang='lat' dir='ltr'><strong>qui</strong></span> 
     </span>
    </p>
   </div>
   <div class='ocr_carea' id='block_1_56' title="bbox 1857 2732 3434 2806">
    <p class='ocr_par' dir='ltr' id='par_1_56' title="bbox 1857 2732 3434 2806">
     <span class='ocr_line' id='line_1_56' title="bbox 1857 2732 3434 2806; baseline -0.004 -14"><span class='ocrx_word' id='word_1_399' title='bbox 1857 2754 1922 2792; x_wconf 80' lang='lat' dir='ltr'><strong>ex</strong></span> <span class='ocrx_word' id='word_1_400' title='bbox 1944 2746 2097 2806; x_wconf 87' lang='lat' dir='ltr'><strong>parte</strong></span> <span class='ocrx_word' id='word_1_401' title='bbox 2134 2747 2236 2802; x_wconf 83' lang='lat' dir='ltr'><strong>est,</strong></span> <span class='ocrx_word' id='word_1_402' title='bbox 2262 2736 2498 2791; x_wconf 84' lang='lat' dir='ltr'><strong>maxime</strong></span> <span class='ocrx_word' id='word_1_403' title='bbox 2537 2737 2683 2790; x_wconf 86' lang='lat' dir='ltr'><strong>hunc</strong></span> <span class='ocrx_word' id='word_1_404' title='bbox 2712 2735 2802 2805; x_wconf 89' lang='lat' dir='ltr'><strong>qui</strong></span> <span class='ocrx_word' id='word_1_405' title='bbox 2834 2750 2897 2789; x_wconf 86' lang='lat' dir='ltr'><strong>ex</strong></span> <span class='ocrx_word' id='word_1_406' title='bbox 2936 2732 3283 2802; x_wconf 89' lang='lat' dir='ltr'><strong>simplicitate</strong></span> <span class='ocrx_word' id='word_1_407' title='bbox 3313 2740 3434 2793; x_wconf 87' lang='lat' dir='ltr'><strong>est;</strong></span> 
     </span>
    </p>
   </div>
   <div class='ocr_carea' id='block_1_57' title="bbox 1857 2821 3439 2897">
    <p class='ocr_par' dir='ltr' id='par_1_57' title="bbox 1857 2821 3439 2897">
     <span class='ocr_line' id='line_1_57' title="bbox 1857 2821 3439 2897; baseline -0.003 -17"><span class='ocrx_word' id='word_1_408' title='bbox 1857 2842 1981 2880; x_wconf 90' lang='lat' dir='ltr'><strong>nam</strong></span> <span class='ocrx_word' id='word_1_409' title='bbox 2010 2826 2111 2881; x_wconf 90' lang='lat' dir='ltr'><strong>hoc</strong></span> <span class='ocrx_word' id='word_1_410' title='bbox 2140 2825 2549 2897; x_wconf 89' lang='lat' dir='ltr'><strong>intelligendum</strong></span> <span class='ocrx_word' id='word_1_411' title='bbox 2573 2834 2655 2879; x_wconf 90' lang='lat' dir='ltr'><strong>est</strong></span> <span class='ocrx_word' id='word_1_412' title='bbox 2685 2825 2740 2878; x_wconf 91' lang='lat' dir='ltr'><strong>in</strong></span> <span class='ocrx_word' id='word_1_413' title='bbox 2763 2823 2969 2893; x_wconf 86' lang='lat' dir='ltr'><strong>capillis</strong></span> <span class='ocrx_word' id='word_1_414' title='bbox 2991 2822 3307 2886; x_wconf 84' lang='lat' dir='ltr'><strong>ﬂuentibus,</strong></span> <span class='ocrx_word' id='word_1_415' title='bbox 3336 2821 3439 2875; x_wconf 88' lang='lat' dir='ltr'><strong>hoc</strong></span> 
     </span>
    </p>
   </div>
   <div class='ocr_carea' id='block_1_58' title="bbox 1858 2915 3431 2986">
    <p class='ocr_par' dir='ltr' id='par_1_58' title="bbox 1858 2915 3431 2986">
     <span class='ocr_line' id='line_1_58' title="bbox 1858 2915 3431 2986; baseline -0.004 -14"><span class='ocrx_word' id='word_1_416' title='bbox 1858 2926 1942 2972; x_wconf 92' lang='lat' dir='ltr'><strong>est</strong></span> <span class='ocrx_word' id='word_1_417' title='bbox 1962 2918 2363 2973; x_wconf 88' lang='lat' dir='ltr'><strong>rarescentibus</strong></span> <span class='ocrx_word' id='word_1_418' title='bbox 2384 2917 2439 2971; x_wconf 91' lang='lat' dir='ltr'><strong>in</strong></span> <span class='ocrx_word' id='word_1_419' title='bbox 2464 2917 2661 2982; x_wconf 84' lang='lat' dir='ltr'><strong>fronte,</strong></span> <span class='ocrx_word' id='word_1_420' title='bbox 2693 2931 2855 2986; x_wconf 87' lang='lat' dir='ltr'><strong>quem</strong></span> <span class='ocrx_word' id='word_1_421' title='bbox 2880 2922 2935 2970; x_wconf 89' lang='lat' dir='ltr'><strong>et</strong></span> <span class='ocrx_word' id='word_1_422' title='bbox 2967 2915 3298 2969; x_wconf 88' lang='lat' dir='ltr'><strong>calvastrum</strong></span> <span class='ocrx_word' id='word_1_423' title='bbox 3334 2928 3431 2982; x_wconf 89' lang='lat' dir='ltr'><strong>ap-</strong></span> 
     </span>
    </p>
   </div>
   <div class='ocr_carea' id='block_1_59' title="bbox 1857 3003 3439 3080">
    <p class='ocr_par' dir='ltr' id='par_1_59' title="bbox 1857 3003 3439 3080">
     <span class='ocr_line' id='line_1_59' title="bbox 1857 3003 3439 3080; baseline -0.004 -17"><span class='ocrx_word' id='word_1_424' title='bbox 1857 3009 2097 3080; x_wconf 88' lang='lat' dir='ltr'><strong>pellavit.</strong></span> <span class='ocrx_word' id='word_1_425' title='bbox 2128 3007 2226 3064; x_wconf 88' lang='lat' dir='ltr'><strong>Hic</strong></span> <span class='ocrx_word' id='word_1_426' title='bbox 2258 3015 2439 3063; x_wconf 90' lang='lat' dir='ltr'><strong>autem</strong></span> <span class='ocrx_word' id='word_1_427' title='bbox 2463 3007 2641 3077; x_wconf 87' lang='lat' dir='ltr'><strong>priore</strong></span> <span class='ocrx_word' id='word_1_428' title='bbox 2666 3007 2907 3062; x_wconf 88' lang='lat' dir='ltr'><strong>deterior</strong></span> <span class='ocrx_word' id='word_1_429' title='bbox 2930 3012 3015 3060; x_wconf 91' lang='lat' dir='ltr'><strong>est</strong></span> <span class='ocrx_word' id='word_1_430' title='bbox 3045 3023 3058 3059; x_wconf 92' lang='lat'><strong>:</strong></span> <span class='ocrx_word' id='word_1_431' title='bbox 3087 3019 3217 3059; x_wconf 89' lang='lat' dir='ltr'><strong>nam</strong></span> <span class='ocrx_word' id='word_1_432' title='bbox 3239 3003 3439 3059; x_wconf 89' lang='lat' dir='ltr'><strong>melius</strong></span> 
     </span>
    </p>
   </div>
   <div class='ocr_carea' id='block_1_60' title="bbox 1858 3095 3435 3170">
    <p class='ocr_par' dir='ltr' id='par_1_60' title="bbox 1858 3095 3435 3170">
     <span class='ocr_line' id='line_1_60' title="bbox 1858 3095 3435 3170; baseline -0.004 -14"><span class='ocrx_word' id='word_1_433' title='bbox 1858 3108 1941 3156; x_wconf 88' lang='lat' dir='ltr'><strong>est</strong></span> <span class='ocrx_word' id='word_1_434' title='bbox 1960 3100 2177 3170; x_wconf 88' lang='lat' dir='ltr'><strong>quidem</strong></span> <span class='ocrx_word' id='word_1_435' title='bbox 2210 3100 2441 3155; x_wconf 87' lang='lat' dir='ltr'><strong>virtutes</strong></span> <span class='ocrx_word' id='word_1_436' title='bbox 2495 3099 2850 3160; x_wconf 85' lang='lat' dir='ltr'><strong>abscondere,</strong></span> <span class='ocrx_word' id='word_1_437' title='bbox 2893 3097 2937 3155; x_wconf 88' lang='lat' dir='ltr'><strong>si</strong></span> <span class='ocrx_word' id='word_1_438' title='bbox 3001 3105 3180 3150; x_wconf 91' lang='lat' dir='ltr'><strong>tamen</strong></span> <span class='ocrx_word' id='word_1_439' title='bbox 3240 3095 3435 3165; x_wconf 88' lang='lat' dir='ltr'><strong>aliquis</strong></span> 
     </span>
    </p>
   </div>
   <div class='ocr_carea' id='block_1_61' title="bbox 179 3180 3523 3280">
    <p class='ocr_par' dir='ltr' id='par_1_61' title="bbox 179 3180 3523 3280">
     <span class='ocr_line' id='line_1_61' title="bbox 179 3180 3523 3280; baseline -0.001 -46"><span class='ocrx_word' id='word_1_440' title='bbox 179 3196 293 3252; x_wconf 86' lang='lat' dir='ltr'><strong>gem</strong></span> <span class='ocrx_word' id='word_1_441' title='bbox 328 3180 632 3247; x_wconf 77' lang='lat' dir='ltr'><strong>Judaicam,</strong></span> <span class='ocrx_word' id='word_1_442' title='bbox 664 3184 1007 3256; x_wconf 89' lang='lat' dir='ltr'><strong>dogmatibus</strong></span> <span class='ocrx_word' id='word_1_443' title='bbox 1041 3185 1298 3255; x_wconf 85' lang='lat' dir='ltr'><strong>loquitur,</strong></span> <span class='ocrx_word' id='word_1_444' title='bbox 1342 3193 1397 3240; x_wconf 84' lang='lat' dir='ltr'><strong>et</strong></span> <span class='ocrx_word' id='word_1_445' title='bbox 1437 3202 1555 3256; x_wconf 71' lang='lat' dir='ltr'><strong>qua:</strong></span> <span class='ocrx_word' id='word_1_446' title='bbox 1600 3186 1655 3240; x_wconf 92' lang='lat' dir='ltr'><strong>in</strong></span> <span class='ocrx_word' id='word_1_447' title='bbox 1687 3202 1749 3242; x_wconf 86' lang='lat' dir='ltr'><strong>ea</strong></span> <span class='ocrx_word' id='word_1_448' title='bbox 1784 3223 1826 3280; x_wconf 61' lang='grc' dir='ltr'><strong>ς</strong></span> <span class='ocrx_word' id='word_1_449' title='bbox 1860 3193 2081 3264; x_wconf 88' lang='lat' dir='ltr'><strong>gloriam</strong></span> <span class='ocrx_word' id='word_1_450' title='bbox 2125 3207 2313 3248; x_wconf 87' lang='lat' dir='ltr'><strong>earum</strong></span> <span class='ocrx_word' id='word_1_451' title='bbox 2342 3191 2555 3263; x_wconf 88' lang='lat' dir='ltr'><strong>prodat,</strong></span> <span class='ocrx_word' id='word_1_452' title='bbox 2590 3190 2886 3245; x_wconf 87' lang='lat' dir='ltr'><strong>tolerabilis</strong></span> <span class='ocrx_word' id='word_1_453' title='bbox 2917 3190 3096 3258; x_wconf 88' lang='lat' dir='ltr'><strong>passio</strong></span> <span class='ocrx_word' id='word_1_454' title='bbox 3129 3196 3233 3252; x_wconf 82' lang='lat' dir='ltr'><strong>est,</strong></span> <span class='ocrx_word' id='word_1_455' title='bbox 3263 3197 3319 3241; x_wconf 74' lang='lat' dir='ltr'><strong>et</strong></span> <span class='ocrx_word' id='word_1_456' title='bbox 3352 3187 3438 3240; x_wconf 75' lang='lat' dir='ltr'><strong>vi-</strong></span> <span class='ocrx_word' id='word_1_457' title='bbox 3518 3224 3523 3229; x_wconf 87' lang='lat'><strong>.</strong></span> 
     </span>
    </p>
   </div>
   <div class='ocr_carea' id='block_1_62' title="bbox 179 3274 1759 3345">
    <p class='ocr_par' dir='ltr' id='par_1_62' title="bbox 179 3274 1759 3345">
     <span class='ocr_line' id='line_1_62' title="bbox 179 3274 1759 3345; baseline 0.005 -18"><span class='ocrx_word' id='word_1_458' title='bbox 179 3282 302 3328; x_wconf 75' lang='lat' dir='ltr'><strong>sunt</strong></span> <span class='ocrx_word' id='word_1_459' title='bbox 324 3274 536 3345; x_wconf 86' lang='lat' dir='ltr'><strong>culpas,</strong></span> <span class='ocrx_word' id='word_1_460' title='bbox 561 3277 953 3333; x_wconf 90' lang='lat' dir='ltr'><strong>subobscurum</strong></span> <span class='ocrx_word' id='word_1_461' title='bbox 983 3278 1223 3333; x_wconf 85' lang='lat' dir='ltr'><strong>alborem</strong></span> <span class='ocrx_word' id='word_1_462' title='bbox 1266 3287 1322 3333; x_wconf 91' lang='lat' dir='ltr'><strong>et</strong></span> <span class='ocrx_word' id='word_1_463' title='bbox 1348 3279 1614 3334; x_wconf 89' lang='lat' dir='ltr'><strong>lucentem</strong></span> <span class='ocrx_word' id='word_1_464' title='bbox 1637 3294 1759 3335; x_wconf 89' lang='lat' dir='ltr'><strong>esse</strong></span> 
     </span>
    </p>
   </div>
   <div class='ocr_carea' id='block_1_63' title="bbox 181 3364 1759 3441">
    <p class='ocr_par' dir='ltr' id='par_1_63' title="bbox 181 3364 1759 3441">
     <span class='ocr_line' id='line_1_63' title="bbox 181 3364 1759 3441; baseline 0.004 -22"><span class='ocrx_word' id='word_1_465' title='bbox 181 3364 312 3419; x_wconf 80' lang='lat' dir='ltr'><strong>dixit</strong></span> <span class='ocrx_word' id='word_1_466' title='bbox 350 3382 370 3431; x_wconf 91' lang='lat'><strong>;</strong></span> <span class='ocrx_word' id='word_1_467' title='bbox 408 3368 864 3436; x_wconf 89' lang='lat' dir='ltr'><strong>quemadmodum</strong></span> <span class='ocrx_word' id='word_1_468' title='bbox 896 3384 1025 3441; x_wconf 90' lang='lat' dir='ltr'><strong>ergo</strong></span> <span class='ocrx_word' id='word_1_469' title='bbox 1071 3370 1379 3425; x_wconf 81' lang='lat' dir='ltr'><strong>cicatricem</strong></span> <span class='ocrx_word' id='word_1_470' title='bbox 1417 3371 1596 3425; x_wconf 87' lang='lat' dir='ltr'><strong>albam</strong></span> <span class='ocrx_word' id='word_1_471' title='bbox 1636 3386 1759 3425; x_wconf 90' lang='lat' dir='ltr'><strong>esse</strong></span> 
     </span>
    </p>
   </div>
   <div class='ocr_carea' id='block_1_64' title="bbox 178 3453 1761 3533">
    <p class='ocr_par' dir='ltr' id='par_1_64' title="bbox 178 3453 1761 3533">
     <span class='ocr_line' id='line_1_64' title="bbox 178 3453 1761 3533; baseline 0.006 -25"><span class='ocrx_word' id='word_1_472' title='bbox 178 3453 420 3511; x_wconf 82' lang='lat' dir='ltr'><strong>diximus</strong></span> <span class='ocrx_word' id='word_1_473' title='bbox 457 3462 940 3529; x_wconf 84' lang='lat' dir='ltr'><strong>transgressionem</strong></span> <span class='ocrx_word' id='word_1_474' title='bbox 973 3462 1158 3533; x_wconf 87' lang='lat' dir='ltr'><strong>legalis</strong></span> <span class='ocrx_word' id='word_1_475' title='bbox 1194 3461 1405 3526; x_wconf 67' lang='lat' dir='ltr'><strong>litterae,</strong></span> <span class='ocrx_word' id='word_1_476' title='bbox 1440 3463 1518 3518; x_wconf 90' lang='lat' dir='ltr'><strong>sic</strong></span> <span class='ocrx_word' id='word_1_477' title='bbox 1561 3471 1616 3517; x_wconf 89' lang='lat' dir='ltr'><strong>et</strong></span> <span class='ocrx_word' id='word_1_478' title='bbox 1641 3463 1761 3533; x_wconf 87' lang='lat' dir='ltr'><strong>ejus</strong></span> 
     </span>
    </p>
   </div>
   <div class='ocr_carea' id='block_1_65' title="bbox 181 3547 1757 3617">
    <p class='ocr_par' dir='ltr' id='par_1_65' title="bbox 181 3547 1757 3617">
     <span class='ocr_line' id='line_1_65' title="bbox 181 3547 1757 3617; baseline 0.006 -17"><span class='ocrx_word' id='word_1_479' title='bbox 181 3547 540 3617; x_wconf 82' lang='lat' dir='ltr'><strong>ignorantiam</strong></span> <span class='ocrx_word' id='word_1_480' title='bbox 612 3553 1008 3609; x_wconf 87' lang='lat' dir='ltr'><strong>subobscurum</strong></span> <span class='ocrx_word' id='word_1_481' title='bbox 1081 3556 1321 3610; x_wconf 88' lang='lat' dir='ltr'><strong>alborem</strong></span> <span class='ocrx_word' id='word_1_482' title='bbox 1381 3564 1437 3610; x_wconf 92' lang='lat' dir='ltr'><strong>et</strong></span> <span class='ocrx_word' id='word_1_483' title='bbox 1486 3556 1757 3610; x_wconf 89' lang='lat' dir='ltr'><strong>lucentem</strong></span> 
     </span>
    </p>
   </div>
   <div class='ocr_carea' id='block_1_66' title="bbox 182 3640 1757 3716">
    <p class='ocr_par' dir='ltr' id='par_1_66' title="bbox 182 3640 1757 3716">
     <span class='ocr_line' id='line_1_66' title="bbox 182 3640 1757 3716; baseline 0.006 -23"><span class='ocrx_word' id='word_1_484' title='bbox 182 3640 549 3713; x_wconf 87' lang='lat' dir='ltr'><strong>intelligamus</strong></span> <span class='ocrx_word' id='word_1_485' title='bbox 587 3644 715 3701; x_wconf 91' lang='lat' dir='ltr'><strong>dici.</strong></span> <span class='ocrx_word' id='word_1_486' title='bbox 746 3646 1113 3716; x_wconf 86' lang='lat' dir='ltr'><strong>lgnorantiam</strong></span> <span class='ocrx_word' id='word_1_487' title='bbox 1148 3658 1330 3703; x_wconf 90' lang='lat' dir='ltr'><strong>autem</strong></span> <span class='ocrx_word' id='word_1_488' title='bbox 1369 3663 1480 3704; x_wconf 90' lang='lat' dir='ltr'><strong>non</strong></span> <span class='ocrx_word' id='word_1_489' title='bbox 1513 3648 1757 3703; x_wconf 90' lang='lat' dir='ltr'><strong>omnium</strong></span> 
     </span>
    </p>
   </div>
   <div class='ocr_carea' id='block_1_67' title="bbox 180 3734 1753 3812">
    <p class='ocr_par' dir='ltr' id='par_1_67' title="bbox 180 3734 1753 3812">
     <span class='ocr_line' id='line_1_67' title="bbox 180 3734 1753 3812; baseline 0.006 -26"><span class='ocrx_word' id='word_1_490' title='bbox 180 3746 297 3799; x_wconf 75' lang='lat' dir='ltr'><strong>qua:</strong></span> <span class='ocrx_word' id='word_1_491' title='bbox 328 3734 486 3799; x_wconf 86' lang='lat' dir='ltr'><strong>dicit,</strong></span> <span class='ocrx_word' id='word_1_492' title='bbox 521 3751 623 3790; x_wconf 91' lang='lat' dir='ltr'><strong>nec</strong></span> <span class='ocrx_word' id='word_1_493' title='bbox 652 3752 839 3791; x_wconf 91' lang='lat' dir='ltr'><strong>eorum</strong></span> <span class='ocrx_word' id='word_1_494' title='bbox 866 3753 987 3807; x_wconf 69' lang='lat' dir='ltr'><strong>quae</strong></span> <span class='ocrx_word' id='word_1_495' title='bbox 1016 3740 1326 3794; x_wconf 88' lang='lat' dir='ltr'><strong>communia</strong></span> <span class='ocrx_word' id='word_1_496' title='bbox 1357 3757 1479 3796; x_wconf 89' lang='lat' dir='ltr'><strong>cum</strong></span> <span class='ocrx_word' id='word_1_497' title='bbox 1512 3743 1627 3812; x_wconf 87' lang='lat' dir='ltr'><strong>lege</strong></span> <span class='ocrx_word' id='word_1_498' title='bbox 1655 3757 1753 3795; x_wconf 82' lang='lat' dir='ltr'><strong>na-</strong></span> 
     </span>
    </p>
   </div>
   <div class='ocr_carea' id='block_1_68' title="bbox 184 3825 1757 3904">
    <p class='ocr_par' dir='ltr' id='par_1_68' title="bbox 184 3825 1757 3904">
     <span class='ocr_line' id='line_1_68' title="bbox 184 3825 1757 3904; baseline 0.008 -29"><span class='ocrx_word' id='word_1_499' title='bbox 184 3825 363 3891; x_wconf 87' lang='lat' dir='ltr'><strong>turali,</strong></span> <span class='ocrx_word' id='word_1_500' title='bbox 396 3826 481 3881; x_wconf 87' lang='lat' dir='ltr'><strong>vel</strong></span> <span class='ocrx_word' id='word_1_501' title='bbox 509 3826 831 3904; x_wconf 64' lang='lat' dir='ltr'><strong>evangelio-is</strong></span> <span class='ocrx_word' id='word_1_502' title='bbox 859 3829 1144 3898; x_wconf 65' lang='lat' dir='ltr'><strong>praeceptis</strong></span> <span class='ocrx_word' id='word_1_503' title='bbox 1166 3836 1314 3893; x_wconf 87' lang='lat' dir='ltr'><strong>sunt,</strong></span> <span class='ocrx_word' id='word_1_504' title='bbox 1346 3831 1605 3900; x_wconf 90' lang='lat' dir='ltr'><strong>possidet.</strong></span> <span class='ocrx_word' id='word_1_505' title='bbox 1646 3831 1757 3886; x_wconf 86' lang='lat' dir='ltr'><strong>Ne—</strong></span> 
     </span>
    </p>
   </div>
   <div class='ocr_carea' id='block_1_69' title="bbox 182 3916 1756 3987">
    <p class='ocr_par' dir='ltr' id='par_1_69' title="bbox 182 3916 1756 3987">
     <span class='ocr_line' id='line_1_69' title="bbox 182 3916 1756 3987; baseline 0.004 -19"><span class='ocrx_word' id='word_1_506' title='bbox 182 3930 282 3982; x_wconf 87' lang='lat' dir='ltr'><strong>que</strong></span> <span class='ocrx_word' id='word_1_507' title='bbox 314 3916 466 3970; x_wconf 82' lang='lat' dir='ltr'><strong>eniui</strong></span> <span class='ocrx_word' id='word_1_508' title='bbox 497 3917 765 3987; x_wconf 88' lang='lat' dir='ltr'><strong>ignorare,</strong></span> <span class='ocrx_word' id='word_1_509' title='bbox 793 3916 913 3971; x_wconf 86' lang='lat' dir='ltr'><strong>Non</strong></span> <span class='ocrx_word' id='word_1_510' title='bbox 955 3918 1191 3983; x_wconf 84' lang='lat' dir='ltr'><strong>occides,</strong></span> <span class='ocrx_word' id='word_1_511' title='bbox 1222 3919 1344 3975; x_wconf 88' lang='lat' dir='ltr'><strong>Non</strong></span> <span class='ocrx_word' id='word_1_512' title='bbox 1370 3922 1756 3987; x_wconf 72' lang='lat' dir='ltr'><strong>mtechaberis,</strong></span> 
     </span>
    </p>
   </div>
   <div class='ocr_carea' id='block_1_70' title="bbox 182 4004 1760 4082">
    <p class='ocr_par' dir='ltr' id='par_1_70' title="bbox 182 4004 1760 4082">
     <span class='ocr_line' id='line_1_70' title="bbox 182 4004 1760 4082; baseline 0.004 -22"><span class='ocrx_word' id='word_1_513' title='bbox 182 4004 297 4061; x_wconf 86' lang='lat' dir='ltr'><strong>Non</strong></span> <span class='ocrx_word' id='word_1_514' title='bbox 329 4006 540 4062; x_wconf 81' lang='lat' dir='ltr'><strong>furtum</strong></span> <span class='ocrx_word' id='word_1_515' title='bbox 563 4007 749 4071; x_wconf 81' lang='lat' dir='ltr'><strong>iacies,</strong></span> <span class='ocrx_word' id='word_1_516' title='bbox 770 4008 996 4063; x_wconf 85' lang='lat' dir='ltr'><strong>cuilibet</strong></span> <span class='ocrx_word' id='word_1_517' title='bbox 1014 4009 1311 4080; x_wconf 90' lang='lat' dir='ltr'><strong>ignoscitur</strong></span> <span class='ocrx_word' id='word_1_518' title='bbox 1342 4012 1472 4067; x_wconf 90' lang='lat' dir='ltr'><strong>:sed</strong></span> <span class='ocrx_word' id='word_1_519' title='bbox 1498 4028 1729 4082; x_wconf 88' lang='lat' dir='ltr'><strong>quorum</strong></span> <span class='ocrx_word' id='word_1_520' title='bbox 1748 4044 1760 4050; x_wconf 53' lang='grc' dir='ltr'><em>ν</em></span> 
     </span>
    </p>
   </div>
   <div class='ocr_carea' id='block_1_71' title="bbox 181 4096 1762 4174">
    <p class='ocr_par' dir='ltr' id='par_1_71' title="bbox 181 4096 1762 4174">
     <span class='ocr_line' id='line_1_71' title="bbox 181 4096 1762 4174; baseline 0.005 -24"><span class='ocrx_word' id='word_1_521' title='bbox 181 4096 301 4151; x_wconf 90' lang='lat' dir='ltr'><strong>dam</strong></span> <span class='ocrx_word' id='word_1_522' title='bbox 331 4098 647 4169; x_wconf 87' lang='lat' dir='ltr'><strong>partialium</strong></span> <span class='ocrx_word' id='word_1_523' title='bbox 674 4114 1076 4170; x_wconf 89' lang='lat' dir='ltr'><strong>parvorumque</strong></span> <span class='ocrx_word' id='word_1_524' title='bbox 1101 4101 1477 4157; x_wconf 88' lang='lat' dir='ltr'><strong>mandatorum</strong></span> <span class='ocrx_word' id='word_1_525' title='bbox 1510 4102 1762 4174; x_wconf 85' lang='lat' dir='ltr'><strong>ignoran-</strong></span> 
     </span>
    </p>
   </div>
   <div class='ocr_carea' id='block_1_72' title="bbox 184 4188 1759 4262">
    <p class='ocr_par' dir='ltr' id='par_1_72' title="bbox 184 4188 1759 4262">
     <span class='ocr_line' id='line_1_72' title="bbox 184 4188 1759 4262; baseline 0.005 -19"><span class='ocrx_word' id='word_1_526' title='bbox 184 4188 274 4255; x_wconf 90' lang='lat' dir='ltr'><strong>tia,</strong></span> <span class='ocrx_word' id='word_1_527' title='bbox 303 4190 477 4245; x_wconf 89' lang='lat' dir='ltr'><strong>veluti</strong></span> <span class='ocrx_word' id='word_1_528' title='bbox 519 4193 737 4261; x_wconf 89' lang='lat' dir='ltr'><strong>quando</strong></span> <span class='ocrx_word' id='word_1_529' title='bbox 777 4201 993 4262; x_wconf 89' lang='lat' dir='ltr'><strong>oportet</strong></span> <span class='ocrx_word' id='word_1_530' title='bbox 1048 4192 1297 4248; x_wconf 89' lang='lat' dir='ltr'><strong>mundari</strong></span> <span class='ocrx_word' id='word_1_531' title='bbox 1349 4204 1759 4262; x_wconf 88' lang='lat' dir='ltr'><strong>menstruatam,</strong></span> 
     </span>
    </p>
   </div>
   <div class='ocr_carea' id='block_1_73' title="bbox 184 4282 1763 4358">
    <p class='ocr_par' dir='ltr' id='par_1_73' title="bbox 184 4282 1763 4358">
     <span class='ocr_line' id='line_1_73' title="bbox 184 4282 1763 4358; baseline 0.004 -24"><span class='ocrx_word' id='word_1_532' title='bbox 184 4282 406 4350; x_wconf 89' lang='lat' dir='ltr'><strong>quando</strong></span> <span class='ocrx_word' id='word_1_533' title='bbox 460 4283 639 4338; x_wconf 68' lang='lat' dir='ltr'><strong>offerri</strong></span> <span class='ocrx_word' id='word_1_534' title='bbox 695 4298 793 4353; x_wconf 91' lang='lat' dir='ltr'><strong>pro</strong></span> <span class='ocrx_word' id='word_1_535' title='bbox 848 4284 1096 4354; x_wconf 87' lang='lat' dir='ltr'><strong>pariente</strong></span> <span class='ocrx_word' id='word_1_536' title='bbox 1159 4286 1483 4351; x_wconf 89' lang='lat' dir='ltr'><strong>masculum,</strong></span> <span class='ocrx_word' id='word_1_537' title='bbox 1544 4288 1763 4358; x_wconf 87' lang='lat' dir='ltr'><strong>quando</strong></span> 
     </span>
    </p>
   </div>
   <div class='ocr_carea' id='block_1_74' title="bbox 184 4372 1763 4449">
    <p class='ocr_par' dir='ltr' id='par_1_74' title="bbox 184 4372 1763 4449">
     <span class='ocr_line' id='line_1_74' title="bbox 184 4372 1763 4449; baseline 0.004 -22"><span class='ocrx_word' id='word_1_538' title='bbox 184 4372 345 4428; x_wconf 89' lang='lat' dir='ltr'><strong>etiam</strong></span> <span class='ocrx_word' id='word_1_539' title='bbox 380 4390 479 4443; x_wconf 89' lang='lat' dir='ltr'><strong>pro</strong></span> <span class='ocrx_word' id='word_1_540' title='bbox 517 4390 579 4429; x_wconf 89' lang='lat' dir='ltr'><strong>ea</strong></span> <span class='ocrx_word' id='word_1_541' title='bbox 612 4391 733 4445; x_wconf 73' lang='lat' dir='ltr'><strong>quae</strong></span> <span class='ocrx_word' id='word_1_542' title='bbox 773 4375 1030 4431; x_wconf 80' lang='lat' dir='ltr'><strong>feminam</strong></span> <span class='ocrx_word' id='word_1_543' title='bbox 1075 4377 1306 4446; x_wconf 90' lang='lat' dir='ltr'><strong>peperit.</strong></span> <span class='ocrx_word' id='word_1_544' title='bbox 1358 4378 1584 4449; x_wconf 88' lang='lat' dir='ltr'><strong>Propter</strong></span> <span class='ocrx_word' id='word_1_545' title='bbox 1620 4380 1763 4449; x_wconf 90' lang='lat' dir='ltr'><strong>quod</strong></span> 
     </span>
    </p>
   </div>
   <div class='ocr_carea' id='block_1_75' title="bbox 187 4466 1760 4539">
    <p class='ocr_par' dir='ltr' id='par_1_75' title="bbox 187 4466 1760 4539">
     <span class='ocr_line' id='line_1_75' title="bbox 187 4466 1760 4539; baseline 0.006 -22"><span class='ocrx_word' id='word_1_546' title='bbox 187 4479 247 4519; x_wconf 87' lang='lat' dir='ltr'><strong>ea</strong></span> <span class='ocrx_word' id='word_1_547' title='bbox 271 4466 673 4522; x_wconf 80' lang='lat' dir='ltr'><strong>subobscuram</strong></span> <span class='ocrx_word' id='word_1_548' title='bbox 706 4469 967 4533; x_wconf 88' lang='lat' dir='ltr'><strong>alborem,</strong></span> <span class='ocrx_word' id='word_1_549' title='bbox 1000 4477 1191 4538; x_wconf 91' lang='lat' dir='ltr'><strong>utpote</strong></span> <span class='ocrx_word' id='word_1_550' title='bbox 1225 4484 1422 4539; x_wconf 89' lang='lat' dir='ltr'><strong>parvas</strong></span> <span class='ocrx_word' id='word_1_551' title='bbox 1458 4472 1760 4537; x_wconf 90' lang='lat' dir='ltr'><strong>cicatrices,</strong></span> 
     </span>
    </p>
   </div>
   <div class='ocr_carea' id='block_1_76' title="bbox 1858 3280 3447 3355">
    <p class='ocr_par' dir='ltr' id='par_1_76' title="bbox 1858 3280 3447 3355">
     <span class='ocr_line' id='line_1_76' title="bbox 1858 3280 3447 3355; baseline -0.002 -15"><span class='ocrx_word' id='word_1_552' title='bbox 1858 3286 1979 3341; x_wconf 85' lang='lat' dir='ltr'><strong>cina</strong></span> <span class='ocrx_word' id='word_1_553' title='bbox 2003 3285 2195 3341; x_wconf 73' lang='lat' dir='ltr'><strong>venite.</strong></span> <span class='ocrx_word' id='word_1_554' title='bbox 2223 3284 2454 3355; x_wconf 89' lang='lat' dir='ltr'><strong>Propter</strong></span> <span class='ocrx_word' id='word_1_555' title='bbox 2478 3283 2624 3353; x_wconf 90' lang='lat' dir='ltr'><strong>quod</strong></span> <span class='ocrx_word' id='word_1_556' title='bbox 2654 3283 2759 3337; x_wconf 89' lang='lat' dir='ltr'><strong>erit</strong></span> <span class='ocrx_word' id='word_1_557' title='bbox 2782 3281 3041 3346; x_wconf 89' lang='lat' dir='ltr'><strong>mundus,</strong></span> <span class='ocrx_word' id='word_1_558' title='bbox 3068 3280 3197 3350; x_wconf 88' lang='lat' dir='ltr'><strong>quia</strong></span> <span class='ocrx_word' id='word_1_559' title='bbox 3243 3294 3447 3337; x_wconf 53' lang='lat' dir='ltr'><strong>secutis</strong></span> 
     </span>
    </p>
   </div>
   <div class='ocr_carea' id='block_1_77' title="bbox 1856 3371 3435 3442">
    <p class='ocr_par' dir='ltr' id='par_1_77' title="bbox 1856 3371 3435 3442">
     <span class='ocr_line' id='line_1_77' title="bbox 1856 3371 3435 3442; baseline -0.004 -13"><span class='ocrx_word' id='word_1_560' title='bbox 1856 3373 1986 3429; x_wconf 90' lang='lat' dir='ltr'><strong>dum</strong></span> <span class='ocrx_word' id='word_1_561' title='bbox 2006 3374 2219 3440; x_wconf 77' lang='lat' dir='ltr'><strong>faciem,</strong></span> <span class='ocrx_word' id='word_1_562' title='bbox 2254 3374 2439 3431; x_wconf 91' lang='lat' dir='ltr'><strong>divina</strong></span> <span class='ocrx_word' id='word_1_563' title='bbox 2474 3372 2753 3442; x_wconf 89' lang='lat' dir='ltr'><strong>Scriptura</strong></span> <span class='ocrx_word' id='word_1_564' title='bbox 2789 3371 2944 3442; x_wconf 89' lang='lat' dir='ltr'><strong>prodi</strong></span> <span class='ocrx_word' id='word_1_565' title='bbox 2973 3371 3226 3435; x_wconf 88' lang='lat' dir='ltr'><strong>virtutes,</strong></span> <span class='ocrx_word' id='word_1_566' title='bbox 3255 3378 3311 3424; x_wconf 91' lang='lat' dir='ltr'><strong>et</strong></span> <span class='ocrx_word' id='word_1_567' title='bbox 3340 3384 3435 3424; x_wconf 80' lang='lat' dir='ltr'><strong>co-</strong></span> 
     </span>
    </p>
   </div>
   <div class='ocr_carea' id='block_1_78' title="bbox 1862 3462 3459 3539">
    <p class='ocr_par' dir='ltr' id='par_1_78' title="bbox 1862 3462 3459 3539">
     <span class='ocr_line' id='line_1_78' title="bbox 1862 3462 3459 3539; baseline -0.003 -16"><span class='ocrx_word' id='word_1_568' title='bbox 1862 3483 1975 3523; x_wconf 89' lang='lat' dir='ltr'><strong>ram</strong></span> <span class='ocrx_word' id='word_1_569' title='bbox 2013 3469 2323 3525; x_wconf 90' lang='lat' dir='ltr'><strong>hominibus</strong></span> <span class='ocrx_word' id='word_1_570' title='bbox 2355 3484 2452 3539; x_wconf 91' lang='lat' dir='ltr'><strong>per</strong></span> <span class='ocrx_word' id='word_1_571' title='bbox 2482 3482 2576 3523; x_wconf 90' lang='lat' dir='ltr'><strong>eas</strong></span> <span class='ocrx_word' id='word_1_572' title='bbox 2606 3466 2737 3521; x_wconf 88' lang='lat' dir='ltr'><strong>dicit</strong></span> <span class='ocrx_word' id='word_1_573' title='bbox 2792 3464 2997 3520; x_wconf 90' lang='lat' dir='ltr'><strong>ornari.</strong></span> <span class='ocrx_word' id='word_1_574' title='bbox 3024 3464 3261 3519; x_wconf 76' lang='lat' dir='ltr'><strong>Attende</strong></span> <span class='ocrx_word' id='word_1_575' title='bbox 3297 3462 3459 3519; x_wconf 63' lang='lat' dir='ltr'><strong>Pau-</strong></span> 
     </span>
    </p>
   </div>
   <div class='ocr_carea' id='block_1_79' title="bbox 1861 3557 3444 3632">
    <p class='ocr_par' dir='ltr' id='par_1_79' title="bbox 1861 3557 3444 3632">
     <span class='ocr_line' id='line_1_79' title="bbox 1861 3557 3444 3632; baseline -0.001 -18"><span class='ocrx_word' id='word_1_576' title='bbox 1861 3561 1969 3615; x_wconf 91' lang='lat' dir='ltr'><strong>lum</strong></span> <span class='ocrx_word' id='word_1_577' title='bbox 1995 3561 2265 3617; x_wconf 87' lang='lat' dir='ltr'><strong>dicentem</strong></span> <span class='ocrx_word' id='word_1_578' title='bbox 2299 3580 2312 3615; x_wconf 87' lang='lat'><strong>:</strong></span> <span class='ocrx_word' id='word_1_579' title='bbox 2354 3560 2435 3615; x_wconf 91' lang='lat' dir='ltr'><strong>Ea</strong></span> <span class='ocrx_word' id='word_1_580' title='bbox 2457 3576 2575 3632; x_wconf 70' lang='lat' dir='ltr'><strong>quis</strong></span> <span class='ocrx_word' id='word_1_581' title='bbox 2593 3558 2878 3614; x_wconf 84' lang='lat' dir='ltr'><strong>secundum</strong></span> <span class='ocrx_word' id='word_1_582' title='bbox 2910 3558 3100 3625; x_wconf 82' lang='lat' dir='ltr'><strong>faciem</strong></span> <span class='ocrx_word' id='word_1_583' title='bbox 3132 3566 3274 3621; x_wconf 83' lang='lat' dir='ltr'><strong>sunt,</strong></span> <span class='ocrx_word' id='word_1_584' title='bbox 3303 3557 3444 3612; x_wconf 86' lang='lat' dir='ltr'><strong>vide-</strong></span> 
     </span>
    </p>
   </div>
   <div class='ocr_carea' id='block_1_80' title="bbox 1862 3649 3457 3724">
    <p class='ocr_par' dir='ltr' id='par_1_80' title="bbox 1862 3649 3457 3724">
     <span class='ocr_line' id='line_1_80' title="bbox 1862 3649 3457 3724; baseline -0.005 -15"><span class='ocrx_word' id='word_1_585' title='bbox 1862 3664 1930 3709; x_wconf 91' lang='lat' dir='ltr'><strong>te.</strong></span> <span class='ocrx_word' id='word_1_586' title='bbox 1955 3653 2160 3724; x_wconf 85' lang='lat' dir='ltr'><strong>Siquis</strong></span> <span class='ocrx_word' id='word_1_587' title='bbox 2220 3654 2421 3708; x_wconf 83' lang='lat' dir='ltr'><strong>videtur</strong></span> <span class='ocrx_word' id='word_1_588' title='bbox 2450 3652 2551 3706; x_wconf 85' lang='lat' dir='ltr'><strong>sibi</strong></span> <span class='ocrx_word' id='word_1_589' title='bbox 2595 3650 2787 3708; x_wconf 78' lang='lat' dir='ltr'><strong>Christi</strong></span> <span class='ocrx_word' id='word_1_590' title='bbox 2851 3666 2909 3704; x_wconf 80' lang='lat' dir='ltr'><strong>se</strong></span> <span class='ocrx_word' id='word_1_591' title='bbox 2940 3665 3065 3713; x_wconf 81' lang='lat' dir='ltr'><strong>esse,</strong></span> <span class='ocrx_word' id='word_1_592' title='bbox 3117 3650 3211 3702; x_wconf 86' lang='lat' dir='ltr'><strong>hoc</strong></span> <span class='ocrx_word' id='word_1_593' title='bbox 3254 3649 3457 3719; x_wconf 27' lang='lat' dir='ltr'><strong>cogitet.</strong></span> 
     </span>
    </p>
   </div>
   <div class='ocr_carea' id='block_1_81' title="bbox 1861 3737 3440 3812">
    <p class='ocr_par' dir='ltr' id='par_1_81' title="bbox 1861 3737 3440 3812">
     <span class='ocr_line' id='line_1_81' title="bbox 1861 3737 3440 3812; baseline -0.003 -15"><span class='ocrx_word' id='word_1_594' title='bbox 1861 3745 2051 3799; x_wconf 84' lang='lat' dir='ltr'><strong>iterum</strong></span> <span class='ocrx_word' id='word_1_595' title='bbox 2080 3744 2223 3812; x_wconf 85' lang='lat' dir='ltr'><strong>apud</strong></span> <span class='ocrx_word' id='word_1_596' title='bbox 2251 3744 2606 3811; x_wconf 86' lang='lat' dir='ltr'><strong>semetipsum,</strong></span> <span class='ocrx_word' id='word_1_597' title='bbox 2647 3742 2771 3811; x_wconf 86' lang='lat' dir='ltr'><strong>quia</strong></span> <span class='ocrx_word' id='word_1_598' title='bbox 2804 3741 2937 3795; x_wconf 85' lang='lat' dir='ltr'><strong>sicut</strong></span> <span class='ocrx_word' id='word_1_599' title='bbox 2970 3740 3079 3810; x_wconf 89' lang='lat' dir='ltr'><strong>ipse</strong></span> <span class='ocrx_word' id='word_1_600' title='bbox 3112 3737 3306 3794; x_wconf 87' lang='lat' dir='ltr'><strong>Christi</strong></span> <span class='ocrx_word' id='word_1_601' title='bbox 3342 3749 3440 3805; x_wconf 86' lang='lat' dir='ltr'><strong>est,</strong></span> 
     </span>
    </p>
   </div>
   <div class='ocr_carea' id='block_1_82' title="bbox 1862 3832 3445 3906">
    <p class='ocr_par' dir='ltr' id='par_1_82' title="bbox 1862 3832 3445 3906">
     <span class='ocr_line' id='line_1_82' title="bbox 1862 3832 3445 3906; baseline -0.004 -15"><span class='ocrx_word' id='word_1_602' title='bbox 1862 3839 1939 3891; x_wconf 88' lang='lat' dir='ltr'><strong>ita</strong></span> <span class='ocrx_word' id='word_1_603' title='bbox 1971 3843 2021 3891; x_wconf 88' lang='lat' dir='ltr'><strong>et</strong></span> <span class='ocrx_word' id='word_1_604' title='bbox 2050 3851 2141 3889; x_wconf 87' lang='lat' dir='ltr'><strong>nos</strong></span> <span class='ocrx_word' id='word_1_605' title='bbox 2194 3835 2258 3888; x_wconf 84' lang='grc'><strong>²¹.</strong></span> <span class='ocrx_word' id='word_1_606' title='bbox 2294 3833 2408 3889; x_wconf 84' lang='lat' dir='ltr'><strong>Hoc</strong></span> <span class='ocrx_word' id='word_1_607' title='bbox 2430 3833 2526 3899; x_wconf 90' lang='lat' dir='ltr'><strong>ait,</strong></span> <span class='ocrx_word' id='word_1_608' title='bbox 2574 3833 2617 3886; x_wconf 92' lang='lat' dir='ltr'><strong>si</strong></span> <span class='ocrx_word' id='word_1_609' title='bbox 2654 3832 2862 3888; x_wconf 84' lang='lat' dir='ltr'><strong>nullum</strong></span> <span class='ocrx_word' id='word_1_610' title='bbox 2888 3840 3169 3906; x_wconf 85' lang='lat' dir='ltr'><strong>peccatum</strong></span> <span class='ocrx_word' id='word_1_611' title='bbox 3222 3846 3286 3885; x_wconf 87' lang='lat' dir='ltr'><strong>ex</strong></span> <span class='ocrx_word' id='word_1_612' title='bbox 3313 3832 3445 3886; x_wconf 88' lang='lat' dir='ltr'><strong>sim-</strong></span> 
     </span>
    </p>
   </div>
   <div class='ocr_carea' id='block_1_83' title="bbox 1862 3922 3455 4001">
    <p class='ocr_par' dir='ltr' id='par_1_83' title="bbox 1862 3922 3455 4001">
     <span class='ocr_line' id='line_1_83' title="bbox 1862 3922 3455 4001; baseline -0.004 -17"><span class='ocrx_word' id='word_1_613' title='bbox 1862 3929 2104 4001; x_wconf 88' lang='lat' dir='ltr'><strong>plicitate</strong></span> <span class='ocrx_word' id='word_1_614' title='bbox 2128 3926 2390 3996; x_wconf 89' lang='lat' dir='ltr'><strong>simplicis</strong></span> <span class='ocrx_word' id='word_1_615' title='bbox 2415 3927 2803 3981; x_wconf 85' lang='lat' dir='ltr'><strong>committatur.</strong></span> <span class='ocrx_word' id='word_1_616' title='bbox 2837 3924 2895 3980; x_wconf 91' lang='lat' dir='ltr'><strong>Si</strong></span> <span class='ocrx_word' id='word_1_617' title='bbox 2924 3933 3106 3979; x_wconf 89' lang='lat' dir='ltr'><strong>autem</strong></span> <span class='ocrx_word' id='word_1_618' title='bbox 3138 3923 3282 3979; x_wconf 86' lang='lat' dir='ltr'><strong>facta</strong></span> <span class='ocrx_word' id='word_1_619' title='bbox 3324 3922 3455 3978; x_wconf 58' lang='grc' dir='ltr'>Ῑιιε-ς</span> 
     </span>
    </p>
   </div>
   <div class='ocr_carea' id='block_1_84' title="bbox 1864 4013 3454 4087">
    <p class='ocr_par' dir='ltr' id='par_1_84' title="bbox 1864 4013 3454 4087">
     <span class='ocr_line' id='line_1_84' title="bbox 1864 4013 3454 4087; baseline -0.003 -12"><span class='ocrx_word' id='word_1_620' title='bbox 1864 4021 1936 4077; x_wconf 91' lang='lat' dir='ltr'><strong>rit</strong></span> <span class='ocrx_word' id='word_1_621' title='bbox 1969 4020 2026 4074; x_wconf 89' lang='lat' dir='ltr'><strong>in</strong></span> <span class='ocrx_word' id='word_1_622' title='bbox 2060 4018 2279 4074; x_wconf 91' lang='lat' dir='ltr'><strong>calvitio</strong></span> <span class='ocrx_word' id='word_1_623' title='bbox 2314 4018 2454 4087; x_wconf 86' lang='lat' dir='ltr'><strong>ejus,</strong></span> <span class='ocrx_word' id='word_1_624' title='bbox 2491 4026 2586 4071; x_wconf 86' lang='lat' dir='ltr'><strong>aut</strong></span> <span class='ocrx_word' id='word_1_625' title='bbox 2619 4017 2672 4071; x_wconf 88' lang='lat' dir='ltr'><strong>in</strong></span> <span class='ocrx_word' id='word_1_626' title='bbox 2722 4016 2999 4071; x_wconf 86' lang='lat' dir='ltr'><strong>recalvitio</strong></span> <span class='ocrx_word' id='word_1_627' title='bbox 3032 4014 3267 4085; x_wconf 28' lang='lat' dir='ltr'><strong>macula,</strong></span> <span class='ocrx_word' id='word_1_628' title='bbox 3296 4013 3454 4079; x_wconf 77' lang='lat' dir='ltr'><strong>alba,</strong></span> 
     </span>
    </p>
   </div>
   <div class='ocr_carea' id='block_1_85' title="bbox 1863 4105 3447 4180">
    <p class='ocr_par' dir='ltr' id='par_1_85' title="bbox 1863 4105 3447 4180">
     <span class='ocr_line' id='line_1_85' title="bbox 1863 4105 3447 4180; baseline -0.004 -12"><span class='ocrx_word' id='word_1_629' title='bbox 1863 4120 1957 4168; x_wconf 90' lang='lat' dir='ltr'><strong>aut</strong></span> <span class='ocrx_word' id='word_1_630' title='bbox 1979 4110 2118 4176; x_wconf 88' lang='lat' dir='ltr'><strong>rufa,</strong></span> <span class='ocrx_word' id='word_1_631' title='bbox 2154 4110 2302 4180; x_wconf 87' lang='lat' dir='ltr'><strong>lepra</strong></span> <span class='ocrx_word' id='word_1_632' title='bbox 2331 4118 2431 4163; x_wconf 90' lang='lat' dir='ltr'><strong>est.</strong></span> <span class='ocrx_word' id='word_1_633' title='bbox 2465 4108 2685 4175; x_wconf 86' lang='lat' dir='ltr'><strong>Quare?</strong></span> <span class='ocrx_word' id='word_1_634' title='bbox 2718 4108 2855 4174; x_wconf 75' lang='lat' dir='ltr'><strong>Quia</strong></span> <span class='ocrx_word' id='word_1_635' title='bbox 2887 4122 3043 4162; x_wconf 89' lang='lat' dir='ltr'><strong>nemo</strong></span> <span class='ocrx_word' id='word_1_636' title='bbox 3069 4107 3148 4162; x_wconf 91' lang='lat' dir='ltr'><strong>sic</strong></span> <span class='ocrx_word' id='word_1_637' title='bbox 3175 4114 3257 4161; x_wconf 90' lang='lat' dir='ltr'><strong>est</strong></span> <span class='ocrx_word' id='word_1_638' title='bbox 3311 4105 3447 4161; x_wconf 78' lang='lat' dir='ltr'><strong>sim-</strong></span> 
     </span>
    </p>
   </div>
   <div class='ocr_carea' id='block_1_86' title="bbox 1863 4198 3457 4276">
    <p class='ocr_par' dir='ltr' id='par_1_86' title="bbox 1863 4198 3457 4276">
     <span class='ocr_line' id='line_1_86' title="bbox 1863 4198 3457 4276; baseline -0.006 -16"><span class='ocrx_word' id='word_1_639' title='bbox 1863 4206 2006 4276; x_wconf 84' lang='lat' dir='ltr'><strong>plex,</strong></span> <span class='ocrx_word' id='word_1_640' title='bbox 2037 4212 2095 4258; x_wconf 92' lang='lat' dir='ltr'><strong>ut</strong></span> <span class='ocrx_word' id='word_1_641' title='bbox 2122 4202 2352 4266; x_wconf 85' lang='lat' dir='ltr'><strong>nesciat,</strong></span> <span class='ocrx_word' id='word_1_642' title='bbox 2381 4202 2508 4271; x_wconf 90' lang='lat' dir='ltr'><strong>quia</strong></span> <span class='ocrx_word' id='word_1_643' title='bbox 2540 4217 2647 4257; x_wconf 91' lang='lat' dir='ltr'><strong>non</strong></span> <span class='ocrx_word' id='word_1_644' title='bbox 2678 4201 2873 4255; x_wconf 90' lang='lat' dir='ltr'><strong>debeat</strong></span> <span class='ocrx_word' id='word_1_645' title='bbox 2911 4215 3133 4255; x_wconf 86' lang='lat' dir='ltr'><strong>manum</strong></span> <span class='ocrx_word' id='word_1_646' title='bbox 3163 4200 3218 4253; x_wconf 91' lang='lat' dir='ltr'><strong>in</strong></span> <span class='ocrx_word' id='word_1_647' title='bbox 3260 4198 3457 4270; x_wconf 78' lang='lat' dir='ltr'><strong>ignem.</strong></span> 
     </span>
    </p>
   </div>
   <div class='ocr_carea' id='block_1_87' title="bbox 1865 4289 3451 4363">
    <p class='ocr_par' dir='ltr' id='par_1_87' title="bbox 1865 4289 3451 4363">
     <span class='ocr_line' id='line_1_87' title="bbox 1865 4289 3451 4363; baseline -0.005 -13"><span class='ocrx_word' id='word_1_648' title='bbox 1865 4295 2099 4359; x_wconf 87' lang='lat' dir='ltr'><strong>mittere,</strong></span> <span class='ocrx_word' id='word_1_649' title='bbox 2131 4308 2311 4363; x_wconf 91' lang='lat' dir='ltr'><strong>neque</strong></span> <span class='ocrx_word' id='word_1_650' title='bbox 2352 4293 2404 4347; x_wconf 93' lang='lat' dir='ltr'><strong>in</strong></span> <span class='ocrx_word' id='word_1_651' title='bbox 2447 4290 2732 4362; x_wconf 73' lang='lat' dir='ltr'><strong>praecipitii</strong></span> <span class='ocrx_word' id='word_1_652' title='bbox 2764 4290 3051 4346; x_wconf 88' lang='lat' dir='ltr'><strong>altitudine</strong></span> <span class='ocrx_word' id='word_1_653' title='bbox 3088 4289 3451 4359; x_wconf 14' lang='lat' dir='ltr'><strong>semetipsum.</strong></span> 
     </span>
    </p>
   </div>
   <div class='ocr_carea' id='block_1_88' title="bbox 1865 4379 3456 4457">
    <p class='ocr_par' dir='ltr' id='par_1_88' title="bbox 1865 4379 3456 4457">
     <span class='ocr_line' id='line_1_88' title="bbox 1865 4379 3456 4457; baseline -0.004 -14"><span class='ocrx_word' id='word_1_654' title='bbox 1865 4388 2014 4452; x_wconf 89' lang='lat' dir='ltr'><strong>dare,</strong></span> <span class='ocrx_word' id='word_1_655' title='bbox 2040 4401 2216 4457; x_wconf 88' lang='lat' dir='ltr'><strong>neque</strong></span> <span class='ocrx_word' id='word_1_656' title='bbox 2244 4384 2394 4441; x_wconf 85' lang='lat' dir='ltr'><strong>abuti</strong></span> <span class='ocrx_word' id='word_1_657' title='bbox 2423 4382 2599 4455; x_wconf 91' lang='lat' dir='ltr'><strong>gladio</strong></span> <span class='ocrx_word' id='word_1_658' title='bbox 2628 4382 2684 4437; x_wconf 93' lang='lat' dir='ltr'><strong>in</strong></span> <span class='ocrx_word' id='word_1_659' title='bbox 2711 4381 3143 4438; x_wconf 86' lang='lat' dir='ltr'><strong>locisvitalibus.</strong></span> <span class='ocrx_word' id='word_1_660' title='bbox 3174 4379 3230 4434; x_wconf 90' lang='lat' dir='ltr'><strong>Si</strong></span> <span class='ocrx_word' id='word_1_661' title='bbox 3260 4392 3456 4436; x_wconf 78' lang='lat' dir='ltr'><strong>autem,</strong></span> 
     </span>
    </p>
   </div>
   <div class='ocr_carea' id='block_1_89' title="bbox 1866 4471 3448 4545">
    <p class='ocr_par' dir='ltr' id='par_1_89' title="bbox 1866 4471 3448 4545">
     <span class='ocr_line' id='line_1_89' title="bbox 1866 4471 3448 4545; baseline -0.005 -12"><span class='ocrx_word' id='word_1_662' title='bbox 1866 4479 1983 4533; x_wconf 57' lang='lat' dir='ltr'><strong>haec</strong></span> <span class='ocrx_word' id='word_1_663' title='bbox 2001 4478 2123 4541; x_wconf 80' lang='lat' dir='ltr'><strong>scit,</strong></span> <span class='ocrx_word' id='word_1_664' title='bbox 2154 4476 2427 4545; x_wconf 90' lang='lat' dir='ltr'><strong>quomodo</strong></span> <span class='ocrx_word' id='word_1_665' title='bbox 2457 4489 2568 4529; x_wconf 91' lang='lat' dir='ltr'><strong>non</strong></span> <span class='ocrx_word' id='word_1_666' title='bbox 2622 4474 2855 4544; x_wconf 90' lang='lat' dir='ltr'><strong>amplius</strong></span> <span class='ocrx_word' id='word_1_667' title='bbox 2914 4474 3082 4539; x_wconf 88' lang='lat' dir='ltr'><strong>norit,</strong></span> <span class='ocrx_word' id='word_1_668' title='bbox 3111 4472 3257 4542; x_wconf 90' lang='lat' dir='ltr'><strong>quod</strong></span> <span class='ocrx_word' id='word_1_669' title='bbox 3304 4471 3448 4527; x_wconf 87' lang='lat' dir='ltr'><strong>occi-</strong></span> 
     </span>
    </p>
   </div>
   <div class='ocr_carea' id='block_1_90' title="bbox 188 4559 3449 4634">
    <p class='ocr_par' dir='ltr' id='par_1_90' title="bbox 188 4559 3449 4634">
     <span class='ocr_line' id='line_1_90' title="bbox 188 4559 3449 4634; baseline 0.001 -23"><span class='ocrx_word' id='word_1_670' title='bbox 188 4573 406 4626; x_wconf 86' lang='lat' dir='ltr'><strong>parvam</strong></span> <span class='ocrx_word' id='word_1_671' title='bbox 451 4559 560 4628; x_wconf 88' lang='lat' dir='ltr'><strong>jam</strong></span> <span class='ocrx_word' id='word_1_672' title='bbox 607 4570 1000 4631; x_wconf 72' lang='lat' dir='ltr'><strong>przeceptorum</strong></span> <span class='ocrx_word' id='word_1_673' title='bbox 1045 4562 1405 4632; x_wconf 87' lang='lat' dir='ltr'><strong>ignorantiam</strong></span> <span class='ocrx_word' id='word_1_674' title='bbox 1445 4566 1757 4631; x_wconf 87' lang='lat' dir='ltr'><strong>habentem,</strong></span> <span class='ocrx_word' id='word_1_675' title='bbox 1801 4563 1842 4617; x_wconf 90' lang='lat' dir='ltr'><strong>D</strong></span> <span class='ocrx_word' id='word_1_676' title='bbox 1870 4568 1997 4624; x_wconf 89' lang='lat' dir='ltr'><strong>dere</strong></span> <span class='ocrx_word' id='word_1_677' title='bbox 2045 4567 2244 4621; x_wconf 88' lang='lat' dir='ltr'><strong>malum</strong></span> <span class='ocrx_word' id='word_1_678' title='bbox 2280 4565 2372 4630; x_wconf 90' lang='lat' dir='ltr'><strong>sit,</strong></span> <span class='ocrx_word' id='word_1_679' title='bbox 2408 4563 2553 4634; x_wconf 91' lang='lat' dir='ltr'><strong>quod</strong></span> <span class='ocrx_word' id='word_1_680' title='bbox 2607 4562 2897 4617; x_wconf 80' lang='lat' dir='ltr'><strong>detrahere</strong></span> <span class='ocrx_word' id='word_1_681' title='bbox 2930 4562 3251 4631; x_wconf 83' lang='lat' dir='ltr'><strong>pessimum,</strong></span> <span class='ocrx_word' id='word_1_682' title='bbox 3302 4561 3449 4629; x_wconf 88' lang='lat' dir='ltr'><strong>quod</strong></span> 
     </span>
    </p>
   </div>
   <div class='ocr_carea' id='block_1_91' title="bbox 187 4651 1763 4723">
    <p class='ocr_par' dir='ltr' id='par_1_91' title="bbox 187 4651 1763 4723">
     <span class='ocr_line' id='line_1_91' title="bbox 187 4651 1763 4723; baseline 0.008 -22"><span class='ocrx_word' id='word_1_683' title='bbox 187 4651 512 4719; x_wconf 85' lang='lat' dir='ltr'><strong>appellavit;</strong></span> <span class='ocrx_word' id='word_1_684' title='bbox 544 4652 638 4721; x_wconf 90' lang='lat' dir='ltr'><strong>qui</strong></span> <span class='ocrx_word' id='word_1_685' title='bbox 688 4668 815 4723; x_wconf 90' lang='lat' dir='ltr'><strong>ergo</strong></span> <span class='ocrx_word' id='word_1_686' title='bbox 848 4653 971 4707; x_wconf 88' lang='lat' dir='ltr'><strong>talis</strong></span> <span class='ocrx_word' id='word_1_687' title='bbox 1030 4663 1112 4709; x_wconf 89' lang='lat' dir='ltr'><strong>est</strong></span> <span class='ocrx_word' id='word_1_688' title='bbox 1162 4671 1271 4709; x_wconf 92' lang='lat' dir='ltr'><strong>non</strong></span> <span class='ocrx_word' id='word_1_689' title='bbox 1334 4656 1497 4712; x_wconf 89' lang='lat' dir='ltr'><strong>habet</strong></span> <span class='ocrx_word' id='word_1_690' title='bbox 1536 4674 1763 4714; x_wconf 91' lang='lat' dir='ltr'><strong>necesse</strong></span> 
     </span>
    </p>
   </div>
   <div class='ocr_carea' id='block_1_92' title="bbox 191 4736 1815 4818">
    <p class='ocr_par' dir='ltr' id='par_1_92' title="bbox 191 4736 1815 4818">
     <span class='ocr_line' id='line_1_92' title="bbox 191 4736 1815 4818; baseline 0.01 -28"><span class='ocrx_word' id='word_1_691' title='bbox 191 4739 435 4793; x_wconf 90' lang='lat' dir='ltr'><strong>mundari</strong></span> <span class='ocrx_word' id='word_1_692' title='bbox 466 4758 479 4792; x_wconf 89' lang='lat'><strong>:</strong></span> <span class='ocrx_word' id='word_1_693' title='bbox 512 4757 690 4811; x_wconf 89' lang='lat' dir='ltr'><strong>neque</strong></span> <span class='ocrx_word' id='word_1_694' title='bbox 724 4743 872 4798; x_wconf 91' lang='lat' dir='ltr'><strong>enim</strong></span> <span class='ocrx_word' id='word_1_695' title='bbox 924 4744 1451 4815; x_wconf 85' lang='lat' dir='ltr'><strong>adjustiﬁcationem</strong></span> <span class='ocrx_word' id='word_1_696' title='bbox 1490 4750 1764 4818; x_wconf 88' lang='lat' dir='ltr'><strong>pertinent</strong></span> <span class='ocrx_word' id='word_1_697' title='bbox 1812 4736 1815 4737; x_wconf 14' lang='grc' dir='ltr'><em>ν</em></span> 
     </span>
    </p>
   </div>
   <div class='ocr_carea' id='block_1_93' title="bbox 188 4826 1761 4911">
    <p class='ocr_par' dir='ltr' id='par_1_93' title="bbox 188 4826 1761 4911">
     <span class='ocr_line' id='line_1_93' title="bbox 188 4826 1761 4911; baseline 0.01 -30"><span class='ocrx_word' id='word_1_698' title='bbox 188 4826 517 4894; x_wconf 67' lang='grc' dir='ltr'>σιυιιεεοτιιιιι,</span> <span class='ocrx_word' id='word_1_699' title='bbox 541 4833 636 4887; x_wconf 89' lang='lat' dir='ltr'><strong>sed</strong></span> <span class='ocrx_word' id='word_1_700' title='bbox 663 4843 720 4887; x_wconf 90' lang='lat' dir='ltr'><strong>ut</strong></span> <span class='ocrx_word' id='word_1_701' title='bbox 764 4846 1148 4906; x_wconf 87' lang='lat' dir='ltr'><strong>aggravaretur</strong></span> <span class='ocrx_word' id='word_1_702' title='bbox 1197 4853 1385 4893; x_wconf 88' lang='lat' dir='ltr'><strong>eorum</strong></span> <span class='ocrx_word' id='word_1_703' title='bbox 1409 4841 1620 4911; x_wconf 90' lang='lat' dir='ltr'><strong>jugum,</strong></span> <span class='ocrx_word' id='word_1_704' title='bbox 1652 4852 1761 4897; x_wconf 76' lang='lat' dir='ltr'><strong>tra-</strong></span> 
     </span>
    </p>
   </div>
   <div class='ocr_carea' id='block_1_94' title="bbox 191 4920 1766 5002">
    <p class='ocr_par' dir='ltr' id='par_1_94' title="bbox 191 4920 1766 5002">
     <span class='ocr_line' id='line_1_94' title="bbox 191 4920 1766 5002; baseline 0.011 -30"><span class='ocrx_word' id='word_1_705' title='bbox 191 4920 298 4974; x_wconf 89' lang='lat' dir='ltr'><strong>dita</strong></span> <span class='ocrx_word' id='word_1_706' title='bbox 322 4930 473 4978; x_wconf 92' lang='lat' dir='ltr'><strong>sunt.</strong></span> <span class='ocrx_word' id='word_1_707' title='bbox 507 4922 735 4995; x_wconf 89' lang='lat' dir='ltr'><strong>Propter</strong></span> <span class='ocrx_word' id='word_1_708' title='bbox 763 4929 907 4996; x_wconf 90' lang='lat' dir='ltr'><strong>quod</strong></span> <span class='ocrx_word' id='word_1_709' title='bbox 933 4937 986 4981; x_wconf 92' lang='lat' dir='ltr'><strong>et</strong></span> <span class='ocrx_word' id='word_1_710' title='bbox 1013 4927 1153 4984; x_wconf 89' lang='lat' dir='ltr'><strong>Dcus</strong></span> <span class='ocrx_word' id='word_1_711' title='bbox 1184 4946 1279 5001; x_wconf 91' lang='lat' dir='ltr'><strong>per</strong></span> <span class='ocrx_word' id='word_1_712' title='bbox 1318 4935 1636 5002; x_wconf 87' lang='lat' dir='ltr'><strong>prophetam</strong></span> <span class='ocrx_word' id='word_1_713' title='bbox 1682 4937 1766 4990; x_wconf 85' lang='lat' dir='ltr'><strong>di-</strong></span> 
     </span>
    </p>
   </div>
   <div class='ocr_carea' id='block_1_95' title="bbox 192 5012 1768 5093">
    <p class='ocr_par' dir='ltr' id='par_1_95' title="bbox 192 5012 1768 5093">
     <span class='ocr_line' id='line_1_95' title="bbox 192 5012 1768 5093; baseline 0.01 -28"><span class='ocrx_word' id='word_1_714' title='bbox 192 5012 381 5066; x_wconf 83' lang='lat' dir='ltr'><strong>chat:</strong></span> <span class='ocrx_word' id='word_1_715' title='bbox 416 5014 549 5068; x_wconf 85' lang='lat' dir='ltr'><strong>Dedi</strong></span> <span class='ocrx_word' id='word_1_716' title='bbox 609 5017 681 5069; x_wconf 86' lang='lat' dir='ltr'><strong>eis</strong></span> <span class='ocrx_word' id='word_1_717' title='bbox 727 5030 985 5087; x_wconf 76' lang='lat' dir='ltr'><strong>prwcepta</strong></span> <span class='ocrx_word' id='word_1_718' title='bbox 1021 5036 1123 5073; x_wconf 84' lang='lat' dir='ltr'><strong>non</strong></span> <span class='ocrx_word' id='word_1_719' title='bbox 1161 5021 1317 5086; x_wconf 84' lang='lat' dir='ltr'><strong>bona,</strong></span> <span class='ocrx_word' id='word_1_720' title='bbox 1366 5034 1413 5076; x_wconf 84' lang='lat' dir='ltr'><strong>et</strong></span> <span class='ocrx_word' id='word_1_721' title='bbox 1449 5025 1654 5093; x_wconf 84' lang='lat' dir='ltr'><strong>judicia</strong></span> <span class='ocrx_word' id='word_1_722' title='bbox 1713 5030 1768 5080; x_wconf 85' lang='lat' dir='ltr'><strong>in</strong></span> 
     </span>
    </p>
   </div>
   <div class='ocr_carea' id='block_1_96' title="bbox 193 5104 802 5171">
    <p class='ocr_par' dir='ltr' id='par_1_96' title="bbox 193 5104 802 5171">
     <span class='ocr_line' id='line_1_96' title="bbox 193 5104 802 5171; baseline 0.016 -18"><span class='ocrx_word' id='word_1_723' title='bbox 193 5104 375 5171; x_wconf 84' lang='lat' dir='ltr'><strong>quibus</strong></span> <span class='ocrx_word' id='word_1_724' title='bbox 406 5122 510 5159; x_wconf 83' lang='lat' dir='ltr'><strong>non</strong></span> <span class='ocrx_word' id='word_1_725' title='bbox 538 5108 703 5161; x_wconf 85' lang='lat' dir='ltr'><strong>vivent</strong></span> <span class='ocrx_word' id='word_1_726' title='bbox 737 5108 802 5163; x_wconf 67' lang='lat'><strong>‘9.</strong></span> 
     </span>
    </p>
   </div>
   <div class='ocr_carea' id='block_1_97' title="bbox 265 5190 1769 5274">
    <p class='ocr_par' dir='ltr' id='par_1_97' title="bbox 265 5190 1769 5274">
     <span class='ocr_line' id='line_1_97' title="bbox 265 5190 1769 5274; baseline 0.009 -28"><span class='ocrx_word' id='word_1_727' title='bbox 265 5190 429 5250; x_wconf 71' lang='lat' dir='ltr'><strong>Vsus.</strong></span> <span class='ocrx_word' id='word_1_728' title='bbox 463 5196 650 5251; x_wconf 61' lang='lat'><strong>40-45.</strong></span> <span class='ocrx_word' id='word_1_729' title='bbox 688 5197 825 5253; x_wconf 80' lang='lat' dir='ltr'><strong>iVir</strong></span> <span class='ocrx_word' id='word_1_730' title='bbox 850 5200 915 5254; x_wconf 91' lang='lat' dir='ltr'><strong>de</strong></span> <span class='ocrx_word' id='word_1_731' title='bbox 943 5200 1099 5270; x_wconf 89' lang='lat' dir='ltr'><strong>cujus</strong></span> <span class='ocrx_word' id='word_1_732' title='bbox 1141 5203 1316 5272; x_wconf 86' lang='lat' dir='ltr'><strong>capite</strong></span> <span class='ocrx_word' id='word_1_733' title='bbox 1362 5205 1540 5274; x_wconf 86' lang='lat' dir='ltr'><strong>capilli</strong></span> <span class='ocrx_word' id='word_1_734' title='bbox 1573 5205 1769 5271; x_wconf 79' lang='lat' dir='ltr'><strong>ﬂuunt,</strong></span> 
     </span>
    </p>
   </div>
   <div class='ocr_carea' id='block_1_98' title="bbox 196 5284 1769 5367">
    <p class='ocr_par' dir='ltr' id='par_1_98' title="bbox 196 5284 1769 5367">
     <span class='ocr_line' id='line_1_98' title="bbox 196 5284 1769 5367; baseline 0.008 -29"><span class='ocrx_word' id='word_1_735' title='bbox 196 5284 380 5341; x_wconf 88' lang='lat' dir='ltr'><strong>calvus</strong></span> <span class='ocrx_word' id='word_1_736' title='bbox 422 5303 485 5342; x_wconf 88' lang='lat' dir='ltr'><strong>ac</strong></span> <span class='ocrx_word' id='word_1_737' title='bbox 514 5290 751 5345; x_wconf 91' lang='lat' dir='ltr'><strong>mundus</strong></span> <span class='ocrx_word' id='word_1_738' title='bbox 776 5300 876 5347; x_wconf 90' lang='lat' dir='ltr'><strong>est.</strong></span> <span class='ocrx_word' id='word_1_739' title='bbox 907 5293 973 5348; x_wconf 87' lang='lat' dir='ltr'><strong>Et</strong></span> <span class='ocrx_word' id='word_1_740' title='bbox 992 5294 1037 5348; x_wconf 90' lang='lat' dir='ltr'><strong>si</strong></span> <span class='ocrx_word' id='word_1_741' title='bbox 1066 5309 1097 5348; x_wconf 90' lang='lat' dir='ltr'><strong>a</strong></span> <span class='ocrx_word' id='word_1_742' title='bbox 1123 5294 1302 5349; x_wconf 83' lang='lat' dir='ltr'><strong>fronte</strong></span> <span class='ocrx_word' id='word_1_743' title='bbox 1333 5296 1633 5351; x_wconf 85' lang='lat' dir='ltr'><strong>ceciderint</strong></span> <span class='ocrx_word' id='word_1_744' title='bbox 1655 5298 1769 5367; x_wconf 91' lang='lat' dir='ltr'><strong>pili,</strong></span> 
     </span>
    </p>
   </div>
   <div class='ocr_carea' id='block_1_99' title="bbox 199 5377 1771 5455">
    <p class='ocr_par' dir='ltr' id='par_1_99' title="bbox 199 5377 1771 5455">
     <span class='ocr_line' id='line_1_99' title="bbox 199 5377 1771 5455; baseline 0.011 -29"><span class='ocrx_word' id='word_1_745' title='bbox 199 5377 519 5433; x_wconf 87' lang='lat' dir='ltr'><strong>recalvaster</strong></span> <span class='ocrx_word' id='word_1_746' title='bbox 547 5391 602 5435; x_wconf 90' lang='lat' dir='ltr'><strong>et</strong></span> <span class='ocrx_word' id='word_1_747' title='bbox 646 5384 880 5438; x_wconf 91' lang='lat' dir='ltr'><strong>mundus</strong></span> <span class='ocrx_word' id='word_1_748' title='bbox 936 5395 1041 5440; x_wconf 90' lang='lat' dir='ltr'><strong>est.</strong></span> <span class='ocrx_word' id='word_1_749' title='bbox 1091 5385 1147 5441; x_wconf 91' lang='lat' dir='ltr'><strong>Si</strong></span> <span class='ocrx_word' id='word_1_750' title='bbox 1204 5396 1387 5442; x_wconf 89' lang='lat' dir='ltr'><strong>autem</strong></span> <span class='ocrx_word' id='word_1_751' title='bbox 1445 5388 1507 5444; x_wconf 85' lang='lat' dir='ltr'><strong>in</strong></span> <span class='ocrx_word' id='word_1_752' title='bbox 1530 5390 1771 5455; x_wconf 83' lang='lat' dir='ltr'><strong>calvitio,</strong></span> 
     </span>
    </p>
   </div>
   <div class='ocr_carea' id='block_1_100' title="bbox 200 5465 1772 5542">
    <p class='ocr_par' dir='ltr' id='par_1_100' title="bbox 200 5465 1772 5542">
     <span class='ocr_line' id='line_1_100' title="bbox 200 5465 1772 5542; baseline 0.011 -24"><span class='ocrx_word' id='word_1_753' title='bbox 200 5465 311 5521; x_wconf 90' lang='lat' dir='ltr'><strong>sive</strong></span> <span class='ocrx_word' id='word_1_754' title='bbox 334 5468 391 5522; x_wconf 92' lang='lat' dir='ltr'><strong>in</strong></span> <span class='ocrx_word' id='word_1_755' title='bbox 424 5472 702 5528; x_wconf 89' lang='lat' dir='ltr'><strong>recalvitio</strong></span> <span class='ocrx_word' id='word_1_756' title='bbox 730 5475 904 5542; x_wconf 88' lang='lat' dir='ltr'><strong>albus,</strong></span> <span class='ocrx_word' id='word_1_757' title='bbox 926 5477 1013 5531; x_wconf 88' lang='lat' dir='ltr'><strong>vel</strong></span> <span class='ocrx_word' id='word_1_758' title='bbox 1058 5478 1211 5533; x_wconf 81' lang='lat' dir='ltr'><strong>rufus</strong></span> <span class='ocrx_word' id='word_1_759' title='bbox 1251 5480 1398 5535; x_wconf 90' lang='lat' dir='ltr'><strong>color</strong></span> <span class='ocrx_word' id='word_1_760' title='bbox 1424 5479 1587 5536; x_wconf 80' lang='lat' dir='ltr'><strong>fuerit</strong></span> <span class='ocrx_word' id='word_1_761' title='bbox 1612 5498 1772 5536; x_wconf 76' lang='lat' dir='ltr'><strong>exor-</strong></span> 
     </span>
    </p>
   </div>
   <div class='ocr_carea' id='block_1_101' title="bbox 202 5558 1771 5640">
    <p class='ocr_par' dir='ltr' id='par_1_101' title="bbox 202 5558 1771 5640">
     <span class='ocr_line' id='line_1_101' title="bbox 202 5558 1771 5640; baseline 0.013 -30"><span class='ocrx_word' id='word_1_762' title='bbox 202 5564 306 5624; x_wconf 90' lang='lat' dir='ltr'><strong>tus,</strong></span> <span class='ocrx_word' id='word_1_763' title='bbox 340 5569 393 5614; x_wconf 92' lang='lat' dir='ltr'><strong>et</strong></span> <span class='ocrx_word' id='word_1_764' title='bbox 416 5558 531 5617; x_wconf 80' lang='lat' dir='ltr'><strong>hoc</strong></span> <span class='ocrx_word' id='word_1_765' title='bbox 562 5567 817 5622; x_wconf 86' lang='lat' dir='ltr'><strong>sacerdos</strong></span> <span class='ocrx_word' id='word_1_766' title='bbox 852 5567 1069 5635; x_wconf 86' lang='lat' dir='ltr'><strong>viderit,</strong></span> <span class='ocrx_word' id='word_1_767' title='bbox 1100 5571 1399 5640; x_wconf 82' lang='lat' dir='ltr'><strong>inquinabit</strong></span> <span class='ocrx_word' id='word_1_768' title='bbox 1435 5590 1557 5629; x_wconf 90' lang='lat' dir='ltr'><strong>cum</strong></span> <span class='ocrx_word' id='word_1_769' title='bbox 1587 5593 1600 5630; x_wconf 88' lang='lat'><strong>:</strong></span> <span class='ocrx_word' id='word_1_770' title='bbox 1629 5576 1771 5631; x_wconf 89' lang='lat' dir='ltr'><strong>haud</strong></span> 
     </span>
    </p>
   </div>
   <div class='ocr_carea' id='block_1_102' title="bbox 202 5648 1484 5729">
    <p class='ocr_par' dir='ltr' id='par_1_102' title="bbox 202 5648 1484 5729">
     <span class='ocr_line' id='line_1_102' title="bbox 202 5648 1484 5729; baseline 0.012 -27"><span class='ocrx_word' id='word_1_771' title='bbox 202 5648 364 5706; x_wconf 81' lang='lat' dir='ltr'><strong>dubie</strong></span> <span class='ocrx_word' id='word_1_772' title='bbox 394 5652 539 5724; x_wconf 85' lang='lat' dir='ltr'><strong>lepra</strong></span> <span class='ocrx_word' id='word_1_773' title='bbox 578 5667 679 5725; x_wconf 91' lang='lat' dir='ltr'><strong>est,</strong></span> <span class='ocrx_word' id='word_1_774' title='bbox 715 5675 835 5729; x_wconf 73' lang='lat' dir='ltr'><strong>qua:</strong></span> <span class='ocrx_word' id='word_1_775' title='bbox 866 5670 983 5716; x_wconf 90' lang='lat' dir='ltr'><strong>orta</strong></span> <span class='ocrx_word' id='word_1_776' title='bbox 1011 5672 1093 5718; x_wconf 89' lang='lat' dir='ltr'><strong>est</strong></span> <span class='ocrx_word' id='word_1_777' title='bbox 1122 5664 1178 5718; x_wconf 90' lang='lat' dir='ltr'><strong>in</strong></span> <span class='ocrx_word' id='word_1_778' title='bbox 1201 5665 1439 5721; x_wconf 88' lang='lat' dir='ltr'><strong>calvitio.</strong></span> <span class='ocrx_word' id='word_1_779' title='bbox 1466 5688 1484 5718; x_wconf 73' lang='grc' dir='ltr'><strong>ι</strong></span> 
     </span>
    </p>
   </div>
   <div class='ocr_carea' id='block_1_103' title="bbox 281 5864 1320 5946">
    <p class='ocr_par' dir='ltr' id='par_1_103' title="bbox 281 5864 1320 5946">
     <span class='ocr_line' id='line_1_103' title="bbox 281 5864 1320 5946; baseline 0.013 -24"><span class='ocrx_word' id='word_1_780' title='bbox 281 5864 323 5899; x_wconf 79' lang='grc'><strong>⁸⁷</strong></span> <span class='ocrx_word' id='word_1_781' title='bbox 351 5866 594 5940; x_wconf 67' lang='lat' dir='ltr'><strong>Cantrt,</strong></span> <span class='ocrx_word' id='word_1_782' title='bbox 623 5874 673 5928; x_wconf 70' lang='grc' dir='ltr'>ιι.</span> <span class='ocrx_word' id='word_1_783' title='bbox 756 5876 796 5908; x_wconf 85' lang='grc'><strong>³⁸</strong></span> <span class='ocrx_word' id='word_1_784' title='bbox 830 5876 972 5932; x_wconf 86' lang='lat' dir='ltr'><strong>Psal.</strong></span> <span class='ocrx_word' id='word_1_785' title='bbox 1006 5893 1204 5946; x_wconf 78' lang='lat' dir='ltr'><strong>cxtvn,</strong></span> <span class='ocrx_word' id='word_1_786' title='bbox 1232 5879 1320 5935; x_wconf 68' lang='grc' dir='ltr'><strong>ΞΟ.</strong></span> 
     </span>
    </p>
   </div>
   <div class='ocr_carea' id='block_1_104' title="bbox 1867 4652 3448 4733">
    <p class='ocr_par' dir='ltr' id='par_1_104' title="bbox 1867 4652 3448 4733">
     <span class='ocr_line' id='line_1_104' title="bbox 1867 4652 3448 4733; baseline -0.008 -19"><span class='ocrx_word' id='word_1_787' title='bbox 1867 4660 2161 4733; x_wconf 84' lang='lat' dir='ltr'><strong>idolothyta</strong></span> <span class='ocrx_word' id='word_1_788' title='bbox 2177 4657 2461 4713; x_wconf 88' lang='lat' dir='ltr'><strong>comedere</strong></span> <span class='ocrx_word' id='word_1_789' title='bbox 2479 4655 2728 4724; x_wconf 90' lang='lat' dir='ltr'><strong>impium,</strong></span> <span class='ocrx_word' id='word_1_790' title='bbox 2752 4661 2914 4723; x_wconf 89' lang='lat' dir='ltr'><strong>atque</strong></span> <span class='ocrx_word' id='word_1_791' title='bbox 2929 4653 3206 4707; x_wconf 90' lang='lat' dir='ltr'><strong>mulierem</strong></span> <span class='ocrx_word' id='word_1_792' title='bbox 3219 4652 3448 4705; x_wconf 88' lang='lat' dir='ltr'><strong>alienam</strong></span> 
     </span>
    </p>
   </div>
   <div class='ocr_carea' id='block_1_105' title="bbox 1869 4743 3450 4821">
    <p class='ocr_par' dir='ltr' id='par_1_105' title="bbox 1869 4743 3450 4821">
     <span class='ocr_line' id='line_1_105' title="bbox 1869 4743 3450 4821; baseline -0.007 -14"><span class='ocrx_word' id='word_1_793' title='bbox 1869 4752 2257 4821; x_wconf 83' lang='lat' dir='ltr'><strong>concupiscere</strong></span> <span class='ocrx_word' id='word_1_794' title='bbox 2305 4748 2377 4804; x_wconf 90' lang='lat' dir='ltr'><strong>sit</strong></span> <span class='ocrx_word' id='word_1_795' title='bbox 2435 4745 2724 4816; x_wconf 90' lang='lat' dir='ltr'><strong>iniquum?</strong></span> <span class='ocrx_word' id='word_1_796' title='bbox 2751 4744 2809 4799; x_wconf 91' lang='lat' dir='ltr'><strong>Si</strong></span> <span class='ocrx_word' id='word_1_797' title='bbox 2841 4759 2972 4815; x_wconf 89' lang='lat' dir='ltr'><strong>ergo</strong></span> <span class='ocrx_word' id='word_1_798' title='bbox 3018 4758 3143 4799; x_wconf 90' lang='lat' dir='ltr'><strong>eum</strong></span> <span class='ocrx_word' id='word_1_799' title='bbox 3195 4743 3450 4799; x_wconf 89' lang='lat' dir='ltr'><strong>sacerdos</strong></span> 
     </span>
    </p>
   </div>
   <div class='ocr_carea' id='block_1_106' title="bbox 1872 4835 3451 4902">
    <p class='ocr_par' dir='ltr' id='par_1_106' title="bbox 1872 4835 3451 4902">
     <span class='ocr_line' id='line_1_106' title="bbox 1872 4835 3451 4902; baseline -0.009 -1"><span class='ocrx_word' id='word_1_800' title='bbox 1872 4845 2138 4902; x_wconf 89' lang='lat' dir='ltr'><strong>maculam</strong></span> <span class='ocrx_word' id='word_1_801' title='bbox 2194 4842 2488 4897; x_wconf 87' lang='lat' dir='ltr'><strong>habentem</strong></span> <span class='ocrx_word' id='word_1_802' title='bbox 2523 4840 2699 4895; x_wconf 85' lang='lat' dir='ltr'><strong>albam</strong></span> <span class='ocrx_word' id='word_1_803' title='bbox 2750 4842 2846 4892; x_wconf 87' lang='lat' dir='ltr'><strong>aut</strong></span> <span class='ocrx_word' id='word_1_804' title='bbox 2889 4835 3064 4891; x_wconf 77' lang='lat' dir='ltr'><strong>rufam</strong></span> <span class='ocrx_word' id='word_1_805' title='bbox 3121 4835 3177 4888; x_wconf 90' lang='lat' dir='ltr'><strong>in</strong></span> <span class='ocrx_word' id='word_1_806' title='bbox 3232 4835 3451 4889; x_wconf 82' lang='lat' dir='ltr'><strong>calvitio</strong></span> 
     </span>
    </p>
   </div>
   <div class='ocr_carea' id='block_1_107' title="bbox 1872 4934 3449 5007">
    <p class='ocr_par' dir='ltr' id='par_1_107' title="bbox 1872 4934 3449 5007">
     <span class='ocr_line' id='line_1_107' title="bbox 1872 4934 3449 5007; baseline -0.01 -10"><span class='ocrx_word' id='word_1_807' title='bbox 1872 4948 1967 4997; x_wconf 91' lang='lat' dir='ltr'><strong>aut</strong></span> <span class='ocrx_word' id='word_1_808' title='bbox 1993 4940 2050 4995; x_wconf 91' lang='lat' dir='ltr'><strong>in</strong></span> <span class='ocrx_word' id='word_1_809' title='bbox 2076 4938 2357 4994; x_wconf 84' lang='lat' dir='ltr'><strong>recalvitio</strong></span> <span class='ocrx_word' id='word_1_810' title='bbox 2379 4937 2520 5007; x_wconf 84' lang='lat' dir='ltr'><strong>ejus,</strong></span> <span class='ocrx_word' id='word_1_811' title='bbox 2548 4937 2601 4992; x_wconf 92' lang='lat' dir='ltr'><strong>id</strong></span> <span class='ocrx_word' id='word_1_812' title='bbox 2631 4945 2735 4998; x_wconf 89' lang='lat' dir='ltr'><strong>est,</strong></span> <span class='ocrx_word' id='word_1_813' title='bbox 2768 4934 2833 4988; x_wconf 89' lang='lat' dir='ltr'><strong>in.</strong></span> <span class='ocrx_word' id='word_1_814' title='bbox 2855 4949 2918 4989; x_wconf 89' lang='lat' dir='ltr'><strong>ea</strong></span> <span class='ocrx_word' id='word_1_815' title='bbox 2951 4947 3072 5004; x_wconf 68' lang='lat' dir='ltr'><strong>quae</strong></span> <span class='ocrx_word' id='word_1_816' title='bbox 3108 4941 3281 4986; x_wconf 87' lang='lat' dir='ltr'><strong>estex</strong></span> <span class='ocrx_word' id='word_1_817' title='bbox 3317 4940 3449 4992; x_wconf 87' lang='lat' dir='ltr'><strong>toto,</strong></span> 
     </span>
    </p>
   </div>
   <div class='ocr_carea' id='block_1_108' title="bbox 1875 5023 3449 5103">
    <p class='ocr_par' dir='ltr' id='par_1_108' title="bbox 1875 5023 3449 5103">
     <span class='ocr_line' id='line_1_108' title="bbox 1875 5023 3449 5103; baseline -0.008 -17"><span class='ocrx_word' id='word_1_818' title='bbox 1875 5034 1955 5089; x_wconf 91' lang='lat' dir='ltr'><strong>vel</strong></span> <span class='ocrx_word' id='word_1_819' title='bbox 1982 5049 2045 5089; x_wconf 80' lang='lat' dir='ltr'><strong>ex</strong></span> <span class='ocrx_word' id='word_1_820' title='bbox 2070 5040 2244 5103; x_wconf 83' lang='lat' dir='ltr'><strong>parte,</strong></span> <span class='ocrx_word' id='word_1_821' title='bbox 2271 5030 2637 5100; x_wconf 86' lang='lat' dir='ltr'><strong>simplicitate,</strong></span> <span class='ocrx_word' id='word_1_822' title='bbox 2684 5028 3071 5100; x_wconf 88' lang='lat' dir='ltr'><strong>evangelicam,</strong></span> <span class='ocrx_word' id='word_1_823' title='bbox 3096 5026 3182 5081; x_wconf 91' lang='lat' dir='ltr'><strong>vel</strong></span> <span class='ocrx_word' id='word_1_824' title='bbox 3225 5023 3449 5095; x_wconf 85' lang='lat' dir='ltr'><strong>legalem</strong></span> 
     </span>
    </p>
   </div>
   <div class='ocr_carea' id='block_1_109' title="bbox 1873 5113 3451 5189">
    <p class='ocr_par' dir='ltr' id='par_1_109' title="bbox 1873 5113 3451 5189">
     <span class='ocr_line' id='line_1_109' title="bbox 1873 5113 3451 5189; baseline -0.008 -12"><span class='ocrx_word' id='word_1_825' title='bbox 1873 5138 1996 5178; x_wconf 90' lang='lat' dir='ltr'><strong>eum</strong></span> <span class='ocrx_word' id='word_1_826' title='bbox 2022 5134 2269 5175; x_wconf 90' lang='lat' dir='ltr'><strong>normam</strong></span> <span class='ocrx_word' id='word_1_827' title='bbox 2296 5128 2610 5189; x_wconf 88' lang='lat' dir='ltr'><strong>peccantem</strong></span> <span class='ocrx_word' id='word_1_828' title='bbox 2642 5117 3057 5189; x_wconf 85' lang='lat' dir='ltr'><strong>praevaricatum</strong></span> <span class='ocrx_word' id='word_1_829' title='bbox 3094 5113 3265 5169; x_wconf 78' lang='lat' dir='ltr'><strong>fuisse</strong></span> <span class='ocrx_word' id='word_1_830' title='bbox 3292 5126 3451 5180; x_wconf 86' lang='lat' dir='ltr'><strong>repe-</strong></span> 
     </span>
    </p>
   </div>
   <div class='ocr_carea' id='block_1_110' title="bbox 1876 5204 3383 5281">
    <p class='ocr_par' dir='ltr' id='par_1_110' title="bbox 1876 5204 3383 5281">
     <span class='ocr_line' id='line_1_110' title="bbox 1876 5204 3383 5281; baseline -0.009 -11"><span class='ocrx_word' id='word_1_831' title='bbox 1876 5216 1965 5281; x_wconf 88' lang='lat' dir='ltr'><strong>rit,</strong></span> <span class='ocrx_word' id='word_1_832' title='bbox 1998 5213 2403 5277; x_wconf 85' lang='lat' dir='ltr'><strong>condemnabit,</strong></span> <span class='ocrx_word' id='word_1_833' title='bbox 2426 5211 2540 5266; x_wconf 92' lang='lat' dir='ltr'><strong>sive</strong></span> <span class='ocrx_word' id='word_1_834' title='bbox 2561 5208 2953 5266; x_wconf 88' lang='lat' dir='ltr'><strong>contaminabit</strong></span> <span class='ocrx_word' id='word_1_835' title='bbox 2981 5223 3130 5263; x_wconf 91' lang='lat' dir='ltr'><strong>eum.</strong></span> <span class='ocrx_word' id='word_1_836' title='bbox 3162 5204 3383 5272; x_wconf 86' lang='lat' dir='ltr'><strong>Quare?</strong></span> 
     </span>
    </p>
   </div>
   <div class='ocr_carea' id='block_1_111' title="bbox 1945 5293 3448 5369">
    <p class='ocr_par' dir='ltr' id='par_1_111' title="bbox 1945 5293 3448 5369">
     <span class='ocr_line' id='line_1_111' title="bbox 1945 5293 3448 5369; baseline -0.004 -16"><span class='ocrx_word' id='word_1_837' title='bbox 1945 5300 2079 5365; x_wconf 83' lang='lat' dir='ltr'><strong>Quia</strong></span> <span class='ocrx_word' id='word_1_838' title='bbox 2104 5300 2245 5353; x_wconf 87' lang='lat' dir='ltr'><strong>haud</strong></span> <span class='ocrx_word' id='word_1_839' title='bbox 2280 5300 2434 5353; x_wconf 84' lang='lat' dir='ltr'><strong>dubie</strong></span> <span class='ocrx_word' id='word_1_840' title='bbox 2482 5298 2626 5369; x_wconf 80' lang='lat' dir='ltr'><strong>lepra</strong></span> <span class='ocrx_word' id='word_1_841' title='bbox 2674 5309 2791 5352; x_wconf 86' lang='lat' dir='ltr'><strong>orta</strong></span> <span class='ocrx_word' id='word_1_842' title='bbox 2844 5306 2923 5353; x_wconf 88' lang='lat' dir='ltr'><strong>est</strong></span> <span class='ocrx_word' id='word_1_843' title='bbox 2962 5298 3017 5351; x_wconf 84' lang='lat' dir='ltr'><strong>in</strong></span> <span class='ocrx_word' id='word_1_844' title='bbox 3066 5296 3294 5351; x_wconf 79' lang='lat' dir='ltr'><strong>calvitio.</strong></span> <span class='ocrx_word' id='word_1_845' title='bbox 3332 5293 3448 5359; x_wconf 79' lang='lat' dir='ltr'><strong>Vel,</strong></span> 
     </span>
    </p>
   </div>
   <div class='ocr_carea' id='block_1_112' title="bbox 1876 5382 3449 5461">
    <p class='ocr_par' dir='ltr' id='par_1_112' title="bbox 1876 5382 3449 5461">
     <span class='ocr_line' id='line_1_112' title="bbox 1876 5382 3449 5461; baseline -0.006 -15"><span class='ocrx_word' id='word_1_846' title='bbox 1876 5393 2017 5447; x_wconf 83' lang='lat' dir='ltr'><strong>sicut</strong></span> <span class='ocrx_word' id='word_1_847' title='bbox 2048 5390 2208 5455; x_wconf 79' lang='lat' dir='ltr'><strong>LXX,</strong></span> <span class='ocrx_word' id='word_1_848' title='bbox 2243 5392 2369 5461; x_wconf 86' lang='lat' dir='ltr'><strong>quia</strong></span> <span class='ocrx_word' id='word_1_849' title='bbox 2396 5391 2452 5443; x_wconf 86' lang='lat' dir='ltr'><strong>in</strong></span> <span class='ocrx_word' id='word_1_850' title='bbox 2483 5390 2656 5457; x_wconf 85' lang='lat' dir='ltr'><strong>capite</strong></span> <span class='ocrx_word' id='word_1_851' title='bbox 2686 5388 2799 5458; x_wconf 88' lang='lat' dir='ltr'><strong>ejus</strong></span> <span class='ocrx_word' id='word_1_852' title='bbox 2850 5387 3062 5441; x_wconf 85' lang='lat' dir='ltr'><strong>macula</strong></span> <span class='ocrx_word' id='word_1_853' title='bbox 3101 5386 3235 5455; x_wconf 87' lang='lat' dir='ltr'><strong>ejus,</strong></span> <span class='ocrx_word' id='word_1_854' title='bbox 3268 5384 3364 5449; x_wconf 89' lang='lat' dir='ltr'><strong>ait;</strong></span> <span class='ocrx_word' id='word_1_855' title='bbox 3398 5382 3449 5435; x_wconf 89' lang='lat' dir='ltr'><strong>id</strong></span> 
     </span>
    </p>
   </div>
   <div class='ocr_carea' id='block_1_113' title="bbox 1876 5478 3453 5554">
    <p class='ocr_par' dir='ltr' id='par_1_113' title="bbox 1876 5478 3453 5554">
     <span class='ocr_line' id='line_1_113' title="bbox 1876 5478 3453 5554; baseline -0.006 -16"><span class='ocrx_word' id='word_1_856' title='bbox 1876 5494 1977 5548; x_wconf 84' lang='lat' dir='ltr'><strong>est,</strong></span> <span class='ocrx_word' id='word_1_857' title='bbox 2008 5484 2132 5554; x_wconf 90' lang='lat' dir='ltr'><strong>quia</strong></span> <span class='ocrx_word' id='word_1_858' title='bbox 2173 5483 2226 5537; x_wconf 90' lang='lat' dir='ltr'><strong>in</strong></span> <span class='ocrx_word' id='word_1_859' title='bbox 2259 5482 2449 5537; x_wconf 85' lang='lat' dir='ltr'><strong>validis</strong></span> <span class='ocrx_word' id='word_1_860' title='bbox 2467 5490 2523 5535; x_wconf 91' lang='lat' dir='ltr'><strong>et</strong></span> <span class='ocrx_word' id='word_1_861' title='bbox 2552 5481 2879 5537; x_wconf 89' lang='lat' dir='ltr'><strong>necessariis</strong></span> <span class='ocrx_word' id='word_1_862' title='bbox 2929 5480 3193 5550; x_wconf 86' lang='lat' dir='ltr'><strong>peccavit,</strong></span> <span class='ocrx_word' id='word_1_863' title='bbox 3238 5478 3293 5531; x_wconf 90' lang='lat' dir='ltr'><strong>in</strong></span> <span class='ocrx_word' id='word_1_864' title='bbox 3332 5478 3453 5544; x_wconf 87' lang='lat' dir='ltr'><strong>qui-</strong></span> 
     </span>
    </p>
   </div>
   <div class='ocr_carea' id='block_1_114' title="bbox 1877 5568 3452 5643">
    <p class='ocr_par' dir='ltr' id='par_1_114' title="bbox 1877 5568 3452 5643">
     <span class='ocr_line' id='line_1_114' title="bbox 1877 5568 3452 5643; baseline -0.005 -14"><span class='ocrx_word' id='word_1_865' title='bbox 1877 5575 1976 5629; x_wconf 85' lang='lat' dir='ltr'><strong>bus</strong></span> <span class='ocrx_word' id='word_1_866' title='bbox 2051 5590 2211 5628; x_wconf 87' lang='lat' dir='ltr'><strong>nemo</strong></span> <span class='ocrx_word' id='word_1_867' title='bbox 2284 5587 2518 5643; x_wconf 90' lang='lat' dir='ltr'><strong>peccans</strong></span> <span class='ocrx_word' id='word_1_868' title='bbox 2574 5571 2787 5626; x_wconf 88' lang='lat' dir='ltr'><strong>veniam</strong></span> <span class='ocrx_word' id='word_1_869' title='bbox 2861 5580 3121 5626; x_wconf 88' lang='lat' dir='ltr'><strong>meretur.</strong></span> <span class='ocrx_word' id='word_1_870' title='bbox 3182 5568 3452 5622; x_wconf 83' lang='lat' dir='ltr'><strong>Naturalis</strong></span> 
     </span>
    </p>
   </div>
   <div class='ocr_carea' id='block_1_115' title="bbox 1878 5662 3450 5735">
    <p class='ocr_par' dir='ltr' id='par_1_115' title="bbox 1878 5662 3450 5735">
     <span class='ocr_line' id='line_1_115' title="bbox 1878 5662 3450 5735; baseline -0.004 -14"><span class='ocrx_word' id='word_1_871' title='bbox 1878 5668 2019 5721; x_wconf 83' lang='lat' dir='ltr'><strong>enim</strong></span> <span class='ocrx_word' id='word_1_872' title='bbox 2062 5667 2164 5733; x_wconf 80' lang='lat' dir='ltr'><strong>lex,</strong></span> <span class='ocrx_word' id='word_1_873' title='bbox 2193 5667 2261 5721; x_wconf 87' lang='lat' dir='ltr'><strong>ad</strong></span> <span class='ocrx_word' id='word_1_874' title='bbox 2321 5682 2481 5735; x_wconf 89' lang='lat' dir='ltr'><strong>quam</strong></span> <span class='ocrx_word' id='word_1_875' title='bbox 2534 5665 2843 5721; x_wconf 87' lang='lat' dir='ltr'><strong>necessaria</strong></span> <span class='ocrx_word' id='word_1_876' title='bbox 2888 5665 3019 5735; x_wconf 85' lang='lat' dir='ltr'><strong>legis</strong></span> <span class='ocrx_word' id='word_1_877' title='bbox 3088 5662 3339 5727; x_wconf 85' lang='lat' dir='ltr'><strong>tendunt,</strong></span> <span class='ocrx_word' id='word_1_878' title='bbox 3397 5673 3450 5715; x_wconf 90' lang='lat' dir='ltr'><strong>et</strong></span> 
     </span>
    </p>
   </div>
   <div class='ocr_carea' id='block_1_116' title="bbox 1406 5876 1761 5949">
    <p class='ocr_par' dir='ltr' id='par_1_116' title="bbox 1406 5880 1761 5936">
     <span class='ocr_line' id='line_1_116' title="bbox 1406 5880 1761 5936; baseline -0.006 -1"><span class='ocrx_word' id='word_1_879' title='bbox 1406 5882 1443 5913; x_wconf 69' lang='grc'><strong>⁸⁵</strong></span> <span class='ocrx_word' id='word_1_880' title='bbox 1478 5880 1677 5936; x_wconf 83' lang='lat' dir='ltr'><strong>Ezech.</strong></span> <span class='ocrx_word' id='word_1_881' title='bbox 1718 5900 1761 5936; x_wconf 66' lang='lat' dir='ltr'><strong>x7</strong></span> 
     </span>
    </p>
   </div>
   <div class='ocr_carea' id='block_1_117' title="bbox 1862 5876 3289 5949">
    <p class='ocr_par' dir='ltr' id='par_1_117' title="bbox 1878 5876 3289 5945">
     <span class='ocr_line' id='line_1_117' title="bbox 1878 5876 3289 5945; baseline -0.003 -10"><span class='ocrx_word' id='word_1_882' title='bbox 1878 5882 1894 5935; x_wconf 90' lang='lat' dir='ltr'><strong>l</strong></span> <span class='ocrx_word' id='word_1_883' title='bbox 1930 5898 2038 5937; x_wconf 81' lang='lat' dir='ltr'><strong>scc.</strong></span> <span class='ocrx_word' id='word_1_884' title='bbox 2066 5880 2227 5936; x_wconf 78' lang='lat' dir='ltr'><strong>LXX.</strong></span> <span class='ocrx_word' id='word_1_885' title='bbox 2307 5883 2349 5913; x_wconf 79' lang='grc'><strong>²⁰</strong></span> <span class='ocrx_word' id='word_1_886' title='bbox 2377 5879 2567 5936; x_wconf 84' lang='lat' dir='ltr'><strong>Matth.</strong></span> <span class='ocrx_word' id='word_1_887' title='bbox 2601 5897 2652 5945; x_wconf 70' lang='grc' dir='ltr'>Χ,</span> <span class='ocrx_word' id='word_1_888' title='bbox 2690 5880 2772 5935; x_wconf 80' lang='lat' dir='ltr'><strong>l6.</strong></span> <span class='ocrx_word' id='word_1_889' title='bbox 2851 5879 2890 5909; x_wconf 84' lang='grc'>²¹</span> <span class='ocrx_word' id='word_1_890' title='bbox 2928 5878 2972 5932; x_wconf 91' lang='lat' dir='ltr'><strong>ll</strong></span> <span class='ocrx_word' id='word_1_891' title='bbox 2997 5876 3123 5934; x_wconf 82' lang='lat' dir='ltr'><strong>Cor.</strong></span> <span class='ocrx_word' id='word_1_892' title='bbox 3148 5894 3198 5936; x_wconf 82' lang='lat' dir='ltr'><strong>x.</strong></span> <span class='ocrx_word' id='word_1_893' title='bbox 3236 5876 3289 5931; x_wconf 90' lang='lat'><strong>7.</strong></span> 
     </span>
    </p>
   </div>
  </div>
