4046 6436
578 418 680 482 947

1798 421 2161 485 HESYCHII
2210 421 2685 483 PRESBYTERI
3762 417 3851 479 988

578 533 752 586 multo
787 532 960 604 magis
1014 536 1322 608 evangelica
1378 544 1670 608 praecepta,
1716 552 1821 592 nec
1880 536 2166 590 animabus
2194 537 2241 594 Δ
2269 534 2696 604 ostendeturque
2735 530 3019 588 sacerdoti.
3062 532 3165 598 Qui
3209 531 3599 596 considerans.
3638 532 3859 589 recludet

579 624 799 695 quidem
832 636 962 683 sunt
1000 629 1176 683 aliena
1200 630 1558 700 simplicibus.

650 714 814 774 Vens.
846 720 1038 778 44-46.
1068 742 1086 774 ι
1120 721 1441 793 Quicunque
1464 738 1594 796 ergo
1642 724 1945 779 maculatus
2000 722 2166 777 fuerit

576 811 749 879 lepra,
786 824 839 866 et
869 817 1249 883 separatusad
1298 816 1586 870 arbitrium
1638 816 1955 881 sacerdotis,
1994 816 2165 870 hahe-

581 903 589 954 Ξ
618 903 655 955 τι
685 905 1006 960 vestimenta
1036 908 1266 969 dissuta,
1303 918 1467 977 caput
1500 908 1729 973 nudum,
1770 925 1831 963 os
1864 916 2011 963 veste
2035 924 2167 962 con-

588 1011 805 1062 η-ιυισιιιι,
842 1000 1362 1079 contaminalum‘ac
1391 1002 1693 1065 sordidum,
1731 1002 1988 1055 clamabit
2015 1000 2165 1054 omni

641 1105 824 1157 mpore
853 1107 960 1159 quo
985 1093 1229 1160 Ieprosus
1256 1103 1357 1158 est,
1388 1106 1442 1148 ct
1464 1094 1780 1149 immundus
1825 1094 1973 1147 solus
2007 1092 2166 1147 habi-

583 1182 712 1234 nbit
739 1190 892 1234 extra
911 1192 1108 1237 castra.
1142 1202 1161 1233 ›
1563 1224 1593 1249 ,,

650 1272 722 1325 Ea
754 1258 875 1341 quae
902 1275 968 1327 ad
994 1274 1186 1330 faciem
1217 1286 1295 1330 csl
1323 1277 1702 1347 interpretatio
1738 1277 1956 1341 litterae,
1984 1275 2166 1330 omni-

576 1378 649 1419 no
679 1365 865 1419 multis
898 1366 1112 1420 videtur
1154 1383 1273 1423 esse
1308 1369 1554 1422 ridicula.
1579 1368 1719 1434 Quid
1748 1367 1894 1422 enim
1948 1367 2170 1437 prodest

574 1454 902 1509 vestimenta
953 1455 1219 1522 dissuere,
1250 1466 1342 1510 aut
1393 1468 1555 1528 caput
1618 1458 1817 1512 habere
1876 1458 2164 1521 nudatum,

573 1555 640 1597 os
663 1551 975 1597 contectum
1003 1543 1163 1599 ?Nec
1192 1546 1281 1599 ille
1318 1547 1463 1600 enim
1511 1547 1604 1616 qui
1635 1562 1862 1617 corpore
1896 1547 2164 1616 leprosus,

574 1635 799 1691 odorem
835 1638 1004 1707 spirat
1034 1638 1276 1708 pudoris,
1304 1649 1361 1694 ut
1412 1650 1557 1695 recte
1582 1654 1642 1694 os
1691 1656 1849 1695 suum
1904 1640 2066 1709 hujus
2089 1642 2166 1696 rei

573 1730 787 1800 operiat
816 1732 1011 1801 gratia.
1043 1730 1149 1785 Sed
1188 1734 1314 1800 quia
1348 1733 1624 1802 leprosum
1670 1732 1949 1803 legislator
2002 1731 2167 1786 intel-

574 1821 708 1878 lexit
737 1838 885 1889 eum,
920 1824 1011 1893 qui
1044 1825 1341 1879 secundum
1380 1825 1633 1894 prredicta
1674 1830 1897 1895 peccata
1928 1824 2168 1880 immun-

575 1913 681 1967 dus
709 1923 813 1979 cst,
843 1916 1155 1970 necessarie
1183 1916 1302 1986 ejus
1331 1917 1555 1972 dissolvi
1584 1916 1908 1972 vestimenta
1960 1934 2169 1988 praece-
2205 1894 2245 1951 Β

575 2008 743 2076 cepit,
774 2019 829 2061 ut
878 2023 975 2077 per
1021 2009 1124 2063 hoc
1175 2009 1431 2081 cognosci
1478 2009 1651 2080 possit
1700 2010 1826 2080 quia
1875 2010 2173 2066 dissolutas

577 2099 772 2154 habeat
816 2102 1044 2156 virtutes
1078 2111 1242 2173 atque
1278 2103 1423 2158 vires
1478 2103 1674 2159 animae
1713 2120 1875 2174 :qua:
1930 2119 2050 2159 eam
2102 2105 2173 2158 ab

576 2196 712 2241 testu
739 2199 903 2258 atque
933 2190 1056 2260 gelu
1096 2190 1308 2260 peccati
1344 2199 1597 2261 poterant
1631 2193 1929 2247 custodire.
1960 2192 2173 2247 Habere

578 2288 759 2335 autem
785 2296 909 2336 eum
941 2290 996 2337 et
1017 2292 1182 2351 caput
1209 2283 1472 2337 nudatum
1506 2284 1784 2354 pracepit,
1810 2292 1999 2354 utpote
2029 2284 2175 2338 salu-

580 2372 651 2427 tis
682 2374 886 2444 galeam
926 2390 1037 2430 non
1081 2375 1399 2441 habentem,
1440 2392 1602 2446 quam
1657 2376 1861 2431 Paulus
1900 2378 2043 2432 inter
2086 2378 2172 2431 in-

583 2468 886 2538 telligihilia
930 2484 1081 2523 arma
1129 2468 1272 2523 sumi
1324 2468 1584 2539 praecepit
1622 2468 1689 2521 ".
1722 2466 1796 2522 Os
1844 2468 2007 2523 etiam
2063 2484 2171 2523 nou

580 2561 789 2616 fmstra
814 2561 1016 2631 operiri
1058 2561 1336 2632 praecepit,
1373 2562 1469 2616 sed
1510 2561 1636 2630 quia
1667 2560 1945 2615 cummali
1992 2561 2176 2614 odoris

579 2659 859 2720 peccatum
895 2651 985 2717 sit,
1016 2660 1071 2706 et
1102 2667 1321 2706 omnem
1362 2667 1591 2722 pravam
1627 2651 1841 2706 emittat
1880 2652 2176 2705 exhalatio-

578 2757 728 2809 nem,
768 2744 939 2799 multo
968 2745 1141 2815 magis
1165 2754 1346 2800 tamen
1380 2760 1497 2799 eam
1522 2761 1644 2815 quae
1668 2760 1769 2814 per
1802 2744 2040 2810 linguam
2063 2755 2173 2808 est,

580 2834 826 2902 possidet
854 2850 867 2888 :
901 2835 1063 2889 simul
1090 2836 1257 2890 etiam
1286 2846 1341 2890 et
1372 2851 1401 2889 a
1436 2836 1699 2891 doctorali
1732 2836 1999 2906 dignitate
2029 2840 2179 2890 hunc
2212 2831 2225 2840 ’

578 2927 673 2997 qui
707 2927 828 2981 talis
861 2936 947 2982 est
968 2929 1245 2997 prohibet.
1276 2928 1562 2995 Quomodo
1589 2930 1733 2984 enim
1764 2930 1939 3000 culpa:
1986 2945 2175 2984 casum

580 3027 852 3082 coerceat,
882 3019 971 3089 qui
1013 3031 1096 3074 est
1138 3021 1255 3090 ipse
1285 3022 1614 3092 culpabilis?
1644 3020 1932 3087 Quomodo
1956 3024 2047 3093 qui
2090 3022 2178 3076 fu-

583 3117 757 3171 ratur,
792 3109 1070 3179 przecipiat
1099 3127 1209 3165 non
1249 3111 1460 3167 furari?
1496 3113 1590 3182 qui
1626 3115 1956 3179 moechatur,
1988 3114 2178 3184 jubeat

582 3216 690 3255 non
738 3202 1044 3257 mtechari?
1076 3202 1231 3259 Unde
1270 3214 1326 3259 et
1384 3206 1553 3261 David
1604 3205 1819 3261 dicebat
1854 3224 1867 3259 :
1911 3206 2177 3261 Peccalari

584 3305 765 3349 autem
800 3295 932 3349 dixit
967 3294 1107 3349 Deus
1133 3313 1152 3351 :
1185 3296 1364 3361 Quare
1392 3306 1449 3350 tu
1474 3314 1696 3353 enarras
1732 3298 1973 3369 justitias
2005 3315 2172 3366 meas,

581 3398 629 3443 et
655 3390 881 3442 assumis
939 3397 1311 3443 testamentum
1332 3406 1506 3444 meum
1537 3407 1631 3459 per
1658 3408 1713 3444 os
1752 3392 1938 3444 tuum?
1959 3391 2032 3444 Tu
2061 3408 2177 3445 vero

582 3481 742 3535 odisti
788 3482 1141 3550 disciplinam,
1185 3493 1232 3536 et
1276 3483 1540 3552 projecisti
1579 3501 1841 3538 sermones
1879 3502 2017 3539 meos
2062 3494 2176 3555 post

584 3585 633 3626 te
657 3574 721 3626 ”.
754 3574 820 3627 Et
837 3590 946 3627 non
974 3574 1193 3644 quidem
1213 3590 1431 3645 semper
1458 3576 1563 3631 hoc
1588 3586 1735 3631 esset
1764 3576 1912 3630 omni
1933 3585 2177 3647 tempore

583 3676 692 3730 quo
731 3661 975 3730 leprosus
1005 3671 1109 3727 est,
1140 3663 1197 3717 id
1229 3672 1315 3717 est
1346 3664 1601 3719 omnibus
1638 3665 1851 3731 diebus,
1877 3666 2074 3735 quibus
2122 3667 2177 3721 in

584 3770 650 3809 eo
696 3755 859 3809 fuerit
912 3755 1145 3812 macula.
1177 3754 1317 3821 Quid
1370 3772 1499 3826 ergo
1554 3772 1652 3827 per
1705 3758 1819 3813 haec
1869 3759 2179 3829 signiﬁcat?

584 3847 721 3911 Quia
762 3848 863 3901 etsi
899 3849 1067 3902 semel
1117 3849 1447 3919 peccaverit,
1484 3850 1694 3904 etiamsi
1742 3867 1851 3906 non
1906 3852 2177 3908 addiderit

584 3938 649 3991 ad
685 3939 1047 4007 peccandum,
1081 3940 1398 3995 immundus
1430 3950 1608 3997 tamen
1638 3958 1811 4013 usque
1835 3944 1962 3997 dum
2000 3944 2174 4013 paeni-

586 4039 715 4095 teat,
737 4030 937 4085 dicitur
961 4049 974 4085 :
1002 4032 1130 4100 quia
1157 4032 1281 4086 sine
1314 4033 1633 4102 poenitentia
1657 4035 1807 4105 lepra
1840 4037 2047 4106 peccati
2079 4053 2174 4107 pe-

582 4123 733 4177 nitus
780 4138 891 4177 non
935 4125 1250 4191 inundatur,
1291 4126 1525 4194 idcoque
1564 4128 1773 4183 macula
1824 4128 2175 4200 intelligibilis

585 4215 751 4283 leprae
795 4215 849 4268 in
887 4215 1007 4285 ipso
1056 4225 1261 4271 manet.
1312 4218 1577 4274 Praeterea
1608 4235 1772 4274 verus
1817 4221 2085 4289 leprosus,
2119 4220 2171 4275 id

583 4314 670 4361 est
698 4315 974 4375 peccator,
999 4307 1147 4361 solus
1163 4324 1226 4362 ac
1254 4319 1536 4377 separatus
1569 4311 1794 4374 habitat,
1820 4319 1930 4364 tam
1960 4319 2019 4364 ut
2040 4325 2173 4364 con-

584 4395 862 4464 fundatur,
902 4414 1062 4467 quam
1099 4409 1160 4453 ut
1207 4401 1389 4456 nullus
1436 4404 1713 4457 societatis
1758 4403 1877 4472 ejus
1923 4404 2173 4475 contagio

584 4498 868 4546 noceatur.
896 4492 1051 4549 Unde
1088 4494 1347 4551 Dominus
1378 4495 1556 4559 Petro,
1587 4495 1653 4549 de
1683 4510 1757 4549 eo
1788 4496 1878 4565 qui
1909 4511 2171 4565 peccave-

2271 634 2482 696 septem
2521 626 2734 691 diebus,
2778 636 2835 681 et
2891 626 2981 680 die
3030 625 3265 696 septimo
3319 641 3543 681 rursum
3586 625 3859 695 aspiciens.

2270 719 2313 775 si
2361 720 2600 774 crevisse
2645 718 3071 788 deprehenderit
3140 718 3290 788 lepra
3352 733 3734 789 perseverans
3770 730 3861 781 est,

2270 813 2539 882 pollutum
2577 813 2844 881 judicabit
2891 812 3304 877 vestimentum,
3338 822 3393 867 et
3441 826 3621 867 omne
3665 811 3721 864 in
3766 828 3861 880 quo

2269 903 2435 959 fuerit
2458 906 2702 968 inventa,
2726 914 2782 959 et
2806 904 3009 960 idcirco
3036 905 3391 960 comburetnr
3421 903 3693 958 ﬂammis.
3726 902 3864 968 Quod

2268 997 2311 1053 si
2353 1014 2471 1052 eam
2499 998 2697 1053 viderit
2735 1013 2845 1052 non
2880 997 3145 1062 crevisse,
3187 998 3493 1068 praecipiet,
3529 1007 3591 1051 et
3627 996 3868 1051 lavabunt

2274 1086 2327 1141 id
2361 1088 2415 1141 in
2443 1104 2552 1158 quo
2577 1089 2727 1157 lepra
2767 1075 3315 1158 esthecludensque
3338 1088 3473 1143 illud
3522 1097 3745 1157 septem
3771 1087 3867 1140 die-

2272 1178 2376 1233 bus
2403 1178 2545 1243 aliis,
2588 1190 2642 1233 et
2689 1194 2812 1234 cum
2845 1178 3044 1235 viderit
3078 1178 3274 1233 faciem
3324 1179 3555 1247 quidem
3594 1176 3867 1246 pristinam

2272 1285 2381 1323 non
2412 1286 2711 1334 reversam,
2741 1286 2842 1326 uec
2879 1281 3059 1325 tamen
3092 1269 3337 1325 crevisse
3367 1270 3612 1339 lepram,
3647 1268 3871 1322 immun-

2271 1361 2711 1431 dumjudicahit,
2767 1372 2823 1417 et
2861 1362 2985 1433 igne
3037 1361 3344 1426 comburet,
3375 1376 3443 1415 eo
3502 1358 3663 1429 quod
3700 1357 3863 1413 infusa

2271 1455 2342 1510 sit
2390 1455 2445 1509 in
2494 1456 2781 1525 superﬁcie
2809 1443 3143 1531 vestimenti,
3177 1454 3262 1509 vel
3323 1469 3417 1522 per
3468 1461 3681 1513 totum,
3715 1451 3869 1519 lepra.

2271 1546 2369 1601 Sin
2411 1558 2589 1601 autem
2625 1548 2911 1601 obscurior
2930 1545 3096 1601 fuerit
3133 1546 3288 1600 locus
3342 1544 3529 1614 lepra»,
3593 1550 3867 1612 postquam

2272 1640 2442 1696 vestis
2468 1650 2553 1695 est
2584 1641 2712 1704 lota,
2739 1641 3028 1709 abrumpet
3077 1653 3228 1703 eum,
3257 1646 3313 1691 et
3360 1651 3392 1690 a
3444 1635 3623 1690 solito
3659 1634 3869 1688 dividet.

2274 1730 2428 1796 Quod
2460 1730 2503 1784 si
2534 1731 2674 1783 ultra
2708 1728 3019 1799 apparuerit
3049 1728 3101 1782 in
3135 1728 3221 1782 his
3243 1727 3399 1791 locis,
3439 1740 3571 1796 quae
3610 1723 3765 1795 prius
3787 1724 3871 1777 iur

2274 1820 2540 1874 maculata
2580 1829 2757 1883 erant,
2788 1819 2937 1888 lepra
2991 1817 3229 1871 volatilis
3257 1826 3313 1871 et
3348 1833 3503 1887 vaga,
3536 1815 3719 1870 debet
3767 1814 3861 1883 igni

2275 1913 2546 1968 comburi.
2589 1911 2643 1966 Si
2677 1910 2997 1975 cessaverit,
3039 1909 3240 1965 lavabit
3291 1924 3354 1963 ea
3387 1926 3511 1979 quze
3560 1924 3708 1978 pura
3758 1918 3869 1961 sunt

2276 2008 2538 2069 secundo,
2577 2014 2630 2059 et
2662 2006 2860 2059 munda
2890 2014 3070 2059 erunt.
3103 2002 3212 2057 Ista
3254 2012 3339 2056 est
3368 2002 3449 2056 lex
3486 2002 3669 2071 lepra:
3721 2000 3867 2053 vesti-

2274 2097 2443 2153 menti
2468 2096 2631 2161 lanei,
2655 2106 2709 2150 et
2737 2094 2889 2159 linei,
2920 2093 3155 2148 ﬂaminis
3178 2101 3341 2161 atque
3366 2089 3749 2162 subtegrninis
3774 2105 3868 2143 oni-

2274 2190 2469 2260 nisque
2493 2187 2845 2258 supellectilis
2877 2185 3122 2255 pellicias,
3146 2184 3425 2253 quomodo
3479 2181 3750 2237 mundari
3786 2182 3866 2234 de-

2274 2284 2441 2340 beant
2467 2282 2552 2339 vel
2586 2279 2967 2336 coutaminari.
3004 2297 3023 2329 ι

2344 2376 2667 2432 lndecorum
2702 2373 2925 2442 quidam
2951 2371 3175 2427 forsitan
3204 2387 3269 2426 ac
3298 2370 3464 2425 nimis
3488 2367 3773 2438 abjectum
3800 2364 3863 2416 le-

2275 2468 2584 2540 gislatorem
2608 2466 2896 2527 aestimant,
2916 2466 3043 2532 quia
3059 2463 3127 2517 de.
3144 2462 3378 2517 stamine
3396 2471 3561 2529 atque
3581 2454 3864 2525 subtegmi-

2277 2575 2382 2624 ne,
2426 2558 2571 2628 quod
2622 2566 2791 2611 trama
2840 2556 2999 2627 vulgo
3044 2562 3415 2625 nuncupatur,
3464 2551 3737 2621 loquitur,
3783 2563 3858 2600 re-

2276 2650 2533 2721 linquens
2554 2664 2894 2719 quzrcunque
2921 2647 3133 2702 animas
3163 2645 3507 2701 audientium
3539 2644 3721 2714 legem
3754 2659 3861 2711 pos-

2278 2754 2404 2800 sunt
2436 2744 2505 2799 ad
2547 2745 2774 2798 meliora
2810 2756 3162 2811 componere.
3198 2739 3341 2807 Quid
3377 2738 3550 2804 enim,
3598 2738 3856 2808 inquiunt,

2278 2835 2615 2891 sordidatum
2678 2844 2910 2897 stamen,
2958 2832 3089 2902 quid
3142 2830 3484 2901 subtegmen,
3540 2830 3663 2884 sive
3708 2838 3858 2883 trama

2278 2931 2556 2999 leprosum
2594 2928 2819 2989 factum.
2858 2928 2985 2997 quid
3023 2926 3297 2996 pellicium
3337 2939 3429 2977 vas
3464 2922 3736 2977 maculam
3776 2923 3857 2978 ba-

2277 3024 2433 3089 bens,
2475 3032 2675 3077 nostra:
2725 3020 2900 3074 oberit
2948 3019 3106 3073 vitaz?
3147 3018 3306 3074 Unde
3353 3032 3465 3071 non
3519 3032 3624 3071 nos
3664 3025 3856 3087 oportet

2278 3118 2345 3174 ad
2383 3117 2555 3173 solam
2590 3115 2878 3169 intendere
2913 3114 3171 3175 litteram,
3208 3112 3304 3166 sed
3336 3111 3401 3165 ad
3436 3110 3680 3164 fructum
3714 3110 3853 3180 spiri-

2203 3236 2246 3296 ο
2280 3219 2367 3265 tus
2400 3229 2413 3264 ε
2449 3209 2542 3280 qui
2595 3205 3056 3278 quemadmodum
3102 3205 3205 3259 sub
3257 3203 3404 3268 folio,
3440 3203 3514 3257 ita
3564 3202 3670 3257 sub
3702 3202 3855 3255 littera

2280 3303 2468 3374 legalis
2498 3302 2672 3356 vineae
2706 3299 3029 3355 custoditur.
3056 3297 3287 3352 Tantam
3310 3297 3456 3352 enim
3482 3311 3677 3351 curam
3706 3295 3852 3350 nostri

2279 3395 2554 3467 legislator
2592 3393 2750 3464 gerit,
2788 3402 2846 3447 ut
2888 3408 2999 3447 non
3044 3391 3219 3446 solum
3260 3390 3327 3446 de
3366 3390 3457 3444 illa
3492 3398 3687 3444 cautos
3718 3389 3851 3443 faciat

2280 3490 2448 3559 lepra,
2496 3503 2619 3559 qua:
2663 3502 2728 3541 ex
2781 3487 2868 3541 bis
2920 3501 3042 3556 quae
3097 3486 3211 3555 jam
3261 3484 3405 3539 dicta
3451 3494 3603 3549 sunt,
3639 3493 3851 3555 peccans

2278 3581 2483 3648 evenit,
2519 3580 2614 3636 sed
2644 3586 2699 3633 et
2727 3578 2795 3633 de
2835 3579 2937 3633 hac
2968 3593 3089 3647 quae
3120 3576 3440 3647 frequenter
3470 3576 3619 3632 circa
3648 3574 3849 3629 virtutes

2278 3677 2521 3739 evenire,
2567 3676 2699 3730 dum
2750 3673 2893 3728 male
2945 3673 3027 3726 eis
3078 3670 3275 3741 aliquis
3319 3670 3512 3737 utitur,
3550 3670 3709 3726 solet.
3749 3667 3845 3723 Alia

2278 3784 2408 3839 ergo
2455 3767 2780 3821 vestimenta
2825 3764 3041 3828 animae,
3085 3763 3188 3817 alia
3230 3763 3559 3819 vestimenta
3593 3770 3719 3817 sunt
3746 3774 3846 3813 cor-

2277 3860 2424 3930 poris
2456 3878 2468 3913 :
2498 3875 2618 3928 quae
2664 3874 2766 3914 nec
2818 3857 3116 3919 sordidata,
3165 3872 3269 3911 nec
3318 3856 3623 3926 exspoliata
3666 3852 3843 3908 contri-

2277 3962 2441 4017 stant,
2477 3952 2753 4023 quomodo
2804 3966 2933 4021 ergo
2979 3947 3185 4019 Joseph
3234 3949 3581 4019 pertingentc
3622 3946 3841 4017 Egyptia

2277 4042 2616 4098 vestimentis
2676 4038 2998 4110 spoliandus
3053 4047 3204 4103 erat,
3265 4037 3350 4091 vel
3408 4038 3683 4106 quomodo
3742 4035 3841 4105 pilis

2276 4137 2467 4192 cameli
2508 4135 2747 4204 Baptista
2786 4132 3027 4188 Joannes
3062 4131 3290 4185 indutus
3328 4138 3463 4184 erat.
3511 4129 3618 4184 Sed
3658 4144 3715 4183 ca
3744 4143 3837 4196 qua:

2276 4238 2403 4285 sunt
2441 4228 2639 4283 anima:
2678 4232 2897 4296 Oportet
2938 4238 3061 4279 esse
3102 4223 3358 4286 clariora,
3391 4223 3457 4277 de
3485 4223 3683 4291 quibus
3709 4219 3837 4274 Salo-

2276 4340 2404 4379 mon
2456 4322 2714 4378 dicebat:
2750 4320 2906 4376 Omni
2968 4329 3201 4388 tempore
3254 4319 3360 4372 sint
3419 4319 3720 4371 vestimenta
3763 4322 3834 4365 tua

2275 4417 2501 4470 candida
2523 4416 2590 4469 ³⁸.
2622 4413 2789 4468 David
2823 4426 2952 4483 ergo
2981 4411 3057 4464 ait
3095 4428 3107 4464 :
3147 4408 3332 4463 Omnis
3365 4408 3537 4479 gloria
3572 4408 3700 4477 ejus,
3736 4404 3835 4472 ﬁlia

2277 4508 2412 4578 regis
2459 4506 2523 4559 ab
2574 4506 2715 4558 intra
2745 4545 2757 4565 ,
2797 4504 2853 4556 in
2892 4500 3113 4571 ﬁmbriis
3166 4500 3344 4552 aureis
3403 4499 3722 4552 circumdata
3762 4510 3832 4547 ra-

582 4592 688 4649 rat,
716 4594 769 4638 et
801 4586 1054 4642 Ecclesiae
1086 4597 1144 4643 ut
1198 4597 1614 4643 converteretur
1658 4598 1819 4659 atque
1858 4590 2179 4645 emendare-
2212 4590 2255 4645 D
2286 4603 2472 4655 riezate
2502 4599 2569 4651 ".
2604 4595 2843 4651 Gloriam
2881 4593 3043 4658 intra,
3069 4591 3266 4645 anima:
3289 4590 3547 4645 decorem
3581 4602 3830 4648 asserens,

585 4686 692 4739 tur,
715 4679 1051 4736 detrectabat
1078 4682 1299 4736 obedire
1327 4701 1339 4735 :
1369 4681 1448 4736 Sit
1479 4682 1593 4747 tibi,
1624 4683 1817 4753 inquit,
1846 4684 1981 4737 sicut
2004 4685 2176 4737 ethni-

582 4784 675 4824 cus
706 4780 769 4824 et-
794 4772 1102 4841 publicanus
1134 4774 1199 4826 ³⁵⁵.
1237 4772 1511 4828 Habitabit
1551 4774 1751 4844 quippe
1784 4784 1935 4829 extra
1970 4785 2169 4831 castra.

585 4859 745 4931 chis
771 4864 971 4933 quippe
1019 4866 1271 4921 mandata
1319 4866 1647 4939 evangelicis
1695 4867 1858 4922 nimis
1892 4877 2041 4935 sunt,
2088 4886 2175 4923 se-

586 4952 825 5006 cundum
851 4955 1125 5023 spiritum,
1161 4960 1539 5023 consonantia,
1570 4961 1712 5014 unde
1739 4960 1976 5016 Joannes
2012 4979 2173 5032 sepa-

588 5058 716 5097 rans
738 5044 807 5097 ab
846 5045 1169 5119 intelligibili
1200 5052 1549 5107 tabernaculo
1579 5053 1967 5124 intelligibilem
1999 5058 2177 5126 lepro-

589 5148 710 5188 sum
744 5134 800 5188 in
830 5138 1114 5196 catholicis
1146 5142 1408 5211 Epistolis
1430 5144 1656 5201 scribit:
1693 5144 2000 5214 Quicunque
2036 5150 2175 5202 venit

587 5227 659 5281 ad
706 5243 812 5291 vos,
844 5238 891 5282 et
920 5230 1055 5283 hanc
1087 5232 1380 5287 doctrinam
1417 5252 1519 5288 non
1564 5237 1736 5306 aﬂ'erl,
1764 5254 1865 5290 non
1912 5240 2175 5308 recipiatis

588 5336 705 5373 eum
754 5319 811 5371 in
841 5320 1075 5384 domum,
1105 5334 1151 5376 et
1179 5340 1273 5377 ave
1293 5325 1342 5377 ei
1372 5341 1434 5379 ne
1466 5327 1703 5380 dixeritis
1725 5328 1791 5384 ".

656 5408 825 5467 Vens.
848 5411 1035 5467 47-59.
1064 5431 1083 5464 ι
1108 5411 1290 5469 Vestis
1318 5416 1495 5483 lanea,
1515 5428 1608 5472 aut
1638 5418 1804 5485 linea,
1829 5437 1947 5491 quze
1972 5424 2176 5494 lepram

588 5496 845 5559 habuerit
889 5505 945 5559 in
986 5507 1219 5562 stamine
1264 5516 1428 5579 atque
1470 5513 1835 5585 subtegmine,
1875 5527 1969 5572 aut
2026 5530 2177 5574 certe

587 5594 764 5662 pellis,
788 5595 876 5650 vel
900 5595 1161 5667 quidquid
1193 5614 1257 5655 ex
1308 5601 1449 5672 pelle
1478 5612 1791 5659 contextum
1823 5615 1926 5671 est,
1975 5608 2018 5662 si
2054 5609 2176 5665 alba

588 5695 682 5741 aut
711 5687 831 5742 rufa
878 5690 1090 5746 macula
1127 5690 1313 5763 fuerit,
1351 5695 1551 5755 infecta
1597 5698 1761 5770 leprae
1810 5701 2173 5771 reputabitur,

662 5848 706 5917 ξ’
737 5846 930 5917 Ephes.
971 5868 1056 5913 vt,
1096 5853 1175 5912 l5.

1280 5862 1325 5892 ’³
1360 5859 1499 5917 Psal.
1537 5879 1693 5931 xttx,
1752 5862 1844 5931 I6,
1882 5863 1961 5919 l7.

590 5924 635 5961 ⁸⁷
666 5916 805 5974 Psal.
851 5938 993 5988 λων,
1034 5922 1116 5977 10.

2069 5864 2113 5896 ³⁸
2139 5862 2325 5920 Matth.
2360 5881 2527 5933 xvut,
2566 5866 2647 5919 l7.

2283 4693 2339 4746 in
2380 4688 2613 4744 fimbriis
2643 4686 2845 4748 aureis,
2878 4698 2999 4753 qua).
3028 4681 3286 4737 videlicet
3316 4689 3443 4735 sunt
3478 4681 3719 4734 virtutes.
3749 4673 3829 4729 Sed

2283 4784 2476 4838 horum
2506 4781 2958 4836 vestimentorum
2990 4774 3239 4845 quaedam
3270 4782 3396 4827 sunt
3424 4773 3601 4837 lanea,
3625 4768 3829 4841 quaedam

2282 4877 2425 4931 linea
2460 4895 2472 4928 :
2508 4874 2683 4937 lanea,
2729 4870 2967 4942 pretiosa
3016 4876 3072 4923 et
3116 4882 3333 4938 magna,
3372 4866 3704 4936 multumque
3736 4858 3827 4915 ani-

2284 4985 2427 5023 mam
2478 4962 2887 5024 calefacientia;
2944 4958 3087 5014 linea
3144 4972 3306 5021 vero,
3357 4957 3515 5020 vilia,
3571 4964 3825 5026 parumque

2284 5057 2678 5117 calefacientia.
2720 5055 2900 5108 Lanea
2948 5051 3137 5116 vestis,
3179 5051 3376 5105 animat
3426 5058 3511 5104 est
3549 5047 3823 5122 virginitas;

2284 5154 2449 5216 linea,
2481 5150 2705 5204 castitas
2752 5146 3077 5216 conjugalis.
3123 5142 3325 5207 Lanea,
3370 5158 3399 5197 a
3443 5150 3673 5213 quaestu,
3709 5137 3775 5193 vel
3802 5153 3822 5189 a

2286 5242 2613 5316 possidendo
2661 5238 3031 5303 continentia;
3081 5236 3247 5301 linea,
3287 5236 3598 5291 babitarum
3649 5232 3823 5304 largitas

2286 5353 2488 5393 rerum.
2543 5335 2820 5395 Laneum,
2875 5330 3043 5385 eremi
3094 5329 3472 5401 philosophia;
3523 5329 3741 5387 lineum,
3782 5321 3819 5372 in

2281 5429 2504 5484 civitate
2541 5426 2817 5488 honestas,
2855 5423 2969 5477 sive
2999 5422 3286 5477 modestia.
3320 5422 3563 5476 Laneum
3598 5434 3744 5490 usque
3770 5412 3818 5466 ad

2280 5528 2513 5575 mortem
2547 5534 2647 5589 pro
2678 5516 2905 5571 veritate
2950 5516 3184 5581 certari;
3226 5514 3433 5571 lineum
3476 5513 3608 5569 falsa
3647 5527 3735 5565 non
3760 5506 3817 5559 lo-

2278 5610 2566 5684 qui.Unde
2593 5617 2647 5663 et
2664 5606 2924 5662 Salomon
2957 5607 3256 5662 Ecclesiam
3275 5606 3582 5677 duplicibus
3610 5600 3812 5658 vestitam

2278 5721 2375 5777 per
2409 5700 2864 5775 signiﬁcationem
2906 5714 3163 5757 asserens
3195 5700 3414 5759 dicebat
3444 5718 3457 5755 :
3499 5694 3722 5765 Quiesisit
3751 5689 3808 5741 Ιαα

2762 5862 2804 5894 ³⁵
2836 5861 2879 5915 ll
2906 5859 3061 5917 Joan.
3094 5877 3148 5927 t,
3185 5861 3266 5916 l0.
3377 5862 3419 5892 ²⁶
3450 5860 3621 5919 Eccle.
3666 5873 3736 5916 Ix,
3766 5851 3801 5905 8.
