3946 6410
143 392 245 460 949

1254 395 1335 453 IN
1377 395 1817 457 LEVlTlCUM.
1854 423 1917 431 -·
1961 398 2109 457 LIB.
2148 400 2245 460 1V.

3314 402 3419 464 950

144 526 259 565 nam
312 519 363 562 et
399 507 602 575 tinum,
638 516 686 561 et
719 517 937 578 operata
970 515 1046 561 est
1075 508 1291 561 consilio
1324 525 1579 562 manuum
1616 526 1741 561 sua—
1772 516 1813 570 Α
1851 507 2077 564 Omnino
2136 512 2564 582 exspectabunt?
2618 512 2874 567 Viridans
2926 522 3109 568 autem
3170 516 3423 584 superbia

142 618 252 655 rum
286 600 381 654 "2
433 600 508 655 Et
560 616 747 655 rursus
783 619 795 655 :
835 600 1203 670 Stragulatam
1241 610 1431 653 vestem
1477 600 1599 669 fecit
1641 600 1738 653 sibi

142 697 311 763 byssus
348 703 402 746 et
434 710 683 761 purpura
724 693 1089 746 indumentum
1120 692 1233 761 ejus
1261 692 1330 744 ’⁸.
1381 690 1553 744 liabet
1592 691 1735 745 cnim

142 785 384 838 Ecclesia
425 785 593 839 lanea
623 785 951 839 vestimenta
983 795 1037 839 et
1072 784 1235 847 linea,
1266 784 1484 854 byssum
1526 792 1578 837 et
1610 800 1739 853 pur-

143 890 351 943 puram,
397 890 504 928 eos
551 875 644 944 qui
691 874 745 927 in
798 874 1051 943 conjugio
1096 880 1152 927 et
1200 874 1252 925 in
1294 872 1603 942 virginitate
1640 872 1739 925 de-

145 966 247 1021 cori
296 975 453 1025 sunt.
492 967 792 1035 omniaque
842 966 948 1019 alia
987 981 1107 1035 quae
1150 981 1179 1019 a
1221 964 1382 1019 nobis
1411 966 1573 1019 modo
1614 972 1740 1018 sunt

148 1057 278 1109 dicta
313 1072 344 1110 e
380 1056 612 1111 diverso
669 1057 825 1111 lanea
865 1057 1190 1111 vestimenta
1239 1071 1303 1111 ac
1347 1056 1491 1110 linea
1534 1054 1741 1127 siguilt-

147 1164 261 1202 care
282 1148 673 1217 praediximus.
698 1148 807 1203 Sed
832 1148 955 1219 quia
981 1148 1231 1203 staminis
1256 1158 1417 1217 atque
1443 1147 1741 1217 subtegmi-

150 1240 227 1294 nis
259 1255 323 1293 ex
370 1240 583 1308 quibus
626 1248 993 1295 contexuntur
1028 1250 1225 1305 vestes,
1265 1240 1544 1311 legislator
1588 1254 1742 1294 men-

151 1334 343 1386 tionem
394 1332 559 1396 l'ecit.
598 1334 771 1403 ipsam
808 1350 955 1388 nunc
994 1334 1351 1388 subtilitatem
1383 1331 1739 1402 explicemus.

151 1426 259 1480 Non
304 1427 461 1481 enim
517 1428 861 1483 solummodo
908 1429 1158 1492 virtutes,
1193 1427 1286 1480 sed
1336 1442 1397 1480 ea
1439 1442 1501 1479 ex
1541 1424 1741 1494 quibus

152 1529 436 1583 constant,
508 1521 839 1590 perscrutari
904 1520 1198 1574 desiderat.
1264 1519 1379 1573 Duo
1439 1532 1567 1587 ergo
1625 1514 1742 1569 bzec

154 1631 325 1669 veram
365 1615 536 1669 nobis
573 1625 869 1687 procurant
914 1615 1171 1670 virtutem
1210 1632 1223 1668 :
1262 1613 1498 1667 intentio
1531 1619 1739 1675 nostra,

152 1719 201 1762 et
227 1708 447 1762 divinus
485 1718 656 1762 nutus
685 1708 798 1761 sive
830 1711 1040 1778 gratia;
1072 1714 1127 1761 et
1168 1706 1487 1775 subtegmen
1520 1702 1739 1773 quidem

154 1798 323 1873 irrupit
370 1807 627 1854 nostram
681 1797 1043 1851 intentionem
1090 1815 1101 1850 :
1149 1806 1359 1851 stamen
1413 1801 1596 1849 autem
1642 1790 1737 1846 Dei

156 1864 334 1941 nut'um
367 1896 425 1939 et
470 1894 640 1949 recte,
669 1886 795 1956 quia
840 1895 1051 1940 stamen
1082 1892 1167 1939 cst
1206 1885 1260 1939 in
1292 1884 1621 1938 vestimento
1650 1881 1737 1935 lir-
1766 1864 1809 1919 Β

157 1979 284 2033 mius
317 1998 329 2033 :
358 1979 647 2049 quomodo
686 1989 744 2033 et
790 1978 882 2033 Dei
934 1988 1101 2031 nutus
1134 1979 1247 2031 sive
1291 1977 1460 2047 gratia
1496 1974 1737 2029 indisru-

159 2070 347 2138 ptibilis
406 2070 464 2124 in
528 2070 712 2132 nobis,
766 2079 931 2140 atque
994 2068 1455 2123 incommutabilis
1509 2075 1733 2137 perstat,

158 2162 424 2214 sustinens
478 2161 809 2231 subtegmen
861 2171 1062 2216 nostra!
1114 2158 1435 2214 intentionis
1480 2168 1539 2211 ut
1577 2156 1738 2227 perli-

159 2253 317 2305 ciatur
360 2255 526 2307 bona:
574 2252 807 2307 actionis
852 2252 1261 2306 vestimentum.
1295 2250 1470 2305 Pelles
1506 2265 1568 2302 cx
1609 2248 1735 2318 qui-

159 2340 248 2393 bus
296 2340 495 2396 conﬁci
548 2342 679 2411 quid
727 2351 906 2410 potest
950 2360 962 2396 :
1010 2340 1339 2395 tentationes
1389 2355 1488 2408 pro
1537 2338 1736 2406 pietate

162 2445 242 2482 sm
274 2430 397 2495 lide,
435 2441 493 2485 et
540 2446 640 2500 pro
689 2432 889 2485 virtute
939 2430 1321 2484 tribulationes
1374 2428 1501 2481 dicit
1546 2426 1732 2496 pelles.

161 2520 356 2585 Quare?
386 2522 530 2588 Quia
574 2524 1034 2593 quemadmodum
1079 2529 1293 2576 mortua
1340 2522 1495 2590 pellis
1533 2528 1633 2583 est,
1670 2522 1735 2573 de

164 2629 254 2681 qua
297 2613 408 2668 ﬁeri
459 2625 642 2685 potest
677 2632 788 2683 vas,
826 2625 1201 2671 verumtamen
1237 2615 1303 2669 de
1348 2629 1412 2669 ea
1459 2622 1582 2667 uter
1622 2613 1735 2667 for-

165 2704 306 2770 sitan,
336 2715 433 2760 aut
478 2709 673 2772 cadus,
707 2717 803 2761 aut
849 2718 1103 2773 stratum,
1146 2715 1242 2761 aut
1286 2706 1444 2777 pellis
1481 2706 1733 2760 taberna-

166 2797 276 2859 culi,
299 2808 389 2852 aut
422 2799 635 2868 aliquid
666 2800 819 2855 aliud
853 2801 905 2853 tit
941 2800 1074 2854 utile
1102 2819 1115 2853 :
1142 2800 1221 2853 sic
1250 2808 1305 2853 et
1335 2798 1733 2863 tribulatioues,

166 2896 212 2940 et
239 2890 570 2946 tentationes
608 2891 939 2946 mortiﬁcant
965 2892 1019 2945 in
1048 2890 1245 2945 saeculo
1277 2889 1552 2945 hominem
1594 2908 1605 2942 :
1637 2890 1736 2943 hu-

170 2981 358 3036 uriliant
381 2983 538 3037 enim
568 3000 717 3049 eum,
744 2995 800 3039 et
826 2984 981 3039 valde
1003 2984 1056 3037 in
1080 2983 1216 3037 nihil
1242 2983 1523 3037 redactum
1552 2990 1734 3035 osten-

169 3072 303 3126 dunt.
336 3073 443 3130 Vas
477 3085 665 3130 tamen
699 3092 764 3131 ex
791 3078 870 3132 eis
898 3077 1099 3131 bonum
1134 3083 1188 3131 et
1216 3076 1347 3130 utile
1392 3076 1471 3141 lit,
1520 3074 1733 3145 patien-

1841 601 2184 672 intelligitur,
2227 604 2351 671 quia
2398 603 2464 658 ad
2514 604 2785 659 modicum
2835 604 3013 669 ﬂoret,
3049 606 3197 660 velut
3238 607 3421 661 viren-

1838 694 1932 755 tia,
1972 693 2045 747 ita
2082 703 2139 747 ut
2180 692 2387 749 diceret
2432 695 2598 749 David
2634 713 2648 750 :
2688 696 2801 750 Vidi
2840 698 3060 765 impium
3090 700 3424 767 supereleva-

1839 794 1948 834 tum
1997 792 2045 835 et
2091 784 2384 838 exaltatum
2423 802 2583 854 super
2616 788 2793 841 redros
2834 787 3041 853 Libani,
3084 798 3147 842 et,
3178 790 3421 851 transivi,

1837 880 1884 923 et
1925 887 2039 924 ecce
2077 888 2178 924 non
2218 883 2330 926 erat
2362 874 2425 928 ".
2464 875 2529 928 Et
2565 891 2755 932 rursus
2785 876 2852 932 de
2879 879 3083 934 eisdem
3119 897 3131 932 :
3165 877 3310 933 Sicut
3342 882 3422 949 [e-

1839 978 1984 1027 num,
2021 964 2097 1016 ita
2124 966 2383 1029 decident,
2420 975 2469 1020 et
2512 968 2647 1021 sicut
2690 970 2832 1022 olera
2872 971 3151 1025 herbarum
3187 975 3287 1026 cito
3329 990 3419 1024 ca-

1837 1058 1957 1109 dent
1986 1058 2049 1111 ³³.
2087 1056 2195 1113 Sed
2230 1068 2285 1113 et
2318 1058 2675 1115 Moabitarum
2710 1063 2963 1133 populus,
3003 1066 3093 1135 qui
3127 1076 3289 1122 tanta:
3330 1083 3421 1120 su-

1836 1148 2042 1218 perbia:
2072 1149 2410 1220 subiacebat,
2442 1160 2501 1206 ut
2530 1151 2650 1207 aliis
2679 1153 2934 1208 omnibus
2963 1156 3214 1226 gentibus
3254 1157 3417 1212 Israel

1839 1238 2181 1307 timentibus,
2223 1242 2339 1312 ipse
2381 1244 2696 1299 transeundi
2734 1246 2938 1301 aditum
2976 1247 3286 1302 nullatenus
3319 1252 3417 1304 da-

1839 1338 1942 1395 ret,
1977 1332 2071 1387 sed
2119 1333 2287 1388 armis
2332 1344 2600 1402 uteretur,
2635 1346 2690 1392 et
2726 1338 2940 1393 Balaam
2977 1340 3042 1394 ad
3084 1340 3418 1398 maledicen—

1838 1420 1965 1476 dum
1999 1425 2252 1479 mercede
2276 1427 2629 1491 conduceret,
2673 1428 2859 1484 viridis
2889 1446 3015 1501 ager
3054 1430 3166 1502 ipse
3200 1448 3417 1502 quoque

1837 1532 1867 1571 a
1900 1516 2138 1586 Balaam,
2168 1538 2481 1593 quanquam
2511 1524 2793 1595 ignorante
2817 1530 2944 1597 quid
2972 1529 3196 1593 diceret,
3227 1532 3417 1601 appel-

1836 1608 1977 1664 latus
2004 1621 2088 1665 est
2118 1630 2131 1666 :
2166 1613 2301 1667 dixit
2329 1616 2475 1670 enim
2505 1616 2572 1670 ad
2606 1618 2839 1687 majores
2871 1629 3002 1673 natu
3034 1620 3244 1675 Madian
3281 1640 3293 1675 :
3330 1621 3415 1677 Sic

1837 1702 2023 1755 delebit
2052 1704 2135 1756 hic
2166 1706 2387 1775 populus
2416 1723 2590 1760 omnes
2624 1710 2712 1776 qui
2758 1711 2810 1761 in
2847 1713 3033 1763 nostris
3062 1712 3417 1777 ﬁnibusxcomr-

1840 1802 2135 1859 morantur,
2174 1796 2433 1860 quomodo
2473 1794 2601 1848 solet
2637 1797 2723 1849 bos
2758 1798 2940 1851 herbas
2980 1816 3136 1868 usque
3166 1802 3234 1851 ad
3265 1801 3415 1853 radi-,-

1840 1898 1947 1935 rem
1983 1899 2199 1952 carpere
2227 1885 2289 1938 ³⁸.
2326 1884 2465 1956 Ergo
2494 1896 2682 1956 aperte
2717 1888 3002 1957 probatum
3035 1898 3135 1954 est,
3168 1892 3291 1958 quia
3321 1907 3415 1944 su-

1840 1975 2105 2042 perbiarn,
2156 1992 2251 2030 seu
2308 1994 2501 2032 vanam
2552 1980 2775 2049 gloriam
2834 1981 3085 2050 prohibet
3138 1983 3419 2037 adlrmrere

1838 2065 2051 2118 virtuti.
2094 2068 2201 2123 Sed
2242 2084 2341 2123 nec
2387 2069 2440 2122 in
2490 2070 2743 2131 stamine,
2785 2071 2898 2125 sive
2952 2073 3004 2126 in
3052 2073 3411 2143 subtegmine,

1840 2157 1952 2209 vult
1985 2158 2189 2227 Iepram
2235 2175 2353 2228 qua:
2394 2160 2535 2215 dicta
2565 2170 2669 2227 est,
2702 2162 2945 2229 evenire,
2983 2164 3036 2217 id
3079 2173 3181 2228 est,
3215 2174 3274 2217 ut
3315 2181 3417 2220 nec

1839 2248 1936 2318 ipsi
1971 2267 2094 2303 cum
2136 2253 2412 2320 superbia,
2447 2254 2529 2307 vel
2573 2269 2707 2308 vana
2748 2255 2935 2326 gloria,
2969 2256 3197 2311 virtutes
3234 2256 3414 2310 interr—

1835 2340 2048 2405 damus,
2088 2358 2185 2396 nec
2218 2360 2246 2397 a
2283 2344 2393 2397 Deo
2430 2345 2589 2399 talem
2624 2344 2849 2413 gratiam
2890 2346 3048 2401 nobis
3085 2361 3415 2401 concurrere

1837 2432 2217 2500 deprecemur.
2264 2434 2369 2487 Sed
2418 2450 2520 2489 nec
2578 2436 2904 2491 tentationes
2953 2452 3077 2491 cum
3126 2437 3304 2506 aliquo
3350 2454 3414 2492 ex

1838 2524 1922 2577 bis
1962 2539 2061 2577 nos
2096 2524 2372 2593 legislator
2410 2525 2683 2580 sustinere
2713 2527 2985 2581 desiderat
3018 2545 3031 2581 :
3064 2529 3208 2599 quod
3235 2529 3279 2582 si
3311 2529 3415 2583 tale

1835 2616 2114 2685 quidpiam
2158 2616 2408 2681 forsitan,
2444 2626 2502 2671 ut
2542 2618 2876 2683 hominibus,
2903 2620 3125 2674 evenire
3170 2620 3413 2692 contige-

1836 2708 1931 2773 rit,
1964 2708 2236 2778 inspicere
2278 2725 2339 2763 ea
2392 2695 2732 2764 sacerdotem
2774 2710 2910 2776 vult,
2942 2720 2997 2764 et
3039 2726 3213 2779 neque
3240 2710 3414 2765 virtu-

1836 2807 1966 2864 tem,
2004 2816 2182 2869 neque
2226 2802 2589 2856 intentionem
2638 2802 2875 2866 virtutis,
2908 2817 3011 2858 nec
3053 2803 3415 2858 tentationum

1835 2892 2149 2961 patientiam
2195 2895 2457 2963 repellere
2490 2911 2502 2947 :
2530 2910 2654 2949 mox
2685 2903 2740 2949 et
2764 2878 3086 2949 denuntiare
3114 2895 3414 2959 immunda,

1835 2999 1898 3037 ex
1930 2985 2239 3054 suspicione
2270 2986 2562 3056 superbiae,
2596 2990 2680 3043 vel
2710 3003 2861 3043 vana:
2896 2988 3082 3059 gloria:
3110 2986 3412 3058 praecepit:

1835 3091 1937 3129 nec
1965 3092 2155 3131 rursus
2186 3077 2327 3131 sicut
2354 3079 2553 3131 munda
2588 3078 2886 3147 suscipere,
2923 3078 3016 3133 sed
3042 3092 3294 3147 separare
3323 3092 3417 3131 eos

173 3164 233 3218 tia
263 3176 413 3237 atque
463 3169 716 3239 probatio
742 3211 758 3235 ,
791 3186 911 3239 quae
958 3169 1274 3224 omnimodo
1307 3184 1336 3222 a
1377 3168 1604 3222 Domino
1640 3182 1735 3221 co-
1764 3202 1807 3261 C
1839 3177 2047 3237 septem
2065 3169 2276 3233 diebus,
2301 3179 2355 3224 et
2390 3180 2633 3239 tempore
2658 3170 2968 3225 discernere
2988 3170 3318 3240 passionem.
3352 3169 3418 3224 Et

173 3274 337 3314 ronam
364 3262 775 3332 consequitur;
808 3262 885 3317 ait
932 3263 1079 3316 enim
1106 3261 1342 3317 Jacobus
1382 3279 1395 3315 :
1427 3261 1620 3315 Beatus
1661 3261 1737 3313 vir

173 3354 247 3422 qui
277 3356 449 3425 suffert
495 3358 863 3419 tentationem,
915 3356 1062 3427 quia,
1092 3372 1209 3409 cum
1260 3354 1511 3424 probatus
1556 3354 1735 3422 fuerit,

174 3448 367 3516 acripiet
402 3464 660 3502 coronam
697 3450 835 3511 vitre,
873 3464 1030 3516 quam
1066 3448 1305 3517 promisit
1344 3446 1483 3500 Deus
1517 3445 1739 3514 diligen-

175 3539 291 3593 tibus
332 3558 384 3595 se
419 3544 495 3595 '9.
548 3542 638 3595 Ait
696 3550 750 3596 et
798 3541 997 3595 Paulus
1041 3559 1053 3594 :
1098 3540 1386 3594 Tribulatio
1428 3537 1739 3608 patientiam

176 3642 413 3697 operatur,
449 3633 712 3703 patientia
742 3641 919 3685 autem
950 3626 1329 3698 probationem,
1358 3630 1597 3698 probatio
1631 3648 1735 3683 au-

178 3730 259 3774 trm
279 3741 437 3793 spem,
468 3743 586 3794 spes
616 3735 791 3779 autem
828 3741 929 3777 non
957 3724 1226 3793 confundit
1250 3722 1314 3775 ³ο.
1350 3722 1513 3777 Vides
1536 3732 1738 3791 quanta

179 3815 303 3869 utilia
344 3834 475 3873 vasa
524 3834 586 3872 ex
640 3819 779 3888 pelle
819 3818 1232 3872 tribulationum
1293 3825 1345 3871 et
1380 3818 1737 3872 tentationum

178 3906 309 3963 liunt.
351 3911 493 3977 Quia
524 3912 670 3966 enim
724 3911 893 3980 pelles
946 3910 1329 3965 tribulationes
1383 3920 1438 3981 et
1482 3911 1734 3965 tentatio-

180 4013 260 4052 nes
284 4002 544 4069 appellari
602 4018 711 4055 non
738 4003 808 4055 sit
839 4002 1224 4071 incongruum,
1254 3999 1379 4053 audi
1415 3997 1517 4054 Job
1550 4000 1738 4054 dicen-

180 4096 269 4142 tem
300 4092 361 4145 de
396 4092 517 4147 suis
552 4092 994 4146 tribulationibus
1051 4100 1106 4146 et
1137 4091 1529 4145 tentationibus
1561 4110 1574 4144 :
1610 4090 1737 4143 Pel-

181 4178 231 4233 lis
259 4200 382 4246 mea,
420 4186 742 4253 consumptis
779 4184 1046 4248 carnibus,
1079 4185 1301 4237 adha’sit
1336 4185 1406 4237 ad
1446 4202 1500 4237 os
1542 4200 1733 4248 meum,

176 4274 218 4321 et
264 4274 507 4327 derelicta
570 4286 691 4328 sunt
750 4277 1116 4329 tantummodo
1176 4277 1316 4330 labia
1371 4277 1511 4329 circa
1560 4277 1736 4331 dentes

181 4378 312 4416 meos.
361 4368 679 4421 Miseremini
730 4370 849 4435 mei,
888 4370 1204 4423 miseremini
1240 4371 1362 4433 mei,
1401 4370 1588 4423 saltem
1628 4386 1735 4438 vos,

182 4456 316 4508 amici
353 4460 479 4520 mei,
516 4461 640 4529 quia
692 4477 881 4515 manus
920 4461 1134 4516 Domini
1185 4462 1353 4532 tetigit
1385 4479 1463 4515 me
1493 4463 1557 4516 ³¹.
1606 4462 1737 4517 Pro-

1839 3260 2058 3329 quidem
2102 3259 2145 3313 si
2181 3261 2433 3324 creverit,
2466 3262 2743 3315 immunda
2774 3270 2901 3315 sunt
2926 3262 3106 3316 omnia
3138 3260 3416 3330 przcdicta,

1840 3352 1895 3405 in
1945 3352 2143 3421 quibus
2193 3352 2336 3406 istud
2388 3354 2654 3416 evenerit,
2693 3352 2817 3422 quia
2864 3354 3010 3423 lepra
3064 3368 3419 3421 perseverans

1840 3452 2200 3513 est,.propter
2247 3445 2391 3513 quod
2442 3454 2497 3498 et
2548 3444 2781 3499 ﬂammis
2814 3438 2977 3514 iubet
3016 3444 3103 3497 illa
3150 3444 3415 3499 comburi.

1841 3532 1981 3603 Ergo
2026 3534 2298 3588 ﬂammam
2346 3536 2611 3605 gebennaa
2653 3535 2943 3607 signiﬁcat,
2981 3545 3034 3588 ct
3075 3534 3241 3588 futuri
3282 3542 3419 3588 tern-

1840 3626 1988 3695 poris
2032 3627 2350 3680 memoriam
2397 3626 2561 3680 facit:
2589 3643 2768 3696 neque
2810 3628 2956 3681 enim
2995 3627 3128 3681 dixit
3160 3645 3170 3679 :
3199 3626 3261 3680 In
3303 3627 3421 3695 igne

1840 3728 2225 3783 concrematur,
2255 3719 2347 3772 sed
2381 3722 2433 3771 in
2468 3720 2585 3790 igne
2618 3721 3053 3773 concremubitur.

1914 3806 1973 3862 Si
2009 3818 2185 3862 autem
2217 3820 2332 3879 post
2374 3810 2716 3864 reclusionem
2764 3827 2881 3863 eam
2926 3811 3113 3864 viderit
3162 3826 3264 3863 non
3308 3826 3420 3862 cre-

1839 3900 2002 3964 visse,
2050 3903 2339 3971 pratcipiet,
2388 3913 2436 3955 et
2477 3902 2728 3955 lavabunt
2785 3905 2842 3957 id
2884 3904 2937 3956 in
2977 3921 3077 3974 quo
3128 3904 3272 3973 lepra
3323 3912 3416 3957 est.

1839 3994 1897 4049 ld
1934 4003 2036 4058 est,
2072 3996 2281 4050 diluere
2314 4011 2375 4049 ea
2406 3996 2557 4050 illum
2598 4013 2697 4067 per
2736 3998 3113 4067 pwnitentiam
3140 3999 3417 4069 praecepit.

1840 4091 2045 4145 Deinde
2074 4101 2196 4160 post
2229 4090 2550 4145 dilationem
2591 4091 2872 4147 recludere
2911 4094 3040 4147 illud
3068 4101 3275 4163 septem
3302 4094 3420 4148 dies

1841 4200 2029 4238 rursus
2062 4184 2237 4253 jubet,
2265 4192 2323 4238 ut
2370 4194 2686 4255 cognoscat,
2723 4198 2904 4240 utrum
2951 4187 3189 4241 inveniat
3231 4202 3419 4241 macu-

1839 4276 1945 4330 lam
2000 4277 2305 4347 superbiae,
2359 4278 2446 4332 vel
2498 4293 2651 4331 vanaa
2704 4277 2909 4347 glorias,
2942 4288 3354 4349 permanentem
3402 4296 3417 4333 :

1838 4364 2087 4432 quamvis
2131 4380 2242 4420 non
2281 4366 2536 4431 creverit,
2574 4374 2755 4420 tamen
2793 4366 3186 4423 incommutata
3215 4371 3283 4423 ab
3318 4370 3424 4425 lroo

1840 4465 1942 4521 est,
1960 4457 2087 4526 quia
2102 4458 2167 4512 ad
2184 4458 2563 4529 penitentiam
2585 4472 2693 4513 non
2721 4459 2934 4530 migrat,
2954 4460 3294 4517 immundum
3313 4472 3419 4527 est,

184 4539 309 4599 bibet
347 4566 477 4619 ergo
506 4566 609 4605 nec
647 4551 703 4604 in
737 4552 935 4605 virtute
978 4552 1237 4621 perfecta.
1272 4552 1415 4622 quod
1450 4560 1533 4607 est
1561 4553 1729 4607 vesti-
1765 4549 1806 4603 D
1836 4560 1888 4605 et
1917 4551 2039 4621 igne
2066 4552 2437 4605 comburetur.
2466 4549 2829 4605 Corroborata
2856 4560 2940 4605 est
2966 4551 3345 4621 enimpassio,
3367 4562 3425 4607 et

183 4649 420 4706 mentum,
454 4643 536 4695 vel
588 4644 634 4697 si
681 4659 872 4714 magna
905 4653 1007 4709 est,
1041 4645 1124 4699 vel
1160 4646 1212 4699 si~
1252 4645 1564 4708 mediocris,
1596 4646 1738 4701 hanc

184 4730 303 4784 enim
350 4733 629 4788 laneorum
656 4744 710 4789 et
772 4736 1043 4791 lineorum
1077 4738 1441 4792 dill‘ercntiam
1479 4737 1735 4803 diximus,

186 4824 424 4879 maculam
496 4828 728 4881 inveniri
782 4830 957 4883 albam
1023 4838 1116 4883 aut
1180 4830 1395 4896 rufam;
1460 4831 1543 4885 vel
1596 4832 1738 4885 sicut

187 4907 322 4979 LXX,
353 4919 679 4974 viridantem
727 4929 822 4974 aut
868 4920 1352 4977 llammescentem.
1386 4924 1526 4979 Dicit
1555 4933 1735 4980 autem

189 5002 487 5063 viridantem
548 5012 895 5082 superbiam,
952 5014 1320 5070 ﬂarnmantem
1400 5016 1738 5082 κενοδοξίαν;

189 5090 285 5150 δερ
310 5104 450 5157 enirn
483 5104 584 5159 fuit
614 5106 928 5175 angelorum
968 5108 1360 5177 praevaricatio,
1386 5110 1509 5179 quia
1541 5111 1738 5180 ubique

189 5186 409 5250 Christus
443 5198 675 5252 virtutes
716 5216 746 5253 a
775 5215 912 5255 vana
944 5202 1110 5272 gloria
1148 5202 1345 5256 liberas
1377 5219 1496 5257 esse
1535 5220 1739 5273 praece-

190 5281 273 5348 pit,
299 5297 347 5342 et
384 5305 563 5359 neque
601 5291 875 5361 jejunare,
907 5308 1085 5363 neque
1128 5295 1371 5349 misereri
1411 5297 1477 5350 ad
1519 5297 1739 5365 placen-

191 5372 296 5429 dum
331 5380 645 5438 hominibus
686 5385 841 5453 jubet
872 5403 885 5437 :
931 5387 1160 5455 perdere
1195 5387 1395 5457 quippe
1434 5392 1739 5445 mercedem

193 5478 321 5525 suam
361 5491 453 5529 eos
496 5476 587 5545 qui
634 5477 709 5531 ita
754 5477 979 5539 faciunt,
1015 5478 1320 5534 amrmavit.
1354 5479 1454 5545 Qui
1495 5482 1639 5538 enim
1670 5483 1737 5537 ab

194 5555 474 5622 hominibus
518 5568 729 5623 laudari
765 5570 974 5635 volunt,
1006 5572 1278 5640 quomodo
1314 5572 1426 5642 jam
1470 5573 1677 5628 laudari
1707 5589 1737 5627 a

258 5788 313 5819 ’⁷⁸
343 5793 496 5851 l’rov.
536 5814 684 5859 χχχι.
717 5798 802 5853 15.

196 5852 231 5886 ιι
264 5860 377 5920 ibid.
400 5866 455 5923 2.
533 5868 578 5901 ιδ
608 5852 768 5924 Num.
794 5852 933 5936 an,
972 5869 1022 5924 t.

882 5798 924 5829 ’⁸
956 5798 1086 5855 ibid.
1121 5800 1208 5855 22.
1276 5800 1319 5832 "
1349 5799 1463 5855 Jac.
1502 5818 1539 5865 ι,
1575 5800 1655 5855 12.
1725 5800 1773 5833 '°
1798 5798 1959 5855 Rom.
1990 5816 2043 5867 v,
2087 5801 2136 5854 tl.

1844 4652 2130 4713 propterea
2155 4660 2254 4713 per
2283 4644 2539 4699 virtutem
2570 4644 2735 4699 homo
2776 4658 2879 4699 nec
2918 4644 3189 4716 corrigere
3222 4644 3423 4699 malum

1844 4739 1978 4803 vult,
2011 4754 2114 4794 nec
2142 4739 2448 4795 intendere.

1914 4828 1973 4883 Si
2006 4830 2142 4883 enim
2175 4830 2423 4884 obscurus
2451 4830 2609 4900 fuerit
2639 4829 2789 4883 lacus.
2812 4828 2990 4897 lepraz.
3021 4829 3077 4883 Id
3107 4841 3191 4883 est
3218 4829 3424 4883 incerta

1843 4920 1992 4990 lepra
2036 4928 2090 4974 et
2127 4920 2311 4985 dubia,
2342 4928 2628 4990 postquam
2654 4920 2820 4976 vestis
2858 4929 2942 4974 est
2967 4919 3074 4975 lota
3110 4934 3207 4989 per
3247 4918 3428 4990 paeni-

1848 5013 2092 5080 tentiam,
2123 5012 2445 5068 abseindere
2488 5013 2796 5083 passionem
2825 5028 2857 5067 a
2888 5013 3215 5068 vestimento
3252 5010 3427 5065 virtu-

1847 5107 1935 5169 tis,
1965 5115 2399 5176 caeterorumque
2438 5122 2560 5176 qua:
2608 5106 2748 5161 dicta
2778 5107 3235 5178 sunt,_prmcepit.
3278 5104 3427 5171 Quo-

1845 5201 2007 5256 modo
2034 5216 2163 5273 ergo
2192 5202 2503 5272 superbiam
2532 5200 2844 5270 abrumpit?
2887 5199 3054 5255 Valde
3086 5199 3338 5254 videlicet
3369 5214 3428 5255 se

1846 5293 2159 5361 bumilians,
2191 5294 2443 5349 similiter
2473 5302 2527 5348 et
2554 5308 2748 5347 vanam
2782 5293 3005 5364 gloriam
3037 5292 3289 5347 omnibus
3312 5306 3341 5344 a
3369 5305 3429 5345 se

1850 5403 2136 5444 removens
2164 5388 2342 5443 modis
2375 5408 2387 5442 :
2428 5388 2479 5443 id
2506 5398 2609 5453 est,
2638 5396 2698 5441 ut
2724 5402 2827 5441 nec
2860 5387 3180 5450 honoribus,
3214 5402 3276 5439 ex
3304 5385 3427 5453 qui-

1847 5482 1949 5538 bus
1975 5482 2245 5553 superbize
2275 5483 2457 5553 passio
2484 5482 2745 5545 nutritur,
2782 5495 2883 5534 nec
2924 5479 3198 5542 laudibus,
3227 5475 3427 5545 quibus

1847 5591 1988 5631 vana
2012 5575 2209 5631 crescit
2240 5574 2430 5645 gloria,
2458 5574 2779 5637 delectetur,
2809 5573 2893 5627 vel
2931 5572 3161 5643 gaudeat
3192 5587 3204 5622 :
3237 5566 3425 5635 sicque

2219 5800 2258 5830 ³¹
2288 5798 2388 5853 Job
2424 5813 2531 5866 xix,
2566 5797 2654 5862 9.0,
2687 5798 2775 5851 ΞΗ.
2862 5798 2903 5829 δ’
2942 5793 3085 5849 Psal.
3120 5808 3304 5857 xxxvi,
3335 5792 3424 5855 56.
