4046 6470
554 483 651 550 951

1732 473 2092 539 HESYCHII
2128 469 2598 530 PRESBYTERI
3704 456 3799 521 952

554 607 924 663 conversetur,
954 606 1014 652 ut
1063 612 1131 650 ne
1175 594 1394 665 quidem
1442 591 1495 646 in
1544 590 1911 662 suspicionem
1957 588 2121 643 unius
2151 592 2192 644 Α
2223 597 2290 637 eo
2318 582 2578 638 discimus
2608 580 2772 651 :quia
2802 581 3077 651 leprosum
3108 591 3217 634 non
3246 578 3325 633 ire
3354 576 3420 632 ad
3442 574 3801 633 sacerdotem,

555 693 749 747 horum
781 689 1001 754 incidat,
1028 698 1082 744 et
1106 697 1237 743 tunc
1262 685 1500 740 mundus
1524 698 1645 739 esse
1672 682 1892 753 poterit.

624 780 719 837 .Sin
745 791 920 834 autem
952 781 1093 833 ultra
1134 776 1441 848 apparuerit
1474 777 1529 829 in
1554 774 1632 828 his
1663 774 1809 837 locis,
1837 784 1952 843 qua:
1979 768 2125 839 prius

556 871 899 925 immaculata
947 872 1175 941 fuerant.
1218 867 1275 922 Id
1322 875 1406 921 est
1449 866 1503 919 in
1550 863 1895 923 vestimento,
1945 858 2030 913 vel
2069 856 2122 910 in

555 961 918 1032 subtegmine,
951 961 1033 1014 vel
1081 961 1133 1013 in
1185 957 1437 1021 stamine,
1467 956 1552 1011 vel
1597 955 1648 1008 in
1694 953 1853 1023 pelle,
1882 951 1931 1005 id
1962 958 2044 1005 est
2072 950 2124 1003 in

468 1118 471 1121 γ
556 1050 775 1118 virtute,
795 1063 887 1105 aut
911 1052 1040 1123 ipsis
1062 1050 1471 1112 tentationibus,
1491 1046 1670 1101 adhuc
1692 1044 1935 1099 eamdem
1957 1040 2126 1096 susti-

560 1151 683 1196 neat
713 1142 1041 1211 passionem,
1073 1154 1171 1209 pro
1211 1155 1316 1208 qua
1359 1137 1577 1191 ablutus
1603 1143 1706 1199 est,
1734 1134 1818 1189 vel
1853 1130 2124 1202 paenituit,

556 1242 719 1302 atque
748 1226 797 1285 in
840 1248 901 1286 ea
943 1241 1227 1301 permanet
1253 1230 1587 1291 immundus,
1630 1225 1939 1296 bujusmodi
1968 1237 2129 1293 repu-

560 1335 722 1388 tatur,
753 1331 808 1377 et
838 1323 976 1392 ignis
1003 1338 1127 1377 eum
1158 1322 1421 1393 gehennae
1449 1318 1693 1389 suscipit.

627 1413 760 1479 Quia
805 1412 951 1482 lepra
980 1413 1208 1468 volatilis
1238 1422 1284 1465 et
1318 1427 1453 1481 vaga
1489 1420 1583 1464 est.
1623 1409 1682 1463 id
1722 1417 1825 1473 est,
1873 1406 1998 1476 quia
2025 1404 2129 1458 hoc

554 1506 701 1577 quod
724 1505 892 1560 semel
920 1505 1147 1560 macula:
1175 1504 1404 1557 dilutum
1430 1501 1625 1567 fuerat,
1646 1501 1701 1555 id
1722 1508 1825 1562 est,
1844 1507 2128 1569 postquam

556 1595 724 1649 semel
751 1611 779 1648 a
807 1594 1118 1665 suspicione
1144 1593 1437 1648 mundatus
1460 1598 1563 1656 est,
1591 1605 1781 1645 rursus
1802 1587 1965 1642 lavari
1992 1588 2127 1651 vult,

557 1696 617 1741 ut
646 1694 777 1740 tunc
805 1686 1041 1739 mundus
1069 1684 1402 1738 nominetur.
1433 1683 1589 1739 Unde
1622 1680 1960 1751 apertissime
1998 1680 2129 1733 illud

556 1775 652 1829 tibi
683 1775 983 1845 intelligere
1032 1774 1306 1844 legislator
1348 1773 1545 1837 innuit,
1575 1772 1791 1841 quando
1832 1772 1899 1825 de
1939 1771 2128 1825 eodem

555 1875 783 1935 peccato
828 1866 1200 1933 frequentibus
1237 1864 1352 1918 vult
1396 1864 1648 1933 lacrymis
1689 1862 1959 1933 pmniteri.
1997 1861 2129 1916 Fre—

556 1970 731 2023 quens
758 1956 902 2008 enim
930 1953 1397 2017 commemoratio,
1428 1969 1530 2007 nec
1568 1954 1743 2022 ipsum
1776 1953 1973 2006 vulnus
2007 1966 2122 2021 per-

558 2046 725 2100 mittit
766 2046 1081 2115 prazvalere,
1112 2059 1215 2099 nec
1267 2044 1434 2099 aliud.
1465 2045 1600 2110 Quia
1644 2061 1771 2115 ergo
1809 2055 1863 2099 et
1900 2045 1966 2099 de
1999 2059 2129 2099 eve-

557 2136 837 2190 nientihus
888 2137 943 2189 in
993 2136 1222 2190 virtutes
1269 2136 1516 2199 maculis,
1564 2137 1836 2206 legislator
1882 2134 2131 2205 puriﬁca-

558 2226 734 2280 tiones
782 2225 1060 2295 praecepit,
1098 2226 1211 2293 jam
1256 2240 1353 2293 per
1401 2242 1521 2295 quae.
1570 2227 1843 2296 leprosum
1882 2226 2126 2287 inundet,

555 2330 814 2385 agnosce.
846 2314 959 2370 lloc
986 2331 1115 2386 ergo
1146 2314 1455 2379 intendens,
1486 2316 1733 2372 invenies
1760 2318 1884 2385 quia
1918 2316 2129 2387 legisla-

557 2408 664 2461 turi
689 2406 757 2461 de
786 2407 934 2477 lepra
964 2407 1050 2461 illa
1078 2424 1222 2462 cura;
1252 2409 1373 2475 fuit,
1422 2424 1541 2478 qua:
1582 2426 1649 2463 ex
1689 2409 1901 2463 delictis
1929 2409 1981 2461 in
2013 2409 2129 2461 ani-

554 2498 748 2553 mabus
777 2499 977 2553 nostris
1010 2498 1286 2571 inﬂigitur.

1137 2650 1363 2708 CAPUT
1403 2652 1541 2708 XIV.

625 2759 786 2818 Vens.
811 2764 926 2820 {-9.
960 2782 977 2815 σ
1008 2763 1353 2835 Locutusque
1384 2776 1467 2821 est
1494 2766 1759 2823 Dominus
1792 2769 1859 2823 ad
1887 2767 2127 2839 Moysen,

466 2908 469 2913 ,
552 2851 741 2907 dicens
772 2871 784 2906 :
818 2852 915 2908 llic
950 2861 1034 2908 est
1078 2854 1214 2910 ritus
1256 2854 1484 2925 leprosi,
1520 2856 1737 2927 quando
1785 2858 2130 2913 mundandus

478 2980 482 2983 -
552 2951 678 2997 est:
712 2941 1015 2998 Adducitur
1042 2945 1109 3000 ad
1145 2946 1507 3011 sacerdotem,
1534 2948 1627 3017 qui
1667 2963 1918 3019 egressus
1958 2964 1988 3003 e
2035 2964 2127 3003 ca-

552 3033 702 3101 stris,
730 3049 854 3089 eum
886 3034 1157 3090 invenerit
1192 3036 1397 3106 lepram
1428 3053 1550 3093 esse
1575 3040 1909 3106 mundatam,
1938 3041 2128 3109 ιπεεοὶ-

552 3127 667 3196 piet
686 3127 737 3181 ei
763 3128 855 3197 qui
884 3127 1223 3197 puriﬁcatur,
1251 3138 1311 3182 ut
1346 3129 1541 3185 otl'erat
1566 3145 1664 3200 pro
1693 3146 1751 3186 se
1776 3131 1913 3186 duos
1940 3147 2124 3201 passe-

554 3233 645 3272 res
668 3219 837 3285 vivos,
863 3225 919 3273 et
941 3234 1079 3289 quos
1104 3219 1251 3275 vesci
1276 3219 1484 3275 licitum
1507 3230 1611 3288 est,
1639 3230 1693 3277 et
1718 3222 1924 3294 lignum
1949 3222 2126 3276 cedri-

555 3324 723 3373 num,
769 3311 1257 3381 vermiculumque,
1305 3321 1361 3368 et
1404 3313 1700 3385 hyssopum
1735 3330 1750 3371 :
1786 3324 1836 3369 et
1881 3330 2049 3369 unum
2096 3331 2126 3370 e
2154 3288 2199 3349 (ἶ

554 3401 870 3472 passeribus
910 3402 1176 3458 immolari
1223 3403 1438 3474 jubebit
1482 3404 1537 3459 in
1583 3420 1712 3460 vase
1756 3403 1926 3472 ﬁctili,
1968 3422 2132 3476 super

555 3507 725 3561 aquas
752 3492 1000 3548 viventes
1030 3510 1042 3547 :
1072 3494 1238 3549 alium
1272 3504 1453 3550 autem
1486 3497 1668 3551 vivum
1709 3512 1831 3550 cum
1867 3497 2014 3566 ligno
2043 3514 2132 3551 ce-

554 3582 737 3646 drino,
765 3592 821 3639 et
845 3598 1035 3649 cocco,
1064 3595 1120 3640 et
1159 3586 1397 3657 hyssopo
1430 3588 1603 3658 tinget
1632 3587 1687 3641 in
1717 3588 1983 3659 sanguine
2011 3604 2133 3658 pas-

555 3675 694 3730 seris
719 3675 1004 3733 immolati.
1037 3676 1140 3743 Qui
1184 3689 1434 3750 asperget
1476 3680 1628 3733 illum
1659 3680 1751 3749 qui
1789 3681 2133 3737 mundandus

555 3779 658 3833 est,
687 3771 890 3839 septies
929 3780 987 3824 ut
1014 3771 1136 3840 jure
1177 3780 1466 3842 purgetur,
1496 3781 1551 3826 et
1589 3771 1830 3827 dimittet
1856 3788 2131 3842 passerem

556 3860 839 3917 vivum-ut
880 3861 935 3916 in
978 3877 1169 3933 agrum
1212 3863 1409 3917 evolet.
1460 3861 1708 3933 Cumque
1743 3863 1933 3919 laverit
1966 3865 2132 3920 homo

554 3952 881 4007 vestimenta
909 3969 1028 4019 sua,
1056 3953 1210 4008 radet
1238 3969 1430 4009 omnes
1456 3955 1593 4024 pilos
1618 3955 1863 4026 corporis
1899 3964 1955 4011 et
1986 3957 2133 4011 lava-

553 4039 702 4096 bitur
750 4057 917 4113 aqua.
964 4042 1400 4113 Puriﬁcatusque
1455 4044 1755 4115 ingreditur
1806 4055 2012 4114 castra,
2058 4047 2131 4102 ita

553 4131 817 4188 duntaxat
852 4144 913 4191 ut
948 4143 1165 4190 maneat
1208 4143 1360 4189 extra
1402 4135 1807 4191 tabernaculum
1846 4153 2004 4192 suum
2041 4153 2131 4193 se-

554 4232 704 4290 ptem
751 4224 965 4291 diebus,
994 4235 1049 4281 et
1090 4226 1177 4281 die
1208 4227 1437 4295 septima
1482 4227 1635 4283 radat
1676 4229 1902 4298 capillos
1938 4230 2132 4300 capitis

552 4311 886 4386 barbamque
925 4326 982 4371 et
1028 4316 1316 4386 supercilia
1362 4333 1427 4372 ac
1469 4318 1637 4374 totius
1679 4320 1926 4391 corporis
1971 4321 2129 4391 pilus,

552 4402 680 4459 lotis
712 4421 928 4462 rursum
960 4408 1201 4464 vestibus
1231 4419 1287 4463 et
1318 4424 1565 4480 corpore.
1604 4429 1622 4462 ι

625 4494 762 4559 Quia
791 4514 900 4553 non
942 4514 1043 4553 nos
1076 4508 1292 4570 oportet
1318 4501 1573 4557 arbitrari
1613 4503 1949 4575 negligenter
1975 4505 2132 4575 quid-

2230 674 2325 729 sed
2354 674 2421 729 ad
2450 689 2574 729 eum
2603 674 2683 729 ire
2710 673 3048 729 sacerdotem
3079 670 3358 741 praecepit,
3389 668 3579 739 sicque
3616 665 3806 719 adduci

2229 780 2353 820 eum
2388 765 2482 836 qui
2523 765 2874 822 mundandus
2910 774 3013 821 est.
3054 762 3523 828 Quemadmodum
3562 766 3624 814 et
3651 756 3809 813 Chri-

2230 865 2347 911 stus
2392 856 2460 911 ad
2502 870 2605 911 nos
2645 854 2819 923 venit,
2851 864 2907 910 et
2945 854 3014 910 ad
3056 868 3153 909 eos
3191 852 3284 922 qui
3326 852 3395 907 ab
3438 866 3507 905 eo
3555 847 3810 904 mundari

2230 956 2393 1016 atque
2424 947 2572 1002 ablui
2600 946 2973 1003 necessarium
3004 945 3296 1000 habebant.
3327 943 3398 998 Et
3427 950 3580 997 extra
3613 948 3812 1000 castra.

2231 1039 2297 1093 ad
2350 1040 2673 1094 intuendum
2721 1055 2846 1094 eum
2897 1039 2991 1110 qui
3035 1036 3385 1093 mundandus
3433 1043 3582 1099 erat,
3631 1031 3815 1102 egredi

2232 1131 2570 1186 sacerdotem
2626 1131 2887 1202 praecepit
2940 1148 2953 1184 :
3007 1131 3154 1185 sicut
3197 1144 3299 1185 nos
3350 1127 3607 1183 Christus
3667 1133 3853 1177 extra?

2232 1232 2446 1289 castra,
2501 1238 2599 1292 per
2642 1222 2957 1293 passionem
3006 1220 3219 1285 crucis,
3276 1216 3817 1289 dispensationisque

2232 1327 2353 1382 quae
2389 1321 2521 1368 tunc
2558 1322 2777 1383 peracta
2817 1322 2919 1379 est,
2957 1311 3219 1367 visitavit.
3266 1309 3388 1365 Non
3432 1309 3589 1379 prius
3633 1314 3817 1361 autem

2235 1400 2339 1457 hoc
2368 1403 2498 1473 egit,
2538 1417 2700 1473 quam
2746 1401 2975 1468 videret,
3011 1401 3137 1473 quia
3182 1399 3396 1455 macula
3432 1398 3599 1468 lepra:
3644 1394 3717 1448 ab
3756 1409 3818 1448 eo

2235 1500 2520 1548 sanaretur
2547 1534 2561 1558 ,
2595 1494 2649 1548 id
2688 1504 2791 1560 est,
2824 1502 3113 1564 antequam
3163 1508 3265 1547 nos
3304 1490 3551 1546 caruisse
3587 1487 3818 1543 vidisset

2238 1591 2467 1638 terrore.
2501 1583 2731 1650 Quando
2769 1600 2900 1656 ergo
2932 1585 2986 1639 in
3029 1599 3154 1640 eum
3197 1599 3307 1637 non
3354 1582 3530 1636 solum
3566 1594 3635 1633 ex
3665 1578 3819 1647 plebe

2235 1672 2462 1730 ludaica
2521 1676 2911 1741 crediderunt,
2963 1677 3054 1731 sed
3109 1684 3163 1729 et
3214 1673 3405 1745 pagani
3456 1670 3823 1725 ascendentes

2236 1781 2359 1818 eum
2403 1765 2589 1821 videre
2628 1766 2945 1837 cupiebant,
2984 1764 3364 1819 nuntiantibus
3397 1762 3501 1815 hoc
3534 1757 3819 1827 discipulis

2237 1856 2367 1911 dixit
2405 1874 2418 1910 :
2451 1856 2593 1911 Venit
2622 1857 2752 1911 hora
2802 1864 2860 1910 ut
2910 1856 3231 1927 gloriﬁcetur
3280 1855 3445 1909 Filius
3494 1851 3820 1905 hominis".

2172 1938 2207 1991 Β
2237 1946 2464 2011 Quando
2515 1947 2651 2003 vidit
2700 1948 2846 2017 quod
2900 1956 3261 2017 prreparatum
3311 1953 3458 2000 esset
3513 1943 3817 1997 humanum

2239 2053 2413 2105 genus
2464 2040 2531 2094 ad
2587 2039 2986 2107 liberationem,
3038 2039 3373 2108 salutemque
3424 2053 3522 2107 per
3571 2050 3817 2094 crucem.

2238 2131 2345 2184 hoc
2385 2130 2531 2185 enim
2587 2140 2643 2185 et
2688 2131 2915 2203 gloriam
2963 2146 3115 2186 suam
3163 2130 3473 2201 appellavit.
3516 2138 3650 2183 tunc
3693 2126 3817 2195 quid

2237 2223 2517 2293 suscepit?

2311 2316 2557 2370 Videlicet
2611 2316 2741 2370 duos
2790 2332 3027 2385 passeres
3084 2318 3220 2370 vivos
3267 2332 3393 2384 quos
3437 2312 3574 2365 vesci
3612 2312 3816 2364 licitum

2236 2413 2332 2457 est.
2362 2402 2565 2459 Habuit
2592 2404 2738 2458 enim
2771 2405 2890 2459 haec
2919 2404 3190 2469 Christus,
3238 2403 3576 2457 divinitatem
3604 2401 3816 2456 scilicet

2190 2542 2195 2547 .
2235 2501 2291 2547 et
2326 2492 2744 2559 humanitatem,
2781 2494 2909 2562 quia
2946 2494 3145 2548 munda
3183 2490 3384 2547 Christi
3420 2490 3585 2544 etiam
3616 2491 3813 2543 huma-

2236 2582 2397 2647 nitas,
2434 2590 2490 2637 et
2538 2582 2730 2637 vivens
2767 2592 2873 2638 est.
2919 2583 3116 2638 Munda
3166 2584 3415 2652 quidem,
3461 2592 3650 2651 utpote
3694 2597 3811 2649 qua:

2235 2673 2519 2743 proprium
2573 2684 2861 2744 peccatum
2908 2689 3016 2728 non
3070 2675 3260 2729 habuit
3296 2691 3310 2728 :
3352 2673 3472 2727 viva
3514 2681 3723 2736 autem,
3756 2682 3810 2723 ut

2235 2777 2356 2832 qua:
2381 2762 2563 2833 genita
2599 2778 2710 2817 non
2740 2770 2825 2818 est
2847 2778 2914 2819 ex
2941 2763 3039 2818 viri
3067 2763 3429 2825 immunditia,
3466 2773 3519 2815 et
3551 2762 3673 2816 ideo
3704 2778 3805 2816 non

2236 2852 2339 2908 fuit
2364 2852 2728 2908 maledictioni
2757 2853 2948 2908 mortis
2974 2852 3225 2908 obnoxia.

2305 2943 2509 3007 Sumet,
2534 2945 2725 3015 inquit,
2752 2953 2800 2998 et
2831 2944 3029 3015 lignum
3055 2945 3344 2999 cedrinum.
3374 2943 3431 2998 ld
3457 2952 3541 2998 est
3566 2956 3801 2996 crucem.

2235 3036 2414 3091 Cedro
2442 3046 2624 3091 autem
2650 3037 2774 3092 ideo
2804 3036 3157 3108 signiﬁcatur,
3184 3037 3309 3106 quia
3335 3035 3532 3091 cedrus
3566 3034 3618 3087 in
3648 3033 3804 3104 lignis

2236 3129 2393 3184 tortis
2435 3138 2520 3184 est
2560 3146 2573 3183 :
2616 3143 2744 3183 nam
2793 3137 2849 3183 et
2890 3144 3015 3183 area
3067 3130 3133 3183 de
3182 3128 3339 3200 lignis
3389 3126 3625 3182 cedrinis
3668 3127 3803 3181 facta

2238 3225 2407 3280 fuisse
2444 3224 2708 3279 asseritur
2754 3242 2767 3277 :
2811 3225 2937 3294 quia
2982 3225 3249 3296 lignorum
3290 3222 3709 3294 imputribilium
3750 3221 3800 3274 in

2232 3317 2644 3373 constructione
2675 3317 2796 3388 ejus
2821 3316 3031 3388 Moyses
3056 3317 3389 3372 mentionem
3418 3314 3566 3371 fecit.

2302 3410 2485 3465 Sumet
2514 3419 2562 3464 et
2589 3409 2953 3464 vermiculum.
2979 3410 3132 3475 Quod
3164 3408 3299 3463 LXX
3327 3408 3519 3471 edunt,
3544 3407 3801 3460 coccinum

2235 3512 2420 3568 totum,
2452 3501 2705 3557 videlicet
2750 3501 3062 3571 passionem
3096 3519 3109 3554 :
3142 3500 3340 3555 dicitur
3383 3498 3554 3563 enim,
3591 3504 3803 3567 propter

2236 3594 2524 3649 tincturam
2577 3593 2963 3665 sanguineam,
3008 3593 3315 3648 coccinum.
3364 3590 3525 3647 Unde
3568 3590 3801 3658 chlamy-

2235 3684 2357 3738 dem
2388 3683 2722 3749 coccineam,
2756 3699 2881 3738 cum
2916 3683 3205 3739 duceretur
3230 3682 3295 3737 ad
3324 3681 3654 3752 passionem,
3682 3696 3798 3734 eum

2235 3774 2433 3830 milites
2473 3774 2790 3829 induerunt.
2831 3774 3055 3829 Tortum
3091 3783 3270 3828 autem
3294 3788 3415 3828 esse
3451 3786 3622 3840 quare
3656 3770 3801 3825 dixe-

2235 3868 2398 3923 runt?
2448 3866 2677 3938 Propter
2720 3866 3165 3938 passibilitatem,
3212 3865 3800 3935 impassibilitatemquc

2235 3974 2561 4026 connexam,
2594 3968 2818 4030 propter
2864 3960 3007 4028 quod
3060 3960 3112 4013 in
3167 3973 3232 4012 co
3282 3956 3463 4028 passio
3510 3955 3797 4010 secundum

2234 4050 2522 4121 quemdam
2551 4059 2636 4105 est
2661 4051 2904 4106 modum.
2938 4048 3213 4121 Hyssopus
3237 4060 3419 4103 autem
3446 4048 3577 4102 boni
3606 4046 3795 4110 odoris,

2235 4142 2404 4213 gratia
2456 4141 2725 4212 Spiritus,
2770 4142 3111 4211 cooperatrix
3162 4139 3567 4194 emundationis
3611 4147 3796 4192 nostra:

2235 4243 2340 4297 est,
2382 4233 2526 4287 unde
2558 4232 2727 4287 David
2767 4250 2780 4286 :
2814 4232 3067 4302 Asperges
3116 4248 3218 4298 me,
3259 4230 3455 4300 inquit,
3488 4230 3725 4299 hyssopo,
3752 4235 3795 4281 et

2236 4324 2530 4379 mundabor
2560 4324 2624 4377 ³⁸.
2666 4322 2744 4379 De
2794 4323 3111 4393 passeribus
3167 4337 3331 4394 ergo,
3382 4336 3519 4392 quos
3573 4321 3795 4376 diximus

2235 4432 2354 4472 esse
2402 4414 2704 4483 Christum,
2753 4415 2903 4471 hunc
2949 4413 3209 4486 praecepit
3255 4412 3546 4477 immolari,
3586 4413 3669 4466 vel
3712 4426 3794 4489 oc-

2235 4509 2365 4575 cidi,
2400 4508 2454 4565 id
2480 4518 2582 4576 est,
2617 4507 2671 4563 id
2700 4506 2845 4578 quod
2870 4515 2991 4565 erat
3030 4504 3308 4577 passibile.
3339 4514 3393 4559 et
3422 4504 3566 4571 quod
3600 4511 3795 4573 poterat

555 4589 700 4660 piam
745 4589 1105 4660 legislatorem
1156 4591 1359 4657 dicere,
1405 4592 1538 4648 illud
1585 4602 1639 4649 te
1681 4604 1900 4666 oportet
1944 4607 2132 4653 notare
2164 4615 2210 4675 ι)
2235 4593 2430 4661 occidi,
2466 4603 2524 4649 et
2568 4596 2742 4651 occidi
2786 4595 2839 4649 in
2883 4610 3015 4651 vase
3059 4594 3235 4659 ﬁctili,
3267 4609 3431 4663 super
3469 4592 3716 4646 viventes
3748 4590 3793 4644 in

554 4696 668 4752 prae
711 4681 986 4747 omnibus,
1023 4682 1149 4751 quia
1190 4698 1341 4738 nunc
1386 4684 1605 4754 quando
1652 4684 1721 4740 de
1760 4686 2129 4741 mundationi-

555 4775 661 4830 bus
691 4775 887 4837 sancit.
916 4775 1013 4830 soli
1046 4773 1236 4845 Moysi,
1271 4791 1381 4830 non
1429 4776 1592 4830 etiam
1630 4776 1813 4831 Aaron
1853 4776 1994 4832 sicut
2036 4793 2129 4833 su-

553 4867 768 4939 perius,
813 4868 1055 4938 loquitur
1093 4868 1257 4937 :quia
1285 4867 1495 4940 Moyses
1534 4869 1806 4940 praecipue
1841 4870 2128 4942 imaginem

554 4958 784 5023 Christi,
811 4959 1112 5014 secundum
1143 4959 1343 5015 multos
1371 4960 1463 5030 qui
1493 4960 1624 5016 dicti
1655 4968 1801 5027 sunt,
1840 4962 1977 5033 gerit
2009 4975 2131 5015 mo-

554 5050 674 5105 dos.
711 5049 822 5104 Soli
855 5061 1038 5104 autem
1067 5048 1286 5105 Christo
1326 5049 1632 5106 communis
1673 5051 1838 5121 leprae
1871 5054 2132 5122 competit

554 5141 887 5197 emundatio.
922 5143 1151 5212 Propter
1174 5143 1320 5212 quod
1348 5158 1452 5198 nec
1478 5144 1546 5198 de
1575 5136 1724 5213 lepra
1764 5144 1926 5200 unius
1961 5145 2129 5208 modi,

555 5248 678 5303 qua
705 5234 764 5289 ﬁt
793 5235 847 5288 in
879 5236 1126 5300 vulnere,
1152 5235 1304 5289 verbi
1334 5236 1527 5305 gratia,
1558 5246 1651 5291 aut
1689 5236 1743 5292 in
1776 5238 2009 5305 ustione,
2038 5247 2131 5293 aut

553 5324 732 5389 aliter,
766 5322 1026 5393 loquitur,
1056 5323 1152 5379 sed
1183 5324 1298 5378 ait:

622 5415 724 5469 Hic
775 5424 850 5469 est
899 5416 1031 5469 ritus
1083 5415 1291 5484 leprosi.
1332 5413 1437 5470 Per
1488 5416 1591 5471 hoc
1629 5432 1845 5472 omnem
1889 5419 2126 5489 speciem

468 5501 472 5504 ’
552 5509 719 5578 lepra:
771 5508 1060 5578 complecti
1108 5508 1329 5573 volens,
1383 5510 1509 5578 quia
1566 5519 1621 5563 et
1670 5508 1919 5566 Christus
1967 5526 2128 5567 omne

550 5616 723 5670 genus
761 5608 1113 5672 peccatorum
1151 5602 1450 5656 mundavit.
1486 5603 1627 5673 Ergo
1660 5609 1717 5657 et
1753 5603 1918 5657 nimis
1952 5604 2124 5659 simil-

551 5694 677 5747 lima
720 5704 805 5749 est
853 5694 1111 5765 mysterio
1153 5696 1272 5765 ejus
1321 5710 1556 5764 praesens
1600 5696 1845 5760 materia,
1879 5697 2020 5765 quod
2062 5714 2125 5750 ex

628 5894 671 5925 "
700 5893 855 5949 loan.
887 5910 963 5959 ιι,
997 5894 1047 5947 4.

1133 5893 1339 5967 ³⁶-Ρδ31.
1376 5911 1425 5961 L,
1460 5895 1511 5949 9.
1591 5898 1627 5927 ³⁷
1655 5895 1811 5949 Rom.
1847 5911 1919 5961 γι,
1952 5896 2001 5948 ὃ.

2235 4686 2415 4749 nobis,
2450 4685 2508 4741 id
2536 4696 2619 4742 est
2651 4702 2751 4757 pro
2782 4685 2963 4751 nobis,
2990 4684 3253 4755 siquidem
3286 4698 3473 4737 sumus
3501 4696 3599 4736 vas
3623 4680 3790 4745 fictile,

2235 4780 2303 4835 de
2346 4779 2462 4835 luto
2498 4778 2753 4835 videlicet
2801 4777 2950 4833 iacti.
2985 4776 3309 4848 Unigenitus
3351 4774 3653 4829 secundum
3686 4787 3792 4827 car-

2236 4887 2363 4926 nem
2406 4871 2674 4927 occiditur
2712 4885 2878 4940 super
2908 4884 3075 4940 aquas
3101 4868 3273 4930 vivas,
3310 4867 3359 4921 id
3392 4874 3475 4921 est
3512 4866 3792 4935 baptisma-

2237 4964 2327 5020 tis.
2368 4962 2511 5019 Mors
2560 4964 2681 5034 ejus
2730 4962 2933 5033 quippe
2978 4969 3226 5017 nostrum
3275 4959 3470 5030 ﬁgurat
3516 4956 3791 5025 baptisma,

2232 5055 2376 5127 quod
2402 5054 2643 5110 ostendit
2672 5052 2901 5119 Paulus,
2927 5053 3117 5107 dicens
3146 5069 3159 5105 :
3197 5049 3503 5118 Quicunque
3524 5049 3582 5100 in
3607 5047 3792 5101 Christo

2233 5148 2486 5218 baptizati
2528 5162 2727 5211 sumus,
2759 5147 2815 5199 in
2858 5154 3025 5199 morte
3068 5144 3182 5212 ejus
3228 5141 3483 5211 baptizati
3526 5155 3708 5193 sumus
3736 5136 3789 5188 π.

2232 5239 2294 5293 ln
2323 5240 2428 5293 hoc
2450 5238 2640 5293 vivens
2662 5252 2873 5308 passer,
2903 5246 2957 5291 et
2986 5236 3193 5305 lignum
3218 5231 3522 5296 cedrinum,
3547 5240 3605 5285 et
3632 5227 3791 5285 cocciv

2234 5346 2366 5386 num
2395 5340 2619 5396 tortum,
2639 5338 2695 5384 et
2725 5329 2993 5399 hyssopus
3022 5326 3281 5397 tingitur:
3311 5322 3491 5380 omnia
3515 5321 3663 5376 enim
3691 5321 3790 5374 haec

2239 5421 2780 5493 comprehenduntur
2807 5420 2861 5475 in
2897 5420 3096 5474 virtute
3126 5416 3481 5487 baptismatis,
3506 5413 3651 5484 quod
3676 5410 3790 5466 dixi-

2190 5583 2196 5589 ο
2235 5529 2359 5569 mus
2389 5512 2681 5570 Dominica’.
2708 5528 2831 5568 esse
2871 5510 3140 5581 passionis
3175 5510 3398 5581 ﬁguram
3452 5502 3787 5577 signiﬁcatio-

2236 5621 2487 5675 nemque.
2520 5605 2623 5660 Sed
2656 5604 2845 5658 vivens
2889 5618 3096 5673 passer,
3122 5615 3281 5670 quem
3312 5598 3367 5651 in
3400 5594 3671 5666 Unigeniti
3703 5605 3787 5645 ne-

2236 5698 2466 5752 cessarie
2485 5697 2821 5753 divinitatem
2841 5694 3157 5764 accipimus,
3179 5694 3230 5746 in
3250 5690 3510 5761 sanguine
3530 5687 3617 5743 hic
3636 5681 3784 5742 occisi
