3946 6408
116 392 239 458 953

1272 384 1356 444 ΙΝ
1396 378 1831 442 LEVlTlCUM.
1867 403 1932 413 -
1962 380 2110 438 LIB.
2156 381 2253 442 IV.

3298 372 3403 437 954

119 502 411 576 passeris,
449 512 506 556 et
548 512 685 569 aqua
725 495 952 568 tingitur
975 536 990 560 ,
1027 492 1080 548 id
1118 500 1201 547 est
1236 491 1292 545 in
1332 488 1501 561 gratia
1548 486 1724 556 bapti-
1754 497 1797 551 Α
1827 506 1951 544 eum
1983 490 2310 562 cogitatione
2349 488 2577 560 cupiens
2614 486 2893 557 praecepit,
2931 485 3024 539 sed
3070 499 3271 538 novum
3318 494 3405 537 to-

120 592 364 660 smatis,
397 591 519 662 quia
554 605 665 644 non
709 587 763 642 in
791 585 1029 641 hominis
1072 581 1345 654 passione,
1396 580 1490 634 sed
1538 576 1630 631 Dei
1674 584 1729 631 et

122 683 396 739 hominis
424 682 677 753 passione
709 679 1071 749 baptizamur.
1112 671 1317 728 Deinde
1346 678 1472 741 post
1508 669 1613 723 boc
1645 667 1727 720 vi-

122 790 273 828 vens
313 789 514 844 passer
560 773 616 825 in
662 785 850 844 agrum
897 776 958 822 ut
1000 765 1199 830 avolet,
1238 761 1549 817 dimittitur.
1590 758 1732 829 Ergo

124 868 511 937 impassibilis
542 865 822 927 divinitas,
859 871 915 918 et
942 856 1319 930 inseparabilis
1343 864 1460 910 erat
1485 869 1514 908 a
1544 866 1730 914 carne,

127 975 259 1025 qua:
294 973 465 1026 passa
503 966 605 1019 est,
638 954 784 1008 unde
821 962 877 1007 et
911 947 1230 1020 scparabilis
1260 946 1315 1000 in
1344 943 1607 1014 sanguine
1636 941 1735 996 ba-

130 1047 415 1116 ptizatur,
447 1054 508 1100 ut
545 1042 894 1114 impassibilis
935 1040 1056 1095 viva
1100 1038 1155 1091 in
1190 1049 1378 1107 agrum
1414 1032 1590 1085 avolet
1621 1046 1636 1085 :
1667 1028 1735 1083 ad

134 1138 507 1192 latitudinem
581 1136 831 1191 videlicet
896 1127 1370 1201 contemplationis
1432 1122 1733 1186 emittitur,

135 1244 253 1299 quo
305 1229 467 1283 illum
518 1228 862 1291 dimittente,
907 1233 1095 1279 nostro
1140 1219 1392 1276 videlicet
1435 1216 1733 1271 intellectu.

137 1320 247 1374 sub
304 1318 480 1388 hujus
527 1318 672 1372 enim
718 1314 1179 1385 contemplatione
1231 1318 1485 1373 tenetur,
1534 1306 1738 1360 solum-

139 1412 318 1466 modo
376 1420 576 1481 sponte
625 1412 868 1474 detenta,
918 1422 1041 1463 cum
1089 1421 1119 1460 a
1166 1403 1315 1458 nullo
1362 1401 1466 1455 alio
1507 1396 1739 1454 detineri

140 1502 352 1570 possit.
415 1501 645 1570 insuper
689 1501 736 1554 is
784 1499 874 1570 qui
919 1496 1212 1552 mundatus
1255 1500 1378 1557 est,
1418 1490 1739 1546 vestimenta

140 1593 322 1655 lavat,
361 1592 619 1645 videlicet
650 1590 912 1651 actiones,
942 1596 999 1643 et
1033 1586 1076 1641 si
1107 1601 1244 1655 quas
1272 1585 1500 1639 virtutes
1532 1580 1741 1644 habuit,

144 1686 278 1754 quia
329 1694 393 1739 et
440 1685 539 1738 has
579 1692 803 1754 peccato
836 1679 1053 1752 polluit;
1094 1678 1237 1732 lavat
1262 1686 1443 1730 autem
1473 1672 1743 1745 poeniten-

146 1780 220 1832 tia
254 1797 269 1831 :
313 1788 376 1832 et
404 1777 545 1832 radit
571 1776 760 1847 pilum,
794 1775 847 1829 id
879 1783 963 1828 est
992 1785 1209 1826 omnem
1237 1767 1617 1839 cogitationem
1647 1766 1741 1820 de-

149 1870 337 1940 ponit,
380 1869 510 1939 quia
536 1882 729 1921 omnes
757 1881 849 1921 eas
880 1865 1113 1920 habebat
1152 1859 1482 1916 immundas.
1511 1859 1577 1913 Et
1602 1859 1745 1913 lotus

151 1978 295 2031 aqua
335 1959 677 2030 prenitentiae
728 1966 821 2012 aut
856 1954 1228 2026 baptismatis,
1271 1962 1399 2006 tunc
1438 1948 1745 2003 necessarie

153 2051 542 2106 inundabitur.
584 2048 717 2103 Nam
757 2047 859 2103 etsi
893 2045 1156 2101 mundum
1198 2058 1324 2098 eum
1365 2039 1617 2111 superius
1646 2053 1749 2092 no-

154 2142 418 2206 minavit,
452 2140 528 2194 ait
558 2140 703 2193 enim
732 2157 745 2193 :

224 2228 370 2284 Cum
404 2230 544 2283 risus
586 2226 743 2298 fuerit
779 2241 888 2280 esse
922 2224 1229 2283 mundatus,
1259 2222 1432 2290 offeret
1462 2219 1591 2272 duos
1624 2234 1749 2285 pas-

155 2337 323 2377 seres.
393 2319 499 2375 Sed
557 2335 681 2375 eum
721 2320 817 2390 qui
864 2327 1025 2389 aptus
1070 2323 1188 2371 erat
1229 2314 1299 2370 ad
1336 2311 1745 2368 inundationem

158 2410 385 2466 dicebat
416 2428 429 2463 :
462 2424 586 2463 nam
635 2408 907 2480 quomodo
952 2410 1021 2474 is,
1072 2405 1165 2476 qui
1202 2404 1314 2475 jam
1358 2402 1593 2457 mundus
1642 2410 1746 2465 est,

159 2504 348 2558 adhuc
392 2518 616 2557 necesse
659 2502 823 2556 habet
852 2497 1325 2555 mundari‘l'l‘unc
1356 2495 1410 2550 in
1445 2504 1620 2549 castra
1667 2492 1748 2546 iu-

163 2595 470 2667 gredietur,
502 2604 564 2648 ut
608 2593 906 2648 conventui
958 2600 1150 2647 nostro
1194 2588 1429 2655 intersit,
1462 2596 1623 2656 atque
1666 2585 1749 2638 in-

165 2686 534 2757 telligibilium
576 2693 952 2745 contraetuum
1001 2682 1203 2750 socius,
1238 2692 1294 2737 et
1330 2680 1553 2737 alterius
1601 2694 1751 2732 com-

165 2775 483 2840 mistionis,
547 2792 669 2846 qua:
718 2791 842 2829 cum
898 2772 1148 2828 ﬁdelibus
1208 2772 1460 2834 habetur,
1509 2767 1753 2838 acquirat

168 2868 406 2922 fructus.
454 2867 499 2919 Δ
543 2882 649 2936 qua
697 2866 824 2936 quia
879 2864 1239 2935 prohibentur
1286 2861 1342 2916 hi
1381 2860 1472 2930 qui
1516 2859 1751 2933 necdum

170 2959 423 3014 mundati
470 2966 598 3013 sunt
644 2964 984 3029 peccatores,
1026 2955 1152 3010 audi
1197 2953 1519 3023 Apostolum
1567 2951 1753 3005 dicen-

174 3060 279 3105 tem
316 3068 336 3104 :
372 3049 432 3107 Si
460 3052 504 3105 is
542 3050 631 3121 qui
678 3052 846 3122 frater
892 3050 1219 3109 nominatur,
1261 3055 1355 3099 aut
1400 3043 1607 3098 adulter
1652 3049 1749 3108 est,

1831 592 1966 649 tum,
2002 592 2058 638 et
2093 581 2245 653 quasi
2271 581 2434 637 modo
2456 579 2697 653 genitum
2731 578 2845 632 ﬁeri
2880 576 3088 639 volens,
3120 580 3176 628 et
3204 588 3405 642 exspo-

1794 722 1795 725 η
1831 677 1963 731 liare
1984 685 2224 730 veterem
2253 674 2552 734 hominem,
2583 681 2641 726 ut
2664 670 2845 739 capiat
2871 682 3093 723 novum.
3120 662 3407 731 Quomodo

1831 768 1975 821 enim
2009 766 2059 821 ei
2088 765 2179 836 qui
2219 764 2500 833 antiquum
2550 760 2682 815 rasit
2726 759 2916 829 pilum,
2950 758 3090 811 alius
3133 768 3307 809 novus
3350 760 3408 806 et

1832 876 2023 914 recens
2059 859 2322 921 nascitur,
2357 857 2436 911 sic
2479 863 2536 910 et
2582 854 2710 908 huic
2750 851 3028 907 veteribus
3064 845 3270 903 carenti
3313 859 3407 899 co-

1834 951 2207 1026 gitationibus,
2238 949 2358 1004 alia;
2397 962 2551 1003 nova:
2592 947 2659 1001 ad
2705 944 2928 1000 meliora
2973 941 3258 1012 pullulant.
3301 936 3409 990 La—

1835 1060 1962 1098 vare
1992 1042 2154 1097 etiam
2186 1054 2377 1095 rursus
2410 1038 2737 1095 vestimenta
2769 1051 2889 1100 sua,
2937 1034 2990 1089 id
3036 1040 3121 1087 est
3167 1029 3409 1085 actiones

1837 1134 2088 1188 mundas.

1911 1224 1977 1279 Et
2026 1222 2221 1276 lat-abit
2271 1221 2461 1274 iterum
2504 1235 2690 1287 corpus
2730 1234 2888 1287 aqua.
2934 1213 3185 1270 Secundo
3225 1212 3411 1281 utique

1840 1317 1970 1371 illud
2017 1315 2225 1378 lavaus,
2261 1311 2418 1366 nobis
2462 1320 2642 1363 autem
2690 1324 2802 1362 non
2845 1316 2931 1361 est
2965 1305 3263 1361 secundum
3311 1303 3410 1357 ba-

1838 1409 2059 1480 ptisma.
2108 1406 2249 1462 Unus
2294 1404 2430 1458 enim
2468 1400 2739 1464 Dominus,
2775 1415 2883 1452 una
2932 1397 3079 1466 ﬁdes,
3112 1410 3273 1448 unum
3313 1400 3411 1446 ba-

1841 1502 2034 1571 ptisma
2071 1500 2138 1552 ³’.
2199 1496 2265 1550 Et
2316 1492 2589 1565 quomodo
2650 1489 2894 1546 secundo
2954 1487 3243 1547 lavabitur,
3306 1483 3409 1538 nisi

1842 1590 2090 1647 absolute
2120 1602 2217 1658 per
2249 1582 2544 1655 lacrymas?
2585 1580 2699 1635 Hoc
2741 1578 2889 1634 enim
2930 1591 3041 1630 non
3086 1572 3273 1635 semel,
3312 1584 3416 1624 nec

1843 1682 1946 1747 bis,
1977 1679 2073 1734 sed
2105 1678 2288 1740 tertio,
2321 1681 2377 1729 et
2418 1672 2731 1741 frequenter
2775 1667 2902 1721 licet
2944 1663 3127 1735 peragi
3161 1679 3174 1713 :
3208 1659 3331 1727 quia
3362 1668 3416 1711 et

1849 1773 2014 1828 David
2039 1770 2253 1826 dicebat
2281 1784 2294 1820 :
2325 1764 2508 1819 Factie
2531 1770 2651 1817 sunt
2674 1760 2802 1815 mihi
2829 1758 3075 1827 lacrymce
3102 1768 3228 1808 mea?
3256 1765 3421 1820 panes

1846 1865 1929 1919 die
1972 1881 2035 1917 ar
2074 1870 2220 1915 nocte
2253 1860 2320 1911 ⁵ο.
2353 1855 2639 1911 Sulliciunt
2684 1865 2813 1922 ergo
2855 1858 2910 1903 et
2954 1849 3067 1901 haec
3108 1843 3418 1899 satisfacere

1847 1954 2178 2019 iutendenti,
2202 1951 2328 2021 quia
2359 1964 2423 2003 ea
2451 1961 2571 2017 qua:
2604 1952 2731 2000 sunt
2769 1940 3053 2011 spiritalia,
3086 1933 3419 2006 spiritalibus

1846 2050 1930 2105 lex
1971 2045 2249 2117 praecepit,
2273 2051 2327 2097 et
2358 2055 2486 2095 vere
2516 2038 2745 2107 lepram,
2779 2033 2832 2087 id
2862 2042 2949 2087 est
2984 2037 3287 2101 peccatum,
3320 2040 3421 2080 nos

1846 2142 2038 2197 timere
2067 2135 2361 2193 desiderat.
2394 2132 2623 2201 Pmpter
2664 2126 2808 2197 quod
2850 2126 2969 2195 ejus
3007 2120 3422 2177 cniundationcs

1845 2234 2109 2305 plurimas
2155 2226 2434 2300 przecepit,
2462 2239 2584 2296 cum
2628 2222 2683 2275 in
2722 2218 2871 2274 nullo
2901 2231 2993 2271 eas
3028 2215 3278 2275 aliorum,
3301 2224 3423 2280 qua:

1848 2327 1989 2383 circa
2020 2337 2218 2393 corpus
2244 2326 2524 2392 geruntur,
2547 2312 2913 2385 pracepisset.
2947 2307 3213 2362 Subtilior
3242 2315 3421 2361 tamen

1846 2419 2098 2492 probatio
2123 2415 2227 2470 erit
2252 2415 2451 2467 horum
2481 2424 2545 2464 ex
2578 2402 3055 2472 subsequentibus.

1918 2510 2084 2564 Vens.
2114 2506 2298 2561 10-20.
2347 2522 2365 2554 ι
2401 2502 2658 2555 Assumet
2707 2495 2846 2549 duos
2878 2506 3049 2563 agnos
3105 2485 3427 2542 immacula-

1850 2610 1955 2662 tos,
1990 2606 2047 2653 et
2099 2609 2256 2652 ovem
2307 2589 2617 2646 anniculam
2676 2584 2882 2653 absque
2929 2578 3159 2638 macula,
3214 2586 3271 2630 et
3316 2584 3428 2628 tres

1848 2693 2088 2749 decimas
2115 2686 2304 2743 similae
2325 2685 2379 2737 in
2402 2678 2692 2741 sacrificio,
2724 2690 2844 2746 quae
2875 2683 3172 2740 conspersa
3193 2667 3262 2722 sit
3280 2666 3424 2725 oleo,

1852 2795 1907 2841 et
1932 2782 2162 2840 seorsim
2193 2778 2300 2835 olei
2329 2774 2647 2832 sextarium.
2690 2770 2937 2837 Cumque
2970 2761 3225 2820 sacerdos
3274 2758 3427 2829 puri-

1854 2878 2023 2932 ﬁcans
2044 2871 2345 2933 hominem,
2373 2863 2627 2922 statuerit
2643 2858 2986 2921 eum,ethaec
3003 2853 3210 2917 omnia,
3246 2864 3429 2906 coram

1852 2968 2082 3024 Domino
2105 2965 2161 3019 in
2192 2962 2332 3019 ostio
2359 2954 2687 3013 tabernaculi
2722 2947 3037 3013 testimonii,
3061 2944 3210 3001 tollet
3232 2956 3430 3013 agnum

1854 3070 1910 3117 et
1960 3059 2153 3115 oﬂeret
2199 3055 2351 3109 illum
2414 3065 2511 3120 pro
2576 3045 2795 3105 delicto,
2850 3040 3063 3109 oleique
3113 3033 3428 3090 sextarium.

173 3153 265 3196 aut
298 3160 524 3207 avarus,
556 3152 650 3197 aut
698 3143 982 3205 detractor,
1014 3149 1108 3194 aut
1153 3138 1404 3201 ebriosus,
1433 3145 1526 3189 aut
1562 3148 1751 3204 rapax,

1860 3152 1923 3205 Et
1948 3147 2147 3203 oblatis
2167 3153 2294 3199 ante
2310 3141 2598 3195 Dominum
2618 3134 2873 3191 omnibus
2900 3126 3202 3185 immolabit
3227 3135 3431 3194 agnum

174 3252 291 3290 cum
348 3235 652 3305 huiusmodi
698 3250 789 3288 nec
831 3232 1003 3287 cibum
1037 3246 1243 3286 sumere
1267 3229 1333 3284 ³⁸.
1368 3227 1754 3283 Verumtamen

176 3337 388 3397 septem
411 3326 532 3382 dies
553 3334 705 3381 extra
732 3324 1142 3381 tabernaculum
1167 3337 1327 3378 suum
1352 3329 1555 3383 manet,
1581 3319 1759 3373 adhuc

178 3435 208 3476 a
266 3428 589 3477 sanctorum
665 3417 1089 3481 communione,
1149 3422 1373 3486 pr0pter
1422 3411 1757 3468 subtiliorem

178 3512 509 3577 custodiam,
551 3520 607 3566 et
643 3510 903 3581 paulatim
935 3508 1003 3564 ad
1040 3507 1265 3562 meliora
1310 3503 1637 3575 profectum,
1673 3517 1761 3556 se-

182 3613 434 3673 paratus;
500 3601 911 3656 tabernaculum
968 3599 1113 3654 enim
1173 3596 1604 3666 uniuscujusque
1661 3608 1761 3647 no-

183 3703 361 3749 stmm
388 3693 771 3765 mysteriorum
801 3691 1021 3762 adeptio
1055 3698 1159 3755 est,
1190 3703 1222 3743 a
1260 3687 1383 3760 gelu
1416 3696 1601 3758 tegens
1639 3700 1758 3749 nos,

186 3788 339 3842 etab
364 3795 499 3841 aestu
545 3786 958 3841 tabernaculum
1000 3783 1056 3837 in
1100 3798 1209 3853 quo
1254 3788 1437 3837 cmnat
1470 3794 1593 3835 cum
1628 3777 1760 3841 Deo,

186 3880 333 3937 sicut
375 3896 501 3935 eum
526 3889 679 3950 patre
706 3878 798 3933 lilii
821 3918 837 3943 ,
868 3885 964 3932 aut
990 3891 1113 3930 cum
1139 3887 1340 3945 sponso
1366 3884 1585 3941 sponsa,
1610 3869 1691 3923 vel
1718 3868 1763 3922 si

188 3972 389 4045 aliquid
437 3972 578 4027 aliud
613 3972 831 4035 dicitur,
859 3969 1005 4042 quod
1043 3967 1214 4039 magis
1260 3964 1330 4021 ad
1362 3960 1765 4036 proximitatem

188 4064 525 4136 cognationis
558 4063 811 4134 pertinet.

257 4158 326 4213 Et
365 4158 453 4210 die
488 4158 708 4225 septima
754 4155 904 4209 rodet
946 4152 1168 4222 capillos
1197 4148 1384 4217 capitis
1423 4146 1763 4214 barbamque,

192 4261 238 4304 et
274 4246 561 4317 supercilia
606 4263 671 4301 ac
714 4247 871 4299 totius
916 4242 1146 4313 corporis
1185 4239 1340 4310 pilos.
1381 4236 1488 4292 Sed
1531 4235 1620 4291 hic
1658 4249 1767 4288 non

193 4338 364 4393 solum
402 4342 585 4405 caput,
616 4333 708 4388 sed
751 4343 805 4388 et
841 4333 1086 4398 barbam,
1128 4339 1184 4384 et
1222 4326 1533 4399 supercilia,
1564 4333 1620 4381 et
1649 4340 1769 4379 om-

195 4449 313 4488 nem
347 4430 669 4502 simpliciter
699 4429 888 4499 pilum,
918 4427 1009 4499 qui
1045 4427 1099 4481 in
1130 4424 1277 4480 omni
1308 4437 1536 4493 corpore
1566 4430 1670 4486 est,
1705 4435 1769 4476 ac

1862 3243 1952 3299 ubi
1984 3237 2251 3294 immolari
2310 3233 2445 3289 solet
2488 3230 2665 3285 hostia
2725 3242 2823 3297 pro
2868 3229 3117 3295 peccato,
3179 3227 3234 3272 et
3275 3214 3432 3270 holo-

1860 3341 2131 3395 caustum,
2161 3328 2214 3383 id
2245 3335 2348 3391 est,
2376 3326 2496 3379 loco
2521 3327 2730 3377 sancto.
2762 3316 2915 3372 Sicut
2964 3313 3110 3368 enim
3159 3324 3259 3380 pro
3301 3320 3433 3377 pec-

1860 3433 2001 3485 cato.
2063 3422 2135 3476 ita
2181 3428 2237 3474 et
2294 3433 2394 3488 pro
2447 3414 2644 3469 delicto
2691 3409 2757 3464 ad
2810 3404 3146 3462 sacerdotem
3199 3397 3437 3470 pertinet

1863 3514 2070 3569 hostia:
2102 3512 2300 3567 Sancta
2328 3515 2641 3562 sanctorum
2677 3511 2780 3557 est.
2808 3500 3214 3564 Assnmensque
3254 3504 3437 3545 sacer—

1862 3605 1961 3661 dos
2008 3604 2076 3659 de
2129 3600 2394 3672 sanguine
2450 3596 2643 3651 hostiae
2697 3608 2817 3662 quae
2877 3588 3151 3645 immolata
3205 3592 3288 3637 est
3337 3595 3469 3652 pro.

1864 3695 2083 3759 delicto,
2139 3701 2306 3762 ponet
2356 3703 2521 3759 super
2573 3694 2877 3741 extremum
2934 3676 3191 3734 auricula:
3231 3674 3437 3728 dextrae

1864 3785 1984 3854 ejus
2016 3782 2107 3852 qui
2140 3779 2492 3845 mundantur,
2524 3782 2579 3829 et
2607 3789 2770 3843 super
2805 3771 3055 3840 pollicem
3080 3778 3274 3820 manus
3303 3760 3438 3815 dex-

1865 3885 1962 3931 trae
1988 3883 2042 3930 et
2072 3872 2246 3943 pedis.
2282 3870 2349 3924 Et
2379 3869 2445 3922 de
2476 3865 2581 3922 olei
2620 3863 2861 3919 sextario
2901 3859 3082 3914 mittet
3130 3855 3183 3909 in
3215 3864 3437 3907 manum

1866 3980 2017 4021 suam
2054 3964 2360 4018 sinistram:
2396 3958 2676 4028 tingetque
2708 3952 2937 4022 digitum
2982 3948 3231 4001 dextrum
3264 3942 3318 3996 in
3350 3956 3437 4003 eo,

1867 4067 1922 4111 et
1949 4062 2204 4126 asperget
2242 4051 2443 4121 septies
2479 4058 2672 4103 contra
2710 4044 3022 4099 Dominum.
3072 4035 3230 4104 Quod
3257 4042 3441 4089 autem

1869 4150 2136 4219 reliquum
2166 4154 2251 4200 est
2282 4142 2409 4204 olei,
2450 4142 2503 4195 in
2557 4141 2743 4193 laevam
2772 4150 2992 4191 manum
3046 4130 3235 4187 fundet
3280 4140 3443 4196 super

1868 4249 2171 4295 extremum
2196 4234 2453 4291 auricula:
2483 4233 2717 4287 dextera:
2752 4228 2872 4297 ejus
2904 4224 2995 4295 qui
3051 4219 3365 4282 mundatur,
3388 4223 3445 4269 et

1869 4348 2034 4404 super
2058 4329 2309 4401 pollicem
2360 4338 2576 4387 manus,
2630 4336 2693 4375 ac
2744 4318 2898 4388 pedis
2955 4313 3128 4370 dextri
3190 4319 3242 4365 et
3282 4322 3446 4377 super

1871 4424 2211 4495 sanguinem.
2238 4419 2329 4490 qui
2356 4419 2511 4473 nisus
2532 4424 2614 4470 est
2639 4428 2735 4483 pro
2759 4410 2981 4472 delicto,
3013 4413 3068 4460 et
3098 4417 3262 4473 super
3281 4405 3448 4469 caput

199 4541 289 4595 per
326 4524 434 4580 hoc
478 4532 534 4578 et
574 4522 910 4578 occultarum
935 4490 1193 4591 -partium
1237 4490 1515 4588 praecepit.
1555 4513 1765 4568 Nullam
1802 4519 1843 4574 ο
1871 4490 2010 4587 ejus.
2050 4513 2387 4584 Rogabitque
2421 4523 2521 4578 pro
2555 4522 2621 4560 eo
2672 4516 2856 4557 coram
2890 4496 3145 4556 Domino.
3201 4502 3255 4546 et
3286 4490 3449 4544 faciet

197 4633 320 4689 ergo
366 4617 415 4672 ei
457 4615 839 4687 cogitationem
878 4622 1117 4667 veterem
1165 4624 1452 4665 remanere
1486 4607 1624 4670 vult,
1656 4621 1767 4660 non

198 4709 367 4763 solum
400 4708 519 4762 illas
551 4723 671 4777 qua:
710 4715 962 4761 ornatum
1002 4703 1232 4767 homini,
1269 4710 1460 4772 utpote
1492 4698 1766 4761 rationali,

200 4812 249 4855 et
277 4801 446 4856 multa
475 4801 543 4855 de
572 4799 773 4854 divinis
802 4796 1127 4867 disceptanti
1154 4795 1401 4865 praebent
1434 4810 1447 4846 :
1479 4792 1598 4846 illas
1623 4790 1768 4845 enim

201 4906 293 4961 per
313 4899 497 4961 caput,
528 4897 754 4960 pr0pter
774 4897 1048 4952 ornatum,
1080 4895 1136 4941 et
1165 4882 1568 4939 multitudinem
1600 4880 1769 4952 signi-

203 4984 339 5049 ﬁcat,
376 4980 471 5037 sed
516 4996 617 5036 nec
669 4981 768 5035 has
819 4995 939 5050 quae
980 4978 1259 5033 hominem
1291 4972 1771 5043 contemplativum

204 5073 566 5137 constituunt,
607 5070 675 5125 de
728 5069 1053 5124 sublimibus
1102 5077 1157 5122 et
1206 5063 1567 5122 divinioribus
1614 5062 1775 5117 rebus

206 5168 553 5241 cogitantem.
599 5164 711 5220 Hoc
755 5165 900 5220 enim
940 5161 1245 5234 superciliis
1279 5160 1611 5231 designatur,
1655 5172 1776 5227 quae

207 5260 259 5316 in
305 5262 592 5317 altioribus
626 5269 756 5315 sunt
790 5257 912 5325 sita,
958 5267 1014 5313 et
1046 5257 1189 5312 circa
1227 5251 1774 5324 contemplativorum

208 5354 478 5409 manentia
547 5368 807 5409 sensuum
870 5366 1089 5421 organa.
1143 5347 1251 5404 Sed
1306 5362 1409 5402 nec
1460 5344 1608 5410 illas,
1654 5360 1773 5414 qua:

209 5445 641 5501 diseretionalem
665 5444 1029 5507 continentes,
1059 5456 1157 5511 per
1180 5440 1403 5495 barbam
1435 5445 1579 5493 recte
1607 5436 1741 5506 signi
1767 5464 1773 5470 -

212 5538 469 5603 iicantur,
512 5537 638 5607 quia
674 5536 837 5591 barba
883 5534 1116 5589 maxime
1156 5532 1300 5587 inter
1327 5531 1482 5587 virile
1521 5545 1691 5601 genus
1722 5538 1776 5584 et

214 5630 471 5686 muliebre
488 5628 765 5698 diiudicat.
804 5629 926 5685 llzec
957 5640 1261 5685 autemnon
1296 5629 1565 5700 quomodo
1594 5642 1775 5682 carere

282 5828 322 5859 ³⁵
358 5829 376 5883 1
407 5828 530 5885 Cor.
569 5847 621 5895 γ,
657 5830 739 5885 ll.
818 5832 859 5864 ⁸³
890 5830 1087 5901 Ephes.
1128 5847 1199 5895 tv,
1229 5830 1278 5884 ‘3.

1358 5830 1399 5861 ³ο
1438 5828 1572 5884 Psal.
1609 5843 1715 5891 xu,
1752 5827 1799 5880 4.

1874 4582 2203 4665 sacriﬁcium
2234 4618 2332 4673 pro
2365 4606 2609 4670 peccato.
2638 4594 2793 4647 Tunc
2842 4586 3145 4643 immolabit
3186 4582 3447 4635 holocau-

1875 4712 2040 4764 stum,
2068 4706 2122 4752 et
2155 4668 2318 4767 ponet
2352 4668 2481 4746 illud
2518 4690 2570 4743 in
2601 4686 2771 4740 altare
2804 4696 2928 4736 cum
2958 4674 3274 4732 libamentis
3308 4668 3445 4729 suis,

1875 4805 1929 4849 et
1962 4794 2125 4846 homo
2152 4789 2253 4842 rite
2286 4781 2654 4840 mandabitur.
2692 4794 2708 4825 ι

1948 4884 2161 4938 Scimus
2202 4879 2329 4949 quia
2366 4878 2447 4930 lex
2488 4868 2747 4942 spiritalis
2796 4873 2913 4929 est;
2969 4860 3113 4932 quod
3164 4864 3449 4928 propterea

1880 4975 2079 5031 Paulus
2116 4973 2190 5026 ait
2212 4947 2287 5034 ίι,
2322 4977 2379 5022 ut
2417 4962 2732 5036 spiritaliter
2764 4956 3127 5028 dijudicantes
3155 4964 3265 5005 non
3296 4947 3451 5002 dam-

1874 5068 2159 5124 niﬁcemur
2192 5061 2459 5117 fructibus
2485 5054 2638 5124 legis,
2672 5050 2763 5122 qui
2782 5048 3126 5104 occultantur
3162 5042 3218 5096 in
3246 5038 3450 5094 littera.

1874 5158 2165 5227 Postquam
2203 5152 2352 5207 enim
2408 5148 2582 5220 prima
2617 5144 2705 5200 die
2748 5157 2854 5212 qua
2890 5136 3164 5211 egreditur
3200 5129 3454 5188 sacerdos

1874 5260 2028 5309 extra
2056 5258 2258 5311 castra,
2302 5241 2572 5299 immolari
2628 5239 2693 5294 ad
2753 5233 3197 5293 emundationem
3254 5221 3453 5295 leprosi

1881 5342 2171 5417 praecepit:
2207 5352 2335 5394 eccc
2365 5350 2556 5391 rursus
2588 5346 2735 5387 nunc
2764 5340 2953 5385 octava
2982 5324 3091 5389 die,
3120 5320 3225 5375 alia
3254 5331 3353 5388 pro
3387 5329 3453 5367 eo

1882 5436 2143 5495 sacriﬁcia
2174 5431 2591 5503 (ierijubentur.
2624 5424 2825 5481 Octava
2874 5434 3002 5491 ergo
3032 5416 3148 5472 dies
3203 5408 3452 5467 eamdem

1882 5546 2047 5603 quam
2084 5528 2258 5599 prima
2288 5525 2399 5579 vim
2432 5522 2591 5596 gerit,
2631 5518 2756 5589 quia
2783 5529 2944 5571 omne
2969 5520 3208 5582 praesens
3243 5513 3456 5569 tempus

1888 5588 1941 5681 iii
1974 5620 2406 5693 hebdomadibus
2434 5588 2762 5672 conciditur.
2793 5610 2913 5665 Post
2958 5618 3093 5675 quas
3127 5588 3317 5656 octava
3347 5598 3452 5656 est,

1882 5825 1922 5855 “
1958 5823 2112 5877 ltoni.
2151 5835 2245 5881 νη.
2286 5818 2304 5871 l
2346 5831 2499 5884 seqq.
