4046 6474
489 436 594 497 955

1680 427 2045 486 HESYCHII
2096 425 2572 485 PBESBYTERI

3673 424 3787 488 356

490 565 723 620 aequam,
762 556 820 603 ut
867 545 1124 609 diximus,
1179 543 1435 598 virtutem
1490 543 1681 612 prima:
1730 560 1947 615 gerens,
1983 543 2069 597 vel
2104 546 2145 601 Α
2175 542 2369 610 perlila
2395 540 2673 610 cognitio:
2711 541 2859 609 quod
2882 556 3009 612 ergo
3032 542 3213 597 minus
3247 550 3332 597 est
3381 552 3474 597 aut
3506 540 3783 611 amplius,

492 641 718 696 omnino
753 639 925 710 ipsam
982 651 1274 693 renovans.
1336 635 1432 691 Est
1465 644 1647 690 autem
1706 636 1823 691 haec
1882 635 1938 689 in
1964 651 2070 705 qua

495 730 763 788 Salvator,
781 729 1103 790 resurrexit,
1144 729 1199 781 in
1235 742 1341 797 qua
1376 728 1431 781 in
1461 738 1637 782 castra
1680 727 2068 800 ingrediemur.

496 823 625 876 Post
668 824 784 878 dies
830 823 975 877 enim
1037 827 1246 889 septem
1312 835 1438 874 eum
1498 821 1593 891 qui
1641 822 1937 877 mundatus
1991 830 2076 877 est

499 916 768 984 leprosns,
816 917 904 970 die
952 913 1204 969 videlicet
1251 921 1463 980 octava,
1517 915 1573 969 in
1622 915 1815 970 castris
1867 915 2077 986 ingredi

500 1008 791 1076 praecepit:
833 1008 928 1062 sed
964 1017 1141 1062 castra
1176 1007 1398 1079 qualia?
1429 1007 1617 1075 utique
1634 1006 1725 1061 illa
1754 1022 1875 1077 quae
1909 1006 2079 1062 Jacob

458 1158 463 1163 ,
499 1100 806 1169 patriarcha
841 1101 997 1165 vidit,
1031 1101 1252 1170 quando
1274 1100 1481 1170 angelis
1516 1100 1619 1155 sibi
1645 1100 2076 1165 occurrentibus,

500 1189 683 1242 lucum
722 1199 899 1245 castra
945 1189 1037 1244 Dei
1069 1191 1366 1261 appellavit
1382 1189 1447 1244 δ’.
1498 1191 1581 1246 Ad
1618 1192 1734 1247 haec
1787 1194 2083 1249 mundatus

502 1282 773 1349 leprosus,
814 1291 1001 1350 utpote
1042 1283 1174 1338 olim
1200 1284 1552 1355 justiﬁcatus,
1601 1293 1848 1355 tempore
1900 1302 2083 1340 resur-

500 1374 763 1427 rectionis
801 1375 971 1429 venit.
1021 1374 1078 1428 In
1132 1376 1288 1445 cujus
1326 1376 1575 1447 ﬁguram,
1620 1389 1865 1432 octavam
1914 1380 2081 1446 diem,

503 1466 645 1520 sicut
668 1466 924 1532 diximus,
973 1466 1255 1539 legislator
1314 1469 1549 1538 accepit.
1600 1467 1732 1535 Quae
1788 1480 1969 1524 autem
2026 1471 2083 1524 in

502 1565 695 1612 octava
727 1558 814 1612 die.
839 1558 922 1629 agi
948 1568 1221 1629 praecepta
1244 1567 1389 1623 sunt,
1416 1559 1707 1631 imaginem
1767 1561 1906 1630 ejus,
1941 1562 2085 1631 quod

506 1650 807 1704 secundum
842 1666 943 1705 nos
974 1659 1057 1705 est
1084 1650 1324 1721 mysterii
1352 1659 1567 1721 gerunt.
1598 1650 1863 1721 Prazccpit
1922 1652 2088 1722 siqui-

507 1740 631 1795 dem
669 1743 805 1797 duos
844 1758 1011 1814 agnos
1044 1743 1421 1797 immaculatos
1465 1742 1749 1799 anniculos
1806 1744 1969 1809 sumi,
2035 1753 2089 1800 et

508 1847 667 1887 ovem
699 1834 1005 1889 anniculam
1039 1835 1441 1891 immaculatam
1483 1853 1668 1902 unam,
1698 1853 1930 1907 quorum
1963 1840 2086 1908 qui-

2171 633 2240 688 ad
2281 632 2660 688 inﬁdelitatem
2704 634 2896 688 tendit.
2937 634 3045 689 Sed
3069 634 3429 704 quamobrem
3463 632 3789 689 sextarium

2175 728 2304 793 olei,
2342 726 2427 782 vel
2449 728 2685 798 cotylam
2715 727 2885 781 dixit?
2904 728 3029 797 quia
3057 728 3370 794 miseratus,
3404 726 3602 797 inquit,
3625 723 3790 778 Deus

2178 821 2479 875 humanum
2509 836 2680 888 genus
2721 836 2847 875 cum
2888 820 3020 876 illud
3056 821 3124 876 ad
3148 821 3415 891 explenda
3439 821 3575 892 legis
3600 833 3789 888 opera

2178 912 2516 968 inﬁrmatum
2554 912 2804 977 vidisset,
2835 913 2945 983 jam
2988 929 3097 968 non
3133 930 3201 969 ex
3236 914 3491 984 operibus
3533 913 3789 973 salvare,

2181 1005 2275 1061 sed
2324 1020 2422 1075 per
2458 1005 2687 1075 gratiam
2724 1005 3005 1061 hominem
3065 1006 3258 1060 voluit.
3310 1005 3491 1060 Gratia
3522 1020 3660 1059 vero
3718 1018 3793 1056 ex
3852 998 3861 1010 ’

2182 1099 2552 1155 misericordia
2589 1093 2752 1169 atque
2810 1099 3187 1168 compassione
3243 1098 3535 1168 praebetur,
3569 1106 3627 1151 et
3675 1096 3792 1150 ﬁde

2183 1192 2672 1263 comprehenditur
2713 1192 2849 1257 sola,
2885 1208 2993 1247 non
3037 1206 3102 1247 ex
3133 1191 3416 1262 operibus,
3474 1199 3537 1245 ut
3569 1190 3794 1244 Paulus

2184 1285 2315 1340 dicit
2348 1284 2413 1338 ⁸⁸⁵.
2446 1282 2579 1337 Nam
2611 1284 2788 1355 gratia
2809 1284 2929 1353 jam
2961 1300 3062 1337 non
3095 1285 3192 1338 erit
3220 1283 3397 1354 gratia
3414 1283 3478 1336 “l.
3509 1281 3609 1336 His
3645 1296 3794 1351 ergo

2184 1375 2455 1443 acceptis,
2493 1374 2561 1428 ad
2634 1373 2834 1427 ostium
2910 1373 3246 1429 tabernaculi
3313 1372 3641 1437 testimonii,
3717 1370 3793 1424 ad

2186 1466 2490 1535 ingressum
2529 1464 2784 1519 videlicet
2809 1465 3054 1521 scientia:
3072 1464 3168 1520 Dei
3205 1464 3300 1534 qui
3341 1464 3639 1519 mundatus
3673 1472 3791 1528 est,

2185 1557 2491 1612 adducitur.
2524 1556 2793 1612 Sacerdos
2837 1565 3017 1613 autem
3074 1571 3300 1613 sumens
3350 1571 3548 1627 agnum
3600 1570 3793 1607 unum

2186 1668 2284 1723 pro
2316 1651 2516 1706 delicto
2552 1651 2814 1705 immolat.
2846 1650 3011 1719 Atqui
3045 1651 3088 1703 si
3114 1650 3181 1703 de
3211 1649 3477 1719 corporali
3518 1648 3793 1717 passione

2187 1748 2331 1795 esset
2358 1739 2475 1794 haec
2511 1739 2741 1805 sanctio,
2805 1738 2946 1793 sicut
2976 1739 3303 1809 quibusdam
3359 1738 3601 1803 videtur,
3644 1736 3794 1806 quid

2188 1841 2305 1886 erat
2356 1846 2587 1886 necesse
2634 1846 2833 1901 agnum
2893 1846 2993 1901 pro
3023 1841 3248 1901 peccato
3318 1828 3636 1885 immolari?
3674 1827 3797 1882 Sed

508 1925 634 1979 dem
669 1941 836 1979 unum
871 1942 970 1996 pro
998 1938 1223 1997 peccato
1246 1968 1259 1990 ,
1308 1928 1471 1981 alium
1516 1936 1697 1983 autem
1735 1930 1788 1983 in
1823 1931 2085 1985 holocau-
2122 1908 2162 1962 Β
2189 1924 2315 1995 quia
2350 1924 2639 1979 adumbrat
2664 1933 2892 1995 ιποριοτ
2915 1921 3621 1977 ἱιὶίὶτηιὶῐαῐθηι-Ῐυάωοτυῐιι
3666 1936 3797 1989 In)"

510 2022 654 2068 stum
687 2016 945 2086 prazcepit
973 2016 1260 2070 immolari.
1286 2014 1477 2070 Omnia
1502 2025 1681 2072 autem
1711 2018 1828 2074 haec
1863 2019 2089 2091 ﬁguram

510 2115 711 2176 gerunt
756 2106 1007 2161 sacriﬁcii
1049 2108 1365 2162 Salvatoris.
1398 2109 1518 2178 lpse
1545 2109 1690 2164 enim
1724 2120 1945 2182 propter
1990 2130 2090 2169 no-

512 2206 624 2249 stra
654 2206 879 2265 peccata
908 2206 961 2251 et
995 2198 1215 2259 delicta,
1256 2199 1435 2253 hostia
1485 2198 1600 2269 ipse
1631 2201 1685 2255 in
1714 2202 2090 2258 holocaustum

511 2287 636 2342 fuit.
675 2288 746 2342 Ex
787 2300 1015 2359 utroque
1064 2300 1244 2343 autem
1293 2306 1492 2361 genere
1546 2302 1833 2363 propterea
1887 2296 2094 2350 sacriﬁ-

513 2377 659 2432 cium
688 2378 872 2434 oll'erri
921 2382 1199 2451 pra-cepit,
1254 2390 1310 2435 ut
1347 2384 1659 2439 ostenderet
1687 2385 1819 2455 quia.
1842 2386 2092 2442 Christus

512 2486 614 2539 pro
657 2472 816 2526 nobis
852 2472 1103 2533 occisus,
1158 2474 1319 2527 simul
1369 2476 1669 2530 masculum
1728 2477 2095 2549 feminamque

511 2562 765 2617 salvabit.
800 2562 918 2618 Non
957 2565 1157 2618 frustra
1189 2574 1371 2619 autem
1396 2568 1708 2637 agniculum
1756 2570 1811 2624 in
1865 2580 2095 2641 utroque

512 2655 792 2724 pmcepit.
830 2655 925 2709 sed
956 2655 1259 2725 perfectum
1288 2672 1384 2726 per
1404 2658 1507 2713 hoc
1539 2660 1865 2715 sacriﬁcium
1900 2662 2096 2733 ﬁgura-

512 2744 610 2808 vit,
642 2745 799 2815 cujus
826 2745 1100 2808 sacriﬁcii,
1143 2747 1285 2800 sicut
1316 2748 1518 2802 dictum
1569 2758 1673 2813 est,
1726 2750 1826 2806 ista
1867 2751 2094 2823 ﬁguram

513 2846 747 2906 gerunt;
782 2836 1025 2907 perfecta
1050 2839 1197 2892 enim
1235 2838 1289 2892 in
1320 2840 1593 2908 przedictis
1623 2844 1952 2899 animalibus
1970 2854 2098 2900 sunt

513 2931 770 2985 annicula
801 2930 1079 2996 animalia,
1112 2932 1183 2985 ita
1208 2939 1267 2985 ut
1291 2940 1343 2986 et
1363 2932 1429 2987 ad
1464 2933 1603 2989 ﬁlios
1625 2939 1963 3007 gener‘ahdos
1988 2939 2099 2994 sint

515 3022 738 3078 idonea.
772 3023 878 3077 Sed
910 3024 1036 3093 quia
1073 3040 1198 3078 eum
1229 3026 1320 3094 qui
1355 3027 1669 3090 mundatur,
1704 3044 1867 3099 super
1896 3031 2098 3085 sacriﬁ-

513 3115 664 3169 cium
690 3114 964 3186 Unigeniti
1005 3114 1170 3170 etiam
1207 3115 1313 3171 ﬁde
1364 3118 1529 3173 totius
1579 3118 1862 3175 Trinitatis
1898 3119 2098 3191 signari

515 3216 752 3275 Oportet,
786 3216 898 3263 tres
951 3207 1190 3263 decimas
1238 3210 1454 3274 similae,
1525 3209 1579 3265 id
1638 3220 1720 3267 est
1775 3210 2099 3268 Trinitatem

519 3299 717 3365 Patris,
771 3308 823 3355 et
868 3300 1011 3365 Filii,
1065 3308 1119 3356 et
1167 3302 1339 3357 sancti
1394 3302 1651 3373 Spiritus,
1705 3304 1996 3359 habentem
2047 3306 2103 3359 in

519 3408 845 3463 unaquaque
886 3409 1119 3464 persona
1143 3394 1560 3465 perfectionem.
1587 3396 1872 3453 Perfectus
1903 3398 2107 3469 quippe

520 3493 608 3539 est
645 3486 902 3540 denarius
943 3502 1227 3550 numerus,
1285 3497 1510 3560 propter
1553 3491 1699 3559 quod
1742 3501 1796 3545 et
1844 3490 2107 3546 Dominus

519 3577 773 3631 dicebat:
830 3576 1017 3632 Simile
1052 3591 1124 3633 est
1159 3597 1379 3651 regnum
1424 3582 1677 3637 caelorum
1726 3584 1957 3651 mulieri,
1994 3602 2110 3657 qua:

521 3670 785 3739 accipiens
827 3673 1138 3737 fermentum
1170 3673 1441 3728 abscondit
1490 3676 1546 3728 in
1590 3678 1781 3746 farinae
1829 3678 1931 3731 tria
1959 3689 2110 3743 sata,

523 3778 687 3823 usque
715 3763 840 3815 dum
899 3766 1404 3834 perfermentaretur
1434 3774 1602 3820 totum
1619 3768 1692 3822 ".
1742 3768 1897 3823 Sumi
1929 3779 2110 3824 autem

526 3853 644 3908 haec
683 3870 981 3924 conspersa
1016 3857 1139 3911 oleo
1185 3856 1239 3910 in
1294 3857 1620 3913 sacriﬁcium
1652 3859 1843 3929 jubet:
1900 3862 2112 3916 sacriﬁ-

525 3946 671 4001 cium
709 3956 890 4001 autem
923 3948 1053 4002 dicit
1081 3948 1379 4019 Unigeniti,
1426 3952 1571 4020 quod
1607 3952 1661 4005 in
1696 3954 1817 4007 oleo
1856 3969 2113 4025 consper-

527 4056 647 4093 sum
680 4049 781 4106 est,
818 4041 944 4109 quia
1001 4041 1070 4095 ob
1115 4043 1552 4112 compar-sionem
1610 4057 1854 4100 nostram
1902 4058 2114 4119 gestum

526 4139 628 4185 est.
667 4134 772 4187 Sed
802 4134 1074 4203 quomodo
1105 4134 1409 4190 dicimusin
1450 4152 1516 4192 eo
1543 4145 1655 4193 tres
1686 4138 1874 4194 offerri
1924 4141 2115 4196 simila:

528 4223 803 4279 decimas?
839 4226 948 4279 Aut
984 4226 1110 4296 quia
1142 4227 1246 4281 etsi
1312 4227 1593 4301 Unigeniti
1621 4233 1899 4299 passione,
1932 4243 2116 4288 tamen

528 4317 699 4371 totius
723 4318 1028 4384 Trinitatis,
1067 4320 1172 4375 hoc
1211 4322 1447 4390 quodex
1496 4323 1589 4378 illo
1617 4325 1887 4380 sacriﬁcio
1933 4336 2116 4381 actum

528 4415 635 4468 est,
673 4408 989 4479 mysterium
1029 4409 1152 4464 fuit.
1195 4411 1254 4465 ln
1285 4413 1509 4467 nomine
1539 4413 1683 4471 enim
1716 4416 1912 4479 Patris,
1954 4425 2117 4485 atqtte

528 4498 700 4568 ipsius
736 4501 999 4572 unigeniti
1033 4501 1153 4557 Filii
1200 4513 1254 4559 et
1306 4506 1478 4560 sancti
1514 4506 1750 4577 Spiritus
1781 4510 1947 4563 etiam
1980 4510 2115 4578 bap-

2192 2016 2381 2083 steria,
2414 2029 2577 2094 atque
2631 2016 2930 2087 spiritalem
2992 2015 3325 2069 intellectum
3381 2014 3672 2069 abscondit
3737 2013 3798 2066 in

2194 2113 2409 2179 littera,
2443 2112 2522 2166 sic
2556 2110 2720 2167 etiam
2748 2102 2841 2165 dat
2872 2111 3137 2181 quasdam
3181 2109 3506 2165 occasiones
3536 2118 3798 2162 conten:-

2195 2202 2450 2275 plationis
2504 2218 2602 2273 per
2656 2201 2913 2266 litteram,
2962 2208 3018 2255 et
3078 2199 3243 2255 verba
3298 2214 3418 2269 qua:
3474 2196 3798 2268 signiﬁcent

2194 2298 2533 2354 intellectum
2586 2298 2834 2368 spiritus.
2869 2297 3021 2352 Unde
3080 2306 3136 2351 et
3200 2308 3355 2349 nunc
3405 2309 3530 2349 cum
3585 2307 3795 2364 agnum

2196 2407 2363 2446 unum
2395 2408 2493 2462 pro
2548 2398 2772 2461 peccato
2822 2388 3167 2460 praecepisset
3226 2385 3519 2451 immolari,
3568 2385 3797 2455 qualem

2196 2500 2307 2538 non
2346 2484 2496 2549 dicit,
2526 2484 2649 2554 quia
2691 2483 2807 2554 ipse
2841 2491 2926 2537 est
2964 2481 3151 2552 procul
3180 2479 3345 2535 dubio
3377 2488 3487 2533 tam
3540 2493 3639 2548 pro
3686 2477 3795 2532 de-

2196 2575 2347 2640 licto,
2376 2591 2537 2645 quam
2570 2574 2716 2630 illius
2750 2574 2906 2644 cujus
2940 2589 3102 2628 aures
3130 2588 3161 2627 a
3188 2573 3339 2642 lepra
3373 2571 3794 2626 detinebantur.

2198 2670 2426 2737 Propter
2463 2667 2593 2737 quid
2626 2682 2755 2737 ergo
2786 2667 2865 2721 sic
2913 2664 3062 2727 facit,
3099 2664 3203 2718 nisi
3244 2663 3386 2718 forte
3416 2670 3477 2718 ut
3532 2661 3795 2716 auditum

2198 2758 2430 2823 muniat,
2464 2766 2519 2812 et
2568 2766 2789 2813 cautum
2850 2754 3083 2810 reddat?
3127 2754 3266 2820 Quia
3316 2753 3430 2823 ipse
3472 2768 3502 2806 a
3553 2753 3799 2807 dracone

2200 2851 2479 2913 seductus,
2519 2858 2804 2920 peccatum
2836 2856 2894 2903 ut
2920 2846 3154 2902 seduxit.
3187 2846 3291 2901 Per
3315 2847 3567 2901 actiones
3607 2852 3795 2898 autem

2200 2959 2422 2998 manuni
2461 2942 2753 3013 signiﬁcat,
2805 2956 2902 3010 per
2930 2940 3123 3010 pedem
3161 2953 3293 2994 vero
3336 2951 3529 2993 omnes
3565 2948 3792 2989 nostros

2201 3045 2382 3090 motus
2443 3043 2498 3089 et
2526 3034 2640 3089 vias
2663 3031 3132 3102 comprehendere
3186 3038 3243 3085 et
3271 3026 3572 3098 praevenire
3598 3024 3795 3079 voluit.

2202 3128 2301 3182 llis
2334 3126 2479 3181 enim
2534 3125 2849 3190 custoditis,
2893 3138 2989 3195 per
3046 3122 3364 3194 sanguinem
3435 3117 3799 3189 intelligibilis

2128 3256 2172 3313 ϐ
2204 3219 2350 3291 agni,
2406 3226 2461 3272 et
2517 3216 2682 3272 ﬁdem
2705 3231 2828 3287 quae
2879 3217 2937 3271 in
2996 3230 3121 3270 eum
3161 3222 3264 3278 est,
3294 3227 3416 3313 quae
3476 3211 3640 3313 nobis
3696 3225 3799 3280 per

2208 3308 2640 3365 misericordiam
2693 3317 2748 3363 et
2802 3306 3235 3377 compassionem
3286 3305 3406 3376 ejus
3462 3304 3665 3358 donata
3712 3310 3801 3357 est

2210 3402 2567 3474 intelligibilis
2618 3402 2771 3472 lepra
2841 3414 3187 3470 nequaquam
3249 3398 3457 3469 poterit
3514 3395 3800 3450 hominem

2210 3507 2525 3567 penetrare,
2562 3508 2877 3565 quanquam
2919 3498 2974 3547 et
3007 3492 3189 3548 oleum
3222 3489 3470 3554 sextarii,
3501 3504 3600 3543 seu
3650 3497 3801 3558 coty-

2205 3589 2291 3653 laa,
2346 3604 2511 3658 quam
2550 3602 2671 3642 esse
2729 3586 2891 3641 ﬁdem
2950 3585 3183 3640 dicimus
3215 3624 3229 3649 ,
3270 3582 3325 3636 in
3368 3596 3535 3636 manu
3583 3581 3803 3634 mittere

2213 3680 2554 3735 sacerdotem
2585 3678 2722 3740 vult,
2768 3685 2829 3731 ut
2875 3675 3176 3730 sacerdotis
3226 3673 3379 3734 ﬁdes,
3409 3675 3508 3741 per
3545 3687 3705 3740 quam
3743 3678 3800 3724 et

2213 3787 2317 3827 nos
2342 3770 2676 3841 proﬁcimus,
2730 3770 2782 3823 in
2814 3769 3075 3837 operibus
3107 3766 3449 3821 ostendatur.
3499 3762 3615 3818 Nec
3655 3763 3798 3817 enim

2211 3865 2369 3919 aliter
2389 3864 2497 3919 vim
2524 3878 2677 3917 suam
2703 3862 2929 3925 exserit,
2960 3860 3064 3913 nisi
3094 3873 3290 3913 manus
3310 3865 3594 3926 assumpta
3615 3855 3792 3915 fuerit,

2215 3956 2270 4010 id
2316 3963 2403 4009 est
2456 3953 2673 4009 actione
2734 3951 3077 4016 conﬁrmata,
3138 3957 3193 4004 et
3250 3949 3465 4020 signata
3523 3946 3791 4015 operibus.

2216 4048 2378 4102 Mittit
2409 4056 2591 4101 autem
2618 4045 2800 4099 oleum
2830 4043 2884 4097 in
2916 4044 3197 4098 sinistram
3225 4049 3476 4103 manum,
3506 4049 3565 4094 et
3586 4037 3798 4107 intingit

2217 4141 2445 4212 digitum
2472 4138 2724 4194 dextrum
2760 4137 2816 4191 in
2844 4137 2967 4192 oleo
2998 4137 3140 4205 sicut
3169 4136 3244 4190 ait
3267 4135 3498 4189 Paulus:
3527 4131 3630 4186 Per
3652 4148 3794 4183 arma

2211 4231 2436 4300 justitia:
2507 4247 2539 4283 a
2579 4229 2778 4283 dextris
2837 4238 2887 4282 et
2935 4246 2967 4281 a
3018 4228 3283 4291 sinistris,
3330 4235 3666 4279 conversatus
3713 4238 3797 4289 per

2218 4323 2444 4394 gloriam
2494 4331 2542 4376 et
2597 4321 3009 4391 ignobilitatem,
3060 4337 3153 4389 per
3205 4319 3489 4389 infamiam
3526 4325 3575 4369 et
3620 4315 3796 4367 bonum

2220 4417 2424 4485 famam
2444 4413 2491 4446 ⁸⁸
2513 4452 2529 4478 .
2569 4422 2626 4469 et
2650 4429 2773 4483 qua:
2805 4413 2893 4468 bis
2930 4413 3130 4468 similia
3163 4421 3309 4466 sunt.

2293 4509 2436 4563 Tunc
2466 4518 2706 4579 asperge!
2735 4509 2924 4576 septies
2955 4516 3137 4560 contra
3178 4504 3484 4559 Dominum.
3526 4500 3796 4556 Praesumit

528 4591 690 4674 tisma
748 4593 946 4664 agitur,
978 4593 1032 4647 in
1064 4610 1173 4664 quo
1204 4596 1259 4649 in
1290 4606 1463 4650 morte
1494 4597 1698 4652 Christi
1748 4600 2109 4669 haptizamur,
2145 4608 2190 4664 ι)
2221 4600 2369 4654 enim
2404 4598 2527 4654 talis
2558 4598 2813 4653 sacerdos
2862 4598 3002 4666 apud
3062 4597 3255 4659 Deum,
3287 4592 3507 4663 quando
3546 4590 3793 4645 mundare

530 4689 585 4737 et
624 4692 796 4738 totum
857 4687 1033 4757 ipsum
1094 4689 1410 4761 mysterium
1481 4690 1535 4743 in
1592 4707 1657 4745 eo
1709 4693 2109 4747 sanctiﬁcatur.

529 4773 797 4846 Praecepit
827 4788 1010 4834 autem
1050 4790 1121 4855 et
1157 4783 1455 4837 sextarium
1487 4785 1594 4839 olei
1633 4785 1797 4851 sumi,
1828 4786 1957 4855 quia
2012 4786 2116 4840 tide

447 4930 455 4937 ,
530 4865 869 4939 intelligitur,
921 4881 973 4926 et
1023 4874 1201 4943 agitur
1268 4877 1701 4947 unumquodque
1755 4892 1945 4932 eorum
1997 4893 2118 4948 qum

530 4959 791 5026 praedicta
821 4971 969 5015 sunt.
998 4961 1129 5028 Quae
1152 4965 1299 5033 juste
1332 4969 1602 5023 sextarius
1628 4970 1968 5034 nominatur,
1992 4971 2118 5040 quia

531 5051 988 5118 quemadmodum
1018 5056 1287 5112 sextarius
1341 5075 1598 5115 mensura
1635 5069 1741 5120 est.
1775 5062 1857 5117 vel
1882 5062 1928 5117 si
1971 5072 2121 5135 coty-

532 5142 639 5197 lam
715 5149 1018 5204 secundum
1082 5150 1223 5206 LXX
1276 5153 1543 5219 dicamus,
1611 5156 1804 5213 eadem
1863 5174 2120 5214 mensura

536 5238 968 5311 uniuscujusque
1006 5244 1187 5301 minus
1219 5257 1274 5303 et
1305 5248 1426 5319 plus
1448 5265 1556 5303 non
1586 5251 1749 5321 capit.
1788 5250 1944 5318 Quod
1974 5253 2122 5308 enim

536 5328 660 5398 plus
689 5339 794 5395 est,
842 5332 1161 5403 edurtditur,
1192 5340 1375 5395 minus
1421 5349 1605 5396 autem
1668 5349 1960 5411 propterea
2010 5359 2123 5397 non

537 5422 787 5493 suscipit,
823 5428 949 5495 quia
983 5428 1087 5484 hoc
1114 5431 1259 5501 quod
1294 5432 1565 5488 minuitur
1616 5448 1959 5504 nequaquam
2009 5436 2121 5507 jam

538 5516 831 5583 sextarius,
857 5520 941 5575 vel
973 5522 1147 5594 cotyla
1199 5525 1399 5595 poterit
1431 5525 1714 5596 appellari.
1764 5526 1853 5582 Sic
1884 5537 1939 5582 et
1990 5528 2125 5585 ﬁdes

540 5606 609 5662 ad
648 5612 851 5666 mentis
876 5625 1080 5671 nostra:
1112 5632 1426 5673 mensuram
1456 5618 1637 5685 datur,
1680 5636 1801 5692 qua:
1832 5638 1943 5679 non
1983 5624 2126 5694 capit

538 5701 776 5771 amplius
805 5712 899 5759 aut
946 5707 1129 5763 minus
1157 5723 1318 5779 quam
1351 5709 1649 5781 unicuique
1674 5725 1706 5766 a
1746 5709 1859 5768 Deo
1886 5721 1969 5768 est
2015 5712 2128 5768 dis-

617 5876 661 5911 δ’
688 5875 825 5933 Gen.
865 5896 1055 5948 χχχιιι,
1088 5882 1141 5937 ‘2.
1222 5885 1263 5917 ³³
1295 5883 1425 5940 Luc.
1456 5902 1577 5954 xm,
1609 5885 1698 5942 2i.

1786 5886 1826 5920 ""
1854 5885 2014 5941 Rom.
2050 5901 2130 5953 ιιι,
2158 5884 2344 5940 20-22.

2217 4706 2312 4746 eos
2331 4689 2425 4760 qui
2457 4688 2842 4743 necessitatem
2867 4687 3167 4756 patiuntur,
3191 4693 3248 4738 et
3273 4682 3549 4738 dimittere
3573 4680 3652 4735 eis
3676 4692 3791 4748 pec-

2218 4793 2339 4839 cata
2384 4781 2648 4852 potuerit.
2698 4779 2930 4850 Propter
2960 4778 3104 4849 quod
3149 4775 3351 4847 septies
3381 4773 3640 4843 aspergit,
3681 4768 3793 4839 quia

2219 4887 2487 4927 numerus
2512 4871 2614 4925 iste
2656 4869 2910 4924 remissio
2941 4877 3295 4937 peccatorum
3323 4879 3445 4919 esse
3478 4862 3779 4917 demonstra

2222 4942 2311 5023 tus
2333 4975 2438 5021 est.
2476 4965 2583 5020 Sed
2624 4974 2910 5034 postquam
2966 4962 3169 5016 fuderit
3211 4974 3377 5029 super
3406 4966 3647 5011 extrema
3676 4954 3766 5005 (ιρι

2225 5070 2432 5115 traruin
2482 5058 2877 5121 auricularum,
2912 5064 2968 5110 et
3009 5070 3174 5125 super
3225 5052 3451 5123 pollices
3511 5062 3715 5108 manus,
3739 5060 3791 5098 ac

2225 5151 2379 5222 pedis
2392 5150 2590 5215 dextri,
2613 5148 2915 5204 secundum
2934 5147 3078 5217 quod
3095 5161 3255 5216 supra
3267 5143 3527 5205 diximus,
3548 5140 3791 5208 reliquum

2225 5242 2330 5297 olei
2370 5243 2425 5297 in
2462 5250 2626 5312 caput
2656 5240 2835 5295 fundit
2860 5241 2981 5309 ejus
3003 5240 3094 5309 qui
3120 5248 3345 5295 vocatus
3374 5246 3460 5291 est
3505 5244 3565 5289 ut
3590 5231 3793 5288 munda-

2229 5346 2406 5393 retur:
2446 5353 2544 5407 per
2591 5345 2756 5406 caput
2805 5334 3297 5390 sanctiﬁcationem
3346 5332 3497 5386 omni
3554 5336 3791 5399 prastans

2230 5428 2478 5500 corpori,
2537 5427 2918 5497 Christumque
2979 5424 3193 5481 Domini
3224 5438 3349 5478 eum
3388 5422 3479 5491 qui
3522 5417 3789 5474 mundatus

2180 5586 2186 5593 ,
2232 5531 2338 5587 est,
2370 5536 2468 5592 per
2496 5521 2639 5576 hanc
2689 5520 3008 5575 unctionem
3061 5517 3329 5572 elliciens.
3382 5513 3560 5579 Tunc,
3614 5509 3787 5580 inquit,

2235 5629 2336 5684 pro
2375 5621 2602 5683 peccato
2638 5610 2967 5667 sacriﬁcium
3005 5608 3234 5664 oll‘ertur
3270 5627 3283 5662 :
3340 5608 3570 5679 qualiter
3608 5613 3786 5663 autem,

2237 5720 2349 5760 non
2379 5704 2534 5772 dicit,
2570 5719 2637 5760 ex
2676 5704 2762 5759 his
2777 5704 2925 5759 enim
2956 5718 3078 5772 quae
3107 5702 3176 5756 de
3202 5700 3417 5755 delictis
3474 5698 3612 5754 dicta
3660 5699 3784 5754 sunt,

2438 5885 2481 5917 ³³
2513 5883 2668 5938 Rom.
2700 5898 2771 5949 χι,
2802 5884 2854 5939 6.
2934 5882 2976 5915 ³⁵
3016 5881 3057 5938 ll
3090 5879 3214 5937 Cor.
3250 5894 3323 5945 vr,
3366 5876 3420 5947 7,
3442 5877 3494 5933 8.
