3946 6436
119 387 221 454 957
1306 389 1386 451 IN
1429 392 1872 454 LE‘ilTICUM.
1913 416 1982 427 ·-
2016 392 2162 453 LIB.
2198 393 2294 451 IV.
3331 396 3439 459 958

121 500 363 565 possunt
398 494 597 551 etiam
653 512 714 552 ea
748 512 869 566 qua:
898 511 999 567 pro
1048 506 1273 567 peccato
1318 508 1467 565 sunt,
1515 500 1744 570 conjici:
1779 504 1821 559 Α
1854 499 2372 568 contemplationem
2414 498 2684 569 intendat,
2744 510 2800 556 et
2852 501 2918 557 ad
2964 503 3176 558 occulta
3210 504 3440 573 spiritus

123 583 304 638 vicina
336 585 510 641 enim
547 596 697 651 sunt,
729 596 785 642 et
813 588 1124 643 communia
1154 598 1342 659 utpote
1388 590 1441 644 in
1477 592 1752 646 communi
1858 590 2090 644 deducat
2122 606 2247 645 eum
2288 592 2381 661 qui
2413 592 2527 646 vult
2560 593 2767 664 ingredi
2798 595 2865 649 ad
2892 596 3177 650 thesauros
3204 596 3438 652 abscon-

125 676 387 731 materia.
424 677 585 734 Post
629 680 731 735 hoc
777 679 1021 755 immolat
1049 682 1452 745 holocaustum,
1487 692 1542 738 et
1599 686 1755 755 ponit
1854 682 1999 735 ditos
2040 681 2306 735 scientiae.
2335 682 2471 737 Cum
2504 683 2693 739 liceret
2712 685 2857 739 enim
2885 685 2937 739 ei
2968 695 3249 741 coarctare
3271 686 3440 740 sacri-

126 769 255 823 illud
289 769 353 823 in
388 770 611 837 altare,
635 781 742 826 tam
777 788 876 843 pro
905 773 1098 829 ordine
1138 775 1553 838 sacriﬁciorum,
1588 792 1752 845 quam
1855 774 2102 827 ﬁciorum
2127 790 2441 839 numerum,
2466 785 2692 847 propter
2724 788 3099 848 paupertatem
3131 778 3440 843 offerentis,

128 877 225 931 pro
250 877 321 917 eo
347 864 455 932 Qui
487 866 782 936 paulisper
812 867 1065 935 provenit
1090 867 1225 939 legis
1270 868 1542 938 profectu.
1596 868 1752 923 Prius
1856 864 1959 918 hoc
1985 865 2263 929 omittens,
2292 867 2415 921 vilia
2447 868 2692 937 quredam
2721 870 2792 934 ei,
2821 879 2875 924 et
2912 886 3020 924 non
3071 870 3249 940 magni
3278 869 3437 940 pretii

128 955 278 1009 enim
312 956 681 1012 sacriﬁcium
716 959 927 1027 peccati
979 968 1034 1013 et
1062 960 1244 1015 delicti
1277 962 1512 1031 posuit,-
1534 971 1589 1016 et
1623 970 1752 1017 tunc
1854 957 2112 1024 exquirit.
2138 960 2281 1027 quod
2303 959 2430 1013 facit
2450 969 2557 1015 tam
2589 962 2892 1031 paupertati
2932 962 3219 1032 ignoscetis
3273 976 3440 1029 quam

129 1044 573 1102 holocaustum.
628 1048 770 1120 Ergo
801 1049 952 1119 prius
982 1065 1083 1105 nos
1116 1050 1319 1105 Christi
1362 1051 1687 1106 sacriﬁcium
1720 1068 1750 1105 a
1854 1048 2019 1101 etiam
2050 1049 2201 1103 lucro
2235 1050 2651 1117 sacriﬁciorum,
2695 1053 2885 1108 volens
2934 1056 3023 1107 dat
3051 1054 3355 1123 intelligere
3407 1069 3439 1106 a

130 1138 357 1194 delictis
391 1147 455 1193 et
484 1142 740 1210 peccatis
767 1142 1017 1205 mundat,
1049 1152 1104 1197 et
1132 1151 1268 1198 tunc
1308 1154 1554 1199 nostrum
1579 1146 1753 1199 conﬁ-
1854 1153 1958 1205 qua
1988 1138 2135 1206 lepra
2168 1140 2426 1193 malitiam
2448 1141 2746 1212 signiﬁcat,
2788 1142 2988 1197 deinde
3027 1144 3191 1212 hujus
3247 1157 3440 1195 emun-

133 1232 276 1285 citur
301 1232 741 1290 holocaustum.
776 1233 838 1287 Et
862 1242 1148 1304 propterea
1201 1236 1434 1305 primum
1476 1252 1505 1290 a
1555 1238 1753 1292 delicto
1853 1232 2000 1286 datio
2024 1243 2108 1287 est
2140 1233 2482 1301 ptenitentia.
2520 1233 2643 1287 llaec
2687 1242 2870 1288 autem
2914 1250 3078 1305 opera
3129 1234 3438 1287 necessaria

133 1324 366 1390 dicens,
421 1327 644 1381 deinde
697 1328 811 1382 haec
851 1327 1114 1394 subdidit,
1148 1328 1273 1399 quia
1305 1328 1371 1382 de
1428 1327 1647 1384 Christo
1700 1339 1755 1384 ct
1857 1331 2038 1395 habet,
2097 1348 2217 1400 qua:
2264 1331 2559 1387 virtutibus
2612 1341 2668 1385 et
2721 1332 2954 1386 actionis
3000 1332 3180 1387 studio
3226 1332 3442 1385 valeant

137 1416 254 1472 hac
289 1428 350 1472 et
384 1418 489 1473 illa
539 1420 780 1487 dicebat,
813 1431 869 1476 et
915 1422 981 1476 ad
1007 1438 1175 1476 unum
1206 1423 1564 1489 sacriﬁcium,
1607 1426 1754 1495 quod

140 1525 205 1564 ex
237 1510 431 1566 hostia
468 1513 642 1568 nobis
673 1514 1163 1569 sanctiﬁcationem
1192 1517 1421 1587 praebet,
1473 1519 1619 1588 quod
1656 1534 1755 1575 nos

143 1600 208 1655 ad
234 1600 420 1655 altare
446 1603 762 1657 ascendere
792 1603 939 1657 facit.
967 1603 1197 1669 Quando
1215 1604 1361 1658 enim
1394 1605 1755 1676 intelligibilis

144 1692 564 1748 emundatione
614 1696 840 1763 spiritus
900 1702 1073 1748 totum
1137 1704 1383 1749 nostrum
1442 1712 1642 1766 corpus
1700 1708 1755 1751 et

145 1781 388 1837 animam
465 1784 903 1849 sanctiﬁcantes,
957 1785 1233 1855 spiritales
1276 1785 1404 1839 facti
1450 1785 1749 1852 fuerimus,

152 1883 277 1928 tunc
309 1875 475 1946 digni
503 1877 574 1932 ad
622 1878 1002 1933 ascensionem
1050 1879 1235 1933 altaris
1284 1879 1584 1935 efﬁcimur:
1625 1888 1754 1935 tunc

149 1968 547 2038 plenissimam
614 1972 915 2041 accipimus
975 1973 1409 2038 mundationem,
1466 1984 1753 2044 postquam

151 2056 255 2125 jam
281 2057 458 2111 aliam
495 2061 866 2114 necessariam
894 2077 1001 2115 non
1034 2062 1322 2117 habemus.
1360 2063 1573 2117 Audisti
1606 2062 1753 2118 enim

155 2161 295 2201 nunc
321 2150 804 2205 cmundationnm
836 2151 1164 2220 profectum,
1210 2169 1436 2223 quarum
1473 2154 1589 2209 haec
1633 2154 1755 2222 qui»

159 2239 273 2293 dem
308 2256 417 2294 nos
440 2258 473 2294 a
504 2243 814 2310 pollutione
844 2244 1008 2313 lepra:
1041 2244 1258 2308 liberat,
1303 2246 1405 2299 alia
1465 2255 1646 2301 autem
1697 2246 1754 2300 in

160 2332 349 2387 castris
378 2334 696 2390 introducit
732 2336 857 2401 Dei;
900 2337 1017 2391 lucc
1049 2347 1231 2392 autem
1280 2338 1345 2393 ad
1378 2340 1546 2393 altare
1578 2340 1755 2410 ipsum

166 2422 456 2490 deducere,
493 2435 683 2496 utpote
712 2426 1029 2496 plenissime
1060 2428 1369 2493 mundatos,
1394 2438 1555 2499 atque
1576 2431 1758 2485 suble-

164 2528 283 2568 vare
330 2525 549 2584 potest.
601 2516 737 2571 Cum
791 2527 971 2571 autem
1025 2535 1285 2573 vocemur
1328 2519 1395 2575 ad
1433 2524 1756 2590 sequentia,

168 2618 388 2660 necesse
423 2618 521 2661 est
548 2617 606 2662 ut
638 2608 704 2662 ad
740 2624 803 2662 ea
826 2625 948 2663 cum
977 2609 1126 2664 omni
1154 2611 1332 2666 studio
1370 2619 1727 2668 transeamus.

232 2698 395 2753 Vens.
429 2699 630 2755 2l-2’r2.
675 2719 692 2751 ι
725 2700 881 2767 Quod
905 2701 950 2756 si
982 2718 1188 2773 pauper
1212 2713 1315 2768 est,
1364 2717 1418 2759 et
1440 2721 1550 2759 non
1582 2714 1761 2776 potest

172 2804 356 2844 manus
388 2792 522 2861 ejus
558 2793 810 2847 invenire
835 2810 957 2863 qua:
988 2795 1132 2849 dicta
1169 2805 1318 2861 sunt,
1348 2807 1531 2852 sumet
1560 2814 1758 2869 agnum

172 2895 264 2952 pro
295 2882 509 2939 delicto
539 2884 608 2939 ad
638 2884 989 2951 oblationem,
1016 2895 1075 2940 ut
1104 2897 1368 2958 rogetpro
1394 2905 1459 2943 eo
1487 2890 1759 2956 sacerdos,

175 2970 555 3045 decimamque
580 2983 793 3044 partem
819 2975 1008 3031 simila:
1030 2992 1388 3047 conspersam
1421 2980 1542 3035 oleo
1591 2981 1647 3034 in
1676 2998 1762 3036 sa-

178 3063 467 3127 criﬁcium.
494 3075 549 3121 et
578 3067 684 3121 olei
706 3069 1026 3135 sextarium,
1064 3070 1314 3141 duosque
1352 3080 1595 3128 turtures
1648 3076 1762 3131 sive

179 3153 303 3210 duos
324 3157 518 3228 pullos
538 3157 828 3223 columbae,
862 3174 1096 3228 quorum
1123 3160 1193 3214 sit
1219 3177 1361 3218 unus
1387 3178 1487 3233 pro
1515 3172 1760 3233 peccato,
1790 3204 1834 3262 c

182 3256 231 3301 et
262 3250 397 3305 alter
427 3251 493 3304 in
538 3250 955 3318 holocaustum,
1009 3253 1278 3325 oﬁ‘ertque
1322 3270 1386 3310 ea
1434 3256 1523 3311 die
1572 3266 1764 3313 octavo

184 3340 582 3409 puriﬁcationis
613 3357 728 3397 sua:
753 3342 1022 3397 sacerdoti
1071 3343 1138 3397 ad
1172 3345 1374 3399 ostium
1432 3344 1765 3400 tabernaculi

185 3433 480 3491 testimonii
502 3450 687 3489 coram
714 3432 963 3491 Domino.
982 3435 1086 3503 Qui
1113 3438 1426 3509 suscipiens
1446 3453 1646 3510 agnum
1666 3455 1767 3510 pro

187 3523 405 3590 delicto,
445 3540 502 3582 ct
533 3529 831 3583 sextarium
870 3530 1009 3595 olei,
1041 3530 1243 3587 levabit
1274 3533 1470 3598 simul;
1517 3533 1766 3589 immola-

189 3622 338 3687 toque
358 3634 529 3688 agno,
554 3619 623 3673 de
649 3618 915 3691 sanguine
938 3620 1059 3690 ejus
1084 3630 1432 3694 ponetsuper
1463 3632 1766 3678 extremum

188 3707 443 3764 auriculae
469 3710 675 3763 dextrae
726 3710 845 3780 ejus
875 3710 968 3781 qui
993 3711 1347 3777 emundatur,
1378 3720 1433 3765 et
1458 3726 1624 3782 super
1653 3712 1771 3780 pol-

192 3798 312 3857 lices
339 3818 544 3858 manus
568 3803 687 3873 ejus
723 3817 786 3857 ac
814 3803 971 3873 pedis
996 3803 1191 3859 dextri.
1225 3804 1340 3858 Olei
1373 3818 1504 3857 vero
1557 3813 1769 3873 partem

194 3894 357 3951 mittet
380 3899 444 3952 in
476 3911 698 3951 manum
728 3911 882 3951 suam
912 3896 1217 3961 sinistram,
1244 3896 1299 3949 in
1326 3912 1435 3966 quo
1490 3896 1769 3966 intingens

196 3985 410 4056 digitum
478 3988 682 4042 dextrae
737 4002 965 4054 manus,
1023 3997 1277 4058 asperget
1322 3987 1528 4057 septies
1578 3994 1768 4041 contra

198 4076 503 4135 Dominum.
541 4077 860 4151 Tangetque
916 4086 1223 4134 extremum
1255 4078 1458 4132 dextrae
1514 4078 1771 4132 auricula:

201 4172 330 4227 illius
369 4175 471 4246 qui
507 4174 803 4227 mundatur
858 4180 915 4227 et
964 4172 1192 4242 pollices
1248 4188 1464 4233 manus,
1498 4188 1561 4226 ac
1619 4171 1773 4246 pedis

201 4264 358 4318 dextri
397 4267 457 4318 in
490 4265 608 4318 loco
631 4261 915 4334 sanguinis
949 4262 1041 4331 qui
1069 4261 1276 4316 effusus
1298 4272 1379 4315 est
1411 4277 1510 4331 pro
1552 4244 1768 4315 delicto.

203 4350 475 4423 Reliquam
506 4363 688 4408 autem
735 4362 945 4422 partem
978 4351 1105 4415 olei,
1152 4366 1274 4421 qua:
1327 4360 1410 4405 est
1446 4351 1500 4403 in
1551 4349 1772 4403 sinistra

205 4459 352 4500 manu
391 4449 573 4503 mittet
596 4462 765 4517 super
812 4451 976 4515 caput
1016 4443 1308 4513 puriﬁcali,
1363 4451 1421 4497 tit
1451 4442 1627 4513 placet
1674 4457 1773 4511 pro

1853 1421 2036 1475 delere
2095 1430 2355 1490 peccata,
2413 1429 2640 1491 propter
2693 1421 2835 1489 quod
2904 1420 3143 1475 Joannes
3201 1419 3441 1488 Baptista

1856 1513 2056 1585 populo
2081 1512 2396 1568 Judaaorurn
2440 1514 2691 1569 dicebat:
2736 1513 2917 1585 Facile
2959 1514 3185 1582 fructum
3222 1515 3439 1583 (lignum

1854 1603 2267 1677 paenitentiaa".
2331 1582 2748 1658 Consideravit'
2784 1604 2967 1667 enim,
3016 1603 3156 1657 sicut
3223 1582 3442 1657 subtilis

1855 1698 2151 1767 legislator,
2176 1712 2272 1751 eos
2306 1696 2400 1765 qui
2424 1712 2533 1751 non
2552 1697 2735 1750 omnia
2766 1696 2996 1766 possint,
3021 1712 3140 1764 qua:
3168 1696 3440 1764 pertinent

1857 1794 1922 1846 ad
1955 1791 2258 1846 districtam
2290 1790 2556 1843 rationem
2589 1789 2927 1859 paenitentia:
2972 1788 3257 1851 exhibere,
3303 1799 3447 1855 opus

1788 1857 1825 1910 Β
1856 1881 2005 1936 enim
2034 1882 2197 1935 habet
2228 1880 2553 1950 pmnitcntia
2594 1878 2898 1932 orationem
2952 1877 3240 1937 intentam,
3292 1876 3441 1929 elee«

1858 1988 2158 2044 mosynam,
2214 1972 2447 2041 vigilias,
2516 1986 2757 2034 saccum,
2807 1966 3116 2037 jejunium;
3166 1973 3447 2035 postremo

1857 2067 2017 2123 etiam
2057 2068 2143 2121 illa
2194 2082 2315 2134 quae
2362 2064 2529 2119 David
2571 2064 2740 2117 dicit:
2795 2061 2974 2115 Facta!
3009 2068 3128 2111 sunt
3185 2059 3313 2111 mihi
3358 2058 3444 2110 Ia-

1856 2176 2047 2230 crymw
2077 2175 2203 2213 mea:
2238 2174 2399 2226 panes
2434 2158 2519 2210 die
2565 2172 2629 2208 ac
2664 2163 2810 2207 nocte
2830 2152 2873 2184 ’⁵⁸
2898 2192 2911 2206 .
2948 2152 3054 2205 Et:
3093 2150 3301 2204 Lavabo
3352 2163 3447 2217 per

1855 2254 2277 2322 singulusnoctes
2306 2250 2494 2303 lectum
2520 2264 2692 2301 meum
2714 2264 2731 2309 ;
2754 2244 3002 2315 lacrymis
3020 2252 3245 2297 stratum
3273 2257 3443 2295 meum

1858 2344 2100 2416 rigabo”
2122 2383 2137 2397 .
2172 2343 2279 2396 Sed
2312 2350 2397 2397 et:
2442 2340 2682 2395 Cinerem
2731 2340 2865 2391 sicut
2898 2352 3087 2405 panem
3148 2335 3444 2387 mandaram

1860 2436 2000 2494 bam.
2046 2444 2095 2489 et
2124 2444 2304 2502 potum
2330 2449 2501 2487 meum
2547 2448 2665 2485 cum
2692 2432 2817 2499 ﬂetu
2870 2426 3246 2482 miscebam”.
3306 2423 3447 2478 Sunt

1859 2529 2060 2586 etenim
2088 2527 2181 2596 qui
2223 2527 2340 2581 haec
2396 2524 2580 2579 omnia
2633 2522 2855 2577 forsitan
2916 2528 3138 2589 propter
3190 2527 3446 2571 senectu-

1860 2632 1991 2686 tem,
2016 2629 2110 2675 aut
2151 2628 2372 2689 propter
2406 2618 2632 2693 nimiam
2661 2614 2907 2683 corporis
2943 2610 3336 2673 inﬁrmitatem,
3361 2609 3447 2661 vel

1860 2714 2017 2768 aliam
2046 2711 2452 2771 necessitatem,
2480 2723 2641 2779 agere
2673 2721 2783 2761 non
2815 2712 3066 2775 possunt,
3095 2704 3236 2757 sicut
3263 2702 3317 2755 in
3341 2700 3448 2754 alio

1860 2805 2082 2875 negotio
2115 2801 2403 2873 praesentis
2433 2799 2555 2854 libri
2583 2795 2921 2867 interpretati
2955 2808 3180 2849 sumus:
3218 2789 3451 2861 ignoscit

1864 2896 1967 2961 his,
2002 2895 2124 2965 quia
2166 2893 2355 2948 volunt
2382 2891 2623 2962 quidem,
2656 2904 2765 2943 non
2792 2885 3007 2941 invenit
3037 2894 3222 2939 autem
3254 2897 3450 2937 manus

1863 3001 2076 3041 eorum.
2096 2982 2215 3037 Non
2246 2992 2479 3053 possunt
2511 2980 2681 3047 enim,
2728 2986 2781 3032 et
2819 2984 3007 3047 utpote
3034 2974 3248 3029 veniam
3289 2973 3445 3035 dans,

1864 3078 2093 3132 alteram
2126 3076 2207 3130 eis
2247 3075 2389 3130 viam
2436 3071 2794 3143 poenitentiae,
2839 3070 2943 3123 alia
2990 3082 3189 3139 genera
3242 3064 3454 3120 sacriﬁ-

1865 3170 2073 3223 ciorum
2134 3167 2392 3237 exquirit,
2455 3174 2509 3219 et
2571 3173 2699 3218 ante
2751 3161 2934 3217 omnia
2987 3160 3206 3229 quidem
3253 3172 3452 3227 agnum

1867 3260 2040 3315 dicit:
2100 3267 2317 3328 oportet
2360 3256 2505 3312 enim
2556 3266 3004 3323 unumquemque
3060 3246 3440 3319 paenitentiam

1867 3362 2119 3423 agentem
2166 3350 2233 3405 ad
2280 3346 2671 3418 benignitatem
2719 3352 2846 3398 ante
2875 3340 3057 3395 omnia
3116 3338 3348 3409 migrare
3397 3342 3453 3388 et

1871 3444 2011 3495 hanc
2074 3440 2314 3502 studere,
2349 3436 2475 3507 quia
2524 3437 2643 3490 haec
2692 3433 2859 3488 etiam
2890 3430 3119 3484 cuilibet
3157 3426 3335 3481 facilis
3383 3425 3452 3477 ad

1868 3533 2280 3603 adipiscendum
2309 3540 2390 3584 est
2423 3543 2586 3598 quam
2624 3542 2655 3581 a
2700 3524 2858 3579 malis
2894 3520 3237 3577 abstinuerit.

1941 3626 2211 3679 Decimum
2241 3632 2444 3692 partem
2472 3619 2663 3674 simin
2716 3632 3044 3685 conspersum
3075 3614 3206 3665 oleo.
3264 3612 3320 3665 Id
3368 3607 3459 3664 est

1868 3717 2072 3772 Christi
2108 3714 2432 3784 theologiam
2459 3710 2701 3779 assequi,
2733 3708 2828 3777 qui
2853 3707 2976 3762 oleo
3015 3719 3110 3758 seu
3145 3702 3458 3756 misericor-

1868 3808 1955 3863 dia
1986 3806 2155 3861 nostri
2183 3801 2582 3872 contemperari
2620 3814 2810 3870 passus
2844 3806 2928 3851 est
2959 3794 3144 3849 carni.
3178 3794 3246 3846 Et
3274 3798 3456 3845 sexta-

1871 3896 2034 3962 rium,
2067 3911 2165 3950 seu
2192 3894 2494 3949 secundum
2519 3888 2683 3955 LXX,
2718 3889 2946 3957 cotylam
2967 3885 3068 3939 olei
3103 3898 3294 3945 unam;
3318 3881 3459 3934 hanc

1872 3998 2053 4044 autem
2080 4002 2199 4041 esse
2253 3982 2703 4039 manifestissime
2761 3980 2925 4034 ﬁdem
2978 3978 3036 4030 in
3095 3972 3461 4028 anterioribus

1873 4077 2391 4134 demonstravimus.
2422 4075 2528 4129 Sed
2548 4074 2678 4143 quid
2712 4071 2896 4125 oﬁerri
2923 4083 3048 4123 cum
3076 4066 3162 4121 bis
3189 4063 3463 4135 legislator

1872 4171 2170 4244 praecepit?

1946 4264 2089 4317 Duos
2112 4270 2363 4324 turtures,
2420 4261 2499 4315 uel
2524 4260 2655 4313 duos
2698 4258 2869 4327 pullos
2909 4253 3293 4309 columbarum.
3335 4247 3463 4302 Haec

1874 4366 2055 4412 autem
2104 4354 2264 4410 facile
2295 4353 2647 4423 reperiuntur
2691 4365 2721 4403 a
2751 4348 3019 4419 quolibet,
3055 4346 3109 4400 id
3151 4352 3236 4398 est
3281 4340 3460 4396 conti-

1874 4464 2038 4503 nuam
2076 4447 2210 4517 legis
2268 4444 2705 4501 meditationem.
2742 4456 2863 4509 qua
2891 4453 2999 4491 non
3045 4436 3217 4490 solum
3254 4449 3319 4487 ex
3371 4431 3465 4484 le-

208 4550 265 4590 eo
298 4538 608 4594 Dominum.
651 4538 717 4593 Et
748 4546 1040 4602 turturem,
1079 4534 1193 4591 sive
1244 4535 1453 4604 pullum
1507 4534 1771 4588 columbae
1807 4542 1847 4596 D
1878 4538 2084 4600 ctione,
2114 4551 2183 4589 ne
2218 4534 2359 4590 forte
2387 4542 2443 4587 et
2471 4533 2615 4587 hanc
2642 4530 2792 4585 dicas
2820 4543 2941 4582 esse
2970 4524 3294 4595 quibusdam
3321 4518 3464 4575 dim-

207 4628 401 4697 olIcret,
442 4646 611 4685 unum
645 4646 743 4699 pro
775 4629 993 4693 delicto,
1044 4637 1099 4682 et
1128 4628 1359 4681 alterum
1408 4625 1462 4677 in
1514 4625 1772 4679 holocau-

208 4730 337 4773 stum
354 4736 480 4777 cum
500 4718 812 4774 libamentis
836 4718 969 4773 suis.
992 4717 1106 4773 Hoc
1127 4726 1211 4771 est
1232 4715 1557 4770 sacriﬁcium
1578 4715 1772 4785 leprosi

210 4812 290 4881 qui
313 4814 511 4869 habere
542 4829 649 4867 non
682 4822 863 4881 potest
894 4811 1075 4865 omnia
1105 4810 1158 4863 in
1188 4809 1575 4863 emundatione
1606 4810 1709 4863 sui.
1750 4829 1767 4859 ι

274 4905 589 4959 Admirabili
619 4920 745 4974 erga
771 4918 865 4957 eos
898 4903 988 4971 qui
1013 4902 1185 4972 legem
1206 4899 1775 4970 accipiuntleg’islator

214 4997 664 5052 condescensione
695 4996 887 5049 utitur.
921 4993 1059 5048 Ecce
1089 4996 1235 5047 enim
1289 4991 1504 5047 veniam
1537 5006 1774 5062 pauper-

213 5086 301 5140 tati
316 5088 426 5153 dat,
460 5095 516 5143 et
543 5086 822 5143 moderata
858 5085 1083 5157 pauperi
1124 5082 1390 5139 sacriﬁcia
1424 5098 1544 5139 esse
1572 5097 1778 5153 praece-

216 5176 300 5245 pit,
324 5196 392 5236 ne
442 5180 585 5236 forte
627 5170 1015 5249 Obstupescat,
1051 5177 1181 5231 dum
1232 5177 1437 5248 majora
1491 5176 1561 5242 ei,
1612 5191 1777 5246 quam

216 5270 370 5331 virtus
394 5283 499 5339 est,
533 5272 947 5345 praecipiuntur.
970 5270 1079 5325 Sed
1110 5270 1235 5340 quia
1266 5268 1370 5325 nec‘
1413 5284 1604 5324 eorum
1656 5284 1777 5339 quae

220 5364 346 5423 dicta
393 5378 521 5423 sunt
562 5366 843 5438 quidpiam
897 5364 1057 5420 facile
1106 5363 1161 5418 in
1219 5370 1428 5433 quaestu
1479 5376 1778 5432 pauperum

223 5453 549 5525 invenimus,
609 5457 703 5527 qui
761 5456 909 5511 enim
964 5470 1073 5510 non
1140 5454 1305 5509 habet
1348 5468 1574 5523 panem,
1634 5451 1780 5506 unde

226 5553 431 5619 agnum?
461 5551 555 5623 qui
585 5560 769 5606 autem
797 5549 1027 5620 pecunia
1057 5548 1199 5620 eget,
1227 5546 1372 5602 unde
1396 5554 1542 5600 emat
1569 5544 1779 5599 colum-

230 5639 333 5699 bam
362 5645 444 5700 vel
488 5652 756 5700 turturem
785 5643 809 5697 ?
838 5641 1190 5697 manifestum
1224 5648 1308 5694 est
1347 5636 1491 5709 quod
1542 5635 1777 5708 aliquam

293 5842 327 5876 “
360 5834 545 5901 Matth.
582 5859 665 5913 tu,
702 5844 754 5899 8.
832 5842 876 5875 ⁵⁸
912 5841 1055 5898 Psal.
1083 5856 1191 5908 sit,
1224 5840 1275 5898 4.
1354 5840 1397 5873 ³⁹
1428 5839 1570 5896 Psal.
1603 5853 1677 5905 vi,
1709 5838 1761 5891 7.

1838 5835 1884 5869 ⁵⁸
1914 5833 2058 5891 Psal.
2086 5849 2160 5903 Cl,
2196 5833 2282 5888 lt).

1874 4630 2056 4694 cilem,
2079 4626 2174 4681 sed
2197 4636 2251 4681 et
2292 4640 2355 4679 ex
2390 4621 2876 4692 contemplatione,
2914 4633 3035 4686 quae
3071 4625 3155 4669 est
3185 4615 3239 4666 in
3280 4613 3465 4664 animo

1874 4723 1930 4770 et
1977 4721 2181 4777 mente,
2243 4712 2552 4767 coniicitur.
2593 4709 2727 4775 Quae
2774 4696 3008 4775 utraque
3061 4719 3161 4774 pro
3208 4716 3368 4756 sacco
3410 4706 3467 4753 et

1869 4805 2080 4876 jejunio
2125 4815 2179 4859 et
2225 4804 2508 4874 lacrymis,
2566 4811 2621 4857 et
2662 4802 2850 4855 cinere
2862 4798 3053 4888 ,,cibo
3099 4802 3266 4860 sunt,
3303 4803 3466 4859 atque

1876 4897 2167 4960 similibus,
2197 4896 2241 4950 si
2268 4896 2356 4949 illa
2406 4894 2474 4949 ad
2503 4880 2900 4947 humiliandam
2929 4901 3149 4943 carnem
3181 4892 3238 4938 et
3290 4880 3468 4936 refre-

1876 4989 2114 5044 nandam
2144 4989 2379 5043 animam
2410 5002 2441 5040 a
2486 4983 2721 5040 terrenis
2756 4980 3017 5052 operibus
3047 4978 3279 5049 agimus.
3315 4972 3471 5027 Facit

1877 5091 2059 5137 autem
2091 5081 2206 5135 haec
2236 5078 2398 5134 etiam
2421 5078 2558 5149 legis
2582 5074 2889 5136 meditatio,
2915 5081 2971 5127 et
3010 5069 3331 5125 continuum
3364 5065 3469 5118 hoc

1879 5175 2123 5230 Studium
2149 5173 2505 5241 districtaque
2534 5169 2845 5225 divinorum
2880 5164 3264 5221 mandatorum
3306 5167 3469 5225 atque

1879 5264 2272 5322 beneﬁciorum
2307 5260 2717 5332 contemplatio.
2749 5268 2806 5313 et
2862 5252 3228 5328 perscrutatio
3279 5264 3471 5303 neces-

1881 5358 2022 5415 sarie
2049 5358 2168 5413 haec
2195 5356 2460 5412 sacriﬁcia
2497 5369 2595 5425 pro
2635 5352 2744 5407 illis
2787 5347 3113 5408 introduxit,
3148 5357 3269 5413 quae
3303 5338 3466 5393 etiam

1882 5449 2050 5505 David
2096 5449 2323 5519 exponit
2359 5446 2583 5501 dicens:
2632 5440 2830 5495 Beatus
2869 5440 2950 5492 vir
2985 5436 3075 5506 qui
3116 5449 3218 5487 non
3251 5429 3378 5483 abiit
3412 5427 3469 5478 in

1883 5541 2100 5597 consilio
2124 5540 2429 5611 impiorum,
2463 5545 2512 5590 et
2539 5536 2594 5589 in
2616 5535 2699 5588 via
2741 5540 3073 5602 peccatorum
3102 5541 3202 5579 non
3232 5520 3392 5583 stetit,
3419 5524 3467 5569 et

1886 5635 1943 5689 in
1973 5609 2221 5689 cathedra
2248 5630 2554 5702 pestilentiw
2578 5642 2683 5680 non
2713 5624 2902 5678 sedit"
2926 5663 2940 5675 .
2973 5616 3130 5687 Quod
3154 5609 3472 5671 manifestat

2361 5832 2404 5864 '“
2438 5828 2582 5888 Psal.
2619 5844 2660 5894 ι,
2694 5824 2743 5880 1.
