4046 6420
646 359 752 423 959

643 574 790 620 terea
824 566 1194 630 innocentiam
1238 581 1479 652 signans.
1511 582 1615 638 Sed
1636 587 1692 639 in
1720 585 1831 657 lege
1871 589 2087 645 Domini
2115 595 2214 663 fuit

638 650 883 709 voluntas
913 659 1117 727 ejus":
1156 650 1310 722 illius
1344 669 1597 727 videlicet
1623 675 1713 743 qui
1746 650 2002 731 mundam
2049 650 2214 735 habet

635 742 945 812 scientiam,
986 766 1082 821 per
1113 760 1630 829 contemplationem
1661 764 2031 823 innocentium
2063 774 2213 842 cegi-

636 832 899 890 tationum
936 842 1123 909 quales
1148 851 1410 914 quosdam
1448 850 1645 909 Paulus
1689 855 1858 925 dicit;
1890 855 2082 929 Legem
2108 878 2211 915 non

633 918 900 991 habentes,
924 937 973 981 et
999 945 1156 999 opera
1177 933 1303 1004 legis
1330 940 1525 1007 scripta
1555 942 1609 993 in
1626 943 1864 998 cordibus
1882 947 1992 999 suis
2008 948 2082 1014 ⁸³;
2110 965 2209 1019 per

632 1014 1004 1087 disciplinatas
1054 1034 1342 1097 castasque
1372 1032 1723 1101 cogitationes
1746 1037 2203 1110 demonstrantes,

629 1107 805 1176 qualis
864 1113 1265 1179 quodammodo
1337 1130 1422 1175 est
1473 1126 1695 1179 turturis
1763 1126 1985 1185 oblatio.
2052 1133 2204 1189 Unde

627 1200 994 1269 cognitionem
1021 1209 1239 1264 animali
1265 1211 1380 1282 ipse
1410 1216 1507 1270 Dei
1536 1218 1760 1288 spiritus
1786 1236 1885 1292 per
1910 1222 2200 1283 Jeremiam

624 1280 948 1359 prophetam
980 1294 1160 1353 inesse
1186 1280 1418 1361 testatus
1447 1315 1531 1363 est
1564 1327 1577 1363 :
1610 1311 1806 1366 Turtur
1825 1356 1840 1381 ,
1871 1325 1920 1369 et
1950 1320 2196 1386 hirundo,

623 1388 674 1432 et
692 1383 931 1450 ciconia,
971 1392 1325 1449 custodierunt
1377 1408 1577 1469 tempus
1605 1405 1856 1461 adventus
1906 1410 2009 1472 sui;
2039 1428 2199 1480 popu-

622 1466 704 1521 lus
727 1480 905 1526 autem
924 1492 1066 1532 meus
1085 1496 1187 1534 non
1214 1489 1452 1555 cognovit
1469 1490 1731 1558 judicium
1762 1495 2030 1552 Domini“
2048 1542 2061 1555 .
2088 1501 2193 1558 Sed

619 1562 751 1630 quid
780 1563 946 1621 David
1000 1574 1326 1640 supradictis
1351 1580 1594 1635 addidit?
1642 1584 1708 1637 Et
1741 1588 1794 1638 in
1841 1588 1949 1659 lege
1983 1591 2194 1648 Domini

617 1648 721 1713 fuit
755 1652 997 1709 voluntas
1024 1658 1162 1727 ejus,
1194 1672 1243 1715 et
1272 1665 1326 1716 in
1370 1666 1478 1736 lege
1500 1670 1614 1738 ejus
1644 1676 1981 1733 meditabitur
2022 1682 2106 1735 die
2128 1701 2192 1737 ae

616 1745 862 1798 nocte".
896 1745 1035 1802 Huic
1070 1767 1451 1823 comparamus
1479 1762 1806 1832 columbam,
1840 1784 1998 1837 quam
2031 1777 2186 1843 quasi

616 1834 917 1891 meditandi
969 1841 1074 1895 vim
1130 1844 1334 1903 habere
1384 1850 1551 1907 Isaias
1605 1834 1870 1924 propheta
1919 1834 2075 1931 dicit“,
2107 1869 2182 1923 ait
2220 1856 2259 1910 Β

609 1921 788 1977 enim:
821 1923 966 1980 Sicut
985 1931 1160 1997 pullus
1188 1936 1505 2007 hirundinis,
1553 1921 1629 1998 sic
1655 1947 1923 2016 clamabo;
1952 1957 2180 2013 medita-

609 2011 703 2066 bor
723 2025 777 2068 ut
799 2018 1036 2076 columba
1055 2026 1130 2077 ⁸⁸.
1164 2024 1376 2086 invenit
1403 2048 1529 2106 ergo
1582 2037 1854 2109 legislator
1881 2046 2043 2114 viam,
2083 2066 2182 2120 per

606 2118 769 2172 quam
802 2118 857 2163 et
884 2110 1161 2170 inﬁrmum
1187 2123 1453 2179 mundare
1476 2125 1588 2183 Deo
1607 2145 1727 2199 qua:
1752 2135 1923 2202 possit
1953 2138 2174 2199 oﬂ‘erre.

602 2193 672 2251 Et
699 2210 987 2270 propterea
1019 2207 1154 2279 legis
1198 2212 1361 2285 hujus
1397 2193 1785 2291 subsequentia
1835 2244 1943 2283 non
1975 2232 2172 2289 immu-

587 2744 759 2802 Deum
792 2753 1084 2826 proﬂigare
1133 2763 1365 2830 possint.
1421 2767 1549 2825 Post
1586 2744 1702 2831 haec
1741 2779 1807 2833 ad
1838 2780 1997 2837 aliam
2052 2744 2164 2842 dis:

584 2840 989 2911 pensationem,
1026 2848 1202 2904 eidem
1236 2857 1477 2913 materia:
1508 2864 1896 2937 cohaerentem,
1944 2876 2157 2932 transit.

662 2923 822 2983 Vens.
850 2930 1044 2989 53-47.
1094 2956 1113 2990 ι
1151 2938 1392 3001 Locutus
1422 2958 1507 3004 est
1542 2951 1805 3013 Dominus

579 3023 635 3069 et
666 3020 844 3075 Aaron
874 3024 1099 3085 dicens:
1140 3032 1278 3089 Cum
1321 3036 1547 3110 ingressi
1610 3044 1822 3105 fueritis
1853 3052 1905 3107 in
1957 3063 2157 3116 terram

577 3105 861 3178 Cha'laa":
882 3131 1044 3184 quam
1072 3136 1173 3192 ego
1194 3126 1335 3184 dabo
1354 3119 1521 3189 vobis.
1540 3135 1596 3191 in
1631 3145 2073 3209 possessionem:
2110 3154 2153 3209 si
2181 3188 2226 3248 α

577 3200 740 3248 interit
770 3207 919 3248 nlaaa
964 3213 1127 3248 Ιωιιιιω
1164 3220 1214 3248 2..
1239 3225 1443 3248 ...,ιει...Δ
1501 3230 1593 3248 ριι.
1700 3237 1712 3248 .
1948 3243 1962 3248 -

575 3200 740 3257 fuerit
769 3207 921 3280 plaga
962 3213 1127 3285 lepra:
1161 3220 1215 3275 in
1237 3225 1464 3294 aedibus,
1498 3230 1599 3287 ibit
1629 3200 1785 3307 cujus
1813 3249 1897 3296 est
1930 3200 2144 3312 domus,

572 3296 834 3353 nuntians
875 3306 1166 3370 sacerdoti.
1222 3324 1279 3369 et
1329 3317 1474 3375 dicet
1512 3338 1525 3376 :
1560 3296 1727 3389 Quasi
1772 3331 1927 3403 plaga
1988 3335 2150 3406 lepra:

1571 3383 1604 3389 __
1772 3383 1789 3399 ,
1837 3383 1927 3403 ρον
1992 3383 2148 3406 .-.η-υ-

570 3383 786 3441 videtur
814 3394 946 3449 mihi
976 3412 1100 3454 esse
1130 3402 1185 3457 in
1210 3406 1373 3465 domo
1400 3428 1543 3468 mea.
1567 3417 1639 3471 At
1668 3418 1761 3474 ille
1788 3426 2063 3495 prmcipiet
2090 3441 2148 3484 ut

568 3476 802 3535 ell‘erant
849 3487 1097 3545 universa
1122 3496 1190 3551 de
1237 3499 1401 3557 domo
1444 3507 1764 3579 priusquam
1811 3515 2146 3587 ingrediatur

566 3584 716 3635 eam,
755 3584 816 3629 ut
846 3578 1023 3637 videat
1061 3598 1242 3643 utrum
1281 3593 1429 3663 lepra
1465 3600 1553 3665 sit,
1578 3616 1648 3656 ne
1682 3604 1958 3677 immunda
2014 3612 2144 3669 [iant

564 3664 746 3717 omnia
787 3683 908 3736 qua:
948 3672 1000 3725 in
1055 3677 1219 3735 domo
1258 3695 1405 3740 sunt.
1450 3686 1787 3766 lntrabitque
1835 3676 2043 3771 postea,
2081 3718 2142 3763 ut

560 3753 872 3812 consideret
910 3762 1129 3820 domum
1156 3770 1337 3839 lepraz.
1374 3777 1443 3832 Et
1484 3797 1608 3838 cum
1654 3788 1846 3846 viderit
1877 3794 1930 3848 in
1960 3800 2138 3867 parie-

562 3842 705 3867 liL---
765 3848 837 3867 ειν
1081 3858 1092 3867 .
1219 3864 1269 3867 ___

1960 3842 2109 3867 ,μων

562 3842 708 3897 tibus
764 3848 909 3906 illius
938 3858 1092 3923 quasi
1148 3864 1449 3933 valliculas,
1510 3875 1735 3944 pallore,
1777 3883 1891 3939 sive
1938 3891 2136 3949 rubore

558 3934 851 4004 deformes,
872 3951 928 3997 et
954 3945 1276 4008 inn-uiliores
1312 3960 1601 4027 superﬁcie
1622 3969 1846 4039 reliqua,
1886 3981 2134 4047 egredie-

560 4035 647 4080 tur
675 4032 874 4087 ostium
909 4037 1125 4107 domus,
1182 4051 1463 4106 et‘statim
1509 4056 1725 4116 claudet
1759 4079 1877 4120 eam
1922 4081 2131 4141 septem

560 4116 742 4141 dum
804 4124 839 4141 η
1227 4139 1257 4141 _,

1770 4116 1877 4120 απ
1922 4116 2127 4141 "rw...

554 4116 765 4175 diebus.
803 4124 1183 4204 Reversusque
1209 4139 1297 4195 die
1316 4145 1571 4214 septimo,
1597 4155 1963 4218 considerabit
1986 4179 2127 4224 eam:

552 4210 597 4265 si
640 4213 913 4276 invenerit
941 4226 1183 4285 crevisse
1237 4210 1467 4304 lepram,
1496 4210 1711 4309 jubebit
1748 4251 1865 4304 erui
1896 4252 2124 4327 lapides,

1292 4300 1308 4304 ,
1454 4300 1463 4304 -
1496 4300 1514 4309 ,
1760 4300 1795 4302 ~—
1818 4300 1865 4304 —-
1896 4300 1944 4307 ν-
1990 4300 2121 4327 -ννυι

550 4300 607 4355 in
641 4307 840 4375 quibus
865 4311 1012 4383 lepra
1046 4327 1147 4386 est,
1179 4334 1234 4377 et
1262 4327 1453 4397 projici
1481 4345 1579 4388 eos
1635 4346 1789 4394 extra
1821 4300 2121 4416 civitatem,

550 4392 603 4416 2..
631 4395 674 4416 1-
694 4414 708 4416 -
726 4414 737 4416 ς
777 4400 787 4412 ⁸
1004 4408 1016 4416 “
1123 4412 1136 4416 -

548 4392 748 4453 inloco
774 4400 1075 4474 immundo,
1104 4392 1325 4471 domum
1358 4392 1543 4478 autem
1574 4426 1747 4496 ipsam
1779 4435 1892 4489 radi
1925 4392 2123 4495 intrin:

545 4502 706 4545 secus
731 4506 831 4561 per
866 4496 1182 4571 circuitum,
1233 4518 1288 4562 et
1335 4514 1514 4585 spargi

538 4587 694 4636 extra
721 4586 935 4658 urbem,
979 4592 1032 4646 in
1063 4594 1183 4677 loco
1206 4598 1507 4674 immundo,
1539 4607 1851 4686 lapidesque
1883 4620 2017 4677 alios
2036 4640 2122 4680 re-

539 4675 669 4741 poni
695 4692 794 4747 pro
823 4680 909 4737 his
931 4686 1021 4753 qui
1073 4675 1239 4745 ablati
1278 4693 1504 4766 fuerint,
1536 4675 1609 4756 et-
1643 4675 1776 4760 luto.
1810 4708 1918 4764 alio

537 4763 780 4824 domum.
807 4771 903 4828 Sin
929 4785 1110 4834 autem
1136 4793 1421 4857 postquam
1468 4763 1608 4848 eruti
1643 4808 1770 4854 sunt
1812 4801 2038 4873 lapides,
2064 4817 2119 4863 et

536 4854 716 4922 pulvis
756 4861 950 4929 elatus,
984 4878 1039 4922 et
1065 4871 1169 4927 alia
1204 4883 1347 4933 terra
1383 4880 1498 4949 lita,
1536 4883 1812 4957 ingressus
1862 4899 2118 4955 sacerdos

534 4944 730 5004 viderit
760 4967 1034 5012 reversam
1057 4961 1372 5033 lepram,'et
1403 4974 1640 5041 parietes
1658 4994 1907 5051 aspersos
1934 5002 2091 5045 macu

533 5037 619 5103 lis,
657 5039 805 5110 lepra
835 5056 920 5101 est
943 5065 1321 5125 perseverans,
1354 5070 1407 5116 et
1430 5063 1710 5125 immunda
1734 5072 1927 5131 domus
1952 5094 2115 5149 quam

530 5130 717 5185 statim
762 5133 1083 5198 destruent:
1141 5157 1198 5201 et
1228 5149 1439 5219 lapides
1490 5157 1607 5225 ejus
1637 5176 1701 5216 ac
1751 5165 1912 5237 ligna,
1952 5130 2113 5242 atque

1519 5220 1534 5225 ν
1790 5220 1818 5237 υ
1902 5220 2108 5242 ρων-

530 5220 845 5281 universum
890 5230 1169 5299 pulverem
1212 5241 1501 5310 projicient
1542 5260 1690 5305 extra
1721 5257 2001 5327 oppidum,
2059 5266 2108 5318 in

528 5312 647 5368 loco
668 5313 974 5377 immundo.
1000 5324 1103 5390 Qui
1123 5328 1663 5409 intraveritdomum,
1685 5350 1904 5415 quando
1927 5353 2107 5411 clausa

524 5413 628 5470 est,
673 5408 989 5471 immundus
1038 5420 1143 5477 erit
1174 5438 1346 5495 usque
1401 5431 1469 5486 ad
1524 5408 1834 5506 vesperum.
1896 5444 1963 5498 Et
2013 5449 2103 5517 qui

526 5492 801 5517 ..μμ-Δρ,
837 5502 849 5513 .

522 5492 891 5558 dormieritin
956 5520 1043 5573 ea,
1090 5520 1144 5567 et
1192 5492 1493 5577 comederit
1538 5492 1834 5599 quidpiam,
1905 5492 2105 5597 lavabit

522 5584 844 5646 vestimenta
885 5609 1006 5651 sua.
1045 5618 1064 5650 ι

592 5721 811 5810 ξίθὲδλ
848 5727 1085 5810 ἢχθη-³⁵³
1114 5736 1272 5810 Rom.
1304 5760 1364 5810 ιι,
1396 5748 1482 5803 15,

520 5788 567 5819 η
598 5789 761 5849 Μίοιι.
786 5810 825 5863 ι,
856 5788 940 5865 {2,
979 5797 1061 5860 ιδ.
1114 5788 1496 5891 ﬁssam,
1529 5819 1580 5877 6.

1830 388 2188 454 HESYCHII
2229 396 2701 465 PRESBYTERI
3780 444 3855 510 αἳ)

642 473 766 545 agni
800 478 1124 538 sacrificium
1156 488 1303 542 omni
1335 492 1569 548 carentis
1593 498 1824 560 macula,
1853 507 2017 569 atque
2050 519 2215 573 prop-
2249 524 2263 569 ε

2319 601 2570 658 meditari
2592 623 2701 661 non
2732 610 2916 679 debet,
2949 631 3009 670 ea
3035 635 3156 688 qum
3204 628 3435 681 tnaxime
3478 633 3869 709 circumspicere

2315 692 2363 745 ci
2395 710 2621 752 necesse
2648 710 2750 765 est,
2788 704 2839 757 in
2871 708 3068 776 quibus
3109 713 3313 772 inimici
3375 722 3691 797 indoctique
3717 734 3859 793 olen-

2312 784 2469 840 dunt.
2510 788 2648 843 Nam
2680 807 2808 849 ecce
2841 800 3058 866 quidam
3108 803 3162 857 in
3218 823 3395 879 nuper
3417 813 3561 870 lecta
3603 784 3730 891 .lege
3780 828 3861 885 hoc

2314 878 2744 949 reprehendunt,
2768 887 2915 954 quia,
2950 895 3246 951 secundum
3275 878 3417 970 quod
3449 904 3600 960 LXX
3624 878 3857 982 asserunt,

2310 965 2476 1020 Deum
2512 970 2783 1030 dicentem
2825 978 3033 1051 Moyses
3061 965 3394 1047 introduvit:
3426 995 3586 1053 Dabo
3630 965 3861 1063 macula:

2308 1052 2467 1122 lepra:
2494 1059 2548 1112 in
2569 1061 2805 1120 domibus
2824 1071 3025 1138 vestris,
3057 1075 3113 1128 in
3139 1086 3279 1133 terra
3302 1090 3671 1152 promissionis
3690 1107 3857 1155 vestra.

2307 1146 2565 1218 Putasne,
2591 1152 2764 1231 Deus,
2785 1159 3058 1233 inquiunt,
3090 1146 3313 1228 inducit
3328 1178 3513 1234 mala?
3545 1180 3754 1247 Quibus
3792 1206 3861 1245 re-

2306 1243 2661 1315 spondemus,
2688 1251 2863 1307 Etiam
2891 1272 2905 1309 :
2930 1260 3023 1314 sed
3046 1276 3150 1317 nec
3174 1267 3351 1337 turpia
3370 1282 3504 1327 sunt
3521 1290 3631 1329 nec
3648 1280 3860 1345 mala,ca

2302 1346 2421 1400 quae
2441 1335 2684 1408 amigunt
2717 1344 2783 1397 ad
2832 1349 3216 1413 eruditionem.
3249 1335 3347 1414 seu
3389 1377 3559 1431 paena
3590 1381 3692 1436 pro
3729 1335 3860 1439 jura:

2300 1425 2446 1480 mine
2475 1433 2786 1503 constituta,
2823 1441 2991 1495 veluti
3033 1444 3221 1514 fames,
3257 1460 3415 1508 terra:
3438 1468 3654 1524 motus,
3704 1462 3858 1522 hiatus

2300 1522 2476 1585 terrae,
2519 1529 2814 1594 tempestas
2855 1534 3042 1599 maris,
3063 1538 3261 1595 bellum
3289 1554 3452 1616 atque
3482 1549 3708 1617 similia,
3740 1556 3857 1613 sicut

2294 1615 2350 1661 et
2386 1609 2500 1678 ipse
2530 1629 2628 1683 per
2648 1621 2968 1690 prophetam
3019 1628 3183 1685 dicit:
3220 1633 3331 1705 Ego
3364 1609 3656 1706 Dominus,
3687 1609 3735 1697 et
3770 1609 3855 1699 non

2293 1700 2543 1768 estalius,
2574 1706 2811 1775 formans
2851 1712 3039 1783 lucem,
3063 1730 3112 1772 et
3141 1739 3326 1779 creans
3363 1730 3632 1794 tenebras,
3683 1734 3853 1801 faciens

2290 1803 2493 1858 pacem,
2522 1806 2570 1849 et
2596 1815 2778 1856 creans
2812 1807 3044 1864 mala”.
3106 1812 3315 1877 Quibus
3367 1818 3573 1874 similia
3632 1833 3689 1877 et
3738 1826 3853 1881 alter

2288 1885 2549 1951 propheta
2577 1889 2741 1946 dicit:
2790 1892 2926 1959 Quia
2978 1902 3523 1964 descenderuntmala
3564 1931 3599 1965 α
3650 1914 3849 1971 Domino

2284 1967 2339 2019 in
2361 1983 2574 2039 portam
2618 1976 2934 2050 Jerusalem,
2970 1990 3247 2059 tumultus,
3292 1999 3573 2069 quadriga:
3620 2008 3847 2071 stuporis,

2282 2057 2547 2117 habitanti
2574 2066 2854 2127 Lac/tis”.
2908 2074 3015 2133 Sed
3043 2089 3098 2133 ct
3135 2057 3398 2154 propheta
3448 2057 3628 2145 Avmos
3668 2057 3847 2154 ait:

2280 2160 2356 2204 est
2380 2155 2579 2210 malum
2598 2159 2651 2212 in
2678 2163 2903 2234 civitate,
2931 2173 3069 2239 quod
3090 2172 3343 2231 Dominus
3370 2197 3470 2234 non
3496 2185 3625 2253 fecit
3644 2186 3843 2253 "iQua

2277 2245 2497 2312 quidem
2530 2248 2692 2317 Deus,
2721 2271 2830 2310 non
2857 2269 2914 2314 ut
2952 2274 3166 2331 noceat,
3200 2268 3415 2340 ingerit,
3474 2276 3578 2329 sed
3616 2287 3675 2329 ut
3709 2280 3839 2336 valde

2269 2333 2425 2403 juvet
2456 2339 2767 2404 hominem:
2793 2350 3025 2409 amictus
3051 2333 3645 2435 quippe'humiliatur,
3678 2370 3838 2425 humi-

2274 2428 2436 2486 liatus
2478 2444 2661 2492 autem
2720 2444 2891 2498 currit
2943 2447 3011 2501 ad
3058 2428 3197 2503 eum
3231 2453 3323 2521 qui
3370 2456 3585 2528 erigere
3642 2473 3834 2531 potest,

2273 2520 2513 2593 dicitque
2544 2542 2667 2582 cum
2704 2529 2904 2588 David:
2948 2534 3155 2593 Bonum
3181 2520 3331 2610 mihi,
3366 2520 3507 2616 quod
3560 2520 3835 2607 Iminiliasti

2271 2630 2372 2677 me,
2421 2626 2477 2670 ut
2504 2619 2753 2675 discerem
2772 2625 3173 2693 justiﬁwtiones
3203 2642 3322 2688 tuas
3338 2636 3412 2701 °°,
3445 2648 3499 2692 et
3531 2638 3750 2697 chIinat
3777 2648 3831 2700 ad

2270 2706 2566 2774 medicum,
2595 2712 2684 2781 qui
2712 2727 2836 2768 eum
2865 2716 3062 2774 liberet
3097 2737 3126 2776 a
3158 2724 3404 2784 vulnere.
3447 2729 3517 2785 Et
3564 2732 3683 2788 haec
3723 2739 3827 2805 qui-

2269 2797 2392 2852 dem
2417 2798 2488 2854 ita
2508 2816 2568 2857 se
2613 2802 2837 2861 habent.
2899 2807 3006 2866 Sed
3041 2829 3143 2869 nos
3186 2816 3255 2872 ad
3303 2824 3827 2895 contemplationem,

2269 2904 2388 2957 qua:
2412 2891 2680 2961 imminet,
2727 2914 3102 2973 recurramus,
3134 2923 3203 2963 ne
3232 2908 3415 2967 forsan
3471 2915 3824 2987 legislatorem

2264 2983 2417 3050 quasi
2446 2985 2515 3039 de
2548 2985 2729 3058 lignis,
2750 3000 2803 3046 et
2830 2992 3120 3065 lapidibus,
3151 3010 3205 3055 et
3224 2983 3823 3071 parietibusvinsensatis

2262 3073 2626 3144 sancientem,
2684 3081 2902 3151 quidam
2943 3101 3131 3142 eorum
3177 3092 3268 3161 qui
3318 3095 3460 3150 circa
3506 3103 3817 3157 exteriorem

2261 3162 2582 3232 sapientiam
2615 3181 2819 3239 errant,
2861 3178 3262 3246 reprehendere
3288 3184 3555 3254 nitantur,
3588 3206 3619 3245 a
3642 3194 3818 3261 quibus

2258 3255 2383 3324 quia
2407 3258 2531 3313 mali
2555 3270 2705 3327 sunt,
2738 3266 2877 3321 mala
2908 3269 3069 3324 etiam
3118 3272 3257 3328 bona
3280 3276 3621 3346 judicantur.
3680 3284 3816 3343 Nunc

2255 3346 2402 3400 enim
2434 3348 2761 3421 legislatoris
2816 3356 3050 3416 intentio
3103 3373 3206 3430 est,
3260 3366 3329 3421 de
3370 3371 3515 3425 veris
3582 3373 3814 3430 domibus

2256 3434 2504 3493 videlicet
2550 3455 2613 3496 ea
2652 3444 2795 3500 laesis
2835 3450 3067 3516 sancire,
3104 3452 3157 3507 id
3185 3462 3268 3509 est
3303 3473 3423 3526 quae
3471 3460 3523 3514 in
3554 3461 3661 3518 illis
3700 3481 3811 3535 pas-

2252 3525 2435 3583 siones
2463 3533 2753 3602 curabiles,
2782 3536 3034 3597 facilesve
3056 3544 3121 3598 ad
3143 3548 3610 3619 emundationem,
3642 3573 3811 3627 quaeve

2249 3619 2355 3673 sint
2416 3621 2784 3695 incurabiles,
2838 3631 3374 3711 destruetionemque
3438 3646 3799 3714 plenis~mam

2249 3711 2579 3783 ingerentes.
2631 3717 2739 3775 Sed
2773 3722 2967 3779 horum
3011 3729 3230 3785 modum
3273 3733 3555 3804 discimus,
3588 3756 3707 3794 cum
3748 3742 3807 3796 ad

2245 3818 2307 3857 ea
2331 3820 2451 3874 qua:
2490 3807 2633 3864 dicta
2663 3823 2812 3881 sunt,
2851 3819 3183 3878 venerimus.
3219 3822 3601 3885 Possessionis
3620 3840 3803 3888 nostra:

2246 3904 2388 3951 terra
2447 3910 2549 3962 est,
2591 3918 2754 3972 quam
2787 3923 2887 3963 nos
2940 3911 3308 3982 possidemus,
3349 3917 3641 3977 hazreditas
3687 3940 3800 3993 gen-

2243 3987 2400 4043 tium.
2466 3992 2584 4062 Ipsa
2632 4006 2717 4051 est
2768 3999 2911 4054 enim
2959 4013 3145 4060 nostra
3208 4011 3500 4079 possessio,
3552 4016 3653 4069 etsi
3689 4025 3801 4070 tunc

2239 4079 2477 4138 hostium
2521 4098 2831 4146 nostrorum
2879 4093 2985 4150 fuit
3019 4115 3032 4150 :
3064 4098 3121 4151 in
3167 4099 3270 4156 hac
3324 4104 3471 4157 enim
3519 4122 3623 4161 nos
3667 4108 3793 4162 Deus

2235 4174 2541 4243 acquisivit,
2570 4189 2627 4234 et
2657 4197 2752 4239 eos
2778 4185 2867 4254 qui
2898 4187 3171 4255 quondam
3202 4207 3311 4248 non
3346 4205 3505 4251 erant
3553 4201 3786 4269 p0pulus,

2234 4278 2381 4320 nunc
2411 4270 2670 4338 populum
2713 4273 2875 4331 habet
2904 4276 3022 4345 Dei,
3077 4291 3299 4353 propter
3346 4288 3494 4356 quod
3539 4292 3792 4360 possessio

2236 4363 2380 4407 recte
2407 4357 2799 4415 nominabitur.
2832 4361 2908 4419 De
2930 4365 3032 4422 hac
3067 4376 3210 4425 terra
3240 4372 3507 4431 Dominus
3559 4380 3789 4435 dicebat:

2231 4444 2332 4509 Qui
2360 4463 2479 4501 vero
2511 4450 2568 4503 in
2600 4460 2795 4508 terram
2814 4455 3004 4512 bonam
3036 4462 3326 4541 seminatus
3351 4476 3448 4533 est,
3478 4469 3563 4522 hic
3597 4482 3667 4525 est
3709 4473 3786 4541 qui

1576 4520 1855 4587 pulverem
1917 4544 2118 4589 rasura:
2149 4542 2193 4599 Ι)
2223 4538 2373 4594 audit
2394 4540 2600 4595 verbum
2618 4553 2667 4596 et
2688 4544 2931 4617 intelligit
2948 4550 3013 4604 ⁸⁸.
3030 4539 3232 4609 Βοωυέ
3249 4556 3393 4611 enim
3412 4569 3616 4616 nostra:
3632 4563 3789 4619 Eccle-

2224 4631 2321 4688 siae
2347 4644 2495 4702 sunt,
2525 4635 2593 4690 de
2620 4638 2816 4707 quibus
2842 4639 3043 4698 Paulus
3073 4645 3286 4702 dicebat
3304 4666 3316 4701 :
3336 4648 3394 4704 Si
3424 4655 3719 4720 tardavero,
3738 4669 3784 4709 ut

2221 4724 2361 4777 scias
2382 4729 2635 4796 quomodo
2656 4741 2704 4783 te
2723 4744 2961 4801 oporteat
2981 4737 3034 4790 in
3056 4740 3208 4793 domo
3224 4740 3323 4796 Dei
3348 4750 3665 4808 conversari,
3685 4765 3783 4817 qua'

2220 4825 2293 4869 est
2326 4818 2542 4883 ecclesia
2574 4819 2671 4874 Dei
2698 4824 2799 4878 vivi
2825 4827 2892 4882 θ’.
2922 4828 2981 4882 In
3004 4829 3109 4896 his,
3143 4834 3442 4888 secundum
3475 4836 3640 4900 LXX,
3672 4840 3781 4893 dare

2218 4921 2277 4961 se
2310 4910 2573 4964 maculam
2600 4913 2762 4982 leprte
2792 4914 2931 4973 Deus
2945 4921 3234 4989 promittit.
3262 4922 3415 4989 Quod
3448 4928 3779 4983 manifestam

2219 4998 2333 5068 ipsa
2358 5000 2677 5070 legislatoris
2718 5007 2913 5074 verba;
2938 5025 3060 5065 cum
3088 5012 3234 5067 enim
3270 5014 3499 5071 dixisset
3529 5036 3541 5072 :
3567 5019 3635 5073 Et
3664 5021 3777 5073 dabo

2218 5090 2479 5145 maculam
2508 5093 2664 5163 lepra:
2684 5098 2739 5151 in
2764 5098 3023 5167 domibus,
3057 5112 3198 5157 terra
3222 5110 3563 5173 possessionis
3594 5124 3771 5164 vestris.

2210 5453 2520 5519 passionem
2546 5468 2648 5527 est,
2680 5463 2825 5531 quod
2863 5480 2973 5520 non
2998 5478 3083 5523 est
3105 5471 3394 5541 cujuslibet
3418 5477 3570 5544 doni,
3602 5486 3654 5533 et
3682 5477 3766 5532 tale

2210 5543 2368 5611 quale
2396 5545 2565 5603 Deum
2592 5554 2858 5610 condecet
2880 5557 3164 5629 impertiri.
3207 5562 3262 5618 Si
3302 5565 3450 5621 enim
3473 5568 3630 5624 decet
3665 5583 3761 5624 me-

2209 5635 2409 5705 dicum,
2447 5653 2506 5695 ut
2536 5657 2645 5698 non
2669 5649 2932 5705 concedat
2959 5663 3218 5720 mgrotum
3242 5659 3487 5727 quaedam
3510 5661 3760 5716 mortifera

1582 5752 1627 5784 "
1656 5753 1857 5858 ἐξιξηι.
1899 5778 2019 5830 vui,
2054 5764 2104 5820 '7.
2167 5768 2228 5858 l”
2256 5766 2396 5825 Psal.
2431 5790 2466 5837 ι,
2501 5774 2555 5828 2.
2632 5778 2677 5810 ⁸⁸
2707 5779 2809 5834 lsa.
2849 5785 3197 5858 xx;vn_u_,_M.
3276 5789 3321 5819 ⁸⁷
3353 5789 3452 5845 lsa.
3489 5808 3607 5858 XLV,
3638 5790 3755 5857 6,7.

1660 5826 1679 5858 6
1770 5831 1846 5858 ιιι-1
1905 5848 2065 5858 --.-..--
2127 5839 2154 5858 ιη
2290 5841 2331 5858 ιι
2370 5840 2412 5858 ιι
2457 5846 2513 5858 .-ι
2755 5851 2818 5858 Α..

1660 5826 1707 5859 ⁵ο
1726 5826 1867 5887 Psal.
1903 5826 2089 5903 cxvin,
2127 5837 2211 5895 7i.

2290 5841 2333 5872 ⁶¹
2367 5840 2556 5901 Matth.
2602 5864 2721 5917 xm,
2750 5851 2839 5907 23.
2920 5856 2963 5887 "
3004 5840 3181 5911 ιΤῑω.
3220 5873 3300 5923 tu,
3336 5840 3423 5916 iii:
