4046 6414
216 398 327 461 961

1366 377 1451 439 ΙΝ
1492 372 1935 437 LEVITICUM.
1967 394 2032 403 -
2069 367 2215 427 LIB.
2253 368 2349 426 Ν.

3394 360 3498 423 £62

219 519 410 578 agere,
436 503 595 560 decet
621 510 677 557 et
695 500 865 555 Deum
893 510 1003 552 non
1056 488 1357 549 concedere
1386 483 1682 557 peccatori,
1729 482 1811 535 in—
1842 488 1883 542 Α
1915 492 2079 548 super
2132 492 2253 539 nos,
2281 476 2516 531 liberans
2543 486 2646 527 nos
2671 471 2740 528 ab
2792 470 2878 526 liis
2928 470 3128 541 quibus
3151 468 3357 526 dudum
3386 485 3503 523 ser-

220 572 607 655 sensibilitatis
632 592 823 648 morbo
864 586 1075 643 diutius
1122 578 1374 643 detineri,
1403 592 1474 632 ne
1503 576 1559 630 in
1586 572 1811 644 profun—

220 690 362 746 dum
384 686 581 743 interni
614 698 850 755 peccans
887 681 943 735 in
974 687 1240 733 aeternum
1292 679 1434 731 ruat,
1468 668 1617 740 quod
1643 664 1811 720 David

219 797 395 838 orans
418 780 631 835 dicebat
666 794 680 831 :
718 774 799 830 Ne
824 782 1032 829 avertas
1056 770 1246 841 faciem
1275 777 1421 820 tuam
1451 781 1483 818 a
1506 778 1608 827 me,
1637 770 1685 814 et
1726 773 1813 812 ero

221 872 425 928 similis
455 866 883 924 descendentibus
907 864 962 915 in
990 861 1168 915 lacum
1216 857 1284 909 ⁶³.
1308 853 1424 909 Hoc
1454 854 1658 907 donum
1690 863 1816 902 sen-

222 980 325 1021 sus
356 962 610 1017 Ecclesize
631 959 822 1015 datur:
850 955 1144 1027 Synagoga:
1167 960 1348 1007 autem
1378 946 1688 1004 Iudaeorum
1706 958 1814 997 non

224 1059 415 1122 datur,
443 1053 587 1123 quod
612 1049 962 1105 manifestum
983 1052 1067 1099 est
1097 1059 1164 1098 ex
1192 1057 1259 1097 eo
1301 1039 1445 1110 quod
1508 1036 1622 1106 ipse
1673 1034 1817 1088 Deus

228 1165 331 1219 per
366 1146 504 1202 Osee
535 1143 859 1214 prophetam
886 1140 994 1194 ait:
1030 1135 1293 1203 Quoniam
1344 1131 1444 1185 nisi
1487 1145 1606 1183 cum
1652 1143 1818 1182 mere-

229 1240 453 1295 tricibus
484 1234 850 1299 versabantur,
869 1242 915 1287 et
939 1246 1057 1286 cum
1075 1224 1384 1299 eﬂeminatis
1421 1219 1817 1290 sacriﬁcabant.

233 1332 303 1386 Et
333 1330 556 1401 populus
578 1343 681 1382 non
709 1324 1006 1395 intelligens
1055 1318 1329 1390 vapulabit
1357 1315 1424 1370 ⁸⁸⁸.
1455 1315 1523 1370 Et
1569 1326 1762 1367 rursus
1801 1324 1816 1363 :

229 1426 390 1480 Dedit
424 1424 499 1477 eis
524 1421 662 1475 Deus
690 1419 937 1489 spiritum
967 1409 1396 1482 compunctionis,
1428 1406 1603 1461 oculos
1635 1414 1690 1458 ut
1720 1419 1821 1457 non

229 1518 471 1583 videant,
496 1526 541 1569 et
572 1529 728 1567 aures
756 1520 812 1565 ut
835 1525 939 1564 non
955 1508 1179 1561 audiant
1206 1505 1271 1556 ⁸⁸.
1294 1502 1474 1556 Alium
1502 1499 1665 1554 etiarn
1698 1512 1823 1567 pro-

235 1611 463 1681 phetam
537 1604 867 1669 audivimus,
942 1600 1215 1656 dicentem
1250 1614 1262 1649 :
1301 1592 1616 1650 Clauserunt
1650 1588 1824 1643 oculos

238 1717 387 1764 suos,
414 1708 471 1752 ut
505 1714 607 1752 non
633 1697 888 1758 viderent,
912 1700 961 1746 et
988 1706 1143 1744 aures
1170 1704 1294 1742 suas
1322 1690 1703 1756 aggravarunt,
1763 1696 1826 1735 ne

237 1790 489 1844 audirent
510 1788 598 1841 ⁶⁶ς
662 1792 853 1855 utpote
902 1797 933 1837 a
978 1782 1127 1852 justo
1140 1778 1326 1850 judice
1360 1791 1427 1831 ex
1449 1789 1550 1830 suo
1602 1780 1827 1843 peccato

165 1904 171 1909 ·
238 1881 568 1953 puniuntur.
616 1876 862 1933 Ecclesia
903 1884 1086 1929 autem
1129 1887 1240 1926 non
1297 1870 1373 1925 ita
1401 1908 1416 1934 ,
1468 1868 1564 1924 sed
1613 1866 1828 1937 quoties

237 1983 455 2047 peccat,
485 1971 615 2027 facit
639 1986 757 2026 eam
784 1970 928 2024 Deus
970 1965 1173 2020 sentire
1220 1971 1523 2039 peccatum.
1572 1960 1729 2017 Unde
1772 1967 1829 2014 et

236 2078 366 2119 eum
385 2062 475 2133 qui
498 2062 553 2116 in
582 2059 845 2115 Corintho
883 2056 1184 2113 fornicatus
1214 2062 1318 2118 est,
1353 2052 1552 2107 Paulus
1612 2052 1828 2105 Satanae

239 2154 490 2217 tradidit,
518 2162 579 2207 ut
601 2150 835 2207 alllietus
863 2150 931 2203 ab
958 2163 1045 2215 eo,
1087 2154 1371 2217 peccatum
1397 2143 1661 2198 sentiret:
1697 2142 1827 2195 Tra-

238 2248 375 2310 didi,
398 2245 675 2316 inquiens,
710 2258 831 2297 eum
874 2241 964 2311 qui
997 2238 1300 2309 hujusmodi
1361 2246 1457 2302 est,
1485 2235 1672 2305 angelo
1724 2232 1827 2287 Sa-

242 2350 387 2393 tanta
432 2338 488 2389 in
527 2335 802 2389 interitum
846 2333 1023 2386 carnis
1049 2331 1093 2362 ⁸⁷
1144 2346 1158 2383 ;
1223 2328 1421 2383 similia
1463 2326 1827 2397 praesentibus

246 2428 574 2501 legislatoris
597 2426 778 2481 verbis
798 2424 1008 2480 dicens.
1042 2421 1109 2476 Et
1129 2421 1222 2475 hic
1243 2420 1484 2493 quidem,
1522 2417 1823 2471 secundum

245 2520 390 2576 LXX
414 2562 428 2585 ,
462 2520 630 2585 Dabo,
657 2518 854 2589 inquit,
879 2515 1146 2571 maculam
1184 2515 1361 2582 lepra’,
1394 2528 1504 2566 non
1539 2512 1691 2580 quasi
1742 2512 1825 2564 in-

242 2624 472 2687 gerente
494 2614 607 2668 Deo
636 2613 866 2682 lepram,
902 2609 996 2664 sed
1035 2608 1185 2663 velut
1236 2616 1525 2661 exercente
1555 2614 1718 2674 atque
1739 2620 1827 2658 ar-

241 2716 467 2777 gucnte.
500 2704 597 2759 Ille
628 2714 810 2758 autem
857 2700 935 2755 ait
969 2717 983 2758 :
1041 2700 1257 2754 Tradidi
1305 2697 1606 2767 Imjusmodi
1644 2696 1830 2767 angelo

242 2801 501 2862 Satanae;
524 2797 673 2867 atqui
699 2804 982 2865 acceperat
1013 2807 1138 2848 eum
1175 2792 1305 2846 olim
1329 2807 1425 2861 per
1449 2790 1692 2844 illicitam
1720 2790 1831 2845 lor-

243 2895 604 2958 nicationem,
624 2892 721 2947 sed
761 2900 820 2945 ut
847 2888 1040 2960 majori
1100 2895 1370 2959 potestate
1403 2886 1470 2941 ab
1496 2901 1563 2942 eo
1598 2886 1831 2956 castiga-

248 2997 361 3051 tus,
392 2987 472 3039 ait
500 2985 648 3040 enim
681 3001 695 3038 :
722 2984 782 3039 In
812 2983 1088 3038 interitum
1142 2981 1340 3045 carnis,
1379 2988 1437 3033 ut
1474 2979 1691 3049 spiritus
1717 2978 1829 3031 sal—

244 3094 342 3131 vus
370 3077 489 3146 ﬁat,
514 3090 734 3130 sensum
758 3073 969 3144 peccati
998 3073 1326 3143 perciperet,
1346 3070 1606 3140 ﬁeretque
1641 3085 1829 3125 emen—

249 3170 434 3225 datior
465 3185 478 3220 :
512 3168 674 3222 simul
703 3170 865 3222 etiam
907 3177 969 3221 ut
1015 3165 1462 3221 manifestaretur
1510 3163 1655 3228 aliis,
1693 3178 1831 3232 qua-
1863 3179 1905 3237 ε

257 3273 422 3317 tenus
448 3277 572 3315 eum
601 3260 824 3315 minime
854 3260 1093 3315 debeant
1130 3257 1353 3313 imitari.
1390 3255 1497 3310 Sed
1527 3265 1609 3310 est
1640 3255 1836 3309 domus

247 3354 371 3407 haec
413 3362 571 3407 terrae
600 3351 989 3421 possessionis,
1033 3349 1086 3404 id
1110 3358 1193 3404 est
1224 3346 1481 3403 Eeclesiis
1500 3345 1837 3400 luereditatis

248 3446 527 3517 gentium.
554 3444 682 3501 Cum
708 3445 928 3516 ingressi
954 3443 1180 3514 fueritis,
1225 3440 1426 3510 Moyses
1449 3447 1497 3493 et
1518 3439 1701 3491 Aaron
1730 3480 1744 3502 ,
1781 3438 1837 3489 in

248 3549 453 3594 terram
483 3537 926 3592 Chananteorum.
957 3533 1219 3600 Quaenam
1255 3542 1339 3587 est
1367 3530 1525 3586 haec?
1558 3527 1730 3594 Quam
1747 3545 1839 3598 ego

248 3631 392 3686 dabo
422 3630 561 3683 vobis
597 3631 651 3683 in
693 3628 1092 3698 possessionem.
1141 3625 1278 3692 Quia
1302 3638 1432 3695 ergo
1475 3631 1685 3693 septem
1736 3637 1839 3674 nu-

248 3738 412 3777 mero
432 3730 642 3791 gentes,
674 3721 724 3776 id
756 3730 840 3775 est
865 3718 1180 3783 Chananzei,
1205 3715 1500 3779 Pherezaai,
1546 3712 1838 3784 Gergesaei,

249 3813 586 3879 Amorrhzei,
643 3811 914 3878 Gebuszei,
964 3809 1193 3875 (lethaei,
1241 3819 1296 3862 et
1324 3806 1587 3871 Uaradrei,
1640 3815 1838 3860 terram

252 3906 589 3976 promissam
629 3904 863 3960 Abrabze
897 3902 1271 3974 possidebant.
1318 3900 1613 3969 Imaginem
1659 3908 1839 3952 autem

251 3996 526 4067 gerebant
554 3997 632 4050 hae
664 4004 877 4066 septem
926 3994 1238 4063 iniquorum
1262 3992 1574 4062 spirituum,
1609 3992 1677 4046 de
1718 3992 1840 4059 qui-

251 4090 363 4145 bus
394 4088 661 4143 Dominus
688 4088 743 4141 in
770 4086 1078 4159 Evangeliis
1100 4086 1270 4141 dicit:
1327 4084 1459 4139 Cum
1495 4084 1715 4154 spiritus
1739 4086 1842 4137 im-

254 4183 489 4236 mundus
533 4182 715 4235 eazierit
744 4180 810 4234 ab
835 4181 1063 4245 homine,
1098 4186 1327 4232 assumet
1351 4177 1482 4231 alios
1512 4186 1707 4246 septem
1730 4178 1843 4244 spi-

256 4274 421 4337 ritus,
452 4273 723 4342 nequiores
743 4287 818 4337 se,
848 4280 897 4325 et
920 4268 1129 4323 habitat
1154 4270 1210 4322 in
1238 4270 1463 4334 homine,
1498 4268 1647 4338 cujus
1673 4268 1845 4321 novis-

253 4367 398 4420 sima
457 4374 580 4419 sunt
618 4364 879 4418 deteriora
926 4362 1187 4433 prioribus
1214 4360 1278 4414 ⁸⁸.
1322 4359 1384 4413 lli
1417 4369 1597 4414 autem
1621 4359 1845 4429 spiritus

257 4471 451 4512 veram
508 4464 711 4510 terram
737 4453 1066 4524 promissam
1114 4452 1218 4521 ipsi
1249 4452 1503 4519 Abrahae,
1535 4451 1587 4506 id
1614 4462 1697 4505 est
1715 4467 1846 4522 gen-

258 4551 404 4604 tium
454 4547 827 4603 hzereditatem
885 4545 1256 4617 possidebant,
1306 4544 1409 4614 ipsi
1458 4545 1603 4599 enim
1640 4544 1844 4599 dictum

257 4650 350 4696 est
403 4655 419 4693 :
475 4638 615 4705 Quia
668 4649 875 4708 patrem
926 4636 1216 4690 multarum
1265 4637 1500 4708 gentium
1526 4636 1675 4705 posui
1703 4645 1751 4689 te
1777 4636 1845 4688 “.

259 4732 499 4798 Quando
516 4731 726 4802 Moyses
749 4739 804 4785 et
830 4731 1031 4793 Aaron,
1058 4730 1141 4782 lex
1168 4728 1421 4783 videlicet
1464 4736 1519 4781 et
1544 4727 1845 4797 prophetae,

260 4826 468 4881 borum
496 4822 642 4878 enim
671 4822 895 4893 ﬁguram
944 4822 998 4877 hi
1050 4830 1265 4894 gerunt,
1317 4820 1443 4891 quia
1468 4821 1648 4875 Aaron
1703 4818 1851 4891 Moy-

263 4930 417 4981 seos,
454 4913 548 4985 qui
598 4913 825 4985 ﬁguram
878 4914 1009 4986 legis
1031 4915 1171 4985 gerit
1218 4913 1483 4984 prepheta
1505 4926 1626 4967 esse
1673 4911 1851 4966 dictus

263 5018 375 5073 est,
404 5007 635 5079 ingressi
664 5006 869 5060 fuerint
892 5005 1035 5061 inter
1075 5013 1286 5076 gentes,
1314 5013 1445 5059 tunc
1472 5019 1569 5074 per
1595 5018 1690 5058 eos
1706 5002 1855 5057 Deus

268 5097 615 5169 tyrannidem
644 5097 953 5152 obtinentes
981 5097 1034 5151 in
1061 5096 1335 5167 gentibus,
1366 5095 1457 5164 qui
1488 5103 1621 5148 sunt
1652 5091 1856 5147 intelli-

267 5189 487 5261 gibiles,
514 5186 853 5243 Chananaeos
878 5186 1166 5258 prmdictos
1188 5185 1405 5255 expellit
1435 5185 1662 5255 Spiritus
1690 5199 1704 5235 :
1732 5197 1858 5253 pos-

269 5281 577 5337 sessionem
601 5288 785 5334 autem
797 5279 945 5349 'legis
969 5288 1025 5334 et
1050 5278 1464 5349 prophetarum,
1492 5286 1548 5331 et
1576 5276 1694 5331 haec
1718 5290 1859 5346 prse-

270 5372 575 5427 dicantium
603 5372 720 5441 ipse
742 5385 861 5425 esse
888 5370 1136 5425 concedit
1160 5378 1368 5441 gentes,
1404 5368 1497 5439 qui
1520 5383 1613 5423 eas
1639 5366 1859 5438 proprio

274 5462 564 5533 sanguine,
594 5470 702 5515 tam
738 5476 834 5531 per
861 5461 1189 5516 oblationem
1218 5459 1668 5532 regenerationis,
1692 5473 1855 5529 quam

277 5553 698 5609 renovationem
725 5553 899 5608 sancti
935 5552 1191 5623 Spiritus,
1217 5567 1380 5622 quem
1415 5550 1610 5606 effudit
1641 5550 1856 5607 abunde

354 5748 399 5779 ⁸³
430 5746 572 5804 Psal.
602 5763 765 5815 cxtu,
795 5749 847 5802 7.
943 5746 989 5778 “
1014 5746 1152 5802 Osee
1174 5761 1248 5810 tv,
1272 5746 1359 5800 lt.

1457 5745 1501 5775 ⁸⁸
1541 5744 1697 5798 Rom.
1739 5757 1814 5801 xl.
1852 5740 1905 5794 8.

284 5817 380 5885 45,
407 5819 496 5875 Η.
572 5820 616 5851 ⁸⁸
647 5806 787 5875 Gen.
820 5834 955 5883 xvn,
988 5820 1039 5874 ι.
1117 5816 1163 5847 ⁷⁰
1192 5806 1295 5871 lsa.
1338 5831 1484 5881 xxvi,
1518 5814 1603 5868 l5.
1681 5814 1723 5846 τί
1756 5812 1835 5864 lto

1947 5824 2059 5875 xvr,
2093 5806 2177 5861 19.

1912 570 2216 633 viebamus,
2243 577 2301 622 ut
2330 575 2382 621 et
2414 566 2467 620 hi
2495 565 2586 636 qui
2629 579 2695 619 ex
2747 562 3041 634 generibus
3092 570 3241 626 sunt,
3290 560 3504 630 possint

1914 662 2067 716 lsaize
2095 659 2381 715 Canticum
2399 657 2580 712 dicere
2612 672 2625 708 :
2656 655 2881 711 Damine
2906 654 3045 708 Deus
3083 662 3278 717 noster,
3325 667 3502 721 posse-

1914 755 2101 808 derunt
2130 769 2219 805 nos
2247 750 2446 803 domini
2479 750 2671 819 absque
2691 758 2760 812 te,
2788 756 2999 801 tantum
3020 747 3076 799 in
3097 755 3146 799 te
3165 744 3502 798 recordemur

1916 846 2142 900 nominis
2167 845 2243 897 tui
2270 845 2335 895 ⁷ο.
2359 841 2709 910 Quaecunque
2740 850 2922 895 autem
2952 838 3071 909 ejus
3098 837 3375 909 possessio
3393 844 3498 899 est,

1915 938 2079 992 etiam
2106 950 2387 992 servorum
2436 934 2920 1001 ministrorumque
2947 932 3067 1001 ejus
3096 930 3285 999 procul
3330 928 3501 982 dubio

1917 1037 2022 1082 est.
2050 1027 2189 1098 Ergo
2215 1027 2431 1096 quando
2456 1025 2739 1095 prophetae
2786 1034 2838 1077 et
2861 1023 2945 1077 lex
2974 1022 3028 1075 in
3056 1020 3300 1093 gentium
3325 1019 3499 1072 haere-

1918 1120 2143 1176 ditatem
2192 1116 2425 1189 ingressi
2479 1115 2703 1179 fuerint,
2754 1114 3128 1168 ministrantes
3178 1109 3502 1180 evangelicae

1918 1212 2316 1284 praedicationi,
2369 1219 2426 1265 et
2474 1224 2539 1264 ea
2590 1224 2712 1278 qure
2758 1223 2905 1261 nunc
2954 1207 3021 1260 de
3074 1203 3506 1274 intelligibilibus

1920 1305 2177 1361 domibus
2202 1305 2345 1359 dicta
2374 1312 2524 1369 sunt,
2553 1315 2817 1373 apparere
2843 1300 3146 1370 potuerint.

1997 1420 2098 1475 Ibit
2127 1419 2277 1488 cujus
2300 1427 2375 1472 est
2403 1418 2609 1480 domus,
2645 1414 2896 1468 nuntians
2913 1412 3199 1475 sacerdoti,
3237 1419 3287 1465 et
3318 1411 3455 1465 dicet
3482 1423 3508 1466 :

1884 1564 1891 1569 .
1924 1514 2091 1579 Quasi
2117 1512 2276 1583 plaga
2314 1511 2471 1579 lepra:
2495 1509 2701 1562 videtur
2765 1505 2894 1559 mihi
2946 1505 3122 1558 essein
3162 1504 3316 1556 domo
3363 1515 3507 1556 mea.

1924 1609 2056 1674 Quae
2083 1605 2228 1660 enim
2257 1613 2385 1661 sunt
2410 1601 2723 1658 domestica:
2763 1598 3041 1661 Ecclesiae,
3103 1604 3162 1650 ut
3220 1602 3509 1665 propterea

1926 1698 2069 1756 dicat
2100 1714 2115 1751 :

2004 1830 2110 1884 Ibit
2149 1830 2300 1899 cujus
2328 1828 2641 1882 estdomus.
2691 1824 2989 1879 Audiamus
3035 1819 3263 1875 Paulum
3318 1816 3512 1871 dicen-

1932 1932 2037 1977 tem
2070 1939 2082 1975 :
2134 1920 2377 1976 Salutate
2407 1918 2671 1984 Priscum,
2701 1925 2748 1971 et
2796 1915 3066 1986 Aquilam,
3096 1921 3142 1966 et
3170 1908 3514 1967 domesticam

1930 2032 2109 2069 eorum
2160 2014 2433 2068 ecclesiam
2454 2012 2519 2065 ".
2551 2010 2654 2077 Qui
2707 2024 2836 2080 ergo
2864 2008 2992 2062 huic
3030 2012 3249 2075 praeest,
3272 2002 3317 2055 si
3346 1997 3516 2055 sentit

1931 2106 2134 2175 lepram
2159 2103 2572 2174 intelligibilem,
2628 2099 2681 2154 id
2720 2106 2821 2159 est.
2851 2098 2893 2151 si
2923 2096 3075 2150 malae
3104 2104 3155 2147 ct
3183 2092 3364 2162 impia
3415 2090 3513 2144 do-

1930 2200 2117 2255 ctrinae
2171 2211 2393 2253 sensum
2430 2194 2740 2265 quempiam
2782 2184 3516 2260 comprehenderit:timens

1929 2312 1999 2351 ne
2025 2295 2127 2349 hoc
2153 2292 2295 2364 quod
2318 2290 2527 2346 studuit
2553 2289 2621 2343 ad
2640 2286 2927 2357 justitiam,
2948 2283 3039 2336 ﬁat
3065 2283 3112 2335 ei
3136 2281 3200 2334 ad
3222 2277 3513 2348 judiciumv

1930 2388 2112 2444 veniat
2132 2386 2198 2440 ad
2228 2384 2588 2447 sacerdotem,
2642 2378 2734 2448 qui
2787 2378 3097 2430 discernere
3151 2378 3348 2442 potest,
3397 2367 3517 2437 ipse

1929 2480 2076 2536 enim
2104 2493 2215 2533 non
2245 2475 2491 2531 absolute
2531 2470 2784 2528 sacerdos
2826 2476 2928 2533 est,
2965 2464 3108 2535 quod
3162 2459 3516 2515 rnanit‘cslum

1929 2581 2015 2627 est
2042 2588 2108 2627 ex
2134 2570 2222 2624 his
2250 2584 2370 2640 qua:
2407 2581 2600 2621 rursus
2626 2564 2827 2618 Paulus
2864 2560 2929 2613 ad
2957 2559 3309 2613 Colossenscs
3340 2552 3519 2622 scrip-

1931 2666 2004 2724 sit
2031 2680 2045 2718 :
2075 2663 2316 2719 Salutate
2340 2659 2661 2730 Nympham,
2717 2665 2765 2709 et
2812 2654 3148 2708 domesticam
3193 2649 3306 2718 ejus
3356 2643 3521 2699 eccle-

1931 2759 2069 2812 siam
2092 2757 2163 2809 τ’.
2226 2751 2366 2819 Quia
2418 2749 2573 2804 multi
2638 2757 2865 2818 propter
2914 2745 3089 2799 zelum
3157 2749 3213 2797 et
3259 2738 3521 2810 pietatem

1934 2850 2196 2906 ecclesias
2224 2844 2552 2902 domesticas
2580 2840 3000 2903 constituentes,
3050 2836 3105 2890 in
3134 2834 3215 2889 eis
3266 2833 3523 2887 doctores

1934 2943 2266 3005 divinorum,
2295 2938 2702 3003 ministrosque,
2729 2945 2945 2986 necnon
2973 2929 3039 2982 ad
3075 2924 3522 2981 communionem

1936 3046 2103 3105 atque
2133 3031 2552 3088 exsultationem
2596 3040 2782 3081 eorum
2812 3024 3225 3084 convenientes,
3256 3015 3522 3086 suscipie—

1936 3127 2089 3180 bant.
2129 3125 2181 3179 Is
2226 3138 2355 3194 ergo
2406 3120 2498 3191 qui
2528 3114 2972 3189 lmjusmodiest,
3018 3112 3118 3165 ibit
3144 3110 3213 3164 ad
3271 3123 3396 3163 eum
3423 3105 3518 3177 qui

1940 3220 2053 3272 veri
2083 3214 2369 3272 sacerdotii
2398 3213 2620 3283 ﬁgurato
2648 3208 2805 3281 gerit,
2833 3205 3023 3276 quales
3050 3204 3273 3258 luerunt
3298 3198 3521 3264 Petrus,

1939 3313 2023 3367 vel
2068 3313 2289 3373 Paulus,
2322 3306 2406 3360 vel
2448 3302 2788 3365 Timotheus,
2852 3297 3147 3367 eazterique
3196 3294 3289 3365 qui
3331 3306 3526 3348 eorum

1940 3404 2244 3459 doctrinam
2292 3398 2635 3464 virtutesque
2666 3391 3068 3453 custodierunt,
3122 3382 3526 3457 irreprehensi-

1942 3497 2077 3551 biles
2109 3498 2513 3564 permanentes.
2538 3486 2752 3555 Oportet
2783 3482 2922 3537 enim
2970 3481 3270 3550 episcopum
3297 3478 3530 3545 irrepre-

1940 3583 2237 3640 hensibilcm
2271 3598 2376 3635 esse
2403 3580 2471 3642 7’,
2508 3587 2565 3632 ut
2603 3586 2893 3647 propterea
2920 3571 3094 3642 possit
3146 3569 3326 3624 aliena
3378 3564 3530 3637 judi-

1942 3696 2067 3735 care
2090 3685 2334 3747 peccata.
2383 3672 2450 3727 Et
2479 3672 2672 3725 dicet:
2708 3667 2873 3733 Quasi
2919 3665 3077 3733 plaga
3115 3662 3273 3731 lepra:
3319 3660 3528 3713 videtur

1942 3771 2069 3825 mihi
2095 3784 2205 3822 esse
2231 3767 2285 3819 in
2311 3766 2485 3827 domo,
2524 3760 2575 3814 id
2604 3765 2708 3821 est,
2733 3770 2926 3810 sensus
2958 3751 3137 3821 impiae
3160 3747 3425 3805 doctrina:
3468 3745 3527 3800 in

1943 3878 2063 3917 mea
2095 3858 2393 3915 domestica
2429 3861 2653 3923 apparet
2700 3847 2965 3904 Ecclesia.
3010 3845 3076 3898 At
3113 3842 3200 3895 ille
3233 3838 3526 3909 prarcipiet,

1943 3965 1997 4008 ut
2021 3950 2530 4024 anferantuniversn
2565 3947 2628 3998 de
2662 3943 2853 4006 domo;
2887 3939 3000 3994 sive
3048 3945 3108 3991 ut
3163 3933 3303 3988 LXX
3332 3932 3528 3998 edunt,

1948 4046 2013 4099 Et
2040 4021 2306 4114 prtccipiet
2336 4038 2580 4095 sacerdos
2607 4036 2839 4104 detegere
2860 4033 3095 4090 domum,
3128 4036 3177 4080 et
3197 4042 3300 4079 non
3325 4021 3529 4093 ﬂorebit

1946 4141 1999 4193 in
2031 4152 2236 4191 omnem
2292 4133 2539 4194 domum;
2592 4128 2647 4181 id
2701 4132 2786 4180 est
2829 4142 2842 4179 :
2904 4120 3189 4190 Praecipiet
3270 4116 3531 4171 recedere

1945 4240 2164 4283 omnem
2198 4220 2458 4293 populum
2482 4217 2573 4287 qui
2617 4217 2671 4269 in
2707 4229 2771 4268 ea
2801 4211 3175 4282 colligebatur.
3204 4205 3303 4261 llic
3333 4215 3416 4259 est
3450 4215 3531 4257 te-

1947 4324 2095 4375 Ctum
2127 4315 2340 4377 demus,
2374 4309 2488 4364 sive
2518 4309 2872 4368 instructura,
2908 4302 3210 4358 secundum
3239 4298 3383 4369 quod
3416 4296 3529 4350 fre-

1946 4418 2177 4481 quenter
2205 4402 2562 4460 ostendimus.
2597 4397 2885 4454 Discedere
2914 4404 3096 4449 autem
3131 4406 3226 4448 eos
3249 4387 3529 4460 praecepit,

1879 4511 1920 4565 ι)
1951 4479 2002 4557 id
2055 4509 2138 4554 est
2204 4510 2371 4568 opere
2412 4492 2726 4556 ostendere,
2781 4486 2926 4559 quod
2984 4485 3151 4541 alieni
3181 4479 3532 4543 sintamalo,

1954 4592 2098 4665 quod
2132 4588 2382 4661 apparuit
2423 4587 2477 4640 in
2512 4581 2776 4647 Ecclesia,
2844 4587 2901 4633 et
2954 4592 3065 4632 non
3128 4572 3537 4630 communicent

1955 4701 2153 4758 preme,
2185 4696 2305 4752 qua:
2337 4688 2422 4733 est
2445 4675 2624 4746 impiis
2673 4670 2990 4743 ingerenda.
3030 4667 3262 4737 Propter
3285 4665 3429 4734 quod
3480 4670 3539 4717 et

1956 4780 2184 4849 Moyses,
2214 4771 2432 4844 quando
2478 4769 2687 4823 Dathan
2717 4776 2770 4821 et
2827 4765 3033 4819 Abiron
3080 4762 3145 4816 ad
3200 4759 3537 4830 puniendum

1958 4882 2122 4941 atque
2144 4863 2565 4923 discernendum
2588 4861 2925 4915 deducturus
2955 4865 3092 4921 erat,
3116 4853 3375 4909 recedere
3414 4850 3540 4905 reli-

1957 4977 2119 5034 quam
2152 4956 2577 5017 multitudinem,
2616 4960 2676 5005 ut
2718 4966 2825 5005 non
2860 4947 3156 5019 participes
3192 4942 3547 4998 edicerentur

1955 5067 2151 5125 plenae,
2194 5047 2456 5121 praecepit
2485 5061 2505 5105 ξ
2533 5045 2637 5100 hoc
2664 5051 2748 5098 est
2776 5042 2923 5097 enim
2958 5039 3105 5110 quod
3138 5037 3215 5092 ait
3257 5052 3270 5089 :

2028 5167 2108 5233 Ne
2127 5162 2401 5218 immunda
2436 5160 2571 5230 ﬁant
2598 5158 2777 5212 omnia
2841 5171 2958 5227 qua:
2990 5154 3044 5207 in
3066 5153 3219 5207 domo
3248 5158 3389 5204 sunt.
3450 5147 3545 5201 1η--

1962 5259 2226 5330 trabitque
2256 5264 2435 5327 postea
2470 5252 2609 5307 idem
2629 5250 2895 5315 sacerdos,
2927 5256 2984 5301 ut
3033 5244 3323 5300 consideret
3357 5243 3546 5295 domus

1967 5355 2191 5424 lepram.
2222 5350 2290 5405 Et
2308 5366 2425 5404 cum
2445 5347 2635 5401 viderit
2667 5347 2723 5400 in
2746 5342 3036 5415 parietibus
3062 5340 3230 5403 illius,
3253 5335 3407 5407 quasi
3431 5331 3547 5387 vul-

1968 5447 2177 5509 liculas,
2206 5444 2411 5515 pallore
2432 5444 2536 5498 sive
2555 5441 2746 5495 rubore
2761 5437 3042 5508 deformes.
3073 5432 3318 5488 Parietes
3352 5428 3548 5481 domus

1968 5547 2117 5596 recte
2147 5538 2404 5593 dicuntur
2426 5535 2483 5591 lii
2508 5533 2601 5606 qui
2627 5546 2747 5588 eam
2782 5528 3090 5591 continent,
3113 5524 3166 5579 id
3200 5517 3547 5588 est,ordines

2647 5728 2690 5759 ⁸⁷
2719 5726 2737 5780 l
2770 5725 2898 5781 Cor.
2932 5740 2986 5787 v,
3016 5722 3068 5777 5.
3146 5721 3191 5753 "'
3222 5717 3412 5773 Matth.
3446 5732 3543 5781 xu,

2012 5739 2057 5769 °°
2092 5736 2321 5790 Zachar.
2348 5749 2445 5796 vn,
2481 5730 2568 5784 il.
2647 5730 2690 5759 ⁸⁷
2719 5730 2737 5780 l
2770 5730 2898 5781 Cor.
2932 5740 2986 5787 v,
3016 5730 3068 5777 5.
3146 5730 3191 5753 "'
3222 5730 3382 5773 Matth

2012 5824 2035 5847 ’1
2093 5806 2174 5847 to.
2289 5804 2336 5837 η
2368 5801 2575 5847 Halms-
2616 5814 2690 5847 ιν.
2733 5797 2819 5847 15.
2934 5792 3020 5847 ⁷³1
3061 5791 3201 5846 Tim.
3233 5804 3317 5847 Ill.
3348 5789 3382 5842 2

3190 5832 3201 5846 .
3233 5828 3317 5861 ...,
3352 5828 3402 5842 -.

2289 5804 2336 5837 "
2368 5801 2575 5859 Coloss.
2614 5814 2690 5861 tv,
2733 5797 2819 5851 l5.
