4046 6450
584 412 689 476 9ΰ3

1786 401 2083 463 HESYCH
2094 398 2150 461 II
2190 399 2665 462 PRESBYTERI
3755 401 3835 462 liii

584 518 768 572 divina
798 511 1092 569 dicentium
1116 520 1281 581 atque
1311 505 1644 563 docentium.
1713 504 1791 559 Ex
1829 506 1921 578 his
1967 505 2169 576 quippe
2198 510 2242 565 Α
2272 505 2470 574 quibus
2497 504 2718 575 quando
2758 510 2928 561 sacrae
2949 505 3213 563 doctrina:
3229 519 3381 573 sunt,
3421 523 3537 563 non
3574 506 3836 578 incongrue

585 622 715 663 vere
743 605 997 662 consistit
1063 602 1326 665 Ecclesia,
1371 610 1425 655 et
1474 614 1583 654 non
1619 598 1763 653 sicut
1796 598 2020 668 quidam
2066 613 2171 667 pu-

588 710 726 765 tant,
761 716 827 754 ex
869 697 1025 767 lignis
1066 705 1230 766 atque
1260 694 1552 764 lapidibus.
1606 691 1763 748 Unde
1825 700 1882 746 et
1937 691 2168 763 Moyses,

584 792 806 862 quando
834 790 1089 860 colligere
1146 786 1442 858 jubebatur
1497 785 1821 850 Ecelesiam,
1863 800 1972 839 non
2005 784 2169 855 ligna,

584 893 641 937 et
678 883 903 953 lapides,
930 887 1236 948 caeteraque
1266 878 1486 939 similia,
1515 878 1610 932 sed
1639 876 1876 947 plebem,
1904 874 2170 939 seniores,

589 975 915 1043 Levitasque
942 972 1301 1028 convocabat.
1333 970 1647 1024 Secundum
1683 984 1846 1038 quam
1884 969 2047 1023 etiam
2086 982 2175 1021 ra-

592 1067 819 1127 tionem,
848 1064 1110 1128 Iacobus,
1158 1071 1214 1117 et
1246 1062 1480 1131 Ceplias,
1512 1070 1567 1116 et
1619 1059 1860 1115 Joannes
1910 1060 2175 1115 columnae

589 1159 847 1212 Ecclesiae
878 1157 1230 1225 dicebantur.
1284 1155 1425 1225 Ergo
1455 1154 1697 1225 parietes
1738 1162 1887 1208 recte
1940 1153 2174 1207 ministri

588 1266 891 1315 sacrorum,
921 1250 1282 1318 doctoresque
1322 1270 1334 1305 :
1403 1248 1765 1337 utpotezipsi
1823 1248 2175 1302 stabilitatem

594 1344 850 1398 Ecclesia:
873 1342 1164 1396 fulcientes
1224 1351 1283 1394 ut
1315 1340 1529 1410 plebem
1582 1340 1984 1410 quodammodo
2037 1340 2178 1393 intra

590 1438 918 1507 semetipsos
953 1437 1293 1507 colligentes.
1323 1435 1759 1498 Pallensautem,
1797 1449 1892 1487 seu
1929 1442 1987 1487 ut
2014 1431 2175 1495 LXX,

590 1529 856 1593 viridans,
880 1536 935 1583 et
960 1528 1267 1582 rubicunda
1296 1526 1509 1581 macula
1534 1526 1712 1594 qualis
1732 1540 1921 1594 quaeve
1940 1525 2029 1588 sit,
2050 1524 2180 1578 satis

593 1619 985 1690 interpretatio
1020 1619 1385 1689 praecedentis
1407 1617 1707 1672 sanctionis
1739 1616 2000 1671 ostendit.
2047 1615 2181 1668 Esse

590 1713 737 1767 enim
778 1713 924 1767 illam
952 1728 1148 1767 vanam
1202 1712 1431 1782 gloriam
1494 1719 1659 1780 atque
1716 1709 2029 1780 superbiam
2087 1708 2179 1762 de-

591 1803 941 1857 monstravit.
976 1802 1051 1856 Ex
1080 1802 1279 1871 quibus
1346 1801 1582 1855 maxime
1650 1801 1891 1870 parietes
1925 1798 2181 1854 Ecclesia

590 1910 899 1965 corpusque
953 1910 1108 1950 sacra
1177 1894 1607 1949 ministrantium
1664 1894 2057 1961 doctorumque
2113 1890 2182 1944 ad

592 1988 766 2041 malas
826 2003 891 2041 ac
942 1986 1198 2052 nefarias,
1232 1986 1538 2055 impiasque
1590 1984 1868 2039 doctrinas
1932 1998 2184 2052 prorum-

592 2088 755 2151 punt.
808 2080 863 2134 Si
894 2096 1025 2150 ergo
1084 2088 1364 2150 aspectum
1408 2079 1698 2149 parietum,
1761 2077 2036 2131 valliculas
2087 2091 2181 2130 seu

592 2172 768 2227 fossas
801 2174 1113 2237 habentem,
1149 2174 1202 2228 id
1232 2184 1335 2240 cst,
1371 2173 1414 2228 si
1477 2173 1767 2227 humiliora
1825 2185 1979 2225 sacra
2021 2168 2183 2222 mini-

592 2266 907 2331 strantium,
934 2266 1018 2321 vel
1054 2265 1439 2337 magistrorum
1496 2265 1839 2335 opinionem,
1894 2262 2184 2318 valescen-

594 2363 816 2423 tcmque
848 2354 1249 2423 quodammodo
1277 2370 1342 2408 ex
1378 2354 1779 2424 comprehenso
1803 2361 2031 2423 peccato
2052 2366 2181 2421 per-

592 2448 858 2516 Spexerit,
894 2446 1213 2516 Egredietur
1239 2447 1431 2501 ostium
1489 2447 1695 2511 domus,
1735 2453 1783 2498 et
1818 2445 2002 2498 statim
2032 2443 2185 2497 clau-

592 2540 682 2593 det
711 2557 828 2593 eam
849 2550 1045 2607 septem
1070 2538 1271 2594 diebus.
1325 2539 1588 2594 Ecclesia:
1636 2538 1976 2593 moderatam
2034 2537 2187 2608 inge-

593 2633 1212 2703 rensincrepationem,
1246 2648 1351 2703 qua
1412 2632 1751 2702 paenitentia:
1806 2630 2037 2702 percipit
2096 2646 2189 2686 ve-

594 2722 763 2788 niam,
800 2733 855 2778 et
878 2724 1203 2778 absolvitur.
1231 2722 1590 2794 Septenarius
1620 2737 1752 2794 ergo
1790 2737 2053 2777 numerus
2069 2737 2190 2792 pec-

594 2815 703 2868 cati
744 2816 958 2869 veniam
1000 2814 1294 2892 significat.

666 2906 1024 2977 Reversusquc
1050 2908 1134 2961 die
1174 2907 1395 2976 septima
1427 2906 1779 2960 considerabit
1812 2923 1929 2961 eam
1976 2907 2062 2961 :si
2110 2908 2192 2961 in-

596 3001 793 3052 venerit
813 3000 1035 3053 crevisse
1059 2999 1282 3067 lepram,
1303 2999 1505 3067 jubebit
1536 3000 1649 3052 erui
1669 2998 1893 3067 lapides,
1926 3001 1979 3051 in
2004 2999 2190 3069 quibus

597 3088 747 3161 lepra
767 3101 866 3156 est,
889 3100 937 3143 et
959 3091 1151 3159 projici
1173 3108 1260 3144 eos
1288 3100 1439 3143 extra
1466 3091 1729 3143 civitatem
1760 3091 1813 3143 in
1830 3090 2190 3144 locoimmun-

2274 596 2476 649 dicitur
2518 615 2530 649 :
2573 595 2800 666 Lapides
2824 600 2996 651 sancti
3030 600 3311 654 volvuntur
3361 617 3525 669 super
3582 607 3842 657 terram".

2277 687 2340 742 Et
2367 704 2557 743 rursus
2595 705 2608 741 :
2639 688 2948 761 Quicunque
2981 692 3321 761 wdiﬁcaverit
3352 710 3516 762 super
3556 694 3845 763 fundamen-

2276 790 2386 834 tum
2412 782 2508 835 hoc
2535 798 2752 848 aurum,
2774 793 3076 854 argentum,
3114 784 3317 854 lapides
3346 786 3687 856 pretiosos.”
3708 792 3721 804 '
3740 787 3849 841 Pul-

2277 891 2460 929 verem
2480 890 2612 930 vero
2639 891 2759 930 eam
2793 892 2915 946 qua:
2954 877 3289 948 participalis
3319 889 3426 943 est,
3459 878 3851 947 interpretatio.

2277 982 2401 1021 nem
2443 977 2605 1037 atque
2638 968 2967 1037 doctrinam,
2998 969 3113 1039 ipse
3144 970 3357 1039 Moyses
3387 970 3679 1041 legislator
3706 972 3855 1041 signi-

2279 1060 2423 1125 ficat,
2457 1062 2755 1115 secundum
2773 1060 2934 1117 LXX.
2965 1062 3195 1128 Quando
3224 1080 3354 1135 ergo
3385 1064 3855 1118 Deuteronomium

2279 1153 2404 1207 filiis
2437 1154 2605 1209 Israel
2635 1154 2852 1217 edebat,
2889 1154 3008 1210 haec
3039 1155 3106 1209 ad
3152 1171 3255 1210 nos
3301 1156 3526 1212 dicebat
3579 1170 3594 1206 :
3650 1154 3719 1209 Et
3777 1161 3855 1211 erit

2280 1260 2591 1315 quacunque
2636 1245 2721 1297 die
2745 1247 3066 1316 transgressi
3104 1247 3313 1316 fueritis
3369 1247 3632 1301 Iordanis
3662 1256 3859 1312 terram,

2281 1353 2439 1406 quam
2470 1336 2725 1389 Dominus
2754 1335 2892 1391 Deus
2922 1347 3041 1391 tuus
3062 1339 3229 1405 dabit,
3253 1349 3457 1393 statues
3487 1340 3701 1408 lapides
3717 1358 3861 1409 grau-

2280 1431 2402 1494 des,
2441 1439 2490 1483 et
2522 1428 2673 1483 linies
2709 1445 2794 1483 eos
2829 1429 3076 1499 pulvere,
3118 1441 3166 1485 et
3216 1433 3408 1486 scribes
3459 1449 3631 1500 super
3684 1432 3862 1501 lapides

2282 1537 2459 1574 omnes
2481 1536 2743 1574 sermones
2766 1520 2895 1592 legis
2939 1521 3099 1591 hujus
3128 1523 3192 1574 ⁷⁸.
3229 1521 3435 1576 Deinde
3484 1521 3737 1592 lapidum
3770 1523 3860 1577 vim

2282 1613 2525 1677 tradens,
2566 1612 2811 1682 apertius
2835 1613 3047 1668 addidit
3088 1632 3100 1667 ε
3160 1612 3227 1667 Et
3251 1614 3444 1667 scribes
3474 1630 3643 1681 super
3686 1613 3862 1682 lapides

2281 1720 2487 1758 omnem
2519 1704 2681 1774 legem
2719 1705 2854 1758 hanc
2885 1717 3010 1773 apte
3068 1706 3244 1759 nimis.
3282 1704 3446 1776 Lapis
3474 1715 3668 1759 autem
3712 1706 3861 1777 legem

2283 1813 2392 1851 non
2423 1797 2697 1866 explanat,
2722 1798 2816 1852 sed
2845 1798 3143 1868 explanant
3174 1814 3295 1853 eam
3323 1796 3727 1868 exponentium
3747 1798 3861 1868 dog-

2284 1901 2426 1945 mata
2461 1903 2627 1963 atque
2672 1902 3073 1964 syngrammata
3125 1906 3189 1946 ac
3229 1892 3573 1961 participalis
3608 1890 3862 1960 interpre-

2284 1986 2417 2039 tatio
2442 2002 2453 2037 :
2484 2000 2716 2055 quorum
2755 1986 2856 2040 hoc
2882 1985 3102 2055 quidem
3134 2000 3231 2056 per
3255 1984 3487 2055 lapides,
3517 1982 3673 2037 aliud
3701 1994 3861 2037 autem

2284 2091 2383 2146 per
2402 2077 2681 2146 pulverem
2714 2076 3058 2148 signiﬁcavit.
3089 2076 3242 2132 Unde
3267 2086 3323 2132 et
3354 2076 3629 2131 Dominus
3663 2085 3860 2145 aposto-

2290 2169 2358 2221 lis
2386 2168 2666 2238 prtecepit,
2700 2178 2760 2223 ut
2788 2177 2977 2223 contra
3002 2184 3096 2223 eos
3126 2169 3218 2239 qui
3243 2183 3352 2223 non
3386 2168 3737 2239 susciperent
3757 2183 3861 2222 ver-

2285 2262 2413 2316 bum
2441 2277 2628 2316 eorum
2661 2270 2824 2332 atque
2851 2262 3177 2329 doctrinam,
3201 2263 3365 2317 etiam
3397 2261 3689 2333 pulverem
3716 2275 3859 2315 excu-

2289 2344 2465 2408 terent
2496 2354 2695 2424 pedum
2731 2372 2744 2407 :
2781 2353 3087 2425 Quicunque
3111 2370 3215 2408 non
3269 2354 3563 2423 receperint
3618 2367 3728 2415 vos,
3783 2368 3856 2404 nec

2288 2447 2574 2513 audierint,
2609 2457 2851 2500 exeuntes
2880 2448 3000 2500 inde
3020 2447 3246 2501 excutite
3267 2446 3533 2516 pulverem
3570 2445 3638 2497 de
3665 2445 3857 2512 pedibus

2287 2541 2494 2603 vestris,
2530 2540 2587 2593 in
2623 2539 2976 2594 testimonium
3007 2539 3115 2593 illis
3142 2540 3210 2592 ⁷⁷.
3276 2538 3431 2604 Quod
3462 2538 3522 2592 in
3571 2536 3663 2591 his
3699 2538 3856 2591 verbis

2289 2631 2700 2702 praecipientem
2729 2630 3020 2686 Dominum
3049 2630 3264 2685 Marcus
3299 2629 3489 2695 refert,
3538 2628 3669 2699 quia
3732 2629 3853 2683 enim

2289 2725 2478 2794 pedes,
2521 2725 2868 2797 evangelicos
2906 2724 3074 2779 libros
3100 2739 3219 2790 eos,
3264 2724 3411 2793 quod
3468 2724 3527 2779 in
3587 2722 3719 2793 ipsis
3769 2722 3852 2776 iter

2290 2814 2543 2869 doctores
2566 2822 2751 2885 agant,
2775 2813 2958 2869 divina
2981 2812 3231 2885 intelligit
3262 2813 3565 2883 Scriptura,
3603 2814 3745 2867 unde
3767 2814 3851 2865 ait:

2292 2905 2462 2971 Quam
2488 2909 2708 2977 speciosi
2740 2909 2892 2978 pedes
2918 2908 3395 2978 euangelizantium
3425 2923 3613 2976 pacem
3631 2906 3694 2959 ’⁸.
3712 2906 3851 2961 Recte

2292 3001 2578 3070 pulverem
2604 3002 2706 3055 sub
2733 3001 2900 3071 pedes
2913 3016 3126 3067 eorum,
3148 3000 3585 3071 evangelicorum
3617 3000 3849 3053 librorum

2293 3092 2547 3147 videlicet
2585 3092 3112 3161 interpretationem,
3147 3102 3372 3162 propter
3399 3091 3628 3145 nimiam
3657 3090 3846 3157 accepit

599 3181 686 3233 do.
756 3181 825 3235 Et
860 3180 984 3245 hoc,
1040 3180 1167 3249 quia
1197 3178 1448 3233 diffusam
1483 3178 1751 3233 maculam
1800 3195 1909 3233 non
1964 3179 2190 3243 invenit,
2221 3193 2263 3251 ο
2297 3187 2673 3242 subtilitatem.
2699 3186 2931 3256 Lapides
2960 3202 3091 3257 ergo
3117 3186 3286 3249 eradi,
3321 3193 3376 3238 et
3400 3183 3681 3253 pulverem
3712 3182 3848 3236 alium

599 3288 706 3328 nec
733 3272 1128 3327 exuberantem
1200 3271 1565 3342 impietatem,
1603 3272 1654 3326 id
1702 3279 1808 3338 est,
1844 3272 1931 3327 bis
1967 3272 2186 3342 quidem

600 3365 694 3435 qui
720 3372 1108 3435 peccaverunt,
1126 3373 1314 3435 utpote
1349 3364 1770 3434 paenitentibus,
1793 3363 2027 3436 ignoscit
2052 3372 2107 3419 et
2134 3374 2191 3418 ut

601 3472 668 3511 ex
696 3457 1012 3511 infirmitate
1038 3457 1418 3528 peccantibus.
1482 3459 1738 3528 Dogmata
1783 3465 1965 3511 autem
1994 3463 2049 3511 ct
2074 3473 2193 3527 syn-

602 3556 925 3619 grammata,
960 3548 1015 3602 in
1045 3548 1241 3618 quibus
1270 3558 1354 3602 est
1393 3548 1749 3619 intelligibilis
1800 3549 1983 3617 lepra},
2003 3547 2194 3602 videli-

604 3647 692 3693 cet
724 3639 1019 3708 impietatis
1050 3640 1283 3705 macula,
1338 3640 1455 3693 [nec
1500 3655 1613 3693 non
1663 3640 1840 3693 solum
1898 3649 2049 3694 extra
2094 3640 2192 3694 d0-

604 3746 777 3796 tnum,
819 3734 912 3785 sed
944 3740 1093 3784 extra
1130 3732 1405 3785 civitatem
1432 3740 1576 3785 recte
1601 3731 1916 3802 projiciunt,
1953 3748 2066 3786 non
2102 3747 2193 3786 so-

605 3822 716 3875 lum
746 3822 811 3875 de
836 3838 942 3875 una
977 3820 1238 3885 Ecclesia,
1267 3823 1362 3876 scd
1400 3822 1467 3876 de
1527 3823 1824 3877 universali
1888 3824 2189 3894 ejicieutes.

612 3912 954 3967 Universalis
999 3913 1143 3967 enim
1190 3913 1432 3967 Ecclesia
1481 3913 1786 3969 Jerusalem
1844 3926 1946 3981 est,
2005 3917 2195 3973 civitas

607 4005 703 4059 Dei
730 4005 857 4069 vivi,
900 4020 1021 4075 qua:
1046 4006 1293 4061 continet
1320 4007 1617 4062 Ecclesium
1648 4008 2045 4079 primitivornm
2060 4028 2194 4066 con-

607 4095 864 4163 scriptam
892 4095 945 4148 in
979 4094 1224 4149 oculis“.
1278 4094 1647 4161 Quamobrem
1695 4100 1861 4153 etiam
1910 4101 1963 4153 in
2014 4102 2192 4156 locum

608 4187 949 4242 immundum
977 4188 1295 4259 projiciunt,
1320 4189 1463 4245 inter
1520 4191 1908 4247 haereticorum
1938 4194 2197 4251 videlicet

607 4279 987 4333 conventicula
1017 4296 1030 4332 :
1058 4280 1423 4335 bic'estenitn
1482 4276 2013 4350 locus,immundus,
2071 4287 2196 4356 quia

606 4369 791 4423 omnia
838 4369 1034 4439 recipit
1101 4371 1353 4441 dogmata
1418 4371 1737 4443 impietatis.
1784 4374 1851 4428 Et
1885 4374 2013 4445 quid
2073 4386 2197 4446 post

607 4461 761 4516 haec?

685 4555 907 4609 Domum
938 4564 1117 4609 autent
1149 4557 1317 4627 ipsam
1366 4557 1487 4611 radi
1514 4558 1835 4613 intrinsecus
1868 4576 1963 4630 per
1995 4562 2195 4616 circui-
2226 4537 2271 4593 θ

609 4655 742 4712 tum,
775 4658 822 4699 et
847 4647 1032 4718 spargi
1054 4647 1319 4715 pulverem
1355 4665 1559 4704 rasurae
1592 4660 1742 4703 extra
1778 4652 1982 4718 urbem,
2006 4654 2062 4707 in
2086 4653 2195 4708 loco

606 4740 899 4793 immundo.
935 4739 1153 4795 Radunt
1185 4741 1427 4808 domum,
1480 4743 1573 4813 qui
1607 4744 1775 4800 libros
1795 4746 2198 4804 ecclesiasticos

607 4828 923 4904 intelligere
958 4839 1125 4902 atque
1152 4834 1469 4889 discernere
1513 4836 1787 4892 subtiliter
1830 4840 2072 4909 student,
2138 4852 2200 4898 ut

606 4924 711 4993 ipsi
743 4940 963 4979 omnem
992 4926 1259 4980 malitiam
1304 4928 1597 4999 diligenter
1622 4941 2055 5001 perscrutantes,
2112 4937 2199 4991 in-

611 5014 957 5084 sidentesque
986 5017 1312 5073 doctoresin
1349 5020 1531 5089 pravis
1556 5020 1729 5099 libris,
1769 5026 1979 5081 rosario
1999 5028 2200 5099 dijudi-

609 5104 845 5161 cationis
869 5108 1232 5175 excutientes,
1266 5111 1447 5166 nullas
1480 5112 1534 5165 in
1561 5127 1625 5167 ea
1666 5114 1965 5185 impietatis
2017 5122 2202 5176 sinant

610 5211 899 5252 remanere
926 5199 1185 5269 reliquias
1218 5218 1230 5254 :
1260 5203 1354 5257 sed
1393 5211 1447 5257 et
1477 5220 1597 5273 quae
1625 5206 1951 5275 abraserint,
1982 5212 2099 5267 bazc
2145 5214 2200 5267 in

612 5288 936 5359 praedictum
974 5290 1316 5347 immundum
1348 5294 1549 5360 locum,
1580 5297 1722 5352 sicut
1753 5300 2032 5357 immunda
2065 5306 2200 5359 etin

612 5377 911 5436 immundis
935 5381 1155 5437 inventa
1189 5394 1337 5439 recte
1381 5385 1693 5455 deportant,
1720 5389 2040 5462 lapidesque
2065 5395 2200 5451 alios

613 5474 807 5542 reponi
841 5490 941 5546 pro
972 5475 1058 5532 his
1086 5478 1178 5547 qui
1214 5478 1376 5532 ablati
1408 5478 1645 5547 fuerant,
1687 5483 1872 5539 etluto
1910 5487 2016 5541 alio
2050 5488 2199 5545 liniri

613 5565 1037 5637 domum.Quod
1087 5573 1295 5643 lapides
1356 5585 1607 5646 oporteat
1672 5578 1897 5650 intelligi
1946 5581 2198 5653 dogmata

616 5663 1011 5731 exponentium
1038 5663 1281 5721 divinam
1338 5668 1511 5739 legem
1548 5678 1602 5723 et
1656 5681 2078 5740 syngrammata,
2131 5675 2199 5731 de

724 5803 769 5835 ⁷⁸
798 5804 967 5860 Hebr.
1028 5824 1125 5870 xu,
1153 5805 1244 5873 22,
1285 5807 1375 5861 2.1.

621 5871 665 5883 ν
691 5806 769 5883 ,⁷⁸
798 5806 978 5883 Hebr;
1028 5824 1125 5883 x_u,
1153 5806 1244 5873 22,
1285 5807 1385 5883 23._
1473 5806 1519 5837 ⁷⁵
1543 5807 1771 5863 Zacltar.
1807 5823 1880 5875 Ix,
1913 5812 1998 5867 16.

625 5874 666 5905 ῖδ
689 5874 791 5929 Ξεςι.
824 5892 917 5939 ιιι,
949 5877 1011 5943 7;
1044 5879 1201 5933 Rom.
1254 5895 1303 5945 x,
1338 5880 1424 5933 15.

1536 5883 1577 5913 ⁷⁸
1600 5884 1718 5936 Act.
1750 5899 1837 5946 xv,
1876 5884 1896 5936 1
1936 5901 2085 5954 seqq.

2103 5818 2165 5848 ⁷⁵·
2203 5814 2220 5868 1
2254 5816 2379 5871 Cor.
2417 5831 2502 5876 Ill,
2538 5816 2627 5869 12.

2294 3278 2485 3334 inferri
2519 3278 2728 3345 dicens,
2759 3288 2983 3350 purgata
3007 3280 3075 3333 ab
3108 3278 3256 3333 omni
3286 3276 3429 3333 malo
3458 3276 3729 3345 dogmata,
3781 3281 3849 3326 at-

2292 3388 2399 3442 que
2430 3372 2739 3428 doctrinam
2778 3388 2878 3443 pro
2927 3373 3083 3428 malis
3113 3373 3219 3426 illis
3247 3370 3459 3437 inferri,
3494 3381 3547 3424 et
3578 3367 3845 3422 Ecclesiam

2293 3465 2438 3520 liniri
2460 3465 2579 3521 sine
2599 3464 2708 3521 ulla
2734 3463 3016 3520 dubietate
3046 3484 3059 3519 :
3114 3466 3216 3519 hoc
3237 3464 3382 3518 enim
3438 3462 3598 3517 nobis
3624 3459 3849 3516 conside-

2293 3558 2432 3612 ratio
2454 3557 2590 3628 legis
2621 3557 2903 3613 evidenter
2935 3558 3193 3612 ostendit.
3235 3558 3431 3609 Annon
3486 3566 3539 3610 et
3570 3553 3760 3609 Paulus
3786 3552 3845 3604 le-

2296 3666 2445 3721 pram
2469 3652 2781 3721 dogmatum
2807 3651 2864 3704 in
2905 3649 3219 3705 doctoribus
3249 3647 3607 3703 Antiochense
3622 3659 3844 3707 cernens,

2292 3743 2497 3799 Jacobo
2537 3753 2724 3815 utpote
2760 3743 3031 3798 sacerdoti
3081 3757 3278 3814 magno
3324 3741 3661 3796 nuntiavit"
3688 3741 3710 3795 ἲ
3734 3738 3841 3805 Quia

2294 3837 2462 3892 erasis
2484 3851 2776 3906 pravorum
2810 3836 3094 3890 doctorum
3129 3835 3274 3889 notis
3313 3834 3680 3904 dogmatibus,
3709 3832 3839 3887 anfe-

2296 3945 2423 3983 rens
2461 3928 2669 3998 lapides
2695 3928 2748 3981 in
2778 3928 2897 3982 loco
2922 3942 3111 3982 eorum
3145 3942 3158 3977 :
3188 3927 3523 3981 rectissimas
3570 3922 3838 3991 Hierosoly-

2295 4021 2517 4075 mitante
2556 4020 2800 4075 ecclesia:
2825 4019 3053 4084 litteras,
3081 4027 3137 4073 et
3169 4018 3450 4089 pulverem
3489 4034 3501 4071 :
3544 4033 3691 4071 suam
3719 4014 3841 4068 vide-

2294 4111 2422 4166 licet
2446 4110 2752 4166 doctrinam
2774 4110 3000 4174 addens,
3047 4111 3202 4163 unxit
3232 4108 3530 4165 Ecclesiam
3559 4108 3839 4175 curavitque

2295 4204 2438 4273 quod
2464 4203 2758 4258 acciderat.
2801 4201 2911 4257 Sed
2941 4219 3043 4257 nec
3085 4203 3166 4257 sic
3188 4218 3306 4257 eam
3341 4202 3575 4272 relinqui
3606 4202 3840 4256 indiscus-

2298 4310 2411 4350 sam
2436 4295 2491 4349 in
2510 4295 2965 4365 subsequentibus
2982 4295 3212 4350 sancivit
3245 4313 3258 4349 :
3291 4295 3416 4366 quia
3444 4295 3588 4349 enim
3623 4294 3838 4363 iniquitas

2298 4388 2353 4442 in
2379 4404 2495 4454 eos,
2522 4388 2612 4458 qui
2645 4404 2937 4459 pravorum
2973 4389 3284 4460 dogmatum
3316 4388 3508 4444 morbo
3545 4387 3836 4448 adiciuntur,

2298 4482 2406 4537 cito
2442 4482 2758 4546 revertitur,
2796 4490 3156 4552 etpropterea
3174 4482 3247 4535 ait
3277 4498 3290 4533 :

2373 4574 2469 4631 Sin
2495 4587 2672 4628 autem
2707 4583 2985 4645 postquam
3041 4575 3177 4627 etuti
3212 4584 3334 4627 sunt
3365 4573 3589 4643 lapides,
3621 4581 3665 4625 et
3707 4567 3837 4639 pulvis

2300 4669 2496 4735 elatus,
2533 4676 2580 4720 et
2613 4667 2723 4720 alia
2756 4649 2913 4720 terra
2960 4666 3053 4719 lita
3075 4708 3089 4732 ,
3122 4667 3383 4735 ingressus
3416 4666 3657 4718 sacerdos
3694 4661 3838 4716 videri!

2300 4776 2567 4814 reversam
2594 4759 2793 4827 lepram
2820 4769 2867 4813 et
2903 4760 3130 4829 parietes
3188 4775 3427 4827 aspersas
3459 4757 3694 4821 maculis,
3723 4754 3834 4822 lepra

2302 4860 2378 4907 est
2411 4868 2765 4922 perseverans,
2802 4861 2850 4905 et
2879 4851 3151 4906 immunda
3181 4852 3382 4903 domus.
3423 4848 3479 4903 Si
3512 4850 3652 4904 enim
3688 4844 3836 4916 ejectis

2303 4943 2460 5000 malis
2486 4944 2850 5014 dogmatibus,
2878 4951 2932 4997 et
2945 4942 3065 4997 aliis
3087 4958 3232 4996 sanae
3251 4939 3512 4995 doctrinae
3535 4936 3833 4995 introductis,

2297 5036 2412 5107 ipsa
2443 5051 2633 5090 rursus
2662 5036 2957 5106 impietatis
2985 5035 3233 5090 doctrina
3286 5036 3597 5090 inveniatur
3640 5042 3833 5100 aspersa,

2300 5127 2351 5182 id
2383 5134 2468 5181 est
2501 5126 2719 5194 diﬁ'usa,
2748 5128 2863 5181 sive
2886 5127 3218 5191 exuberans,
3248 5136 3378 5181 tunc
3404 5124 3657 5180 sacerdos
3681 5136 3770 5176 non
3788 5133 3833 5170 ex

2299 5216 2600 5287 longinquo
2637 5216 2844 5281 auditu,
2893 5216 2987 5270 sed
3048 5216 3386 5285 inspectione
3440 5231 3538 5269 sua
3586 5208 3832 5284 cognoscil.

2302 5306 2448 5375 quod
2475 5321 2808 5376 permanens
2825 5314 2906 5359 est
2933 5305 3234 5375 impietatis
3261 5305 3463 5375 passio,
3498 5314 3554 5359 et
3586 5298 3833 5357 innnundat

2308 5401 2465 5455 aliam
2510 5400 2885 5453 ministrorum
2931 5399 3324 5467 doctorumque
3363 5397 3656 5453 Ecclesium
3686 5395 3731 5447 in
3761 5405 3832 5459 qua

2311 5492 2474 5546 fuerit
2496 5506 2717 5561 aspersa
2737 5505 2831 5544 seu
2850 5489 3069 5544 diliusa.
3089 5492 3346 5560 Impietas
3370 5499 3517 5544 recte
3537 5487 3830 5545 discernitur,

2309 5584 2452 5654 quod
2475 5584 2767 5639 ostendent
2789 5583 3104 5654 sequentia:
3142 5584 3218 5638 ait
3243 5585 3388 5638 enim
3419 5602 3431 5636 :

2381 5676 2755 5741 Quumstatim
2784 5678 3076 5743 destruent,
3114 5686 3160 5731 et
3212 5678 3411 5747 lapides
3466 5678 3577 5746 eius
3622 5690 3678 5728 ac
3707 5674 3827 5741 ligna,

3422 5821 3463 5851 ⁷⁷
3486 5816 3646 5872 Marc.
3676 5830 3739 5876 vt,
3768 5809 3828 5863 ll.

3847 5920 3865 5971 \

2725 5818 2770 5848 ⁷⁸
2803 5817 2962 5872 Deut.
3007 5833 3179 5882 xxvn,
3222 5819 3341 5874 4-8.
