4046 6416
232 383 351 447 965

1417 377 1501 438 IN
1542 374 1985 436 LEVITICUM.
2017 402 2085 412 —
2122 379 2270 440 LIB.
2304 380 2368 440 V.

3405 379 3513 443 966

234 512 402 569 atque
433 496 729 550 universum
763 493 1030 563 pulverem
1069 490 1346 561 projicient
1378 500 1529 544 extra
1560 491 1826 559 oppidum,
1858 496 1901 552 Α
1935 508 2031 559 pro
2053 492 2211 547 nobis
2242 502 2323 547 est
2346 492 2683 559 incarnatus,
2724 490 3109 548 committitur.
3138 491 3514 564 Etpropterea

234 592 300 644 in
334 591 503 644 locum
532 586 963 641 immundude
997 593 1101 648 est,
1137 599 1246 637 non
1281 583 1457 637 solum
1525 582 1632 652 jam
1692 596 1823 637 con-

234 674 917 748 demnantdogmata,scd
952 683 1008 729 et
1047 674 1192 742 ipsos
1246 673 1299 725 in
1351 673 1550 743 quibus
1602 672 1823 725 inventa

238 768 473 833 iuerint,
499 778 554 821 et
577 769 678 823 bos
706 784 771 823 ex
800 782 1031 837 quorum
1077 758 1353 819 locutione
1398 764 1559 833 impia
1596 764 1823 817 ecclesia

239 861 592 924 constiterat,
610 874 939 928 omnemque
957 858 1130 927 ipsam
1184 857 1475 911 destruunt
1508 854 1823 909 Ecclesium.

241 955 402 1010 Odivi
431 954 602 1017 enim,
629 951 826 1021 inquit,
864 950 1320 1020 congregationem
1345 946 1722 1017 malignorum,
1779 952 1825 997 et

247 1063 376 1100 cum
405 1046 578 1115 impiis
608 1061 710 1097 non
744 1044 948 1108 sedebo,
980 1043 1121 1097 sicut
1158 1040 1326 1094 David
1359 1039 1575 1093 dicebat
1596 1038 1663 1089 ⁸ο.
1690 1036 1828 1107 Ergo

242 1147 305 1190 et
326 1145 476 1189 extra
501 1149 641 1199 eam,
668 1149 789 1203 qua:
820 1132 871 1185 in
903 1132 1054 1187 caelis
1082 1138 1165 1184 est
1192 1128 1507 1193 constituta,
1538 1128 1658 1182 viva
1677 1126 1829 1180 vide-

244 1226 381 1281 licet
407 1241 470 1279 ac
500 1240 622 1278 vera
658 1223 964 1278 excluditur
1004 1223 1219 1277 civitate
1240 1230 1294 1275 et
1350 1234 1472 1274 cum
1538 1217 1831 1273 immundis

248 1329 537 1389 reputatur
568 1316 859 1372 haereticis.

324 1410 428 1473 Qui
451 1408 723 1462 intraverit
755 1407 812 1460 in
832 1406 1046 1459 domum
1081 1406 1263 1470 istam,
1294 1404 1504 1474 quando
1535 1402 1718 1456 clausa
1735 1410 1828 1455 est.

250 1503 311 1557 1d
341 1514 445 1566 est,
474 1517 595 1570 quae
625 1500 806 1553 multa:
835 1514 932 1553 seu
967 1513 1139 1567 ptume
1173 1496 1419 1566 subjecta
1449 1504 1553 1549 est.

324 1594 425 1658 Qui
449 1596 708 1663 ingressus
733 1593 909 1663 fuerit.
971 1590 1026 1645 lu
1055 1590 1301 1659 quolibet
1324 1590 1373 1643 ei
1426 1588 1837 1643 communicans

250 1686 641 1743 conventiculo
680 1683 995 1738 immundus
1026 1683 1131 1736 erit
1173 1696 1347 1750 usque
1371 1680 1501 1736 dum
1553 1679 1831 1749 poeniteat.

255 1780 319 1833 Et
356 1780 527 1832 multo
554 1777 724 1847 magis
747 1777 837 1845 qui
865 1776 920 1829 in
956 1790 1021 1829 ea
1057 1776 1279 1839 dormit,
1309 1774 1395 1828 hic
1430 1774 1695 1843 siquidem
1728 1786 1836 1825 non

256 1874 417 1926 aliter
447 1870 760 1941 suscipitur,
784 1869 888 1923 nisi
935 1868 1183 1939 lacrymis
1215 1868 1408 1920 laverit
1438 1865 1832 1936 intelligibilem

258 1966 477 2019 stolam.
506 1962 749 2015 Dormire
779 1970 960 2015 autem
993 1960 1047 2013 in
1096 1974 1158 2014 ea
1215 1959 1565 2029 intelligimus
1621 1956 1837 2025 requie-

259 2064 506 2111 scentcm
524 2054 575 2105 in
602 2051 784 2105 verbis
804 2052 942 2119 ejus,
961 2061 1016 2104 et
1040 2064 1153 2102 non
1169 2046 1590 2102 consuetudinis
1608 2045 1839 2115 alicujus

260 2162 423 2202 causa
450 2146 504 2199 in
537 2144 653 2213 ejus
670 2142 909 2197 consiliis
933 2142 1317 2196 divertentem.

334 2237 438 2292 Sed
464 2245 511 2289 et
540 2236 629 2305 qui
656 2234 935 2287 comederit
968 2234 1023 2286 in
1053 2249 1137 2286 ea.
1174 2232 1369 2285 Cibum
1394 2230 1604 2285 scilicet
1652 2227 1840 2299 mysti-

260 2340 392 2379 cum
423 2323 654 2377 similem
685 2322 838 2392 legis,
870 2329 925 2375 et
961 2316 1213 2375 eumdem
1252 2319 1390 2389 juris
1420 2318 1612 2373 sortita
1637 2328 1719 2371 est
1757 2317 1840 2370 ci-

268 2412 653 2481 l‘ectumzquia
684 2410 831 2472 illius
886 2408 1141 2481 mysteria
1170 2408 1449 2478 percipere
1498 2405 1844 2477 praesumpsit

266 2504 543 2567 Ecclesia),
572 2517 733 2571 quam
771 2500 1039 2556 destruxit
1068 2500 1340 2563 sacerdos,
1375 2498 1654 2568 reperiens
1680 2496 1843 2566 impie

264 2604 540 2669 agentem,
562 2604 617 2648 et
644 2593 921 2648 doctrinas
942 2592 1133 2655 malas,
1190 2591 1243 2643 id
1292 2599 1394 2655 est,
1435 2589 1600 2659 ligna,
1631 2587 1839 2653 fenum,

264 2686 525 2755 stipulam
546 2685 860 2739 habentem.
885 2682 1039 2739 Unde
1081 2697 1191 2736 non
1231 2680 1405 2736 solum
1450 2679 1658 2749 lapides
1701 2680 1841 2747 ejus,

266 2790 451 2843 neque
484 2775 628 2829 enim
660 2782 816 2829 erant
852 2772 1098 2844 pretiosi,
1131 2773 1228 2827 sed
1254 2781 1309 2826 et
1331 2772 1477 2842 ligna
1506 2778 1695 2841 utpote
1712 2784 1847 2824 con-

258 2869 459 2938 juncta
489 2866 614 2922 leno
654 2882 715 2923 ac
741 2867 953 2939 stipulae
978 2865 1228 2937 projecit.

348 2983 509 3042 Vens.
535 2985 724 3041 48-55.
758 3004 775 3036 ι
802 2982 961 3051 Quod
996 2984 1041 3038 si
1066 2981 1336 3038 introierit
1365 2980 1619 3036 sacerdos
1641 2979 1697 3033 in
1748 2979 1847 3034 do-

267 3094 447 3145 mum,
475 3088 531 3135 et
556 3078 753 3135 viderit
781 3077 985 3148 lepram
1036 3090 1144 3130 non
1177 3074 1414 3140 crevisse
1445 3082 1726 3144 postquam
1752 3072 1851 3127 de-

268 3186 385 3224 nuo
412 3171 579 3226 lenita
596 3178 699 3236 est,
735 3167 1047 3239 puriﬁcabit
1086 3182 1207 3222 eam
1246 3166 1459 3221 reddita
1481 3166 1730 3221 sanitate.
1783 3164 1849 3219 Et

268 3262 328 3315 in
360 3262 737 3331 puriﬁcatione
760 3261 879 3331 ejus
902 3259 1066 3315 sumit
1087 3260 1227 3314 duos
1252 3273 1499 3329 passeres
1529 3257 1847 3328 lignumque

270 3357 581 3421 cedrinum,
604 3363 659 3410 et
686 3354 1064 3416 vermiculum,
1088 3361 1249 3422 atque
1270 3353 1585 3423 hyssopum.
1635 3349 1701 3403 Et
1756 3349 1851 3403 im-

271 3448 479 3503 molato
507 3463 615 3501 uno
645 3462 866 3517 passere
897 3446 949 3499 in
970 3461 1097 3499 vase
1134 3444 1279 3499 ﬁctili
1300 3458 1465 3513 super
1492 3456 1660 3512 aquas
1676 3441 1848 3505 vivas,

276 3539 419 3592 tollit
440 3539 644 3610 lignum
671 3539 952 3593 cedrinum
993 3547 1047 3591 et
1075 3538 1398 3608 hyssopum,
1433 3544 1485 3590 et
1512 3550 1760 3599 coccum,
1797 3542 1851 3587 et

273 3647 555 3701 passerem
595 3631 803 3696 vivum,
833 3639 888 3685 et
940 3630 1173 3699 intinget
1232 3629 1414 3682 omnia
1476 3627 1530 3681 in
1591 3625 1854 3697 sanguine

275 3723 513 3793 passeris
530 3724 811 3787 immolati,
830 3733 991 3792 atque
1008 3722 1062 3792 in
1082 3722 1236 3790 aquis
1252 3718 1578 3783 viventibus,
1603 3727 1655 3772 et
1671 3732 1856 3787 asper-

277 3825 368 3887 get
388 3816 611 3870 domum
645 3816 865 3886 septies,
896 3813 1315 3885 puriﬁcabitque
1342 3819 1608 3872 eam,tam
1640 3808 1691 3861 in
1728 3823 1855 3861 san-

276 3909 446 3980 guine
462 3909 719 3978 passeris,
742 3923 902 3979 quam
932 3906 988 3960 in
1013 3905 1168 3975 aquis
1196 3903 1527 3967 viventibus,
1565 3909 1619 3955 et
1652 3901 1703 3953 in
1733 3914 1857 3969 pas-

278 4016 403 4056 sere
432 4002 578 4065 vivo,
605 4000 860 4070 lignoque
893 3998 1139 4058 cedrino,
1168 4004 1222 4051 et
1254 3996 1511 4066 hyssopo,
1543 4002 1705 4062 atque
1736 4006 1858 4045 ver—

279 4093 510 4148 miculo.
549 4094 796 4161 Cumque
859 4090 1133 4147 dimiserit
1186 4103 1470 4158 passerem
1526 4086 1741 4139 avolare
1804 4083 1856 4137 in

280 4201 473 4251 agrum
506 4185 674 4239 libere
694 4228 707 4250 ,
735 4184 913 4237 orabit
934 4198 1033 4252 pro
1064 4182 1250 4239 domo,
1275 4188 1331 4234 et
1348 4180 1467 4248 jure
1486 4175 1857 4231 mundabilur.

358 4277 530 4345 Cujus
570 4275 859 4344 imaginem
903 4274 1017 4327 haec
1047 4270 1329 4334 sacriﬁcia,
1365 4269 1430 4322 de
1456 4268 1653 4336 quibus
1684 4264 1862 4335 loqui-

283 4378 375 4421 tur
423 4366 719 4437 legislator,
746 4374 958 4435 gerant,
1008 4377 1106 4432 per
1153 4358 1542 4429 subsequentia
1592 4356 1864 4411 subtiliter

283 4472 629 4527 exponemus
667 4474 681 4510 :
714 4455 934 4526 quando
975 4470 1050 4509 ea
1080 4462 1136 4507 et
1174 4452 1226 4505 in
1280 4464 1609 4519 unoquoque
1652 4448 1864 4518 leproso

1872 1839 1924 1897 Β

1926 585 1980 638 in
2010 585 2231 639 domum
2261 585 2633 639 mundandam
2667 586 2785 640 haec
2815 585 3063 655 accipere
3087 585 3347 639 sacriﬁcia
3373 602 3515 654 prie-

1925 676 2076 746 cipit,
2133 692 2254 746 quae
2311 677 2624 745 mysterium
2674 677 2793 746 ejus
2856 676 3231 745 passionisque
3254 676 3511 743 ﬁgurant,

1926 774 2118 834 utpote
2149 781 2269 834 quae
2294 765 2628 821 sufﬁcienter
2649 783 2745 836 per
2780 767 2900 831 has,
2934 783 3055 835 quae
3107 767 3175 820 de
3238 767 3322 818 his
3363 777 3513 828 sunt,

1929 856 2225 927 llteologias
2245 860 2418 928 possit
2448 874 2639 913 sanare
2671 862 3014 930 peccantium
3046 861 3273 931 linguas,
3303 862 3537 914 omnia--

1929 964 2034 1018 que
2061 964 2250 1003 eorum
2279 950 2547 1004 mundare
2588 961 2833 1020 peccata.

2004 1042 2163 1095 Vens.
2186 1041 2378 1096 54-57.
2410 1061 2428 1093 ι
2466 1041 2573 1095 Ista
2605 1052 2691 1096 est
2725 1044 2904 1098 omnis
2955 1045 3038 1098 lex
3068 1045 3252 1114 leprze,
3290 1052 3346 1097 et
3385 1059 3515 1113 per-

1932 1149 2174 1189 cussurze
2204 1135 2389 1204 lepraa,
2428 1136 2688 1200 vestium,
2731 1146 2786 1190 et
2816 1137 3100 1191 domorum
3134 1138 3420 1202 cicatricis,
3463 1144 3550 1209 et.

1932 1228 2343 1297 erumpentium
2371 1228 2697 1297 papularum
2735 1229 2973 1283 lucentis
3028 1230 3279 1295 maculae,
3348 1239 3402 1284 et
3464 1229 3519 1282 in

1933 1320 2115 1375 varias
2146 1320 2360 1390 species
2396 1320 2672 1374 coloribus
2732 1320 3053 1385 immutatis,
3079 1330 3139 1373 ut
3168 1320 3340 1390 possit
3395 1320 3519 1374 sciri

1936 1426 2046 1481 quo
2086 1420 2334 1481 tempore
2373 1411 2505 1481 quid
2553 1411 2819 1465 mundum
2875 1412 2961 1465 vel
3001 1411 3341 1465 immundum
3375 1411 3464 1465 sit.
3497 1431 3516 1461 ι

2009 1503 2111 1557 Ista
2146 1510 2229 1556 est
2255 1502 2437 1556 omnis
2466 1501 2548 1554 lex
2592 1502 2793 1571 leprae:
2830 1502 2956 1570 quia
2987 1500 3149 1555 latius
3179 1502 3520 1555 sanctionem

1937 1595 2104 1665 lepra:
2134 1594 2409 1665 exposuit,
2442 1592 2809 1647 necessarium
2831 1592 3092 1661 judicavit
3117 1593 3237 1661 ejus
3262 1593 3521 1648 reiterare

1938 1685 2215 1755 capitula,
2279 1694 2335 1738 et
2402 1682 2555 1753 prius
2617 1683 2837 1751 quidem
2910 1682 3247 1751 complexive
3309 1698 3519 1752 genus,

1940 1785 2063 1848 post
2112 1777 2229 1831 haec
2274 1782 2458 1830 autem
2507 1773 2717 1845 species
2751 1789 2848 1843 per
2894 1782 3080 1843 partes
3110 1774 3366 1843 exponit;
3398 1791 3523 1829 eum

1944 1871 2089 1925 enim
2121 1869 2258 1925 dixit
2294 1885 2311 1922 :

2014 1963 2099 2017 Ita
2134 1972 2210 2016 est
2249 1962 2418 2015 omnis
2441 1960 2523 2014 lex
2556 1959 2712 2028 lepra!
2733 1999 2748 2022 ,
2784 1959 3121 2030 complexive
3148 1974 3318 2029 genus
3344 1968 3526 2013 osten-

1945 2053 2044 2107 dit.
2080 2052 2306 2122 Species
2336 2060 2520 2105 autem
2562 2059 2692 2105 sunt
2720 2050 3097 2120 apertissima},
3131 2066 3267 2119 quas
3304 2050 3356 2102 in
3393 2050 3526 2103 sub-

1946 2145 2300 2215 sequentibus
2355 2145 2580 2208 addidit,
2626 2158 2949 2214 praeponens
2976 2152 3123 2197 recte
3166 2158 3525 2212 percussum,

1948 2238 2091 2307 quod
2149 2253 2258 2292 non
2310 2245 2395 2291 est
2445 2236 2824 2306 qualecunque
2887 2244 3171 2306 peccatum
3214 2253 3228 2288 :
3281 2236 3527 2289 omnium

1948 2330 2148 2399 quippe
2179 2344 2300 2383 esse
2332 2329 2435 2383 hoc
2476 2328 2718 2383 deterius
2744 2328 3001 2383 diximus.
3041 2326 3138 2382 Est
3176 2336 3358 2382 autem
3395 2328 3530 2397 dog-

1950 2432 2153 2475 matum
2201 2420 2473 2491 impietas,
2504 2436 2625 2489 qua:
2669 2420 2939 2491 contingit
2962 2419 3287 2493 quibusdam
3317 2420 3384 2474 de
3430 2435 3529 2489 po-

1952 2515 2100 2585 pulo,
2160 2514 2226 2567 de
2278 2512 2479 2582 quibus
2538 2521 2593 2567 et
2658 2512 2934 2583 legislator
2974 2512 3229 2566 dicebat:
3294 2510 3403 2577 Vir,
3436 2521 3530 2565 aut

1954 2605 2164 2669 mulier,
2212 2604 2267 2656 in
2311 2619 2412 2672 quo
2462 2604 2619 2673 fuerit
2662 2602 2818 2671 plaga
2870 2602 3046 2671 leprw.
3094 2599 3153 2654 Si
3202 2609 3381 2654 autem
3414 2609 3533 2654 tan-

1951 2696 2231 2751 tummodo
2275 2695 2619 2749 sacerdotum
2659 2694 2979 2747 memoriam
3032 2692 3299 2757 fecisset,
3338 2692 3533 2747 mulie-

1953 2805 2068 2844 rem
2093 2788 2315 2842 minime
2345 2788 2703 2841 nominasset.
2733 2788 2865 2841 Post
2890 2787 3006 2841 haec
3034 2786 3264 2855 lepram,
3299 2801 3420 2854 qua:
3448 2795 3533 2839 est

1954 2881 2009 2933 in
2044 2879 2359 2943 virtutibus,
2395 2878 2613 2949 posuit;
2651 2878 2767 2931 haec
2810 2886 2939 2931 sunt
2960 2877 3107 2930 enim
3138 2877 3333 2930 animae
3366 2878 3533 2932 vesti-

1955 2980 2159 3037 menta,
2205 2972 2257 3026 id
2305 2980 2388 3026 est
2430 2986 2493 3025 ea
2521 2987 2639 3041 qua:
2675 2979 2805 3024 sunt
2849 2970 2903 3023 in
2940 2970 3307 3024 Ecclesiarum
3341 2970 3536 3026 docto-

1954 3064 2109 3117 ribus
2137 3078 2201 3117 ac
2230 3062 2627 3118 sacerdotibus.
2680 3060 2746 3114 Hi
2781 3061 2926 3115 enim
2958 3061 3156 3115 domus
3196 3070 3252 3117 et
3296 3063 3535 3131 parietes

1959 3165 2118 3210 terra:
2159 3154 2521 3225 possessionis
2571 3153 2777 3207 ostensi
2820 3160 2967 3207 sunt.
3010 3153 3216 3207 Deinde
3264 3153 3533 3208 cicatricis

1950 3257 2005 3303 et
2030 3246 2432 3317 erumpentium
2462 3245 2783 3316 papularum
2804 3243 3119 3299 memoriam
3146 3243 3299 3307 facit,
3327 3244 3535 3315 lepram

1950 3354 2133 3394 veram
2176 3337 2510 3401 describens,
2555 3351 2675 3391 eam
2706 3351 2827 3405 qua:
2865 3336 2921 3389 in
2974 3334 3237 3405 peccatis,
3274 3334 3390 3389 sive
3429 3335 3534 3391 du-

1952 3432 2077 3494 biis,
2106 3432 2219 3485 sive
2244 3430 2481 3499 probatis
2510 3430 2782 3489 omnibus.
2818 3428 2905 3482 his
2933 3428 3172 3483 subdidit
3199 3444 3215 3481 :

2030 3525 2089 3579 Ut
2119 3524 2276 3591 possit
2301 3522 2425 3576 sciri
2454 3538 2554 3591 quo
2586 3531 2814 3589 tempore
2866 3520 2991 3591 quid
3036 3520 3290 3573 mundum
3342 3520 3421 3575 vel
3442 3521 3537 3574 im-

1955 3616 2207 3669 mundum
2241 3614 2329 3667 sit.
2374 3610 2703 3676 Ostendens,
2754 3610 2880 3680 quia
2914 3620 3043 3664 tunc
3083 3609 3407 3679 delinquens
3432 3608 3537 3663 int-

1954 3705 2191 3760 mundus
2244 3711 2328 3758 est
2382 3702 2599 3773 quando
2674 3702 2853 3756 sciens
2914 3701 3260 3771 peccaverit;
3321 3702 3539 3770 quando

1956 3808 2136 3854 autem
2189 3796 2465 3868 ignorans,
2511 3795 2726 3850 veniam
2779 3802 3000 3864 propter
3030 3794 3390 3865 ignorantiam
3428 3801 3567 3849 me-'

1958 3898 2141 3953 retur,
2175 3890 2315 3943 sicut
2350 3896 2405 3942 et
2435 3902 2611 3942 circus
2639 3886 2943 3946 oﬁ‘endcns,
2977 3886 3050 3940 ita
3081 3896 3137 3939 ut
3178 3885 3442 3939 Dominus
3472 3887 3541 3939 de.

1958 3982 2160 4037 Judzeis
2185 3982 2393 4036 diceret
2439 3996 2453 4032 :
2486 3978 2542 4033 Si
2573 3980 2696 4034 circi
2718 3980 2911 4043 essetis,
2950 3995 3049 4032 non
3077 3979 3334 4032 haberetis
3356 3995 3541 4047 pecca—

1962 4085 2102 4140 tum;
2146 4089 2282 4127 nunc
2320 4080 2499 4125 autem
2563 4073 2755 4135 dicitis,
2790 4072 2917 4143 quia
2960 4072 3216 4137 videmus,
3270 4081 3542 4141 peccatum

1960 4177 2187 4221 vestrum
2254 4165 2511 4218 manet“.
2565 4164 2670 4218 Sed
2728 4181 2828 4219 nos
2874 4165 3046 4219 oculis
3084 4165 3325 4219 scicntia:
3379 4164 3442 4218 ad
3479 4179 3543 4218 ea

1962 4275 2083 4329 quae
2112 4257 2407 4327 expediunt
2438 4265 2675 4321 utamur,
2722 4265 2781 4311 ut
2814 4273 2909 4328 per
2944 4258 3092 4327 ipsos
3122 4258 3390 4312 evitemus
3416 4272 3543 4327 pec-

1964 4360 2106 4413 cata,
2152 4350 2645 4419 conquiramusque
2699 4349 3045 4403 munditiam.
3102 4349 3350 4402 Sciamus
3399 4348 3545 4403 diem

1965 4446 2022 4500 in
2046 4460 2151 4514 qua
2174 4442 2562 4497 mundabimur
2600 4440 2946 4510 scientesque
2970 4455 3346 4507 occurramus,
3372 4448 3427 4495 et
3465 4449 3547 4495 to-

282 4548 458 4618 accipi
488 4548 766 4617 prmeepit.
808 4546 925 4600 Hoc
941 4554 1124 4599 autem
1160 4541 1469 4596 necessarie
1496 4539 1714 4603 dicitur,
1734 4538 1860 4608 quia
1896 4555 1938 4610 ι)
1969 4542 2081 4589 tam
2130 4532 2302 4603 legem
2351 4531 2515 4600 lepra:
2550 4530 2939 4585 custodiamus.
3002 4530 3186 4584 Mundi
3236 4529 3382 4583 enim
3442 4530 3549 4583 hoc

284 4638 574 4693 manifeste
601 4647 823 4708 apparet
850 4635 995 4706 quod
1060 4634 1330 4705 legislator
1394 4632 1537 4684 illam
1581 4629 1751 4700 magis
1810 4628 1866 4682 in

286 4726 587 4781 Ecclesiam
612 4727 922 4782 docentium
952 4725 1317 4795 iniquitatem,
1351 4737 1471 4791 qua:
1516 4728 1599 4773 est
1638 4720 1691 4772 in
1739 4719 1871 4789 dog-

284 4828 436 4874 mate
465 4819 866 4889 reprehendat,
898 4826 953 4873 et
982 4818 1038 4871 in
1080 4814 1547 4886 dispensationem
1589 4812 1730 4881 ejus,
1779 4811 1868 4881 qui

1968 4625 2129 4681 modo
2150 4625 2202 4679 in
2221 4622 2509 4679 dominicis
2532 4622 3299 4685 tabernaculishabitabimus,
3320 4621 3375 4674 in
3387 4620 3549 4674 Chri-

1970 4725 2053 4773 sto
2111 4715 2283 4780 Jesu,
2339 4730 2436 4784 per
2487 4729 2648 4783 quem
2732 4720 2787 4767 et
2847 4727 2970 4766 cum
3006 4727 3113 4780 quo
3161 4709 3328 4782 gloria
3381 4709 3546 4775 Patri,

1972 4824 2098 4864 cum
2150 4814 2341 4861 sancto
2388 4803 2697 4876 Spiritu,in
2747 4802 2943 4881 sarcula
2972 4802 3320 4855 saaculorum.
3350 4800 3549 4853 Amen.

294 4959 3515 5020 Mm

1421 5149 1781 5238 LIBER
1835 5148 2409 5276 QUINTUS.

870 5500 1287 5563 PBEFATIO.

361 5606 466 5673 Qui
496 5604 630 5675 legis
647 5600 987 5656 meditationi
1006 5611 1226 5668 operam
1248 5596 1379 5651 dant
1404 5594 1472 5650 ad
1494 5609 1655 5665 quem
1684 5592 1870 5661 ﬁnem,

289 5706 632 5768 quantumve
691 5689 1097 5753 conscendant,
1162 5702 1434 5757 quamque
1476 5686 1871 5743 beatitudinem

406 5835 451 5865 δι’
486 5832 623 5885 Psal.
659 5846 746 5899 xv,
770 5829 822 5884 5.
932 5828 975 5859 ⁸¹
1000 5824 1158 5879 Joan.
1194 5838 1268 5888 Ix,
1296 5822 1382 5878 8|.

1979 5498 2205 5569 spiritus
2235 5504 2446 5569 gerant,
2483 5494 2649 5550 David
2673 5495 2934 5566 propheta
2959 5495 3119 5566 plane
3148 5495 3385 5565 exponit.
3421 5494 3556 5550 Eum

1978 5590 2125 5645 enim
2160 5590 2251 5660 qui
2283 5590 2447 5644 habet
2470 5588 2809 5643 voluntatem
2841 5588 2893 5641 in
2925 5588 3041 5659 lege
3071 5588 3305 5651 Domini,
3352 5595 3408 5641 et
3438 5586 3557 5641 die-

1979 5682 2081 5738 bus
2128 5690 2183 5737 et
2234 5681 2487 5737 noctibus
2530 5680 2583 5735 in
2638 5695 2699 5735 ea
2754 5679 3041 5735 meditator
3068 5687 3171 5746 est,
3201 5677 3369 5735 dicit:
3406 5675 3555 5733 Sicut
