4046 6412
629 362 735 427 967

1820 360 2181 421 HESYCHII
2237 360 2713 423 PRESBYTERI

3760 375 3835 439 εδδ

628 478 826 547 lignum
856 475 991 545 quod
1024 474 1323 545 plantatum
1363 484 1436 529 est
1466 489 1610 528 secus
1636 474 1882 528 decursus
1916 490 2200 543 aquarum,
2232 478 2275 533 Α
2306 483 2412 527 tem
2442 474 2625 539 habet,
2666 476 2812 530 hunc
2837 489 2959 531 esse
2993 477 3117 545 jure
3162 477 3302 533 dixit
3329 478 3669 535 immundum
3692 494 3837 552 utpote

627 569 765 631 quod
796 577 844 621 et
874 569 1018 621 dabit
1065 570 1289 639 fructum
1339 584 1497 621 suum
1532 569 1584 621 in
1613 577 1844 637 tempore
1893 584 2007 632 suo,
2039 575 2088 620 et
2124 567 2204 636 [o-

628 659 757 713 tium
789 661 903 726 eius
934 677 1033 715 non
1063 663 1253 715 decidit
1268 662 1335 715 ⁸².
1362 660 1503 726 Quid
1546 670 1729 715 autem
1755 658 2059 714 faciendum
2089 674 2206 712 cre-

627 750 807 803 dimus
845 760 903 804 ut
948 752 1119 821 possit
1150 752 1346 820 aliquis
1388 752 1589 822 lignum
1625 750 1856 805 inveniri
1885 750 2055 804 vitae?
2099 749 2203 803 nisi

630 841 685 895 id
746 843 890 911 quod
937 842 1197 896 Dominus
1225 843 1441 897 dicebat
1478 862 1489 895 :
1524 842 1851 897 Scrutamini
1880 840 2202 911 Sertpturus,

628 935 755 1005 quia
815 936 869 987 in
910 936 1035 1003 ipsis
1079 952 1163 988 vos
1193 937 1393 1004 putatis
1420 936 1585 989 vitam
1629 944 1883 988 mternam
1907 934 2114 987 habere.
2138 933 2205 986 Et

627 1028 754 1095 ipsa!
778 1036 899 1079 sunt
931 1042 1047 1096 qua:
1097 1028 1453 1080 testimonium
1494 1027 1763 1096 perhibent
1810 1027 1874 1079 de
1903 1026 2063 1079 me”.
2097 1023 2207 1079 Sed

625 1127 682 1172 et
702 1119 791 1173 illo
810 1119 926 1173 loco
946 1119 1275 1189 prophetica:
1289 1118 1636 1189 psalmodiaaz
1665 1117 1859 1172 Beatus
1881 1118 2035 1170 homo
2052 1132 2206 1186 quem

632 1224 691 1266 tu
741 1212 1019 1277 erudieris,
1077 1212 1313 1275 Domine,
1345 1222 1392 1266 et
1424 1213 1487 1267 de
1516 1212 1625 1282 lege
1660 1220 1751 1264 tua
1785 1210 2023 1264 docueris
2064 1224 2203 1273 eum,

625 1314 683 1357 ut
723 1306 925 1375 mitiges
953 1322 1117 1358 euma
1143 1306 1322 1359 diebus
1362 1305 1596 1361 malis“.
1626 1304 2021 1375 Cognoscimus
2054 1302 2202 1356 enim

624 1405 681 1449 et
717 1396 1091 1450 liberationem
1125 1397 1283 1451 nobis
1318 1406 1691 1466 peccatorum,
1725 1405 1781 1450 et
1811 1395 2205 1465 navigationem

623 1488 692 1541 ab
718 1486 804 1541 his
856 1502 978 1555 qua:
1018 1501 1119 1540 nos
1146 1496 1353 1541 terrent
1375 1487 1427 1540 in
1459 1486 1546 1541 die
1565 1486 2049 1547 mala,doctrinam
2077 1500 2206 1538 san-

622 1588 832 1633 ctarum
868 1578 1027 1633 nobis
1053 1578 1342 1648 providere
1370 1578 1804 1649 Scripturarum.
1850 1578 1958 1633 Sed
1994 1586 2051 1634 et
2078 1593 2207 1647 pro-

623 1670 825 1724 fectum
875 1672 1071 1724 animae
1118 1685 1225 1724 non
1255 1671 1528 1726 modicum
1562 1687 1629 1726 ex
1655 1687 1718 1725 ea
1751 1670 2051 1740 carpimus,
2078 1685 2205 1739 pro-

622 1772 744 1830 pter
772 1763 917 1831 quod
970 1772 1025 1815 et
1062 1763 1261 1817 Paulus
1298 1764 1486 1817 scribit
1516 1764 1582 1817 ad
1647 1761 1994 1816 Timotheum
2032 1780 2044 1816 :
2078 1760 2205 1814 Ηωε

624 1853 880 1905 meditare
910 1854 963 1904 in
987 1854 1087 1914 his,
1122 1864 1178 1905 nt
1219 1855 1478 1922 profectus
1510 1865 1630 1907 tuus
1665 1855 1973 1923 manifestus
1995 1855 2063 1907 sit
2097 1870 2203 1906 om-

623 1944 789 1997 nibus.
840 1943 1056 1997 Intende
1110 1945 1412 2014 tibintetipsi
1448 1955 1495 1998 et
1547 1946 1820 2009 doctrinas,
1855 1961 2105 2014 permane
2147 1945 2202 1997 in

624 2037 719 2089 eis.
807 2036 913 2088 Hoc
967 2038 1103 2089 enim
1168 2038 1385 2106 faciens,
1419 2047 1468 2091 et
1510 2039 1837 2105 temetipsum
1894 2038 2123 2092 salvabis
2154 2048 2202 2091 et

623 2140 708 2177 eos
736 2125 824 2193 qui
847 2134 896 2177 te
928 2126 1232 2181 audiunt".
1286 2126 1420 2181 Cum
1475 2127 1752 2197 praedictis
1785 2127 2059 2191 omnibus,
2092 2136 2201 2182 tam

623 2222 866 2268 nostram
901 2215 1138 2284 ipsormn
1169 2218 1397 2272 salutem
1428 2233 1590 2287 quam
1628 2218 1862 2272 aliorum
1898 2218 2199 2287 peritorum

624 2306 898 2361 lucremur
930 2308 1189 2371 studium,
1221 2318 1275 2363 et
1300 2318 1583 2379 propterea
1612 2310 1796 2364 nullus
1827 2310 2001 2374 labor,
2028 2324 2203 2379 neque

623 2400 812 2463 sudor,
854 2400 940 2454 vel
982 2414 1076 2454 eos
1116 2402 1210 2470 qui
1245 2416 1339 2456 eas
1366 2409 1667 2470 exponunt,
1714 2401 1801 2455 vel
1831 2400 2081 2455 indoctos
2128 2401 2205 2455 le-

622 2499 811 2560 gentes
839 2506 870 2544 a
919 2505 1195 2545 sacrarum
1254 2490 1658 2561 Scripturarum
1717 2506 1999 2545 removere
2042 2491 2205 2545 debet

622 2585 1076 2655 perscrutatione,
1126 2584 1429 2654 praesertim
1501 2599 1626 2638 cum
1658 2599 1850 2653 magna
1876 2583 2080 2637 utilitas
2102 2583 2203 2637 sub

621 2676 818 2746 spiritu
880 2676 1013 2746 legis
1071 2678 1232 2745 hujus
1290 2677 1399 2731 sit:
1447 2676 1523 2730 illi
1564 2692 1631 2730 ex
1657 2676 1738 2731 eis
1767 2684 1947 2729 autem
1980 2676 2204 2745 capiunt

621 2768 961 2837 margaritas,
989 2767 1080 2836 qui
1118 2766 1388 2835 frequenti
1416 2782 1509 2821 eas
1535 2766 1888 2821 meditatione
1910 2776 2204 2835 operantes

619 2857 906 2912 cﬂ'odiunt.
938 2856 1045 2912 Sed
1071 2873 1133 2911 ea
1162 2874 1283 2927 qua:
1309 2868 1611 2928 sequuntur
1640 2858 1805 2927 hujus
1824 2857 2043 2913 Levitici
2078 2858 2201 2913 libri

621 2965 987 3020 exsequamur
1018 2966 1117 3020 per
1158 2951 1426 3011 ordinem,
1467 2951 1964 3021 supermdiﬂcantes
2010 2950 2201 3005 funda-

623 3051 891 3106 mentum,
923 3042 1066 3111 quod
1091 3043 1203 3112 jam
1235 3044 1508 3105 Christus,
1549 3043 1692 3097 sicut
1732 3042 1953 3112 quidam
1984 3043 2203 3112 sapiens

2308 566 2399 633 qui
2449 566 2753 621 doctrinam
2789 581 2898 621 non
2937 577 3105 634 caste,
3154 569 3249 625 sed
3290 580 3485 625 contra
3533 580 3840 637 naturam,id

2308 668 2391 712 est
2420 668 2609 713 contra
2641 659 2762 729 ejus
2784 659 2911 731 jura
2958 670 3014 715 et
3047 660 3218 731 legem
3265 662 3576 718 inordinate
3600 678 3843 735 corrupte-

2308 762 2414 815 que
2463 746 2740 815 diﬂ‘undit,
2804 736 2865 804 ιῖι
2906 765 2972 806 ex
3012 766 3077 805 ea
3103 753 3268 806 etiam
3310 767 3495 807 mores
3517 766 3844 822 corrumperet

2310 839 2631 908 pepnlormn
2655 858 2668 894 :
2704 856 2826 911 qua:
2858 843 3236 915 cognoscimus
3262 859 3359 914 per
3388 853 3599 914 partes,
3627 852 3685 898 ut
3708 854 3848 901 textus

2309 929 2508 983 seriem
2538 930 2900 987 disserentes.

2378 1021 2707 1092 Locutnsque
2720 1033 2795 1077 est
2814 1023 3069 1080 Dominus
3084 1028 3154 1080 ad
3174 1026 3388 1097 Moysen
3407 1039 3455 1082 et
3478 1032 3660 1083 Aaron
3677 1030 3850 1084 dicens:

2309 1110 2613 1183 Loquimini
2665 1116 2790 1185 ﬁliis
2828 1117 3015 1182 Israel,
3060 1132 3108 1173 et
3140 1121 3326 1175 dicetis
3377 1124 3474 1176 eis.
3528 1121 3693 1178 Recte
3718 1122 3849 1194 Moysi

2308 1203 2525 1271 quidem
2552 1215 2607 1261 et
2635 1207 2815 1262 Aaron
2853 1209 3067 1265 locutus
3096 1220 3202 1275 est,
3231 1212 3325 1266 sed
3361 1213 3506 1268 tradi
3548 1212 3672 1269 ﬁliis
3696 1216 3849 1279 Israel,

2309 1295 2363 1349 id
2399 1306 2482 1351 est
2507 1299 2652 1352 omni
2696 1301 2915 1370 populo,
2952 1303 3267 1357 mandatum
3310 1304 3521 1374 jubet:
3567 1306 3695 1376 quia
3737 1324 3854 1379 qua:-

2306 1401 2521 1457 cunque
2564 1404 2662 1457 per
2697 1390 2999 1446 doctrinam
3031 1393 3273 1448 divinam
3313 1395 3530 1452 scilicet
3575 1398 3853 1453 sanciantur

2307 1491 2402 1531 seu
2434 1478 2765 1546 scribuntur,
2805 1481 3041 1551 primum
3073 1483 3295 1552 quidem
3346 1484 3694 1555 principibus
3721 1498 3853 1558 egent

2306 1569 2511 1639 populi,
2544 1571 2669 1639 quia
2702 1571 2836 1641 ipsis
2864 1575 3094 1629 maxime
3121 1576 3304 1631 divina
3334 1586 3419 1632 est
3445 1576 3657 1631 credita
3679 1578 3851 1632 doctri-

2306 1677 2397 1725 na,
2458 1661 2670 1731 ipsique
2718 1665 3160 1733 demonstratur,
3224 1685 3349 1724 cum
3400 1670 3791 1739 quodammodo
3829 1687 3852 1727 ι

2306 1751 2594 1816 ministris,
2630 1763 2722 1807 aut
2748 1755 2833 1809 his
2857 1756 3057 1825 quibus
3080 1758 3306 1813 omnino
3328 1759 3544 1813 credita
3572 1767 3657 1813 est
3690 1760 3853 1817 debeat

2304 1843 2545 1897 studere.
2577 1844 2714 1910 Quia
2742 1856 2926 1902 autem
2955 1847 3208 1904 eﬂectum
3240 1850 3358 1920 ejus
3405 1850 3648 1920 populus
3670 1851 3854 1919 respicit

2303 1934 2639 1997 audientem,
2669 1936 2795 1991 vide
2833 1936 3148 1992 mandatum
3175 1938 3296 2008 ejus
3322 1939 3375 1993 in
3406 1938 3657 1994 secundo
3688 1940 3850 1995 ordine

2303 2027 2427 2081 ﬁliis
2461 2027 2625 2082 Israel
2656 2027 2817 2095 tradi,
2849 2028 2994 2098 quod
3039 2028 3181 2083 bene
3237 2028 3520 2100 legislator
3572 2041 3852 2099 competen-

2305 2126 2493 2189 terque
2524 2120 2836 2181 custodivit,
2862 2129 2920 2176 et
2955 2130 3077 2191 post
3103 2121 3208 2177 hoc
3235 2120 3370 2177 dixit
3400 2139 3415 2176 :
3452 2122 3546 2177 Vir
3569 2124 3661 2193 qui
3685 2125 3851 2193 patitur

2302 2211 2506 2279 ﬂuxum
2536 2212 2769 2277 seminis,
2806 2213 3106 2267 immundus
3140 2215 3261 2270 erit.
3288 2214 3437 2269 LXX
3466 2223 3654 2270 autem
3693 2215 3765 2270 sic
3788 2216 3852 2269 di-

2303 2312 2473 2356 cunt:
2510 2303 2628 2357 Viro
2650 2305 2762 2357 viro
2784 2305 2869 2357 cui
2914 2308 3086 2374 [actus
3109 2307 3286 2377 tuerit,
3333 2316 3443 2361 etc.
3477 2304 3705 2373 Quoties
3732 2306 3847 2361 enim

2304 2394 2542 2465 duplicat
2573 2396 2694 2461 hoc,
2733 2395 2878 2451 unde
2931 2398 3247 2453 mandatum
3300 2400 3483 2462 datur,
3523 2400 3849 2454 intentionem

2304 2485 2437 2555 legis
2465 2486 2618 2556 cupit
2656 2488 2945 2542 ostendere
2984 2491 3284 2545 secundum
3318 2490 3503 2555 LXX;
3551 2500 3607 2545 et
3632 2499 3846 2561 quantam

2302 2579 2719 2635 sollicitudinem
2748 2579 2946 2635 habeat
2997 2580 3293 2651 legislator,
3346 2580 3582 2635 ut‘nib‘l
3633 2581 3741 2652 ejus
3773 2597 3847 2652 pe-

2302 2668 2449 2724 nitus
2492 2676 2781 2739 praatereat
2814 2686 2828 2722 :
2875 2669 3019 2724 sicut
3045 2676 3262 2738 quando
3313 2670 3495 2726 dicit:
3532 2670 3699 2725 Homo
3725 2672 3847 2725 homo

2303 2762 2366 2814 de
2406 2760 2529 2829 ﬁliis
2570 2759 2761 2826 Israel,
2806 2770 2855 2814 et
2897 2762 2963 2813 de
2991 2761 3230 2821 advenis,
3267 2770 3315 2813 et
3347 2762 3437 2830 qui
3471 2762 3732 2830 conjuncti
3752 2773 3844 2815 sunt

2302 2852 2397 2916 eis,
2446 2852 2533 2917 qui
2583 2853 2762 2922 fecerit
2814 2851 3199 2915 holocaustum,
3247 2862 3340 2903 aut
3368 2852 3709 2921 sacriﬁcium,
3730 2862 3771 2905 et
3794 2856 3845 2905 ad

2303 2942 2495 2995 ostium
2544 2942 2875 2995 tabernaculi
2928 2941 3215 2995 testimonii
3256 2956 3357 2994 non
3384 2942 3671 2997 adduxerit
3696 2943 3756 2995 ad
3778 2944 3843 3010 {a-

2305 3038 2545 3092 ciendum
2595 3040 2690 3092 hoc
2734 3038 2977 3103 Domino,
3030 3040 3473 3093 exterminabitur
3525 3040 3675 3092 homo
3702 3039 3777 3092 ille
3797 3041 3844 3091 de

620 3133 991 3195 architectus,
1034 3148 1133 3202 per
1186 3143 1431 3187 nostram
1482 3134 1667 3203 posuit
1722 3134 1962 3205 linguam
1994 3152 2006 3187 :
2052 3133 2194 3190 sicut
2224 3147 2265 3202 ο
2303 3131 2491 3200 populo
2518 3130 2709 3199 ejus".
2742 3131 2808 3185 Et
2850 3131 2934 3184 his
2968 3131 3071 3184 alia
3096 3131 3319 3210 similia,
3352 3131 3422 3187 de
3461 3147 3691 3203 quorum
3735 3146 3840 3185 cou-

618 3224 838 3292 quidam
879 3221 1174 3278 instructor
1217 3224 1438 3294 sapiens
1485 3240 1583 3294 per
1625 3225 1729 3280 vile
1772 3224 2197 3280 instrumentmn

619 3314 855 3383 lapidem
904 3313 1112 3383 poliens
1154 3314 1490 3385 angularem,
1529 3324 1589 3369 ut
1635 3315 2069 3386 magnitudinem
2098 3314 2199 3370 do-

621 3420 743 3457 mus
792 3405 1063 3469 ostendat,
1119 3415 1269 3461 etut
1324 3406 1702 3462 instrumentis
1751 3407 1951 3461 vilibus
2005 3422 2199 3477 magna

622 3492 885 3561 perﬁciat.

1227 3581 1455 3637 CAPUT
1489 3581 1601 3636 XV.

693 3670 857 3728 Vsus.
891 3672 1008 3728 1-5.
1043 3692 1060 3723 ς
1091 3672 1439 3743 Locutusque
1469 3684 1552 3729 est
1590 3673 1850 3729 Dominus
1887 3675 1954 3730 ad
1979 3676 2196 3749 Moysen

621 3775 678 3820 et
703 3766 882 3819 Aaron
917 3765 1142 3821 dicens:
1193 3766 1499 3835 Loquimini
1556 3766 1678 3821 tiliis
1707 3767 1889 3834 Israel,
1924 3781 1977 3823 et
2006 3770 2199 3825 dicetis

620 3857 738 3911 eis:
773 3855 865 3909 Vir
919 3857 1011 3925 qui
1063 3858 1265 3926 patitur
1314 3858 1517 3911 ﬂuxum
1558 3858 1825 3922 seminis,
1883 3860 2199 3916 immundus

620 3948 746 4013 erit,
789 3956 846 4002 et
885 3958 1014 4002 tunc
1042 3949 1378 4017 judicabitur
1413 3950 1542 4004 huic
1572 3950 1702 4005 vitio
1733 3952 2038 4021 subjacere.
2072 3969 2195 4007 cum

619 4055 719 4108 per
761 4047 1035 4093 momenta
1070 4038 1279 4109 singula
1326 4040 1620 4095 adhteserit
1648 4042 1797 4096 carni
1830 4032 1994 4108 illius,
2036 4054 2198 4115 atque

619 4129 960 4184 concreverit
994 4129 1169 4185 foedus
1200 4132 1412 4185 lmmor.
1453 4150 1471 4183 ι

689 4219 881 4275 Omnis
918 4220 1138 4290 quidem
1186 4222 1450 4291 propheta
1483 4221 1578 4275 Dei
1608 4222 1943 4279 admirabilis
1971 4235 2075 4291 est,
2120 4236 2200 4281 ut-

618 4322 747 4383 pote
780 4314 866 4367 cui
908 4322 1035 4367 sunt
1068 4313 1273 4370 credita
1320 4314 1607 4384 spiritalia.
1664 4315 1772 4370 Sed
1822 4317 2200 4373 admirabilior

618 4404 845 4473 Moyses,
892 4403 1035 4457 sicut
1068 4403 1156 4457 cui
1200 4405 1403 4472 majora
1450 4412 1580 4458 sunt
1623 4404 1851 4470 credita,
1905 4412 2069 4461 tanta:
2109 4422 2197 4461 sa-

616 4496 833 4565 pientia:
860 4495 1118 4566 praecepit
1144 4495 1560 4551 celsitudinem:
1615 4512 1741 4551 nam
1790 4498 1915 4567 quia
1947 4498 2194 4554 inﬁrmus

614 4598 733 4642 erat
770 4587 861 4657 qui
895 4586 964 4641 ab
1005 4602 1070 4642 eo
1116 4588 1288 4657 legem
1326 4588 1664 4658 percipiebat
1712 4590 1969 4659 populus,
2007 4600 2063 4646 et
2099 4592 2193 4661 qui

614 4681 938 4749 perfectiora
977 4680 1227 4752 dogmata
1257 4680 1445 4735 audire
1477 4696 1587 4735 non
1620 4689 1851 4752 poterat,
1893 4691 2000 4736 tam
2041 4681 2192 4735 inﬁr—

614 4772 787 4827 mitati
817 4773 1257 4830 condescendere
1286 4773 1475 4827 volens
1503 4772 1711 4842 populi,
1751 4787 1912 4843 quam
1938 4773 2189 4843 dignitati

614 4877 722 4915 nou
756 4863 1037 4932 injuriare,
1062 4862 1195 4933 legis
1230 4862 1443 4917 invenit
1469 4863 1611 4917 viam
1648 4878 1744 4930 per
1771 4878 1933 4932 quam
1960 4873 2015 4918 et
2041 4864 2189 4921 cela-

615 4960 700 5005 ret
727 4952 1000 5017 sublimia,
1028 4968 1131 5008 nec
1153 4968 1218 5008 ea
1234 4964 1459 5024 propter
1484 4954 1796 5008 auditorum
1818 4954 2187 5011 inﬁrmitatem

612 5042 819 5098 directe
869 5044 1116 5114 proferre
1166 5046 1457 5114 potuisset.
1512 5045 1647 5100 Nam
1702 5060 1829 5101 ecce
1854 5047 2191 5103 etiamnunc

611 5149 736 5189 cum
774 5150 871 5204 per
922 5135 1095 5205 legem
1137 5137 1336 5206 leprosi
1393 5138 1590 5192 multas
1641 5149 1988 5209 peccatorum
2019 5154 2191 5210 expo-

611 5226 810 5281 suisset
838 5228 1066 5297 species,
1100 5243 1225 5282 eum
1259 5230 1349 5298 qui
1392 5228 1595 5283 ﬂuxum
1631 5231 1860 5285 seminis
1888 5241 2185 5301 pateretur,

610 5318 830 5389 adjecit.
879 5318 980 5373 l‘er
1013 5334 1175 5392 quam
1208 5319 1433 5374 alteram
1469 5321 1705 5390 speciem
1743 5323 1950 5390 peccati
2003 5339 2191 5377 rursus

608 5407 853 5475 exponit,
901 5418 957 5463 et
1003 5423 1127 5463 eum
1167 5408 1258 5478 qui
1300 5409 1621 5479 proﬂuvium
1653 5410 1859 5479 patitur
1902 5410 2185 5479 doctrinae,

608 5513 676 5554 ex
704 5514 809 5569 qua
854 5515 1050 5573 corpus
1089 5502 1259 5573 ipsius
1293 5503 1559 5569 subsistit,
1593 5504 1646 5560 id
1684 5513 1767 5560 est
1806 5521 1870 5561 ex
1903 5522 2009 5576 qua
2042 5506 2188 5561 salu-

714 5718 760 5751 "
786 5712 926 5775 Psal.
952 5739 990 5786 ι,
1014 5724 1069 5786 2,
1097 5724 1151 5779 5.

605 5786 653 5819 ⁸⁸
681 5787 841 5846 Prov.
876 5807 963 5857 xx,
1000 5793 1051 5848 6.

1271 5723 1317 5755 ⁸³
1338 5723 1495 5779 Joan.
1527 5742 1604 5784 Ill.
1642 5726 1730 5781 59.

1166 5794 1211 5824 υ
1242 5796 1438 5865 Ephes.
1486 5813 1559 5859 ιν,
1594 5798 1674 5851 15.

1844 5726 2059 5781 “Psal.
2120 5745 2285 5795 xcm,
2344 5729 2429 5782 12.

1790 5798 1833 5828 ⁸⁹
1862 5798 1881 5859 l_
1910 5797 2035 5851 Cor.
2064 5816 2135 5865 ιχ,
2173 5802 2255 5854 ll.

2301 3222 2607 3276 Servatione
2656 3221 2948 3276 maximam
2993 3221 3269 3292 legislator
3312 3237 3500 3277 curam
3556 3222 3733 3294 gessit.
3769 3221 3841 3275 llic

2300 3322 2480 3366 autem
2536 3312 2838 3368 secundum
2911 3314 3221 3383 praedictam
3288 3314 3699 3368 meditationem
3754 3328 3838 3367 non

2299 3401 2435 3457 dixit
2465 3403 2626 3457 homo
2650 3404 2832 3467 homo,
2862 3403 2956 3458 sed
2998 3403 3113 3457 viro
3145 3404 3282 3469 viro,
3316 3404 3607 3473 duplicans
3636 3403 3836 3475 quidem.

2300 3493 2759 3562 quemadmodum
2801 3503 2855 3547 et
2894 3494 2981 3547 ubi
3028 3510 3339 3564 personam.
3380 3494 3613 3567 PrOpter
3660 3494 3834 3549 fortitu-

2300 3584 2481 3639 dinem
2509 3600 2638 3639 vero
2666 3586 2747 3639 sic
2775 3584 3079 3654 appellatur
3104 3600 3135 3639 a
3165 3585 3333 3641 latore
3373 3586 3534 3658 legis,
3565 3588 3685 3658 quia
3714 3600 3838 3640 vocao

2301 3675 2489 3731 bulum
2540 3676 2644 3732 hoc
2665 3691 2783 3733 mos
2821 3686 2905 3733 est
2955 3678 3227 3747 geminam
3257 3677 3489 3734 innuere
3526 3678 3834 3751 signiﬁcatio-

2302 3786 2446 3824 nem.
2498 3769 2553 3823 ld
2612 3770 2758 3839 quod
2806 3770 3045 3825 ostendit
3096 3756 3354 3826 Salomon
3401 3771 3645 3827 dicens:
3695 3770 3834 3824 Virum

2300 3871 2475 3916 autent
2503 3862 2708 3930 ﬁdelem
2734 3862 2848 3934 quis
2877 3863 3100 3917 inveniet
3122 3863 3203 3917 '7?
3224 3861 3329 3918 Sed
3350 3870 3406 3919 et
3440 3865 3673 3920 Paulus:
3700 3862 3833 3915 Donec

2300 3969 2635 4006 occurramus
2657 3970 2833 4008 omnes
2856 3955 2911 4008 in
2938 3955 3110 4007 virum
3146 3957 3454 4024 perfectum,
3492 3957 3547 4008 in
3583 3967 3831 4008 mensuram

2299 4044 2473 4096 (etatis
2495 4042 2835 4113 plenitudinis
2864 4042 3056 4099 Christi
3078 4044 3145 4099 ⁸³.
3180 4044 3321 4117 Ergo
3351 4046 3649 4115 duplicatio
3681 4042 3830 4113 appel-

2302 4134 2519 4189 lationis
2553 4144 2816 4205 quantum
2859 4135 2907 4190 ei
2956 4137 3248 4207 pertineat,
3294 4136 3363 4193 de
3413 4138 3665 4191 mandato
3696 4134 3830 4189 niani-

2301 4225 2538 4280 festavit.
2573 4224 2726 4292 Quod
2762 4236 2941 4281 autem
2985 4228 3102 4282 viro
3136 4228 3293 4293 dixit,
3329 4241 3385 4283 et
3411 4244 3522 4282 non
3558 4226 3830 4297 simpliciter

2300 4316 2529 4383 homini,
2561 4318 2955 4373 demonstravit
2991 4319 3137 4388 quod
3172 4320 3411 4374 doctoris
3452 4321 3701 4375 innuerct
3733 4331 3827 4386 pet-

2302 4425 2526 4464 sonam:
2576 4409 2629 4464 in
2672 4410 2776 4465 hoc
2828 4410 2973 4465 enim
3035 4410 3343 4466 necessarie
3379 4410 3709 4467 demonstrat
3731 4422 3827 4479 per-

2232 4480 2427 4556 Dfecti
2479 4502 2729 4557 formam.
2785 4501 2891 4557 Sed
2953 4504 3079 4559 huic
3142 4504 3187 4558 si
3238 4503 3414 4559 factus
3457 4504 3623 4560 fuerit
3646 4500 3825 4558 seminis

2299 4593 2495 4657 ﬂuxus,
2539 4593 2854 4649 immundus
2885 4596 3009 4650 erit.
3049 4594 3167 4661 Quo
3193 4605 3375 4650 autem
3408 4596 3592 4652 modo.
3624 4593 3735 4649 audi
3758 4606 3824 4645 se-

2297 4686 2517 4757 quentia
2543 4705 2556 4741 :

2367 4781 2435 4834 Et
2492 4789 2614 4834 tunc
2647 4780 2979 4849 judicabitur
3021 4781 3143 4835 huic
3182 4781 3528 4836 immunditiis
3578 4780 3820 4848 subiacere.

2296 4873 2353 4928 ld
2408 4882 2514 4939 est,
2555 4873 2675 4928 btec
2712 4873 2961 4943 probatio
3005 4873 3363 4927 immunditim
3416 4874 3570 4943 ejus;
3602 4870 3817 4943 judicium

2290 4972 2472 5018 autem
2511 4962 2871 5017 immnnditia:
2907 4962 3048 5031 ejus,
3083 4962 3137 5015 in
3169 4963 3271 5017 hoc
3294 4963 3563 5018 loeodixit
3597 4964 3744 5032 legem
3769 4958 3818 5010 il-

2275 5072 2415 5128 .lam,
2434 5072 2555 5127 quae
2572 5054 2970 5110 immunditiam
2991 5054 3111 5123 ejus
3131 5054 3344 5124 probat.
3365 5055 3563 5123 thuis
3577 5052 3735 5109 esthic
3748 5051 3812 5118 qui

2287 5145 2490 5201 ﬂuxum
2527 5146 2734 5216 patitur
2765 5143 3034 5198 seminis?
3068 5144 3268 5197 Semen
3314 5145 3629 5215 intelligitur
3655 5140 3811 5196 doctri-

2286 5254 2377 5301 na,
2400 5239 2475 5292 ait
2497 5237 2729 5291 Paulus:
2755 5234 2813 5289 Si
2843 5252 2936 5289 nas
2961 5236 3097 5289 vobis
3128 5236 3393 5306 spiritalia
3420 5229 3805 5289 seminavimus”.
3832 5236 3835 5237 ⁷

2291 5328 2398 5383 Sed
2460 5336 2516 5383 et
2555 5327 2814 5382 Dominus
2845 5327 2959 5381 ait:
3021 5326 3204 5381 Omnis
3257 5329 3346 5397 qui
3376 5329 3526 5380 audit
3552 5327 3748 5389 verbum,
3774 5330 3806 5373 et

2291 5434 2392 5472 non
2418 5417 2661 5489 intelligit
2683 5434 2701 5471 :
2731 5418 2872 5471 venit
2905 5417 3187 5488 malignus,
3225 5426 3273 5471 et
3304 5418 3445 5486 rapit
3470 5432 3581 5487 qua:
3604 5414 3804 5468 seminata

2286 5512 2479 5564 suntin
2504 5512 2654 5566 corde
2677 5511 2791 5579 ejus
2807 5511 2876 5566 ”.
2909 5510 3046 5577 Quia
3081 5520 3266 5565 autem
3297 5509 3488 5564 dicunt
3519 5506 3678 5561 LXX:
3716 5503 3805 5556 Viro

2544 5731 2588 5761 ⁸⁵
2614 5731 2630 5784 l
2660 5731 2800 5785 Tim.
2837 5748 2911 5797 Iv,
2948 5734 3033 5799 lii,
3065 5734 3151 5789 16.
3263 5735 3308 5766 ⁸⁸
3337 5734 3510 5788 Levit.
3556 5745 3670 5791 xvu,
3696 5723 3795 5789 5,4.

2366 5800 2412 5832 ’°
2436 5798 2629 5854 Matth.
2658 5818 2777 5868 xm,
2809 5800 2892 5856 i9.
