  <div class='ocr_page' id='page_1' title='image "/cluster/home/n/w/nwhite01/storage/ocr_20150623/93/hvd.32044019208040/492.png"; bbox 0 0 3946 6408; ppageno 0'>
   <div class='ocr_carea' id='block_1_1' title="bbox 144 405 238 471">
    <p class='ocr_par' dir='ltr' id='par_1_1' title="bbox 144 405 238 471">
     <span class='ocr_line' id='line_1_1' title="bbox 144 405 238 471; baseline -0.064 0"><span class='ocrx_word' id='word_1_1' title='bbox 144 405 238 471; x_wconf 75' lang='grc'><strong>969</strong></span> 
     </span>
    </p>
   </div>
   <div class='ocr_carea' id='block_1_2' title="bbox 1318 409 2246 482">
    <p class='ocr_par' dir='ltr' id='par_1_2' title="bbox 1318 409 2246 482">
     <span class='ocr_line' id='line_1_2' title="bbox 1318 409 2246 482; baseline 0.014 -13"><span class='ocrx_word' id='word_1_2' title='bbox 1318 409 1394 470; x_wconf 80' lang='grc' dir='ltr'><strong>ΙΝ</strong></span> <span class='ocrx_word' id='word_1_3' title='bbox 1433 410 1869 476; x_wconf 77' lang='lat' dir='ltr'><strong>LEVITICUM.</strong></span> <span class='ocrx_word' id='word_1_4' title='bbox 1903 442 1971 450; x_wconf 71' lang='lat'><strong>-</strong></span> <span class='ocrx_word' id='word_1_5' title='bbox 2010 420 2149 480; x_wconf 86' lang='lat' dir='ltr'><strong>LIB.</strong></span> <span class='ocrx_word' id='word_1_6' title='bbox 2178 420 2246 482; x_wconf 66' lang='grc' dir='ltr'><strong>Υ.</strong></span> 
     </span>
    </p>
   </div>
   <div class='ocr_carea' id='block_1_3' title="bbox 3296 441 3403 507">
    <p class='ocr_par' dir='ltr' id='par_1_3' title="bbox 3296 441 3403 507">
     <span class='ocr_line' id='line_1_3' title="bbox 3296 441 3403 507; baseline -0.009 0"><span class='ocrx_word' id='word_1_7' title='bbox 3296 441 3403 507; x_wconf 82' lang='lat'><strong>970</strong></span> 
     </span>
    </p>
   </div>
   <div class='ocr_carea' id='block_1_4' title="bbox 139 518 3399 619">
    <p class='ocr_par' dir='ltr' id='par_1_4' title="bbox 139 518 3399 619">
     <span class='ocr_line' id='line_1_4' title="bbox 139 518 3399 619; baseline 0.014 -54"><span class='ocrx_word' id='word_1_8' title='bbox 139 521 181 573; x_wconf 63' lang='grc' dir='ltr'><strong>εἰ</strong></span> <span class='ocrx_word' id='word_1_9' title='bbox 219 518 375 588; x_wconf 70' lang='lat' dir='ltr'><strong>fuerit</strong></span> <span class='ocrx_word' id='word_1_10' title='bbox 416 518 736 586; x_wconf 78' lang='lat' dir='ltr'><strong>proﬂuvium</strong></span> <span class='ocrx_word' id='word_1_11' title='bbox 765 518 977 572; x_wconf 76' lang='lat' dir='ltr'><strong>seminis</strong></span> <span class='ocrx_word' id='word_1_12' title='bbox 1005 536 1068 573; x_wconf 77' lang='lat' dir='ltr'><strong>ea:</strong></span> <span class='ocrx_word' id='word_1_13' title='bbox 1096 535 1312 590; x_wconf 83' lang='lat' dir='ltr'><strong>corpore</strong></span> <span class='ocrx_word' id='word_1_14' title='bbox 1363 524 1498 591; x_wconf 73' lang='lat' dir='ltr'><strong>ejus,</strong></span> <span class='ocrx_word' id='word_1_15' title='bbox 1533 540 1595 579; x_wconf 79' lang='lat' dir='ltr'><strong>ea:</strong></span> <span class='ocrx_word' id='word_1_16' title='bbox 1627 541 1726 595; x_wconf 89' lang='lat' dir='ltr'><strong>quo</strong></span> <span class='ocrx_word' id='word_1_17' title='bbox 1759 533 1798 588; x_wconf 82' lang='grc' dir='ltr'><strong>Α</strong></span> <span class='ocrx_word' id='word_1_18' title='bbox 1834 543 2058 599; x_wconf 84' lang='lat' dir='ltr'><strong>corpus,</strong></span> <span class='ocrx_word' id='word_1_19' title='bbox 2090 548 2154 587; x_wconf 80' lang='lat' dir='ltr'><strong>ex</strong></span> <span class='ocrx_word' id='word_1_20' title='bbox 2189 550 2298 605; x_wconf 88' lang='lat' dir='ltr'><strong>quo</strong></span> <span class='ocrx_word' id='word_1_21' title='bbox 2333 553 2532 609; x_wconf 90' lang='lat' dir='ltr'><strong>corpus</strong></span> <span class='ocrx_word' id='word_1_22' title='bbox 2565 542 2817 600; x_wconf 89' lang='lat' dir='ltr'><strong>consistit</strong></span> <span class='ocrx_word' id='word_1_23' title='bbox 2855 549 3063 619; x_wconf 81' lang='lat' dir='ltr'><strong>populi,</strong></span> <span class='ocrx_word' id='word_1_24' title='bbox 3086 552 3399 613; x_wconf 80' lang='lat' dir='ltr'><strong>immundus</strong></span> 
     </span>
    </p>
   </div>
   <div class='ocr_carea' id='block_1_5' title="bbox 138 608 1724 685">
    <p class='ocr_par' dir='ltr' id='par_1_5' title="bbox 138 608 1724 685">
     <span class='ocr_line' id='line_1_5' title="bbox 138 608 1724 685; baseline 0.006 -24"><span class='ocrx_word' id='word_1_25' title='bbox 138 608 367 661; x_wconf 71' lang='lat' dir='ltr'><strong>consistit</strong></span> <span class='ocrx_word' id='word_1_26' title='bbox 412 624 605 675; x_wconf 69' lang='lat' dir='ltr'><strong>corpus</strong></span> <span class='ocrx_word' id='word_1_27' title='bbox 639 609 753 676; x_wconf 84' lang='lat' dir='ltr'><strong>ejus</strong></span> <span class='ocrx_word' id='word_1_28' title='bbox 797 612 1178 680; x_wconf 69' lang='lat' dir='ltr'><strong>segregandam</strong></span> <span class='ocrx_word' id='word_1_29' title='bbox 1221 621 1319 677; x_wconf 84' lang='lat' dir='ltr'><strong>est,</strong></span> <span class='ocrx_word' id='word_1_30' title='bbox 1350 615 1494 684; x_wconf 90' lang='lat' dir='ltr'><strong>quod</strong></span> <span class='ocrx_word' id='word_1_31' title='bbox 1525 631 1724 685; x_wconf 86' lang='lat' dir='ltr'><strong>corpus</strong></span> 
     </span>
    </p>
   </div>
   <div class='ocr_carea' id='block_1_6' title="bbox 139 697 1721 775">
    <p class='ocr_par' dir='ltr' id='par_1_6' title="bbox 139 697 1721 775">
     <span class='ocr_line' id='line_1_6' title="bbox 139 697 1721 775; baseline 0.006 -24"><span class='ocrx_word' id='word_1_32' title='bbox 139 698 325 766; x_wconf 78' lang='lat' dir='ltr'><strong>duplex</strong></span> <span class='ocrx_word' id='word_1_33' title='bbox 363 697 459 753; x_wconf 87' lang='lat' dir='ltr'><strong>hic</strong></span> <span class='ocrx_word' id='word_1_34' title='bbox 498 698 680 762; x_wconf 91' lang='lat' dir='ltr'><strong>tradit,</strong></span> <span class='ocrx_word' id='word_1_35' title='bbox 714 700 765 754; x_wconf 90' lang='lat' dir='ltr'><strong>id</strong></span> <span class='ocrx_word' id='word_1_36' title='bbox 799 710 905 767; x_wconf 88' lang='lat' dir='ltr'><strong>est,</strong></span> <span class='ocrx_word' id='word_1_37' title='bbox 940 702 1044 756; x_wconf 87' lang='lat' dir='ltr'><strong>hoc</strong></span> <span class='ocrx_word' id='word_1_38' title='bbox 1066 704 1283 771; x_wconf 85' lang='lat' dir='ltr'><strong>quidem</strong></span> <span class='ocrx_word' id='word_1_39' title='bbox 1302 720 1369 758; x_wconf 81' lang='lat' dir='ltr'><strong>ex</strong></span> <span class='ocrx_word' id='word_1_40' title='bbox 1407 719 1515 775; x_wconf 92' lang='lat' dir='ltr'><strong>quo</strong></span> <span class='ocrx_word' id='word_1_41' title='bbox 1535 721 1721 761; x_wconf 84' lang='lat' dir='ltr'><strong>semen</strong></span> 
     </span>
    </p>
   </div>
   <div class='ocr_carea' id='block_1_7' title="bbox 137 792 1722 868">
    <p class='ocr_par' dir='ltr' id='par_1_7' title="bbox 137 792 1722 868">
     <span class='ocr_line' id='line_1_7' title="bbox 137 792 1722 868; baseline 0.008 -24"><span class='ocrx_word' id='word_1_42' title='bbox 137 792 263 856; x_wconf 84' lang='lat' dir='ltr'><strong>ﬂuit,</strong></span> <span class='ocrx_word' id='word_1_43' title='bbox 322 792 480 847; x_wconf 86' lang='lat' dir='ltr'><strong>aliud</strong></span> <span class='ocrx_word' id='word_1_44' title='bbox 532 805 734 857; x_wconf 87' lang='lat' dir='ltr'><strong>autem,</strong></span> <span class='ocrx_word' id='word_1_45' title='bbox 766 799 909 865; x_wconf 88' lang='lat' dir='ltr'><strong>quod</strong></span> <span class='ocrx_word' id='word_1_46' title='bbox 963 814 1063 868; x_wconf 89' lang='lat' dir='ltr'><strong>per</strong></span> <span class='ocrx_word' id='word_1_47' title='bbox 1092 798 1300 855; x_wconf 79' lang='lat' dir='ltr'><strong>ﬂuxum</strong></span> <span class='ocrx_word' id='word_1_48' title='bbox 1334 802 1562 857; x_wconf 86' lang='lat' dir='ltr'><strong>seminis</strong></span> <span class='ocrx_word' id='word_1_49' title='bbox 1591 804 1722 858; x_wconf 87' lang='lat' dir='ltr'><strong>sub-</strong></span> 
     </span>
    </p>
   </div>
   <div class='ocr_carea' id='block_1_8' title="bbox 139 884 1721 962">
    <p class='ocr_par' dir='ltr' id='par_1_8' title="bbox 139 884 1721 962">
     <span class='ocr_line' id='line_1_8' title="bbox 139 884 1721 962; baseline 0.008 -24"><span class='ocrx_word' id='word_1_50' title='bbox 139 884 288 938; x_wconf 81' lang='lat' dir='ltr'><strong>sistit.</strong></span> <span class='ocrx_word' id='word_1_51' title='bbox 332 884 476 950; x_wconf 85' lang='lat' dir='ltr'><strong>Quia</strong></span> <span class='ocrx_word' id='word_1_52' title='bbox 515 901 642 955; x_wconf 89' lang='lat' dir='ltr'><strong>ergo</strong></span> <span class='ocrx_word' id='word_1_53' title='bbox 669 904 734 942; x_wconf 77' lang='lat' dir='ltr'><strong>es:</strong></span> <span class='ocrx_word' id='word_1_54' title='bbox 781 890 1092 946; x_wconf 85' lang='lat' dir='ltr'><strong>inordinate</strong></span> <span class='ocrx_word' id='word_1_55' title='bbox 1137 894 1471 962; x_wconf 84' lang='lat' dir='ltr'><strong>procedente</strong></span> <span class='ocrx_word' id='word_1_56' title='bbox 1514 896 1721 951; x_wconf 89' lang='lat' dir='ltr'><strong>semine</strong></span> 
     </span>
    </p>
   </div>
   <div class='ocr_carea' id='block_1_9' title="bbox 138 976 1720 1055">
    <p class='ocr_par' dir='ltr' id='par_1_9' title="bbox 138 976 1720 1055">
     <span class='ocr_line' id='line_1_9' title="bbox 138 976 1720 1055; baseline 0.009 -28"><span class='ocrx_word' id='word_1_57' title='bbox 138 976 506 1045; x_wconf 85' lang='lat' dir='ltr'><strong>generandum</strong></span> <span class='ocrx_word' id='word_1_58' title='bbox 538 979 713 1033; x_wconf 77' lang='lat' dir='ltr'><strong>fuerat</strong></span> <span class='ocrx_word' id='word_1_59' title='bbox 740 982 1011 1048; x_wconf 86' lang='lat' dir='ltr'><strong>quoddam</strong></span> <span class='ocrx_word' id='word_1_60' title='bbox 1052 999 1273 1053; x_wconf 91' lang='lat' dir='ltr'><strong>corpus,</strong></span> <span class='ocrx_word' id='word_1_61' title='bbox 1306 985 1720 1055; x_wconf 86' lang='lat' dir='ltr'><strong>subsistereque</strong></span> 
     </span>
    </p>
   </div>
   <div class='ocr_carea' id='block_1_10' title="bbox 142 1073 1719 1147">
    <p class='ocr_par' dir='ltr' id='par_1_10' title="bbox 142 1073 1719 1147">
     <span class='ocr_line' id='line_1_10' title="bbox 142 1073 1719 1147; baseline 0.01 -28"><span class='ocrx_word' id='word_1_62' title='bbox 142 1076 361 1136; x_wconf 84' lang='lat' dir='ltr'><strong>poterat,</strong></span> <span class='ocrx_word' id='word_1_63' title='bbox 422 1074 741 1125; x_wconf 85' lang='lat' dir='ltr'><strong>necessario</strong></span> <span class='ocrx_word' id='word_1_64' title='bbox 793 1073 1029 1142; x_wconf 90' lang='lat' dir='ltr'><strong>primum</strong></span> <span class='ocrx_word' id='word_1_65' title='bbox 1060 1090 1283 1146; x_wconf 91' lang='lat' dir='ltr'><strong>corpus,</strong></span> <span class='ocrx_word' id='word_1_66' title='bbox 1309 1092 1376 1131; x_wconf 80' lang='lat' dir='ltr'><strong>ex</strong></span> <span class='ocrx_word' id='word_1_67' title='bbox 1404 1093 1514 1147; x_wconf 91' lang='lat' dir='ltr'><strong>quo</strong></span> <span class='ocrx_word' id='word_1_68' title='bbox 1541 1078 1719 1135; x_wconf 79' lang='lat' dir='ltr'><strong>ﬂuxus</strong></span> 
     </span>
    </p>
   </div>
   <div class='ocr_carea' id='block_1_11' title="bbox 142 1158 1722 1236">
    <p class='ocr_par' dir='ltr' id='par_1_11' title="bbox 142 1158 1722 1236">
     <span class='ocr_line' id='line_1_11' title="bbox 142 1158 1722 1236; baseline 0.009 -25"><span class='ocrx_word' id='word_1_69' title='bbox 142 1166 215 1211; x_wconf 86' lang='lat' dir='ltr'><strong>est</strong></span> <span class='ocrx_word' id='word_1_70' title='bbox 254 1158 394 1225; x_wconf 83' lang='lat' dir='ltr'><strong>ejus,</strong></span> <span class='ocrx_word' id='word_1_71' title='bbox 438 1160 535 1228; x_wconf 86' lang='lat' dir='ltr'><strong>qui</strong></span> <span class='ocrx_word' id='word_1_72' title='bbox 576 1161 800 1215; x_wconf 80' lang='lat' dir='ltr'><strong>seminis</strong></span> <span class='ocrx_word' id='word_1_73' title='bbox 846 1163 1048 1219; x_wconf 78' lang='lat' dir='ltr'><strong>ﬂuxum</strong></span> <span class='ocrx_word' id='word_1_74' title='bbox 1082 1168 1304 1236; x_wconf 88' lang='lat' dir='ltr'><strong>patitur,</strong></span> <span class='ocrx_word' id='word_1_75' title='bbox 1342 1170 1519 1223; x_wconf 90' lang='lat' dir='ltr'><strong>modis</strong></span> <span class='ocrx_word' id='word_1_76' title='bbox 1548 1171 1722 1225; x_wconf 84' lang='lat' dir='ltr'><strong>omni-</strong></span> 
     </span>
    </p>
   </div>
   <div class='ocr_carea' id='block_1_12' title="bbox 144 1249 1721 1331">
    <p class='ocr_par' dir='ltr' id='par_1_12' title="bbox 144 1249 1721 1331">
     <span class='ocr_line' id='line_1_12' title="bbox 144 1249 1721 1331; baseline 0.008 -27"><span class='ocrx_word' id='word_1_77' title='bbox 144 1249 234 1304; x_wconf 88' lang='lat' dir='ltr'><strong>bus</strong></span> <span class='ocrx_word' id='word_1_78' title='bbox 271 1249 621 1322; x_wconf 80' lang='lat' dir='ltr'><strong>intelligitur.</strong></span> <span class='ocrx_word' id='word_1_79' title='bbox 653 1254 809 1309; x_wconf 80' lang='lat' dir='ltr'><strong>Aliud</strong></span> <span class='ocrx_word' id='word_1_80' title='bbox 833 1265 1014 1311; x_wconf 81' lang='lat' dir='ltr'><strong>autem</strong></span> <span class='ocrx_word' id='word_1_81' title='bbox 1043 1259 1367 1324; x_wconf 84' lang='lat' dir='ltr'><strong>consistere,</strong></span> <span class='ocrx_word' id='word_1_82' title='bbox 1403 1260 1599 1331; x_wconf 89' lang='lat' dir='ltr'><strong>inquit,</strong></span> <span class='ocrx_word' id='word_1_83' title='bbox 1625 1277 1721 1331; x_wconf 90' lang='lat' dir='ltr'><strong>per</strong></span> 
     </span>
    </p>
   </div>
   <div class='ocr_carea' id='block_1_13' title="bbox 144 1338 1717 1420">
    <p class='ocr_par' dir='ltr' id='par_1_13' title="bbox 144 1338 1717 1420">
     <span class='ocr_line' id='line_1_13' title="bbox 144 1338 1717 1420; baseline 0.01 -29"><span class='ocrx_word' id='word_1_84' title='bbox 144 1338 359 1404; x_wconf 80' lang='lat' dir='ltr'><strong>ﬂuxum,</strong></span> <span class='ocrx_word' id='word_1_85' title='bbox 401 1341 458 1394; x_wconf 89' lang='lat' dir='ltr'><strong>id</strong></span> <span class='ocrx_word' id='word_1_86' title='bbox 486 1353 595 1406; x_wconf 89' lang='lat' dir='ltr'><strong>est,</strong></span> <span class='ocrx_word' id='word_1_87' title='bbox 635 1346 740 1401; x_wconf 82' lang='lat' dir='ltr'><strong>hoc</strong></span> <span class='ocrx_word' id='word_1_88' title='bbox 780 1348 926 1416; x_wconf 89' lang='lat' dir='ltr'><strong>quod</strong></span> <span class='ocrx_word' id='word_1_89' title='bbox 952 1364 1017 1403; x_wconf 80' lang='lat' dir='ltr'><strong>ex</strong></span> <span class='ocrx_word' id='word_1_90' title='bbox 1048 1364 1113 1404; x_wconf 89' lang='lat' dir='ltr'><strong>eo</strong></span> <span class='ocrx_word' id='word_1_91' title='bbox 1148 1352 1398 1420; x_wconf 87' lang='lat' dir='ltr'><strong>generari</strong></span> <span class='ocrx_word' id='word_1_92' title='bbox 1432 1354 1717 1418; x_wconf 80' lang='lat' dir='ltr'><strong>debuerat,</strong></span> 
     </span>
    </p>
   </div>
   <div class='ocr_carea' id='block_1_14' title="bbox 145 1434 1719 1516">
    <p class='ocr_par' dir='ltr' id='par_1_14' title="bbox 145 1434 1719 1516">
     <span class='ocr_line' id='line_1_14' title="bbox 145 1434 1719 1516; baseline 0.012 -33"><span class='ocrx_word' id='word_1_93' title='bbox 145 1442 286 1500; x_wconf 81' lang='lat' dir='ltr'><strong>atque</strong></span> <span class='ocrx_word' id='word_1_94' title='bbox 307 1434 637 1501; x_wconf 77' lang='lat' dir='ltr'><strong>subsistere,</strong></span> <span class='ocrx_word' id='word_1_95' title='bbox 673 1438 800 1493; x_wconf 91' lang='lat' dir='ltr'><strong>licet</strong></span> <span class='ocrx_word' id='word_1_96' title='bbox 826 1455 935 1493; x_wconf 91' lang='lat' dir='ltr'><strong>non</strong></span> <span class='ocrx_word' id='word_1_97' title='bbox 977 1450 1288 1509; x_wconf 77' lang='lat' dir='ltr'><strong>generetur,</strong></span> <span class='ocrx_word' id='word_1_98' title='bbox 1326 1454 1553 1514; x_wconf 85' lang='lat' dir='ltr'><strong>propter</strong></span> <span class='ocrx_word' id='word_1_99' title='bbox 1573 1447 1719 1516; x_wconf 89' lang='lat' dir='ltr'><strong>quod</strong></span> 
     </span>
    </p>
   </div>
   <div class='ocr_carea' id='block_1_15' title="bbox 143 1523 1717 1604">
    <p class='ocr_par' dir='ltr' id='par_1_15' title="bbox 143 1523 1717 1604">
     <span class='ocr_line' id='line_1_15' title="bbox 143 1523 1717 1604; baseline 0.011 -29"><span class='ocrx_word' id='word_1_100' title='bbox 143 1533 190 1577; x_wconf 84' lang='lat' dir='ltr'><strong>et</strong></span> <span class='ocrx_word' id='word_1_101' title='bbox 226 1523 545 1581; x_wconf 87' lang='lat' dir='ltr'><strong>immundus</strong></span> <span class='ocrx_word' id='word_1_102' title='bbox 601 1538 705 1583; x_wconf 91' lang='lat' dir='ltr'><strong>est.</strong></span> <span class='ocrx_word' id='word_1_103' title='bbox 773 1528 988 1601; x_wconf 89' lang='lat' dir='ltr'><strong>Corpus</strong></span> <span class='ocrx_word' id='word_1_104' title='bbox 1015 1542 1199 1588; x_wconf 89' lang='lat' dir='ltr'><strong>autem</strong></span> <span class='ocrx_word' id='word_1_105' title='bbox 1227 1536 1352 1604; x_wconf 89' lang='lat' dir='ltr'><strong>ejus</strong></span> <span class='ocrx_word' id='word_1_106' title='bbox 1386 1536 1551 1591; x_wconf 87' lang='lat' dir='ltr'><strong>etiam</strong></span> <span class='ocrx_word' id='word_1_107' title='bbox 1586 1538 1717 1592; x_wconf 93' lang='lat' dir='ltr'><strong>illud</strong></span> 
     </span>
    </p>
   </div>
   <div class='ocr_carea' id='block_1_16' title="bbox 143 1613 1717 1699">
    <p class='ocr_par' dir='ltr' id='par_1_16' title="bbox 143 1613 1717 1699">
     <span class='ocr_line' id='line_1_16' title="bbox 143 1613 1717 1699; baseline 0.012 -35"><span class='ocrx_word' id='word_1_108' title='bbox 143 1613 424 1668; x_wconf 82' lang='lat' dir='ltr'><strong>secundum</strong></span> <span class='ocrx_word' id='word_1_109' title='bbox 484 1617 748 1685; x_wconf 83' lang='lat' dir='ltr'><strong>appellat,</strong></span> <span class='ocrx_word' id='word_1_110' title='bbox 795 1620 921 1690; x_wconf 87' lang='lat' dir='ltr'><strong>quia</strong></span> <span class='ocrx_word' id='word_1_111' title='bbox 976 1638 1166 1678; x_wconf 79' lang='lat' dir='ltr'><strong>revera</strong></span> <span class='ocrx_word' id='word_1_112' title='bbox 1235 1641 1435 1697; x_wconf 90' lang='lat' dir='ltr'><strong>corpus</strong></span> <span class='ocrx_word' id='word_1_113' title='bbox 1482 1628 1601 1697; x_wconf 88' lang='lat' dir='ltr'><strong>ejus</strong></span> <span class='ocrx_word' id='word_1_114' title='bbox 1625 1628 1717 1699; x_wconf 90' lang='lat' dir='ltr'><strong>qui</strong></span> 
     </span>
    </p>
   </div>
   <div class='ocr_carea' id='block_1_17' title="bbox 144 1707 1719 1786">
    <p class='ocr_par' dir='ltr' id='par_1_17' title="bbox 144 1707 1719 1786">
     <span class='ocr_line' id='line_1_17' title="bbox 144 1707 1719 1786; baseline 0.012 -30"><span class='ocrx_word' id='word_1_115' title='bbox 144 1714 367 1773; x_wconf 80' lang='lat' dir='ltr'><strong>generat,</strong></span> <span class='ocrx_word' id='word_1_116' title='bbox 413 1716 503 1761; x_wconf 88' lang='lat' dir='ltr'><strong>est</strong></span> <span class='ocrx_word' id='word_1_117' title='bbox 553 1707 659 1763; x_wconf 87' lang='lat' dir='ltr'><strong>hoc</strong></span> <span class='ocrx_word' id='word_1_118' title='bbox 714 1712 860 1780; x_wconf 89' lang='lat' dir='ltr'><strong>quod</strong></span> <span class='ocrx_word' id='word_1_119' title='bbox 914 1728 977 1767; x_wconf 80' lang='lat' dir='ltr'><strong>ex</strong></span> <span class='ocrx_word' id='word_1_120' title='bbox 1034 1730 1101 1769; x_wconf 90' lang='lat' dir='ltr'><strong>eo</strong></span> <span class='ocrx_word' id='word_1_121' title='bbox 1136 1728 1452 1786; x_wconf 79' lang='lat' dir='ltr'><strong>generetur.</strong></span> <span class='ocrx_word' id='word_1_122' title='bbox 1483 1718 1609 1774; x_wconf 74' lang='lat' dir='ltr'><strong>Haec</strong></span> <span class='ocrx_word' id='word_1_123' title='bbox 1636 1730 1719 1776; x_wconf 88' lang='lat' dir='ltr'><strong>est</strong></span> 
     </span>
    </p>
   </div>
   <div class='ocr_carea' id='block_1_18' title="bbox 146 1797 1713 1876">
    <p class='ocr_par' dir='ltr' id='par_1_18' title="bbox 146 1797 1713 1876">
     <span class='ocr_line' id='line_1_18' title="bbox 146 1797 1713 1876; baseline 0.011 -29"><span class='ocrx_word' id='word_1_124' title='bbox 146 1805 302 1849; x_wconf 82' lang='lat' dir='ltr'><strong>autem</strong></span> <span class='ocrx_word' id='word_1_125' title='bbox 334 1797 472 1867; x_wconf 80' lang='lat' dir='ltr'><strong>legis</strong></span> <span class='ocrx_word' id='word_1_126' title='bbox 502 1800 560 1852; x_wconf 89' lang='lat' dir='ltr'><strong>in</strong></span> <span class='ocrx_word' id='word_1_127' title='bbox 596 1801 869 1872; x_wconf 91' lang='lat' dir='ltr'><strong>principio</strong></span> <span class='ocrx_word' id='word_1_128' title='bbox 912 1813 1063 1870; x_wconf 86' lang='lat' dir='ltr'><strong>nota,</strong></span> <span class='ocrx_word' id='word_1_129' title='bbox 1094 1806 1222 1875; x_wconf 88' lang='lat' dir='ltr'><strong>quia</strong></span> <span class='ocrx_word' id='word_1_130' title='bbox 1253 1809 1713 1876; x_wconf 87' lang='lat' dir='ltr'><strong>quemadmodum</strong></span> 
     </span>
    </p>
   </div>
   <div class='ocr_carea' id='block_1_19' title="bbox 1828 621 3407 715">
    <p class='ocr_par' dir='ltr' id='par_1_19' title="bbox 1828 621 3407 715">
     <span class='ocr_line' id='line_1_19' title="bbox 1828 621 3407 715; baseline 0.021 -43"><span class='ocrx_word' id='word_1_131' title='bbox 1828 621 1991 675; x_wconf 86' lang='lat' dir='ltr'><strong>estin</strong></span> <span class='ocrx_word' id='word_1_132' title='bbox 2041 626 2355 695; x_wconf 87' lang='lat' dir='ltr'><strong>semetipso,</strong></span> <span class='ocrx_word' id='word_1_133' title='bbox 2404 630 2546 685; x_wconf 89' lang='lat' dir='ltr'><strong>sicut</strong></span> <span class='ocrx_word' id='word_1_134' title='bbox 2584 634 2680 698; x_wconf 90' lang='lat' dir='ltr'><strong>ait,</strong></span> <span class='ocrx_word' id='word_1_135' title='bbox 2725 636 3124 697; x_wconf 85' lang='lat' dir='ltr'><strong>immunditiam</strong></span> <span class='ocrx_word' id='word_1_136' title='bbox 3168 628 3407 715; x_wconf 27' lang='lat' dir='ltr'><strong>habens.-</strong></span> 
     </span>
    </p>
   </div>
   <div class='ocr_carea' id='block_1_20' title="bbox 1830 710 3401 803">
    <p class='ocr_par' dir='ltr' id='par_1_20' title="bbox 1830 710 3401 803">
     <span class='ocr_line' id='line_1_20' title="bbox 1830 710 3401 803; baseline 0.022 -42"><span class='ocrx_word' id='word_1_137' title='bbox 1830 710 2084 767; x_wconf 85' lang='lat' dir='ltr'><strong>videlicet.</strong></span> <span class='ocrx_word' id='word_1_138' title='bbox 2130 727 2439 773; x_wconf 87' lang='lat' dir='ltr'><strong>sermonem</strong></span> <span class='ocrx_word' id='word_1_139' title='bbox 2477 737 2639 792; x_wconf 90' lang='lat' dir='ltr'><strong>quem</strong></span> <span class='ocrx_word' id='word_1_140' title='bbox 2677 730 2887 794; x_wconf 82' lang='lat' dir='ltr'><strong>profert</strong></span> <span class='ocrx_word' id='word_1_141' title='bbox 2948 734 3228 790; x_wconf 90' lang='lat' dir='ltr'><strong>sordidum</strong></span> <span class='ocrx_word' id='word_1_142' title='bbox 3251 779 3265 803; x_wconf 94' lang='lat'><strong>,</strong></span> <span class='ocrx_word' id='word_1_143' title='bbox 3295 710 3401 793; x_wconf 42' lang='lat' dir='ltr'><strong>im:-</strong></span> 
     </span>
    </p>
   </div>
   <div class='ocr_carea' id='block_1_21' title="bbox 1826 802 3399 893">
    <p class='ocr_par' dir='ltr' id='par_1_21' title="bbox 1826 802 3399 893">
     <span class='ocr_line' id='line_1_21' title="bbox 1826 802 3399 893; baseline 0.022 -40"><span class='ocrx_word' id='word_1_144' title='bbox 1826 802 2080 871; x_wconf 88' lang='lat' dir='ltr'><strong>pudicum</strong></span> <span class='ocrx_word' id='word_1_145' title='bbox 2130 814 2185 859; x_wconf 87' lang='lat' dir='ltr'><strong>et.</strong></span> <span class='ocrx_word' id='word_1_146' title='bbox 2217 807 2577 871; x_wconf 90' lang='lat' dir='ltr'><strong>immundum.</strong></span> <span class='ocrx_word' id='word_1_147' title='bbox 2624 815 2854 890; x_wconf 87' lang='lat' dir='ltr'><strong>Propter</strong></span> <span class='ocrx_word' id='word_1_148' title='bbox 2882 826 3025 893; x_wconf 86' lang='lat' dir='ltr'><strong>quod</strong></span> <span class='ocrx_word' id='word_1_149' title='bbox 3054 836 3111 883; x_wconf 84' lang='lat' dir='ltr'><strong>et</strong></span> <span class='ocrx_word' id='word_1_150' title='bbox 3153 830 3317 886; x_wconf 88' lang='lat' dir='ltr'><strong>nimis</strong></span> <span class='ocrx_word' id='word_1_151' title='bbox 3347 833 3399 887; x_wconf 90' lang='lat' dir='ltr'><strong>ei</strong></span> 
     </span>
    </p>
   </div>
   <div class='ocr_carea' id='block_1_22' title="bbox 1824 896 2676 971">
    <p class='ocr_par' dir='ltr' id='par_1_22' title="bbox 1824 896 2676 971">
     <span class='ocr_line' id='line_1_22' title="bbox 1824 896 2676 971; baseline 0.019 -24"><span class='ocrx_word' id='word_1_152' title='bbox 1824 896 2179 961; x_wconf 87' lang='lat' dir='ltr'><strong>conveniunt,</strong></span> <span class='ocrx_word' id='word_1_153' title='bbox 2207 915 2327 967; x_wconf 69' lang='lat' dir='ltr'><strong>quas</strong></span> <span class='ocrx_word' id='word_1_154' title='bbox 2356 916 2676 971; x_wconf 85' lang='lat' dir='ltr'><strong>sequuntur.</strong></span> 
     </span>
    </p>
   </div>
   <div class='ocr_carea' id='block_1_23' title="bbox 1894 984 3410 1083">
    <p class='ocr_par' dir='ltr' id='par_1_23' title="bbox 1894 984 3410 1083">
     <span class='ocr_line' id='line_1_23' title="bbox 1894 984 3410 1083; baseline 0.022 -45"><span class='ocrx_word' id='word_1_155' title='bbox 1894 984 2054 1043; x_wconf 73' lang='lat' dir='ltr'><strong>Vens.</strong></span> <span class='ocrx_word' id='word_1_156' title='bbox 2084 990 2138 1053; x_wconf 73' lang='grc'><strong>4,</strong></span> <span class='ocrx_word' id='word_1_157' title='bbox 2174 988 2227 1044; x_wconf 85' lang='grc'><strong>5.</strong></span> <span class='ocrx_word' id='word_1_158' title='bbox 2274 1010 2293 1041; x_wconf 74' lang='grc' dir='ltr'>ι</span> <span class='ocrx_word' id='word_1_159' title='bbox 2351 993 2524 1050; x_wconf 87' lang='lat' dir='ltr'><strong>Omne</strong></span> <span class='ocrx_word' id='word_1_160' title='bbox 2556 1005 2787 1055; x_wconf 87' lang='lat' dir='ltr'><strong>stratum</strong></span> <span class='ocrx_word' id='word_1_161' title='bbox 2834 1003 2894 1059; x_wconf 91' lang='lat' dir='ltr'><strong>in</strong></span> <span class='ocrx_word' id='word_1_162' title='bbox 2939 1022 3049 1077; x_wconf 89' lang='lat' dir='ltr'><strong>quo</strong></span> <span class='ocrx_word' id='word_1_163' title='bbox 3093 1010 3410 1083; x_wconf 47' lang='lat' dir='ltr'><strong>dormierit,‘</strong></span> 
     </span>
    </p>
   </div>
   <div class='ocr_carea' id='block_1_24' title="bbox 1824 1072 3400 1171">
    <p class='ocr_par' dir='ltr' id='par_1_24' title="bbox 1824 1072 3400 1171">
     <span class='ocr_line' id='line_1_24' title="bbox 1824 1072 3400 1171; baseline 0.02 -44"><span class='ocrx_word' id='word_1_164' title='bbox 1824 1072 2166 1133; x_wconf 89' lang='lat' dir='ltr'><strong>immundum</strong></span> <span class='ocrx_word' id='word_1_165' title='bbox 2207 1082 2331 1148; x_wconf 88' lang='lat' dir='ltr'><strong>erit,</strong></span> <span class='ocrx_word' id='word_1_166' title='bbox 2363 1094 2419 1138; x_wconf 93' lang='lat' dir='ltr'><strong>et</strong></span> <span class='ocrx_word' id='word_1_167' title='bbox 2452 1086 2765 1160; x_wconf 84' lang='lat' dir='ltr'><strong>ubicunque</strong></span> <span class='ocrx_word' id='word_1_168' title='bbox 2795 1072 3020 1153; x_wconf 81' lang='lat' dir='ltr'><strong>sederit.</strong></span> <span class='ocrx_word' id='word_1_169' title='bbox 3057 1101 3115 1155; x_wconf 93' lang='lat' dir='ltr'><strong>Si</strong></span> <span class='ocrx_word' id='word_1_170' title='bbox 3142 1105 3266 1171; x_wconf 90' lang='lat' dir='ltr'><strong>quis</strong></span> <span class='ocrx_word' id='word_1_171' title='bbox 3300 1072 3400 1161; x_wconf 53' lang='lat' dir='ltr'><strong>ho;</strong></span> 
     </span>
    </p>
   </div>
   <div class='ocr_carea' id='block_1_25' title="bbox 1824 1166 3399 1253">
    <p class='ocr_par' dir='ltr' id='par_1_25' title="bbox 1824 1166 3399 1253">
     <span class='ocr_line' id='line_1_25' title="bbox 1824 1166 3399 1253; baseline 0.022 -35"><span class='ocrx_word' id='word_1_172' title='bbox 1824 1166 2030 1222; x_wconf 91' lang='lat' dir='ltr'><strong>minum</strong></span> <span class='ocrx_word' id='word_1_173' title='bbox 2078 1171 2315 1243; x_wconf 80' lang='lat' dir='ltr'><strong>tetigerit</strong></span> <span class='ocrx_word' id='word_1_174' title='bbox 2370 1177 2625 1235; x_wconf 80' lang='lat' dir='ltr'><strong>lectulum</strong></span> <span class='ocrx_word' id='word_1_175' title='bbox 2680 1184 2819 1253; x_wconf 87' lang='lat' dir='ltr'><strong>ejus,</strong></span> <span class='ocrx_word' id='word_1_176' title='bbox 2849 1187 3052 1246; x_wconf 84' lang='lat' dir='ltr'><strong>lavabit</strong></span> <span class='ocrx_word' id='word_1_177' title='bbox 3077 1166 3399 1252; x_wconf 74' lang='lat' dir='ltr'><strong>vestimenta</strong></span> 
     </span>
    </p>
   </div>
   <div class='ocr_carea' id='block_1_26' title="bbox 1824 1260 3399 1353">
    <p class='ocr_par' dir='ltr' id='par_1_26' title="bbox 1824 1260 3399 1353">
     <span class='ocr_line' id='line_1_26' title="bbox 1824 1260 3399 1353; baseline 0.02 -44"><span class='ocrx_word' id='word_1_178' title='bbox 1824 1270 1946 1320; x_wconf 85' lang='lat' dir='ltr'><strong>sua,</strong></span> <span class='ocrx_word' id='word_1_179' title='bbox 1986 1269 2041 1313; x_wconf 91' lang='lat' dir='ltr'><strong>et</strong></span> <span class='ocrx_word' id='word_1_180' title='bbox 2099 1260 2215 1331; x_wconf 88' lang='lat' dir='ltr'><strong>ipse</strong></span> <span class='ocrx_word' id='word_1_181' title='bbox 2268 1264 2411 1322; x_wconf 86' lang='lat' dir='ltr'><strong>lotus</strong></span> <span class='ocrx_word' id='word_1_182' title='bbox 2459 1283 2599 1339; x_wconf 88' lang='lat' dir='ltr'><strong>aqua</strong></span> <span class='ocrx_word' id='word_1_183' title='bbox 2656 1272 2970 1333; x_wconf 87' lang='lat' dir='ltr'><strong>immundus</strong></span> <span class='ocrx_word' id='word_1_184' title='bbox 2988 1281 3096 1334; x_wconf 88' lang='lat' dir='ltr'><strong>erit</strong></span> <span class='ocrx_word' id='word_1_185' title='bbox 3127 1297 3299 1353; x_wconf 85' lang='lat' dir='ltr'><strong>usque</strong></span> <span class='ocrx_word' id='word_1_186' title='bbox 3330 1288 3399 1341; x_wconf 82' lang='lat' dir='ltr'><strong>ad</strong></span> 
     </span>
    </p>
   </div>
   <div class='ocr_carea' id='block_1_27' title="bbox 1823 1362 2197 1416">
    <p class='ocr_par' dir='ltr' id='par_1_27' title="bbox 1823 1362 2197 1416">
     <span class='ocr_line' id='line_1_27' title="bbox 1823 1362 2197 1416; baseline 0.003 -14"><span class='ocrx_word' id='word_1_187' title='bbox 1823 1362 2134 1416; x_wconf 82' lang='lat' dir='ltr'><strong>vesperum,</strong></span> <span class='ocrx_word' id='word_1_188' title='bbox 2176 1370 2197 1402; x_wconf 71' lang='grc' dir='ltr'><strong><em>ι</em></strong></span> 
     </span>
    </p>
   </div>
   <div class='ocr_carea' id='block_1_28' title="bbox 1896 1438 3397 1523">
    <p class='ocr_par' dir='ltr' id='par_1_28' title="bbox 1896 1438 3397 1523">
     <span class='ocr_line' id='line_1_28' title="bbox 1896 1438 3397 1523; baseline 0.017 -33"><span class='ocrx_word' id='word_1_189' title='bbox 1896 1438 2075 1494; x_wconf 71' lang='lat' dir='ltr'><strong>Multa:</strong></span> <span class='ocrx_word' id='word_1_190' title='bbox 2121 1442 2294 1496; x_wconf 85' lang='lat' dir='ltr'><strong>aliena</strong></span> <span class='ocrx_word' id='word_1_191' title='bbox 2322 1445 2634 1502; x_wconf 84' lang='lat' dir='ltr'><strong>docentium</strong></span> <span class='ocrx_word' id='word_1_192' title='bbox 2689 1452 2899 1520; x_wconf 81' lang='lat' dir='ltr'><strong>species</strong></span> <span class='ocrx_word' id='word_1_193' title='bbox 2947 1464 3110 1520; x_wconf 87' lang='lat' dir='ltr'><strong>sunt;</strong></span> <span class='ocrx_word' id='word_1_194' title='bbox 3171 1458 3397 1523; x_wconf 81' lang='lat' dir='ltr'><strong>Quidam</strong></span> 
     </span>
    </p>
   </div>
   <div class='ocr_carea' id='block_1_29' title="bbox 1821 1531 3400 1619">
    <p class='ocr_par' dir='ltr' id='par_1_29' title="bbox 1821 1531 3400 1619">
     <span class='ocr_line' id='line_1_29' title="bbox 1821 1531 3400 1619; baseline 0.015 -37"><span class='ocrx_word' id='word_1_195' title='bbox 1821 1531 1979 1593; x_wconf 88' lang='lat' dir='ltr'><strong>enim,</strong></span> <span class='ocrx_word' id='word_1_196' title='bbox 2015 1534 2154 1587; x_wconf 87' lang='lat' dir='ltr'><strong>sicut</strong></span> <span class='ocrx_word' id='word_1_197' title='bbox 2178 1535 2250 1589; x_wconf 83' lang='lat' dir='ltr'><strong>ait</strong></span> <span class='ocrx_word' id='word_1_198' title='bbox 2280 1535 2502 1603; x_wconf 81' lang='lat' dir='ltr'><strong>Paulus,</strong></span> <span class='ocrx_word' id='word_1_199' title='bbox 2523 1557 2614 1609; x_wconf 89' lang='lat' dir='ltr'><strong>per</strong></span> <span class='ocrx_word' id='word_1_200' title='bbox 2641 1543 2893 1598; x_wconf 81' lang='lat' dir='ltr'><strong>invidiam</strong></span> <span class='ocrx_word' id='word_1_201' title='bbox 2920 1563 2937 1609; x_wconf 86' lang='lat'><strong><em>;</em></strong></span> <span class='ocrx_word' id='word_1_202' title='bbox 2966 1548 3183 1619; x_wconf 87' lang='lat' dir='ltr'><strong>quidam</strong></span> <span class='ocrx_word' id='word_1_203' title='bbox 3221 1561 3400 1607; x_wconf 84' lang='lat' dir='ltr'><strong>autem</strong></span> 
     </span>
    </p>
   </div>
   <div class='ocr_carea' id='block_1_30' title="bbox 1820 1627 3397 1708">
    <p class='ocr_par' dir='ltr' id='par_1_30' title="bbox 1820 1627 3397 1708">
     <span class='ocr_line' id='line_1_30' title="bbox 1820 1627 3397 1708; baseline 0.015 -35"><span class='ocrx_word' id='word_1_204' title='bbox 1820 1637 1912 1689; x_wconf 83' lang='lat' dir='ltr'><strong>per</strong></span> <span class='ocrx_word' id='word_1_205' title='bbox 1956 1627 2336 1680; x_wconf 81' lang='lat' dir='ltr'><strong>contentionem</strong></span> <span class='ocrx_word' id='word_1_206' title='bbox 2371 1644 2390 1691; x_wconf 91' lang='lat'><strong><em>;</em></strong></span> <span class='ocrx_word' id='word_1_207' title='bbox 2434 1633 2644 1697; x_wconf 84' lang='lat' dir='ltr'><strong>quidam</strong></span> <span class='ocrx_word' id='word_1_208' title='bbox 2692 1652 2809 1687; x_wconf 89' lang='lat' dir='ltr'><strong>vero</strong></span> <span class='ocrx_word' id='word_1_209' title='bbox 2855 1653 2947 1705; x_wconf 86' lang='lat' dir='ltr'><strong>per</strong></span> <span class='ocrx_word' id='word_1_210' title='bbox 3006 1641 3397 1708; x_wconf 81' lang='lat' dir='ltr'><strong>ignorantiam;</strong></span> 
     </span>
    </p>
   </div>
   <div class='ocr_carea' id='block_1_31' title="bbox 1820 1713 3401 1800">
    <p class='ocr_par' dir='ltr' id='par_1_31' title="bbox 1820 1713 3401 1800">
     <span class='ocr_line' id='line_1_31' title="bbox 1820 1713 3401 1800; baseline 0.016 -37"><span class='ocrx_word' id='word_1_211' title='bbox 1820 1713 2032 1781; x_wconf 88' lang='lat' dir='ltr'><strong>quidam</strong></span> <span class='ocrx_word' id='word_1_212' title='bbox 2062 1732 2180 1768; x_wconf 86' lang='lat' dir='ltr'><strong>vero</strong></span> <span class='ocrx_word' id='word_1_213' title='bbox 2212 1734 2275 1770; x_wconf 76' lang='lat' dir='ltr'><strong>ea:</strong></span> <span class='ocrx_word' id='word_1_214' title='bbox 2305 1724 2583 1775; x_wconf 84' lang='lat' dir='ltr'><strong>temerario</strong></span> <span class='ocrx_word' id='word_1_215' title='bbox 2617 1725 2945 1797; x_wconf 85' lang='lat' dir='ltr'><strong>multiloquio</strong></span> <span class='ocrx_word' id='word_1_216' title='bbox 2981 1729 3086 1799; x_wconf 84' lang='lat' dir='ltr'><strong>(de</strong></span> <span class='ocrx_word' id='word_1_217' title='bbox 3129 1746 3237 1800; x_wconf 91' lang='lat' dir='ltr'><strong>quo</strong></span> <span class='ocrx_word' id='word_1_218' title='bbox 3266 1734 3401 1788; x_wconf 76' lang='lat' dir='ltr'><strong>dixit</strong></span> 
     </span>
    </p>
   </div>
   <div class='ocr_carea' id='block_1_32' title="bbox 1822 1804 3399 1894">
    <p class='ocr_par' dir='ltr' id='par_1_32' title="bbox 1822 1804 3399 1894">
     <span class='ocr_line' id='line_1_32' title="bbox 1822 1804 3399 1894; baseline 0.015 -38"><span class='ocrx_word' id='word_1_219' title='bbox 1822 1804 1910 1859; x_wconf 91' lang='lat' dir='ltr'><strong>illc</strong></span> <span class='ocrx_word' id='word_1_220' title='bbox 1960 1806 2240 1876; x_wconf 85' lang='lat' dir='ltr'><strong>Sapiens:</strong></span> <span class='ocrx_word' id='word_1_221' title='bbox 2290 1811 2353 1865; x_wconf 83' lang='lat' dir='ltr'><strong>In</strong></span> <span class='ocrx_word' id='word_1_222' title='bbox 2401 1816 2732 1886; x_wconf 88' lang='lat' dir='ltr'><strong>multiloquio</strong></span> <span class='ocrx_word' id='word_1_223' title='bbox 2788 1835 2892 1872; x_wconf 89' lang='lat' dir='ltr'><strong>non</strong></span> <span class='ocrx_word' id='word_1_224' title='bbox 2944 1822 3153 1892; x_wconf 82' lang='lat' dir='ltr'><strong>eﬂugies</strong></span> <span class='ocrx_word' id='word_1_225' title='bbox 3211 1841 3399 1894; x_wconf 83' lang='lat' dir='ltr'><strong>pecca-</strong></span> 
     </span>
    </p>
   </div>
   <div class='ocr_carea' id='block_1_33' title="bbox 149 1876 3401 1986">
    <p class='ocr_par' dir='ltr' id='par_1_33' title="bbox 149 1876 3401 1986">
     <span class='ocr_line' id='line_1_33' title="bbox 149 1876 3401 1986; baseline 0.01 -47"><span class='ocrx_word' id='word_1_226' title='bbox 149 1888 316 1942; x_wconf 70' lang='lat' dir='ltr'><strong>litteia:</strong></span> <span class='ocrx_word' id='word_1_227' title='bbox 354 1891 677 1946; x_wconf 86' lang='lat' dir='ltr'><strong>mandatum</strong></span> <span class='ocrx_word' id='word_1_228' title='bbox 710 1910 911 1963; x_wconf 87' lang='lat' dir='ltr'><strong>corpus</strong></span> <span class='ocrx_word' id='word_1_229' title='bbox 947 1912 1134 1952; x_wconf 90' lang='lat' dir='ltr'><strong>semen</strong></span> <span class='ocrx_word' id='word_1_230' title='bbox 1179 1898 1521 1956; x_wconf 77' lang='lat' dir='ltr'><strong>eﬂundentis</strong></span> <span class='ocrx_word' id='word_1_231' title='bbox 1554 1902 1719 1957; x_wconf 90' lang='lat' dir='ltr'><strong>intel-</strong></span> <span class='ocrx_word' id='word_1_232' title='bbox 1750 1876 1791 1935; x_wconf 74' lang='grc' dir='ltr'><strong><em>Β</em></strong></span> <span class='ocrx_word' id='word_1_233' title='bbox 1822 1896 2018 1965; x_wconf 69' lang='lat' dir='ltr'><strong>twn&quot;)</strong></span> <span class='ocrx_word' id='word_1_234' title='bbox 2040 1916 2053 1949; x_wconf 75' lang='grc' dir='ltr'>ε</span> <span class='ocrx_word' id='word_1_235' title='bbox 2076 1900 2290 1968; x_wconf 75' lang='lat' dir='ltr'><strong>quidam</strong></span> <span class='ocrx_word' id='word_1_236' title='bbox 2315 1913 2488 1957; x_wconf 81' lang='lat' dir='ltr'><strong>autem</strong></span> <span class='ocrx_word' id='word_1_237' title='bbox 2513 1922 2575 1960; x_wconf 78' lang='lat' dir='ltr'><strong>ex</strong></span> <span class='ocrx_word' id='word_1_238' title='bbox 2601 1923 2660 1959; x_wconf 88' lang='lat' dir='ltr'><strong>eo</strong></span> <span class='ocrx_word' id='word_1_239' title='bbox 2684 1909 2820 1978; x_wconf 81' lang='lat' dir='ltr'><strong>quod</strong></span> <span class='ocrx_word' id='word_1_240' title='bbox 2844 1909 3171 1965; x_wconf 81' lang='lat' dir='ltr'><strong>delectantur</strong></span> <span class='ocrx_word' id='word_1_241' title='bbox 3197 1915 3250 1966; x_wconf 89' lang='lat' dir='ltr'><strong>in</strong></span> <span class='ocrx_word' id='word_1_242' title='bbox 3270 1933 3401 1986; x_wconf 83' lang='lat' dir='ltr'><strong>qua-</strong></span> 
     </span>
    </p>
   </div>
   <div class='ocr_carea' id='block_1_34' title="bbox 151 1978 1718 2062">
    <p class='ocr_par' dir='ltr' id='par_1_34' title="bbox 151 1978 1718 2062">
     <span class='ocr_line' id='line_1_34' title="bbox 151 1978 1718 2062; baseline 0.012 -33"><span class='ocrx_word' id='word_1_243' title='bbox 151 1978 674 2050; x_wconf 80' lang='lat' dir='ltr'><strong>lexit,etpr0pterea</strong></span> <span class='ocrx_word' id='word_1_244' title='bbox 727 1984 897 2040; x_wconf 87' lang='lat' dir='ltr'><strong>dicit:</strong></span> <span class='ocrx_word' id='word_1_245' title='bbox 955 1985 1154 2041; x_wconf 82' lang='lat' dir='ltr'><strong>Fluens</strong></span> <span class='ocrx_word' id='word_1_246' title='bbox 1202 2005 1377 2044; x_wconf 82' lang='lat' dir='ltr'><strong>semen</strong></span> <span class='ocrx_word' id='word_1_247' title='bbox 1406 2008 1470 2045; x_wconf 74' lang='lat' dir='ltr'><strong>ex</strong></span> <span class='ocrx_word' id='word_1_248' title='bbox 1506 2009 1718 2062; x_wconf 82' lang='lat' dir='ltr'><strong>corpore</strong></span> 
     </span>
    </p>
   </div>
   <div class='ocr_carea' id='block_1_35' title="bbox 149 2068 1738 2155">
    <p class='ocr_par' dir='ltr' id='par_1_35' title="bbox 149 2068 1738 2155">
     <span class='ocr_line' id='line_1_35' title="bbox 149 2068 1738 2155; baseline 0.013 -34"><span class='ocrx_word' id='word_1_249' title='bbox 149 2068 277 2137; x_wconf 79' lang='lat' dir='ltr'><strong>ejus;</strong></span> <span class='ocrx_word' id='word_1_250' title='bbox 322 2073 572 2127; x_wconf 88' lang='lat' dir='ltr'><strong>secundo</strong></span> <span class='ocrx_word' id='word_1_251' title='bbox 620 2083 803 2129; x_wconf 90' lang='lat' dir='ltr'><strong>autem</strong></span> <span class='ocrx_word' id='word_1_252' title='bbox 846 2076 950 2132; x_wconf 81' lang='lat' dir='ltr'><strong>hoc</strong></span> <span class='ocrx_word' id='word_1_253' title='bbox 987 2079 1135 2148; x_wconf 92' lang='lat' dir='ltr'><strong>quod</strong></span> <span class='ocrx_word' id='word_1_254' title='bbox 1184 2096 1250 2135; x_wconf 75' lang='lat' dir='ltr'><strong>ex</strong></span> <span class='ocrx_word' id='word_1_255' title='bbox 1306 2098 1372 2137; x_wconf 92' lang='lat' dir='ltr'><strong>eo</strong></span> <span class='ocrx_word' id='word_1_256' title='bbox 1400 2094 1738 2155; x_wconf 78' lang='lat' dir='ltr'><strong>generatur,-</strong></span> 
     </span>
    </p>
   </div>
   <div class='ocr_carea' id='block_1_36' title="bbox 152 2162 1711 2246">
    <p class='ocr_par' dir='ltr' id='par_1_36' title="bbox 152 2162 1711 2246">
     <span class='ocr_line' id='line_1_36' title="bbox 152 2162 1711 2246; baseline 0.009 -33"><span class='ocrx_word' id='word_1_257' title='bbox 152 2170 276 2215; x_wconf 89' lang='lat' dir='ltr'><strong>recte</strong></span> <span class='ocrx_word' id='word_1_258' title='bbox 309 2162 556 2218; x_wconf 88' lang='lat' dir='ltr'><strong>subdens</strong></span> <span class='ocrx_word' id='word_1_259' title='bbox 585 2180 651 2219; x_wconf 82' lang='lat' dir='ltr'><strong>ex</strong></span> <span class='ocrx_word' id='word_1_260' title='bbox 678 2165 848 2231; x_wconf 81' lang='lat' dir='ltr'><strong>ﬂuxu,</strong></span> <span class='ocrx_word' id='word_1_261' title='bbox 880 2184 989 2238; x_wconf 92' lang='lat' dir='ltr'><strong>quo</strong></span> <span class='ocrx_word' id='word_1_262' title='bbox 1029 2171 1280 2226; x_wconf 87' lang='lat' dir='ltr'><strong>consistit</strong></span> <span class='ocrx_word' id='word_1_263' title='bbox 1313 2188 1513 2243; x_wconf 91' lang='lat' dir='ltr'><strong>corpus</strong></span> <span class='ocrx_word' id='word_1_264' title='bbox 1553 2176 1711 2246; x_wconf 86' lang='lat' dir='ltr'><strong>ejus:</strong></span> 
     </span>
    </p>
   </div>
   <div class='ocr_carea' id='block_1_37' title="bbox 156 2251 1715 2334">
    <p class='ocr_par' dir='ltr' id='par_1_37' title="bbox 156 2251 1715 2334">
     <span class='ocr_line' id='line_1_37' title="bbox 156 2251 1715 2334; baseline 0.01 -31"><span class='ocrx_word' id='word_1_265' title='bbox 156 2251 219 2304; x_wconf 85' lang='lat' dir='ltr'><strong>sic</strong></span> <span class='ocrx_word' id='word_1_266' title='bbox 262 2255 653 2323; x_wconf 80' lang='lat' dir='ltr'><strong>contemplatio</strong></span> <span class='ocrx_word' id='word_1_267' title='bbox 701 2256 959 2326; x_wconf 84' lang='lat' dir='ltr'><strong>spiritalis</strong></span> <span class='ocrx_word' id='word_1_268' title='bbox 990 2276 1188 2331; x_wconf 88' lang='lat' dir='ltr'><strong>corpus</strong></span> <span class='ocrx_word' id='word_1_269' title='bbox 1246 2262 1507 2329; x_wconf 88' lang='lat' dir='ltr'><strong>doctoris,</strong></span> <span class='ocrx_word' id='word_1_270' title='bbox 1536 2264 1715 2334; x_wconf 90' lang='lat' dir='ltr'><strong>ipsum</strong></span> 
     </span>
    </p>
   </div>
   <div class='ocr_carea' id='block_1_38' title="bbox 154 2344 1717 2416">
    <p class='ocr_par' dir='ltr' id='par_1_38' title="bbox 154 2344 1717 2416">
     <span class='ocr_line' id='line_1_38' title="bbox 154 2344 1717 2416; baseline 0.01 -22"><span class='ocrx_word' id='word_1_271' title='bbox 154 2344 275 2410; x_wconf 86' lang='lat' dir='ltr'><strong>quod</strong></span> <span class='ocrx_word' id='word_1_272' title='bbox 306 2344 353 2397; x_wconf 89' lang='lat' dir='ltr'><strong>ei</strong></span> <span class='ocrx_word' id='word_1_273' title='bbox 381 2345 657 2400; x_wconf 87' lang='lat' dir='ltr'><strong>creditum</strong></span> <span class='ocrx_word' id='word_1_274' title='bbox 714 2357 800 2402; x_wconf 86' lang='lat' dir='ltr'><strong>est</strong></span> <span class='ocrx_word' id='word_1_275' title='bbox 827 2350 1077 2416; x_wconf 88' lang='lat' dir='ltr'><strong>verbum,</strong></span> <span class='ocrx_word' id='word_1_276' title='bbox 1125 2361 1181 2406; x_wconf 89' lang='lat' dir='ltr'><strong>et</strong></span> <span class='ocrx_word' id='word_1_277' title='bbox 1228 2353 1586 2409; x_wconf 87' lang='lat' dir='ltr'><strong>doetrinalem</strong></span> <span class='ocrx_word' id='word_1_278' title='bbox 1633 2356 1717 2409; x_wconf 89' lang='lat' dir='ltr'><strong>di-</strong></span> 
     </span>
    </p>
   </div>
   <div class='ocr_carea' id='block_1_39' title="bbox 158 2434 1716 2514">
    <p class='ocr_par' dir='ltr' id='par_1_39' title="bbox 158 2434 1716 2514">
     <span class='ocr_line' id='line_1_39' title="bbox 158 2434 1716 2514; baseline 0.011 -29"><span class='ocrx_word' id='word_1_279' title='bbox 158 2434 391 2500; x_wconf 86' lang='lat' dir='ltr'><strong>gnitatem</strong></span> <span class='ocrx_word' id='word_1_280' title='bbox 463 2437 865 2494; x_wconf 78' lang='lat' dir='ltr'><strong>rationabiliter</strong></span> <span class='ocrx_word' id='word_1_281' title='bbox 934 2442 1226 2498; x_wconf 77' lang='lat' dir='ltr'><strong>intellexit.</strong></span> <span class='ocrx_word' id='word_1_282' title='bbox 1291 2445 1504 2514; x_wconf 83' lang='lat' dir='ltr'><strong>Corpus</strong></span> <span class='ocrx_word' id='word_1_283' title='bbox 1567 2446 1716 2502; x_wconf 89' lang='lat' dir='ltr'><strong>enim</strong></span> 
     </span>
    </p>
   </div>
   <div class='ocr_carea' id='block_1_40' title="bbox 160 2526 1718 2605">
    <p class='ocr_par' dir='ltr' id='par_1_40' title="bbox 160 2526 1718 2605">
     <span class='ocr_line' id='line_1_40' title="bbox 160 2526 1718 2605; baseline 0.01 -27"><span class='ocrx_word' id='word_1_284' title='bbox 160 2526 335 2582; x_wconf 87' lang='lat' dir='ltr'><strong>Christi</strong></span> <span class='ocrx_word' id='word_1_285' title='bbox 370 2529 682 2585; x_wconf 84' lang='lat' dir='ltr'><strong>doctrinale</strong></span> <span class='ocrx_word' id='word_1_286' title='bbox 729 2532 952 2586; x_wconf 85' lang='lat' dir='ltr'><strong>verbum</strong></span> <span class='ocrx_word' id='word_1_287' title='bbox 990 2532 1190 2588; x_wconf 83' lang='lat' dir='ltr'><strong>Paulus</strong></span> <span class='ocrx_word' id='word_1_288' title='bbox 1240 2536 1496 2605; x_wconf 83' lang='lat' dir='ltr'><strong>appellat,</strong></span> <span class='ocrx_word' id='word_1_289' title='bbox 1529 2537 1604 2592; x_wconf 88' lang='lat' dir='ltr'><strong>sic</strong></span> <span class='ocrx_word' id='word_1_290' title='bbox 1632 2538 1718 2592; x_wconf 86' lang='lat' dir='ltr'><strong>di-</strong></span> 
     </span>
    </p>
   </div>
   <div class='ocr_carea' id='block_1_41' title="bbox 161 2618 1719 2694">
    <p class='ocr_par' dir='ltr' id='par_1_41' title="bbox 161 2618 1719 2694">
     <span class='ocr_line' id='line_1_41' title="bbox 161 2618 1719 2694; baseline 0.007 -25"><span class='ocrx_word' id='word_1_291' title='bbox 161 2631 269 2670; x_wconf 84' lang='lat' dir='ltr'><strong>cens</strong></span> <span class='ocrx_word' id='word_1_292' title='bbox 290 2618 352 2671; x_wconf 87' lang='lat' dir='ltr'><strong>de</strong></span> <span class='ocrx_word' id='word_1_293' title='bbox 384 2618 467 2674; x_wconf 89' lang='lat' dir='ltr'><strong>eis</strong></span> <span class='ocrx_word' id='word_1_294' title='bbox 503 2619 602 2687; x_wconf 90' lang='lat' dir='ltr'><strong>qui</strong></span> <span class='ocrx_word' id='word_1_295' title='bbox 635 2620 857 2674; x_wconf 83' lang='lat' dir='ltr'><strong>verbum</strong></span> <span class='ocrx_word' id='word_1_296' title='bbox 889 2622 1191 2678; x_wconf 62' lang='lat' dir='ltr'><strong>doctrinale</strong></span> <span class='ocrx_word' id='word_1_297' title='bbox 1217 2625 1519 2694; x_wconf 86' lang='lat' dir='ltr'><strong>decerpunt</strong></span> <span class='ocrx_word' id='word_1_298' title='bbox 1549 2645 1561 2680; x_wconf 91' lang='lat'><strong>:</strong></span> <span class='ocrx_word' id='word_1_299' title='bbox 1591 2626 1719 2682; x_wconf 87' lang='lat' dir='ltr'><strong>Cor-</strong></span> 
     </span>
    </p>
   </div>
   <div class='ocr_carea' id='block_1_42' title="bbox 162 2710 1716 2775">
    <p class='ocr_par' dir='ltr' id='par_1_42' title="bbox 162 2710 1716 2775">
     <span class='ocr_line' id='line_1_42' title="bbox 162 2710 1716 2775; baseline 0.007 -14"><span class='ocrx_word' id='word_1_300' title='bbox 162 2725 238 2775; x_wconf 81' lang='lat' dir='ltr'><strong>pus</strong></span> <span class='ocrx_word' id='word_1_301' title='bbox 266 2720 434 2763; x_wconf 79' lang='lat' dir='ltr'><strong>autent</strong></span> <span class='ocrx_word' id='word_1_302' title='bbox 465 2710 689 2765; x_wconf 79' lang='lat' dir='ltr'><strong>Christi.</strong></span> <span class='ocrx_word' id='word_1_303' title='bbox 737 2711 903 2766; x_wconf 81' lang='lat' dir='ltr'><strong>Nemo</strong></span> <span class='ocrx_word' id='word_1_304' title='bbox 934 2730 1019 2767; x_wconf 88' lang='lat' dir='ltr'><strong>vos</strong></span> <span class='ocrx_word' id='word_1_305' title='bbox 1066 2716 1277 2769; x_wconf 78' lang='lat' dir='ltr'><strong>seducat</strong></span> <span class='ocrx_word' id='word_1_306' title='bbox 1314 2721 1484 2771; x_wconf 74' lang='lat' dir='ltr'><strong>volens</strong></span> <span class='ocrx_word' id='word_1_307' title='bbox 1516 2735 1570 2771; x_wconf 74' lang='lat' dir='ltr'><strong>in</strong></span> <span class='ocrx_word' id='word_1_308' title='bbox 1617 2720 1716 2772; x_wconf 88' lang='lat' dir='ltr'><strong>hu-</strong></span> 
     </span>
    </p>
   </div>
   <div class='ocr_carea' id='block_1_43' title="bbox 166 2801 1717 2877">
    <p class='ocr_par' dir='ltr' id='par_1_43' title="bbox 166 2801 1717 2877">
     <span class='ocr_line' id='line_1_43' title="bbox 166 2801 1717 2877; baseline 0.008 -26"><span class='ocrx_word' id='word_1_309' title='bbox 166 2801 376 2868; x_wconf 79' lang='lat' dir='ltr'><strong>militate,</strong></span> <span class='ocrx_word' id='word_1_310' title='bbox 428 2815 476 2856; x_wconf 86' lang='lat' dir='ltr'><strong>et</strong></span> <span class='ocrx_word' id='word_1_311' title='bbox 526 2804 777 2874; x_wconf 75' lang='lat' dir='ltr'><strong>religione</strong></span> <span class='ocrx_word' id='word_1_312' title='bbox 807 2806 1136 2874; x_wconf 80' lang='lat' dir='ltr'><strong>angelorum,</strong></span> <span class='ocrx_word' id='word_1_313' title='bbox 1166 2824 1281 2877; x_wconf 79' lang='lat' dir='ltr'><strong>qua:</strong></span> <span class='ocrx_word' id='word_1_314' title='bbox 1314 2825 1415 2861; x_wconf 90' lang='lat' dir='ltr'><strong>non</strong></span> <span class='ocrx_word' id='word_1_315' title='bbox 1434 2810 1559 2862; x_wconf 83' lang='lat' dir='ltr'><strong>vidit</strong></span> <span class='ocrx_word' id='word_1_316' title='bbox 1596 2827 1717 2863; x_wconf 90' lang='lat' dir='ltr'><strong>am-</strong></span> 
     </span>
    </p>
   </div>
   <div class='ocr_carea' id='block_1_44' title="bbox 162 2892 1719 2968">
    <p class='ocr_par' dir='ltr' id='par_1_44' title="bbox 162 2892 1719 2968">
     <span class='ocr_line' id='line_1_44' title="bbox 162 2892 1719 2968; baseline 0.008 -26"><span class='ocrx_word' id='word_1_317' title='bbox 162 2892 339 2955; x_wconf 83' lang='lat' dir='ltr'><strong>bulans,</strong></span> <span class='ocrx_word' id='word_1_318' title='bbox 391 2895 598 2963; x_wconf 75' lang='lat' dir='ltr'><strong>frustra</strong></span> <span class='ocrx_word' id='word_1_319' title='bbox 652 2895 867 2963; x_wconf 73' lang='lat' dir='ltr'><strong>inflatus</strong></span> <span class='ocrx_word' id='word_1_320' title='bbox 920 2912 1077 2968; x_wconf 84' lang='lat' dir='ltr'><strong>sensu</strong></span> <span class='ocrx_word' id='word_1_321' title='bbox 1136 2898 1310 2950; x_wconf 87' lang='lat' dir='ltr'><strong>carnis</strong></span> <span class='ocrx_word' id='word_1_322' title='bbox 1356 2914 1484 2963; x_wconf 73' lang='lat' dir='ltr'><strong>suae,</strong></span> <span class='ocrx_word' id='word_1_323' title='bbox 1536 2909 1583 2953; x_wconf 89' lang='lat' dir='ltr'><strong>et</strong></span> <span class='ocrx_word' id='word_1_324' title='bbox 1616 2917 1719 2955; x_wconf 85' lang='lat' dir='ltr'><strong>non</strong></span> 
     </span>
    </p>
   </div>
   <div class='ocr_carea' id='block_1_45' title="bbox 166 2992 1717 3059">
    <p class='ocr_par' dir='ltr' id='par_1_45' title="bbox 166 2992 1717 3059">
     <span class='ocr_line' id='line_1_45' title="bbox 166 2992 1717 3059; baseline 0.005 -22"><span class='ocrx_word' id='word_1_325' title='bbox 166 2994 313 3039; x_wconf 82' lang='lat' dir='ltr'><strong>tenens</strong></span> <span class='ocrx_word' id='word_1_326' title='bbox 339 2997 493 3055; x_wconf 84' lang='lat' dir='ltr'><strong>caput</strong></span> <span class='ocrx_word' id='word_1_327' title='bbox 524 3004 587 3041; x_wconf 76' lang='lat' dir='ltr'><strong>ex</strong></span> <span class='ocrx_word' id='word_1_328' title='bbox 619 3004 720 3055; x_wconf 84' lang='lat' dir='ltr'><strong>quo</strong></span> <span class='ocrx_word' id='word_1_329' title='bbox 768 2996 934 3040; x_wconf 87' lang='lat' dir='ltr'><strong>totum</strong></span> <span class='ocrx_word' id='word_1_330' title='bbox 978 3005 1165 3057; x_wconf 86' lang='lat' dir='ltr'><strong>corpus</strong></span> <span class='ocrx_word' id='word_1_331' title='bbox 1190 3006 1282 3056; x_wconf 84' lang='lat' dir='ltr'><strong>per</strong></span> <span class='ocrx_word' id='word_1_332' title='bbox 1312 3007 1472 3043; x_wconf 69' lang='lat' dir='ltr'><strong>nexus</strong></span> <span class='ocrx_word' id='word_1_333' title='bbox 1497 3001 1544 3044; x_wconf 88' lang='lat' dir='ltr'><strong>et</strong></span> <span class='ocrx_word' id='word_1_334' title='bbox 1586 2992 1717 3059; x_wconf 87' lang='lat' dir='ltr'><strong>jun-</strong></span> 
     </span>
    </p>
   </div>
   <div class='ocr_carea' id='block_1_46' title="bbox 166 3076 1716 3141">
    <p class='ocr_par' dir='ltr' id='par_1_46' title="bbox 166 3076 1716 3141">
     <span class='ocr_line' id='line_1_46' title="bbox 166 3076 1716 3141; baseline 0.007 -14"><span class='ocrx_word' id='word_1_335' title='bbox 166 3076 327 3130; x_wconf 80' lang='lat' dir='ltr'><strong>ctiones</strong></span> <span class='ocrx_word' id='word_1_336' title='bbox 386 3079 843 3141; x_wconf 81' lang='lat' dir='ltr'><strong>subministratur,</strong></span> <span class='ocrx_word' id='word_1_337' title='bbox 917 3089 967 3133; x_wconf 91' lang='lat' dir='ltr'><strong>et</strong></span> <span class='ocrx_word' id='word_1_338' title='bbox 1031 3091 1386 3135; x_wconf 86' lang='lat' dir='ltr'><strong>constructum</strong></span> <span class='ocrx_word' id='word_1_339' title='bbox 1436 3085 1619 3137; x_wconf 75' lang='lat' dir='ltr'><strong>crescit</strong></span> <span class='ocrx_word' id='word_1_340' title='bbox 1660 3086 1716 3138; x_wconf 89' lang='lat' dir='ltr'><strong>in</strong></span> 
     </span>
    </p>
   </div>
   <div class='ocr_carea' id='block_1_47' title="bbox 167 3169 1715 3244">
    <p class='ocr_par' dir='ltr' id='par_1_47' title="bbox 167 3169 1715 3244">
     <span class='ocr_line' id='line_1_47' title="bbox 167 3169 1715 3244; baseline 0.01 -29"><span class='ocrx_word' id='word_1_341' title='bbox 167 3177 466 3235; x_wconf 84' lang='lat' dir='ltr'><strong>augmentum</strong></span> <span class='ocrx_word' id='word_1_342' title='bbox 495 3169 593 3222; x_wconf 88' lang='lat' dir='ltr'><strong>Dei</strong></span> <span class='ocrx_word' id='word_1_343' title='bbox 612 3170 676 3223; x_wconf 82' lang='lat'><strong>&quot;.</strong></span> <span class='ocrx_word' id='word_1_344' title='bbox 708 3170 922 3240; x_wconf 87' lang='lat' dir='ltr'><strong>Corpus</strong></span> <span class='ocrx_word' id='word_1_345' title='bbox 951 3173 1166 3228; x_wconf 89' lang='lat' dir='ltr'><strong>Domini</strong></span> <span class='ocrx_word' id='word_1_346' title='bbox 1190 3185 1374 3244; x_wconf 85' lang='lat' dir='ltr'><strong>aperte</strong></span> <span class='ocrx_word' id='word_1_347' title='bbox 1413 3176 1715 3231; x_wconf 85' lang='lat' dir='ltr'><strong>doctrinalc</strong></span> 
     </span>
    </p>
   </div>
   <div class='ocr_carea' id='block_1_48' title="bbox 167 3261 1711 3336">
    <p class='ocr_par' dir='ltr' id='par_1_48' title="bbox 167 3261 1711 3336">
     <span class='ocr_line' id='line_1_48' title="bbox 167 3261 1711 3336; baseline 0.012 -29"><span class='ocrx_word' id='word_1_348' title='bbox 167 3270 381 3314; x_wconf 80' lang='lat' dir='ltr'><strong>asserens</strong></span> <span class='ocrx_word' id='word_1_349' title='bbox 431 3261 707 3327; x_wconf 84' lang='lat' dir='ltr'><strong>verbum;</strong></span> <span class='ocrx_word' id='word_1_350' title='bbox 762 3265 906 3332; x_wconf 91' lang='lat' dir='ltr'><strong>quod</strong></span> <span class='ocrx_word' id='word_1_351' title='bbox 974 3275 1121 3320; x_wconf 87' lang='lat' dir='ltr'><strong>recte</strong></span> <span class='ocrx_word' id='word_1_352' title='bbox 1181 3282 1378 3336; x_wconf 89' lang='lat' dir='ltr'><strong>corpus</strong></span> <span class='ocrx_word' id='word_1_353' title='bbox 1427 3269 1711 3325; x_wconf 87' lang='lat' dir='ltr'><strong>doctorum</strong></span> 
     </span>
    </p>
   </div>
   <div class='ocr_carea' id='block_1_49' title="bbox 166 3346 1713 3424">
    <p class='ocr_par' dir='ltr' id='par_1_49' title="bbox 166 3346 1713 3424">
     <span class='ocr_line' id='line_1_49' title="bbox 166 3346 1713 3424; baseline 0.012 -23"><span class='ocrx_word' id='word_1_354' title='bbox 166 3346 363 3405; x_wconf 79' lang='lat' dir='ltr'><strong>dicitur:</strong></span> <span class='ocrx_word' id='word_1_355' title='bbox 392 3354 434 3407; x_wconf 90' lang='lat' dir='ltr'><strong>si</strong></span> <span class='ocrx_word' id='word_1_356' title='bbox 457 3356 687 3424; x_wconf 89' lang='lat' dir='ltr'><strong>quidem</strong></span> <span class='ocrx_word' id='word_1_357' title='bbox 716 3357 835 3412; x_wconf 91' lang='lat' dir='ltr'><strong>loco</strong></span> <span class='ocrx_word' id='word_1_358' title='bbox 867 3357 1072 3414; x_wconf 88' lang='lat' dir='ltr'><strong>Christi</strong></span> <span class='ocrx_word' id='word_1_359' title='bbox 1108 3362 1422 3417; x_wconf 83' lang='lat' dir='ltr'><strong>sacerdotes</strong></span> <span class='ocrx_word' id='word_1_360' title='bbox 1444 3372 1498 3417; x_wconf 87' lang='lat' dir='ltr'><strong>et</strong></span> <span class='ocrx_word' id='word_1_361' title='bbox 1523 3365 1713 3420; x_wconf 86' lang='lat' dir='ltr'><strong>docto-</strong></span> 
     </span>
    </p>
   </div>
   <div class='ocr_carea' id='block_1_50' title="bbox 168 3446 1712 3511">
    <p class='ocr_par' dir='ltr' id='par_1_50' title="bbox 168 3446 1712 3511">
     <span class='ocr_line' id='line_1_50' title="bbox 168 3446 1712 3511; baseline 0.012 -20"><span class='ocrx_word' id='word_1_362' title='bbox 168 3453 239 3493; x_wconf 83' lang='lat' dir='ltr'><strong>res</strong></span> <span class='ocrx_word' id='word_1_363' title='bbox 260 3454 371 3497; x_wconf 88' lang='lat' dir='ltr'><strong>sunt</strong></span> <span class='ocrx_word' id='word_1_364' title='bbox 419 3446 473 3499; x_wconf 92' lang='lat' dir='ltr'><strong>in</strong></span> <span class='ocrx_word' id='word_1_365' title='bbox 526 3446 804 3503; x_wconf 85' lang='lat' dir='ltr'><strong>Ecclesiis.</strong></span> <span class='ocrx_word' id='word_1_366' title='bbox 848 3448 1004 3505; x_wconf 86' lang='lat' dir='ltr'><strong>Unde</strong></span> <span class='ocrx_word' id='word_1_367' title='bbox 1049 3467 1239 3507; x_wconf 90' lang='lat' dir='ltr'><strong>rursus</strong></span> <span class='ocrx_word' id='word_1_368' title='bbox 1264 3456 1563 3509; x_wconf 89' lang='lat' dir='ltr'><strong>secundum</strong></span> <span class='ocrx_word' id='word_1_369' title='bbox 1591 3473 1712 3511; x_wconf 89' lang='lat' dir='ltr'><strong>cor-</strong></span> 
     </span>
    </p>
   </div>
   <div class='ocr_carea' id='block_1_51' title="bbox 169 3540 1716 3614">
    <p class='ocr_par' dir='ltr' id='par_1_51' title="bbox 169 3540 1716 3614">
     <span class='ocr_line' id='line_1_51' title="bbox 169 3540 1716 3614; baseline 0.012 -28"><span class='ocrx_word' id='word_1_370' title='bbox 169 3546 251 3600; x_wconf 84' lang='lat' dir='ltr'><strong>pus</strong></span> <span class='ocrx_word' id='word_1_371' title='bbox 273 3550 465 3598; x_wconf 86' lang='lat' dir='ltr'><strong>eorum.</strong></span> <span class='ocrx_word' id='word_1_372' title='bbox 508 3540 656 3609; x_wconf 85' lang='lat' dir='ltr'><strong>quod</strong></span> <span class='ocrx_word' id='word_1_373' title='bbox 704 3556 769 3595; x_wconf 83' lang='lat' dir='ltr'><strong>ex</strong></span> <span class='ocrx_word' id='word_1_374' title='bbox 799 3557 989 3597; x_wconf 87' lang='lat' dir='ltr'><strong>eorum</strong></span> <span class='ocrx_word' id='word_1_375' title='bbox 1020 3545 1273 3600; x_wconf 82' lang='lat' dir='ltr'><strong>consistit</strong></span> <span class='ocrx_word' id='word_1_376' title='bbox 1310 3546 1481 3614; x_wconf 69' lang='lat' dir='ltr'><strong>ﬂuxu,</strong></span> <span class='ocrx_word' id='word_1_377' title='bbox 1511 3550 1716 3604; x_wconf 88' lang='lat' dir='ltr'><strong>audito-</strong></span> 
     </span>
    </p>
   </div>
   <div class='ocr_carea' id='block_1_52' title="bbox 172 3632 1715 3712">
    <p class='ocr_par' dir='ltr' id='par_1_52' title="bbox 172 3632 1715 3712">
     <span class='ocr_line' id='line_1_52' title="bbox 172 3632 1715 3712; baseline 0.014 -37"><span class='ocrx_word' id='word_1_378' title='bbox 172 3639 263 3680; x_wconf 83' lang='lat' dir='ltr'><strong>rem</strong></span> <span class='ocrx_word' id='word_1_379' title='bbox 286 3632 536 3699; x_wconf 86' lang='lat' dir='ltr'><strong>populum</strong></span> <span class='ocrx_word' id='word_1_380' title='bbox 561 3634 933 3703; x_wconf 79' lang='lat' dir='ltr'><strong>intelligimus,</strong></span> <span class='ocrx_word' id='word_1_381' title='bbox 964 3637 1057 3706; x_wconf 89' lang='lat' dir='ltr'><strong>qui</strong></span> <span class='ocrx_word' id='word_1_382' title='bbox 1103 3653 1170 3693; x_wconf 77' lang='lat' dir='ltr'><strong>ex</strong></span> <span class='ocrx_word' id='word_1_383' title='bbox 1199 3639 1318 3708; x_wconf 76' lang='lat' dir='ltr'><strong>ejus</strong></span> <span class='ocrx_word' id='word_1_384' title='bbox 1343 3640 1599 3695; x_wconf 77' lang='lat' dir='ltr'><strong>doctrina</strong></span> <span class='ocrx_word' id='word_1_385' title='bbox 1619 3657 1715 3712; x_wconf 89' lang='lat' dir='ltr'><strong>ge-</strong></span> 
     </span>
    </p>
   </div>
   <div class='ocr_carea' id='block_1_53' title="bbox 177 3723 1716 3799">
    <p class='ocr_par' dir='ltr' id='par_1_53' title="bbox 177 3723 1716 3799">
     <span class='ocr_line' id='line_1_53' title="bbox 177 3723 1716 3799; baseline 0.011 -31"><span class='ocrx_word' id='word_1_386' title='bbox 177 3728 385 3786; x_wconf 85' lang='lat' dir='ltr'><strong>neratur,</strong></span> <span class='ocrx_word' id='word_1_387' title='bbox 414 3723 507 3793; x_wconf 89' lang='lat' dir='ltr'><strong>qui</strong></span> <span class='ocrx_word' id='word_1_388' title='bbox 556 3739 700 3788; x_wconf 89' lang='lat' dir='ltr'><strong>eam,</strong></span> <span class='ocrx_word' id='word_1_389' title='bbox 730 3740 891 3794; x_wconf 87' lang='lat' dir='ltr'><strong>quam</strong></span> <span class='ocrx_word' id='word_1_390' title='bbox 946 3729 1192 3799; x_wconf 90' lang='lat' dir='ltr'><strong>percepit</strong></span> <span class='ocrx_word' id='word_1_391' title='bbox 1239 3730 1477 3785; x_wconf 87' lang='lat' dir='ltr'><strong>divinam</strong></span> <span class='ocrx_word' id='word_1_392' title='bbox 1510 3732 1716 3787; x_wconf 89' lang='lat' dir='ltr'><strong>doctri-</strong></span> 
     </span>
    </p>
   </div>
   <div class='ocr_carea' id='block_1_54' title="bbox 176 3812 1711 3895">
    <p class='ocr_par' dir='ltr' id='par_1_54' title="bbox 176 3812 1711 3895">
     <span class='ocr_line' id='line_1_54' title="bbox 176 3812 1711 3895; baseline 0.013 -34"><span class='ocrx_word' id='word_1_393' title='bbox 176 3820 273 3862; x_wconf 77' lang='lat' dir='ltr'><strong>nam</strong></span> <span class='ocrx_word' id='word_1_394' title='bbox 312 3812 440 3879; x_wconf 90' lang='lat' dir='ltr'><strong>ﬂuit,</strong></span> <span class='ocrx_word' id='word_1_395' title='bbox 470 3821 876 3887; x_wconf 88' lang='lat' dir='ltr'><strong>corrumpendo</strong></span> <span class='ocrx_word' id='word_1_396' title='bbox 904 3836 1046 3887; x_wconf 88' lang='lat' dir='ltr'><strong>eam,</strong></span> <span class='ocrx_word' id='word_1_397' title='bbox 1086 3823 1204 3877; x_wconf 84' lang='lat' dir='ltr'><strong>sive</strong></span> <span class='ocrx_word' id='word_1_398' title='bbox 1246 3824 1711 3895; x_wconf 79' lang='lat' dir='ltr'><strong>transgrediendo,</strong></span> 
     </span>
    </p>
   </div>
   <div class='ocr_carea' id='block_1_55' title="bbox 175 3897 1715 3986">
    <p class='ocr_par' dir='ltr' id='par_1_55' title="bbox 175 3897 1715 3986">
     <span class='ocr_line' id='line_1_55' title="bbox 175 3897 1715 3986; baseline 0.011 -34"><span class='ocrx_word' id='word_1_399' title='bbox 175 3897 227 3952; x_wconf 85' lang='lat' dir='ltr'><strong>de</strong></span> <span class='ocrx_word' id='word_1_400' title='bbox 256 3917 350 3970; x_wconf 88' lang='lat' dir='ltr'><strong>quo</strong></span> <span class='ocrx_word' id='word_1_401' title='bbox 377 3905 579 3963; x_wconf 82' lang='lat' dir='ltr'><strong>Paulus</strong></span> <span class='ocrx_word' id='word_1_402' title='bbox 604 3910 854 3965; x_wconf 85' lang='lat' dir='ltr'><strong>dicebat:</strong></span> <span class='ocrx_word' id='word_1_403' title='bbox 890 3911 948 3967; x_wconf 87' lang='lat' dir='ltr'><strong>Si</strong></span> <span class='ocrx_word' id='word_1_404' title='bbox 977 3929 1090 3980; x_wconf 91' lang='lat' dir='ltr'><strong>nos,</strong></span> <span class='ocrx_word' id='word_1_405' title='bbox 1130 3923 1222 3967; x_wconf 85' lang='lat' dir='ltr'><strong>aut</strong></span> <span class='ocrx_word' id='word_1_406' title='bbox 1252 3916 1468 3986; x_wconf 83' lang='lat' dir='ltr'><strong>angelus</strong></span> <span class='ocrx_word' id='word_1_407' title='bbox 1508 3918 1569 3970; x_wconf 91' lang='lat' dir='ltr'><strong>de</strong></span> <span class='ocrx_word' id='word_1_408' title='bbox 1591 3917 1715 3970; x_wconf 69' lang='lat' dir='ltr'><strong>creto</strong></span> 
     </span>
    </p>
   </div>
   <div class='ocr_carea' id='block_1_56' title="bbox 175 3994 1713 4075">
    <p class='ocr_par' dir='ltr' id='par_1_56' title="bbox 175 3994 1713 4075">
     <span class='ocr_line' id='line_1_56' title="bbox 175 3994 1713 4075; baseline 0.014 -35"><span class='ocrx_word' id='word_1_409' title='bbox 175 3994 564 4062; x_wconf 73' lang='lat' dir='ltr'><strong>euangelizarent</strong></span> <span class='ocrx_word' id='word_1_410' title='bbox 620 4003 764 4054; x_wconf 86' lang='lat' dir='ltr'><strong>vobis</strong></span> <span class='ocrx_word' id='word_1_411' title='bbox 832 4012 1183 4072; x_wconf 77' lang='lat' dir='ltr'><strong>pmterquam</strong></span> <span class='ocrx_word' id='word_1_412' title='bbox 1229 4012 1366 4075; x_wconf 85' lang='lat' dir='ltr'><strong>quod</strong></span> <span class='ocrx_word' id='word_1_413' title='bbox 1421 4008 1713 4075; x_wconf 85' lang='lat' dir='ltr'><strong>accepistis.</strong></span> 
     </span>
    </p>
   </div>
   <div class='ocr_carea' id='block_1_57' title="bbox 178 4087 1715 4166">
    <p class='ocr_par' dir='ltr' id='par_1_57' title="bbox 178 4087 1715 4166">
     <span class='ocr_line' id='line_1_57' title="bbox 178 4087 1715 4166; baseline 0.014 -35"><span class='ocrx_word' id='word_1_414' title='bbox 178 4087 416 4140; x_wconf 75' lang='lat' dir='ltr'><strong>anathema</strong></span> <span class='ocrx_word' id='word_1_415' title='bbox 439 4092 596 4144; x_wconf 82' lang='lat' dir='ltr'><strong>sit”.</strong></span> <span class='ocrx_word' id='word_1_416' title='bbox 634 4090 800 4147; x_wconf 75' lang='lat' dir='ltr'><strong>Recte</strong></span> <span class='ocrx_word' id='word_1_417' title='bbox 834 4094 1148 4148; x_wconf 87' lang='lat' dir='ltr'><strong>immundus</strong></span> <span class='ocrx_word' id='word_1_418' title='bbox 1173 4104 1258 4150; x_wconf 90' lang='lat' dir='ltr'><strong>est</strong></span> <span class='ocrx_word' id='word_1_419' title='bbox 1284 4096 1376 4166; x_wconf 91' lang='lat' dir='ltr'><strong>qui</strong></span> <span class='ocrx_word' id='word_1_420' title='bbox 1399 4111 1463 4151; x_wconf 82' lang='lat' dir='ltr'><strong>ex</strong></span> <span class='ocrx_word' id='word_1_421' title='bbox 1496 4099 1715 4154; x_wconf 87' lang='lat' dir='ltr'><strong>sordida</strong></span> 
     </span>
    </p>
   </div>
   <div class='ocr_carea' id='block_1_58' title="bbox 178 4184 1714 4258">
    <p class='ocr_par' dir='ltr' id='par_1_58' title="bbox 178 4184 1714 4258">
     <span class='ocr_line' id='line_1_58' title="bbox 178 4184 1714 4258; baseline 0.012 -32"><span class='ocrx_word' id='word_1_422' title='bbox 178 4184 575 4249; x_wconf 81' lang='lat' dir='ltr'><strong>conversatione,</strong></span> <span class='ocrx_word' id='word_1_423' title='bbox 627 4184 843 4255; x_wconf 77' lang='lat' dir='ltr'><strong>vitaque</strong></span> <span class='ocrx_word' id='word_1_424' title='bbox 885 4186 1181 4258; x_wconf 90' lang='lat' dir='ltr'><strong>impudica,</strong></span> <span class='ocrx_word' id='word_1_425' title='bbox 1216 4189 1298 4242; x_wconf 87' lang='lat' dir='ltr'><strong>vel</strong></span> <span class='ocrx_word' id='word_1_426' title='bbox 1323 4204 1390 4243; x_wconf 80' lang='lat' dir='ltr'><strong>ex</strong></span> <span class='ocrx_word' id='word_1_427' title='bbox 1419 4190 1714 4245; x_wconf 89' lang='lat' dir='ltr'><strong>ambitione</strong></span> 
     </span>
    </p>
   </div>
   <div class='ocr_carea' id='block_1_59' title="bbox 182 4265 1714 4353">
    <p class='ocr_par' dir='ltr' id='par_1_59' title="bbox 182 4265 1714 4353">
     <span class='ocr_line' id='line_1_59' title="bbox 182 4265 1714 4353; baseline 0.01 -34"><span class='ocrx_word' id='word_1_428' title='bbox 182 4265 403 4329; x_wconf 83' lang='lat' dir='ltr'><strong>primatus</strong></span> <span class='ocrx_word' id='word_1_429' title='bbox 432 4274 538 4328; x_wconf 89' lang='lat' dir='ltr'><strong>hoc</strong></span> <span class='ocrx_word' id='word_1_430' title='bbox 586 4275 919 4343; x_wconf 89' lang='lat' dir='ltr'><strong>patitur;ac</strong></span> <span class='ocrx_word' id='word_1_431' title='bbox 954 4287 1245 4347; x_wconf 85' lang='lat' dir='ltr'><strong>propterea</strong></span> <span class='ocrx_word' id='word_1_432' title='bbox 1295 4279 1561 4334; x_wconf 80' lang='lat' dir='ltr'><strong>nefariam</strong></span> <span class='ocrx_word' id='word_1_433' title='bbox 1612 4281 1714 4353; x_wconf 83' lang='lat' dir='ltr'><strong>dc-</strong></span> 
     </span>
    </p>
   </div>
   <div class='ocr_carea' id='block_1_60' title="bbox 180 4356 1717 4441">
    <p class='ocr_par' dir='ltr' id='par_1_60' title="bbox 180 4356 1717 4441">
     <span class='ocr_line' id='line_1_60' title="bbox 180 4356 1717 4441; baseline 0.014 -36"><span class='ocrx_word' id='word_1_434' title='bbox 180 4356 369 4414; x_wconf 83' lang='lat' dir='ltr'><strong>ctrinam</strong></span> <span class='ocrx_word' id='word_1_435' title='bbox 398 4365 656 4435; x_wconf 77' lang='lat' dir='ltr'><strong>exquirit,</strong></span> <span class='ocrx_word' id='word_1_436' title='bbox 689 4381 810 4436; x_wconf 67' lang='lat' dir='ltr'><strong>quas</strong></span> <span class='ocrx_word' id='word_1_437' title='bbox 841 4367 1075 4423; x_wconf 82' lang='lat' dir='ltr'><strong>delectet</strong></span> <span class='ocrx_word' id='word_1_438' title='bbox 1106 4384 1203 4424; x_wconf 92' lang='lat' dir='ltr'><strong>eos</strong></span> <span class='ocrx_word' id='word_1_439' title='bbox 1235 4385 1373 4440; x_wconf 90' lang='lat' dir='ltr'><strong>quos</strong></span> <span class='ocrx_word' id='word_1_440' title='bbox 1410 4372 1717 4441; x_wconf 84' lang='lat' dir='ltr'><strong>prurientes</strong></span> 
     </span>
    </p>
   </div>
   <div class='ocr_carea' id='block_1_61' title="bbox 182 4451 1715 4526">
    <p class='ocr_par' dir='ltr' id='par_1_61' title="bbox 182 4451 1715 4526">
     <span class='ocr_line' id='line_1_61' title="bbox 182 4451 1715 4526; baseline 0.012 -25"><span class='ocrx_word' id='word_1_441' title='bbox 182 4451 366 4509; x_wconf 82' lang='lat' dir='ltr'><strong>auribus</strong></span> <span class='ocrx_word' id='word_1_442' title='bbox 411 4454 615 4512; x_wconf 89' lang='lat' dir='ltr'><strong>Paulus</strong></span> <span class='ocrx_word' id='word_1_443' title='bbox 658 4459 882 4526; x_wconf 81' lang='lat' dir='ltr'><strong>dixit&quot;,</strong></span> <span class='ocrx_word' id='word_1_444' title='bbox 921 4470 976 4517; x_wconf 89' lang='lat' dir='ltr'><strong>et</strong></span> <span class='ocrx_word' id='word_1_445' title='bbox 1023 4478 1209 4518; x_wconf 82' lang='lat' dir='ltr'><strong>sanam</strong></span> <span class='ocrx_word' id='word_1_446' title='bbox 1256 4464 1556 4519; x_wconf 89' lang='lat' dir='ltr'><strong>doctrinam</strong></span> <span class='ocrx_word' id='word_1_447' title='bbox 1606 4480 1715 4519; x_wconf 89' lang='lat' dir='ltr'><strong>non</strong></span> 
     </span>
    </p>
   </div>
   <div class='ocr_carea' id='block_1_62' title="bbox 1822 1990 3399 2068">
    <p class='ocr_par' dir='ltr' id='par_1_62' title="bbox 1822 1990 3399 2068">
     <span class='ocr_line' id='line_1_62' title="bbox 1822 1990 3399 2068; baseline 0.015 -29"><span class='ocrx_word' id='word_1_448' title='bbox 1822 1990 2061 2042; x_wconf 79' lang='lat' dir='ltr'><strong>runrdam</strong></span> <span class='ocrx_word' id='word_1_449' title='bbox 2093 1994 2426 2062; x_wconf 84' lang='lat' dir='ltr'><strong>corruptione</strong></span> <span class='ocrx_word' id='word_1_450' title='bbox 2457 1998 3016 2068; x_wconf 82' lang='lat' dir='ltr'><strong>concupiscentiarum,</strong></span> <span class='ocrx_word' id='word_1_451' title='bbox 3053 2005 3399 2062; x_wconf 82' lang='lat' dir='ltr'><strong>doctrinalem</strong></span> 
     </span>
    </p>
   </div>
   <div class='ocr_carea' id='block_1_63' title="bbox 1820 2088 3399 2163">
    <p class='ocr_par' dir='ltr' id='par_1_63' title="bbox 1820 2088 3399 2163">
     <span class='ocr_line' id='line_1_63' title="bbox 1820 2088 3399 2163; baseline 0.015 -30"><span class='ocrx_word' id='word_1_452' title='bbox 1820 2092 2120 2136; x_wconf 84' lang='lat' dir='ltr'><strong>convertunt</strong></span> <span class='ocrx_word' id='word_1_453' title='bbox 2163 2101 2450 2141; x_wconf 84' lang='lat' dir='ltr'><strong>sermonem</strong></span> <span class='ocrx_word' id='word_1_454' title='bbox 2468 2088 2535 2141; x_wconf 78' lang='lat'><strong>“.</strong></span> <span class='ocrx_word' id='word_1_455' title='bbox 2573 2089 2741 2146; x_wconf 83' lang='lat' dir='ltr'><strong>Recte</strong></span> <span class='ocrx_word' id='word_1_456' title='bbox 2785 2093 3083 2163; x_wconf 85' lang='lat' dir='ltr'><strong>legislator,</strong></span> <span class='ocrx_word' id='word_1_457' title='bbox 3124 2114 3249 2154; x_wconf 89' lang='lat' dir='ltr'><strong>cum</strong></span> <span class='ocrx_word' id='word_1_458' title='bbox 3298 2102 3399 2155; x_wconf 81' lang='lat' dir='ltr'><strong>lto-</strong></span> 
     </span>
    </p>
   </div>
   <div class='ocr_carea' id='block_1_64' title="bbox 1820 2179 3399 2257">
    <p class='ocr_par' dir='ltr' id='par_1_64' title="bbox 1820 2179 3399 2257">
     <span class='ocr_line' id='line_1_64' title="bbox 1820 2179 3399 2257; baseline 0.014 -28"><span class='ocrx_word' id='word_1_459' title='bbox 1820 2192 1939 2230; x_wconf 91' lang='lat' dir='ltr'><strong>rum</strong></span> <span class='ocrx_word' id='word_1_460' title='bbox 1970 2179 2233 2247; x_wconf 88' lang='lat' dir='ltr'><strong>quosdam</strong></span> <span class='ocrx_word' id='word_1_461' title='bbox 2273 2181 2329 2235; x_wconf 91' lang='lat' dir='ltr'><strong>in</strong></span> <span class='ocrx_word' id='word_1_462' title='bbox 2366 2184 2648 2241; x_wconf 90' lang='lat' dir='ltr'><strong>sanctione</strong></span> <span class='ocrx_word' id='word_1_463' title='bbox 2682 2187 2867 2257; x_wconf 73' lang='lat' dir='ltr'><strong>leprae,</strong></span> <span class='ocrx_word' id='word_1_464' title='bbox 2909 2191 3049 2246; x_wconf 82' lang='lat' dir='ltr'><strong>alios</strong></span> <span class='ocrx_word' id='word_1_465' title='bbox 3079 2208 3207 2248; x_wconf 89' lang='lat' dir='ltr'><strong>vero</strong></span> <span class='ocrx_word' id='word_1_466' title='bbox 3233 2196 3285 2249; x_wconf 92' lang='lat' dir='ltr'><strong>in</strong></span> <span class='ocrx_word' id='word_1_467' title='bbox 3316 2197 3399 2251; x_wconf 90' lang='lat' dir='ltr'><strong>ci-</strong></span> 
     </span>
    </p>
   </div>
   <div class='ocr_carea' id='block_1_65' title="bbox 1821 2267 3397 2345">
    <p class='ocr_par' dir='ltr' id='par_1_65' title="bbox 1821 2267 3397 2345">
     <span class='ocr_line' id='line_1_65' title="bbox 1821 2267 3397 2345; baseline 0.012 -23"><span class='ocrx_word' id='word_1_468' title='bbox 1821 2267 2012 2323; x_wconf 89' lang='lat' dir='ltr'><strong>borum</strong></span> <span class='ocrx_word' id='word_1_469' title='bbox 2064 2271 2369 2327; x_wconf 83' lang='lat' dir='ltr'><strong>diﬂ‘erentia</strong></span> <span class='ocrx_word' id='word_1_470' title='bbox 2401 2275 2780 2345; x_wconf 80' lang='lat' dir='ltr'><strong>signiﬁcasset,</strong></span> <span class='ocrx_word' id='word_1_471' title='bbox 2830 2297 2977 2337; x_wconf 90' lang='lat' dir='ltr'><strong>nunc</strong></span> <span class='ocrx_word' id='word_1_472' title='bbox 3031 2300 3223 2339; x_wconf 87' lang='lat' dir='ltr'><strong>rursus</strong></span> <span class='ocrx_word' id='word_1_473' title='bbox 3251 2286 3397 2341; x_wconf 87' lang='lat' dir='ltr'><strong>aliud</strong></span> 
     </span>
    </p>
   </div>
   <div class='ocr_carea' id='block_1_66' title="bbox 1820 2366 3395 2438">
    <p class='ocr_par' dir='ltr' id='par_1_66' title="bbox 1820 2366 3395 2438">
     <span class='ocr_line' id='line_1_66' title="bbox 1820 2366 3395 2438; baseline 0.011 -23"><span class='ocrx_word' id='word_1_474' title='bbox 1820 2376 1990 2431; x_wconf 90' lang='lat' dir='ltr'><strong>genus</strong></span> <span class='ocrx_word' id='word_1_475' title='bbox 2009 2378 2219 2431; x_wconf 88' lang='lat' dir='ltr'><strong>eorum,</strong></span> <span class='ocrx_word' id='word_1_476' title='bbox 2252 2366 2346 2435; x_wconf 88' lang='lat' dir='ltr'><strong>qui</strong></span> <span class='ocrx_word' id='word_1_477' title='bbox 2376 2382 2441 2421; x_wconf 79' lang='lat' dir='ltr'><strong>ex</strong></span> <span class='ocrx_word' id='word_1_478' title='bbox 2472 2369 2828 2438; x_wconf 85' lang='lat' dir='ltr'><strong>impudicitia,</strong></span> <span class='ocrx_word' id='word_1_479' title='bbox 2858 2382 2915 2427; x_wconf 89' lang='lat' dir='ltr'><strong>et</strong></span> <span class='ocrx_word' id='word_1_480' title='bbox 2942 2390 3005 2428; x_wconf 81' lang='lat' dir='ltr'><strong>ex</strong></span> <span class='ocrx_word' id='word_1_481' title='bbox 3046 2376 3270 2431; x_wconf 90' lang='lat' dir='ltr'><strong>libidine</strong></span> <span class='ocrx_word' id='word_1_482' title='bbox 3292 2379 3395 2432; x_wconf 85' lang='lat' dir='ltr'><strong>alia</strong></span> 
     </span>
    </p>
   </div>
   <div class='ocr_carea' id='block_1_67' title="bbox 1821 2451 3397 2536">
    <p class='ocr_par' dir='ltr' id='par_1_67' title="bbox 1821 2451 3397 2536">
     <span class='ocr_line' id='line_1_67' title="bbox 1821 2451 3397 2536; baseline 0.012 -31"><span class='ocrx_word' id='word_1_483' title='bbox 1821 2451 2039 2518; x_wconf 80' lang='lat' dir='ltr'><strong>docent,</strong></span> <span class='ocrx_word' id='word_1_484' title='bbox 2070 2470 2164 2523; x_wconf 91' lang='lat' dir='ltr'><strong>per</strong></span> <span class='ocrx_word' id='word_1_485' title='bbox 2193 2456 2297 2510; x_wconf 82' lang='lat' dir='ltr'><strong>hoc</strong></span> <span class='ocrx_word' id='word_1_486' title='bbox 2335 2458 2672 2536; x_wconf 80' lang='lat' dir='ltr'><strong>mandatum,</strong></span> <span class='ocrx_word' id='word_1_487' title='bbox 2699 2463 2845 2532; x_wconf 88' lang='lat' dir='ltr'><strong>quod</strong></span> <span class='ocrx_word' id='word_1_488' title='bbox 2873 2474 2957 2519; x_wconf 91' lang='lat' dir='ltr'><strong>est</strong></span> <span class='ocrx_word' id='word_1_489' title='bbox 2982 2464 3035 2519; x_wconf 89' lang='lat' dir='ltr'><strong>in</strong></span> <span class='ocrx_word' id='word_1_490' title='bbox 3072 2468 3397 2536; x_wconf 87' lang='lat' dir='ltr'><strong>proﬂuvium</strong></span> 
     </span>
    </p>
   </div>
   <div class='ocr_carea' id='block_1_68' title="bbox 1819 2535 3403 2631">
    <p class='ocr_par' dir='ltr' id='par_1_68' title="bbox 1819 2535 3403 2631">
     <span class='ocr_line' id='line_1_68' title="bbox 1819 2535 3403 2631; baseline 0.013 -35"><span class='ocrx_word' id='word_1_491' title='bbox 1819 2544 2044 2598; x_wconf 84' lang='lat' dir='ltr'><strong>seminis</strong></span> <span class='ocrx_word' id='word_1_492' title='bbox 2094 2547 2385 2614; x_wconf 85' lang='lat' dir='ltr'><strong>patientem</strong></span> <span class='ocrx_word' id='word_1_493' title='bbox 2412 2590 2426 2615; x_wconf 90' lang='lat'><strong>,</strong></span> <span class='ocrx_word' id='word_1_494' title='bbox 2464 2535 2732 2620; x_wconf 73' lang='lat' dir='ltr'><strong>exposdit,</strong></span> <span class='ocrx_word' id='word_1_495' title='bbox 2763 2554 2905 2611; x_wconf 88' lang='lat' dir='ltr'><strong>sicut</strong></span> <span class='ocrx_word' id='word_1_496' title='bbox 2936 2566 2989 2611; x_wconf 87' lang='lat' dir='ltr'><strong>et</strong></span> <span class='ocrx_word' id='word_1_497' title='bbox 3015 2560 3265 2627; x_wconf 90' lang='lat' dir='ltr'><strong>superius</strong></span> <span class='ocrx_word' id='word_1_498' title='bbox 3302 2578 3403 2631; x_wconf 87' lang='lat' dir='ltr'><strong>ap-</strong></span> 
     </span>
    </p>
   </div>
   <div class='ocr_carea' id='block_1_69' title="bbox 1819 2636 3399 2719">
    <p class='ocr_par' dir='ltr' id='par_1_69' title="bbox 1819 2636 3399 2719">
     <span class='ocr_line' id='line_1_69' title="bbox 1819 2636 3399 2719; baseline 0.012 -31"><span class='ocrx_word' id='word_1_499' title='bbox 1819 2636 2191 2704; x_wconf 73' lang='lat' dir='ltr'><strong>probavimus.</strong></span> <span class='ocrx_word' id='word_1_500' title='bbox 2219 2641 2325 2694; x_wconf 90' lang='lat' dir='ltr'><strong>Sed</strong></span> <span class='ocrx_word' id='word_1_501' title='bbox 2354 2656 2500 2695; x_wconf 92' lang='lat' dir='ltr'><strong>nunc</strong></span> <span class='ocrx_word' id='word_1_502' title='bbox 2524 2652 2579 2697; x_wconf 84' lang='lat' dir='ltr'><strong>et</strong></span> <span class='ocrx_word' id='word_1_503' title='bbox 2600 2651 2831 2699; x_wconf 88' lang='lat' dir='ltr'><strong>stratum</strong></span> <span class='ocrx_word' id='word_1_504' title='bbox 2867 2647 2921 2701; x_wconf 91' lang='lat' dir='ltr'><strong>in</strong></span> <span class='ocrx_word' id='word_1_505' title='bbox 2953 2663 3060 2719; x_wconf 91' lang='lat' dir='ltr'><strong>quo</strong></span> <span class='ocrx_word' id='word_1_506' title='bbox 3089 2650 3311 2716; x_wconf 90' lang='lat' dir='ltr'><strong>dormit,</strong></span> <span class='ocrx_word' id='word_1_507' title='bbox 3341 2663 3399 2708; x_wconf 87' lang='lat' dir='ltr'><strong>ct</strong></span> 
     </span>
    </p>
   </div>
   <div class='ocr_carea' id='block_1_70' title="bbox 1821 2728 3399 2813">
    <p class='ocr_par' dir='ltr' id='par_1_70' title="bbox 1821 2728 3399 2813">
     <span class='ocr_line' id='line_1_70' title="bbox 1821 2728 3399 2813; baseline 0.009 -33"><span class='ocrx_word' id='word_1_508' title='bbox 1821 2728 1909 2780; x_wconf 91' lang='lat' dir='ltr'><strong>ubi</strong></span> <span class='ocrx_word' id='word_1_509' title='bbox 1945 2729 2118 2794; x_wconf 84' lang='lat' dir='ltr'><strong>sedet,</strong></span> <span class='ocrx_word' id='word_1_510' title='bbox 2146 2730 2487 2786; x_wconf 85' lang='lat' dir='ltr'><strong>immundum</strong></span> <span class='ocrx_word' id='word_1_511' title='bbox 2515 2733 2793 2805; x_wconf 88' lang='lat' dir='ltr'><strong>lcgislator</strong></span> <span class='ocrx_word' id='word_1_512' title='bbox 2819 2737 2968 2793; x_wconf 90' lang='lat' dir='ltr'><strong>dicit.</strong></span> <span class='ocrx_word' id='word_1_513' title='bbox 3009 2740 3207 2796; x_wconf 87' lang='lat' dir='ltr'><strong>Paulus</strong></span> <span class='ocrx_word' id='word_1_514' title='bbox 3233 2742 3399 2813; x_wconf 85' lang='lat' dir='ltr'><strong>igitur</strong></span> 
     </span>
    </p>
   </div>
   <div class='ocr_carea' id='block_1_71' title="bbox 1818 2820 3396 2895">
    <p class='ocr_par' dir='ltr' id='par_1_71' title="bbox 1818 2820 3396 2895">
     <span class='ocr_line' id='line_1_71' title="bbox 1818 2820 3396 2895; baseline 0.011 -24"><span class='ocrx_word' id='word_1_515' title='bbox 1818 2834 1939 2884; x_wconf 90' lang='lat' dir='ltr'><strong>nos,</strong></span> <span class='ocrx_word' id='word_1_516' title='bbox 1971 2829 2025 2874; x_wconf 92' lang='lat' dir='ltr'><strong>et</strong></span> <span class='ocrx_word' id='word_1_517' title='bbox 2056 2820 2231 2875; x_wconf 85' lang='lat' dir='ltr'><strong>Lucas</strong></span> <span class='ocrx_word' id='word_1_518' title='bbox 2260 2823 2512 2890; x_wconf 86' lang='lat' dir='ltr'><strong>doceant,</strong></span> <span class='ocrx_word' id='word_1_519' title='bbox 2542 2827 2669 2895; x_wconf 86' lang='lat' dir='ltr'><strong>quid</strong></span> <span class='ocrx_word' id='word_1_520' title='bbox 2697 2828 2763 2882; x_wconf 91' lang='lat' dir='ltr'><strong>de</strong></span> <span class='ocrx_word' id='word_1_521' title='bbox 2788 2830 2874 2883; x_wconf 86' lang='lat' dir='ltr'><strong>bis</strong></span> <span class='ocrx_word' id='word_1_522' title='bbox 2899 2831 3151 2886; x_wconf 88' lang='lat' dir='ltr'><strong>arbitrari</strong></span> <span class='ocrx_word' id='word_1_523' title='bbox 3193 2834 3396 2889; x_wconf 85' lang='lat' dir='ltr'><strong>debea-</strong></span> 
     </span>
    </p>
   </div>
   <div class='ocr_carea' id='block_1_72' title="bbox 1818 2911 3399 2995">
    <p class='ocr_par' dir='ltr' id='par_1_72' title="bbox 1818 2911 3399 2995">
     <span class='ocr_line' id='line_1_72' title="bbox 1818 2911 3399 2995; baseline 0.011 -31"><span class='ocrx_word' id='word_1_524' title='bbox 1818 2927 1961 2965; x_wconf 90' lang='lat' dir='ltr'><strong>mus.</strong></span> <span class='ocrx_word' id='word_1_525' title='bbox 2001 2911 2137 2979; x_wconf 86' lang='lat' dir='ltr'><strong>Quia</strong></span> <span class='ocrx_word' id='word_1_526' title='bbox 2190 2916 2337 2969; x_wconf 89' lang='lat' dir='ltr'><strong>enim</strong></span> <span class='ocrx_word' id='word_1_527' title='bbox 2400 2933 2493 2971; x_wconf 84' lang='lat' dir='ltr'><strong>vas</strong></span> <span class='ocrx_word' id='word_1_528' title='bbox 2543 2928 2598 2972; x_wconf 87' lang='lat' dir='ltr'><strong>et</strong></span> <span class='ocrx_word' id='word_1_529' title='bbox 2647 2930 2900 2987; x_wconf 89' lang='lat' dir='ltr'><strong>stratum,</strong></span> <span class='ocrx_word' id='word_1_530' title='bbox 2956 2939 3067 2977; x_wconf 91' lang='lat' dir='ltr'><strong>non</strong></span> <span class='ocrx_word' id='word_1_531' title='bbox 3127 2925 3399 2995; x_wconf 87' lang='lat' dir='ltr'><strong>quoslibet</strong></span> 
     </span>
    </p>
   </div>
   <div class='ocr_carea' id='block_1_73' title="bbox 1817 3003 3397 3081">
    <p class='ocr_par' dir='ltr' id='par_1_73' title="bbox 1817 3003 3397 3081">
     <span class='ocr_line' id='line_1_73' title="bbox 1817 3003 3397 3081; baseline 0.013 -29"><span class='ocrx_word' id='word_1_532' title='bbox 1817 3015 2011 3069; x_wconf 66' lang='lat' dir='ltr'><strong>aegros,</strong></span> <span class='ocrx_word' id='word_1_533' title='bbox 2061 3003 2155 3057; x_wconf 84' lang='lat' dir='ltr'><strong>sed</strong></span> <span class='ocrx_word' id='word_1_534' title='bbox 2213 3004 2313 3059; x_wconf 87' lang='lat' dir='ltr'><strong>bos</strong></span> <span class='ocrx_word' id='word_1_535' title='bbox 2360 3005 2685 3075; x_wconf 85' lang='lat' dir='ltr'><strong>signiﬁcant,</strong></span> <span class='ocrx_word' id='word_1_536' title='bbox 2718 3012 2810 3081; x_wconf 91' lang='lat' dir='ltr'><strong>qui</strong></span> <span class='ocrx_word' id='word_1_537' title='bbox 2852 3013 3016 3067; x_wconf 89' lang='lat' dir='ltr'><strong>nimis</strong></span> <span class='ocrx_word' id='word_1_538' title='bbox 3045 3026 3173 3069; x_wconf 88' lang='lat' dir='ltr'><strong>sunt</strong></span> <span class='ocrx_word' id='word_1_539' title='bbox 3204 3016 3259 3071; x_wconf 89' lang='lat' dir='ltr'><strong>in</strong></span> <span class='ocrx_word' id='word_1_540' title='bbox 3293 3016 3397 3072; x_wconf 83' lang='lat' dir='ltr'><strong>do-</strong></span> 
     </span>
    </p>
   </div>
   <div class='ocr_carea' id='block_1_74' title="bbox 1818 3092 3397 3177">
    <p class='ocr_par' dir='ltr' id='par_1_74' title="bbox 1818 3092 3397 3177">
     <span class='ocr_line' id='line_1_74' title="bbox 1818 3092 3397 3177; baseline 0.013 -32"><span class='ocrx_word' id='word_1_541' title='bbox 1818 3092 1992 3146; x_wconf 86' lang='lat' dir='ltr'><strong>Ctrina</strong></span> <span class='ocrx_word' id='word_1_542' title='bbox 2050 3096 2351 3163; x_wconf 87' lang='lat' dir='ltr'><strong>sublimes,</strong></span> <span class='ocrx_word' id='word_1_543' title='bbox 2418 3114 2748 3172; x_wconf 87' lang='lat' dir='ltr'><strong>omnemque</strong></span> <span class='ocrx_word' id='word_1_544' title='bbox 2807 3118 2928 3159; x_wconf 88' lang='lat' dir='ltr'><strong>eam</strong></span> <span class='ocrx_word' id='word_1_545' title='bbox 2992 3108 3397 3177; x_wconf 81' lang='lat' dir='ltr'><strong>quodammodo</strong></span> 
     </span>
    </p>
   </div>
   <div class='ocr_carea' id='block_1_75' title="bbox 1818 3182 3395 3268">
    <p class='ocr_par' dir='ltr' id='par_1_75' title="bbox 1818 3182 3395 3268">
     <span class='ocr_line' id='line_1_75' title="bbox 1818 3182 3395 3268; baseline 0.015 -33"><span class='ocrx_word' id='word_1_546' title='bbox 1818 3182 2123 3250; x_wconf 85' lang='lat' dir='ltr'><strong>capiebant.</strong></span> <span class='ocrx_word' id='word_1_547' title='bbox 2176 3187 2249 3241; x_wconf 86' lang='lat' dir='ltr'><strong>ita</strong></span> <span class='ocrx_word' id='word_1_548' title='bbox 2298 3198 2356 3242; x_wconf 91' lang='lat' dir='ltr'><strong>ut</strong></span> <span class='ocrx_word' id='word_1_549' title='bbox 2387 3192 2604 3246; x_wconf 79' lang='lat' dir='ltr'><strong>sederet</strong></span> <span class='ocrx_word' id='word_1_550' title='bbox 2648 3194 2702 3247; x_wconf 88' lang='lat' dir='ltr'><strong>in</strong></span> <span class='ocrx_word' id='word_1_551' title='bbox 2744 3195 2842 3260; x_wconf 90' lang='lat' dir='ltr'><strong>cis,</strong></span> <span class='ocrx_word' id='word_1_552' title='bbox 2890 3212 2953 3250; x_wconf 88' lang='lat' dir='ltr'><strong>ac</strong></span> <span class='ocrx_word' id='word_1_553' title='bbox 2984 3208 3297 3268; x_wconf 90' lang='lat' dir='ltr'><strong>portaretur</strong></span> <span class='ocrx_word' id='word_1_554' title='bbox 3326 3203 3395 3258; x_wconf 88' lang='lat' dir='ltr'><strong>ab</strong></span> 
     </span>
    </p>
   </div>
   <div class='ocr_carea' id='block_1_76' title="bbox 1816 3272 3397 3357">
    <p class='ocr_par' dir='ltr' id='par_1_76' title="bbox 1816 3272 3397 3357">
     <span class='ocr_line' id='line_1_76' title="bbox 1816 3272 3397 3357; baseline 0.012 -30"><span class='ocrx_word' id='word_1_555' title='bbox 1816 3272 1895 3327; x_wconf 90' lang='lat' dir='ltr'><strong>eis</strong></span> <span class='ocrx_word' id='word_1_556' title='bbox 1934 3275 2141 3340; x_wconf 87' lang='lat' dir='ltr'><strong>doctor,</strong></span> <span class='ocrx_word' id='word_1_557' title='bbox 2178 3290 2364 3348; x_wconf 87' lang='lat' dir='ltr'><strong>aperte</strong></span> <span class='ocrx_word' id='word_1_558' title='bbox 2406 3281 2580 3337; x_wconf 90' lang='lat' dir='ltr'><strong>Lucas</strong></span> <span class='ocrx_word' id='word_1_559' title='bbox 2625 3284 2829 3350; x_wconf 87' lang='lat' dir='ltr'><strong>docuit,</strong></span> <span class='ocrx_word' id='word_1_560' title='bbox 2873 3289 3090 3357; x_wconf 86' lang='lat' dir='ltr'><strong>quando</strong></span> <span class='ocrx_word' id='word_1_561' title='bbox 3124 3290 3191 3344; x_wconf 87' lang='lat' dir='ltr'><strong>de</strong></span> <span class='ocrx_word' id='word_1_562' title='bbox 3226 3291 3397 3346; x_wconf 84' lang='lat' dir='ltr'><strong>Paulo</strong></span> 
     </span>
    </p>
   </div>
   <div class='ocr_carea' id='block_1_77' title="bbox 1818 3363 3396 3445">
    <p class='ocr_par' dir='ltr' id='par_1_77' title="bbox 1818 3363 3396 3445">
     <span class='ocr_line' id='line_1_77' title="bbox 1818 3363 3396 3445; baseline 0.013 -30"><span class='ocrx_word' id='word_1_563' title='bbox 1818 3363 1959 3417; x_wconf 89' lang='lat' dir='ltr'><strong>Deus</strong></span> <span class='ocrx_word' id='word_1_564' title='bbox 1992 3366 2057 3419; x_wconf 86' lang='lat' dir='ltr'><strong>ad</strong></span> <span class='ocrx_word' id='word_1_565' title='bbox 2087 3369 2349 3422; x_wconf 86' lang='lat' dir='ltr'><strong>Ananiam</strong></span> <span class='ocrx_word' id='word_1_566' title='bbox 2404 3371 2573 3426; x_wconf 73' lang='lat' dir='ltr'><strong>dixit:</strong></span> <span class='ocrx_word' id='word_1_567' title='bbox 2630 3372 2784 3439; x_wconf 73' lang='lat' dir='ltr'><strong>Vade,</strong></span> <span class='ocrx_word' id='word_1_568' title='bbox 2837 3378 2961 3445; x_wconf 81' lang='lat' dir='ltr'><strong>quia</strong></span> <span class='ocrx_word' id='word_1_569' title='bbox 3003 3395 3093 3431; x_wconf 88' lang='lat' dir='ltr'><strong>vas</strong></span> <span class='ocrx_word' id='word_1_570' title='bbox 3134 3379 3396 3437; x_wconf 78' lang='lat' dir='ltr'><strong>electionis</strong></span> 
     </span>
    </p>
   </div>
   <div class='ocr_carea' id='block_1_78' title="bbox 1816 3458 3395 3540">
    <p class='ocr_par' dir='ltr' id='par_1_78' title="bbox 1816 3458 3395 3540">
     <span class='ocr_line' id='line_1_78' title="bbox 1816 3458 3395 3540; baseline 0.013 -33"><span class='ocrx_word' id='word_1_571' title='bbox 1816 3458 1913 3508; x_wconf 87' lang='lat' dir='ltr'><strong>erit</strong></span> <span class='ocrx_word' id='word_1_572' title='bbox 1965 3459 2092 3511; x_wconf 91' lang='lat' dir='ltr'><strong>mihi</strong></span> <span class='ocrx_word' id='word_1_573' title='bbox 2135 3462 2248 3522; x_wconf 85' lang='lat' dir='ltr'><strong>iste,</strong></span> <span class='ocrx_word' id='word_1_574' title='bbox 2283 3471 2337 3514; x_wconf 89' lang='lat' dir='ltr'><strong>ut</strong></span> <span class='ocrx_word' id='word_1_575' title='bbox 2370 3474 2538 3528; x_wconf 83' lang='lat' dir='ltr'><strong>portet</strong></span> <span class='ocrx_word' id='word_1_576' title='bbox 2568 3482 2753 3519; x_wconf 89' lang='lat' dir='ltr'><strong>nomen</strong></span> <span class='ocrx_word' id='word_1_577' title='bbox 2784 3484 2955 3521; x_wconf 88' lang='lat' dir='ltr'><strong>meum</strong></span> <span class='ocrx_word' id='word_1_578' title='bbox 2993 3472 3047 3523; x_wconf 88' lang='lat' dir='ltr'><strong>in</strong></span> <span class='ocrx_word' id='word_1_579' title='bbox 3075 3472 3313 3540; x_wconf 85' lang='lat' dir='ltr'><strong>gentibus</strong></span> <span class='ocrx_word' id='word_1_580' title='bbox 3344 3487 3395 3528; x_wconf 81' lang='lat' dir='ltr'><strong>et</strong></span> 
     </span>
    </p>
   </div>
   <div class='ocr_carea' id='block_1_79' title="bbox 1817 3549 3396 3623">
    <p class='ocr_par' dir='ltr' id='par_1_79' title="bbox 1817 3549 3396 3623">
     <span class='ocr_line' id='line_1_79' title="bbox 1817 3549 3396 3623; baseline 0.013 -22"><span class='ocrx_word' id='word_1_581' title='bbox 1817 3549 2023 3618; x_wconf 85' lang='lat' dir='ltr'><strong>regibus</strong></span> <span class='ocrx_word' id='word_1_582' title='bbox 2042 3552 2131 3605; x_wconf 71' lang='grc' dir='ltr'><strong>η’.</strong></span> <span class='ocrx_word' id='word_1_583' title='bbox 2163 3550 2442 3623; x_wconf 84' lang='lat' dir='ltr'><strong>Tanquam</strong></span> <span class='ocrx_word' id='word_1_584' title='bbox 2478 3573 2574 3611; x_wconf 85' lang='lat' dir='ltr'><strong>vas</strong></span> <span class='ocrx_word' id='word_1_585' title='bbox 2608 3559 2812 3614; x_wconf 79' lang='lat' dir='ltr'><strong>Christi</strong></span> <span class='ocrx_word' id='word_1_586' title='bbox 2857 3561 3162 3617; x_wconf 81' lang='lat' dir='ltr'><strong>doctrinam</strong></span> <span class='ocrx_word' id='word_1_587' title='bbox 3196 3562 3396 3621; x_wconf 87' lang='lat' dir='ltr'><strong>Paulus</strong></span> 
     </span>
    </p>
   </div>
   <div class='ocr_carea' id='block_1_80' title="bbox 1816 3642 3398 3737">
    <p class='ocr_par' dir='ltr' id='par_1_80' title="bbox 1816 3642 3398 3737">
     <span class='ocr_line' id='line_1_80' title="bbox 1816 3642 3398 3737; baseline 0.013 -44"><span class='ocrx_word' id='word_1_588' title='bbox 1816 3642 2086 3711; x_wconf 81' lang='lat' dir='ltr'><strong>capiebat,</strong></span> <span class='ocrx_word' id='word_1_589' title='bbox 2141 3654 2200 3700; x_wconf 91' lang='lat' dir='ltr'><strong>ut</strong></span> <span class='ocrx_word' id='word_1_590' title='bbox 2250 3646 2726 3727; x_wconf 78' lang='lat' dir='ltr'><strong>imitaretureum</strong></span> <span class='ocrx_word' id='word_1_591' title='bbox 2767 3668 2954 3722; x_wconf 87' lang='lat' dir='ltr'><strong>opere,</strong></span> <span class='ocrx_word' id='word_1_592' title='bbox 3007 3664 3064 3709; x_wconf 90' lang='lat' dir='ltr'><strong>et</strong></span> <span class='ocrx_word' id='word_1_593' title='bbox 3118 3658 3311 3737; x_wconf 53' lang='lat' dir='ltr'><strong>verbo,</strong></span> <span class='ocrx_word' id='word_1_594' title='bbox 3341 3667 3398 3713; x_wconf 87' lang='lat' dir='ltr'><strong>et</strong></span> 
     </span>
    </p>
   </div>
   <div class='ocr_carea' id='block_1_81' title="bbox 1816 3736 3391 3816">
    <p class='ocr_par' dir='ltr' id='par_1_81' title="bbox 1816 3736 3391 3816">
     <span class='ocr_line' id='line_1_81' title="bbox 1816 3736 3391 3816; baseline 0.011 -29"><span class='ocrx_word' id='word_1_595' title='bbox 1816 3736 2181 3804; x_wconf 89' lang='lat' dir='ltr'><strong>passionibus.</strong></span> <span class='ocrx_word' id='word_1_596' title='bbox 2236 3738 2464 3811; x_wconf 89' lang='lat' dir='ltr'><strong>Propter</strong></span> <span class='ocrx_word' id='word_1_597' title='bbox 2501 3745 2648 3812; x_wconf 86' lang='lat' dir='ltr'><strong>quod</strong></span> <span class='ocrx_word' id='word_1_598' title='bbox 2697 3748 2843 3800; x_wconf 85' lang='lat' dir='ltr'><strong>nun&#39;c</strong></span> <span class='ocrx_word' id='word_1_599' title='bbox 2872 3748 3093 3816; x_wconf 90' lang='lat' dir='ltr'><strong>quidem</strong></span> <span class='ocrx_word' id='word_1_600' title='bbox 3140 3750 3391 3805; x_wconf 88' lang='lat' dir='ltr'><strong>dicebat:</strong></span> 
     </span>
    </p>
   </div>
   <div class='ocr_carea' id='block_1_82' title="bbox 1816 3826 3398 3910">
    <p class='ocr_par' dir='ltr' id='par_1_82' title="bbox 1816 3826 3398 3910">
     <span class='ocr_line' id='line_1_82' title="bbox 1816 3826 3398 3910; baseline 0.009 -33"><span class='ocrx_word' id='word_1_601' title='bbox 1816 3826 1898 3878; x_wconf 82' lang='lat' dir='ltr'><strong>An</strong></span> <span class='ocrx_word' id='word_1_602' title='bbox 1945 3829 2355 3895; x_wconf 75' lang='lat' dir='ltr'><strong>experimentum</strong></span> <span class='ocrx_word' id='word_1_603' title='bbox 2405 3834 2639 3903; x_wconf 70' lang='lat' dir='ltr'><strong>quaeritis</strong></span> <span class='ocrx_word' id='word_1_604' title='bbox 2673 3834 2808 3903; x_wconf 82' lang='lat' dir='ltr'><strong>ejus,</strong></span> <span class='ocrx_word' id='word_1_605' title='bbox 2841 3836 2932 3907; x_wconf 86' lang='lat' dir='ltr'><strong>qui</strong></span> <span class='ocrx_word' id='word_1_606' title='bbox 2974 3838 3028 3891; x_wconf 89' lang='lat' dir='ltr'><strong>in</strong></span> <span class='ocrx_word' id='word_1_607' title='bbox 3057 3854 3137 3891; x_wconf 85' lang='lat' dir='ltr'><strong>me</strong></span> <span class='ocrx_word' id='word_1_608' title='bbox 3165 3838 3398 3910; x_wconf 83' lang='lat' dir='ltr'><strong>loquitur</strong></span> 
     </span>
    </p>
   </div>
   <div class='ocr_carea' id='block_1_83' title="bbox 1817 3915 3396 3994">
    <p class='ocr_par' dir='ltr' id='par_1_83' title="bbox 1817 3915 3396 3994">
     <span class='ocr_line' id='line_1_83' title="bbox 1817 3915 3396 3994; baseline 0.009 -26"><span class='ocrx_word' id='word_1_609' title='bbox 1817 3915 2011 3969; x_wconf 81' lang='lat' dir='ltr'><strong>Christi</strong></span> <span class='ocrx_word' id='word_1_610' title='bbox 2028 3918 2111 3971; x_wconf 71' lang='grc' dir='ltr'><strong>⁹⁶⁴ἒ</strong></span> <span class='ocrx_word' id='word_1_611' title='bbox 2139 3949 2208 3959; x_wconf 86' lang='lat'><strong>-—</strong></span> <span class='ocrx_word' id='word_1_612' title='bbox 2231 3919 2387 3977; x_wconf 80' lang='lat' dir='ltr'><strong>Nunc</strong></span> <span class='ocrx_word' id='word_1_613' title='bbox 2410 3938 2538 3994; x_wconf 89' lang='lat' dir='ltr'><strong>ergo</strong></span> <span class='ocrx_word' id='word_1_614' title='bbox 2566 3924 2904 3981; x_wconf 84' lang='lat' dir='ltr'><strong>:lmitatores</strong></span> <span class='ocrx_word' id='word_1_615' title='bbox 2934 3929 3035 3982; x_wconf 88' lang='lat' dir='ltr'><strong>mei</strong></span> <span class='ocrx_word' id='word_1_616' title='bbox 3056 3938 3235 3992; x_wconf 86' lang='lat' dir='ltr'><strong>estote,</strong></span> <span class='ocrx_word' id='word_1_617' title='bbox 3259 3929 3396 3983; x_wconf 80' lang='lat' dir='ltr'><strong>sicut</strong></span> 
     </span>
    </p>
   </div>
   <div class='ocr_carea' id='block_1_84' title="bbox 1817 4009 3396 4090">
    <p class='ocr_par' dir='ltr' id='par_1_84' title="bbox 1817 4009 3396 4090">
     <span class='ocr_line' id='line_1_84' title="bbox 1817 4009 3396 4090; baseline 0.008 -30"><span class='ocrx_word' id='word_1_618' title='bbox 1817 4018 1865 4060; x_wconf 91' lang='lat' dir='ltr'><strong>et</strong></span> <span class='ocrx_word' id='word_1_619' title='bbox 1896 4025 1987 4079; x_wconf 87' lang='lat' dir='ltr'><strong>ego</strong></span> <span class='ocrx_word' id='word_1_620' title='bbox 2019 4009 2298 4064; x_wconf 79' lang='lat' dir='ltr'><strong>Christi&quot;.</strong></span> <span class='ocrx_word' id='word_1_621' title='bbox 2330 4012 2485 4069; x_wconf 89' lang='lat' dir='ltr'><strong>Nunc</strong></span> <span class='ocrx_word' id='word_1_622' title='bbox 2525 4030 2653 4070; x_wconf 91' lang='lat' dir='ltr'><strong>vero</strong></span> <span class='ocrx_word' id='word_1_623' title='bbox 2685 4032 2911 4072; x_wconf 89' lang='lat' dir='ltr'><strong>rursus:</strong></span> <span class='ocrx_word' id='word_1_624' title='bbox 2953 4016 3153 4084; x_wconf 83' lang='lat' dir='ltr'><strong>Impleo</strong></span> <span class='ocrx_word' id='word_1_625' title='bbox 3190 4037 3252 4074; x_wconf 85' lang='lat' dir='ltr'><strong>ea</strong></span> <span class='ocrx_word' id='word_1_626' title='bbox 3279 4036 3396 4090; x_wconf 77' lang='lat' dir='ltr'><strong>qua:</strong></span> 
     </span>
    </p>
   </div>
   <div class='ocr_carea' id='block_1_85' title="bbox 1817 4102 3392 4171">
    <p class='ocr_par' dir='ltr' id='par_1_85' title="bbox 1817 4102 3392 4171">
     <span class='ocr_line' id='line_1_85' title="bbox 1817 4102 3392 4171; baseline 0.009 -20"><span class='ocrx_word' id='word_1_627' title='bbox 1817 4106 2003 4153; x_wconf 85' lang='lat' dir='ltr'><strong>desunt</strong></span> <span class='ocrx_word' id='word_1_628' title='bbox 2042 4103 2347 4171; x_wconf 86' lang='lat' dir='ltr'><strong>passionum</strong></span> <span class='ocrx_word' id='word_1_629' title='bbox 2390 4102 2585 4158; x_wconf 81' lang='lat' dir='ltr'><strong>Christi</strong></span> <span class='ocrx_word' id='word_1_630' title='bbox 2626 4107 2681 4160; x_wconf 89' lang='lat' dir='ltr'><strong>in</strong></span> <span class='ocrx_word' id='word_1_631' title='bbox 2720 4124 2879 4161; x_wconf 88' lang='lat' dir='ltr'><strong>carne</strong></span> <span class='ocrx_word' id='word_1_632' title='bbox 2924 4125 3037 4163; x_wconf 87' lang='lat' dir='ltr'><strong>mea</strong></span> <span class='ocrx_word' id='word_1_633' title='bbox 3053 4110 3119 4164; x_wconf 72' lang='grc'><strong>³⁸.</strong></span> <span class='ocrx_word' id='word_1_634' title='bbox 3150 4109 3392 4165; x_wconf 86' lang='lat' dir='ltr'><strong>Stratum</strong></span> 
     </span>
    </p>
   </div>
   <div class='ocr_carea' id='block_1_86' title="bbox 1817 4194 3395 4267">
    <p class='ocr_par' dir='ltr' id='par_1_86' title="bbox 1817 4194 3395 4267">
     <span class='ocr_line' id='line_1_86' title="bbox 1817 4194 3395 4267; baseline 0.007 -23"><span class='ocrx_word' id='word_1_635' title='bbox 1817 4200 1997 4245; x_wconf 86' lang='lat' dir='ltr'><strong>autem</strong></span> <span class='ocrx_word' id='word_1_636' title='bbox 2031 4194 2293 4263; x_wconf 84' lang='lat' dir='ltr'><strong>magistri,</strong></span> <span class='ocrx_word' id='word_1_637' title='bbox 2334 4196 2460 4265; x_wconf 84' lang='lat' dir='ltr'><strong>quia</strong></span> <span class='ocrx_word' id='word_1_638' title='bbox 2508 4198 2786 4267; x_wconf 89' lang='lat' dir='ltr'><strong>proprium</strong></span> <span class='ocrx_word' id='word_1_639' title='bbox 2829 4206 2914 4253; x_wconf 86' lang='lat' dir='ltr'><strong>est</strong></span> <span class='ocrx_word' id='word_1_640' title='bbox 2943 4199 3122 4263; x_wconf 88' lang='lat' dir='ltr'><strong>strati,</strong></span> <span class='ocrx_word' id='word_1_641' title='bbox 3154 4209 3214 4254; x_wconf 90' lang='lat' dir='ltr'><strong>ut</strong></span> <span class='ocrx_word' id='word_1_642' title='bbox 3245 4200 3300 4255; x_wconf 92' lang='lat' dir='ltr'><strong>in</strong></span> <span class='ocrx_word' id='word_1_643' title='bbox 3326 4216 3395 4255; x_wconf 90' lang='lat' dir='ltr'><strong>eo</strong></span> 
     </span>
    </p>
   </div>
   <div class='ocr_carea' id='block_1_87' title="bbox 1817 4284 3396 4363">
    <p class='ocr_par' dir='ltr' id='par_1_87' title="bbox 1817 4284 3396 4363">
     <span class='ocr_line' id='line_1_87' title="bbox 1817 4284 3396 4363; baseline 0.005 -26"><span class='ocrx_word' id='word_1_644' title='bbox 1817 4284 2119 4353; x_wconf 87' lang='lat' dir='ltr'><strong>requiescat</strong></span> <span class='ocrx_word' id='word_1_645' title='bbox 2165 4301 2445 4356; x_wconf 88' lang='lat' dir='ltr'><strong>possessor</strong></span> <span class='ocrx_word' id='word_1_646' title='bbox 2484 4289 2625 4353; x_wconf 86' lang='lat' dir='ltr'><strong>ejus,</strong></span> <span class='ocrx_word' id='word_1_647' title='bbox 2660 4290 2833 4344; x_wconf 90' lang='lat' dir='ltr'><strong>modis</strong></span> <span class='ocrx_word' id='word_1_648' title='bbox 2888 4291 3138 4346; x_wconf 82' lang='lat' dir='ltr'><strong>omnibus</strong></span> <span class='ocrx_word' id='word_1_649' title='bbox 3166 4292 3255 4347; x_wconf 90' lang='lat' dir='ltr'><strong>ille</strong></span> <span class='ocrx_word' id='word_1_650' title='bbox 3299 4308 3396 4363; x_wconf 87' lang='lat' dir='ltr'><strong>per</strong></span> 
     </span>
    </p>
   </div>
   <div class='ocr_carea' id='block_1_88' title="bbox 1819 4375 3393 4453">
    <p class='ocr_par' dir='ltr' id='par_1_88' title="bbox 1819 4375 3393 4453">
     <span class='ocr_line' id='line_1_88' title="bbox 1819 4375 3393 4453; baseline 0.006 -24"><span class='ocrx_word' id='word_1_651' title='bbox 1819 4375 1922 4429; x_wconf 91' lang='lat' dir='ltr'><strong>hoc</strong></span> <span class='ocrx_word' id='word_1_652' title='bbox 1970 4376 2269 4446; x_wconf 90' lang='lat' dir='ltr'><strong>discipulus</strong></span> <span class='ocrx_word' id='word_1_653' title='bbox 2316 4378 2639 4449; x_wconf 88' lang='lat' dir='ltr'><strong>intelligitur</strong></span> <span class='ocrx_word' id='word_1_654' title='bbox 2681 4380 2738 4435; x_wconf 89' lang='lat' dir='ltr'><strong>in</strong></span> <span class='ocrx_word' id='word_1_655' title='bbox 2771 4396 2881 4451; x_wconf 87' lang='lat' dir='ltr'><strong>quo</strong></span> <span class='ocrx_word' id='word_1_656' title='bbox 2919 4392 3142 4453; x_wconf 87' lang='lat' dir='ltr'><strong>propter</strong></span> <span class='ocrx_word' id='word_1_657' title='bbox 3170 4382 3393 4439; x_wconf 88' lang='lat' dir='ltr'><strong>nimiam</strong></span> 
     </span>
    </p>
   </div>
   <div class='ocr_carea' id='block_1_89' title="bbox 1818 4462 3394 4543">
    <p class='ocr_par' dir='ltr' id='par_1_89' title="bbox 1818 4462 3394 4543">
     <span class='ocr_line' id='line_1_89' title="bbox 1818 4462 3394 4543; baseline 0.005 -23"><span class='ocrx_word' id='word_1_658' title='bbox 1818 4462 2205 4531; x_wconf 88' lang='lat' dir='ltr'><strong>obedientiam,</strong></span> <span class='ocrx_word' id='word_1_659' title='bbox 2268 4469 2523 4541; x_wconf 89' lang='lat' dir='ltr'><strong>magister</strong></span> <span class='ocrx_word' id='word_1_660' title='bbox 2564 4471 2719 4541; x_wconf 86' lang='lat' dir='ltr'><strong>ipse,</strong></span> <span class='ocrx_word' id='word_1_661' title='bbox 2764 4482 2820 4526; x_wconf 91' lang='lat' dir='ltr'><strong>et</strong></span> <span class='ocrx_word' id='word_1_662' title='bbox 2859 4474 2979 4543; x_wconf 84' lang='lat' dir='ltr'><strong>ejus</strong></span> <span class='ocrx_word' id='word_1_663' title='bbox 3030 4474 3254 4543; x_wconf 90' lang='lat' dir='ltr'><strong>spiritus</strong></span> <span class='ocrx_word' id='word_1_664' title='bbox 3304 4490 3394 4528; x_wconf 86' lang='lat' dir='ltr'><strong>re-</strong></span> 
     </span>
    </p>
   </div>
   <div class='ocr_carea' id='block_1_90' title="bbox 185 4542 3393 4634">
    <p class='ocr_par' dir='ltr' id='par_1_90' title="bbox 185 4542 3393 4634">
     <span class='ocr_line' id='line_1_90' title="bbox 185 4542 3393 4634; baseline 0.008 -42"><span class='ocrx_word' id='word_1_665' title='bbox 185 4542 491 4603; x_wconf 81' lang='lat' dir='ltr'><strong>sustinentes.</strong></span> <span class='ocrx_word' id='word_1_666' title='bbox 529 4548 626 4605; x_wconf 84' lang='lat' dir='ltr'><strong>Vel</strong></span> <span class='ocrx_word' id='word_1_667' title='bbox 649 4549 764 4621; x_wconf 89' lang='lat' dir='ltr'><strong>ipse</strong></span> <span class='ocrx_word' id='word_1_668' title='bbox 807 4567 931 4607; x_wconf 89' lang='lat' dir='ltr'><strong>cum</strong></span> <span class='ocrx_word' id='word_1_669' title='bbox 974 4552 1047 4607; x_wconf 88' lang='lat' dir='ltr'><strong>sit</strong></span> <span class='ocrx_word' id='word_1_670' title='bbox 1076 4554 1405 4626; x_wconf 90' lang='lat' dir='ltr'><strong>impudicus,</strong></span> <span class='ocrx_word' id='word_1_671' title='bbox 1438 4564 1491 4609; x_wconf 90' lang='lat' dir='ltr'><strong>et</strong></span> <span class='ocrx_word' id='word_1_672' title='bbox 1518 4571 1715 4611; x_wconf 83' lang='lat' dir='ltr'><strong>secun-</strong></span> <span class='ocrx_word' id='word_1_673' title='bbox 1749 4564 1790 4619; x_wconf 84' lang='grc' dir='ltr'><strong>ι)</strong></span> <span class='ocrx_word' id='word_1_674' title='bbox 1818 4558 2068 4628; x_wconf 84' lang='lat' dir='ltr'><strong>quiescit.</strong></span> <span class='ocrx_word' id='word_1_675' title='bbox 2114 4561 2270 4626; x_wconf 87' lang='lat' dir='ltr'><strong>Quod</strong></span> <span class='ocrx_word' id='word_1_676' title='bbox 2321 4560 2632 4616; x_wconf 77' lang='lat' dir='ltr'><strong>manifestat</strong></span> <span class='ocrx_word' id='word_1_677' title='bbox 2672 4542 2899 4617; x_wconf 11' lang='lat' dir='ltr'><strong>Paulus,</strong></span> <span class='ocrx_word' id='word_1_678' title='bbox 2928 4579 2994 4618; x_wconf 81' lang='lat' dir='ltr'><strong>ex</strong></span> <span class='ocrx_word' id='word_1_679' title='bbox 3044 4542 3131 4619; x_wconf 81' lang='lat' dir='ltr'><strong>bis</strong></span> <span class='ocrx_word' id='word_1_680' title='bbox 3175 4579 3294 4634; x_wconf 75' lang='lat' dir='ltr'><strong>qua:</strong></span> <span class='ocrx_word' id='word_1_681' title='bbox 3324 4564 3393 4619; x_wconf 86' lang='lat' dir='ltr'><strong>ad</strong></span> 
     </span>
    </p>
   </div>
   <div class='ocr_carea' id='block_1_91' title="bbox 184 4630 1719 4715">
    <p class='ocr_par' dir='ltr' id='par_1_91' title="bbox 184 4630 1719 4715">
     <span class='ocr_line' id='line_1_91' title="bbox 184 4630 1719 4715; baseline 0.01 -28"><span class='ocrx_word' id='word_1_682' title='bbox 184 4630 283 4687; x_wconf 86' lang='lat' dir='ltr'><strong>dum</strong></span> <span class='ocrx_word' id='word_1_683' title='bbox 302 4642 535 4709; x_wconf 87' lang='lat' dir='ltr'><strong>proprias</strong></span> <span class='ocrx_word' id='word_1_684' title='bbox 565 4644 847 4713; x_wconf 87' lang='lat' dir='ltr'><strong>passiones</strong></span> <span class='ocrx_word' id='word_1_685' title='bbox 875 4645 989 4700; x_wconf 86' lang='lat' dir='ltr'><strong>sive</strong></span> <span class='ocrx_word' id='word_1_686' title='bbox 1011 4646 1484 4715; x_wconf 88' lang='lat' dir='ltr'><strong>concupiscentias</strong></span> <span class='ocrx_word' id='word_1_687' title='bbox 1512 4647 1719 4702; x_wconf 86' lang='lat' dir='ltr'><strong>doctri-</strong></span> 
     </span>
    </p>
   </div>
   <div class='ocr_carea' id='block_1_92' title="bbox 186 4729 1718 4806">
    <p class='ocr_par' dir='ltr' id='par_1_92' title="bbox 186 4729 1718 4806">
     <span class='ocr_line' id='line_1_92' title="bbox 186 4729 1718 4806; baseline 0.011 -28"><span class='ocrx_word' id='word_1_688' title='bbox 186 4738 284 4779; x_wconf 84' lang='lat' dir='ltr'><strong>nam</strong></span> <span class='ocrx_word' id='word_1_689' title='bbox 316 4729 466 4789; x_wconf 87' lang='lat' dir='ltr'><strong>ﬂuat:</strong></span> <span class='ocrx_word' id='word_1_690' title='bbox 510 4744 568 4789; x_wconf 91' lang='lat' dir='ltr'><strong>et</strong></span> <span class='ocrx_word' id='word_1_691' title='bbox 611 4737 759 4791; x_wconf 90' lang='lat' dir='ltr'><strong>verbi</strong></span> <span class='ocrx_word' id='word_1_692' title='bbox 806 4744 977 4806; x_wconf 77' lang='lat' dir='ltr'><strong>gratia</strong></span> <span class='ocrx_word' id='word_1_693' title='bbox 1012 4754 1137 4793; x_wconf 90' lang='lat' dir='ltr'><strong>cum</strong></span> <span class='ocrx_word' id='word_1_694' title='bbox 1172 4740 1242 4794; x_wconf 88' lang='lat' dir='ltr'><strong>sit</strong></span> <span class='ocrx_word' id='word_1_695' title='bbox 1265 4748 1478 4793; x_wconf 87' lang='lat' dir='ltr'><strong>amator</strong></span> <span class='ocrx_word' id='word_1_696' title='bbox 1506 4740 1718 4794; x_wconf 85' lang='lat' dir='ltr'><strong>adulte-</strong></span> 
     </span>
    </p>
   </div>
   <div class='ocr_carea' id='block_1_93' title="bbox 188 4815 1717 4898">
    <p class='ocr_par' dir='ltr' id='par_1_93' title="bbox 188 4815 1717 4898">
     <span class='ocr_line' id='line_1_93' title="bbox 188 4815 1717 4898; baseline 0.014 -32"><span class='ocrx_word' id='word_1_697' title='bbox 188 4815 255 4882; x_wconf 90' lang='lat' dir='ltr'><strong>rii,</strong></span> <span class='ocrx_word' id='word_1_698' title='bbox 282 4828 469 4894; x_wconf 84' lang='lat' dir='ltr'><strong>respuit</strong></span> <span class='ocrx_word' id='word_1_699' title='bbox 496 4838 644 4898; x_wconf 86' lang='lat' dir='ltr'><strong>quoa</strong></span> <span class='ocrx_word' id='word_1_700' title='bbox 677 4839 762 4884; x_wconf 86' lang='lat' dir='ltr'><strong>est</strong></span> <span class='ocrx_word' id='word_1_701' title='bbox 793 4831 859 4885; x_wconf 91' lang='lat' dir='ltr'><strong>de</strong></span> <span class='ocrx_word' id='word_1_702' title='bbox 889 4832 1141 4887; x_wconf 86' lang='lat' dir='ltr'><strong>castitate</strong></span> <span class='ocrx_word' id='word_1_703' title='bbox 1166 4833 1479 4886; x_wconf 88' lang='lat' dir='ltr'><strong>mandatum</strong></span> <span class='ocrx_word' id='word_1_704' title='bbox 1512 4850 1524 4887; x_wconf 91' lang='lat'><strong>:</strong></span> <span class='ocrx_word' id='word_1_705' title='bbox 1554 4833 1639 4887; x_wconf 88' lang='lat' dir='ltr'><strong>vel</strong></span> <span class='ocrx_word' id='word_1_706' title='bbox 1673 4833 1717 4887; x_wconf 93' lang='lat' dir='ltr'><strong>si</strong></span> 
     </span>
    </p>
   </div>
   <div class='ocr_carea' id='block_1_94' title="bbox 189 4920 1715 4995">
    <p class='ocr_par' dir='ltr' id='par_1_94' title="bbox 189 4920 1715 4995">
     <span class='ocr_line' id='line_1_94' title="bbox 189 4920 1715 4995; baseline 0.01 -31"><span class='ocrx_word' id='word_1_707' title='bbox 189 4920 472 4975; x_wconf 82' lang='lat' dir='ltr'><strong>comessator</strong></span> <span class='ocrx_word' id='word_1_708' title='bbox 500 4932 556 4977; x_wconf 92' lang='lat' dir='ltr'><strong>et</strong></span> <span class='ocrx_word' id='word_1_709' title='bbox 579 4930 849 4990; x_wconf 81' lang='lat' dir='ltr'><strong>ebriosus,</strong></span> <span class='ocrx_word' id='word_1_710' title='bbox 875 4922 1209 4995; x_wconf 84' lang='lat' dir='ltr'><strong>jejuniorum</strong></span> <span class='ocrx_word' id='word_1_711' title='bbox 1234 4924 1436 4995; x_wconf 85' lang='lat' dir='ltr'><strong>legem:</strong></span> <span class='ocrx_word' id='word_1_712' title='bbox 1461 4924 1546 4978; x_wconf 82' lang='lat' dir='ltr'><strong>hic</strong></span> <span class='ocrx_word' id='word_1_713' title='bbox 1566 4940 1715 4995; x_wconf 90' lang='lat' dir='ltr'><strong>ergo,</strong></span> 
     </span>
    </p>
   </div>
   <div class='ocr_carea' id='block_1_95' title="bbox 188 5000 1715 5081">
    <p class='ocr_par' dir='ltr' id='par_1_95' title="bbox 188 5000 1715 5081">
     <span class='ocr_line' id='line_1_95' title="bbox 188 5000 1715 5081; baseline 0.002 -17"><span class='ocrx_word' id='word_1_714' title='bbox 188 5000 288 5064; x_wconf 71' lang='lat' dir='ltr'><strong>quia</strong></span> <span class='ocrx_word' id='word_1_715' title='bbox 313 5012 539 5079; x_wconf 86' lang='lat' dir='ltr'><strong>magistri</strong></span> <span class='ocrx_word' id='word_1_716' title='bbox 574 5022 831 5067; x_wconf 89' lang='lat' dir='ltr'><strong>censetur</strong></span> <span class='ocrx_word' id='word_1_717' title='bbox 870 5012 1113 5078; x_wconf 90' lang='lat' dir='ltr'><strong>nomine,</strong></span> <span class='ocrx_word' id='word_1_718' title='bbox 1148 5022 1204 5067; x_wconf 92' lang='lat' dir='ltr'><strong>et</strong></span> <span class='ocrx_word' id='word_1_719' title='bbox 1238 5028 1348 5081; x_wconf 80' lang='lat' dir='ltr'><strong>non</strong></span> <span class='ocrx_word' id='word_1_720' title='bbox 1375 5029 1506 5067; x_wconf 88' lang='lat' dir='ltr'><strong>sana</strong></span> <span class='ocrx_word' id='word_1_721' title='bbox 1536 5014 1715 5076; x_wconf 86' lang='lat' dir='ltr'><strong>docet,</strong></span> 
     </span>
    </p>
   </div>
   <div class='ocr_carea' id='block_1_96' title="bbox 192 5093 1719 5176">
    <p class='ocr_par' dir='ltr' id='par_1_96' title="bbox 192 5093 1719 5176">
     <span class='ocr_line' id='line_1_96' title="bbox 192 5093 1719 5176; baseline 0.004 -24"><span class='ocrx_word' id='word_1_722' title='bbox 192 5093 266 5176; x_wconf 54' lang='lat' dir='ltr'><strong>{Sed</strong></span> <span class='ocrx_word' id='word_1_723' title='bbox 287 5105 565 5174; x_wconf 84' lang='lat' dir='ltr'><strong>corrumpit</strong></span> <span class='ocrx_word' id='word_1_724' title='bbox 594 5105 921 5170; x_wconf 86' lang='lat' dir='ltr'><strong>doctrinam,</strong></span> <span class='ocrx_word' id='word_1_725' title='bbox 951 5120 1111 5175; x_wconf 88' lang='lat' dir='ltr'><strong>quam</strong></span> <span class='ocrx_word' id='word_1_726' title='bbox 1142 5104 1370 5176; x_wconf 77' lang='lat' dir='ltr'><strong>profert,</strong></span> <span class='ocrx_word' id='word_1_727' title='bbox 1401 5121 1511 5160; x_wconf 91' lang='lat' dir='ltr'><strong>non</strong></span> <span class='ocrx_word' id='word_1_728' title='bbox 1537 5114 1719 5175; x_wconf 73' lang='lat' dir='ltr'><strong>potest</strong></span> 
     </span>
    </p>
   </div>
   <div class='ocr_carea' id='block_1_97' title="bbox 194 5174 1717 5263">
    <p class='ocr_par' dir='ltr' id='par_1_97' title="bbox 194 5174 1717 5263">
     <span class='ocr_line' id='line_1_97' title="bbox 194 5174 1717 5263; baseline 0.013 -36"><span class='ocrx_word' id='word_1_729' title='bbox 194 5174 281 5231; x_wconf 84' lang='lat' dir='ltr'><strong>Deo</strong></span> <span class='ocrx_word' id='word_1_730' title='bbox 309 5184 429 5244; x_wconf 89' lang='lat' dir='ltr'><strong>ﬁlios</strong></span> <span class='ocrx_word' id='word_1_731' title='bbox 461 5208 771 5263; x_wconf 89' lang='lat' dir='ltr'><strong>procreare,</strong></span> <span class='ocrx_word' id='word_1_732' title='bbox 830 5194 972 5248; x_wconf 88' lang='lat' dir='ltr'><strong>unde</strong></span> <span class='ocrx_word' id='word_1_733' title='bbox 1025 5205 1075 5248; x_wconf 89' lang='lat' dir='ltr'><strong>et</strong></span> <span class='ocrx_word' id='word_1_734' title='bbox 1112 5193 1435 5263; x_wconf 88' lang='lat' dir='ltr'><strong>proﬂuvium</strong></span> <span class='ocrx_word' id='word_1_735' title='bbox 1495 5194 1717 5249; x_wconf 86' lang='lat' dir='ltr'><strong>seminis</strong></span> 
     </span>
    </p>
   </div>
   <div class='ocr_carea' id='block_1_98' title="bbox 194 5271 1609 5356">
    <p class='ocr_par' dir='ltr' id='par_1_98' title="bbox 194 5271 1609 5356">
     <span class='ocr_line' id='line_1_98' title="bbox 194 5271 1609 5356; baseline 0.004 -22"><span class='ocrx_word' id='word_1_736' title='bbox 194 5271 496 5339; x_wconf 59' lang='lat' dir='ltr'><strong>Fatidicitur.</strong></span> <span class='ocrx_word' id='word_1_737' title='bbox 530 5286 701 5339; x_wconf 80' lang='lat' dir='ltr'><strong>Nimis</strong></span> <span class='ocrx_word' id='word_1_738' title='bbox 726 5301 855 5356; x_wconf 89' lang='lat' dir='ltr'><strong>ergo</strong></span> <span class='ocrx_word' id='word_1_739' title='bbox 888 5286 1283 5341; x_wconf 87' lang='lat' dir='ltr'><strong>rationabiliter</strong></span> <span class='ocrx_word' id='word_1_740' title='bbox 1318 5286 1562 5340; x_wconf 89' lang='lat' dir='ltr'><strong>subdidit</strong></span> <span class='ocrx_word' id='word_1_741' title='bbox 1596 5304 1609 5339; x_wconf 88' lang='lat'><strong>:</strong></span> 
     </span>
    </p>
   </div>
   <div class='ocr_carea' id='block_1_99' title="bbox 250 5362 1713 5448">
    <p class='ocr_par' dir='ltr' id='par_1_99' title="bbox 250 5362 1713 5448">
     <span class='ocr_line' id='line_1_99' title="bbox 250 5362 1713 5448; baseline 0.003 -23"><span class='ocrx_word' id='word_1_742' title='bbox 250 5362 408 5426; x_wconf 76' lang='lat' dir='ltr'><strong>Omnes</strong></span> <span class='ocrx_word' id='word_1_743' title='bbox 446 5378 553 5431; x_wconf 85' lang='lat' dir='ltr'><strong>dies</strong></span> <span class='ocrx_word' id='word_1_744' title='bbox 585 5377 830 5448; x_wconf 77' lang='lat' dir='ltr'><strong>proﬂuvii</strong></span> <span class='ocrx_word' id='word_1_745' title='bbox 869 5379 1099 5447; x_wconf 85' lang='lat' dir='ltr'><strong>corporis</strong></span> <span class='ocrx_word' id='word_1_746' title='bbox 1131 5378 1265 5448; x_wconf 82' lang='lat' dir='ltr'><strong>ejus,</strong></span> <span class='ocrx_word' id='word_1_747' title='bbox 1303 5380 1356 5431; x_wconf 87' lang='lat' dir='ltr'><strong>in</strong></span> <span class='ocrx_word' id='word_1_748' title='bbox 1388 5377 1571 5448; x_wconf 86' lang='lat' dir='ltr'><strong>quibus</strong></span> <span class='ocrx_word' id='word_1_749' title='bbox 1595 5394 1713 5430; x_wconf 89' lang='lat' dir='ltr'><strong>con-</strong></span> 
     </span>
    </p>
   </div>
   <div class='ocr_carea' id='block_1_100' title="bbox 198 5449 1709 5542">
    <p class='ocr_par' dir='ltr' id='par_1_100' title="bbox 198 5449 1709 5542">
     <span class='ocr_line' id='line_1_100' title="bbox 198 5449 1709 5542; baseline 0.015 -42"><span class='ocrx_word' id='word_1_750' title='bbox 198 5449 305 5508; x_wconf 80' lang='lat' dir='ltr'><strong>sistit</strong></span> <span class='ocrx_word' id='word_1_751' title='bbox 331 5478 497 5535; x_wconf 88' lang='lat' dir='ltr'><strong>corpus</strong></span> <span class='ocrx_word' id='word_1_752' title='bbox 518 5471 627 5539; x_wconf 85' lang='lat' dir='ltr'><strong>ejus</strong></span> <span class='ocrx_word' id='word_1_753' title='bbox 656 5471 707 5525; x_wconf 87' lang='lat' dir='ltr'><strong>in</strong></span> <span class='ocrx_word' id='word_1_754' title='bbox 736 5470 1073 5540; x_wconf 81' lang='lat' dir='ltr'><strong>proﬂuvium,</strong></span> <span class='ocrx_word' id='word_1_755' title='bbox 1109 5471 1444 5525; x_wconf 78' lang='lat' dir='ltr'><strong>inmunditia</strong></span> <span class='ocrx_word' id='word_1_756' title='bbox 1479 5473 1591 5542; x_wconf 87' lang='lat' dir='ltr'><strong>ejus</strong></span> <span class='ocrx_word' id='word_1_757' title='bbox 1616 5480 1709 5525; x_wconf 86' lang='lat' dir='ltr'><strong>est.</strong></span> 
     </span>
    </p>
   </div>
   <div class='ocr_carea' id='block_1_101' title="bbox 201 5540 1716 5633">
    <p class='ocr_par' dir='ltr' id='par_1_101' title="bbox 201 5540 1716 5633">
     <span class='ocr_line' id='line_1_101' title="bbox 201 5540 1716 5633; baseline 0.001 -18"><span class='ocrx_word' id='word_1_758' title='bbox 201 5540 440 5626; x_wconf 68' lang='lat' dir='ltr'><strong>Quousque</strong></span> <span class='ocrx_word' id='word_1_759' title='bbox 487 5563 631 5617; x_wconf 88' lang='lat' dir='ltr'><strong>enim</strong></span> <span class='ocrx_word' id='word_1_760' title='bbox 681 5564 759 5617; x_wconf 91' lang='lat' dir='ltr'><strong>sic</strong></span> <span class='ocrx_word' id='word_1_761' title='bbox 809 5568 989 5630; x_wconf 86' lang='lat' dir='ltr'><strong>docet,</strong></span> <span class='ocrx_word' id='word_1_762' title='bbox 1030 5573 1085 5619; x_wconf 88' lang='lat' dir='ltr'><strong>et</strong></span> <span class='ocrx_word' id='word_1_763' title='bbox 1114 5564 1389 5620; x_wconf 84' lang='lat' dir='ltr'><strong>doetorale</strong></span> <span class='ocrx_word' id='word_1_764' title='bbox 1420 5563 1716 5633; x_wconf 87' lang='lat' dir='ltr'><strong>corrumpit</strong></span> 
     </span>
    </p>
   </div>
   <div class='ocr_carea' id='block_1_102' title="bbox 1818 4646 3394 4724">
    <p class='ocr_par' dir='ltr' id='par_1_102' title="bbox 1818 4646 3394 4724">
     <span class='ocr_line' id='line_1_102' title="bbox 1818 4646 3394 4724; baseline 0.004 -23"><span class='ocrx_word' id='word_1_765' title='bbox 1818 4646 2131 4703; x_wconf 81' lang='lat' dir='ltr'><strong>Corinthios</strong></span> <span class='ocrx_word' id='word_1_766' title='bbox 2181 4649 2417 4720; x_wconf 86' lang='lat' dir='ltr'><strong>scripsit,</strong></span> <span class='ocrx_word' id='word_1_767' title='bbox 2470 4650 2698 4705; x_wconf 88' lang='lat' dir='ltr'><strong>laudans</strong></span> <span class='ocrx_word' id='word_1_768' title='bbox 2748 4667 2842 4706; x_wconf 84' lang='lat' dir='ltr'><strong>eos</strong></span> <span class='ocrx_word' id='word_1_769' title='bbox 2884 4652 3028 4724; x_wconf 88' lang='lat' dir='ltr'><strong>quod</strong></span> <span class='ocrx_word' id='word_1_770' title='bbox 3074 4653 3394 4708; x_wconf 85' lang='lat' dir='ltr'><strong>obedientes</strong></span> 
     </span>
    </p>
   </div>
   <div class='ocr_carea' id='block_1_103' title="bbox 1820 4741 3393 4815">
    <p class='ocr_par' dir='ltr' id='par_1_103' title="bbox 1820 4741 3393 4815">
     <span class='ocr_line' id='line_1_103' title="bbox 1820 4741 3393 4815; baseline 0 -18"><span class='ocrx_word' id='word_1_771' title='bbox 1820 4743 2143 4813; x_wconf 85' lang='lat' dir='ltr'><strong>semetipsos</strong></span> <span class='ocrx_word' id='word_1_772' title='bbox 2190 4741 2312 4798; x_wconf 83' lang='lat' dir='ltr'><strong>Tito</strong></span> <span class='ocrx_word' id='word_1_773' title='bbox 2359 4745 2745 4815; x_wconf 70' lang='lat' dir='ltr'><strong>praebuerunt:</strong></span> <span class='ocrx_word' id='word_1_774' title='bbox 2801 4745 3164 4799; x_wconf 81' lang='lat' dir='ltr'><strong>Abundantius</strong></span> <span class='ocrx_word' id='word_1_775' title='bbox 3214 4753 3393 4799; x_wconf 84' lang='lat' dir='ltr'><strong>autem</strong></span> 
     </span>
    </p>
   </div>
   <div class='ocr_carea' id='block_1_104' title="bbox 1820 4834 3391 4906">
    <p class='ocr_par' dir='ltr' id='par_1_104' title="bbox 1820 4834 3391 4906">
     <span class='ocr_line' id='line_1_104' title="bbox 1820 4834 3391 4906; baseline 0.001 -17"><span class='ocrx_word' id='word_1_776' title='bbox 1820 4835 1984 4906; x_wconf 82' lang='lat' dir='ltr'><strong>gavisi</strong></span> <span class='ocrx_word' id='word_1_777' title='bbox 2013 4852 2192 4889; x_wconf 85' lang='lat' dir='ltr'><strong>sumus</strong></span> <span class='ocrx_word' id='word_1_778' title='bbox 2232 4836 2286 4888; x_wconf 89' lang='lat' dir='ltr'><strong>in</strong></span> <span class='ocrx_word' id='word_1_779' title='bbox 2332 4837 2524 4905; x_wconf 85' lang='lat' dir='ltr'><strong>gaudio</strong></span> <span class='ocrx_word' id='word_1_780' title='bbox 2571 4834 2695 4899; x_wconf 89' lang='lat' dir='ltr'><strong>Titi,</strong></span> <span class='ocrx_word' id='word_1_781' title='bbox 2732 4836 2856 4905; x_wconf 86' lang='lat' dir='ltr'><strong>quia</strong></span> <span class='ocrx_word' id='word_1_782' title='bbox 2898 4836 3148 4905; x_wconf 84' lang='lat' dir='ltr'><strong>requievit</strong></span> <span class='ocrx_word' id='word_1_783' title='bbox 3175 4837 3391 4905; x_wconf 83' lang='lat' dir='ltr'><strong>spiritus</strong></span> 
     </span>
    </p>
   </div>
   <div class='ocr_carea' id='block_1_105' title="bbox 1820 4920 3390 4993">
    <p class='ocr_par' dir='ltr' id='par_1_105' title="bbox 1820 4920 3390 4993">
     <span class='ocr_line' id='line_1_105' title="bbox 1820 4920 3390 4993; baseline -0.002 -16"><span class='ocrx_word' id='word_1_784' title='bbox 1820 4924 1934 4993; x_wconf 83' lang='lat' dir='ltr'><strong>ejus</strong></span> <span class='ocrx_word' id='word_1_785' title='bbox 1970 4924 2023 4977; x_wconf 87' lang='lat' dir='ltr'><strong>in</strong></span> <span class='ocrx_word' id='word_1_786' title='bbox 2065 4923 2301 4979; x_wconf 81' lang='lat' dir='ltr'><strong>omnibus</strong></span> <span class='ocrx_word' id='word_1_787' title='bbox 2331 4923 2559 4978; x_wconf 74' lang='lat' dir='ltr'><strong>vobis”.</strong></span> <span class='ocrx_word' id='word_1_788' title='bbox 2593 4920 2793 4976; x_wconf 86' lang='lat' dir='ltr'><strong>Eorum</strong></span> <span class='ocrx_word' id='word_1_789' title='bbox 2834 4936 2965 4992; x_wconf 90' lang='lat' dir='ltr'><strong>ergo</strong></span> <span class='ocrx_word' id='word_1_790' title='bbox 2994 4921 3083 4990; x_wconf 87' lang='lat' dir='ltr'><strong>qui</strong></span> <span class='ocrx_word' id='word_1_791' title='bbox 3118 4921 3390 4992; x_wconf 87' lang='lat' dir='ltr'><strong>impudica</strong></span> 
     </span>
    </p>
   </div>
   <div class='ocr_carea' id='block_1_106' title="bbox 1820 5012 3392 5085">
    <p class='ocr_par' dir='ltr' id='par_1_106' title="bbox 1820 5012 3392 5085">
     <span class='ocr_line' id='line_1_106' title="bbox 1820 5012 3392 5085; baseline 0.001 -17"><span class='ocrx_word' id='word_1_792' title='bbox 1820 5016 2033 5073; x_wconf 83' lang='lat' dir='ltr'><strong>docent.</strong></span> <span class='ocrx_word' id='word_1_793' title='bbox 2071 5021 2126 5067; x_wconf 92' lang='lat' dir='ltr'><strong>et</strong></span> <span class='ocrx_word' id='word_1_794' title='bbox 2165 5013 2399 5067; x_wconf 90' lang='lat' dir='ltr'><strong>ﬁliorum</strong></span> <span class='ocrx_word' id='word_1_795' title='bbox 2430 5012 2792 5082; x_wconf 89' lang='lat' dir='ltr'><strong>procreationi</strong></span> <span class='ocrx_word' id='word_1_796' title='bbox 2826 5015 3229 5077; x_wconf 85' lang='lat' dir='ltr'><strong>contradicunt,</strong></span> <span class='ocrx_word' id='word_1_797' title='bbox 3257 5014 3392 5085; x_wconf 83' lang='lat' dir='ltr'><strong>legi-</strong></span> 
     </span>
    </p>
   </div>
   <div class='ocr_carea' id='block_1_107' title="bbox 1819 5102 3393 5173">
    <p class='ocr_par' dir='ltr' id='par_1_107' title="bbox 1819 5102 3393 5173">
     <span class='ocr_line' id='line_1_107' title="bbox 1819 5102 3393 5173; baseline 0.001 -14"><span class='ocrx_word' id='word_1_798' title='bbox 1819 5106 2083 5172; x_wconf 76' lang='lat' dir='ltr'><strong>tirnasque</strong></span> <span class='ocrx_word' id='word_1_799' title='bbox 2130 5111 2396 5173; x_wconf 90' lang='lat' dir='ltr'><strong>respuunt</strong></span> <span class='ocrx_word' id='word_1_800' title='bbox 2444 5103 2684 5172; x_wconf 87' lang='lat' dir='ltr'><strong>nuptias,</strong></span> <span class='ocrx_word' id='word_1_801' title='bbox 2714 5111 2775 5157; x_wconf 90' lang='lat' dir='ltr'><strong>ut</strong></span> <span class='ocrx_word' id='word_1_802' title='bbox 2804 5119 2902 5173; x_wconf 87' lang='lat' dir='ltr'><strong>per</strong></span> <span class='ocrx_word' id='word_1_803' title='bbox 2930 5103 3035 5158; x_wconf 88' lang='lat' dir='ltr'><strong>hoc</strong></span> <span class='ocrx_word' id='word_1_804' title='bbox 3074 5102 3393 5161; x_wconf 78' lang='lat' dir='ltr'><strong>fornicatio-</strong></span> 
     </span>
    </p>
   </div>
   <div class='ocr_carea' id='block_1_108' title="bbox 1818 5192 3394 5265">
    <p class='ocr_par' dir='ltr' id='par_1_108' title="bbox 1818 5192 3394 5265">
     <span class='ocr_line' id='line_1_108' title="bbox 1818 5192 3394 5265; baseline -0.002 -15"><span class='ocrx_word' id='word_1_805' title='bbox 1818 5211 1942 5250; x_wconf 89' lang='lat' dir='ltr'><strong>nem</strong></span> <span class='ocrx_word' id='word_1_806' title='bbox 1969 5195 2337 5259; x_wconf 78' lang='lat' dir='ltr'><strong>introducunt,</strong></span> <span class='ocrx_word' id='word_1_807' title='bbox 2374 5205 2598 5265; x_wconf 89' lang='lat' dir='ltr'><strong>propter</strong></span> <span class='ocrx_word' id='word_1_808' title='bbox 2632 5194 2775 5265; x_wconf 92' lang='lat' dir='ltr'><strong>quod</strong></span> <span class='ocrx_word' id='word_1_809' title='bbox 2818 5203 2872 5248; x_wconf 90' lang='lat' dir='ltr'><strong>ct</strong></span> <span class='ocrx_word' id='word_1_810' title='bbox 2896 5192 3097 5248; x_wconf 83' lang='lat' dir='ltr'><strong>ﬂuxum</strong></span> <span class='ocrx_word' id='word_1_811' title='bbox 3126 5194 3394 5264; x_wconf 82' lang='lat' dir='ltr'><strong>patientes</strong></span> 
     </span>
    </p>
   </div>
   <div class='ocr_carea' id='block_1_109' title="bbox 1818 5284 3395 5357">
    <p class='ocr_par' dir='ltr' id='par_1_109' title="bbox 1818 5284 3395 5357">
     <span class='ocr_line' id='line_1_109' title="bbox 1818 5284 3395 5357; baseline 0 -16"><span class='ocrx_word' id='word_1_812' title='bbox 1818 5287 2041 5341; x_wconf 88' lang='lat' dir='ltr'><strong>seminis</strong></span> <span class='ocrx_word' id='word_1_813' title='bbox 2064 5286 2338 5349; x_wconf 91' lang='lat' dir='ltr'><strong>dicuntur,</strong></span> <span class='ocrx_word' id='word_1_814' title='bbox 2370 5292 2555 5354; x_wconf 89' lang='lat' dir='ltr'><strong>utpote</strong></span> <span class='ocrx_word' id='word_1_815' title='bbox 2594 5284 2824 5355; x_wconf 85' lang='lat' dir='ltr'><strong>genitale</strong></span> <span class='ocrx_word' id='word_1_816' title='bbox 2857 5300 3066 5348; x_wconf 87' lang='lat' dir='ltr'><strong>semen,</strong></span> <span class='ocrx_word' id='word_1_817' title='bbox 3095 5297 3147 5341; x_wconf 89' lang='lat' dir='ltr'><strong>et</strong></span> <span class='ocrx_word' id='word_1_818' title='bbox 3175 5287 3395 5357; x_wconf 82' lang='lat' dir='ltr'><strong>nuptia—</strong></span> 
     </span>
    </p>
   </div>
   <div class='ocr_carea' id='block_1_110' title="bbox 1822 5377 3394 5450">
    <p class='ocr_par' dir='ltr' id='par_1_110' title="bbox 1822 5377 3394 5450">
     <span class='ocr_line' id='line_1_110' title="bbox 1822 5377 3394 5450; baseline -0.001 -16"><span class='ocrx_word' id='word_1_819' title='bbox 1822 5396 1940 5434; x_wconf 88' lang='lat' dir='ltr'><strong>rum</strong></span> <span class='ocrx_word' id='word_1_820' title='bbox 1974 5380 2143 5450; x_wconf 88' lang='lat' dir='ltr'><strong>legem</strong></span> <span class='ocrx_word' id='word_1_821' title='bbox 2173 5385 2603 5448; x_wconf 88' lang='lat' dir='ltr'><strong>corrumpentes,</strong></span> <span class='ocrx_word' id='word_1_822' title='bbox 2638 5377 2706 5432; x_wconf 90' lang='lat' dir='ltr'><strong>de</strong></span> <span class='ocrx_word' id='word_1_823' title='bbox 2765 5377 2962 5446; x_wconf 90' lang='lat' dir='ltr'><strong>quibus</strong></span> <span class='ocrx_word' id='word_1_824' title='bbox 2993 5377 3188 5432; x_wconf 79' lang='lat' dir='ltr'><strong>Paulus</strong></span> <span class='ocrx_word' id='word_1_825' title='bbox 3241 5378 3394 5433; x_wconf 88' lang='lat' dir='ltr'><strong>dice-</strong></span> 
     </span>
    </p>
   </div>
   <div class='ocr_carea' id='block_1_111' title="bbox 1820 5462 3393 5535">
    <p class='ocr_par' dir='ltr' id='par_1_111' title="bbox 1820 5462 3393 5535">
     <span class='ocr_line' id='line_1_111' title="bbox 1820 5462 3393 5535; baseline -0.005 -11"><span class='ocrx_word' id='word_1_826' title='bbox 1820 5470 1915 5524; x_wconf 89' lang='lat' dir='ltr'><strong>bat</strong></span> <span class='ocrx_word' id='word_1_827' title='bbox 1944 5488 1957 5523; x_wconf 90' lang='lat'><strong>:</strong></span> <span class='ocrx_word' id='word_1_828' title='bbox 1992 5467 2130 5534; x_wconf 85' lang='lat' dir='ltr'><strong>Quia</strong></span> <span class='ocrx_word' id='word_1_829' title='bbox 2166 5468 2220 5521; x_wconf 89' lang='lat' dir='ltr'><strong>in</strong></span> <span class='ocrx_word' id='word_1_830' title='bbox 2254 5466 2545 5522; x_wconf 86' lang='lat' dir='ltr'><strong>novissimis</strong></span> <span class='ocrx_word' id='word_1_831' title='bbox 2571 5465 2892 5535; x_wconf 71' lang='lat' dir='ltr'><strong>(corporibus</strong></span> <span class='ocrx_word' id='word_1_832' title='bbox 2919 5466 3154 5520; x_wconf 88' lang='lat' dir='ltr'><strong>recedent</strong></span> <span class='ocrx_word' id='word_1_833' title='bbox 3178 5462 3393 5535; x_wconf 87' lang='lat' dir='ltr'><strong>quidam</strong></span> 
     </span>
    </p>
   </div>
   <div class='ocr_carea' id='block_1_112' title="bbox 1823 5552 3397 5631">
    <p class='ocr_par' dir='ltr' id='par_1_112' title="bbox 1823 5552 3397 5631">
     <span class='ocr_line' id='line_1_112' title="bbox 1823 5552 3397 5631; baseline -0.007 -16"><span class='ocrx_word' id='word_1_834' title='bbox 1823 5579 1855 5615; x_wconf 90' lang='lat' dir='ltr'><strong>a</strong></span> <span class='ocrx_word' id='word_1_835' title='bbox 1890 5561 2013 5631; x_wconf 81' lang='lat' dir='ltr'><strong>ﬁde,</strong></span> <span class='ocrx_word' id='word_1_836' title='bbox 2051 5560 2376 5614; x_wconf 86' lang='lat' dir='ltr'><strong>attendentes</strong></span> <span class='ocrx_word' id='word_1_837' title='bbox 2398 5557 2667 5628; x_wconf 87' lang='lat' dir='ltr'><strong>spiritibus</strong></span> <span class='ocrx_word' id='word_1_838' title='bbox 2701 5556 2913 5619; x_wconf 85' lang='lat' dir='ltr'><strong>erroris,</strong></span> <span class='ocrx_word' id='word_1_839' title='bbox 2945 5563 2994 5609; x_wconf 90' lang='lat' dir='ltr'><strong>et</strong></span> <span class='ocrx_word' id='word_1_840' title='bbox 3015 5554 3262 5608; x_wconf 87' lang='lat' dir='ltr'><strong>doctrinis</strong></span> <span class='ocrx_word' id='word_1_841' title='bbox 3288 5552 3397 5606; x_wconf 49' lang='lat' dir='ltr'><strong>dte?</strong></span> 
     </span>
    </p>
   </div>
   <div class='ocr_carea' id='block_1_113' title="bbox 258 5752 1716 5832">
    <p class='ocr_par' dir='ltr' id='par_1_113' title="bbox 258 5753 1713 5832">
     <span class='ocr_line' id='line_1_113' title="bbox 258 5753 1713 5832; baseline 0.003 -13"><span class='ocrx_word' id='word_1_842' title='bbox 258 5753 491 5832; x_wconf 61' lang='lat' dir='ltr'><strong>&quot;£0loss.</strong></span> <span class='ocrx_word' id='word_1_843' title='bbox 520 5784 583 5826; x_wconf 85' lang='grc' dir='ltr'><strong>ιι.</strong></span> <span class='ocrx_word' id='word_1_844' title='bbox 612 5767 677 5822; x_wconf 77' lang='lat' dir='ltr'><strong>l8</strong></span> <span class='ocrx_word' id='word_1_845' title='bbox 704 5809 718 5831; x_wconf 95' lang='lat'><strong>,</strong></span> <span class='ocrx_word' id='word_1_846' title='bbox 757 5769 841 5823; x_wconf 84' lang='grc'><strong>19.</strong></span> <span class='ocrx_word' id='word_1_847' title='bbox 920 5771 965 5803; x_wconf 77' lang='grc' dir='ltr'>θ’</span> <span class='ocrx_word' id='word_1_848' title='bbox 993 5769 1164 5825; x_wconf 86' lang='lat' dir='ltr'><strong>Galat.</strong></span> <span class='ocrx_word' id='word_1_849' title='bbox 1201 5787 1238 5831; x_wconf 88' lang='grc' dir='ltr'><strong>ι.</strong></span> <span class='ocrx_word' id='word_1_850' title='bbox 1267 5771 1317 5825; x_wconf 93' lang='grc'><strong>8.</strong></span> <span class='ocrx_word' id='word_1_851' title='bbox 1394 5770 1438 5801; x_wconf 71' lang='grc'><strong>⁸⁸</strong></span> <span class='ocrx_word' id='word_1_852' title='bbox 1462 5770 1503 5824; x_wconf 90' lang='lat' dir='ltr'><strong>ll</strong></span> <span class='ocrx_word' id='word_1_853' title='bbox 1535 5768 1713 5824; x_wconf 89' lang='lat' dir='ltr'><strong>Timot</strong></span> 
     </span>
    </p>
   </div>
   <div class='ocr_carea' id='block_1_114' title="bbox 1822 5752 3392 5832">
    <p class='ocr_par' dir='ltr' id='par_1_114' title="bbox 1825 5752 3392 5832">
     <span class='ocr_line' id='line_1_114' title="bbox 1825 5752 3392 5832; baseline -0.01 -11"><span class='ocrx_word' id='word_1_854' title='bbox 1825 5784 1878 5832; x_wconf 86' lang='lat' dir='ltr'><strong>v,</strong></span> <span class='ocrx_word' id='word_1_855' title='bbox 1904 5769 1955 5823; x_wconf 72' lang='lat'><strong>3.</strong></span> <span class='ocrx_word' id='word_1_856' title='bbox 2034 5766 2079 5802; x_wconf 76' lang='grc'><strong>³⁸</strong></span> <span class='ocrx_word' id='word_1_857' title='bbox 2103 5765 2264 5821; x_wconf 89' lang='lat' dir='ltr'><strong>Prov.</strong></span> <span class='ocrx_word' id='word_1_858' title='bbox 2292 5778 2346 5825; x_wconf 70' lang='grc' dir='ltr'><strong>ι,</strong></span> <span class='ocrx_word' id='word_1_859' title='bbox 2376 5762 2461 5817; x_wconf 83' lang='lat' dir='ltr'><strong>l9.</strong></span> <span class='ocrx_word' id='word_1_860' title='bbox 2493 5830 2504 5832; x_wconf 25' lang='grc' dir='ltr'><strong>Α</strong></span> <span class='ocrx_word' id='word_1_861' title='bbox 2533 5762 2579 5795; x_wconf 78' lang='grc'><strong>’³</strong></span> <span class='ocrx_word' id='word_1_862' title='bbox 2600 5756 2834 5832; x_wconf 83' lang='lat' dir='ltr'><strong>Philipp.</strong></span> <span class='ocrx_word' id='word_1_863' title='bbox 2858 5774 2896 5823; x_wconf 81' lang='grc' dir='ltr'><strong>ι,</strong></span> <span class='ocrx_word' id='word_1_864' title='bbox 2928 5756 3101 5812; x_wconf 64' lang='grc'><strong>1547.</strong></span> <span class='ocrx_word' id='word_1_865' title='bbox 3176 5754 3237 5786; x_wconf 80' lang='grc'><strong><em>⁵⁸⁸</em></strong></span> <span class='ocrx_word' id='word_1_866' title='bbox 3269 5752 3392 5807; x_wconf 82' lang='lat' dir='ltr'><strong>Act.</strong></span> 
     </span>
    </p>
   </div>
   <div class='ocr_carea' id='block_1_115' title="bbox 207 5827 963 5905">
    <p class='ocr_par' dir='ltr' id='par_1_115' title="bbox 207 5827 963 5905">
     <span class='ocr_line' id='line_1_115' title="bbox 207 5827 963 5905; baseline 0.013 -23"><span class='ocrx_word' id='word_1_867' title='bbox 207 5832 266 5886; x_wconf 78' lang='grc' dir='ltr'><strong>ιι,</strong></span> <span class='ocrx_word' id='word_1_868' title='bbox 295 5827 363 5885; x_wconf 79' lang='lat' dir='ltr'><strong>l5.</strong></span> <span class='ocrx_word' id='word_1_869' title='bbox 460 5839 502 5870; x_wconf 82' lang='lat'>“</span> <span class='ocrx_word' id='word_1_870' title='bbox 534 5838 578 5892; x_wconf 88' lang='lat' dir='ltr'><strong>ll</strong></span> <span class='ocrx_word' id='word_1_871' title='bbox 608 5827 886 5905; x_wconf 32' lang='lat' dir='ltr'><strong>Corano,</strong></span> <span class='ocrx_word' id='word_1_872' title='bbox 910 5842 963 5894; x_wconf 81' lang='lat'><strong>3.</strong></span> 
     </span>
    </p>
   </div>
   <div class='ocr_carea' id='block_1_116' title="bbox 367 5925 1025 5993">
    <p class='ocr_par' dir='ltr' id='par_1_116' title="bbox 367 5925 1025 5993">
     <span class='ocr_line' id='line_1_116' title="bbox 367 5925 1025 5993; baseline 0.006 -4"><span class='ocrx_word' id='word_1_873' title='bbox 367 5925 619 5993; x_wconf 63' lang='lat' dir='ltr'><strong>Panos.</strong></span> <span class='ocrx_word' id='word_1_874' title='bbox 664 5932 778 5992; x_wconf 78' lang='lat' dir='ltr'><strong>Gn.</strong></span> <span class='ocrx_word' id='word_1_875' title='bbox 824 5933 1025 5993; x_wconf 75' lang='lat' dir='ltr'><strong>XCIII.</strong></span> 
     </span>
    </p>
   </div>
   <div class='ocr_carea' id='block_1_117' title="bbox 1071 5836 2201 5918">
    <p class='ocr_par' dir='ltr' id='par_1_117' title="bbox 1071 5836 2201 5918">
     <span class='ocr_line' id='line_1_117' title="bbox 1071 5836 2201 5918; baseline 0 -25"><span class='ocrx_word' id='word_1_876' title='bbox 1071 5842 1115 5873; x_wconf 86' lang='lat'>&quot;</span> <span class='ocrx_word' id='word_1_877' title='bbox 1143 5840 1357 5911; x_wconf 78' lang='lat' dir='ltr'><strong>Philipp</strong></span> <span class='ocrx_word' id='word_1_878' title='bbox 1413 5856 1495 5907; x_wconf 81' lang='lat' dir='ltr'><strong>nt,</strong></span> <span class='ocrx_word' id='word_1_879' title='bbox 1532 5842 1616 5894; x_wconf 86' lang='lat' dir='ltr'><strong>I7.</strong></span> <span class='ocrx_word' id='word_1_880' title='bbox 1696 5838 1777 5918; x_wconf 33' lang='lat'><strong>.&quot;</strong></span> <span class='ocrx_word' id='word_1_881' title='bbox 1807 5838 2016 5894; x_wconf 88' lang='lat' dir='ltr'><strong>Coloss.</strong></span> <span class='ocrx_word' id='word_1_882' title='bbox 2044 5852 2083 5906; x_wconf 71' lang='grc' dir='ltr'><strong>ι,</strong></span> <span class='ocrx_word' id='word_1_883' title='bbox 2110 5836 2201 5893; x_wconf 75' lang='grc'><strong>24.</strong></span> 
     </span>
    </p>
   </div>
   <div class='ocr_carea' id='block_1_118' title="bbox 2317 5830 3072 5981">
    <p class='ocr_par' dir='ltr' id='par_1_118' title="bbox 2317 5830 3072 5981">
     <span class='ocr_line' id='line_1_118' title="bbox 2317 5830 3072 5981; baseline 0.001 -95"><span class='ocrx_word' id='word_1_884' title='bbox 2317 5835 2362 5866; x_wconf 80' lang='grc'><strong>⁸⁹</strong></span> <span class='ocrx_word' id='word_1_885' title='bbox 2394 5833 2438 5887; x_wconf 91' lang='lat' dir='ltr'><strong>ll</strong></span> <span class='ocrx_word' id='word_1_886' title='bbox 2478 5830 2603 5888; x_wconf 90' lang='lat' dir='ltr'><strong>Cor.</strong></span> <span class='ocrx_word' id='word_1_887' title='bbox 2630 5845 2727 5894; x_wconf 88' lang='lat' dir='ltr'><strong>vn,</strong></span> <span class='ocrx_word' id='word_1_888' title='bbox 2756 5831 2841 5885; x_wconf 73' lang='lat' dir='ltr'><strong>l5.</strong></span> <span class='ocrx_word' id='word_1_889' title='bbox 3005 5918 3072 5981; x_wconf 66' lang='lat'><strong>31</strong></span> 
     </span>
    </p>
   </div>
  </div>
