3946 6402
558 407 657 474 971

1614 478 1645 489 δ.

1748 375 2111 444 llESYCllll
2165 373 2636 434 l’liESBY'l‘Elll

3728 391 3813 455 972

558 531 850 590 moniornrn
897 524 952 579 in
995 517 1280 592 hypocrisi,
1317 512 1665 568 canteriutum
1717 510 1962 566 trahentes
2008 526 2133 565 con-
2164 512 2207 572 Α
2307 506 2648 567 Generaliter
2674 502 2849 560 salix“
2874 519 2982 558 ιιοη
3026 503 3189 559 licere
3218 503 3358 576 ωηεί
3411 503 3643 559 “udum
3671 506 3817 575 Ιιῐιίο·

556 622 853 684 scientiam,
902 615 1227 685 prohibentes
1282 612 1490 670 nubere,
1533 613 1579 656 et
1621 602 1888 655 abstinere
1935 617 1966 652 a
1997 600 2148 659 cibis,

559 731 675 789 qua:
710 714 843 767 Deus
893 707 1089 763 creavit
1133 708 1202 758 ad
1230 695 1691 771 percipiendum‘,
1752 700 1981 747 stratum
2026 689 2148 759 qui-

558 784 705 875 dem,
746 815 803 862 et
843 818 936 860 vas
986 799 1287 857 secundum
1338 791 1661 865 praedictum
1692 791 1914 843 modum
1952 784 2147 839 ﬁuunt.

558 903 883 972 Quicunque
908 897 962 952 in
983 904 1192 951 tantum
1224 885 1487 944 immundi
1525 892 1674 947 sunt,
1704 890 1762 936 ut
1785 895 1887 935 nec
1918 877 2149 933 munda-

561 1001 766 1055 lienem
791 1007 978 1051 eorum
1027 987 1352 1061 praeciperet
1380 981 1696 1052 legislator:
1747 977 1851 1032 scit
1884 976 2028 1030 enim
2056 988 2151 1029 eos

559 1094 632 1149 ita
662 1090 853 1147 morbo
898 1084 1143 1148 allectos,
1185 1089 1245 1135 ut
1276 1074 1661 1149 paenitentiam
1706 1085 1867 1142 agere
1914 1068 2149 1122 nullate-

559 1202 666 1241 nus
693 1180 947 1254 possint:
1006 1190 1114 1231 non
1143 1172 1291 1229 enim
1328 1185 1396 1224 ex
1445 1165 1751 1239 ignorantia
1802 1164 1858 1217 in
1920 1159 2013 1215 tali
2049 1159 2150 1215 do-

558 1251 753 1337 ctrina,
796 1270 893 1325 sed
953 1281 1117 1338 prava
1164 1260 1491 1319 habitudine
1523 1256 1740 1320 infecti,
1772 1256 1829 1309 in
1855 1251 2150 1323 impudicis

559 1365 826 1435 corrupti,
861 1377 959 1417 seu
1006 1356 1252 1415 dissoluti
1282 1364 1410 1410 sunt
1452 1351 1633 1408 verbis
1663 1368 1677 1404 :
1724 1349 1868 1403 unde
1903 1347 2060 1401 etiam
2092 1347 2149 1401 in

561 1469 775 1515 tantum
804 1457 1036 1511 libenter
1062 1450 1110 1505 ei
1133 1449 1502 1504 adhaeserunt.
1524 1443 1583 1499 Si
1606 1451 1786 1497 autem
1814 1440 1930 1511 quis
1963 1439 2149 1507 tetigeo

563 1556 634 1609 rit
665 1550 911 1607 lectulum
942 1547 1077 1616 ejus,
1104 1544 1156 1599 id
1189 1552 1273 1598 est
1302 1541 1344 1596 si
1374 1537 1651 1609 particeps
1684 1534 1869 1599 luerit,
1899 1547 2150 1600 sumpse-

558 1649 737 1717 ritque
768 1644 836 1699 de
877 1639 1125 1697 doctrina
1156 1636 1298 1706 ejus,
1330 1642 1387 1688 et
1423 1645 1534 1684 non
1585 1625 1854 1682 insederit
1883 1622 2148 1695 dogmati-

556 1715 662 1795 bus
696 1738 818 1809 ejus
834 1734 926 1806 qui
947 1747 1112 1804 prava
1137 1730 1298 1785 docet
1322 1740 1387 1780 ac
1417 1721 1659 1785 sordida,
1686 1718 1999 1789 iniquorum
2027 1715 2148 1786 ejus

557 1808 851 1891 verborum
876 1822 1174 1895 discipulus
1195 1819 1421 1877 exsistit.
1445 1814 1550 1872 Sed
1574 1811 1964 1883 discipulorum
1981 1808 2147 1873 illius,

560 1926 663 1998 ipsi
701 1922 969 1994 siquidem
1027 1926 1159 1974 sunt
1206 1916 1329 1985 ejus
1392 1925 1522 1968 vasa
1590 1916 1647 1963 et
1728 1913 1994 1969 stratum,
2055 1902 2149 1972 qui

561 1996 716 2074 audit
740 2030 857 2080 eos,
884 2012 1001 2085 ipse
1040 2021 1258 2080 quoque
1284 2001 1605 2061 immundus
1634 2007 1736 2055 est.
1766 1996 1940 2051 Lavat
1973 2004 2156 2050 tamen

558 2107 886 2162 vestimenta
908 2084 1012 2156 sua
1044 2114 1141 2170 per
1185 2092 1589 2168 pmnitentiam,
1634 2089 1777 2145 sicut
1814 2101 1960 2158 saepe
2012 2084 2155 2142 dixi~

563 2213 708 2262 mus,
761 2205 816 2253 et
845 2197 964 2267 ipse
996 2194 1142 2249 lotus
1184 2202 1326 2259 aqua
1349 2186 1717 2257 lacrymarum
1757 2181 1844 2235 vel
1874 2177 2152 2249 baptismi,

562 2289 880 2346 immundus
941 2286 1047 2344 erit
1094 2296 1270 2354 usque
1318 2280 1387 2335 ad
1459 2289 1791 2347 vesperum;
1847 2271 2154 2342 usquedum

561 2396 781 2456 tempus
830 2379 1101 2452 compleat
1138 2372 1498 2449 poenitentiae.
1530 2369 1706 2441 llujus
1742 2367 1889 2423 enim
1922 2365 2153 2437 ﬁguram

561 2490 853 2548 vesperum
896 2474 952 2528 in
980 2470 1167 2528 multis
1195 2468 1357 2543 gerit,
1399 2474 1455 2520 et
1484 2463 1745 2525 maxime,
1771 2459 1898 2530 quia
1924 2459 1979 2513 in
2009 2474 2150 2514 con-

560 2568 933 2626 summatione
977 2565 1326 2626 saeculorum,
1361 2559 1416 2615 id
1472 2566 1578 2622 est,
1636 2568 1834 2611 occasu
1870 2549 2156 2622 praesentis

561 2663 769 2730 saeculi,
799 2659 1053 2718 Christus
1082 2656 1241 2712 nobis
1267 2651 1585 2726 praedicavit
1605 2644 2009 2720 penitentiam.

630 2754 798 2810 Vens.
829 2755 883 2820 Ἰ,
919 2752 975 2809 8.
1011 2769 1031 2804 ί
1075 2749 1179 2821 Qui
1231 2746 1472 2818 tetigerit
1498 2756 1720 2800 carnem
1767 2738 1909 2807 ejus,
1954 2733 2157 2791 lavabit

561 2849 887 2906 vestimenta
943 2859 1063 2910 sua,
1102 2851 1161 2897 et
1190 2841 1309 2912 ipse
1348 2839 1496 2893 lotus
1547 2849 1686 2904 aqua
1711 2828 2027 2887 immundus
2050 2827 2156 2882 erit

560 2955 737 3013 usque
789 2939 855 2993 ad
910 2949 1223 3006 vesperum.
1254 2931 1310 2986 Si
1355 2929 1582 2985 salivam
1633 2921 1947 2995 hujusmodi
1992 2920 2155 2975 homo

556 3010 753 3106 jecerlt
793 3044 959 3101 super
990 3042 1117 3083 eum
1150 3023 1245 3095 qui
1292 3020 1535 3077 mundus
1569 3024 1692 3082 est,
1739 3013 1943 3069 lavahit
1986 3010 2154 3106 vesti:

561 3098 745 3181 intenta
774 3098 894 3187 sua,
926 3127 983 3175 et
1013 3117 1159 3174 lotus
1194 3128 1359 3185 aqua,
1392 3107 1711 3167 immundus
1738 3106 1846 3160 erit
1889 3117 2061 3174 usque
2084 3098 2151 3155 ad

561 3230 873 3288 vesperum.
909 3234 928 3268 ο

632 3285 769 3364 Eum
797 3304 1056 3363 videlicet
1079 3300 1174 3372 qui
1203 3297 1262 3353 lit
1301 3295 1575 3368 particeps
1604 3288 1891 3355 doctrinae,
1920 3285 2151 3359 profana

559 3400 828 3465 docentis,
861 3394 1202 3452 immundum
1242 3406 1365 3446 esse
1406 3403 1580 3457 usque
1625 3385 1755 3440 dum
1792 3382 2151 3451 semetipsum

559 3491 730 3546 diluat
767 3503 867 3559 per
903 3483 1306 3557 paenitentiam,
1338 3495 1459 3535 eam
1503 3491 1667 3547 quam
1695 3474 1971 3545 legislator
2013 3486 2152 3542 prae-

560 3582 725 3653 cepit,
755 3581 871 3635 sive
900 3578 1042 3632 ultro
1069 3575 1340 3646 quispiam
1373 3570 1651 3641 particeps
1677 3566 1942 3621 efﬁciatur
1970 3580 2151 3635 prava:

560 3674 840 3738 doctrinae,
866 3670 973 3725 hoc
994 3675 1078 3724 est
1107 3666 1255 3722 enim
1285 3677 1507 3719 carnem
1551 3669 1792 3731 tangere,
1826 3656 2031 3711 ﬂuxum
2062 3670 2151 3709 se-
2196 3712 2203 3715 _

562 3766 728 3822 minis
754 3761 1032 3835 patientis,
1062 3759 1179 3814 sive
1217 3752 1467 3812 docentis
1497 3768 1561 3807 ex
1590 3765 1756 3822 opere
1798 3748 1981 3804 initiat
2017 3762 2152 3817 quo-

559 3857 851 3915 dammodo
907 3852 1304 3922 semetipsum,
1359 3844 1770 3913 introducitque
1829 3856 2146 3898 sermonem

560 3949 823 4006 doctrinae
847 3962 981 4012 suae,
1042 3946 1149 3999 hoc
1171 3953 1255 3999 est
1296 3940 1523 3995 salivam
1573 3936 1863 4009 projicere.
1924 3934 2151 4004 Propter

560 4041 705 4113 quod
732 4040 951 4111 Aquila,
977 4038 1023 4092 si
1043 4049 1199 4106 super
1227 4030 1488 4101 exspuerit
1508 4044 1528 4083 :

631 4131 792 4188 Vens.
824 4131 880 4188 9.
919 4149 937 4183 ι
968 4129 1166 4201 Sagma
1194 4138 1361 4195 super
1390 4119 1539 4193 quod
1573 4118 1781 4175 sederit
1806 4113 2147 4172 immundum

560 4226 666 4283 erit
694 4239 868 4295 usque
899 4221 969 4278 ad
990 4233 1308 4291 vesperum.
1346 4235 1365 4269 ι

626 4318 780 4375 Sicut
808 4324 1039 4373 stratum
1075 4312 1131 4367 in
1153 4325 1263 4383 quo
1292 4310 1340 4365 is
1375 4309 1470 4379 qui
1500 4305 1703 4362 ﬂuxum
1748 4305 1975 4361 seminis
2005 4304 2148 4376 pati-

561 4422 669 4475 tur,
724 4409 1039 4481 requiescit,
1071 4414 1127 4462 et
1170 4403 1346 4461 vasin
1379 4417 1489 4474 quo
1518 4400 1674 4457 sedet
1724 4398 1912 4465 nimis,
1963 4398 2019 4455 id
2065 4404 2151 4454 est

556 4505 714 4561 valde
751 4519 879 4561 eum
922 4501 1270 4558 adhaerentes
1313 4494 1658 4566 disciplinas.
1704 4531 1720 4546 .
1764 4532 1780 4547 .
1826 4530 1841 4546 .
1885 4530 1899 4545 .
1945 4532 1959 4547 .
2011 4533 2025 4547 .
2069 4530 2085 4545 .
2128 4530 2143 4545 .

2180 3206 2227 3267 C

2256 613 2398 661 rum,
2416 614 2602 651 eorum
2625 596 2719 665 qui
2747 595 2975 666 subjecti
2994 604 3123 650 sun“.
3154 596 3329 651 eﬂ'ecti
3349 596 3579 666 profana
3608 597 3820 653 docenti-

2255 688 2376 752 bus,
2400 688 2490 758 qui
2511 689 2871 743 subdiderunt
2886 689 3211 759 semetipsos
3225 688 3647 757 quodammodo,
3668 694 3822 748 verbis

2254 794 2415 854 atque
2433 783 2744 855 incongruis
2766 785 3029 840 doctrinis
3054 785 3475 840 substernentcs
3496 784 3700 840 animas
3718 803 3823 844 suas

2257 886 2512 946 tanquam
2542 892 2690 942 vasa,
2720 879 2773 931 iu
2806 893 2927 947 qua:
2944 876 3167 931 distillet
3210 876 3515 946 impietatis
3555 895 3818 935 venenum.

2253 966 2321 1021 Et
2356 967 2587 1039 tetigerit
2618 968 2844 1038 aliquid,
2880 968 3207 1024 immundus
3236 969 3362 1033 erit,
3393 984 3496 1022 seu
3521 968 3567 1021 is
3595 984 3690 1024 suo
3719 987 3825 1041 pec-

2252 1067 2377 1114 cato
2410 1060 2734 1130 susceperit,
2757 1060 2871 1114 sive
2894 1060 3217 1131 imposuerit
3244 1061 3390 1130 quod
3422 1060 3606 1115 facere
3633 1064 3821 1131 quidam

2252 1156 2680 1212 consueverunt,
2735 1148 2850 1218 ipse
2882 1149 3039 1218 quasi
3066 1149 3247 1204 dicere
3282 1165 3341 1205 se
3382 1160 3536 1203 recta
3558 1162 3649 1205 aut
3672 1150 3824 1206 facere

2253 1241 2593 1304 simulantes,
2616 1255 2804 1295 eorum
2820 1250 2999 1295 autem
3017 1242 3108 1312 qui
3136 1258 3295 1311 prava
3311 1241 3539 1307 docent,
3560 1252 3649 1297 aut
3664 1257 3822 1314 agunt,

2252 1334 2574 1389 conlirmant
2591 1344 2837 1399 conatus,
2870 1344 3031 1405 atque
3056 1336 3175 1390 ideo
3201 1335 3439 1405 qualiter
3460 1350 3523 1389 se
3543 1351 3665 1406 erga
3691 1353 3825 1405 prava

2254 1424 2493 1479 habeant
2541 1424 2961 1479 convincuntur.
2992 1424 3361 1479 Nihilominus
3408 1425 3514 1495 ipsi
3554 1426 3822 1481 secundum

2251 1517 2568 1590 praadietum
2588 1517 2830 1578 modum,
2851 1516 3052 1571 habent
3067 1517 3433 1571 necessariam
3455 1516 3821 1587 paenitentiam.

2325 1610 2492 1665 Vens.
2526 1611 2613 1663 ll.
2657 1628 2674 1661 ι
2717 1609 2927 1673 Omnis,
2963 1625 3124 1680 quem
3174 1611 3413 1681 tetigerit
3462 1611 3554 1681 qui
3590 1610 3701 1665 talis
3737 1621 3820 1671 est.

2250 1719 2363 1759 non
2396 1703 2520 1758 lotis
2564 1713 2691 1758 ante
2723 1702 2996 1769 manibus,
3038 1701 3241 1757 lavahit
3277 1702 3609 1757 vestimenta
3654 1719 3757 1766 sua,
3782 1716 3825 1759 et

2253 1795 2398 1850 lotus
2426 1810 2565 1865 aqua
2596 1794 2912 1849 immundus
2944 1793 3049 1848 erit
3076 1808 3248 1863 usque
3274 1795 3342 1849 ad
3369 1808 3679 1864 vesperam.
3713 1813 3731 1846 ι

2327 1889 2644 1945 Necessaria
2659 1887 3018 1959 praesentibus
3032 1887 3215 1942 verbis
3231 1902 3364 1942 usus
3383 1897 3474 1942 est
3496 1887 3755 1958 legislaior
3768 1905 3823 1942 ue

2256 1981 2482 2038 omnino
2508 1981 2666 2036 nobis
2700 1980 2853 2035 ﬁeret
2891 1979 3198 2049 desperatio
3229 1979 3297 2034 de
3336 1979 3719 2050 conjunctione
3741 1980 3823 2035 do-

2214 2100 2233 2119 ο
2258 2074 2436 2131 centis
2484 2087 2666 2142 prava,
2698 2072 2791 2127 sed
2827 2071 2972 2126 illam
3018 2079 3250 2134 tantttm,
3281 2087 3407 2142 qua:
3438 2081 3524 2126 est
3556 2073 3821 2142 usquedum

2257 2164 2513 2235 respiciat
2535 2165 2600 2218 ad
2635 2161 3038 2233 paenitentiam,
3069 2170 3231 2230 atque
3261 2161 3384 2216 ideo
3411 2169 3542 2214 sunt
3566 2160 3819 2219 immundi.

2257 2272 2614 2328 quoscunque
2635 2256 2838 2311 [luxum
2887 2253 3111 2310 seminis
3139 2254 3352 2323 patiens
3391 2252 3649 2324 tetigerit,
3679 2254 3725 2307 id
3754 2264 3822 2307 est

2257 2349 2459 2419 quibus
2486 2348 2806 2403 commistus
2832 2346 3014 2401 fuerit.
3065 2346 3185 2399 Non
3225 2345 3351 2401 lotis
3388 2356 3575 2401 autem
3607 2347 3821 2402 manibus

2255 2456 2415 2511 aqua,
2443 2440 2675 2495 necdum
2702 2439 2955 2495 videlicet
2981 2453 3135 2492 suam
3154 2437 3319 2493 vitam
3348 2454 3447 2508 per
3478 2438 3818 2509 pceuiteutiam

2254 2534 2458 2590 abluit:
2492 2533 2673 2588 lavare
2703 2531 2969 2602 siquidem
3005 2546 3229 2597 manus,
3262 2532 3446 2587 sordis
3485 2531 3747 2601 cujusdam
3778 2540 3820 2584 et

2255 2627 2480 2683 macqu
2502 2625 2895 2696 depositionem
2925 2624 3252 2679 manifestat.
3273 2622 3507 2694 Propter
3522 2624 3657 2694 quod
3674 2623 3811 2677 David

2254 2719 2469 2774 dicebat
2495 2736 2507 2771 :
2535 2717 2747 2773 Lavabo
2776 2717 2912 2770 inter
2932 2717 3227 2769 innocentes
3255 2732 3448 2769 manus
3471 2732 3631 2780 meas,
3661 2724 3703 2769 et
3727 2714 3811 2766 cir-

2257 2811 2404 2865 cuibo
2421 2811 2595 2865 altare
2615 2820 2781 2873 tuum,
2805 2806 3026 2861 Domine
3041 2809 3081 2861 ’.
3108 2807 3373 2862 Sordihus
3392 2807 3540 2862 enim
3558 2814 3654 2873 est,
3670 2805 3815 2875 turpis

2255 2910 2310 2957 et
2327 2916 2488 2971 prava
2507 2901 2729 2956 docens.
2747 2899 2822 2952 Ex
2842 2899 2966 2954 vita:
2985 2898 3131 2953 enim
3160 2898 3393 2964 fallacia,
3417 2909 3473 2954 et
3488 2899 3691 2955 sordida
3706 2914 3813 2953 con-

2254 2992 2483 3047 scientia
2513 2991 2579 3047 ad
2601 2990 2917 3062 bujusmodi
2943 2991 3189 3061 pervenit
3209 2991 3539 3046 doctrinam.
3573 2990 3671 3047 lste
3685 3004 3807 3062 ergo.

2254 3087 2343 3157 qui
2379 3086 2431 3140 in
2461 3085 2617 3140 malis
2655 3084 2918 3140 docendis
2968 3083 3292 3154 quibusdam
3324 3086 3675 3155 semetipsum
3704 3082 3811 3137 mis-

2256 3179 2450 3245 cuerit,
2487 3176 2720 3233 necdum
2762 3177 2830 3232 ad
2883 3176 3261 3248 pmnitentiam
3307 3176 3623 3249 respiciens,
3652 3186 3700 3231 et
3726 3174 3807 3237 hic,

2258 3270 2593 3337 immundus,
2623 3268 3003 3342 pmnitentiam
3043 3270 3209 3326 habet
3252 3271 3637 3326 necessariam.
3674 3268 3811 3324 Laret

2255 3378 2386 3434 ergo
2416 3362 2743 3417 vestimenta
2770 3376 2888 3427 sua,
2916 3361 2969 3416 id
3003 3371 3083 3417 est
3119 3363 3394 3429 actiones,
3427 3377 3547 3432 qua:
3586 3376 3677 3415 nos
3710 3358 3806 3428 opi-

2253 3455 2514 3510 nionibus
2541 3454 2777 3509 etsectis
2812 3453 3215 3519 ditIerentibus,
3235 3453 3377 3508 sicut
3425 3454 3561 3508 stola
3590 3451 3805 3507 induunt.

2253 3548 2355 3614 Qui
2390 3562 2520 3618 ergo
2546 3546 2818 3622 patientes
2853 3545 3130 3600 sustinent
3160 3546 3352 3610 malos,
3382 3555 3438 3601 et
3465 3561 3529 3601 ex
3576 3542 3802 3613 conjunc-

2252 3640 2401 3695 tione
2447 3639 2574 3694 talia
2616 3637 2931 3694 docentium
2986 3638 3053 3693 ad
3101 3639 3347 3694 actiones
3402 3638 3568 3693 malas
3613 3648 3803 3690 conver-

2252 3743 2460 3800 tuntur,
2493 3733 2656 3789 etiam
2690 3741 2915 3803 propter
2934 3731 3036 3787 hoc
3060 3731 3241 3786 lavent
3271 3745 3472 3802 corpus
3504 3744 3651 3785 suum
3673 3740 3802 3796 aqua.

2253 3837 2314 3882 ut
2345 3836 2401 3882 et
2434 3842 2592 3881 suum
2620 3825 2880 3896 templum
2913 3840 2942 3879 a
2970 3825 3346 3894 compassione
3395 3824 3675 3880 verborum
3709 3819 3803 3873 illo.

2251 3936 2372 3975 rum
2413 3919 2723 3991 puriﬁcent,
2776 3926 2831 3973 et
2864 3927 2993 3973 tunc
3038 3928 3251 3973 certum
3302 3917 3410 3973 erit
3446 3918 3569 3987 quia
3614 3910 3801 3969 munda-

2250 4013 2475 4069 buntur.
2492 4009 2625 4065 Nam
2647 4011 2747 4066 etsi
2786 4011 3099 4065 immundus
3137 4010 3301 4065 fuerit
3349 4025 3520 4080 usque
3552 4007 3613 4062 ad
3646 4015 3800 4069 vespe-

2255 4115 2396 4166 ram,
2434 4100 2579 4170 quod
2618 4108 2702 4154 est
2746 4115 2919 4168 usque
2967 4099 3032 4153 ad
3066 4108 3280 4169 tempus
3322 4094 3666 4166 paenitentiae,
3692 4089 3801 4145 sicut

2249 4194 2570 4266 prmdictum
2591 4201 2694 4257 est,
2721 4193 2812 4263 qui
2833 4193 2993 4248 docet
3013 4190 3260 4262 profana,
3286 4190 3407 4247 sine
3431 4188 3591 4245 dubio
3605 4180 3797 4241 mundus

2250 4286 2357 4340 erit
2388 4294 2511 4354 post
2544 4283 2943 4355 penitentiam.

2322 4392 2487 4449 Vens.
2526 4394 2611 4448 12.
2651 4412 2669 4446 ι
2711 4392 2779 4447 Ει
2809 4409 2903 4448 vas
2948 4393 3111 4448 ﬁctile
3150 4391 3463 4463 quicunque
3493 4380 3793 4460 tetigeritqui

2252 4484 2457 4540 ﬂuxum
2507 4485 2733 4540 seminis
2778 4484 3004 4555 patitur,
3058 4484 3458 4555 eonfringetur.
3510 4481 3610 4536 Vas
3647 4485 3793 4533 autem

554 4558 938 4666 quaevdillicile
967 4590 1166 4648 mutari
1204 4590 1291 4647 vel
1321 4558 1521 4643 molliri
1568 4593 1818 4657 possunt.
1846 4583 1937 4639 Sic
1976 4582 2139 4637 etiam
2178 4558 2220 4613 D
2248 4577 2486 4648 ligneum
2528 4577 2799 4632 lavabitur
2820 4592 2981 4648 aqua,
3010 4586 3065 4631 et
3094 4576 3358 4631 mundum
3391 4576 3514 4630 erit.
3551 4593 3569 4627 ›

556 4689 645 4744 hic
665 4689 721 4743 in
746 4704 955 4761 sagma,
974 4686 1088 4741 sive
1111 4693 1170 4740 ut
1189 4681 1332 4739 LXX
1351 4679 1657 4745 ediderunt,
1683 4677 1739 4731 in
1769 4691 1956 4747 sagma
1980 4674 2139 4738 asini,

552 4779 999 4852 negligentiorem
1028 4776 1248 4849 quidem
1281 4771 1631 4843 discipulum,
1661 4770 1757 4826 sed
1788 4778 1972 4823 tamen
1998 4767 2140 4822 mol-

553 4871 659 4927 lius
682 4872 972 4927 habentem
989 4886 1084 4926 cor
1104 4869 1171 4925 ad
1188 4865 1635 4923 commutantium
1657 4878 1716 4919 se
1743 4880 1757 4917 :
1788 4859 1971 4916 mollia
1992 4859 2139 4914 enim

554 4974 794 5038 sagm‘nta
810 4963 946 5019 asini
964 4962 1234 5034 legislator
1258 4958 1547 5015 intellexit.
1570 4956 1676 5012 Sed
1696 4964 1750 5011 et
1767 4955 1813 5009 is
1832 4953 1959 5025 quia
1980 4950 2140 5008 bonis

554 5054 826 5125 magistris
852 5053 1056 5117 excuti.
1081 5052 1164 5108 vel
1184 5050 1315 5106 dilui
1346 5060 1509 5121 atque
1530 5061 1789 5119 respuere
1809 5044 2014 5101 malum
2040 5044 2147 5099 dis-

552 5146 847 5217 cipulatum
898 5154 1076 5214 potest
1108 5164 1121 5199 :
1154 5144 1279 5214 quia
1310 5144 1417 5199 tale
1454 5150 1538 5198 est
1582 5141 1727 5211 quod
1765 5139 1927 5204 LXX,
1952 5137 2152 5192 ὲπῑσα-

551 5252 668 5305 γμα
702 5235 997 5306 appellant,
1030 5234 1081 5290 id
1103 5242 1206 5296 est,
1231 5241 1468 5287 stratura
1493 5239 1589 5296 ;et
1616 5230 1732 5300 ipse
1750 5228 2007 5284 videlicet
2047 5226 2153 5281 im-

551 5324 788 5379 mundus
811 5325 933 5390 erit,
955 5323 1257 5394 usquedum
1278 5322 1343 5375 ad
1362 5319 1736 5392 paenitentiam
1755 5333 1813 5373 se
1837 5316 2079 5372 verterit.

626 5413 789 5471 Vatis.
822 5415 907 5471 l0.
950 5435 965 5466 ι
1000 5413 1066 5467 Et
1089 5412 1268 5469 omnis
1290 5412 1381 5483 qui
1415 5410 1652 5481 tetigerit
1678 5408 1938 5479 quidquid
1963 5408 2064 5462 sub
2085 5422 2152 5462 eo

552 5510 675 5572 erit,
703 5508 1016 5565 immundus
1034 5506 1140 5561 erit
1174 5519 1347 5575 usque
1373 5504 1439 5559 ad
1463 5516 1775 5572 vesperum.
1810 5500 1874 5555 Et
1900 5498 1991 5570 qui
2021 5514 2146 5569 por-

552 5598 750 5653 taverit
770 5597 964 5652 horum
994 5595 1214 5667 aliquid,
1242 5594 1442 5649 lavabit
1459 5591 1781 5648 vestimenta
1802 5605 1920 5655 sua,
1946 5600 2000 5645 et
2031 5589 2147 5661 ipse

551 5683 694 5737 lotus
723 5699 858 5756 aqua
892 5684 1204 5740 immundus
1232 5681 1338 5737 erit
1366 5695 1537 5752 usque
1566 5679 1633 5735 ad
1665 5693 1974 5750 vesperum.
2010 5695 2028 5728 ι

661 5889 679 5918 ⁸
709 5886 731 5942 l
758 5884 897 5943 'l'im.
929 5904 1002 5956 tv,
1034 5888 1086 5944 l.
1197 5892 1217 5922 ¹
1245 5886 1391 5945 Psal.
1423 5903 1551 5955 xxv,
1579 5884 1633 5940 6.

1745 5885 1764 5917 ³
1788 5880 2091 5957 μίβοτηνιι,
2125 5879 2177 5938 6.

2320 4670 2380 4725 ln
2393 4670 2764 4742 superioribus
2782 4670 2942 4740 hujus
2958 4669 3170 4741 legis,in
3193 4685 3296 4739 qua
3310 4670 3444 4724 dixit
3457 4668 3643 4722 lluxum
3662 4656 3793 4720 semio

2249 4764 2339 4819 nis
2370 4762 2690 4834 patientem,
2721 4761 2995 4832 quoslibet
3043 4760 3300 4815 homines
3329 4768 3552 4832 tangere
3599 4753 3789 4810 diximus

2249 4874 2362 4922 eos,
2380 4858 2580 4929 quibus
2598 4857 2711 4928 ipse
2725 4872 2783 4912 se
2798 4871 2961 4926 prava
2981 4855 3184 4911 docens
3200 4855 3513 4918 immiscuit,
3536 4861 3585 4908 et
3602 4843 3789 4916 sumpsit

2251 4952 2318 5007 ad
2342 4951 2632 5022 quamdam
2684 4950 2998 5005 secietatem
3051 4948 3156 5014 sui,
3191 4949 3297 5004 hoc
3343 4950 3486 5003 enim
3518 4955 3595 5001 est
3640 4946 3786 5011 aperte

2254 5054 2496 5116 tangere,
2517 5043 2660 5099 unde
2673 5052 2728 5098 et
2743 5042 2941 5097 Paulus
2957 5049 3179 5113 propter
3189 5042 3501 5097 societatem
3520 5033 3785 5093 muliebrem

2255 5137 2551 5193 cavendam
2581 5156 2595 5189 :
2617 5135 2821 5189 Bonum
2847 5146 2940 5191 est.
2963 5134 3160 5204 inquit,
3185 5133 3405 5198 homini,
3438 5130 3679 5185 mulierem
3704 5132 3783 5173 non

2258 5239 2490 5300 tangere.
2546 5227 2773 5298 Propter
2816 5225 3191 5297 fornicationes
3260 5236 3434 5278 autem
3484 5214 3783 5300 unusquisqut

2256 5336 2409 5375 suam
2456 5334 2672 5374 uxorem
2712 5318 2923 5382 habeat,
2954 5326 3002 5370 et
3044 5331 3380 5387 uitaquteque
3428 5328 3567 5367 suum
3591 5297 3776 5361 virum’.

2255 5410 2323 5467 lli
2341 5426 2470 5482 ergo
2489 5424 2614 5463 vasa
2636 5407 2755 5480 ejus
2769 5406 2946 5463 eﬁ‘eeti
2967 5414 3094 5461 sunt
3109 5405 3411 5460 doctrinam
3422 5401 3509 5473 qui
3526 5398 3584 5454 ab
3600 5409 3671 5455 e0.
3684 5388 3781 5482 Ιὶςει

2255 5517 2500 5575 parvam,
2533 5508 2899 5571 susceperunt
2943 5517 2956 5554 :
2998 5513 3176 5569 neque
3202 5497 3349 5552 enim
3394 5478 3773 5575 supersedit-eis.

2250 5593 2305 5649 id
2331 5600 2542 5647 estnon
2564 5599 2733 5646 totam
2753 5590 2808 5645 in
2835 5589 2983 5660 ipsos
3004 5604 3155 5644 suam
3179 5586 3481 5644 doctrinam
3504 5567 3772 5637 exinanivit.

2254 5680 2428 5753 ιειίείι
2457 5688 2659 5748 “mw.
2692 5688 2902 5752 partem
2919 5678 3207 5749 quamdam
3238 5678 3470 5734 tradens.
3498 5662 3771 5730 Permanet"
