3946 6434
142 372 255 438 9ἷ3
1372 372 1454 435 IN
1490 374 1770 435 LEVITH

1883 375 1925 435 Ι.
1957 398 2027 411 -·
2067 375 2212 436 LIB-
2248 377 2319 436 Υ.
3368 379 3475 443 974

138 487 318 557 igitur
370 484 625 553 ﬁctiles,
674 487 727 542 id
781 498 865 543 est
914 486 1132 559 fragiles
1159 495 1216 543 et
1274 471 1474 543 terreni
1523 487 1591 542 ad
1616 487 1787 541 lutum
1821 510 1863 564 Α
1894 490 2066 544 sancti
2115 489 2353 561 Spiritus
2394 489 2642 564 designat
2694 487 3015 564 imaginem;
3046 499 3258 563 oportet
3324 497 3472 550 cultu

90 591 329 651 suum,
394 584 465 631 et
499 579 586 633 ad
643 576 1052 648 corruptionem
1095 576 1192 631 luti
1241 575 1606 641 intendentes,
1657 576 1770 646 quia

1886 583 2165 638 doctorem
2185 584 2522 639 meditationi
2549 582 2778 655 spiritali
2803 598 3025 654 operam
3064 584 3215 640 dare.
3246 584 3475 658 Propter

134 680 624 739 corrumpuntur
654 671 819 725 etiam
849 685 880 724 a
911 670 1184 740 paucitate
1233 670 1547 735 verborum,
1587 683 1782 723 neces-
1886 674 2033 745 quod
2063 683 2125 730 ut
2152 674 2489 731 Sacerdotem
2538 683 2595 731 et
2623 677 2959 747 magistrum,
3013 676 3333 748 sibimetipsi
3377 694 3474 734 su-

133 761 287 815 sarie
314 771 739 817 conteruntur.
777 762 834 817 Si
862 773 1043 817 autem
1073 762 1257 833 lignei,
1293 761 1418 832 quia
1446 762 1620 833 lignea
1655 775 1784 814 vasa
1888 780 2039 821 mere
2076 765 2181 820 hoc
2215 766 2539 821 sacriﬁcium
2577 766 2856 837 praecepit,
2898 768 3043 837 quod
3088 769 3139 823 in
3170 768 3280 824 alio
3303 770 3474 827 sacri-

136 852 309 907 Ῐυιθῖδ
367 862 437 907 ει
486 854 759 909 “Culmus
812 853 961 908 “Sis
1006 852 1228 908 ίοηίοη
1276 861 1426 915 δυυιν
1466 850 1783 921 άίιιιὶιιείιυθ
1886 861 2127 917 ﬁcionisi
2151 876 2341 917 rursus
2375 861 2670 917 sacerdotis
2687 861 2917 934 alicujus
2943 860 3107 919 fuerit
3125 879 3191 921 ac
3208 863 3472 937 magistri,

135 946 509 1010 subsistunt,
575 962 712 1015 aqua
754 946 915 1001 lavati
988 946 1336 1001 mundantur.
1392 943 1581 1013 Neque
1631 942 1783 999 enim
1892 953 2103 1010 dixisse
2136 952 2767 1013 ηυηαιεηυεῑηγεηίωτ,

138 1032 356 1087 insedit
394 1032 463 1087 in
503 1034 621 1097 eis,
644 1050 747 1090 nec
772 1049 992 1089 omnem
1024 1035 1164 1105 ejus,
1196 1034 1338 1090 sicut
1368 1033 1635 1097 diximus,
1668 1048 1770 1087 ma-

1976 1043 2264 1116 ]psamque
2314 1045 2521 1115 deferre
2558 1045 2781 1100 hostium
2825 1046 2882 1100 in
2907 1046 3098 1101 ostium
3140 1046 3475 1103 tabernaculi

137 1126 247 1179 lam
310 1126 665 1182 doctrinam
709 1137 1103 1198 susceperunt,
1140 1126 1493 1198 quamobrem
1547 1141 1650 1181 nec
1699 1126 1770 1182 sic

1886 1139 2194 1195 testimonii.
2228 1138 2310 1194 Ad
2341 1138 2709 1209 apostolorum
2736 1138 2994 1196 videlicet
3014 1139 3290 1195 doctrinas
3325 1157 3339 1206 ;
3375 1141 3475 1197 has

139 1216 556 1284 inﬁrmantur,
598 1227 661 1273 ut
689 1234 786 1288 per
806 1217 1187 1289 pcenitentiam
1209 1217 1389 1273 sanari
1411 1232 1521 1272 non
1542 1216 1776 1288 possint.

140 1306 284 1378 Ergo
310 1308 598 1365 intentio
634 1318 721 1367 est
755 1310 1101 1380 legislatoris,
1136 1310 1434 1365 ostendere
1467 1310 1559 1379 qui
1597 1309 1779 1380 pruni-

140 1400 379 1454 tentiam
412 1411 624 1472 agant,
668 1402 753 1457 vel
780 1401 905 1472 quia
930 1417 1042 1457 non
1077 1401 1462 1472 paenitentiam
1488 1401 1780 1473 agentibus

143 1494 291 1548 salus
316 1494 585 1549 oﬂ‘ertur
611 1512 627 1549 :

210 1581 394 1638 Vens.
460 1584 566 1641 15.
608 1604 627 1639 t
668 1584 728 1640 Si
762 1593 984 1641 sanatus
1033 1584 1218 1650 fuerit,
1271 1585 1361 1655 qui
1400 1584 1776 1657 hujuscemodi

145 1679 385 1734 sustinet
454 1680 807 1749 passionem,
848 1678 1193 1735 enumerabit
1257 1687 1467 1748 septem
1527 1678 1644 1733 dies
1708 1678 1775 1733 ad

146 1771 628 1827 emundationem
656 1774 763 1839 sui,
791 1784 848 1829 et
865 1773 990 1828 lotis
1022 1771 1267 1827 vestibus
1290 1786 1353 1826 ac
1386 1780 1499 1826 toto
1522 1785 1771 1843 corpore,

151 1863 203 1917 in
231 1864 400 1934 aquis
423 1864 755 1921 viventibus
783 1864 890 1920 erit
918 1864 1176 1919 mundus.
1220 1884 1239 1914 ι

215 1955 526 2012 Mundatio
543 1966 630 2013 est
648 1958 786 2029 ejus,
812 1957 901 2026 qui
915 1956 1121 2012 ﬂuxum
1139 1954 1362 2011 seminis
1378 1954 1602 2026 patitur,
1620 1970 1768 2010 eam—

157 2050 275 2105 dem
302 2051 743 2121 corruptionem
764 2049 990 2106 seminis
1013 2056 1356 2120 nequaquam
1388 2048 1617 2104 ulterius
1646 2065 1770 2105 sus-

158 2143 349 2197 tinere.
400 2142 467 2197 Si
529 2157 664 2214 ergo
696 2142 911 2197 sordida
944 2156 1220 2211 pravaque
1272 2156 1334 2194 ac
1371 2139 1576 2194 nefaria
1615 2140 1769 2210 quis-

162 2236 304 2305 piam
331 2234 562 2291 docens
582 2234 907 2301 cessaverit,
931 2243 1120 2305 utpote
1155 2233 1247 2303 qui
1274 2232 1592 2299 cessaverit,
1620 2248 1652 2287 a
1678 2233 1771 2287 tali

164 2332 554 2403 impudicitia,
619 2332 857 2387 mundus
905 2340 1054 2387 recte
1095 2330 1338 2387 dicitur:
1387 2330 1492 2385 Pro
1536 2330 1771 2386 sordidis

168 2425 527 2480 sermonibus
550 2434 759 2491 autem,
784 2440 924 2495 quos
948 2424 1141 2480 eﬂ'udit
1166 2423 1336 2495 prius,
1360 2438 1585 2479 necesse
1606 2422 1773 2479 habet

166 2527 370 2585 septem
397 2517 531 2573 dies
572 2518 940 2582 dinumerare,
995 2516 1063 2571 ad
1097 2515 1465 2571 omnimodam
1509 2516 1773 2571 emunda-

173 2613 395 2676 tionem,
422 2628 559 2683 quas
588 2612 872 2683 perficitur
898 2626 994 2682 per
1021 2611 1339 2677 adventum,
1388 2610 1772 2666 subministra-

173 2705 498 2775 tionemque
527 2704 783 2775 spiritus,
813 2703 971 2774 cujus
1001 2702 1340 2774 septemplex
1373 2702 1578 2758 donum
1618 2703 1774 2759 nobis

174 2793 333 2851 lsaias
364 2797 657 2867 exposuit,
673 2812 799 2852 cum
828 2795 904 2850 ait
933 2813 948 2850 :
972 2793 1203 2865 Spiritus
1220 2795 1497 2864 sapientia:
1525 2805 1575 2849 et
1616 2796 1773 2849 intel-

176 2886 348 2949 lectus,
374 2889 611 2958 spiritus
631 2887 835 2942 consilii
859 2897 908 2940 et
935 2886 1280 2956 fortitudinis,
1301 2886 1519 2955 spiritus
1543 2886 1777 2940 scientia

179 2988 223 3032 et
247 2981 483 3049 pietatis,
513 2982 737 3052 spiritus
758 2980 964 3034 timoris
994 2979 1203 3033 Domini
1224 2978 1483 3045 ‘.Quibus
1519 2979 1777 3034 omnibus

181 3082 349 3143 egent,
375 3073 471 3142 qui
514 3072 818 3144 perfectam
848 3071 1263 3126 mundationem
1287 3070 1390 3126 sibi
1430 3070 1713 3141 procurari
1744 3086 1775 3124 a

182 3164 397 3229 malitia,
426 3181 561 3236 qua:
588 3174 675 3220 est
703 3164 756 3218 in
790 3164 1090 3225 locutione,
1123 3163 1238 3218 sive
1271 3163 1328 3217 in
1366 3164 1644 3234 operibus,
1668 3164 1766 3219 sed

186 3263 237 3308 et
262 3271 398 3324 aqua
440 3258 573 3312 viva
612 3257 797 3311 lavant
826 3256 1153 3311 vestimenta
1191 3263 1248 3310 et
1277 3269 1495 3326 corpus.
1534 3254 1667 3321 Quae
1695 3255 1766 3311 sit

183 3362 301 3403 vero
334 3349 417 3403 vis
467 3349 948 3415 vestimentorum,
1000 3356 1055 3403 et
1096 3347 1363 3418 corporis.
1415 3347 1550 3402 satis
1574 3356 1658 3402 est
1713 3347 1768 3401 in

186 3438 555 3506 superioribus
573 3440 1023 3495 demonstratum.
1042 3440 1195 3508 Aqua
1221 3445 1403 3492 autem
1426 3436 1544 3490 viva
1565 3436 1767 3503 lavant,

188 3527 266 3582 illa
286 3530 549 3586 videlicet
577 3530 646 3585 de
671 3545 777 3599 qua
821 3527 1057 3599 Spiritus
1086 3527 1300 3583 dicebat
1333 3545 1347 3582 :
1378 3525 1481 3592 Qui
1515 3527 1675 3581 credit
1713 3527 1770 3580 in

192 3638 281 3689 me,
322 3625 457 3678 sicut
501 3624 635 3677 dicit
680 3622 997 3694 Scriptura,
1035 3621 1258 3689 ﬂumina
1320 3620 1384 3674 de
1436 3629 1612 3674 ventre
1652 3619 1767 3688 ejus

192 3715 340 3781 ﬂuent
376 3731 541 3787 aqua:
580 3717 710 3770 vim:
739 3717 781 3769 ⁸.
829 3714 897 3769 Εῑ
934 3729 1166 3769 rursus:
1195 3710 1503 3781 Quicunque
1549 3710 1678 3764 bibit
1703 3724 1769 3764 ea:

196 3823 316 3876 aqua
346 3826 513 3879 quam
545 3824 639 3878 ego
667 3809 734 3863 do
766 3807 835 3869 ei,
862 3806 951 3875 ﬁet
985 3807 1041 3859 in
1080 3821 1139 3859 eo
1168 3806 1282 3876 fons
1312 3818 1466 3875 aqua:
1522 3803 1766 3856 salientis

194 3899 243 3951 in
264 3900 422 3954 vitam
450 3910 714 3956 cternam
746 3900 787 3953 ⁸.
814 3898 955 3970 Ergo
982 3896 1263 3952 mundatio
1294 3910 1460 3965 prava
1490 3894 1765 3973 docentis,

197 4004 283 4059 per
305 3993 507 4048 bonam
554 3991 956 4063 legitimamque
989 3988 1291 4043 doctrinam
1324 3986 1596 4056 provenit.
1640 3987 1768 4041 Hau:

198 4092 270 4138 est
316 4086 459 4141 enim
502 4086 623 4141 viva
670 4100 830 4156 aqua,
877 4082 1005 4153 quia
1047 4082 1216 4137 vitam
1248 4079 1315 4134 ad
1345 4094 1404 4135 se
1458 4080 1768 4136 accedentis

202 4190 416 4245 praestat.

260 4271 407 4328 Vens.
434 4275 529 4329 u.
552 4292 571 4325 ‹
602 4271 696 4328 Die
721 4280 902 4327 autem
924 4278 1135 4335 octavo,
1160 4276 1339 4323 sumet
1367 4267 1503 4322 duos
1530 4273 1768 4327 turtures

202 4374 281 4419 aut
304 4365 434 4422 duos
483 4366 661 4437 pullos
703 4362 987 4428 columbae,
1050 4370 1106 4416 et
1132 4360 1316 4415 veniet
1366 4359 1419 4413 in
1471 4367 1770 4427 conspectu

204 4455 391 4514 Domini
418 4462 493 4515 ad
526 4460 726 4515 ostium
756 4455 1092 4513 tabernaculi
1134 4454 1430 4510 testimonii
1468 4470 1481 4507 :
1510 4452 1768 4522 dabitque

1883 1232 2033 1289 enim
2078 1247 2200 1289 esse
2233 1231 2515 1287 introitum
2536 1274 2551 1299 ,
2583 1241 2678 1287 aut
2722 1248 2911 1288 verum
2953 1232 3362 1288 tabernaculum
3394 1243 3475 1291 te-

1881 1324 2152 1388 stimonii,
2170 1324 2227 1379 id
2253 1332 2339 1380 est
2360 1324 2748 1381 habitationem
2769 1324 2995 1389 Christi,
3024 1334 3078 1380 et
3099 1326 3470 1381 conversatio-

1880 1433 2031 1481 nem,
2063 1417 2315 1488 superius
2360 1417 2417 1472 in
2456 1416 2735 1474 sacriﬁciis
2763 1418 3124 1483 ostendimus,
3152 1426 3211 1473 ut
3238 1419 3304 1473 ad
3336 1434 3472 1489 apo-

1880 1508 2127 1564 stolicam
2157 1508 2523 1564 intentionem
2550 1509 2605 1565 in
2655 1509 2839 1565 futuro
2866 1525 3017 1565 suam
3070 1511 3315 1581 perﬁciat
3367 1511 3473 1565 liu-

1879 1618 2060 1675 guam.
2079 1602 2231 1658 Sicut
2253 1611 2433 1658 autem
2450 1602 2540 1673 qui
2563 1603 2826 1674 peccavit,
2848 1611 2903 1658 et
2917 1602 3203 1659 sacerdotii
3227 1604 3472 1660 habitum

1879 1708 1938 1763 in
1987 1714 2046 1755 se
2088 1698 2423 1754 inﬁrmavit:
2470 1706 2634 1768 atque
2660 1697 2907 1753 ineﬂicax
2946 1697 3202 1763 reddidit,
3228 1698 3358 1754 dare
3380 1712 3472 1753 sa-

1878 1791 2107 1856 cerdoti,
2139 1799 2195 1846 et
2216 1790 2505 1846 sacerdotii
2544 1789 2909 1845 ministerium
2936 1789 3024 1843 alii
3060 1789 3255 1845 cedere
3283 1790 3473 1859 jussus

1812 1871 1854 1927 Β
1888 1897 1997 1943 est.
2034 1885 2142 1942 Sed
2196 1884 2473 1956 accipiens
2552 1883 2805 1939 sacerdos
2873 1883 3010 1937 duos
3068 1888 3327 1946 turtures,
3377 1891 3475 1936 aut

1871 1979 2009 2036 duos
2039 1979 2217 2050 pullos
2250 1977 2647 2041 columbarum,
2680 1974 2810 2045 quid
2840 1972 3015 2029 facit?

1947 2070 2114 2126 Unum
2160 2068 2287 2138 facit
2325 2083 2421 2138 pro
2449 2074 2681 2136 peccato,
2724 2074 2773 2119 et
2802 2081 2965 2119 unum
2986 2065 3045 2118 in
3089 2065 3469 2130 holocaustum,

1872 2162 1947 2219 Ut
1981 2161 2087 2217 hoc
2119 2159 2345 2230 quidem
2378 2157 2630 2214 sacriﬁcii
2660 2157 2729 2213 ad
2748 2156 3082 2213 ablutionem
3108 2159 3249 2228 ejus,
3276 2172 3472 2212 eorum

1872 2269 1994 2324 qua:
2012 2251 2258 2324 peccavit
2285 2250 2339 2306 in
2367 2250 2615 2306 doctrina
2637 2248 3045 2304 contradicente
3067 2248 3168 2321 legi
3190 2247 3469 2319 proﬁciat:

1879 2345 2011 2400 illud
2040 2355 2220 2399 autem
2249 2343 2319 2399 ad
2373 2342 2650 2414 sapienter
2677 2342 3108 2398 conversantium
3164 2342 3222 2397 in
3247 2341 3469 2410 futuro;

1887 2437 2055 2505 hujus
2092 2435 2240 2491 enim
2271 2446 2357 2490 est
2384 2434 2599 2506 signum
2628 2433 2685 2489 in
2714 2434 3115 2490 holocaustum.

1931 2529 1999 2583 Et
2028 2529 2105 2583 sic
2131 2526 2500 2596 deprecabitur
2527 2542 2626 2593 pro
2655 2542 2714 2580 eo
2744 2526 2983 2581 sacerdos
3007 2540 3192 2579 coram
3218 2523 3471 2592 Domino,

1883 2630 1943 2674 ut
1986 2619 2299 2675 emundetur
2336 2634 2368 2671 a
2398 2619 2547 2686 ﬂuxu
2601 2617 2817 2671 seminis
2862 2617 2964 2671 sui.
3000 2614 3112 2671 Nec
3133 2615 3279 2671 enim
3312 2615 3473 2669 aliter

1876 2712 2161 2785 quisquam
2185 2710 2593 2767 mundationem
2617 2724 2802 2764 coram
2823 2709 3051 2764 Domino
3073 2708 3251 2765 facere
3268 2716 3467 2779 potest,

1878 2806 1932 2861 id
1961 2814 2046 2861 est
2075 2801 2379 2859 secundum
2416 2799 2775 2865 voluntatem,
2801 2808 2857 2853 et
2896 2798 3069 2870 legem
3103 2797 3221 2864 Dei,
3260 2797 3367 2853 nisi
3402 2798 3471 2853 de

1885 2897 1972 2953 his
2006 2912 2128 2967 quae
2169 2893 2417 2966 peccavit
2463 2892 2763 2964 paenitens,
2790 2900 2845 2946 et
2888 2907 2987 2962 per
3031 2891 3297 2947 sacriﬁcia
3328 2906 3460 2948 ora-

1880 2988 2091 3044 tionum
2135 2984 2498 3048 satisfaciens,
2553 2991 2852 3053 posteaque
2896 2992 3048 3037 recte
3104 2982 3355 3049 vivendo,
3406 2999 3470 3038 ac

1881 3078 2122 3151 perfecte
2169 3076 2455 3147 sapiendo.
2523 3072 2664 3145 Ergo
2713 3073 2806 3143 qui
2848 3089 3071 3128 suorum
3121 3084 3469 3146 peccatorum

1882 3168 2326 3225 emundationem
2365 3164 2472 3220 alio
2521 3164 2684 3220 modo
2730 3164 2959 3235 peragit,
2999 3180 3098 3235 pro
3138 3165 3242 3221 hoc
3284 3181 3468 3221 coram

1873 3260 2105 3317 Domino
2132 3273 2245 3315 non
2272 3267 2491 3329 rogatur
2515 3274 2528 3311 :
2553 3271 2727 3327 neque
2751 3256 2898 3310 enim
2920 3257 3038 3326 ejus
3058 3257 3469 3313 mundationem

1872 3352 2101 3423 suscipit
2130 3353 2289 3417 Deus,
2324 3350 2421 3405 sed
2448 3364 2553 3404 nec
2575 3364 2671 3404 eos
2697 3348 2790 3418 qui
2824 3364 2922 3419 pro
2955 3364 3022 3404 eo
3050 3348 3292 3404 oﬂ‘erunt
3342 3366 3468 3421 pre-

1870 3457 1983 3497 ces.
2006 3440 2368 3505 Quamobrem
2388 3438 2505 3495 sive
2530 3438 2599 3494 ad
2618 3438 2919 3493 doctrinam
2941 3439 3062 3509 quis
3093 3439 3465 3512 incongruam,

1870 3534 1987 3589 sive
2016 3533 2086 3588 ad
2112 3532 2278 3588 vitam
2307 3530 2529 3587 deﬂuxit
2553 3530 2773 3595 malam,
2798 3529 2913 3585 sive
2962 3540 3274 3602 utrumque,
3306 3533 3465 3588 simul

1870 3641 2063 3697 preces
2090 3624 2390 3690 eﬂ'undere,
2409 3622 2709 3678 secundum
2758 3622 2904 3692 quod
2930 3622 3137 3680 dictum
3171 3632 3255 3680 est
3282 3640 3465 3681 coram

1874 3716 2127 3781 Domino,
2150 3716 2245 3787 qui
2283 3716 2448 3773 habet
2485 3715 2542 3771 in
2584 3724 2856 3787 potestate
2898 3715 3181 3772 dimittere
3220 3728 3463 3788 peccata,

1873 3808 2115 3865 festinet.
2146 3790 2155 3801 ’

1943 3901 2108 3957 Vens.
2138 3901 2236 3958 16.
2286 3921 2304 3955 ι
2341 3904 2435 3958 Vir
2463 3902 2529 3959 de
2565 3918 2676 3973 quo
2702 3901 3011 3974 egredietur
3038 3916 3225 3957 semen
3269 3902 3464 3968 coitus,

1871 3992 2071 4050 lavabit
2116 4010 2255 4065 aqua
2282 4010 2445 4050 omne
2471 4011 2672 4065 corpus
2702 4010 2883 4059 suum,
2916 4004 2971 4050 et
2996 3994 3311 4050 immundus
3362 3996 3468 4050 crit

1872 4103 2042 4157 usque
2062 4088 2130 4142 ad
2145 4102 2449 4158 vesperam,
2470 4086 2692 4142 Vestem
2709 4094 2766 4140 et
2789 4086 2984 4156 pellem
3021 4101 3181 4156 quam
3213 4086 3469 4142 habuerit

1872 4170 2074 4226 lavabit
2115 4186 2276 4241 aqua,
2322 4180 2377 4225 et
2405 4170 2686 4224 immunda
2722 4169 2827 4224 erit
2854 4184 3024 4239 usque
3067 4170 3135 4224 ad
3159 4184 3465 4239 vesperam.

1872 4262 2062 4317 Mulier
2090 4277 2214 4317 cum
2244 4278 2350 4333 qua
2380 4261 2591 4326 coierit,
2626 4261 2894 4316 lavabitur
2915 4275 3076 4330 aqua,
3101 4270 3156 4314 et
3186 4259 3465 4316 immunda

1871 4356 1975 4411 erit
1997 4370 2167 4426 usque
2193 4356 2262 4410 ad
2292 4368 2594 4423 vesperam.
2638 4373 2655 4404 ι

1942 4446 2316 4503 Necessariam
2359 4444 2562 4499 habere
2609 4441 3077 4513 regenerationem
3122 4440 3467 4511 baptismatis

206 4562 285 4603 eos
321 4552 609 4615 sacerdoti,
660 4550 751 4621 qui
782 4548 945 4603 faciet
988 4561 1160 4601 unum
1196 4560 1295 4615 pro
1322 4550 1577 4614 peccato,
1600 4550 1656 4597 et
1681 4542 1764 4595 al-
1802 4564 1844 4619 ι)
1874 4540 2173 4594 humanum
2211 4551 2401 4609 genus,
2451 4536 2565 4605 ipse
2614 4534 2878 4588 Dominus
2927 4533 3187 4598 ostendit,
3235 4532 3463 4587 dicens:

206 4648 359 4697 terum
387 4642 441 4698 in
517 4643 916 4705 holocaustum,
953 4637 1275 4709 rogabitque
1331 4650 1431 4704 pro
1468 4648 1535 4688 eo
1586 4648 1772 4688 coram

210 4734 428 4803 Domino,
466 4745 526 4789 ut
541 4733 865 4789 emundetur
888 4746 921 4785 a
940 4730 1086 4785 ﬂuxu
1116 4728 1342 4785 seminis
1367 4726 1473 4781 sui.
1522 4745 1540 4777 ι

267 4825 358 4891 Qui
382 4824 596 4899 septem
611 4826 728 4881 dies
747 4823 1057 4880 numerabit
1083 4821 1209 4885 sibi,
1232 4820 1285 4874 id
1317 4828 1403 4874 est
1424 4816 1778 4888 operationes

214 4917 426 4984 spiritus,
475 4919 561 4974 hic
605 4927 795 4973 octava
836 4913 945 4981 die,
994 4916 1045 4969 id
1076 4922 1161 4968 est
1210 4913 1265 4966 in
1302 4910 1472 4982 gratia
1520 4908 1775 4964 videlicet

213 5006 405 5076 Christi,
445 5025 568 5079 quae
605 5016 793 5063 octava
838 5005 926 5059 die
954 5002 1371 5058 resurrectionis
1419 4998 1635 5062 enituit,
1666 5011 1767 5051 seu

218 5100 397 5169 claruit,
411 5097 947 5159 sacriﬁciumoﬂ‘erre
970 5096 1158 5167 jussus
1174 5104 1276 5151 est.
1300 5092 1457 5159 Quod
1480 5101 1563 5147 est
1584 5099 1767 5144 autem

222 5191 306 5248 hoc
331 5196 671 5252 sacriﬁcium.

283 5282 337 5338 ld
364 5301 455 5351 est,
482 5288 611 5341 duos
644 5293 891 5346 turtures,
924 5290 1016 5335 aut
1037 5281 1167 5334 duos
1192 5277 1362 5349 pullos
1385 5275 1766 5330 columbarum.

227 5369 422 5445 Dignum
450 5377 656 5433 esthoc
679 5373 993 5430 doctoribus
1043 5370 1403 5435 sacriﬁcium;
1444 5382 1507 5422 ex
1548 5366 1769 5421 alitibus

228 5464 349 5519 enim
388 5478 511 5523 sunt
554 5470 671 5523 haec
706 5465 985 5521 animalia.
1018 5463 1085 5518 Et
1135 5462 1355 5533 quidem
1400 5468 1580 5515 turtur
1616 5458 1770 5529 quasi

232 5558 594 5615 meditatorium
633 5568 716 5615 est
755 5558 954 5614 animal
987 5574 1001 5624 ;
1032 5556 1280 5612 columba
1328 5562 1511 5609 autem
1552 5559 1775 5623 propter

235 5653 489 5713 generandi
546 5652 935 5722 frequentiam,
987 5660 1044 5704 et
1095 5656 1314 5718 propter
1368 5644 1775 5716 simplicitatem

322 5848 455 5910 ‘lsa.
485 5869 565 5921 ιι,
590 5852 647 5908 ‘2.
770 5854 789 5886 '
814 5851 970 5908 loan.
1003 5866 1099 5916 vn,
1133 5848 1222 5904 38.
1337 5845 1357 5876 ⁸
1387 5842 1547 5901 Joan.
1582 5860 1655 5912 tv,
1690 5843 1776 5899 l4.

1882 4632 2003 4686 Nisi
2032 4632 2148 4702 quis
2179 4637 2393 4683 renatus
2421 4627 2579 4698 fuerit
2610 4642 2747 4696 aqua
2786 4634 2835 4678 et
2869 4626 3078 4693 spiritu,
3112 4640 3214 4677 non
3246 4622 3467 4678 intrabit

1881 4724 1936 4777 in
1968 4738 2185 4793 regnum
2236 4720 2547 4775 caelorum".
2582 4717 2752 4787 Cujus
2785 4716 3040 4787 equidem
3070 4716 3248 4771 sordis
3277 4716 3333 4771 in
3369 4731 3469 4773 no-

1880 4814 1965 4869 bis
1978 4829 2044 4868 ex
2068 4813 2239 4868 Adam
2266 4811 2633 4867 inobedientia
2654 4820 2736 4866 est
2758 4808 3051 4874 transfusa,
3065 4808 3208 4863 unde
3224 4816 3280 4863 et
3299 4806 3469 4864 David

1878 4904 1935 4959 in
1986 4902 2365 4974 iniquitatibus
2410 4917 2468 4956 se
2512 4908 2723 4963 natum,
2772 4907 2827 4954 et
2856 4897 2913 4952 in
2957 4898 3195 4968 peccatis
3235 4898 3469 4953 asseruit

1877 5012 2000 5053 esse
2029 5006 2376 5067 conceptum,
2410 5010 2520 5050 non
2550 5003 2784 5048 matrem
2822 5006 2976 5046 suam
3004 5006 3268 5065 accusans
3289 4992 3332 5055 ⁸,
3370 4990 3467 5045 sed

1877 5099 2161 5163 peccatum
2220 5088 2480 5151 innuens,
2520 5085 2667 5156 quod
2726 5084 2971 5140 decurrit
3023 5099 3088 5138 ex
3140 5098 3363 5155 genere.
3402 5084 3471 5139 Et

1877 5199 2026 5238 nunc
2059 5181 2335 5253 legislator
2367 5194 2519 5247 eum,
2570 5178 2640 5234 de
2668 5194 2779 5248 quo
2830 5192 3018 5232 semen
3048 5176 3329 5248 egreditur
3352 5176 3468 5231 eoi-

1876 5287 1985 5341 tus,
2015 5276 2177 5341 idest
2203 5287 2327 5333 eum
2349 5272 2444 5343 qui
2476 5285 2575 5337 pro
2596 5271 2721 5326 ﬁliis
2741 5268 3094 5341 procreandis
3120 5283 3308 5323 semen
3335 5266 3473 5323 εσυ-

1879 5370 1982 5435 dit,
2010 5368 2107 5423 sed
2137 5374 2194 5421 et
2236 5365 2524 5421 mulierem
2569 5378 2691 5434 qum
2729 5361 2993 5432 suscepit,
3058 5362 3239 5415 lavare
3270 5374 3473 5428 corpus

1882 5457 2151 5531 precepit
2192 5456 2264 5510 ob
2319 5455 2447 5520 hoc,
2508 5453 2637 5525 quia
2685 5466 2876 5507 semen
2905 5450 3167 5521 suscepit,
3199 5462 3298 5519 per
3325 5446 3471 5516 quod

1883 5552 1989 5608 hoc
2022 5548 2286 5620 templum
2319 5556 2574 5603 nostrum
2617 5552 2814 5610 totum,
2861 5542 2915 5598 id
2944 5550 3046 5608 est,
3079 5541 3289 5610 integer
3310 5538 3473 5591 homo

1886 5639 2217 5698 describitur
2263 5652 2330 5693 ex
2363 5636 2543 5692 anima
2591 5642 2647 5689 et
2691 5645 2943 5715 corpore.
3007 5624 3475 5696 Quemadmodum

1890 5841 1910 5874 '
1939 5839 2095 5897 loan.
2133 5854 2216 5905 ιιι,
2259 5839 2313 5894 5.
2425 5835 2445 5867 ⁸
2476 5831 2619 5891 Psal.
2654 5829 2784 5897 1.,5.
