3946 6404
561 332 674 396 975

1760 324 2086 391 IIESYCHI
2095 331 2118 393 Ι
2160 328 2637 398 PRESBYTERI

3710 351 3797 415 976

547 460 676 518 ergo
731 443 972 500 animam
1011 442 1193 499 divina
1231 440 1513 511 Scriptura
1570 440 1805 510 appellat
1850 458 2000 507 eum,
2048 445 2139 513 qui
2173 454 2212 506 Α
2238 459 2350 529 ctu,
2410 459 2464 503 et
2519 450 2747 515 semine,
2804 468 2869 508 ex
2932 469 3041 525 quo
3090 470 3260 528 genus
3310 471 3559 517 accusat.
3592 460 3703 519 Non
3731 476 3802 523 est

548 546 628 594 est
663 552 729 593 ex
762 538 943 592 anima
1000 545 1058 590 et
1086 548 1333 605 corpore,
1372 535 1686 587 hominem:
1728 534 1872 589 sicut
1907 537 2128 604 quando

546 630 714 684 dicit:
781 628 1055 683 Descendit
1109 625 1276 679 Iacob
1323 625 1377 678 in
1433 622 1665 695 zEgypto
1713 626 1767 697 in
1793 627 2131 696 septuaginta

546 723 773 791 quinque
801 720 1078 773 animabus
1097 720 1141 782 °;
1180 717 1258 772 sic
1290 732 1489 786 corpus
1531 732 1720 771 rursus
1746 725 1919 771 totum
1948 717 2132 787 appel-

548 816 660 867 lare
692 811 969 866 hominem
999 810 1304 864 consuevit.
1335 807 1491 874 Quod
1518 809 1759 864 ostendit
1788 809 1925 864 liber
1955 810 2131 864 Gene-

545 908 621 962 sis
646 906 847 975 Joseph
897 904 1171 959 frumenta
1201 903 1544 957 ministrasse
1575 901 1852 966 fratribus,
1886 917 1981 972 per
2007 917 2133 956 cor-

544 1013 679 1070 pora
726 997 939 1052 dicens.
967 994 1105 1062 Quia
1145 1006 1329 1049 autem
1363 992 1616 1048 sordidus
1647 992 1876 1048 eliectus
1910 1007 2004 1062 per
2033 992 2133 1057 in-

544 1089 915 1146 obedientiam
936 1087 1104 1141 Adam
1134 1086 1415 1141 sordidum
1432 1100 1553 1141 esse
1580 1084 1741 1139 etiam
1763 1098 1949 1139 semen
1972 1098 2129 1138 suum

544 1184 709 1239 fecit:
740 1182 1157 1251 necessarieque
1192 1194 1395 1250 corpus
1424 1178 1709 1234 sordidum
1739 1186 1844 1242 est,
1878 1190 1945 1232 eo
1985 1176 2129 1246 quod

542 1294 605 1332 ex
630 1276 839 1331 semine
864 1274 1111 1345 procedit
1148 1272 1203 1326 in
1227 1286 1337 1341 quo
1373 1270 1715 1325 immundum
1743 1278 1827 1323 est
1868 1282 2039 1337 usque
2063 1266 2131 1321 ad

544 1381 849 1439 vesperam,
882 1366 936 1420 id
972 1374 1058 1419 est
1086 1364 1274 1419 saeculi
1312 1362 1506 1418 linem:
1554 1362 1680 1431 quia
1725 1362 1781 1416 in
1808 1360 1915 1416 line
1955 1375 2131 1415 saecu-

542 1465 717 1516 lorum
748 1459 1002 1515 Christus
1040 1455 1268 1512 veniens
1306 1454 1551 1510 ostendit
1577 1469 1795 1523 aquam,
1823 1469 1929 1523 qua
1959 1467 2131 1522 genus

540 1562 789 1608 nostrum
816 1549 1169 1604 mundaretur
1198 1563 1212 1601 :
1256 1553 1309 1601 et
1348 1546 1474 1616 quia
1517 1544 1923 1616 permansimus
1956 1558 2130 1611 usque

453 1691 456 1694 .
542 1652 674 1698 tunc
701 1640 990 1703 immundi,
1022 1638 1284 1709 probatur
1315 1652 1379 1691 ex
1402 1651 1469 1692 eo
1498 1634 1643 1705 quod
1680 1642 1733 1689 et
1753 1634 1809 1687 hi
1861 1634 1955 1704 qui
1994 1648 2129 1689 nec-

540 1734 671 1789 dum
729 1739 1114 1805 peccaverunt,
1156 1728 1210 1782 id
1252 1735 1357 1790 est,
1416 1727 1472 1780 in
1502 1734 1663 1780 aetate
1689 1725 1905 1780 infirma
1931 1724 2132 1781 consti-

2235 551 2417 595 autem
2482 543 2825 610 admirabile,
2861 548 2906 600 si
2936 550 3213 616 mulieres,
3267 568 3394 622 qua:
3454 568 3567 607 non
3594 556 3803 613 ﬁliorum

2233 633 2427 701 gratia,
2472 636 2565 689 sed
2626 648 2851 707 propter
2901 655 3033 696 usus
3070 643 3472 713 turpitudinem
3522 662 3646 703 cum
3692 652 3804 706 viris

2236 725 2507 791 habitant,
2543 738 2748 784 vestem
2777 740 2833 786 et
2862 733 3058 802 pellem
3092 734 3421 808 intelligere
3456 739 3804 810 Iegislatorum

2233 814 2469 871 diximus
2494 835 2507 872 :
2539 820 2850 877 vestimenti
2880 823 3048 892 enim,
3080 837 3136 881 ct
3163 827 3219 881 in
3248 830 3395 884 malo
3427 831 3639 902 aliquo,
3666 841 3807 905 atque

2232 914 2422 959 contra
2478 906 2673 979 legem,
2712 926 2871 965 usum
2901 913 2955 967 in
2992 915 3181 970 divina
3216 917 3513 990 Scriptura
3547 936 3807 994 acceptum

2235 998 2475 1062 invenis,
2509 1001 2651 1055 sicut
2684 1003 2851 1059 David
2876 1005 3011 1063 dicit
3038 1024 3052 1061 :
3098 1008 3168 1062 Et
3203 1011 3379 1065 induit
3412 1028 3474 1067 se
3506 1014 3809 1072 maledictio-

2235 1104 2350 1142 nem
2378 1092 2511 1144 sicut
2544 1096 2907 1151 vestimentum
2929 1100 2991 1152 ".
3034 1101 3103 1156 Et
3134 1118 3362 1158 rursus:
3406 1104 3713 1161 Induantur
3734 1112 3809 1180 qui

2233 1180 2515 1235 detrahunt
2554 1185 2681 1238 mihi
2714 1190 3001 1242 reverentia
3028 1192 3091 1246 ".
3145 1193 3311 1249 Pcllis
3360 1205 3561 1250 autem
3610 1201 3807 1268 quando

2232 1271 2434 1341 aliquid
2483 1275 2611 1330 boni
2659 1279 2947 1349 significat,
2991 1292 3120 1338 tunc
3166 1300 3277 1339 non
3327 1286 3661 1357 simpliciter
3704 1291 3806 1361 ipsa

2235 1365 2413 1433 pellis,
2441 1368 2536 1422 sed
2571 1369 2768 1439 pellem
2799 1374 2866 1425 ad
2901 1388 3039 1443 Opus
3068 1385 3252 1446 aptam
3293 1379 3586 1451 legislator
3614 1382 3738 1448 edit,
3760 1395 3809 1439 et

2234 1457 2340 1512 hoc
2367 1460 2511 1529 quod
2542 1460 2749 1517 factum
2798 1464 2965 1519 fuerit
2995 1482 3134 1537 Opus
3168 1484 3233 1523 ex
3264 1485 3351 1533 ea,
3386 1481 3491 1526 aut
3515 1475 3661 1542 quod
3686 1475 3806 1529 fien-

2231 1548 2360 1605 dnm
2390 1561 2473 1606 est
2502 1568 2567 1607 ex
2601 1554 2738 1625 ipsa,
2773 1572 2873 1626 per
2901 1576 3019 1613 eam
3037 1561 3398 1619 demonstrat.
3430 1565 3596 1620 Nunc
3618 1575 3803 1632 autem,

2232 1643 2359 1711 quia
2410 1644 2515 1699 hoc
2564 1661 2676 1701 non
2709 1649 2863 1715 dixit,
2907 1666 3086 1722 neque
3136 1655 3193 1709 in
3228 1658 3511 1713 sacrificio
3549 1661 3705 1729 pellis
3726 1675 3804 1717 ss-

2232 1744 2450 1805 sumpta
2503 1748 2608 1802 est,
2641 1740 2783 1796 sicut
2830 1756 2958 1797 cum
3003 1745 3318 1825 decuriatus
3348 1749 3733 1805 holocaustum
3760 1755 3805 1806 in

541 1826 667 1888 tuti,
714 1824 1055 1896 signaculum
1099 1819 1356 1891 baptismi
1390 1818 1765 1874 necessarium
1794 1819 2023 1885 habent,
2058 1834 2129 1874 ne
2162 1825 2202 1880 Β
2232 1826 2589 1899 incongruam
2638 1833 3076 1895 commistionem
3111 1822 3348 1908 positum
3389 1851 3501 1897 est.
3554 1843 3668 1899 Non
3692 1860 3806 1916 ergo

541 1924 682 1976 forte
729 1930 903 1975 morte
948 1916 1369 1988 superveniente
1400 1915 1605 1970 sordidi
1639 1924 1920 1970 transeant
1957 1932 1970 1968 :
2006 1930 2125 1970 sor-

540 2019 663 2071 dem
690 2031 811 2085 qute
854 2028 919 2069 cx
958 2014 1127 2068 Adam
1151 2010 1454 2074 descendit,
1486 2009 1542 2063 in
1567 2008 1878 2078 semetipsis
1914 2008 2126 2063 haben-

540 2120 643 2173 tes,
680 2119 734 2163 et
774 2117 1060 2177 propterea
1103 2120 1213 2159 non
1271 2102 1518 2159 valentes
1556 2102 1612 2155 in
1658 2115 1886 2173 regnum
1922 2101 2127 2155 intrare

537 2200 824 2256 caelorum.
888 2199 1127 2261 Vestem,
1172 2204 1227 2251 et
1291 2196 1488 2266 pellem
1534 2211 1697 2265 quam
1745 2196 1949 2250 habent
1999 2212 2125 2251 cum

541 2303 771 2359 coeunt,
809 2292 1065 2346 videlicet
1094 2288 1373 2344 immunda
1417 2301 1557 2353 esse,
1592 2297 1647 2342 et
1680 2288 1848 2341 lavari
1899 2287 2121 2354 debere,

538 2390 768 2441 duarum
801 2400 981 2439 rerum
1016 2382 1276 2454 praecepit
1324 2381 1495 2452 gratia
1535 2400 1547 2433 :
1584 2395 1709 2434 nam
1754 2381 2003 2435 extendit
2044 2380 2124 2435 le-

536 2498 658 2551 gem
710 2487 874 2549 atque
925 2477 1255 2539 manifestat,
1283 2484 1547 2545 quantum
1583 2488 1786 2544 corpus
1821 2475 2123 2528 humanum

536 2582 759 2642 propter
810 2584 973 2624 unam
1032 2567 1463 2623 inobedientiam
1519 2565 1801 2620 sordidum
1866 2566 1939 2619 sit
1977 2564 2121 2620 eﬂ‘e-

535 2676 720 2732 ctum,
779 2675 841 2719 ut
894 2664 1057 2719 etiam
1122 2661 1463 2717 insensibilia
1520 2676 1589 2715 ex
1646 2661 1729 2715 eis
1780 2659 2120 2730 polluantur.

534 2760 742 2815 Deinde
772 2773 867 2829 per
910 2758 1026 2812 inec
1066 2756 1385 2810 manifestas
1416 2754 1546 2808 facit
1575 2753 1854 2816 mulieres,
1895 2767 2017 2822 quae
2056 2752 2123 2806 li-

533 2852 738 2907 bidinis
773 2862 960 2911 causa,
1001 2847 1135 2901 viris
1166 2846 1233 2901 ad
1265 2845 1557 2916 quemdam
1586 2842 1942 2914 temporalem
1972 2858 2123 2897 com-

533 2944 835 2997 miscentur
890 2954 1071 3003 usum,
1126 2937 1341 3007 qualem
1402 2934 1580 2989 solent
1628 2933 1951 2989 vestimenta
1983 2949 2121 3003 prae-

532 3033 666 3089 bere
718 3032 1053 3098 hominibus,
1117 3030 1259 3084 sicut
1309 3036 1364 3083 et
1398 3026 1591 3082 abusio
1629 3027 1850 3097 pellium
1889 3029 2122 3097 quaein-

530 3136 789 3182 veteratm
814 3124 1005 3196 projici
1038 3122 1236 3178 solent.
1269 3120 1405 3175 Nam
1441 3128 1498 3175 et
1536 3119 1750 3174 illarum
1781 3120 2121 3176 consuetudo

2232 1933 2330 1988 per
2352 1928 2586 1975 stratum
2612 1924 2859 1988 seminis,
2890 1926 2944 1981 id
2974 1936 3059 1983 est
3085 1944 3184 1999 per
3218 1935 3431 1987 coitum
3476 1935 3722 2005 legalem,
3747 1955 3803 1991 ex

2230 2026 2339 2081 quo
2389 2027 2579 2068 semen
2623 2014 2875 2085 edicitur,
2918 2022 3116 2089 pellem
3157 2026 3379 2093 polluit,
3433 2037 3536 2081 aut
3571 2029 3801 2098 perfundi

2227 2100 2397 2156 dixit:
2448 2106 2758 2161 necessarie
2791 2122 2921 2179 ergo
2964 2126 3085 2165 eam
3121 2128 3227 2182 qua
3255 2116 3380 2185 quis
3414 2117 3667 2172 abutitur
3696 2136 3801 2172 utu-

2227 2194 2440 2260 lierem,
2471 2197 2667 2266 pellem
2701 2200 2985 2257 intellexit.
3014 2205 3150 2260 Illud
3181 2216 3364 2263 tamen
3393 2211 3605 2279 ubique
3638 2222 3800 2266 custo-

2227 2287 2329 2353 dis,
2369 2289 2495 2358 quia
2525 2291 2593 2346 ad
2625 2294 3113 2351 sanctilicationem
3142 2309 3199 2354 et
3225 2301 3569 2367 castitatem,
3600 2300 3800 2355 Judaeo«

2228 2394 2349 2435 tum
2387 2397 2560 2453 genus
2603 2384 2879 2455 legislator
2932 2390 3176 2454 trahens,
3211 2392 3375 2447 nimis
3407 2395 3562 2447 enim
3594 2395 3796 2463 quidam

2227 2490 2415 2529 eorum
2446 2476 2674 2533 luxuriae
2709 2482 3041 2544 serviebant,
3072 2483 3186 2538 haec
3216 2494 3411 2539 contra
3443 2502 3544 2541 eos
3574 2488 3660 2555 qui
3688 2502 3798 2554 qua-

2227 2566 2575 2638 litercunque
2618 2570 2909 2628 effundunt
2939 2590 3148 2643 semen,
3196 2589 3249 2633 et
3287 2595 3383 2633 eos
3414 2582 3509 2650 qui
3553 2582 3664 2636 haec
3694 2593 3795 2635 tan-

2225 2669 2360 2728 gunt
2388 2660 2453 2715 ad
2482 2663 2950 2727 emundationem.
2980 2668 3029 2722 ei
3059 2671 3381 2741 praecipiens
3417 2684 3479 2727 ut
3516 2675 3701 2729 saltem
3728 2674 3795 2729 sic

2225 2752 2358 2806 casti
2399 2752 2768 2818 efficerentur,
2816 2767 2871 2812 et
2924 2759 3217 2818 luxuriosis
3264 2764 3613 2822 abstinerent
3658 2783 3792 2822 como

2224 2842 2591 2912 mistiunibus,
2629 2847 2850 2905 fastidio
2880 2851 3082 2908 laboris
3133 2853 3516 2926 frequentium
3568 2860 3792 2929 puriticao

2225 2936 2454 2992 tionum.
2485 2940 2633 2994 Ilanc
2655 2942 2801 2995 enim
2827 2944 3189 3000 intentionem
3214 2948 3527 3003 secundum
3554 2950 3787 3015 litteram,

2222 3036 2278 3083 et
2304 3030 2358 3083 in
2399 3031 2862 3101 subsequentibus
2908 3034 2994 3089 lex
3027 3036 3212 3103 habet,
3246 3038 3373 3094 licet
3415 3040 3623 3111 aliquid
3658 3039 3787 3094 aliud

2224 3120 2523 3175 secundum
2560 3122 2816 3192 spiritum
2868 3125 3065 3197 signet,
3101 3127 3248 3183 sicut
3292 3131 3413 3199 ipse
3461 3131 3788 3201 expositurus

531 3226 909 3275 veterascente
936 3216 1175 3271 amicitia
1229 3213 1527 3285 respuitur,
1560 3222 1723 3282 atque
1755 3212 1810 3265 in
1852 3227 2004 3268 more
2027 3227 2118 3267 ve-
2145 3210 2187 3266 C
2221 3227 2366 3279 sum,
2423 3213 2550 3283 quia
2580 3230 2683 3269 nec
2728 3216 2929 3286 ipsum.
2972 3218 3064 3287 qui
3102 3219 3190 3274 hic
3230 3229 3338 3285 est,
3387 3223 3683 3294 spiritalem
3711 3221 3784 3275 iu-

531 3313 933 3376 stimentorum,
960 3325 1057 3366 seu
1089 3308 1311 3380 pellium
1342 3312 1732 3373 commutatur,
1764 3318 1943 3375 neque
1971 3305 2117 3361 enim

532 3420 748 3474 semper
778 3418 900 3458 cum
958 3402 1037 3456 eis
1089 3402 1303 3462 vivunt,
1372 3414 1497 3454 cum
1553 3397 1752 3463 quibus
1809 3395 2119 3451 inordinate

533 3495 925 3550 concumbunt.
963 3492 1076 3547 Hoc
1105 3508 1234 3563 ergo
1266 3491 1429 3547 modo
1471 3490 1841 3559 intelligentes
1873 3488 2119 3544 Mosaicae

534 3586 667 3657 legis
692 3586 878 3649 verba,
906 3585 1202 3638 maximum
1229 3596 1295 3637 ex
1320 3582 1401 3636 eis
1422 3581 1683 3651 jnvamen
1707 3579 1976 3648 capimus,
2012 3588 2068 3634 et
2086 3596 2117 3635 a

532 3682 668 3753 legis
692 3681 992 3752 quastione
1032 3678 1387 3749 quiescimus.
1428 3676 1541 3731 Nec
1564 3675 1970 3757 reprehendere
1996 3688 2115 3731 eam

531 3789 846 3843 possumus,
904 3782 962 3827 ut
999 3770 1274 3841 superﬂue
1307 3768 1646 3839 punientem,
1698 3777 1753 3822 ct
1789 3768 1856 3822 de
1888 3766 1974 3821 bis
2003 3768 2119 3823 exi-

531 3876 749 3937 gentem
776 3879 1016 3934 pmnam,
1046 3878 1165 3931 qua:
1196 3864 1252 3917 in
1280 3870 1470 3916 nostra
1511 3859 1790 3913 voluntate
1822 3872 1932 3912 non
1958 3867 2112 3913 sunt:

529 3959 706 4013 ﬂuxus
734 3958 876 4012 enim
905 3956 1131 4010 seminis
1156 3971 1265 4008 non
1295 3970 1361 4009 ex
1392 3962 1577 4009 nostra
1607 3952 1791 4009 evenit
1814 3952 2112 4014 voluntate,

530 4050 623 4104 sed
670 4058 725 4103 et
756 4064 822 4102 ex
851 4047 1165 4101 inlirmilate
1214 4044 1500 4115 contingit.
1537 4041 1750 4097 Rursus
1782 4041 1957 4095 virum
2002 4058 2116 4095 mu-

529 4138 647 4192 lieri
680 4138 975 4199 cohaerere,
1033 4144 1087 4190 et
1129 4135 1359 4189 muliere
1388 4134 1527 4199 viro,
1558 4132 1837 4202 compellit
1868 4133 2115 4187 naturale

528 4232 887 4294 consortium,
910 4238 965 4283 et
995 4229 1089 4285 Dei
1116 4227 1361 4283 definitio
1383 4240 1503 4297 quas
1525 4226 1600 4280 ait
1630 4243 1643 4279 :
1673 4224 1944 4293 Relinquet
1961 4225 2114 4278 [tanta

526 4332 730 4391 patrem
756 4331 803 4375 et
833 4330 1077 4386 matrem,
1129 4330 1177 4372 et
1231 4318 1518 4373 adhaerebit
1545 4317 1698 4371 uxori
1727 4331 1859 4378 suae,
1890 4323 1937 4369 et
1960 4325 2113 4368 erant

524 4416 629 4467 duo
654 4414 707 4466 in
725 4428 883 4465 carne
914 4412 1102 4465 una“.
1131 4410 1266 4464 Nam
1310 4410 1411 4465 etsi
1450 4410 1581 4463 Adae
1612 4410 1731 4463 haec
1759 4408 1927 4463 verba
1962 4416 2110 4471 sunt,

524 4519 704 4561 tamen
727 4520 792 4561 ex
817 4504 1002 4561 divino
1028 4504 1145 4558 ha'c
1174 4503 1309 4559 dixit
1336 4502 1565 4572 Spiritu.
1592 4500 1748 4557 Unde
1770 4510 1827 4556 et
1860 4499 2112 4555 Christus

2223 3302 2499 3359 tellectum
2567 3315 2855 3375 praatereo.
2925 3307 3399 3375 Quemadmodum
3472 3330 3602 3386 ergo
3650 3314 3783 3368 illum

2219 3396 2312 3465 qui
2352 3395 2558 3452 ﬂuxum
2618 3400 2847 3455 seminis
2892 3403 3133 3470 patitur,
3179 3419 3304 3459 eum
3361 3406 3462 3475 qui
3511 3405 3782 3473 corrumpit

2218 3484 2546 3553 doctrinam,
2599 3486 2984 3555 intelleximus,
3036 3490 3117 3545 sic
3166 3492 3232 3546 de
3269 3509 3377 3563 quo
3410 3510 3601 3549 semen
3629 3494 3781 3547 coitus

2218 3576 2514 3647 egreditur,
2548 3593 2679 3633 eum
2714 3580 2806 3649 qui
2833 3581 2901 3635 ad
2927 3580 3147 3637 Judaaos
3190 3584 3563 3653 pertinentem
3594 3584 3776 3638 doctri-

2217 3685 2343 3723 nam
2368 3678 2607 3725 sectatur
2633 3671 3003 3742 intelligimus.
3045 3673 3177 3729 Nam
3210 3674 3350 3731 sicut
3384 3676 3673 3731 effundens
3694 3690 3778 3727 na-

2218 3760 2390 3815 turale
2447 3771 2502 3816 et
2560 3777 2755 3816 sanum
2806 3778 3014 3830 semen,
3078 3776 3304 3836 prOpter
3348 3769 3570 3823 sordem
3620 3776 3774 3818 tamen

2215 3855 2386 3909 Adam
2434 3856 2751 3911 immundus
2794 3867 2898 3923 est,
2949 3859 3028 3913 sic
3071 3869 3126 3913 et
3166 3875 3356 3914 eorum
3391 3876 3547 3925 sana,
3580 3867 3776 3929 propter

2216 3946 2391 4018 legem
2433 3963 2554 4018 quae
2599 3958 2822 4019 putatur
2857 3951 3129 4018 doctrina,
3164 3953 3267 4007 sub
3308 3952 3470 4023 culpa
3504 3961 3588 4008 est
3628 3960 3678 4005 et
3703 3964 3773 4003 re-

2215 4040 2624 4108 prehensibilis,
2666 4042 2793 4110 quia
2830 4042 3065 4098 litteram
3101 4044 3283 4108 docet,
3307 4061 3430 4115 qua:
3459 4043 3771 4099 maledictio-

2215 4147 2340 4186 nem
2368 4132 2530 4187 infert
2558 4134 2837 4204 discipulis
2864 4137 2979 4190 suis
3004 4154 3018 4202 ;
3046 4153 3223 4207 neque
3247 4142 3392 4192 enim
3430 4136 3678 4207 possibile
3701 4143 3770 4186 est

2213 4226 2524 4295 quempiam
2557 4241 2652 4295 per
2689 4228 2836 4281 illam
2872 4228 3114 4297 perfecte
3147 4230 3368 4300 corrigi.
3408 4230 3564 4285 Unde
3599 4225 3769 4283 Mosai-

2212 4331 2290 4371 cae
2332 4316 2698 4372 maledictioni
2739 4318 3037 4388 discipulos
3077 4336 3206 4375 suos
3259 4322 3485 4376 subdit:
3540 4321 3765 4392 ipsosque

2211 4407 2450 4476 Iudaeos,
2502 4411 2595 4481 qui
2649 4412 2705 4465 in
2752 4413 3046 4467 mulierum
3095 4415 3411 4468 coeuntium
3458 4414 3766 4484 accipientur

2214 4498 2408 4571 ﬁgura,
2429 4508 2619 4570 utpote
2636 4500 2727 4570 qui
2754 4515 2971 4571 semper
2991 4502 3294 4567 adhaerent,
3316 4512 3371 4558 et
3397 4505 3762 4575 conquiescunt

517 4597 736 4667 quando
781 4596 1062 4651 Pbarisaeo
1115 4611 1223 4649 non
1269 4593 1625 4649 dimittendas
1673 4593 1933 4647 mulieres
1960 4592 2110 4647 dice-
2144 4559 2189 4614 D
2198 4590 2533 4652 doctoribus
2561 4559 2967 4647 institutionum
2984 4608 3227 4647 suarum.
3258 4592 3374 4650 Hoc
3400 4559 3582 4651 autem
3608 4594 3760 4664 ipsum

515 4692 629 4753 bat,
664 4690 862 4745 horum
904 4704 1024 4760 quae
1062 4703 1209 4742 nunc
1237 4686 1476 4742 diximus
1511 4686 1831 4739 memoriam
1874 4684 2103 4749 faciens,

513 4782 582 4836 ad
631 4782 802 4838 Deum
830 4797 915 4848 ea,
960 4783 1101 4836 sicut
1139 4781 1208 4835 ab
1240 4794 1307 4834 eo
1335 4779 1503 4843 dicta,
1560 4778 1765 4843 retulit,
1812 4777 1887 4831 ait
1912 4776 2055 4831 enim
2088 4794 2102 4830 :

514 4875 614 4938 Qui
645 4876 707 4927 ab
735 4874 887 4928 initio
925 4874 1046 4945 fecit
1079 4872 1372 4927 masculum
1421 4880 1469 4924 et
1502 4871 1754 4941 feminam
1803 4870 1924 4939 fecit
1950 4868 2097 4934 illos,

513 4976 562 5016 ct
591 4965 758 5017 dixit:
798 4962 1081 5033 Propterea
1122 4962 1380 5034 relinquet
1438 4962 1591 5015 homo
1621 4970 1849 5029 patrem.
1891 4969 1939 5013 et
1982 4977 2101 5014 ma.

513 5067 665 5116 treat,
695 5064 741 5108 et
773 5056 1053 5109 adliarebit
1098 5055 1251 5108 uxori
1318 5054 1507 5107 sua”.
1562 5051 1706 5124 Ergo
1735 5066 1844 5107 non
1876 5068 2095 5123 pinnam

511 5160 700 5201 eorum
754 5160 876 5215 quae
929 5150 1120 5200 contra
1159 5146 1502 5201 voluntatem
1527 5144 1871 5216 contingunt,
1905 5145 2093 5215 exigit,

507 5253 611 5292 nec
639 5238 792 5306 quasi
823 5252 853 5292 a
892 5235 1129 5291 sordidis
1176 5236 1283 5299 his,
1322 5237 1416 5305 qui
1454 5237 1759 5291 secundum
1805 5239 1926 5306 ejus
1959 5252 2095 5291 con-

502 5332 677 5402 juncti
711 5340 841 5385 sunt
885 5328 1083 5399 legem,
1134 5327 1232 5382 sed
1288 5328 1346 5381 in
1404 5327 1491 5381 his
1518 5327 1738 5395 quidem
1765 5328 1856 5397 qui
1886 5327 2092 5381 ﬂuxum

509 5423 733 5479 seminis
781 5420 1083 5491 patiuntur,
1132 5428 1417 5487 corruptos
1451 5419 1723 5478 doctores,
1751 5419 1842 5488 qui
1896 5419 2092 5488 ingrati

507 5524 635 5569 sunt
658 5514 894 5569 filiorum
933 5510 1347 5583 procreationis.
1386 5509 1485 5564 Hic
1525 5520 1709 5564 autem
1735 5511 1865 5565 Adae
1900 5510 2092 5564 inube-

508 5606 789 5671 dlcntiam,
815 5612 1003 5677 utpote
1031 5620 1095 5659 ex
1128 5617 1190 5659 ea
1218 5616 1420 5674 genere
1448 5604 1690 5658 humano
1718 5600 1940 5658 sordido
1966 5603 2093 5657 etle-

576 5806 627 5895 ”
659 5803 818 5860 Deut.
852 5822 906 5872 x,
932 5805 1026 5860 22.
1142 5809 1185 5843 "
1213 5806 1353 5865 Gen.
1387 5822 1447 5873 ιι,
1478 5804 1571 5861 24.

1684 5806 1725 5839 ¹⁸
1750 5802 1942 5861 Matth.
1976 5820 2087 5873 xu,
2115 5804 2166 5871 4,
2194 5805 2249 5861 5.

2211 4694 2268 4738 et
2298 4684 2353 4736 in
2392 4698 2488 4738 eos
2532 4684 2625 4753 qui
2667 4684 2723 4738 in
2760 4685 3031 4756 praeputio
3061 4696 3191 4741 sunt
3220 4697 3539 4757 cperantur,
3569 4682 3758 4757 quando

2207 4775 2473 4830 doctrinae
2516 4790 2708 4830 eorum
2740 4791 2930 4831 semen
2962 4777 3290 4847 suscipiunt,
3319 4794 3460 4849 quos
3488 4781 3756 4835 vestimen-

2208 4873 2323 4919 tum
2351 4874 2408 4920 et
2432 4864 2628 4934 pellem
2654 4881 2774 4921 esse
2797 4866 3053 4932 dieimus,
3090 4877 3277 4937 utpote
3321 4869 3677 4938 temporaliter
3709 4871 3754 4917 et

2208 4956 2518 5012 transitoria
2543 4956 2822 5013 doctrinas
2864 4973 3076 5024 eorum,
3129 4974 3242 5014 non
3295 4971 3354 5015 ut
3403 4968 3461 5015 et
3508 4960 3603 5031 ipsi
3644 4970 3748 5027 pro.

2206 5056 2394 5103 creent
2434 5048 2671 5117 aliquam
2720 5048 2951 5118 legalem
2974 5050 3269 5119 justitiam,
3291 5054 3621 5123 suscipiunt:
3644 5064 3737 5104 nas

2200 5138 2475 5208 quomodo
2510 5137 2767 5209 possibile
2798 5150 2882 5194 est
2909 5142 3033 5204 hoc,
3066 5142 3120 5195 in
3154 5145 3427 5213 praeputio
3454 5153 3731 5214 permanet

2201 5230 2367 5294 tibus,
2400 5230 2497 5286 sed
2533 5237 2591 5284 ut
2620 5245 2718 5301 per
2745 5244 3033 5287 sermones
3058 5248 3252 5289 eorum
3280 5246 3335 5290 et
3359 5235 3466 5306 ipsi
3492 5232 3689 5291 maledit

2198 5320 2332 5393 legis
2360 5322 2545 5392 pollui,
2580 5323 2940 5393 accipiantur.

2271 5412 2434 5470 Vens.
2466 5414 2652 5471 19—23.
2686 5434 2704 5466 ι
2738 5413 2929 5471 Mulier
2958 5434 3079 5487 qua
3102 5430 3365 5475 redeunte
3411 5433 3590 5477 mense
3622 5411 3739 5487 pali-

2200 5518 2291 5563 tnr
2337 5508 2547 5563 fluxum
2590 5510 2896 5577 sanguinis,
2928 5520 3139 5580 septem
3184 5512 3382 5568 diebus
3408 5508 3734 5584 separabitur.

2198 5598 2391 5654 Omnis
2412 5601 2504 5670 qni
2536 5599 2777 5671 tetigerit
2823 5616 2968 5667 eam,
2993 5603 3309 5659 immundus
3341 5606 3448 5661 erit
3485 5613 3637 5673 usque
3678 5593 3735 5649 ad

2365 5807 2407 5838 "
2439 5805 2581 5863 Psal.
2610 5819 2759 5871 criti,
2798 5805 2881 5860 l8.
2997 5806 3039 5838 "
3065 5802 3207 5861 Psal.
3236 5818 3383 5877 xxiv,
3411 5799 3523 5875 16.,
