3946 6412
148 442 253 512 977

146 655 545 727 separationis
576 670 688 713 suae
727 653 1007 724 polluitur.
1054 653 1157 720 Qui
1211 654 1450 726 tetigerit
1495 656 1756 713 lectulum

146 746 292 814 ejus,
356 744 581 800 lavabit
639 744 961 801 vestimenta
1008 759 1128 807 sua,
1170 754 1226 798 et
1269 744 1385 813 ipse
1434 745 1754 816 lotusaqua,

154 836 409 908 pollutus
464 837 577 891 erit
604 851 774 907 usque
808 836 875 894 ad
916 852 1220 906 vesperam.
1259 838 1432 894 Omne
1466 854 1561 893 vas
1594 855 1757 909 super

145 932 292 997 quod
350 928 451 982 illa
508 928 730 991 sederit,
762 928 1017 998 quisquis
1048 929 1309 998 attigerit,
1346 929 1545 987 lavabit
1584 932 1753 986 vesti-

136 1031 333 1079 menta
391 1039 534 1087 sua,
588 1031 643 1078 et
698 1021 842 1077 lotus
890 1036 1028 1091 aqua
1056 1021 1299 1091 pollutus
1338 1023 1445 1076 erit
1478 1037 1648 1091 usque
1683 1024 1751 1081 ad

146 1134 443 1187 vesperam
456 1160 472 1174 .
520 1136 541 1171 ι
902 1104 905 1105 ⁷

211 1209 471 1264 Intentio
501 1207 826 1279 legislatoris
861 1217 943 1263 est
972 1222 1001 1264 a
1033 1206 1284 1264 muliebri
1319 1207 1543 1265 libidine
1576 1207 1752 1264 abdu-

143 1318 267 1356 cere
296 1301 625 1366 hominem,
658 1300 927 1370 simulque
950 1316 1073 1355 cum
1107 1299 1238 1356 viris
1264 1308 1319 1355 et
1346 1301 1605 1357 mulieres
1625 1314 1753 1370 pro-

148 1395 335 1449 hibere
371 1410 405 1447 a
446 1393 633 1464 turpis
654 1392 1062 1449 commistionis
1096 1408 1279 1451 causa.
1314 1392 1430 1450 Non
1462 1393 1608 1448 enim
1649 1394 1750 1450 hoc

147 1502 241 1557 pro
271 1485 529 1540 ﬁliorum
555 1484 930 1554 procreatioue
956 1485 1061 1555 agi,
1089 1486 1320 1539 maxime
1352 1501 1414 1540 ea
1446 1502 1565 1555 qua:
1598 1502 1748 1542 nunc

146 1580 432 1643 dicuntur,
473 1578 771 1634 alIirmant.
818 1574 1033 1633 luvenit
1072 1579 1220 1633 enim
1255 1582 1475 1635 modum
1513 1596 1622 1651 quo
1650 1596 1749 1651 per

148 1674 289 1727 varia
323 1681 673 1743 temporum,
706 1687 771 1726 ac
801 1671 1033 1742 plurima
1063 1672 1365 1737 intervalla,
1397 1673 1468 1729 ab
1499 1673 1747 1744 ingressu

149 1763 401 1818 muliebri
456 1772 684 1832 separet
726 1764 922 1818 viros:
978 1779 1107 1818 nam
1167 1764 1446 1820 mensibus
1515 1766 1747 1837 singulis

150 1859 350 1911 ﬂuxum
380 1858 677 1929 sanguinis
714 1857 1018 1928 patiuntur.
1051 1856 1273 1927 Septem
1324 1868 1507 1915 autem
1548 1860 1746 1916 diebus

150 1950 465 2004 immundas
491 1966 589 2006 eas
620 1965 761 2015 esse,
793 1964 996 2019 eosque
1023 1949 1186 2004 etiam
1220 1950 1313 2020 qui
1336 1949 1572 2021 simplici
1598 1961 1745 2009 tactu

154 2058 238 2097 cas
259 2043 626 2114 contingunt,
664 2044 974 2097 immundos
999 2058 1121 2098 esse
1152 2060 1324 2110 usque
1360 2046 1427 2100 ad
1457 2062 1743 2116 vesperam

156 2136 431 2206 pmcepit.
463 2136 575 2203 Qui
602 2152 734 2191 vero
757 2153 881 2193 cum
920 2138 1007 2192 his
1043 2139 1341 2203 dormiunt,
1378 2157 1488 2195 non
1524 2158 1631 2196 uua
1656 2143 1744 2198 die

157 2230 485 2297 immundos,
541 2230 639 2286 sed
695 2240 903 2301 septem
949 2231 1065 2287 dies
1118 2247 1240 2288 esse
1271 2233 1425 2289 dicit.
1458 2235 1600 2308 Ergo
1639 2238 1744 2293 sub

157 2323 358 2376 dierum
394 2324 705 2378 multorum
740 2324 1103 2389 continentia,
1136 2333 1244 2379 tam
1289 2327 1548 2383 mulieres
1586 2345 1614 2383 a
1667 2331 1744 2384 vi-

162 2414 245 2476 ris,
269 2430 437 2485 quam
472 2416 577 2470 viri
612 2432 641 2470 a
677 2417 996 2473 mulieribus
1023 2421 1350 2476 necessitate
1390 2423 1737 2480 cohibentur.

163 2505 222 2560 Et
246 2506 327 2561 his
358 2509 593 2577 quidem
626 2511 905 2565 sensibilis
927 2511 1168 2575 Judaeus,
1204 2520 1259 2566 et
1288 2515 1589 2570 secundum
1621 2532 1744 2571 car-

166 2616 274 2655 nem
306 2600 565 2657 Israelita
617 2604 797 2673 juvari
835 2621 935 2676 per
964 2606 1198 2662 litteram
1226 2618 1479 2679 poterat;
1521 2610 1625 2666 hoc
1657 2622 1742 2667 est

164 2701 327 2748 autem
381 2698 742 2751 verissimum
784 2699 1043 2769 juvamen
1101 2702 1360 2771 spiritalis
1418 2706 1740 2762 considera--

166 2787 332 2855 tionis,
374 2790 530 2860 quod
566 2799 651 2845 est
688 2791 834 2846 intus
862 2793 1154 2849 inclusum.
1199 2797 1399 2856 Fluxus
1434 2802 1585 2866 enim,
1613 2818 1740 2856 sau-

164 2879 328 2945 guinis
353 2884 582 2944 animae,
607 2884 766 2954 cujus
791 2901 1103 2955 personam,
1129 2899 1315 2958 utpote
1344 2892 1735 2958 eﬂeminatam,

166 2976 217 3023 et
259 2968 638 3029 fortitudinem
703 2977 926 3047 pietatis
985 2980 1343 3051 prodentem,
1399 2985 1453 3037 in
1510 2987 1739 3041 muliere

168 3076 296 3119 nunc
343 3066 629 3137 legislator
687 3070 1004 3137 insinuavit,
1051 3074 1356 3132 idololatria
1407 3090 1520 3133 est.
1566 3079 1739 3149 Hujus

169 3158 446 3213 secundum
498 3160 647 3230 quod
678 3160 818 3217 LXX
850 3165 1021 3220 edunt
1064 3168 1240 3235 ﬂuxus
1265 3169 1321 3221 in
1349 3186 1563 3239 corpore
1587 3172 1735 3241 ejus:

1332 440 1412 503 IN
1457 442 1894 509 LEVITICUM.
1923 445 2005 484 -’
2029 452 2178 517 LIB.
2212 458 2279 520 ν.

150 577 481 633 vesperam.
523 562 587 619 Et
624 561 678 617 in
727 576 835 633 quo
862 548 1163 627 dormierit,
1199 560 1284 617 vel
1320 562 1526 618 sederit
1557 563 1753 619 diebus
1784 571 1825 626 Α
1854 567 2015 628 aliter
2042 579 2353 648 mandatur,
2389 584 2494 641 nisi
2531 576 2744 648 lavatus

3340 484 3442 548 978

2041 598 2353 678 moneatur,
2389 598 2493 641 nisi
2531 598 2744 648 tavatus
2780 608 2939 665 aqua.
2986 598 3125 666 Quid
3158 602 3231 659 sit
3256 615 3438 660 autem

1856 679 1995 767 aqua
2037 676 2103 767 tu
2140 676 2577 767 praecedentibus
2620 684 2878 752 diximus,
2927 690 3197 749 intantum
3221 708 3438 767 oportet

1855 757 1926 812 ab
1957 764 2106 817 omni
2156 764 2475 827 idololatria
2518 776 2726 831 malitia
2769 780 3069 849 abstinere,
3118 795 3173 840 et
3212 757 3315 843 nec
3344 804 3438 844 eos

1854 852 1947 953 qui
1982 854 2145 953 idolis
2179 862 2448 953 serviunt,
2492 883 2593 923 nec
2628 871 2728 925 bos
2750 873 2955 942 quibus
2993 877 3065 931 illi
3093 881 3248 949 quasi
3278 896 3436 953 orga-

1854 944 1962 1007 nis,
1989 948 2070 1001 vel
2099 952 2254 1019 quasi
2290 953 2463 1023 lectis,
2496 967 2590 1012 aut
2622 962 2764 1016 vasis
2786 974 3040 1029 utuntur,
3077 944 3394 1043 contingere
3421 991 3433 1024 :

1854 1036 1908 1090 id
1933 1049 2016 1093 est
2066 1041 2118 1095 in
2147 1045 2295 1098 nullo
2358 1064 2481 1105 cum
2526 1053 2607 1107 eis
2646 1059 3091 1114 communionem
3122 1062 3345 1128 habere,
3380 1074 3438 1118 ut

1855 1128 2057 1187 Paulus
2113 1137 2432 1204 prohiberet
2492 1145 2655 1200 etiam
2719 1149 2773 1203 in
2835 1149 3000 1205 idolio
3081 1154 3427 1217 recumbere.

1851 1237 1914 1276 ac
1945 1226 2116 1281 multo
2145 1229 2314 1300 magis
2344 1235 2634 1289 comedere
2668 1237 3026 1311 idolothytum
3053 1243 3115 1296 ’³.
3161 1242 3267 1297 Sed
3320 1244 3436 1298 lucc

1851 1315 2072 1384 quidem
2099 1335 2289 1389 parum
2312 1336 2535 1387 nocent,
2561 1343 2663 1383 nec
2693 1331 3047 1399 pollutionem
3076 1334 3297 1390 habent.
3327 1337 3435 1391 Sed

1849 1408 1943 1462 illo
1967 1410 2055 1465 die
2085 1412 2425 1471 immundum
2459 1433 2581 1473 esse
2616 1421 2745 1475 dicit
2771 1424 3079 1493 legislator:

1853 1520 1869 1551 ι
1922 1500 2085 1559 Vens.
2132 1504 2222 1560 24.
2269 1526 2288 1559 ‹
2359 1509 2413 1563 Si
2437 1522 2617 1566 autem
2666 1513 2861 1583 aliquis
2928 1517 3120 1571 coierit
3158 1532 3281 1571 cum
3345 1531 3431 1580 ea,

1850 1604 2096 1666 tempore
2125 1601 2404 1672 sanguinis
2444 1606 2814 1670 menstrualis,
2862 1608 3174 1665 immundus
3203 1609 3303 1664 erit
3337 1625 3429 1664 se-

1850 1698 1998 1759 ptem
2027 1692 2162 1748 dics.
2193 1711 2212 1744 s

1920 1782 1976 1835 Id
2005 1794 2109 1849 est,
2137 1785 2184 1839 si
2218 1786 2340 1856 quis
2369 1788 2531 1853 malo,
2565 1797 2618 1843 et
2647 1790 2847 1845 actioni
2876 1792 3072 1846 animas
3125 1792 3285 1847 idolis
3313 1808 3433 1848 ser-

1849 1876 2047 1932 vientis
2075 1880 2579 1946 communicaverit,
2605 1882 2893 1938 immolans
2937 1884 3167 1939 forsitan
3220 1897 3275 1941 et
3316 1887 3431 1956 ipse

1849 1970 2024 2035 idolis,
2045 1971 2159 2026 sive
2191 1972 2386 2040 libans,
2410 1984 2503 2028 aut
2531 1976 2729 2046 aliquid
2758 1992 2925 2048 agens
2953 1978 3221 2034 idolorum
3254 1979 3433 2036 servio

1851 2066 1956 2120 tuti
1992 2066 2300 2135 proximum
2337 2086 2349 2123 :
2385 2068 2489 2123 hoc
2509 2077 2593 2123 est
2620 2069 2765 2123 enim
2807 2086 2932 2125 cum
2964 2072 3167 2126 ﬂuxum
3213 2072 3434 2143 sangui-

1845 2154 1932 2208 nis
1968 2153 2207 2224 patiente
2240 2155 2499 2220 dormire,
2528 2155 2903 2226 multipliciter
2965 2166 3196 2229 peccato
3228 2160 3429 2231 pollui-

1848 2256 1953 2301 tur.
1978 2246 2209 2318 Propter
2238 2249 2382 2318 quod
2414 2264 2514 2319 pro
2542 2264 2650 2304 una
2678 2249 2768 2304 die
2814 2257 3024 2320 septem
3056 2251 3251 2307 diebus
3299 2269 3425 2308 eum

1844 2343 2187 2399 immundum
2216 2359 2341 2400 esse
2366 2346 2647 2416 praecepit,
2676 2345 2819 2400 sicut
2859 2346 2949 2416 qui
3004 2362 3221 2403 omnem
3272 2366 3426 2405 suam

1845 2435 2032 2502 vitam,
2064 2445 2119 2490 et
2144 2452 2364 2491 omnem
2414 2453 2566 2492 suam
2607 2438 3082 2493 conversationem
3124 2439 3428 2497 lecitidolis

1843 2528 2131 2585 serviendo
2152 2530 2488 2586 sordescere.

1914 2623 2080 2680 Vens.
2112 2624 2298 2680 25-27.
2334 2642 2352 2676 ι
2391 2624 2583 2681 Mulier
2608 2640 2731 2695 quae
2775 2626 2979 2697 patitur
3005 2626 3194 2682 multis
3236 2625 3429 2683 diebus

1843 2713 2045 2769 fluxum
2063 2714 2363 2786 sanguinis,
2396 2730 2505 2770 non
2536 2724 2784 2786 tempore
2829 2718 3171 2783 menstruali,
3200 2718 3284 2773 vel
3307 2733 3428 2788 qua:

1842 2818 1961 2878 post
1985 2818 2327 2864 menstruum
2358 2811 2675 2880 sanguinem
2702 2809 2871 2866 ﬂuere
2891 2828 2999 2867 non
3034 2821 3234 2875 cessat,
3254 2829 3432 2884 quan—

1841 2900 1934 2955 diu
1966 2901 2094 2956 huic
2120 2901 2365 2971 subjacct
2401 2902 2659 2971 passioni,
2703 2902 2986 2957 immunda
3011 2902 3138 2967 erit,
3173 2904 3331 2973 quasi
3356 2904 3427 2957 si’.
3488 2938 3499 2945 ς

1843 2992 1897 3048 in
1930 3002 2174 3062 tempore
2194 3001 2498 3051 menstruo.
2542 2993 2716 3049 Omne
2750 3003 2979 3049 stratum
3022 2994 3078 3048 in
3136 3010 3244 3064 quo
3297 2996 3431 3050 dor-

1842 3086 2039 3150 mierit,
2063 3095 2118 3141 et
2149 3087 2318 3142 vasin
2349 3102 2459 3157 quo
2483 3087 2689 3143 sederit
2735 3087 3004 3157 pollutum
3029 3086 3153 3142 erit.
3186 3087 3431 3154 Quicun-

1841 3194 1948 3248 que
1983 3180 2226 3250 tetigerit
2277 3194 2361 3246 ea,
2407 3181 2609 3237 lavabit
2660 3181 2987 3253 vestimenta
3041 3198 3156 3247 sua,
3214 3192 3270 3237 et
3314 3182 3432 3252 ipse

173 3252 430 3345 corruptio
459 3253 638 3319 enim,
685 3270 780 3309 seu
826 3258 1063 3328 perditio
1106 3270 1191 3314 est
1222 3261 1446 3316 humani
1498 3266 1736 3335 generis,
1766 3273 1809 3331 C
1842 3271 1985 3325 lotus
2019 3288 2175 3342 aqua,
2228 3273 2545 3328 immundus
2600 3275 2705 3329 erit
2762 3288 2933 3342 usque
2961 3274 3027 3329 ad
3054 3290 3361 3345 vesperam.
3406 3292 3425 3325 ι

173 3337 478 3399 idololatrici
532 3347 818 3418 sanguinis
877 3349 1097 3406 eﬂ‘usio.
1135 3352 1367 3423 Propter
1423 3356 1568 3425 quod
1626 3374 1738 3413 non

176 3430 292 3487 dixit
314 3435 375 3489 de
399 3452 640 3508 corpore
673 3440 812 3509 ejus,
855 3458 1033 3509 neque
1067 3444 1214 3498 enim
1248 3462 1277 3498 a
1322 3448 1479 3504 nobis
1506 3459 1589 3505 est
1620 3451 1740 3507 ido-

174 3521 359 3583 lolatria
401 3532 724 3598 adinventa,
762 3534 857 3590 sed
910 3553 939 3592 a
979 3537 1320 3596 daemonibus
1354 3560 1367 3596 :
1404 3543 1456 3596 iu
1513 3560 1741 3615 corpore

180 3618 404 3679 videlicet
427 3627 620 3697 generi
652 3638 840 3684 nostro
870 3630 1072 3686 inﬂicta
1100 3642 1203 3697 est,
1240 3644 1294 3689 et
1320 3638 1600 3706 corruptio
1641 3638 1745 3693 hu-

177 3723 329 3768 mana:
373 3726 460 3771 est
507 3716 702 3773 affecta
752 3730 980 3777 natum.
1012 3724 1118 3779 Sed
1164 3734 1219 3779 et
1249 3734 1492 3796 tempora
1531 3729 1744 3785 denun-

181 3803 318 3871 tians,
378 3810 431 3865 in
490 3812 690 3881 quibus
742 3813 1046 3871 idololatria
1100 3818 1361 3885 obtinuit,
1415 3821 1484 3877 de
1540 3823 1743 3892 quibus

180 3894 356 3955 Paulus
388 3903 651 3979 dicebat:
687 3906 752 3960 Et
783 3909 993 3977 quidem
1037 3919 1272 3979 tempora
1313 3914 1629 3984 ignorantia:
1652 3918 1743 3971 de-

177 3987 373 4048 spiciens
393 3992 559 4057 Deus,
592 4011 729 4049 nunc
756 4001 1039 4053 annuntiat
1069 4016 1248 4055 omnes
1273 4003 1465 4073 ubique
1490 4007 1745 4072 pa’niten-

180 4078 294 4135 liam
320 4101 478 4154 agere
503 4089 568 4142 ¹⁸.
620 4088 758 4155 Quid
786 4091 923 4147 dixit
948 4111 959 4146 :
989 4092 1197 4165 Septem
1240 4097 1424 4152 diebus
1473 4102 1744 4168 separabi-

184 4175 284 4226 tur?
334 4175 491 4243 Quod
536 4181 622 4236 alii
660 4200 672 4236 :
734 4184 850 4238 Erit
904 4188 957 4239 in
990 4190 1302 4257 purgatione
1326 4207 1446 4245 sua.
1472 4193 1578 4248 Alii
1611 4211 1743 4250 vero

184 4260 539 4335 interpretes:
592 4272 655 4326 In
707 4279 1040 4344 separatione
1099 4282 1397 4351 iniquitatis
1451 4300 1577 4339 siue.
1637 4285 1741 4341 Alii

183 4364 337 4412 autem
362 4364 593 4417 miseria:
630 4366 937 4434 ediderunt,
972 4379 1032 4424 ut
1080 4387 1177 4441 per
1210 4376 1578 4443 septenarium
1624 4378 1741 4432 die-

182 4460 283 4503 tum
323 4468 637 4521 numerum,
678 4467 922 4531 tempora
966 4464 1322 4537 signiﬁcaret.
1375 4467 1614 4538 Spiritus
1647 4471 1740 4540 qui

186 4550 327 4607 usque
370 4547 437 4601 ad
508 4551 928 4619 complctionem
974 4562 1277 4625 temporum
1331 4569 1480 4624 sunt,
1532 4559 1586 4614 in
1633 4578 1737 4632 qua

185 4634 521 4702 completione
548 4643 856 4712 evangelica
897 4650 1149 4715 provenit
1180 4650 1515 4719 praedicatio,
1560 4654 1613 4708 in
1649 4655 1736 4711 his

185 4731 385 4818 separati
415 4748 445 4788 a
479 4734 588 4789 Deo
614 4752 713 4805 per
747 4738 1106 4795 idololatriam
1134 4743 1388 4800 homines
1435 4747 1488 4800 in
1517 4762 1738 4818 separa—

188 4813 309 4911 tione
336 4822 649 4896 iniquitatis,
679 4839 734 4885 et
755 4832 984 4888 miseria:
1024 4837 1333 4892 necessario
1358 4850 1535 4907 erant,
1567 4856 1737 4911 usque

189 4903 293 5006 dum
338 4912 444 4971 Deo
502 4936 600 4989 per
652 4925 1018 4995 evangelicam
1075 4931 1549 4987 conversationem
1605 4950 1737 4989 con—

186 5011 522 5097 lllngereinur,
552 5030 671 5083 quae
705 5016 757 5069 in
799 5026 1044 5072 octavam
1076 5019 1217 5074 diem
1268 5024 1536 5094 accipitur
1564 5045 1576 5081 :
1608 5028 1736 5097 quia

191 5105 391 5169 signum,
420 5114 473 5161 et
504 5108 855 5179 principium,
891 5122 944 5166 et
983 5129 1075 5168 ara
1108 5116 1515 5184 quodammodo
1546 5121 1731 5176 smculi

193 5196 259 5239 est
293 5191 463 5265 futuri,
513 5211 737 5272 propter
767 5205 932 5273 quod,
979 5216 1031 5261 et
1073 5219 1261 5263 octava
1311 5210 1400 5265 die
1436 5209 1735 5269 Salvatoris

194 5292 417 5345 Processit
452 5296 804 5350 resurrectio.
845 5298 962 5353 Non
998 5301 1172 5356 solum
1205 5313 1388 5358 autem
1424 5304 1582 5361 idolis
1612 5323 1733 5361 ser-

196 5372 324 5431 viens
359 5386 550 5454 anima,
584 5390 679 5444 sed
719 5398 772 5444 ct
807 5389 851 5444 is
879 5392 970 5462 qui
1008 5409 1127 5448 eam
1162 5396 1355 5467 tangit,
1393 5397 1445 5451 id
1488 5408 1590 5463 est,
1638 5402 1730 5470 qui

198 5469 426 5545 i‘articeps
446 5480 562 5549 ejus
589 5481 821 5538 eliiritur
854 5503 867 5538 :
901 5494 952 5538 et
1001 5488 1170 5542 multo
1204 5489 1373 5559 magis
1409 5490 1518 5556 hic,
1552 5469 1731 5562 qui-in

200 5571 287 5656 ‘llIO
325 5567 525 5637 dormit,
575 5576 658 5629 vel
694 5576 744 5630 in
775 5592 883 5646 quo
924 5578 1096 5645 sedet,
1137 5589 1322 5651 utpote
1346 5582 1437 5653 qui
1467 5583 1731 5640 doctrinae

202 5660 313 5743 ξειυε,
341 5669 388 5713 et
419 5665 718 5719 traditionis
739 5667 1008 5737 particeps
1039 5669 1122 5723 vel
1153 5672 1245 5740 qui
1275 5673 1468 5726 coierit
1490 5689 1615 5728 cum
1644 5690 1727 5740 ea,

203 5750 470 5808 immundus
523 5756 645 5821 erit,
679 5766 731 5811 et
788 5759 1158 5814 mundationis
1195 5777 1330 5831 opus
1393 5764 1574 5829 habet,
1631 5782 1731 5821 nec

286 5921 454 5988 “Act.
489 5951 620 6001 xvii,
658 5937 744 5991 30.
859 5941 902 5973 ¹⁵
936 5942 953 5995 l
982 5941 1105 5997 Cor.
1140 5959 1283 6007 ιιι-ιιι,
1322 5941 1474 5995 8-H.

1913 3363 2187 3428 Quantum
2212 3363 2449 3419 vindicet
2484 3364 2706 3434 Spiritus
2731 3364 2820 3419 Dei
2849 3365 2982 3436 legis
3009 3364 3431 3434 contemplatis-

1844 3468 1991 3518 nem,
2024 3463 2081 3509 et
2106 3453 2395 3509 lectionem
2425 3456 2622 3511 littera:
2675 3456 2763 3510 his
2794 3472 2914 3526 quae
2944 3472 3042 3527 per
3099 3466 3279 3528 partes
3302 3473 3431 3512 san-

1845 3546 2090 3613 ciuntur,
2122 3547 2367 3602 ostendit
2405 3565 2416 3599 :
2451 3547 2578 3618 quia
2633 3548 2780 3602 enim
2823 3548 3024 3603 ﬂuxum
3058 3548 3284 3604 seminis
3333 3564 3431 3619 pa—

1846 3638 2094 3702 tientem,
2117 3640 2207 3710 qui
2234 3640 2398 3695 habet
2432 3640 2484 3694 in
2535 3640 2653 3711 lege
2696 3641 2991 3696 obscenam
3019 3650 3076 3696 et
3117 3651 3427 3712 corruptam

1849 3732 2182 3795 doctrinam,
2216 3733 2343 3788 olim
2380 3734 2640 3799 diximus,
2677 3743 2731 3789 et
2771 3734 2838 3789 de
2889 3750 2996 3804 quo
3024 3733 3200 3789 coitus
3242 3750 3428 3789 semen

1847 3827 2148 3897 egreditur,
2186 3826 2412 3883 Iudaica
2464 3837 2654 3882 utenle
2709 3827 2979 3882 doctrina.
3030 3826 3333 3881 Restabant
3373 3825 3428 3879 hi

1847 3918 1936 3987 qui
1966 3934 2302 3989 paganorum
2329 3919 2634 3974 doctrinam
2662 3919 2861 3975 docent
2896 3938 2908 3973 :
2942 3934 3070 3975 ecce
3097 3918 3259 3973 etiam
3280 3918 3429 3988 ipsos

1846 4026 1993 4065 nunc
2019 4021 2323 4083 opportune
2350 4012 2626 4067 subint‘ert
2662 4029 2805 4068 esse.
2857 4013 2995 4083 Ergo
3030 4011 3233 4066 ﬂuxum
3298 4027 3429 4065 san~

1846 4103 2044 4174 guinis,
2070 4104 2334 4159 idolorum
2366 4105 2758 4168 seductionem,
2782 4113 2837 4159 et
2868 4120 3109 4159 errorem
3162 4103 3427 4168 diximus,

1846 4206 2034 4266 utpote
2059 4211 2261 4267 genere
2281 4196 2673 4251 dzemoniorum
2712 4196 2974 4268 sanguine
3024 4195 3315 4266 gaudente,
3376 4203 3431 4248 et

1845 4308 1956 4347 non
1985 4292 2159 4346 solum
2192 4305 2472 4362 pecorum,
2505 4290 2844 4359 aliorumque
2862 4290 3174 4343 animalium
3208 4288 3427 4342 irratiov-

1845 4385 2129 4452 nobilium,
2164 4385 2259 4441 sed
2289 4385 2453 4440 etiam
2479 4383 2761 4439 hominum
2793 4381 3056 4438 sacrificia
3091 4380 3424 4450 praecipiem-

1846 4479 1939 4542 tia,
1962 4478 2033 4533 ita
2062 4488 2121 4533 ut
2142 4478 2194 4532 in
2221 4478 2410 4534 multis
2433 4478 2569 4532 locis
2594 4476 2735 4546 apud
2773 4491 2868 4531 eos
2900 4474 3024 4529 talia
3077 4473 3429 4528 celebraren-

1846 4581 1935 4625 tur
1963 4571 2241 4642 mysteria,
2270 4570 2437 4625 veluti
2465 4569 2703 4638 Dionysii
2738 4577 2794 4622 et
2830 4568 3032 4630 Dianae,
3083 4565 3426 4631 aliorumque

1843 4660 2173 4725 dmmouum,
2198 4662 2252 4715 in
2297 4668 2505 4715 tantum
2558 4658 2739 4713 ﬂuxus
2793 4656 3078 4729 sanguinis
3134 4653 3277 4724 apud
3331 4666 3426 4706 eos

1843 4749 2141 4805 inoleverat
2173 4770 2185 4805 :
2218 4749 2451 4805 Attende
2482 4758 2663 4804 autem
2710 4764 2875 4811 nunc,
2907 4748 3107 4818 quibus
3135 4744 3315 4801 verbis
3344 4743 3426 4800 le-

1843 4846 2063 4917 gislator
2097 4861 2227 4900 usus
2255 4853 2357 4901 est.

1919 4936 2113 4991 Mulier
2148 4954 2263 5009 qum
2285 4940 2487 5005 patitur
2518 4936 2698 4990 multis
2765 4935 2945 4989 diebus
2971 4937 3171 5004 ﬂuxum
3200 4934 3426 5004 sangui-

1847 5031 1924 5084 nis
1956 5047 2055 5083 non
2104 5039 2333 5099 tempore
2358 5030 2689 5083 menstruali.
2718 5027 2870 5094 Quod
2918 5025 3058 5081 LXX
3099 5028 3178 5081 sic
3230 5026 3423 5081 edide-

1838 5134 1967 5178 runt
2009 5141 2023 5177 :
2056 5124 2248 5178 Mulier
2274 5125 2319 5176 si
2337 5125 2469 5192 ﬂuat
2494 5124 2809 5191 proﬂuvium
2840 5121 3115 5192 sanguinis
3146 5121 3254 5173 dies
3278 5136 3423 5174 com-

1837 5217 2032 5288 plures.
2065 5217 2182 5272 Non
2211 5217 2369 5278 dixit,
2399 5218 2439 5270 si
2473 5215 2591 5270 ﬂuit
2623 5215 2969 5286 sanguinem,
2996 5213 3139 5284 quod
3169 5212 3424 5267 cstidolis

1838 5310 2066 5373 servire,
2112 5309 2227 5363 sive
2247 5308 2530 5363 immolare
2555 5307 2684 5362 :sed
2714 5307 2773 5361 Si
2794 5307 3007 5375 ﬂuxerit
3041 5307 3243 5375 [luxum
3293 5321 3421 5357 san-

1837 5403 2029 5475 guinis,
2070 5402 2122 5456 id
2144 5412 2247 5467 est,
2279 5401 2322 5456 si
2356 5400 2474 5456 ﬂuit
2498 5400 2766 5455 maculam
2806 5406 2861 5453 et
2914 5412 3154 5453 errorem
3188 5395 3419 5449 idolola-

1840 5495 1989 5550 trire:
2023 5493 2357 5550 facitautem
2384 5494 2488 5548 hoc
2528 5508 2639 5547 non
2687 5492 2740 5546 in
2771 5499 3017 5560 tempore
3072 5485 3414 5545 menstruali,

1843 5588 1892 5640 id
1929 5596 2034 5648 est,
2054 5602 2159 5640 non
2189 5586 2242 5639 iu
2276 5584 2614 5655 temporibus
2639 5584 2836 5653 quibus
2877 5581 3146 5635 idolorum
3180 5576 3418 5631 servitus

1841 5676 2142 5739 obtinebat,
2184 5676 2299 5730 haec
2329 5689 2452 5729 esse
2482 5671 2838 5728 menstrualia
2897 5679 3165 5737 tempora,
3218 5666 3269 5718 in
3313 5664 3417 5717 illis

1841 5768 2041 5833 verbis,
2081 5768 2136 5821 in
2170 5767 2367 5837 quibus
2395 5766 2461 5821 de
2490 5782 2551 5821 ea
2582 5764 2955 5835 loquebamur,
2990 5770 3271 5815 ostensum
3309 5766 3415 5812 est.
