4046 6418
611 457 713 520 979

1793 446 2154 510 HESYCHII
2195 443 2668 507 PRESBYTERI

3727 446 3808 507 980

612 574 721 631 Sed
758 582 813 630 et
841 580 1125 645 postquam
1148 567 1578 641 ccepitscientia,
1616 575 1667 623 et
1689 581 1789 637 per
1815 565 2183 637 evangelicam
2222 566 2260 622 Δ
2290 567 2632 635 praeciperet,
2663 560 2790 632 quia
2821 558 3082 615 divinitas
3113 556 3279 614 debet
3342 556 3567 628 intelligi
3607 556 3655 610 in
3695 568 3811 616 ante

612 666 913 723 doctrinam
936 666 1123 720 lumen
1149 662 1364 735 pietatis
1420 660 1618 725 illuxit,
1672 659 1789 730 ipse
1832 667 2014 713 tamen
2072 656 2176 709 im-

614 756 816 811 munda
876 754 1013 819 ﬂuit,
1063 753 1298 809 etdocet
1360 751 1608 821 quaadam
1675 749 1851 805 errori
1917 747 2187 803 idolorum

615 847 884 916 proxima,
916 844 1229 900 immundus
1258 851 1360 905 est,
1396 840 1535 895 sicut
1589 840 1663 895 illi
1713 840 1931 893 illorum
1977 845 2191 907 tempo-

617 956 759 1002 rum,
794 939 849 993 in
883 938 1081 1009 quibus
1110 937 1261 991 furor
1314 934 1579 989 idolorum
1641 932 1940 995 obtinebat,
1962 930 2050 985 illa
2095 930 2192 984 do-

616 1039 806 1087 centes
829 1013 1168 1100 quaecunque
1195 1027 1259 1081 ad
1294 1026 1509 1081 illorum
1546 1023 1893 1094 pertinebant
1914 1036 2189 1077 errorem:

616 1132 775 1178 erant
800 1123 946 1177 enim
974 1122 1139 1176 etiam
1169 1128 1299 1174 tunc
1338 1117 1623 1182 immundi,
1651 1116 1747 1171 sed
1776 1125 1832 1171 et
1858 1130 2005 1169 nunc
2022 1114 2193 1169 multo

620 1214 813 1286 magis,
872 1213 1000 1284 quia
1048 1213 1157 1284 jam
1207 1212 1412 1267 nudata
1455 1219 1538 1266 est
1579 1206 1923 1263 immunditia
1978 1221 2190 1271 eorum,

620 1314 678 1361 et
709 1319 866 1360 error
916 1304 1221 1361 convictus.
1278 1303 1449 1370 Quam
1481 1303 1608 1372 quia
1668 1299 1965 1354 noluerunt
2007 1298 2194 1354 oculos

618 1412 749 1451 suos
782 1397 1028 1467 przebere
1059 1396 1163 1451 luci
1189 1411 1331 1451 vera:
1372 1394 1770 1466 intelligentiae,
1805 1401 2030 1465 propter
2049 1390 2193 1462 quod

618 1489 756 1544 dixit
790 1508 804 1542 :

688 1576 817 1645 Quae
842 1579 1047 1649 patitur
1095 1580 1297 1649 ﬂuxum
1346 1579 1642 1649 sanguinis,
1705 1594 1809 1632 non
1866 1578 1922 1632 in
1969 1587 2196 1645 tempore

619 1684 907 1737 menstruo,
935 1673 1015 1727 vel
1054 1689 1168 1744 qua:
1194 1682 1307 1742 post
1338 1682 1661 1726 menstruum
1684 1672 1999 1741 sanguinem
2032 1672 2198 1739 ﬂuere

620 1779 724 1818 non
744 1771 930 1828 cessat,
962 1762 1198 1832 quandiu
1228 1762 1348 1815 huic
1377 1761 1615 1831 subjacet
1641 1760 1892 1829 passioni,
1920 1761 2196 1815 immunda

619 1857 739 1911 erit.
775 1854 909 1910 Nam
946 1855 1049 1910 etsi
1086 1869 1192 1908 non
1226 1854 1489 1925 integram
1551 1852 1933 1919 idololatriam,
1970 1854 2196 1924 auguria

620 1956 802 2001 tamen
833 1954 889 2001 et
915 1945 1279 2001 divinationes
1300 1956 1395 2001 aut
1415 1951 1784 2016 purgationes,
1803 1955 1897 2001 aut
1922 1946 2196 2001 veneﬁco-

621 2054 741 2093 rum
792 2048 941 2094 artes
966 2039 1177 2105 doceat,
1207 2039 1564 2095 nihilominus
1604 2048 1660 2094 et
1710 2039 1800 2095 hic
1862 2039 2193 2105 immundus,

618 2130 1078 2201 quemadmodum
1111 2140 1167 2186 et
1220 2130 1298 2186 illi
1343 2132 1437 2201 qui
1484 2132 1644 2203 plene
1692 2132 2055 2201 idololatriam
2112 2131 2198 2187 bis

617 2223 817 2292 quibus
843 2222 1023 2280 ﬂoruit
1068 2224 1425 2295 temporibus,
1488 2225 1778 2280 tradebant
1809 2232 1865 2280 et
1895 2225 2193 2281 docebant.

619 2315 725 2369 Sed
748 2323 803 2368 et
827 2315 1140 2385 quicunque
1174 2315 1261 2369 bis
1292 2330 1360 2371 ex
1395 2330 1560 2385 opere
1588 2316 1975 2386 discipulatum
2037 2331 2197 2372 suum

617 2407 881 2477 praebent,
916 2406 973 2462 in
991 2421 1222 2476 persona
1256 2406 1452 2460 horum
1473 2406 1811 2478 intelligitur.

689 2498 929 2553 Stratum
956 2500 1013 2553 in
1038 2516 1139 2571 quo
1169 2500 1465 2565 dormierit,
1503 2508 1551 2554 et
1569 2516 1661 2554 vas
1682 2500 1738 2553 in
1757 2516 1860 2571 quo
1885 2499 2097 2555 sederit.
2140 2499 2198 2555 id

619 2600 703 2647 est
732 2592 786 2647 hi
815 2593 906 2662 qui
934 2593 1177 2648 studiose
1195 2592 1298 2648 has
1327 2592 1611 2648 doctrinas
1675 2592 2003 2663 suscipiunt,
2057 2591 2200 2647 sicut

618 2686 914 2755 prredictus
943 2702 1125 2741 sermo
1154 2686 1497 2751 monstravit,
1532 2686 1801 2741 immundi
1829 2695 1992 2741 erunt
2011 2700 2201 2756 quem-

617 2778 910 2833 admodum
940 2786 996 2833 et
1031 2779 1085 2833 bi
1114 2779 1208 2849 qui
1253 2794 1349 2834 eos
1412 2778 1634 2834 docent.
1668 2778 1784 2833 Hoc
1830 2777 1976 2833 enim
2016 2785 2202 2833 osten-

522 2921 529 2929 .
619 2873 1060 2944 denslegislator
1094 2874 1164 2930 de
1202 2883 1374 2929 strato
1400 2882 1456 2928 et
1506 2888 1634 2928 vase
1683 2872 1842 2938 dixit,
1896 2872 2200 2926 secundum

618 2961 785 3025 LXX,
815 2965 1146 3018 immundum
1171 2966 1268 3019 erit
1291 2965 1574 3019 secundum
1618 2964 1731 3017 dies
1781 2962 2028 3032 proﬂuuii
2062 2962 2197 3031 ejus,

621 3069 716 3109 eos
744 3055 836 3125 qui
860 3070 927 3110 ex
948 3070 1108 3124 opere
1138 3056 1263 3111 talia
1298 3057 1517 3112 discunt
1539 3057 1864 3113 docentibus
1894 3055 2199 3127 comparari

621 3148 868 3219 cupiens.
902 3147 961 3201 ln
991 3157 1201 3202 tantum
1230 3158 1413 3205 autem
1439 3150 1556 3206 bmc
1586 3165 1715 3205 vera
1743 3158 1890 3216 sunt,
1918 3158 1973 3205 et
1998 3150 2071 3204 ita
2105 3148 2199 3204 Dei

2228 1915 2269 1972 Β

2292 656 2547 720 rioribus,
2574 664 2718 710 retro
2747 652 3139 708 humanitatem
3160 649 3529 721 intelligimus,
3562 650 3691 704 banc
3710 667 3813 720 gen-

2293 757 2395 811 tcs,
2430 762 2550 817 quae
2578 745 2631 799 in
2661 743 2809 798 ﬂuxu
2835 742 3144 799 constituta:
3183 750 3341 796 erant
3366 740 3658 811 sanguinis,
3677 740 3816 795 idolo-

2291 855 2412 893 rum
2440 838 2717 908 proposito
2747 835 2988 907 tetigisse
3020 834 3273 890 dicimus.
3305 830 3457 898 Quod
3496 831 3537 885 si
3565 847 3662 885 non
3677 834 3816 887 solum

2293 944 2407 995 eos,
2436 929 2530 999 qui
2560 928 2626 984 ad
2656 926 3052 983 effundendum
3076 924 3397 981 idololatrize
3420 922 3725 993 sanguinem
3746 939 3819 977 va-

2293 1034 2438 1088 cant,
2472 1021 2568 1075 sed
2595 1020 2757 1075 etiam
2788 1035 2885 1075 eos
2904 1018 2995 1089 qui
3018 1018 3217 1074 docent
3243 1031 3328 1080 ea,
3376 1032 3500 1085 quae
3554 1015 3617 1069 ad
3660 1016 3820 1070 doctri-

2293 1130 2419 1169 nam
2452 1111 2729 1183 pertinent
2760 1126 3120 1181 paganorum,
3156 1108 3362 1164 ﬂuxum
3390 1107 3668 1178 sanguinis
3688 1124 3824 1178 expo<

2295 1205 2523 1269 suimus,
2556 1220 2664 1260 non
2696 1213 2780 1259 est
2808 1200 3126 1258 admirabile
3167 1216 3180 1252 :
3217 1214 3335 1254 mos
3364 1199 3567 1269 quippe
3595 1206 3673 1253 est
3708 1204 3821 1269 apud

2294 1299 2611 1361 exteriores,
2653 1295 2887 1352 afﬂuens
2922 1294 3220 1365 eloquium,
3269 1291 3671 1363 largissimeque
3691 1307 3741 1346 sc
3778 1309 3825 1347 ac

2294 1391 2450 1446 facile
2475 1391 2543 1445 ad
2565 1389 2872 1446 doctrinam
2900 1387 3193 1443 effundens
3216 1385 3421 1439 ﬂuxmn
3438 1383 3525 1439 vel
3543 1384 3825 1439 rhetoricam

2294 1481 2584 1553 appellare.

2370 1573 2531 1627 Vens.
2558 1569 2751 1627 28-31.
2789 1588 2808 1621 ‹
2845 1566 2901 1622 Si
2930 1565 3144 1623 steterit
3171 1564 3395 1635 sanguis
3418 1572 3475 1618 et
3496 1560 3655 1618 ﬂuere
3682 1577 3828 1617 cessa-

2295 1665 2457 1730 verit,
2484 1660 2796 1718 numerabit
2825 1668 3035 1729 septem
3066 1657 3185 1713 dies
3208 1653 3606 1727 puriﬁcationis
3633 1669 3749 1718 suae,
3787 1664 3828 1708 et

2297 1766 2492 1813 octavo
2522 1754 2611 1811 die
2646 1754 2841 1809 oﬂeret
2869 1767 2968 1821 pro
2996 1765 3057 1805 se
3108 1748 3379 1805 sacerdoti
3424 1747 3563 1801 duos
3612 1754 3826 1806 turtures.

2296 1852 2382 1909 vel
2414 1850 2552 1905 duos
2583 1848 2763 1919 pullos
2801 1846 3068 1902 columbae
3099 1843 3169 1898 ad
3200 1842 3402 1898 ostium
3433 1838 3746 1896 tabernaculi
3766 1849 3826 1892 te-

2298 1943 2564 1999 stimonii.
2609 1940 2712 2007 Qui
2739 1955 2908 1995 unum
2950 1937 3112 1993 faciet
3154 1950 3251 2006 pro
3280 1940 3525 2004 peccato,
3551 1930 3757 1984 alterum
3788 1928 3827 1983 in

2298 2036 2695 2100 holocaustum,
2729 2032 3048 2104 rogabitque
3095 2044 3195 2099 pro
3224 2042 3287 2081 ea
3319 2040 3507 2081 coram
3532 2022 3755 2086 Domino,
3788 2032 3830 2075 et

2300 2145 2397 2201 pro
2423 2128 2691 2200 proﬂuvio
2712 2125 3073 2181 immunditia:
3104 2122 3244 2191 ejus.
3266 2117 3547 2174 Docebitis
3576 2130 3695 2186 ergo
3721 2115 3830 2169 ﬁlios

2298 2220 2484 2287 Israel,
2509 2228 2571 2274 ut
2611 2226 2837 2275 caveant
2876 2216 2931 2270 in
2961 2212 3327 2275 immunditia,
3350 2219 3409 2265 et
3440 2224 3550 2263 non
3571 2208 3828 2263 moriantur

2297 2310 2350 2364 in
2369 2309 2621 2366 sordibus
2633 2308 2767 2372 suis,
2787 2321 2911 2362 cum
2934 2304 3245 2376 polluerunt
3266 2297 3669 2356 tabernaculum
3684 2312 3827 2352 meum

2298 2402 2443 2472 quod
2472 2408 2557 2456 est
2586 2401 2727 2455 inter
2754 2414 2870 2455 eos.
2920 2417 2938 2449 ι

2372 2496 2505 2562 Quae
2537 2493 2711 2550 virtus
2756 2490 2922 2561 hujus
2947 2487 3199 2543 sacriﬁcii
3230 2487 3323 2552 sit,
3356 2495 3415 2541 et
3470 2484 3637 2555 qualis
3671 2483 3716 2537 in
3764 2482 3829 2537 his

2299 2589 2393 2660 qui
2417 2586 2623 2641 ﬂuxum
2645 2580 2870 2639 seminis
2892 2579 3193 2649 patiuntur,
3237 2576 3291 2630 in
3328 2586 3597 2645 quantum
3645 2587 3828 2627 necesse

2301 2691 2420 2739 erat
2450 2679 2733 2737 diximus:
2771 2675 2972 2731 similia
3012 2674 3160 2731 enim
3214 2682 3271 2727 et
3315 2670 3430 2725 illic
3475 2670 3561 2724 lex
3598 2665 3828 2737 praecepit.

2302 2772 2458 2828 Sicut
2486 2769 2632 2825 enim
2664 2767 2738 2822 ibi
2768 2764 3170 2833 sibimetipsum
3210 2773 3431 2814 sumere
3468 2764 3711 2815 turtures,
3758 2759 3831 2804 aut

2301 2862 2580 2921 columbas
2607 2860 2661 2914 in
2690 2856 3022 2913 sacriﬁcium
3060 2851 3268 2908 ﬂuxum
3317 2846 3546 2903 seminis
3584 2844 3828 2915 patientem

2299 2956 2575 3028 legislator
2619 2950 2895 3022 praecepit,
2939 2947 3066 3017 quia
3116 2942 3363 3014 magistri
3424 2941 3600 2995 locum
3655 2935 3829 2991 tenebat

2301 3026 2461 3121 atque
2500 3056 2812 3115 personam,
2838 3040 2917 3095 sic
2941 3048 2996 3093 et
3018 3051 3167 3091 nunc
3198 3036 3341 3089 hanc
3369 3047 3495 3101 quae
3524 3029 3636 3083 ﬂuit
3668 3026 3828 3080 ﬂuxum

2302 3120 2605 3211 sanguinis,
2639 3135 2875 3206 ﬁgurare
2918 3130 3065 3186 enim
3130 3142 3251 3183 eam
3295 3125 3558 3186 diximus,
3619 3120 3828 3175 docentes

620 3210 710 3294 lex
729 3238 1070 3294 immundum
1102 3240 1235 3295 dicit
1262 3256 1411 3307 eum,
1445 3241 1536 3312 qui
1564 3242 1645 3295 vel
1671 3256 1838 3311 pauca
1855 3210 2046 3295 horum
2074 3239 2201 3293 atti-
2230 3257 2270 3312 ο
2305 3210 2427 3300 (μιεὲ
2449 3227 2516 3284 ad
2538 3240 2779 3283 errorem
2805 3219 3125 3312 ίάοιοιθιΐξῖθ
3168 3215 3475 3312 Ρθτξίυθηί-
3495 3210 3827 3312 ﬂuam“???

622 3332 720 3404 git,
746 3332 871 3402 quia
906 3333 974 3388 ad
1006 3334 1147 3389 idola
1171 3335 1503 3405 pertinentia
1545 3336 1866 3406 loquuntur,
1897 3342 2196 3404 autagunt,

623 3435 685 3480 ut
711 3434 913 3481 etcum
949 3427 1041 3497 qui
1073 3428 1158 3482 vel
1179 3428 1430 3483 comedet
1458 3444 1584 3483 cum
1614 3428 1715 3493 eis,
1746 3437 1841 3482 aut
1872 3442 2065 3481 mensa
2096 3441 2196 3496 po-

624 3525 794 3587 tuque
824 3520 1310 3574 communicaverit
1341 3521 1747 3591 mysteriorum.
1807 3520 1950 3574 sicut
2009 3532 2199 3571 revera

622 3607 964 3663 immundum
986 3608 1248 3664 societate
1287 3619 1586 3665 removeat.
1621 3609 1779 3664 Unde
1814 3619 1871 3663 et
1902 3607 2200 3663 Corinthiis

620 3702 902 3757 scribebat
930 3698 1168 3756 Paulus:
1199 3703 1318 3756 Non
1352 3702 1565 3771 potestis
1611 3701 1828 3754 calicem
1862 3699 2070 3754 Domini
2121 3700 2201 3754 bi-

624 3793 763 3859 bere,
804 3806 852 3848 et
875 3794 1089 3848 calicem
1114 3794 1493 3848 dwmouiorum
1521 3794 1582 3845 ".
1615 3793 1699 3846 An
1744 3792 2063 3847 aemulamur
2094 3790 2201 3846 Do-

622 3888 871 3941 ntiuum?
909 3887 1153 3957 nunquid
1182 3885 1436 3941 fortiores
1462 3886 1553 3940 illo
1585 3886 1811 3940 sumus?
1868 3884 1936 3939 Et
1961 3900 2151 3939 rursus
2181 3903 2196 3940 :

621 3976 758 4034 Nolo
776 3994 863 4032 vos
881 3979 1045 4032 socios
1074 3977 1451 4031 daemoniorum
1501 3992 1609 4030 esse
1632 3975 1694 4030 "’.
1729 3975 1840 4029 Cur
1860 3982 2042 4029 autem
2074 3990 2199 4028 mu-

622 4071 774 4126 lieris
802 4070 1102 4125 introduxit
1128 4084 1441 4143 personam,
1475 4068 1615 4123 bene
1648 4066 1920 4122 novimus.
1956 4065 2200 4121 Diximus

622 4163 795 4227 enim,
832 4162 959 4232 quia
995 4176 1095 4232 pro
1126 4178 1193 4217 eo
1217 4162 1363 4232 quod
1390 4161 1782 4232 cogitationum
1814 4158 2126 4216 virilitatem
2148 4167 2202 4214 et

622 4254 822 4310 divinae
856 4254 1099 4310 scientiae
1125 4253 1528 4316 fortitudinem,
1566 4252 1621 4307 hi
1652 4252 1742 4322 qui
1792 4251 1847 4306 in
1881 4250 2201 4305 idololatria:

622 4346 946 4402 deciderunt
973 4361 1242 4411 errorem,
1274 4346 1653 4417 prodiderunt,
1688 4344 2009 4414 animasque
2068 4358 2195 4398 suas

623 4437 1098 4504 eﬂ'eminaverunt,
1128 4448 1275 4493 recte
1307 4438 1360 4492 in
1387 4437 1472 4493 his
1524 4436 1616 4507 qui
1663 4444 1832 4507 agunt
1861 4444 1915 4490 et
1978 4435 2197 4500 docent,

620 4547 961 4604 quascunque
992 4532 1160 4589 cultui
1200 4532 1469 4588 idolorum
1517 4530 1932 4601 impenduntur,
1972 4527 2198 4600 ﬁguram

621 4625 871 4681 mulieris
900 4626 1229 4681 insinuasse.
1252 4625 1431 4695 Hujus
1453 4625 1602 4680 enim
1662 4622 1956 4694 imaginem
2007 4635 2199 4691 gerere

621 4717 977 4789 intelligimus
999 4733 1141 4783 eam,
1174 4733 1297 4788 qum
1327 4718 1384 4772 in
1414 4716 1725 4788 Evangeliis
1756 4714 1959 4769 ﬂuxum
1992 4713 2201 4783 patitur

622 4809 927 4880 sanguinis,
980 4824 1103 4878 quae
1148 4824 1367 4866 omnem
1425 4807 1808 4865 substantiam.
1868 4804 1984 4860 sive
2032 4803 2199 4877 vitam

622 4915 779 4954 suam
813 4898 869 4953 in
897 4900 1127 4953 medicis
1149 4899 1432 4969 expendit,
1458 4898 1511 4953 in
1544 4899 1629 4953 his
1651 4899 1746 4970 qui
1771 4897 1915 4968 apud
1938 4904 2203 4951 eoserant

624 4990 988 5059 phi1050pbis.
1048 4989 1167 5044 Non
1224 5000 1409 5045 tamen
1460 5000 1647 5045 sanata
1711 4997 1796 5045 est
1868 5004 1965 5059 per
2011 5002 2106 5043 eos
2133 4987 2203 5041 ab

623 5079 858 5151 Egypto
887 5080 1153 5137 decedere
1173 5082 1377 5138 erroris
1405 5082 1508 5147 sui,
1537 5082 1663 5152 quia
1719 5083 1946 5136 dicentes
1984 5097 2039 5134 se
2091 5096 2201 5133 esse

623 5173 904 5243 sapientes,
935 5172 1085 5227 stulti
1112 5173 1243 5243 facti
1266 5184 1386 5229 sunt
1408 5176 1473 5229 ‘9.
1521 5175 1658 5231 Cum
1687 5173 1835 5229 enim
1886 5173 2205 5228 viderentur

624 5266 1039 5322 simulacrorum
1098 5266 1248 5322 cultu
1297 5275 1353 5322 et
1403 5266 1587 5323 furore
1627 5265 2091 5331 alienati,terram
2125 5271 2205 5318 ta-

627 5374 754 5413 men
812 5358 1198 5426 metiebantur,
1233 5375 1413 5415 aerem
1457 5368 1513 5414 et
1541 5344 1759 5423 coelum,
1785 5372 2019 5428 quorum
2065 5357 2205 5411 scire

625 5450 795 5507 solius
822 5452 915 5506 Dei
947 5459 1029 5506 est
1066 5451 1308 5515 exordia,
1372 5450 1653 5505 terminos.
1724 5448 1857 5514 Qum
1916 5449 2031 5503 haec
2076 5463 2205 5519 ergo

629 5544 899 5599 ﬁmbriam
925 5542 1056 5598 Jesu
1090 5552 1240 5597 retro
1297 5552 1544 5612 tangens,
1588 5542 1814 5595 liberata
1845 5550 1929 5595 est
1962 5555 1990 5594 a
2034 5539 2203 5594 ﬂuxu.

631 5638 871 5693 Dicimus
894 5647 1076 5693 autem
1103 5637 1369 5692 ﬁmbriam
1398 5636 1535 5706 ejus,
1571 5637 1729 5692 ﬁdem
1760 5634 1879 5705 ejus
1906 5655 1918 5704 ;
1952 5651 2077 5690 nam
2108 5652 2205 5690 cu-

628 5731 719 5800 jus
743 5729 820 5785 rci
850 5729 1021 5801 gratia
1044 5744 1168 5784 cum
1200 5728 1470 5785 fimbriam
1525 5728 1706 5785 facere
1728 5729 1972 5784 vestibus
2001 5726 2209 5799 Moyses

744 5912 789 5945 η
818 5911 838 5965 ι
865 5910 989 5985 ειν.
1021 5929 1075 5972 ι.
1103 5912 1192 5967 eo.

1307 5914 1344 5942 ”
1374 5912 1507 5967 ibid.
1621 5910 1661 5943 ¹⁸
1692 5910 1853 5966 Rom.
1885 5926 1924 5972 t,
1948 5907 2039 5961 ⁸ὶὲ.

2299 3296 2664 3391 eloquentiam
2686 3316 2910 3379 docens,
2945 3320 3000 3366 et
3021 3307 3348 3378 eloquentia:
3368 3304 3704 3376 participans,
3725 3296 3827 3352 sibi-

2301 3413 2515 3485 metipsi
2536 3424 2753 3466 sumere
2794 3421 2916 3477 quae
2955 3404 3021 3459 ad
3048 3402 3428 3474 purgationem
3462 3394 3829 3485 proﬁciunt

2301 3516 2409 3563 test
2431 3478 2453 3558 τ’
2473 3503 2728 3559 facillime
2752 3499 2955 3569 quippe
3009 3494 3249 3551 exterior
3311 3488 3580 3560 sapientia
3625 3478 3826 3538 interiori

2300 3598 2593 3670 subjicitur
2613 3603 2670 3649 et
2699 3592 2767 3647 ab
2794 3607 2857 3646 ea
2898 3589 3064 3644 sumit
3100 3585 3278 3647 utilia,
3324 3582 3539 3651 sibique
3591 3573 3827 3644 proﬁcien-

2302 3666 2555 3749 tia.’Nam
2579 3690 2783 3745 ﬂuxum
2828 3680 3111 3754 sanguinis
3163 3676 3400 3747 patiens,
3462 3672 3612 3742 cujus
3670 3666 3828 3721 habere

2303 3788 2531 3857 ﬁguram
2589 3797 2652 3837 ea
2677 3794 2800 3851 qua:
2862 3774 3127 3844 sanguine
3156 3766 3478 3824 idololatria:
3497 3774 3701 3833 aspersa
3748 3764 3826 3815 est.

2301 3853 2583 3934 ostensum
2608 3881 2710 3938 est,
2737 3867 3061 3937 sibimetipsi
3102 3862 3436 3918 medicinam
3464 3853 3698 3924 sumpsit,
3722 3855 3826 3938 tacta

2302 3969 2515 4025 ﬁmbria
2550 3962 2862 4022 vestimenti
2897 3954 3189 4018 Dominici,
3221 3959 3277 4007 et
3306 3959 3596 4018 antequam
3618 3937 3826 3997 extende-

2302 4069 2387 4117 ret
2416 4074 2659 4123 manum,
2687 4052 2903 4109 liberari
2928 4067 2956 4105 a
2981 4048 3231 4120 passione
3262 4039 3581 4114 promeruit.
3604 4034 3717 4101 Quae
3730 4042 3825 4123 ergo

2300 4155 2369 4211 ad
2394 4147 2905 4222 interpretationem
2924 4143 3149 4207 desunt,
3199 4137 3317 4191 hac
3337 4135 3392 4188 in
3422 4122 3824 4197 subsequentibus

2302 4263 2401 4319 per
2426 4244 2676 4302 ordinem
2701 4240 2970 4296 dicemus.

2374 4336 2537 4392 Vens.
2565 4335 2655 4391 51.
2691 4353 2710 4385 ί
2748 4327 3024 4386 Docebitis
3074 4339 3207 4397 ergo
3244 4322 3385 4377 ﬁlios
3426 4315 3609 4379 Israel,
3663 4320 3713 4365 ut
3754 4319 3821 4360 ca-

2301 4435 2465 4484 veant
2487 4420 2910 4486 immunditiam,
2935 4426 2991 4472 et
3033 4431 3145 4470 non
3197 4411 3502 4468 moriantur
3538 4406 3589 4459 in
3624 4397 3822 4457 sordibus

2303 4521 2438 4585 suis,
2468 4534 2593 4574 cum
2625 4515 2935 4587 polluerunt
2974 4506 3383 4565 tabernaculum
3406 4513 3584 4556 meum
3604 4491 3728 4565 quod
3761 4495 3821 4541 est

2235 4599 2278 4654 Ῐ)
2307 4615 2450 4669 inter
2475 4626 2590 4666 eos.
2635 4628 2655 4661 ι
3572 4683 3582 4687 _
3715 4676 3724 4687 .

2376 4701 2638 4769 Quamvis
2666 4703 3128 4767 omnepeccatum
3156 4687 3502 4746 immunditia
3544 4683 3608 4739 sit
3652 4683 3817 4731 animm.

2308 4797 2544 4853 maxime
2567 4802 2750 4848 tamen
2777 4787 3101 4851 idololatria,
3125 4794 3181 4840 et
3208 4796 3330 4854 quae
3352 4780 3419 4834 ad
3448 4791 3562 4833 eam
3582 4771 3818 4842 pertinent.

2311 4892 2436 4946 llaec
2467 4888 2668 4943 habere
2700 4892 2756 4940 et
2783 4883 2838 4936 in
2870 4882 2951 4935 his
2992 4880 3275 4934 timoratos
3307 4873 3447 4928 ﬁlios
3474 4864 3629 4922 Israel
3653 4854 3817 4929 legisla-

2310 4989 2396 5038 tor
2438 4977 2739 5040 desiderat,
2762 4982 2823 5028 ut
2853 4986 2962 5026 non
2993 4966 3372 5024 crudelissima
3393 4952 3671 5031 impietatis
3685 4953 3818 5043 morte

2310 5036 2613 5129 moriantur
2640 5084 2653 5120 :
2688 5036 2938 5137 polluunt
2963 5063 3110 5118 enim
3142 5057 3293 5129 impii
3332 5047 3711 5111 tabernaculum
3732 5036 3814 5093 Dei.

2309 5164 2451 5236 quod
2476 5164 2531 5217 in
2562 5159 2694 5232 ipsis
2724 5166 2828 5221 cst,
2853 5154 3003 5225 atqui
3033 5166 3233 5223 corpus
3253 5157 3355 5211 est,
3389 5159 3496 5216 quo
3532 5140 3815 5237 ﬂuxum

2309 5228 2490 5333 guinis
2516 5228 2609 5311 aut
2647 5252 2873 5311 seminis
2897 5247 3237 5318 inquinatur.
3270 5240 3379 5296 Sed
3396 5236 3518 5333 quia
3544 5228 3813 5333 impietate}.n

2310 5319 2492 5403 sermo
2526 5345 2720 5409 innuit,
2747 5356 2869 5413 quae
2886 5337 3161 5393 hominem
3187 5342 3359 5388 totum
3386 5326 3613 5398 polluere
3636 5319 3814 5413 ωηερε-

2312 5442 2391 5496 vit
2431 5456 2444 5491 ε
2478 5410 2790 5509 propterea,
2826 5442 3040 5495 cautos,
3077 5429 3193 5484 sive
3242 5434 3305 5480 ut
3356 5419 3516 5481 LXX,
3563 5410 3811 5509 timoratos:

2313 5502 2513 5601 inquit,
2555 5502 2763 5585 facietis
2820 5527 2959 5581 ﬁlios
2992 5520 3159 5577 lsracl
3216 5517 3285 5571 ab
3343 5502 3660 5602 immunditia
3706 5502 3807 5602 sle:

2314 5588 2460 5697 quod
2499 5588 2691 5693 'neque
2739 5618 2989 5691 lcprosis,
3038 5626 3221 5682 neque
3256 5610 3323 5664 de
3359 5606 3442 5661 bis
3467 5588 3811 5697 qui_te.tigt'-r.tt:"l

2356 5666 2460 5679 ην,
2512 5666 2690 5678 ..νην
2741 5666 2989 5691 .-,--.---,
3133 5666 3147 5682 ,
3484 5666 3499 5672 _

2318 5666 2893 5773 iiiOtticiua‘sancivit.
2938 5707 3042 5763 Sed
3082 5717 3136 5762 et
3193 5695 3515 5757 tabernaculi
3550 5686 3651 5751 Dei,
3702 5666 3807 5745 «ιιιοιί
