3946 6442
176 398 283 464 981

1390 411 1472 470 ΙΝ
1523 413 1963 503 LEVITICUM.
1993 439 2061 454 ’-
2091 419 2240 481 LIB.
2271 421 2335 480 V.

3390 424 3498 495 m
3540 396 3543 397 ,

171 524 230 577 in
275 525 465 581 nobis
500 534 609 591 est,
642 526 974 581 mentionem
1008 524 1136 581 fecit
1163 542 1173 577 :
1206 526 1616 582 tabernaculum
1655 529 1803 584 enim
1835 535 1880 588 Α
1911 538 2098 600 pterea
2123 534 2178 587 in
2220 534 2519 590 immundis
2546 536 2830 591 ordinatus
2853 545 2958 602 est,
2999 546 3053 592 et
3086 538 3248 611 huius
3275 542 3493 611 quidem

174 613 273 670 Dei
318 625 419 671 est
439 618 636 673 omnis
672 627 857 672 noster
889 618 1073 682 homo,
1106 618 1160 671 in
1194 634 1303 687 quo
1356 617 1497 673 Deus
1555 620 1802 674 habitare

169 708 447 764 creditur
485 725 505 763 ε
530 712 765 781 primum
791 711 1010 781 quidem
1037 726 1132 781 per
1155 711 1465 783 imaginem,
1504 728 1665 783 quam
1699 729 1800 768 no-

169 802 259 857 bis
313 803 592 872 donavit,
650 804 848 859 deinde
900 819 996 874 per
1037 803 1324 873 primitias,
1362 820 1497 875 quas
1555 820 1583 859 a
1638 805 1800 861 nobis

171 897 456 965 sumpsit.
495 896 735 952 Verbum
771 897 920 951 enim
961 911 1089 951 caro
1137 895 1340 951 factum
1386 906 1489 963 est,
1513 897 1659 968 quod
1704 914 1801 968 per

170 988 327 1041 illam
363 988 745 1044 munitionem
779 988 942 1043 etiam
977 988 1029 1041 in
1073 987 1300 1058 reliquis
1347 988 1595 1043 habitare
1628 990 1801 1044 homi-

170 1082 350 1135 nibus
382 1080 627 1146 dicitur,
660 1082 804 1152 quod
851 1081 1045 1151 probat
1098 1079 1338 1136 Joannes
1383 1079 1573 1135 dicens
1616 1098 1629 1133 :
1673 1080 1800 1135 l’er-

170 1173 300 1225 bunt
330 1188 482 1225 caro
517 1175 718 1244 factum
744 1183 840 1234 est,
866 1180 915 1225 et
938 1171 1193 1225 habitavit
1220 1171 1274 1223 in
1306 1171 1453 1224 nobis
1480 1171 1545 1226 ".

250 1263 438 1321 Vens.
470 1265 566 1332 '52,
584 1267 671 1321 ⁵55.
698 1284 715 1315 ι
748 1263 853 1319 lsta
875 1272 957 1319 est
980 1264 1066 1318 lex
1089 1263 1208 1334 ejus
1246 1263 1338 1333 qui
1366 1265 1572 1334 patitur
1593 1264 1799 1321 fluxum

172 1357 446 1424 seminis,
470 1368 532 1415 et
555 1358 649 1430 qui
668 1341 925 1429 polluitur
947 1358 1093 1413 coitu
1117 1366 1173 1411 et
1196 1357 1287 1427 qui
1330 1359 1626 1414 menstruis
1658 1370 1797 1415 tem-

176 1451 429 1523 poribus
464 1461 780 1523 separatur,
813 1453 899 1507 vel
920 1468 1043 1523 qua:
1087 1452 1202 1523 jugi
1246 1452 1365 1507 ﬂuit
1395 1454 1680 1525 sanguine,
1744 1464 1799 1510 et

176 1545 438 1601 hominis
467 1546 564 1617 qui
598 1545 876 1603 dormierit
896 1562 1017 1601 cum
1048 1562 1132 1601 ea.
1173 1563 1194 1599 ι

246 1637 636 1709 Quaecunque
657 1638 900 1709 ejusdem
929 1638 1228 1694 sanctionis
1268 1639 1370 1695 sibi
1404 1641 1701 1707 eohzerent,
1744 1651 1799 1697 et

178 1751 432 1807 quorum
476 1736 549 1792 ad
580 1752 741 1792 unam
780 1735 1140 1792 intentionem
1165 1736 1221 1791 in
1258 1737 1457 1803 eﬂ'ectu
1491 1738 1658 1793 tradit
1685 1740 1795 1794 uti-

180 1831 331 1896 litas,
365 1832 503 1886 haec
530 1830 750 1885 sibimet
773 1829 1046 1901 legislator
1064 1839 1391 1886 connectere
1412 1831 1718 1897 consuevit,
1738 1841 1797 1886 ut

1911 641 2069 694 poena
2108 628 2400 682 manifesta
2425 636 2529 683 est.
2563 628 2906 685 Manifestum
2929 642 3013 687 est
3032 632 3195 687 etiarn
3224 636 3497 703 quomodo

1909 718 2168 773 mundata
2197 736 2226 773 a
2251 721 2431 789 ptenis
2461 720 2677 776 liberari
2711 723 2948 793 possint.
2997 723 3104 780 Sed
3167 724 3349 781 adhuc
3409 726 3495 780 his

1909 810 2351 879 supersedilicans
2381 813 2680 884 legislator,
2724 824 2917 887 utpote
2942 828 3341 875 consonantem
3367 833 3496 875 san-

1908 899 2146 955 ctionem
2170 916 2291 971 quae
2317 902 2671 976 subsequitur
2693 907 2894 979 posuit.

2491 1064 2724 1123 CAPUT
2762 1066 2900 1124 XVI.

1979 1168 2142 1227 Vsus.
2177 1174 2227 1228 l.
2253 1192 2271 1225 ι
2309 1173 2553 1231 Locutus
2583 1188 2670 1235 est
2699 1178 2960 1236 Dominus
2994 1182 3061 1237 ad
3107 1181 3349 1255 Moysen,
3410 1185 3493 1239 di-

1907 1278 2038 1318 cens
2070 1282 2082 1317 :
2118 1264 2243 1323 Post
2264 1280 2495 1326 mortem
2524 1274 2757 1330 duorum
2790 1274 3022 1330 filiorum
3045 1279 3245 1343 Aaron,
3271 1281 3490 1348 quando
3588 1270 3589 1273 A

1906 1353 2200 1412 oﬂ‘erentes
2231 1359 2408 1429 ignem
2426 1362 2662 1419 alienum
2696 1365 2965 1422 interfecti
2991 1378 3139 1423 sunt.
3185 1386 3204 1419 ο

1977 1447 2117 1502 Ecce
2132 1458 2186 1504 et
2215 1466 2367 1525 nunc,
2383 1452 2472 1509 Dei
2497 1455 2722 1526 spiritus
2744 1473 2914 1512 unum
2950 1474 3151 1528 corpus
3176 1459 3309 1532 legis
3337 1459 3485 1521 facit.

1904 1547 1960 1594 et
1985 1540 2053 1595 ad
2094 1558 2263 1597 unum
2289 1545 2485 1617 redigit
2507 1546 2739 1603 invicem
2764 1547 2865 1603 sibi
2900 1549 3250 1615 cohmrentia,
3293 1561 3488 1607 etcum

1904 1635 2107 1691 dudum
2138 1637 2630 1695 manifestassetea
2656 1657 2779 1711 qua:
2818 1641 2885 1696 ad
2935 1641 3240 1697 doctrinam
3304 1659 3320 1695 ε
3366 1660 3489 1714 qua:

1904 1737 2099 1785 contra
2126 1729 2302 1800 legem
2327 1739 2432 1794 est,
2457 1733 2757 1803 pertinent,
2796 1735 3096 1806 modosque
3146 1737 3266 1807 ejus
3298 1737 3488 1792 multi-

1906 1822 2075 1891 plices
2103 1824 2389 1894 quosdam,
2423 1836 2589 1897 atque
2624 1827 2944 1884 diﬂ‘erentes
2973 1830 3336 1899 exposuisset,
3379 1846 3487 1887 una

182 1923 230 1976 ci
252 1920 350 1991 qui
387 1920 746 1976 meditationi
771 1920 907 1991 legis
952 1920 1194 1975 studium
1228 1921 1454 1990 praebet,
1485 1921 1799 1977 manifestat
1832 1906 1872 1962 Β
1902 1929 2049 1970 nunc
2082 1931 2202 1970 eam
2232 1918 2514 1989 redarguit
2546 1920 2689 1991 lege,
2750 1929 2807 1976 et
2871 1935 3164 1977 commune
3214 1922 3483 1991 quodam-

183 2013 483 2084 quomodo
515 2020 765 2084 oporteat
789 2012 905 2067 haec
931 2011 1185 2083 intelligi,
1226 2022 1282 2068 et
1304 2030 1428 2083 qua:
1448 2029 1572 2069 cum
1598 2016 1799 2086 quibus

1902 2006 2065 2063 modo
2094 2019 2284 2063 contra
2305 2023 2423 2064 eam
2456 2012 2703 2067 subdidit
2760 2024 3115 2083 praeceptum,
3173 2020 3229 2066 et
3261 2027 3484 2068 causam

184 2106 593 2178 cognationem
655 2104 957 2161 secundum
1012 2104 1424 2161 similitudinem
1492 2106 1801 2164 intellectus
1902 2102 2076 2157 morbi
2098 2103 2269 2174 ipsius
2303 2104 2648 2161 manifestam
2686 2106 2839 2171 fecit,
2868 2106 2921 2161 id
2949 2115 3054 2173 est,
3082 2107 3228 2161 unde
3263 2106 3485 2161 contin-

186 2199 464 2255 babeant.
493 2195 630 2265 Quia
662 2212 784 2252 esse
813 2196 1019 2254 ﬂuxum
1074 2198 1303 2255 seminis
1340 2201 1576 2271 patiens,
1605 2202 1797 2257 docto-

188 2308 309 2348 rum
360 2306 741 2363 corrumpens
773 2305 986 2358 semen,
1018 2301 1072 2347 et
1104 2293 1283 2363 turpia
1338 2302 1505 2365 atque
1554 2310 1798 2350 corrum-

186 2385 373 2457 pentia
398 2386 713 2441 admonens
737 2394 822 2441 est
846 2386 1106 2456 probatus
1140 2403 1153 2440 :
1189 2385 1253 2440 Et
1295 2388 1360 2441 de
1388 2405 1490 2458 quo
1529 2390 1797 2460 egreditur

187 2497 364 2534 semen
389 2480 593 2535 coitus.
620 2478 692 2534 Ut
721 2479 1013 2549 polluatur,
1045 2479 1111 2546 is,
1132 2480 1235 2551 ‘qui
1264 2478 1490 2536 Iudaica
1520 2492 1793 2553 praecepta

188 2571 368 2639 docet,
402 2573 471 2627 in
500 2570 701 2642 quibus
726 2571 843 2642 ipse
870 2581 930 2625 ut
975 2571 1116 2627 mala
1161 2572 1308 2627 bona
1341 2572 1550 2629 docens
1579 2586 1634 2629 et
1658 2574 1794 2647 legis

192 2665 567 2720 intentionem
602 2662 1006 2735 transgrediens
1064 2663 1347 2734 polluitur,
1389 2664 1517 2720 dum
1552 2681 1616 2721 ea
1670 2683 1794 2737 quae

190 2758 254 2813 ad
302 2759 561 2814 litteram
606 2755 907 2827 pertinent,
953 2765 1107 2812 extra
1139 2767 1356 2828 tempus
1417 2757 1679 2830 proferet,
1740 2771 1794 2817 et

196 2853 355 2908 modo
391 2850 639 2922 quodam
670 2848 890 2904 mundis
941 2849 1083 2905 sicut
1129 2849 1427 2905 immundis
1475 2850 1668 2917 utitur,
1725 2852 1793 2907 de

194 2944 392 3014 quibus
418 2944 631 2999 dictum
673 2948 759 2996 est
794 2957 809 2994 :
843 2939 1029 2996 Omnia
1084 2942 1281 2995 munda
1347 2942 1576 3008 mundis,
1645 2943 1793 2997 coin-

199 3037 436 3105 quinatis
459 3044 641 3089 autem
687 3043 735 3089 et
764 3033 1059 3104 inﬁdelibus
1087 3034 1220 3087 nihil
1264 3034 1537 3101 mundum,
1569 3036 1660 3090 sed
1681 3036 1793 3107 pol-

200 3129 305 3181 luta
333 3137 463 3183 sum
485 3142 667 3181 eorum
690 3142 834 3181 mens
862 3135 911 3180 et
929 3126 1328 3180 conscientia".
1362 3124 1655 3199 Sanguinis
1691 3143 1791 3183 au-

206 3228 306 3275 tem
339 3218 552 3273 ﬂuxum
577 3217 920 3289 patientesin
957 3218 1252 3275 menstruis
1284 3218 1421 3285 suis,
1458 3221 1514 3275 hi
1542 3237 1663 3277 esse
1689 3221 1791 3277 de-

204 3313 487 3368 monstrati
520 3322 669 3377 sunt,
705 3313 793 3383 qui
816 3328 878 3368 ea
908 3328 1029 3385 quae
1063 3312 1130 3370 ad
1168 3313 1504 3385 impietatem
1535 3316 1788 3382 tendunt,

207 3404 291 3461 illo
308 3404 581 3464 doctrina:
616 3414 892 3481 tempore,
948 3407 1002 3462 in
1028 3422 1139 3476 quo
1185 3423 1358 3476 genus
1403 3406 1687 3463 hominum
1736 3409 1792 3464 in

205 3497 347 3552 cultu
370 3498 648 3553 idolorum
686 3497 971 3553 detentum
1025 3498 1080 3552 in
1112 3497 1408 3553 menstruis
1427 3498 1562 3565 suis,
1594 3500 1649 3553 in
1701 3514 1792 3555 se-

208 3591 486 3660 paratione
511 3590 751 3654 malitiaz,
778 3606 809 3644 a
839 3591 984 3645 malo
1014 3590 1160 3645 enim
1193 3591 1429 3661 separati
1456 3607 1567 3647 non
1601 3602 1788 3656 erant;

210 3690 265 3737 ut
284 3683 610 3739 ostenderet
637 3682 764 3752 quia
790 3683 981 3739 eadem
1011 3682 1079 3738 de
1116 3682 1204 3738 bis
1234 3683 1328 3753 qui
1363 3698 1529 3754 prava
1568 3683 1788 3749 docent,

210 3774 287 3831 lex
313 3778 582 3848 loquitur.
606 3776 833 3832 Addidit
858 3776 1160 3831 secundum
1184 3775 1327 3830 LXX
1359 3796 1373 3831 :
1414 3775 1647 3832 Fluxum
1706 3793 1791 3831 se-

210 3871 356 3925 minis
396 3870 621 3941 patienti
641 3867 874 3922 masculo
913 3876 961 3921 et
990 3868 1222 3936 feminaz.
1258 3866 1423 3937 Atqui
1476 3867 1531 3921 in
1575 3882 1790 3938 praece-

211 3960 352 4015 denti
383 3959 670 4016 sanctione
706 3958 774 4014 de
798 3957 914 4012 solo
938 3956 1083 4012 ﬂuxu
1114 3957 1342 4011 seminis
1386 3956 1633 4027 patiente
1660 3972 1790 4011 ma-

212 4052 352 4107 sculo
390 4051 562 4117 dicit;
594 4050 813 4106 feminas
838 4062 1020 4105 autem
1061 4049 1266 4104 ﬂuxum
1309 4048 1535 4103 seminis
1571 4048 1789 4119 patien-

211 4142 272 4197 tis
314 4142 637 4198 memoriam
667 4141 967 4197 secundum
1002 4140 1240 4196 litteram
1276 4140 1497 4210 penitus
1555 4155 1669 4194 non
1704 4138 1790 4196 fe-

213 4234 279 4290 cit
313 4254 327 4291 :
357 4236 457 4293 sed
488 4251 588 4307 per
623 4236 907 4291 mulierem
936 4251 1057 4306 quae
1072 4234 1191 4291 ﬂuit
1218 4234 1425 4290 ﬂuxum
1480 4234 1784 4305 sanguinis,

212 4342 320 4383 eum
352 4329 450 4400 qui
484 4328 718 4385 eﬂ'undit
770 4328 1073 4384 doctrinam
1129 4328 1447 4385 idololatria:
1498 4328 1783 4385 intellexit.

215 4422 500 4494 Propterea
527 4436 674 4477 nunc
700 4437 819 4478 eam
850 4421 1052 4476 ﬂuxum
1087 4422 1316 4477 seminis
1348 4421 1651 4493 patientem
1685 4438 1787 4492 ap-

216 4516 444 4584 pellavit,
483 4524 545 4570 ut
574 4532 674 4571 nos
710 4515 1049 4570 disceremus
1096 4514 1219 4586 quia
1263 4530 1388 4569 eum
1413 4515 1504 4586 qui
1533 4531 1784 4571 corrum-

1816 3265 1861 3323 C

1899 2195 1977 2265 git
2010 2204 2066 2251 et
2090 2198 2234 2253 unde
2264 2200 2607 2269 supervenit.
2661 2201 2876 2256 Audisti
2904 2201 3072 2265 enim,
3095 2200 3314 2272 quando
3342 2200 3484 2256 ﬁlio—

1898 2304 2019 2343 rum
2048 2290 2257 2357 Aaron,
2284 2307 2475 2348 eorum
2494 2293 2586 2363 qui
2632 2294 2822 2350 divino
2857 2295 2981 2367 igne
3002 2294 3314 2365 consumpti
3352 2304 3482 2350 sunt

1895 2382 2279 2450 quaerebamus
2320 2395 2577 2449 mortem,
2608 2386 2757 2456 quia,
2795 2402 2923 2441 cum
2958 2386 3187 2443 verbum
3212 2386 3319 2441 illic
3342 2386 3483 2458 lega-

1895 2472 1964 2528 lis
2001 2475 2309 2533 traditionis
2338 2488 2395 2533 et
2448 2478 2692 2535 historia:
2748 2481 3075 2547 faceremus,
3126 2481 3307 2553 ignem
3344 2481 3478 2535 alie-

1896 2581 2051 2628 num,
2084 2566 2320 2623 alienam
2356 2585 2385 2623 a
2418 2569 2531 2625 Deo
2590 2570 2900 2627 doctrinam
2955 2573 3219 2635 diximus,
3264 2582 3322 2628 et
3347 2589 3476 2645 pro--

1894 2665 2082 2728 pterea
2141 2675 2170 2714 a
2217 2661 2406 2717 divino
2453 2664 2580 2735 igne
2621 2664 2877 2721 videlicet
2926 2665 3175 2737 spiritus,
3228 2681 3327 2722 eos
3380 2668 3476 2737 qui

1894 2749 2073 2822 ignem
2097 2754 2246 2809 illum
2265 2755 2570 2812 oﬂ'erehant
2587 2773 2706 2813 esse
2729 2768 3117 2832 consumptos:
3147 2760 3274 2831 quia
3291 2762 3478 2817 divino

1894 2843 2003 2914 igni
2034 2855 2217 2916 aperte
2246 2848 2651 2913 contradicunt,
2689 2859 2745 2905 et
2773 2858 2964 2907 contra
3033 2852 3300 2923 Spiritum
3351 2868 3478 2909 san-

1894 2947 2042 2992 ctum
2094 2949 2265 3012 agunt
2327 2941 2401 3006 hi,
2434 2942 2528 3012 qui
2563 2958 2625 2997 ea
2672 2958 2793 3013 qua:
2825 2944 2963 2998 mala
3024 2954 3079 2999 et
3111 2944 3297 3015 iniqua
3347 2954 3480 3001 sunt

1892 3029 2112 3086 docent.
2144 3031 2273 3088 Sive
2303 3048 2433 3106 ergo
2456 3050 2517 3090 ea
2544 3051 2665 3105 quae
2692 3035 3007 3090 idololatria:
3032 3037 3332 3098 cohaerent.
3351 3038 3480 3109 quis

1895 3120 2094 3188 tradat,
2120 3122 2237 3178 sive
2264 3132 2580 3194 corrumpat
2607 3140 2891 3196 exponens
2956 3127 3139 3182 divina
3194 3129 3473 3195 mandata,

1894 3211 2102 3267 nefaria
2131 3213 2185 3267 in
2205 3214 2288 3270 eis
2316 3215 2672 3272 subinferens
2720 3218 2884 3273 verba
2928 3220 3046 3274 sive
3085 3219 3313 3277 Judaiea
3372 3222 3476 3277 do-

1897 3304 2070 3360 ctrina
2097 3307 2175 3363 sic
2205 3316 2411 3375 utatur,
2436 3318 2498 3364 ut
2534 3324 2599 3364 ex
2634 3325 2696 3364 ea
2752 3311 3050 3381 polluatur,
3094 3322 3286 3369 contra
3333 3323 3475 3370 tem-

1897 3409 1999 3466 pus
2015 3394 2268 3451 videlicet
2302 3404 2357 3451 et
2392 3397 2752 3453 intentionem
2778 3398 2934 3471 legis,
2965 3399 3139 3470 ipsius
3160 3399 3294 3471 legis
3323 3400 3474 3455 litte-

1897 3501 2011 3540 ram
2041 3486 2348 3557 proferens,
2388 3488 2566 3560 ignem
2597 3488 2836 3544 alienum
2873 3488 2982 3545 Deo
3008 3490 3225 3556 oﬂ‘eret,
3257 3500 3314 3545 et
3348 3507 3476 3561 pro-

1896 3589 2085 3649 pterea
2131 3580 2268 3635 mori
2326 3580 2605 3648 dicuntur,
2655 3598 2721 3637 ex
2785 3582 2902 3655 lege
2934 3584 3169 3639 celerem
3206 3584 3476 3640 habentes

1898 3676 2355 3746 transgressionis
2384 3692 2622 3747 pmnam.
2656 3674 2858 3731 Verum
2897 3678 3122 3748 quando
3169 3678 3221 3733 hi
3272 3678 3472 3734 mortui

1898 3760 2121 3827 fuerint,
2147 3761 2200 3817 id
2230 3772 2334 3829 est,
2365 3764 2585 3834 quando
2607 3764 2879 3835 dispertiti
2949 3765 3174 3834 fuerint,
3227 3779 3284 3823 et
3332 3783 3475 3838 quo-

1894 3850 2185 3909 dammodo
2204 3853 2530 3923 defecerint,
2569 3866 2703 3911 tunc
2752 3858 2964 3914 sanctio
3017 3876 3140 3930 qua:
3204 3861 3471 3931 sequitur,

1895 3943 2188 4001 obtinebit.
2226 3946 2293 4001 Et
2324 3956 2617 4019 propterea
2646 3959 2774 4021 post
2819 3959 3052 4005 mortem
3111 3950 3344 4007 filiorum
3377 3951 3478 4006 Aa-

1895 4053 2017 4101 ron,
2050 4038 2143 4109 qui
2174 4038 2352 4111 ignem
2388 4042 2631 4098 alienum
2678 4042 3018 4110 obtulerunt,
3080 4043 3283 4100 dixisse
3328 4043 3473 4099 Deus

1892 4128 1959 4184 ad
1992 4128 2208 4202 Moysen
2232 4147 2294 4188 ea
2319 4150 2441 4204 qua:
2471 4145 2797 4206 sequuntur,
2817 4135 3017 4191 dicitur
3052 4152 3067 4188 :

1966 4220 2131 4278 Vens.
2165 4224 2221 4278 2.
2259 4244 2276 4275 ι
2321 4223 2386 4280 Et
2417 4227 2678 4299 praecepit
2729 4230 2778 4284 ei
2826 4228 3016 4284 dicens
3050 4245 3065 4283 :
3104 4227 3353 4300 Loquere
3404 4230 3473 4285 ad

1892 4313 2073 4370 Aaron
2115 4314 2339 4372 fratrem
2362 4326 2540 4383 tuum,
2578 4336 2647 4375 ne
2677 4321 2825 4376 omni
2856 4329 3103 4392 tempore
3137 4322 3476 4394 ingrediatur

1893 4410 2288 4477 sanctuarium,
2316 4411 2461 4481 quod
2489 4419 2574 4467 est
2607 4413 2747 4468 intra
2791 4414 2996 4482 velum,
3046 4430 3231 4471 coram
3288 4415 3474 4486 propi-

1893 4502 2114 4558 tiatorio
2145 4519 2256 4574 quo
2300 4505 2505 4576 tegitur
2528 4521 2675 4573 area,
2741 4518 2802 4563 ut
2844 4524 2955 4564 non
3008 4509 3293 4575 moriatur,
3347 4508 3474 4579 quia

217 4608 285 4677 pit
305 4611 507 4665 bonam
532 4608 859 4670 doctrinam.
904 4608 1142 4678 turpiter
1199 4624 1319 4664 eam
1350 4619 1404 4664 et
1434 4609 1573 4663 male
1601 4608 1786 4679 profe-
1824 4639 1868 4696 υ
1896 4593 1951 4648 in
1969 4595 2114 4696 [lube
2146 4598 2444 4667 apparebo.
2477 4613 2644 4696 ξυβθτ
2671 4600 2973 4696 οξὋίξυΙυῐη·
3012 4619 3031 4652 ³

216 4714 347 4769 rens,
373 4701 536 4756 talem
572 4700 748 4771 qualis
779 4710 863 4755 est
886 4700 931 4755 is
963 4700 1056 4771 qui
1100 4700 1435 4772 impietatem
1470 4702 1650 4767 docet,
1704 4702 1788 4757 lex

216 4808 441 4866 reputet,
478 4806 833 4867 utrorumque
864 4798 1010 4852 enim
1059 4798 1226 4854 verba
1256 4800 1608 4869 corruptione
1627 4800 1786 4870 plena

217 4900 347 4945 sunt.
384 4889 481 4945 llis
528 4890 703 4944 virum
754 4890 1044 4960 conjunxit
1102 4908 1225 4947 cum
1280 4902 1616 4948 menstruata
1657 4894 1786 4949 dor-

218 4982 484 5037 mientem.
509 4981 653 5037 Dicit
681 4990 862 5037 autem
885 4998 1009 5037 eum
1028 4983 1121 5053 qui
1151 5000 1215 5040 ex
1248 4984 1389 5040 ﬁdeli
1412 4985 1631 5055 populo,
1663 4985 1785 5041 ido-

218 5067 432 5127 lolatriae.
465 5073 663 5129 mistus
696 5086 779 5129 est
813 5092 827 5128 :
854 5075 997 5130 sicut
1023 5075 1275 5145 superius
1302 5075 1562 5132 diximus.
1626 5076 1783 5133 Unde

219 5177 312 5218 non
333 5165 676 5234 simpliciter,
700 5166 795 5222 sed
818 5167 1119 5222 masculum
1160 5167 1473 5238 perfectiori
1495 5170 1783 5237 vocabulo,

219 5255 344 5311 sicut
373 5272 576 5313 nomen
608 5257 784 5314 ﬁdelis
827 5258 1220 5328 possidentem,
1248 5259 1405 5315 dixit.
1445 5258 1502 5315 Si
1525 5262 1786 5330 praevari-

220 5354 353 5400 cator
383 5347 761 5413 eﬂ‘ec1us,hoc
782 5348 1103 5404 vocabulum
1154 5359 1315 5422 negat
1364 5349 1671 5421 falsumque
1728 5353 1785 5406 in

221 5449 267 5489 se
311 5453 429 5493 esse
455 5438 818 5505 demonstrat,
865 5440 1095 5510 adeptus
1137 5441 1281 5495 enim
1342 5441 1434 5496 Dei
1509 5441 1781 5507 militiam,

222 5524 363 5583 idolis
394 5545 451 5584 se
482 5529 722 5597 tradidit,
757 5546 879 5585 cum
929 5531 1210 5587 dormiens
1241 5531 1497 5587 videlicet
1530 5543 1582 5587 et
1607 5532 1779 5586 errori

223 5632 269 5673 sc
295 5622 646 5691 permiscens,
669 5624 904 5694 primum
955 5622 1177 5693 quidem
1208 5632 1267 5678 ut
1297 5624 1549 5689 sordens,
1576 5623 1783 5699 deinde

227 5721 275 5763 ut
309 5712 393 5765 cui
436 5712 577 5767 inest
608 5713 763 5785 longe
790 5729 818 5767 a
852 5712 962 5768 Deo
999 5714 1211 5774 sedere.
1241 5722 1296 5769 et
1318 5715 1532 5787 degere.
1567 5709 1631 5769 Et
1654 5730 1782 5785 pro~

323 5875 364 5907 ’τ’
395 5875 549 5930 Joan.
580 5893 616 5939 l,
655 5877 734 5932 Η.
831 5878 874 5909 ²⁰
904 5879 1017 5944 Tit,
1046 5897 1085 5946 ι,
1124 5882 1203 5937 15.

1320 5885 1377 5954 υ,
1400 5883 1589 5938 Matth.
1632 5900 1742 5945 xu,
1787 5883 1877 5937 26.

1966 4684 2243 4752 Quantum
2270 4700 2455 4759 parcat
2476 4690 2618 4745 Deus
2640 4690 2802 4745 saluti
2825 4702 3045 4757 nostrae,
3062 4709 3127 4748 ex
3153 4692 3339 4749 multis
3351 4709 3474 4765 qua:

1894 4778 1949 4832 in
1986 4780 2102 4851 lege
2132 4780 2276 4836 dicta
2303 4790 2436 4837 sunt
2476 4797 2490 4835 :
2534 4783 2873 4839 considerari
2909 4793 2965 4839 et
2994 4785 3126 4841 disci
3164 4794 3367 4857 potest,
3403 4787 3473 4841 de

1891 4870 2093 4940 quibus
2111 4871 2244 4925 nihil
2276 4872 2636 4944 negligentes,
2673 4873 2872 4930 oculos
2911 4876 3112 4931 mentis
3136 4892 3235 4947 per
3258 4877 3470 4950 singula

1891 4962 2259 5019 intendamus.
2278 4962 2418 5030 Quid
2443 4966 2580 5020 enim
2611 4968 2840 5035 prodest,
2868 4967 3021 5022 homo
3049 4970 3095 5023 si
3119 4978 3286 5024 totum
3314 4988 3473 5032 mun-

1889 5056 2017 5109 dum
2039 5056 2289 5123 lucretur,
2316 5058 2704 5113 animteeautem
2731 5075 2841 5113 siue
2868 5061 3237 5117 detrimentum
3271 5065 3474 5135 faciat?

1889 5152 1994 5205 Aut
2045 5168 2204 5220 quam
2266 5153 2417 5207 dabit
2475 5154 2628 5208 hante
2653 5158 3114 5211 commutationem
3137 5172 3233 5227 pro
3287 5161 3470 5213 anima

1887 5262 1984 5299 sua
2013 5246 2089 5299 ἠ’
2106 5243 2248 5311 Quia
2265 5261 2399 5317 ergo
2419 5261 2654 5311 summa,
2681 5247 2795 5303 sive
2832 5248 3130 5319 capitulum
3155 5250 3346 5307 salutis
3375 5268 3471 5305 no-

1891 5348 2037 5402 strae,
2072 5336 2239 5393 Verbi
2262 5338 2507 5394 doctrina
2534 5348 2638 5404 est,
2661 5338 2776 5410 ipsa
2812 5340 2972 5396 nobis
3020 5340 3137 5397 vias
3189 5342 3384 5405 bonas,
3428 5343 3470 5396 si

1889 5430 2029 5485 bona
2061 5428 2224 5484 fuerit
2255 5446 2267 5482 :
2299 5430 2342 5483 si
2375 5438 2558 5484 autem
2592 5430 2941 5495 mala,malas
2958 5430 3128 5502 digito
3165 5440 3472 5486 monstrare

1892 5523 2199 5579 consuevit.
2236 5523 2405 5579 Recte
2459 5523 2750 5578 maximam
2796 5524 3130 5595 diligentiam
3195 5524 3473 5593 legislator

1898 5618 2118 5673 exhibet
2141 5629 2201 5672 ut
2228 5631 2337 5671 non
2360 5616 2535 5672 solum
2572 5615 2626 5670 in
2653 5616 2834 5671 verbis
2866 5616 3148 5687 turpibus,
3182 5625 3275 5669 aut
3309 5614 3361 5669 in
3391 5614 3470 5669 fa-

1896 5710 2035 5763 bulis
2057 5708 2294 5764 Judaicis
2324 5717 2416 5762 aut
2445 5708 2500 5761 in
2536 5706 2717 5781 aliquo
2744 5705 3060 5763 idololatriae
3090 5704 3472 5777 phantasmata
