3946 6428
479 372 586 441 983

1673 370 1999 432 HESYCHI
2010 372 2033 430 Ι
2071 372 2550 441 PRESBYTERI

3668 374 3770 440 98%

478 491 733 557 doctores
756 502 864 545 non
893 484 1178 551 excedant,
1204 484 1299 540 sed
1332 499 1435 541 nec
1462 484 1749 540 occasione
1780 485 2065 556 theologia:
2094 491 2138 551 Α
2166 485 2395 554 Quando
2424 503 2554 559 ergo
2591 503 2622 543 a
2666 488 2867 560 populo
2895 488 3127 548 Judaico
3165 488 3219 544 in
3253 489 3430 559 cuius
3459 503 3613 543 nunc
3642 488 3770 561 liga.

479 585 535 641 in
559 583 897 653 impietatem
920 580 1141 644 cadant,
1172 578 1315 648 quod
1343 593 1462 633 mos
1499 586 1584 634 est
1611 578 1887 633 haereticis
1918 578 2051 649 pati.

480 676 855 735 Substantiam
888 690 1019 729 vero
1040 673 1397 729 discutientes
1455 671 1571 735 Dei,
1605 680 1714 727 tam
1764 670 1940 727 Patris
1992 670 2059 727 ad

480 770 702 836 Filium,
735 783 899 840 quam
939 765 1058 820 Filii
1084 764 1151 818 ad
1176 763 1439 835 Spiritum
1481 774 1753 827 sanctum,
1799 762 2061 818 differen-

481 866 609 918 tiam
638 862 1012 923 introducunt,
1049 868 1103 913 et
1130 857 1235 912 alia
1267 856 1462 911 similia
1484 871 1603 926 quzr.
1629 866 1870 911 nostram
1901 870 2060 909 exce-

481 957 619 1010 dunt
645 951 955 1014 scientiam,
981 949 1288 1003 absconsa:
1349 962 1470 1016 quae
1527 955 1655 1000 sunt
1710 946 1872 999 nobis
1920 944 2062 1005 sicut

481 1048 643 1103 nimis
679 1047 783 1101 alta
825 1053 987 1114 atque
1015 1042 1292 1105 sublimia,
1328 1056 1439 1095 non
1476 1056 1543 1095 ex
1592 1040 1792 1095 divinis
1830 1038 2059 1109 dogma-

482 1141 643 1203 tibus,
675 1139 768 1193 sed
795 1153 860 1191 ex
886 1136 999 1191 suis
1018 1132 1440 1205 cogitationibus
1470 1133 1758 1202 exquirere
1789 1132 2055 1195 volentes,

378 1236 389 1245 ’
479 1232 923 1293 amoderatioms
972 1228 1354 1289 ecclesiasticae
1400 1226 1574 1283 excisi
1624 1234 1753 1283 sunt
1806 1238 2055 1293 corpore.

479 1324 593 1378 lloc
616 1339 743 1385 ergo
772 1339 843 1378 ne
872 1322 1160 1392 patiamur,
1194 1321 1279 1378 lex
1310 1319 1672 1391 praesentibus
1702 1332 1805 1373 nos
1828 1331 2060 1387 prwmo-

478 1425 573 1476 net
597 1416 778 1471 verbis
807 1433 822 1481 ;
854 1415 929 1470 ait
968 1414 1114 1470 enim
1153 1413 1232 1469 sic
1270 1429 1282 1463 :

547 1512 616 1571 Et
650 1512 782 1567 diait
816 1509 1070 1567 Dominus
1109 1509 1179 1563 ad
1206 1507 1415 1578 Moysen
1449 1522 1466 1565 :
1497 1505 1733 1578 Loquere
1778 1506 1849 1562 ad
1882 1505 2061 1563 Aaron

436 1638 439 1639 ν
478 1608 700 1677 fratrem
751 1615 927 1658 tuum.
962 1602 1019 1656 1d
1065 1610 1169 1666 est,
1212 1609 1273 1655 ut
1323 1600 1635 1659 sacerdotes
1681 1599 1781 1656 sibi
1823 1599 2058 1653 invicem

480 1700 594 1754 inec
645 1697 1026 1767 prmeiperent,
1068 1704 1125 1748 et
1173 1693 1546 1762 unusquisque
1597 1692 1882 1749 doctorum
1936 1690 2061 1751 talia

478 1788 731 1861 proximo
760 1785 1021 1845 sanciret,
1050 1783 1229 1852 qualia
1260 1799 1408 1836 nunc
1433 1782 1577 1838 Deus
1604 1781 1749 1852 loqui
1778 1782 1845 1836 ad
1877 1782 2057 1837 Aaron

478 1878 641 1950 Moysi
676 1876 952 1949 praecepit,
982 1892 1101 1946 qua:
1136 1884 1265 1933 sunt
1294 1876 1415 1932 haec
1449 1893 1462 1930 :

546 1968 665 2026 Non
722 1968 867 2021 omni
922 1978 1151 2035 tempore
1201 1967 1532 2037 ingrediatur
1582 1968 1635 2021 in
1693 1968 2060 2022 sanctuarium

476 2063 613 2132 quod
649 2071 721 2115 est
757 2061 898 2115 intra
930 2057 1098 2113 velum
1135 2075 1309 2112 coram
1348 2061 1718 2130 prapitiatorio
1746 2077 1764 2114 .'
1795 2077 1896 2131 quo
1927 2060 2062 2130 tegi-

478 2167 565 2210 tur
605 2171 753 2211 arca.
789 2152 1093 2206 Commune
1142 2152 1397 2208 omnibus
1440 2155 1778 2217 mandatum,
1820 2163 1876 2209 et
1907 2168 2059 2211 cont-

478 2264 699 2305 munem
751 2248 840 2306 hic
879 2244 1164 2317 proposuit
1197 2246 1394 2318 legem,
1424 2249 1660 2318 primum
1704 2251 1922 2321 quidem
1969 2268 2059 2309 sa-

477 2341 789 2399 cerdotibus
828 2351 1034 2412 aptam,
1069 2339 1268 2395 deinde
1310 2342 1459 2396 omni
1495 2345 1589 2413 qui
1625 2344 1743 2399 vult
1782 2344 2060 2404 discutere

476 2438 657 2493 divina
693 2440 969 2508 mysteria.
1001 2439 1391 2507 Quamobrem,
1423 2438 1724 2495 secundum
1758 2440 1921 2505 LXX,
1955 2442 2060 2497 im-

477 2531 836 2599 personaliter
887 2534 1183 2603 praecepit,
1238 2531 1429 2587 dicens
1473 2549 1486 2586 :
1531 2531 1652 2587 Non
1690 2534 2061 2604 ingrediantur

476 2623 619 2676 omni
654 2624 708 2676 iu
746 2632 977 2694 tempore
1009 2626 1064 2678 iu
1100 2636 1341 2680 sanctum
1379 2626 1599 2679 interius
1634 2627 1929 2682 velaminis.
1956 2627 2059 2694 Qui

477 2731 585 2769 non
615 2715 841 2777 addidit,
877 2732 1070 2770 omnes
1096 2716 1388 2786 prohibere
1418 2716 1485 2770 ah
1512 2717 1614 2772 hoc
1640 2717 1931 2773 manifeste
1960 2733 2060 2773 cu-

475 2808 653 2878 piens,
683 2808 811 2877 quia
855 2809 1104 2863 velamen
1147 2824 1349 2879 corpus
1390 2808 1688 2864 Salvatoris
1716 2810 2056 2883 intelligitur,

477 2900 619 2958 sicut
659 2901 856 2957 Paulus
888 2902 1172 2957 evidenter
1214 2901 1331 2957 ait:
1368 2900 1631 2957 Habentes
1674 2912 1853 2958 autem
1898 2904 2059 2973 conﬁ-

476 2992 711 3046 dentiam
752 2992 807 3046 in
845 2993 1065 3046 introitu
1104 3003 1407 3047 sanctorum
1446 3010 1606 3063 quam
1643 2994 1875 3049 initiavit
1910 2996 2057 3051 nobis

476 3082 617 3135 viam
672 3099 882 3146 novam,
927 3093 975 3137 et
1023 3084 1278 3138 viventem
1311 3101 1404 3154 per
1447 3085 1703 3149 velamen,
1754 3087 1809 3140 id
1854 3097 1927 3141 est
1964 3103 2059 3155 per

476 3192 687 3231 carnem
722 3194 873 3231 suam
909 3179 974 3231 ".
1007 3177 1127 3246 Ipse
1167 3186 1255 3233 est
1297 3178 1441 3232 enim
1480 3194 1669 3233 verum
1711 3187 1766 3234 et
1798 3179 2055 3251 intelligi-
2084 3204 2125 3261 ο

474 3265 587 3325 bile
617 3266 1076 3336 propitiatorium,
1101 3274 1291 3336 utpote
1322 3266 1414 3336 qui
1459 3266 1576 3336 ipse
1612 3266 1770 3322 nobis
1798 3276 2055 3337 peccato-

475 3376 595 3417 rum
628 3360 1070 3433 propitiationem
1101 3368 1325 3429 praestat
1355 3377 1370 3424 ;
1406 3360 1483 3413 ait
1508 3359 1711 3417 etenim
1739 3359 1882 3417 idem
1916 3360 2057 3418 Pau-

473 3457 600 3510 lus:
632 3454 821 3513 Omnes
855 3462 1218 3522 peccaverunt,
1256 3462 1304 3505 et
1340 3461 1490 3523 egent
1530 3450 1701 3521 gloria
1744 3451 1863 3517 Dei,
1888 3452 2055 3521 justi-

471 3545 621 3613 ﬁcati
685 3546 852 3614 gratis
908 3560 1003 3612 per
1047 3545 1281 3614 gratiam
1334 3543 1471 3613 ejus,
1504 3542 1893 3607 liberationem,
1939 3559 2057 3614 qua!

474 3645 549 3696 est
579 3636 636 3690 in
662 3634 869 3697 Christo
896 3635 1021 3689 Jesu
1047 3676 1068 3701 ,
1098 3650 1251 3705 quem
1298 3633 1568 3701 proposuit
1611 3631 1748 3687 Deus
1794 3634 2057 3704 propitia-

477 3736 640 3780 torem
669 3741 762 3794 per
796 3725 1105 3795 sanguinem
1136 3724 1299 3793 ipsius
1329 3723 1394 3777 ”.
1423 3722 1580 3787 Quod
1606 3730 1787 3779 autem
1819 3738 1920 3780 nos
1945 3723 2058 3778 ha—

474 3818 687 3881 bemus,
725 3815 916 3872 Coram
956 3815 1344 3883 propitiatorio,
1385 3813 1529 3869 LXX
1564 3814 1855 3870 ediderunt
1898 3832 1912 3868 :
1949 3814 2057 3869 Ce-

475 3925 593 3967 ram
641 3909 777 3981 [acie
824 3907 1201 3976 propitiatorii.
1256 3905 1396 3962 lluic
1444 3915 1629 3962 autem
1681 3906 2058 3977 propitiatorio

475 3997 678 4061 facies,
732 3996 990 4053 divinitas
1050 3996 1169 4065 ejus
1230 3994 1350 4051 fuit.
1413 3995 1779 4063 Quamobrem
1836 3996 2057 4066 quando

474 4090 685 4160 Moyses
712 4088 897 4144 videre
927 4088 1095 4144 Deum
1126 4088 1445 4167 desiderans
1473 4089 1687 4145 dicebat
1728 4107 1743 4143 ε
1778 4087 1837 4143 Si
1882 4090 2057 4143 inveni

474 4182 705 4252 gratiam
746 4182 800 4235 in
832 4191 1106 4249 conspectu
1152 4190 1260 4244 tuo,
1292 4182 1504 4238 ostende
1563 4181 1690 4235 mihi
1726 4182 1951 4251 teipsunt
1985 4182 2052 4235 “.

475 4273 544 4329 Et
571 4271 851 4341 respondit
876 4292 889 4324 :
911 4270 1032 4326 Non
1058 4272 1250 4341 poteris
1270 4272 1445 4327 videre
1467 4271 1659 4339 faciem
1686 4288 1881 4336 meam;
1905 4288 2056 4327 nemo

473 4365 741 4421 hominum
764 4365 891 4420 vidit
914 4365 1104 4436 faciem
1128 4381 1299 4419 meam
1317 4373 1365 4418 et
1393 4366 1513 4419 vivit
1537 4367 1582 4397 ”
1608 4389 1619 4421 :
1648 4367 1775 4438 quia
1806 4368 2058 4423 substan-

476 4458 603 4515 tiam
648 4456 744 4510 Dei
787 4471 952 4513 nemo
983 4457 1468 4537 _comprehcndere
1509 4466 1708 4526 potest,
1751 4460 1856 4516 hoc
1896 4460 2053 4516 dixit.

2167 597 2306 646 ram,
2337 591 2528 651 utpote
2559 582 2865 653 principem
2901 585 3086 653 populi
3118 585 3337 657 Moysen
3374 582 3621 652 acoepit,
3652 598 3770 651 pro.

2165 673 2448 727 tectricem
2485 670 2627 727 Deus
2653 672 2881 728 abstulit
2914 690 3159 741 manum,
3192 686 3245 731 ct
3270 691 3378 730 sua
3411 689 3547 731 eum
3578 674 3770 731 virtute

2165 762 2391 817 nudavit
2426 763 2480 816 in
2513 772 2727 819 tantum
2770 774 2830 820 ut
2873 764 3136 823 Romanis
3175 768 3386 823 tributa
3427 778 3768 837 praestarent,

2166 864 2225 909 ut
2255 856 2359 910 sub
2389 856 2535 927 leges
2565 872 2756 912 eorum
2792 866 2848 912 et
2888 860 3167 929 principes
3195 860 3499 932 degerent,
3536 869 3668 916 tunc
3696 863 3770 916 vi-

2165 947 2364 1002 derunt
2422 948 2725 1019 posteriora
2774 949 2895 1017 Dei,
2938 950 2991 1005 id
3031 959 3115 1006 est
3159 951 3252 1005 Dei
3296 952 3771 1007 incarnationem.

2163 1040 2473 1097 Posteriora
2520 1051 2704 1098 autem
2743 1043 2883 1112 ejus,
2915 1044 3042 1112 quia
3069 1044 3323 1100 videlicet
3360 1045 3420 1097 in
3456 1044 3667 1099 ultimis
3695 1055 3771 1101 est

2167 1134 2505 1204 temporibus
2535 1134 2874 1195 incarnatus.
2913 1134 3121 1190 Faciem
3155 1147 3333 1190 autem
3372 1152 3485 1191 non
3516 1136 3770 1198 videbitis,

2163 1227 2258 1291 ait,
2296 1227 2661 1282 substantiam
2711 1227 2967 1282 videlicet
3014 1226 3347 1284 Divinitatis.
3390 1226 3610 1298 Aperte
3650 1242 3769 1300 ergo

2163 1320 2417 1375 doctores
2460 1320 2654 1385 vetuit,
2704 1329 2759 1376 et
2810 1321 3125 1377 sacerdotes
3162 1320 3481 1391 prohibuit,
3523 1330 3581 1375 et
3614 1336 3747 1389 quos

2161 1429 2381 1485 cunque
2409 1412 2477 1468 de
2508 1414 2620 1469 Deo
2652 1414 2801 1483 loqui
2835 1414 2916 1470 fas
2940 1422 3045 1480 est,
3076 1415 3369 1484 exquirere
3402 1414 3767 1471 substantiam

2162 1506 2283 1570 Dei,
2311 1518 2360 1561 et
2391 1506 2664 1561 discutere
2695 1506 2897 1563 Christi
2931 1507 3295 1572 divinitatem,
3335 1516 3397 1562 et
3439 1507 3659 1577 ingredi
3688 1508 3769 1561 in-

2164 1597 2363 1653 teriora
2394 1598 2682 1654 velaminis
2708 1598 3087 1670 intelligibilis.
3120 1596 3388 1654 Velamcn
3425 1598 3582 1652 enim
3615 1596 3767 1653 Chri-

2164 1697 2282 1744 stus
2336 1689 2499 1745 habet
2529 1704 2773 1755 carnem,
2829 1698 3205 1761 tegumentum
3270 1689 3591 1746 divinitatis
3641 1704 3763 1765 supr,

2165 1770 2632 1851 quemadmodum.
2653 1790 2709 1839 et
2742 1783 2846 1839 hoc
2883 1783 3027 1853 quod
3063 1792 3181 1838 erat
3211 1783 3487 1839 sensibile
3523 1782 3764 1839 velamen

2094 1851 2135 1905 Β
2170 1883 2545 1946 tegumentum
2599 1874 2814 1930 Sanctis
2863 1885 3178 1931 sanctorum
3229 1876 3352 1932 fuit.
3410 1874 3541 1930 Non
3598 1876 3763 1931 solum

2164 1978 2346 2021 autem
2386 1967 2660 2033 velamen,
2698 1968 2792 2024 sed
2838 1976 2893 2022 et
2938 1968 3236 2024 testimonii
3283 1984 3504 2031 art-am,
3551 1983 3761 2022 carnem

2166 2059 2377 2114 Domini
2423 2059 2737 2133 appellavit,
2779 2060 2967 2115 multis
3015 2060 3161 2117 illam
3210 2060 3538 2117 necessario
3582 2060 3759 2130 appel-

2163 2152 2282 2206 lans
2322 2152 2661 2216 nominibus,
2693 2152 2823 2223 quia
2872 2152 3055 2207 multa:
3093 2167 3157 2207 ex
3188 2168 3251 2207 ea
3281 2162 3449 2207 erant
3490 2152 3758 2221 operatio-

2162 2260 2299 2309 nes;
2330 2245 2399 2299 de
2452 2245 2555 2300 hac
2583 2245 2727 2300 enim
2762 2244 2929 2300 David
2980 2247 3032 2300 in
3080 2244 3310 2302 Psalmis
3355 2247 3754 2315 prophetarit:

2162 2337 2420 2407 Exsurge,
2447 2336 2685 2405 Domine,
2713 2339 2768 2393 in
2796 2339 3022 2407 requiem
3049 2348 3216 2399 tuam,
3240 2350 3295 2393 tu
3324 2348 3372 2395 et
3402 2355 3538 2393 arca
3569 2340 3758 2393 sancti-

2160 2432 2421 2500 ﬁcationis
2458 2441 2562 2485 tua:
2591 2430 2655 2485 ³ο.
2696 2430 2822 2487 Haec
2860 2447 2987 2486 arca
3030 2431 3388 2503 intelligibilis
3434 2431 3750 2495 testimonii,

2160 2533 2349 2594 utpote
2394 2526 2682 2581 continens
2714 2526 3150 2595 compassionem
3187 2526 3493 2582 salutarem
3538 2526 3749 2588 dicitur,

2160 2617 2228 2674 de
2256 2634 2360 2689 qua
2383 2617 2519 2674 dixit
2546 2617 2743 2673 Paulus
2770 2637 2782 2672 :
2818 2618 3083 2688 Testiﬁcor
3108 2635 3286 2673 coram
3322 2617 3456 2682 Deo,
3482 2627 3534 2673 et
3559 2616 3751 2671 Christo

2158 2712 2304 2773 Jesu,
2344 2712 2436 2781 qui
2488 2713 2849 2765 testimonium
2907 2711 3136 2767 reddidit
3178 2712 3271 2769 sub
3327 2710 3531 2765 Pontio
3583 2709 3750 2765 Pilato

2160 2805 2350 2858 bonam
2378 2804 2753 2875 confessionem
2785 2804 2850 2857 ³⁸.
2890 2805 3097 2860 Rursus
3128 2814 3181 2859 et
3216 2803 3579 2875 Evangelium
3619 2802 3743 2857 dici-

2162 2915 2283 2955 mus
2325 2915 2446 2954 esse
2491 2898 2889 2963 testimonium,
2924 2907 3033 2952 tam
3066 2898 3189 2971 quia
3228 2897 3561 2970 intelligibili
3596 2911 3743 2959 arae,

2160 2993 2213 3049 id
2263 3001 2347 3046 est
2396 2992 2569 3056 carni,
2606 2989 2811 3047 Christi
2860 2990 3119 3056 cohaeret,
3164 3006 3328 3063 quam
3361 2992 3497 3063 quia
3538 3006 3602 3046 ex
3635 2990 3743 3061 ipse

2159 3085 2430 3155 passionis
2467 3082 2843 3139 testimonium
2884 3082 3171 3139 habemus.
3218 3084 3291 3139 De
3337 3085 3462 3155 ipso
3509 3084 3651 3138 enim
3693 3092 3741 3137 et

2160 3179 2361 3233 Paulus
2423 3176 2490 3231 ad
2548 3175 2894 3233 Timotheum
2950 3177 3227 3234 scribebat
3280 3195 3295 3231 :
3376 3175 3739 3233 Testimonium

2161 3274 2475 3345 temporibus
2504 3274 2634 3338 suis,
2668 3272 2726 3325 in
2764 3289 2865 3343 quo
2902 3272 3098 3340 positus
3126 3288 3243 3327 sum
3282 3287 3374 3343 ego
3399 3270 3737 3341 ‘pra’dicator,

2158 3378 2205 3422 et
2237 3366 2502 3436 apostolus
2533 3366 2600 3419 ³².
2644 3363 2771 3421 Haec
2832 3380 2954 3423 arca
2991 3379 3119 3436 ergo
3159 3375 3245 3421 est
3286 3362 3733 3436 propitiatorium,

2158 3460 2282 3529 quia
2330 3459 2384 3514 in
2430 3473 2595 3515 carne
2648 3473 2746 3513 sua
2793 3455 3047 3513 Christus
3094 3455 3255 3511 nobis
3303 3456 3734 3527 propitiationem

2157 3552 2430 3623 praestitit.
2476 3550 2559 3607 Ad
2609 3566 2770 3621 quam
2832 3550 2982 3605 omni
3037 3559 3285 3620 tempore
3338 3565 3452 3605 non
3510 3543 3733 3621 przecipit

2159 3647 2413 3701 doctores
2450 3644 2684 3715 ingredi,
2717 3652 2776 3700 ut
2815 3643 3029 3699 curiose
3068 3642 3257 3711 utique
3295 3657 3405 3697 non
3447 3639 3730 3710 inquirant,

2158 3735 2619 3806 quemadmodum
2672 3735 2887 3790 verbum
2941 3750 3063 3789 caro
3114 3736 3315 3804 factum
3371 3744 3450 3791 est
3478 3734 3521 3765 ”
3557 3749 3569 3784 :
3609 3742 3729 3799 quo-

2160 3829 2342 3895 modo,
2371 3829 2464 3899 qui
2496 3830 2549 3883 in
2582 3828 2758 3884 forma
2792 3827 2887 3882 Dei
2922 3834 3060 3893 erat,
3094 3827 3148 3881 in
3183 3825 3355 3884 forma
3394 3825 3539 3881 servi
3572 3823 3730 3877 factus

2159 3931 2263 3987 est,
2305 3920 2580 3991 quomodo
2621 3918 2923 3975 exinauivit
2968 3919 3347 3988 semetipsum,
3387 3928 3447 3972 et
3499 3918 3550 3971 in
3596 3912 3729 3968 caelis

2159 4013 2361 4069 mansit
2393 4013 2459 4066 ³⁵.
2504 4011 2710 4067 Horum
2746 4012 2893 4067 enim
2937 4011 3071 4066 ﬁdes
3113 4012 3342 4067 salutem
3383 4009 3565 4073 aﬂert,
3596 4003 3726 4078 peri-

2159 4105 2339 4160 culum
2373 4103 2676 4174 inquisitio.
2711 4100 2825 4157 Hoc
2864 4117 2991 4174 ergo
3031 4102 3126 4172 qui
3167 4102 3362 4165 credit,
3400 4116 3515 4155 non
3548 4094 3728 4153 morie-

2159 4208 2269 4252 tur.
2299 4197 2434 4264 Quia
2469 4198 2520 4251 in
2554 4197 2706 4261 nube,
2751 4194 2949 4266 inquit,
2981 4194 3244 4265 apparebo
3284 4209 3443 4263 super
3474 4187 3721 4246 στασιώδη»

2157 4292 2263 4348 sive
2322 4291 2789 4360 propitiatorium,
2868 4288 3071 4343 nubem
3147 4302 3337 4341 rursus
3405 4281 3722 4340 Dominicam

2158 4398 2376 4439 carnem
2425 4391 2482 4437 et
2528 4383 2895 4453 evangelicam
2951 4379 3188 4450 appellat
3239 4378 3500 4432 Verbum.
3542 4372 3723 4430 Eadem

2159 4473 2306 4529 enim
2340 4474 2525 4528 multis
2561 4482 2718 4528 vocat
2760 4471 3099 4534 nominibus,
3136 4484 3238 4525 nec
3279 4478 3362 4523 est
3399 4461 3720 4532 ταυτολογίας

472 4549 613 4615 Quid
646 4561 827 4604 autem
866 4552 986 4620 ejus
1015 4551 1187 4620 possit
1220 4550 1414 4615 videri,
1446 4551 1561 4621 ipse
1592 4562 1780 4621 aperte
1810 4554 2055 4610 subdidit
2089 4547 2131 4602 θ
2160 4564 2253 4619 sed
2298 4564 2708 4633 operationibus
2760 4578 2942 4617 rerum
2994 4576 3115 4631 qua:
3171 4560 3566 4630 signiﬁcantur,
3614 4564 3717 4622 apta

469 4642 659 4704 dicens
692 4662 705 4697 :
740 4643 870 4698 Ecce
912 4652 987 4698 est
1036 4646 1178 4698 locus
1223 4645 1365 4714 apud
1407 4662 1507 4709 me,
1554 4647 1718 4701 stabis
1760 4664 1919 4717 super
1961 4666 2054 4719 pe-

472 4746 612 4793 tram
641 4737 707 4803 ²⁶,
740 4737 794 4792 id
834 4744 918 4793 est
952 4738 1270 4803 Ecclesiam,
1306 4747 1363 4794 et
1394 4740 1797 4797 confessionem
1837 4760 1960 4815 quae
1996 4744 2053 4799 in

470 4843 535 4889 eo
563 4839 666 4894 est,
703 4844 826 4884 cum
878 4828 985 4884 ﬁde
1034 4831 1224 4886 dicens
1266 4830 1544 4903 :Cumgue
1592 4836 1836 4891 transibit
1882 4838 2055 4907 gloria

470 4937 609 4984 utea,
646 4920 955 4991 significans
985 4921 1188 4978 Christi
1232 4924 1299 4977 ad
1346 4925 1598 4985 homines
1633 4928 1922 4982 transitum
1958 4946 1969 4980 :
2003 4937 2053 4983 et

470 5026 663 5078 ponam
697 5021 745 5065 te
775 5013 830 5065 in
863 5014 1103 5082 foramen
1139 5025 1301 5083 petrte
1330 5018 1396 5081 ’⁷,
1429 5018 1481 5073 id
1514 5029 1618 5085 est,
1656 5020 1710 5074 in
1743 5021 1880 5091 lege,
1913 5022 2055 5077 sicut

469 5115 569 5170 per
600 5100 844 5156 foramen
875 5113 1186 5174 angustum,
1220 5107 1286 5162 ad
1332 5109 1732 5166 confessionem
1763 5112 1967 5167 Christi
2000 5122 2055 5168 ct

472 5191 656 5258 ﬁdem,
688 5208 786 5262 per
819 5208 937 5248 eam
974 5197 1292 5259 transimus,
1336 5200 1480 5255 unde
1509 5210 1565 5255 et
1594 5204 1919 5273 paedagogus
1952 5220 2055 5257 no—

471 5293 585 5338 ster
614 5284 680 5338 ad
716 5283 1017 5351 Christum,
1064 5286 1145 5340 lex
1186 5304 1306 5343 esse
1348 5306 1447 5359 per
1496 5291 1720 5349 Paulum
1761 5296 1959 5349 dicitur
1986 5297 2052 5350 ".

468 5366 537 5434 Et
568 5391 767 5443 ponam
806 5392 963 5444 super
1003 5387 1051 5430 te
1083 5394 1297 5431 manum
1340 5397 1534 5447 meam,
1569 5384 1738 5453 signis
1778 5386 2050 5453 videlicet,

470 5466 749 5522 miraculis
786 5482 907 5537 quae
958 5484 1081 5523 cum
1128 5468 1207 5524 eis
1255 5469 1507 5537 faciebat,
1547 5476 1710 5529 donec
1759 5486 2049 5543 transeam,

471 5558 754 5634 taliumque
777 5578 995 5619 manum
1021 5578 1215 5627 meam,
1239 5574 1285 5617 et
1309 5566 1499 5621 ridebis
1525 5572 1810 5637 posteriora
1841 5589 1957 5629 mea
1986 5576 2052 5634 ³³.

576 5722 623 5751 ’⁸
650 5720 813 5775 Hebr.
852 5739 908 5787 χ,
936 5722 1021 5787 19,
1047 5723 1137 5777 ΞΟ.

468 5790 560 5846 ‘22.
671 5794 715 5823 "
742 5792 914 5847 Galat.
943 5808 1025 5853 tn,
1076 5794 1167 5846 ‘24.

457 5861 519 5923 κν
543 5858 699 5919 loau.
726 5878 763 5927 t,
798 5863 881 5916 H.

1251 5725 1296 5757 ’³
1322 5724 1477 5797 Πρω.
1514 5746 1592 5793 ιιι,
1623 5732 1711 5795 ‘23,
1745 5732 1833 5788 24.

1278 5797 1324 5829 ’⁸
1361 5796 1531 5853 Exod.
1568 5820 1756 5862 xxxm,
1798 5806 1886 5858 9.5.

980 5864 1024 5895 ”
1055 5863 1291 5937 Philipp.
1318 5883 1377 5931 tt,
1414 5868 1464 5933 6,
1494 5870 1543 5925 7.

1948 5736 1991 5766 "
2014 5735 2186 5789 Exod.
2210 5752 2397 5796 χχχιιι,
2428 5735 2512 5788 l3.

2001 5806 2045 5837 '°
2068 5805 2207 5859 Psal.
2248 5821 2427 5865 cxxxt,
2463 5806 2515 5858 8.

1659 5874 1700 5903 ³⁵
1724 5875 1878 5930 Joau.
1901 5891 1959 5941 ll,
2000 5875 2084 5930 19.

2162 4653 2393 4724 imponit
2423 4662 2478 4708 et
2505 4654 2781 4709 distribuit
2823 4651 3067 4707 nomina.
3108 4648 3415 4719 Aliquando
3457 4648 3595 4703 enim
3638 4656 3718 4695 τε·

2161 4748 2337 4803 lamen
2372 4764 2589 4803 carnem
2626 4748 2773 4813 dicit,
2808 4756 3183 4820 tegumentum
3215 4748 3356 4801 hanc
3387 4760 3507 4801 esse
3540 4737 3713 4798 divini-

2163 4842 2289 4896 tatis
2326 4841 2529 4898 Christi
2589 4841 2885 4910 signiﬁcat;
2945 4841 3238 4911 aliquando
3297 4848 3478 4894 autem
3538 4844 3714 4891 arcam.

2161 4934 2437 4991 hominem
2477 4934 2730 4989 videlicet
2780 4950 2943 5004 quem
2993 4935 3108 5004 ipse
3158 4932 3423 4987 Dominus
3462 4934 3711 4999 exponens

2155 5027 2359 5083 Judteis
2418 5028 2552 5081 dixit
2602 5045 2615 5081 :
2667 5025 2862 5081 Solvite
2918 5027 3167 5095 templum
3219 5026 3335 5087 ltoc,
3386 5033 3435 5077 et
3482 5025 3535 5076 in
3575 5016 3713 5073 trib“!

2158 5121 2337 5173 diebus
2384 5120 2616 5174 excitabo
2639 5120 2771 5173 illud
2802 5119 2868 5172 ³³.
2910 5117 3087 5183 Quod,
3120 5118 3321 5172 Judaais
3345 5111 3708 5187 ignorantibus,

2157 5221 2212 5267 et
2246 5212 2556 5267 dicentibus
2591 5230 2604 5267 :
2640 5211 3008 5281 Quadraginta
3040 5220 3086 5262 et
3117 5226 3208 5263 sea;
3235 5209 3386 5262 annis
3422 5206 3707 5275 a’diﬁratmtt

2158 5318 2231 5359 est
2270 5303 2521 5373 templum
2561 5305 2675 5367 hoc,
2708 5312 2755 5357 et
2787 5313 2840 5356 tu
2888 5303 2941 5355 in
2977 5303 3140 5356 tribus
3179 5302 3357 5355 diebus
3398 5299 3631 5355 excitabit
3654 5292 3707 5345 il.

2162 5397 2252 5451 lud
2283 5396 2366 5449 ³⁶Ῥ
2405 5395 2743 5467 Evangelista
2782 5395 3115 5464 explanavit,
3149 5394 3337 5449 dicens
3376 5412 3387 5446 :
3427 5394 3524 5450 Iile
3562 5397 3705 5443 (ιιιιευι

2160 5486 2362 5539 dicebat
2402 5486 2465 5540 de
2504 5485 2693 5553 templo
2731 5501 2824 5538 suo
2862 5485 2927 5539 ³⁷.
2974 5484 3283 5554 Aliquando
3332 5498 3462 5537 vero
3513 5480 3702 5535 nubem.

2160 5578 2288 5647 quia
2318 5577 2493 5630 nubes
2521 5593 2719 5649 corpus
2751 5586 2854 5641 est,
2896 5577 2989 5639 sed
3034 5577 3294 5633 mundum
3337 5585 3390 5630 ct
3437 5574 3705 5632 subsistcn~

2623 5737 2668 5769 ’³
2695 5737 2850 5798 ibid,
2878 5737 2964 5789 ‘20.
3079 5736 3123 5767 ’⁸
3152 5736 3285 5791 illiti.
3313 5778 3325 5794 ,
3352 5737 3443 5790 2i.
3536 5736 3575 5767 ν
3596 5727 3699 5798 ibid.

2628 5807 2665 5837 "
2698 5807 2715 5860 l
2744 5796 2886 5860 Tim.
2915 5821 2987 5873 γι,
3028 5807 3108 5862 13.
3221 5806 3313 5861 "1
3344 5806 3483 5862 Tim.
3522 5822 3580 5872 tt,
3614 5796 3701 5854 6'7.

2201 5875 2245 5907 δ’
2290 5874 2449 5941 ibid.,
2471 5873 2560 5928 eo.
2702 5879 2719 5908 τ
2751 5876 2889 5931 ibid.
