4046 6406
169 383 284 448 985

1350 368 1433 429 IN
1462 365 1902 430 LEVITICUM.
1932 391 2001 404 —
2027 365 2176 428 LIB.
2207 365 2276 426 ν.

3348 360 3452 422 936

169 500 310 553 tiam
330 511 400 554 ex
423 492 626 566 Spiritu
650 496 838 548 sancto
856 489 1178 545 habentem:
1205 500 1268 543 ex
1291 481 1569 554 spiritibus
1590 479 1761 543 enim,
1794 483 1834 542 Α
1867 478 2142 548 quomodo
2172 477 2326 548 jubet
2375 475 2455 530 uti
2498 473 2715 546 quando
2759 473 3128 548 nosmetipsos
3157 471 3436 542 perfeceri-

166 589 227 649 id
274 599 365 647 est
407 588 584 644 ventis
624 586 801 642 nubes
842 582 1166 638 subsistunt.
1205 579 1428 648 Propter
1459 573 1603 644 quod
1643 573 1763 642 eius

168 681 482 736 subtilitate
508 678 667 735 simul
698 686 754 733 et
782 675 1006 731 levitate
1032 671 1351 728 munditiam
1383 667 1553 724 Isaias
1576 673 1763 718 osten-

164 773 312 828 dens
329 773 542 828 dicebat
565 792 578 829 :
604 770 736 826 Ecce
768 768 1020 823 Dominus
1049 764 1282 820 ascendit
1304 777 1460 830 super
1481 758 1667 814 nubem
1687 756 1763 810 le-

162 882 309 930 vem,
338 875 385 920 et
421 865 742 936 ingredietur
779 861 1086 932 .Egyptum,
1119 867 1167 912 et
1199 852 1656 910 commovebuntur
1691 849 1765 904 si-

169 958 422 1013 mulacra
467 956 683 1028 Αἴθρη)ιί
708 958 771 1022 ⁸³,
805 955 952 1010 nube
1007 951 1258 1007 similiter
1293 963 1406 1004 non
1466 948 1763 1015 incongrue

163 1049 548 1121 evangelicum
569 1047 902 1118 appellamus
921 1043 1168 1106 verbum,
1188 1041 1314 1112 quia
1333 1054 1449 1094 mos
1466 1047 1549 1094 est
1564 1037 1761 1092 divina:

167 1141 478 1212 Scriptura:
507 1139 678 1193 sancti
711 1137 948 1208 Spiritus
985 1132 1310 1197 doctrinam,
1341 1129 1544 1186 nubem
1577 1126 1762 1196 appel-

165 1221 309 1290 lare.
354 1233 512 1290 Unde
560 1242 611 1286 et
665 1231 882 1286 vincam
920 1228 1234 1284 Judaeorum
1277 1225 1418 1282 sicut
1457 1222 1763 1280 infructuo-

166 1341 317 1390 sam,
345 1324 604 1380 auferens
632 1323 847 1379 dicebat
879 1340 891 1376 :
923 1319 1184 1376 Mandabo
1217 1317 1457 1377 trabibus,
1488 1331 1550 1369 ne
1575 1314 1762 1384 pluunt

167 1434 338 1487 super
365 1432 484 1470 eam
519 1415 735 1468 imbrem
767 1415 831 1468 '9.
865 1413 1071 1469 Deinde
1100 1426 1222 1482 qua:
1259 1411 1330 1464 sit
1370 1409 1551 1472 vinea,
1592 1420 1762 1475 expo-

170 1524 321 1562 nens
348 1506 532 1563 subdit
567 1524 580 1560 :
616 1506 772 1563 Vinea
801 1506 939 1559 enim
966 1503 1432 1568 Sabaotlt,.domus
1467 1498 1636 1554 Israel
1664 1506 1760 1564 est,

166 1613 216 1661 et
248 1602 440 1656 domus
485 1600 647 1663 Juda,
685 1599 944 1656 novellum
992 1597 1241 1652 delictum
1272 1595 1338 1649 η.
1382 1593 1441 1648 in
1491 1593 1593 1648 bac
1634 1606 1763 1662 ergo

169 1694 344 1758 nube,
380 1691 525 1747 Deus
570 1701 676 1746 tam
709 1690 762 1744 in
793 1689 1070 1746 Dominica
1105 1703 1289 1752 carne,
1319 1702 1479 1755 quam
1512 1684 1564 1738 in
1597 1698 1764 1738 evan-

170 1786 350 1860 gelica
406 1783 796 1856 przvdicatione
853 1782 1182 1845 insinuatur,
1235 1789 1286 1835 et
1337 1778 1473 1832 nihil
1530 1775 1762 1848 amplius

1867 586 1991 627 mus
2029 567 2145 624 sive
2188 568 2774 632 consummaverinms,
2811 580 2958 620 nunc
2999 563 3242 628 tradidit,
3276 562 3330 616 id
3372 569 3450 616 est

1867 678 1978 716 non
2009 662 2345 731 ingrediatur
2381 660 2561 715 Aaron
2603 660 2654 714 in
2697 667 2905 720 sancta,
2942 656 3047 711 nisi
3087 657 3205 711 haec
3238 653 3433 708 fecerit

1869 755 1970 810 liic
2013 753 2274 813 ostendit,
2308 752 2436 822 quia
2469 767 2580 805 non
2623 750 2797 806 solum
2835 764 2942 802 non
2985 745 3320 817 frequenter,
3356 741 3451 797 sed

1866 861 1969 900 nec
2013 844 2238 898 omnino
2285 859 2396 896 non
2441 841 2650 914 ingredi
2693 841 2748 895 in
2798 837 3173 894 sublimiorem
3214 835 3449 890 divinam

1867 938 2389 1008 contemplationem
2419 935 2699 1008 praecepit,
2732 950 2892 1004 quam
2920 943 2975 988 et
3000 930 3296 1002 appellavit
3325 944 3446 983 san-

1865 1029 2161 1090 ctuarium.
2191 1036 2378 1098 utpote
2406 1043 2527 1098 quae
2558 1026 2625 1080 de
2655 1027 2766 1080 Deo
2797 1034 2900 1089 est,
2933 1024 3025 1094 qui
3057 1024 3289 1077 Sanctus
3319 1037 3449 1076 sano

1865 1131 2077 1175 ctorum
2108 1128 2209 1183 est,
2246 1129 2303 1176 et
2332 1134 2456 1177 eum
2497 1118 2587 1188 qui
2635 1117 2776 1172 bene
2807 1132 2868 1170 ea
2903 1119 3095 1179 utitur,
3127 1112 3448 1172 sanctificat.

1866 1214 1961 1268 sed
2010 1213 2100 1283 qui
2149 1212 2336 1282 utique
2375 1213 2557 1264 Aaron
2605 1218 2708 1274 est,
2741 1209 2793 1262 id
2829 1218 2930 1272 est,
2963 1209 3126 1261 altam
3160 1220 3448 1260 conserva-

1864 1309 2072 1361 tionem
2124 1305 2356 1368 habens,
2390 1310 2447 1357 et
2499 1302 2591 1371 qui
2643 1301 2698 1355 in
2747 1310 2959 1355 tantum
3011 1308 3304 1372 provectus
3345 1306 3450 1362 est,

1865 1397 2170 1453 ascendens
2202 1396 2269 1451 ad
2311 1394 2406 1450 Dei
2453 1393 2964 1454 sanctiﬁcationem,
3000 1401 3061 1446 ut
3095 1389 3235 1445 sicut
3266 1388 3448 1443 divina

1865 1505 1991 1544 arca
2035 1487 2370 1560 respondere
2403 1486 2598 1558 possit,
2629 1485 2734 1539 hoc
2774 1485 2918 1538 enim
2958 1484 3138 1536 Aaron
3177 1481 3450 1548 interpre-

1869 1593 2030 1648 tatur,
2061 1583 2152 1637 hic
2188 1581 2526 1653 irgrediens,
2555 1578 2786 1634 vitulum
2823 1575 3016 1630 offeret
3062 1589 3160 1645 pro
3201 1580 3451 1644 peccato,

1866 1678 2122 1733 videlicet
2167 1677 2222 1730 in
2271 1673 2542 1729 sacriﬁcio
2590 1672 2891 1742 ingreditur
2921 1667 3145 1725 Christi.
3181 1666 3283 1732 Qui
3322 1665 3450 1734 quia

1868 1789 1978 1828 non
2009 1771 2184 1826 solum
2230 1781 2330 1840 pro
2370 1766 2610 1839 peccatis
2639 1765 2842 1820 nostris
2876 1763 3185 1817 immolatus
3215 1768 3320 1822 est,
3353 1757 3452 1812 sed

170 1890 488 1948 qua-ramus
514 1890 614 1928 nos
639 1874 730 1943 qui
755 1873 960 1944 aliquid
987 1874 1053 1930 de
1084 1873 1192 1926 Deo
1219 1870 1451 1927 scrutari
1483 1869 1755 1932 volumus,
1795 1845 1836 1900 Β
1865 1875 1921 1922 et
1954 1867 2118 1921 vitam
2160 1862 2321 1916 nobis
2352 1867 2573 1932 praestat
2608 1857 2930 1929 perfectam,
2966 1863 3150 1908 tamen
3193 1857 3451 1924 peccato-
3491 1915 3497 1924 '

172 1967 272 2023 sed
299 1975 564 2036 quantum
589 1965 749 2020 nobis
774 1964 1120 2035 evangelicus
1143 1978 1324 2018 sermo
1348 1961 1531 2020 tradit.
1555 1966 1758 2029 quanta

172 2076 238 2117 ex
269 2058 551 2115 Dominica
579 2072 742 2112 carne
769 2056 1104 2128 percipimus
1132 2076 1145 2113 :
1171 2070 1350 2128 neque
1379 2054 1523 2108 enim
1558 2052 1761 2110 frustra

175 2166 289 2208 uno
318 2149 541 2206 nomine
568 2163 788 2204 carnem
821 2147 1055 2213 Domini,
1081 2156 1137 2202 et
1162 2145 1513 2218 Evangelium
1544 2141 1762 2214 legisla-

177 2255 265 2300 tor
296 2242 642 2314 signiﬁcavit,
675 2240 771 2297 sed
818 2241 945 2310 quia
995 2241 1309 2314 Evangelio,
1341 2248 1396 2298 et
1442 2253 1605 2296 carne
1653 2236 1760 2291 Do-

181 2335 405 2398 minica,
429 2333 644 2392 occasio
669 2340 834 2404 atque
855 2332 1213 2388 subsistentia
1243 2341 1346 2386 est.
1373 2328 1759 2384 Verumtamen

179 2437 238 2485 et
268 2426 354 2480 illa
391 2439 534 2480 nunc
561 2423 782 2479 iteratio
811 2422 1120 2487 conﬁrmat,
1156 2422 1280 2492 quia
1312 2437 1420 2475 non
1451 2420 1625 2475 solum
1657 2419 1762 2474 hoc

185 2520 365 2590 ipsum
396 2517 772 2574 differentibus
799 2516 1115 2572 nominibus
1145 2515 1329 2570 divina
1359 2512 1581 2570 nomina
1615 2511 1762 2566 Scri-

183 2623 346 2684 ptura
385 2619 440 2665 ut
471 2610 791 2666 differentes
825 2607 1177 2680 Operationes
1207 2605 1405 2676 signet,
1447 2604 1539 2659 sed
1572 2604 1625 2658 in
1659 2617 1761 2657 no-

179 2705 419 2761 minibus
438 2703 802 2760 difierentiam
820 2702 1080 2764 ostendit,
1105 2700 1427 2770 plerumque
1453 2698 1617 2752 etiam
1637 2712 1765 2752 con-

176 2799 402 2861 trariam
432 2818 444 2852 :
479 2813 603 2854 nam
649 2796 941 2866 aliquando
983 2795 1202 2866 quidem
1239 2793 1466 2864 sagittas
1489 2789 1678 2852 maias,
1709 2798 1763 2844 et

168 2876 385 2960 igneas,
404 2889 522 2945 illas
538 2905 661 2959 quas
682 2898 810 2943 sunt
827 2884 1412 2958 concupiscentiarum,
1429 2893 1521 2936 aut
1538 2881 1763 2940 alterius

173 2980 438 3050 nequitiae
468 2995 694 3051 organa,
717 2989 770 3035 et
791 2982 1139 3050 operationes
1169 2986 1328 3032 vocat
1350 2976 1459 3048 igni
1490 2976 1765 3034 diabolum

171 3071 508 3134 assimilans,
527 3071 654 3142 quia
669 3070 968 3140 corrumpit
983 3085 1077 3124 eos
1092 3069 1184 3139 qui
1199 3069 1244 3123 ei
1263 3085 1320 3123 se
1337 3067 1698 3139 coniungunt,
1711 3073 1768 3121 et

1862 1975 1982 2015 rum
2016 1958 2178 2014 nobis
2207 1955 2633 2017 absolutionem,
2660 1966 2822 2021 quam
2863 1949 3127 2004 virtutum
3159 1941 3454 2014 perfectio-

1861 2065 1990 2104 nem
2035 2048 2127 2103 Dei
2177 2044 2507 2102 sacriﬁeium
2541 2040 2838 2111 conquirit,
2874 2049 2930 2093 et
2963 2034 3210 2111 apponit,
3247 2029 3452 2087 addidit

1861 2142 2159 2214 legislator.

1936 2235 2002 2289 Et
2056 2235 2276 2289 arietem
2329 2233 2384 2285 in
2426 2229 2807 2284 holocaustum.
2852 2223 2996 2280 LXX
3042 2231 3224 2278 autem
3267 2218 3454 2276 edide-
3495 2238 3518 2261 ν

1861 2338 2013 2393 runt,
2045 2330 2108 2383 de
2133 2327 2316 2382 vitulo.
2350 2325 2426 2380 Ex
2457 2323 2634 2378 bobus
2665 2320 2772 2375 illis
2797 2317 3179 2388 operatoribus
3204 2311 3452 2386 iustitia,

1862 2421 2165 2481 secundum
2215 2433 2436 2474 carnem
2485 2415 2665 2471 factus
2716 2420 2819 2476 est,
2856 2410 3006 2465 verbi
3043 2408 3233 2478 gratia,
3277 2405 3452 2460 Abra-

1863 2519 2010 2583 ham,
2050 2515 2222 2579 lsaac,
2255 2511 2445 2576 Jacob,
2478 2508 2649 2564 David
2684 2526 2699 2570 ς
2731 2521 2857 2560 nam
2896 2504 3066 2558 boves
3109 2501 3216 2565 lex,
3237 2513 3332 2554 eos
3362 2495 3455 2567 qui

1859 2611 2131 2684 justitiam
2173 2615 2455 2679 operatur,
2487 2603 2642 2658 novit
2674 2600 2814 2655 sicut
2847 2595 3008 2652 nobis
3038 2594 3240 2649 Paulus
3283 2590 3455 2645 tradi-

1864 2707 1962 2772 dit,
1999 2703 2131 2758 illud
2178 2702 2548 2770 interpretans
2576 2694 2894 2750 mandatum
2934 2709 2945 2744 :
2982 2689 3100 2744 Non
3128 2685 3374 2758 alligabis
3399 2699 3456 2737 os

1865 2797 1980 2850 bovi
2011 2791 2285 2847 trituranti
2316 2789 2358 2820 ἰί
2385 2805 2401 2854 ;
2437 2785 2634 2842 deinde
2676 2781 2910 2850 subjecit
2945 2797 2960 2834 :
2991 2777 3246 2848 Nunquid
3272 2775 3334 2829 de
3362 2772 3458 2827 bo-

1866 2891 1959 2946 bus
1986 2905 2111 2942 cura
2146 2894 2225 2939 est
2265 2882 2373 2937 Deo
2406 2881 2487 2934 “‘t
2529 2895 2595 2933 an
2649 2885 2872 2947 propter
2913 2863 3017 2928 nos
3061 2870 3244 2939 utique
3275 2866 3407 2921 dicit
3440 2883 3454 2920 :

1869 2982 2004 3050 Quia
2035 2979 2182 3035 debet
2224 2978 2280 3030 in
2321 2991 2410 3043 spe
2445 2973 2535 3043 qui
2563 2979 2646 3025 rat
2677 2984 2892 3032 aarare,
2924 2977 2971 3020 et
3009 2965 3098 3036 qui
3132 2962 3370 3022 triturat,
3401 2959 3457 3011 iis

1868 3049 1957 3144 spe
1993 3075 2192 3143 fructus
2247 3065 2569 3137 percipiendi
2597 3063 2678 3116 i"?
2728 3059 2863 3127 Quia
2910 3066 3091 3112 autem
3128 3063 3182 3108 et
3231 3049 3455 3115 vitulus,

173 3166 228 3221 in
257 3181 326 3219 eo
354 3179 414 3219 se
441 3163 845 3234 quodammodo
876 3163 1121 3218 mittunt.
1160 3160 1468 3231 Aliquando
1494 3168 1676 3213 autem
1710 3158 1764 3212 in
1796 3201 1839 3259 C
1872 3174 2019 3220 recte
2067 3170 2293 3234 propter
2340 3156 2692 3217 sacriﬁcium,
2726 3162 2780 3208 et
2816 3151 3075 3207 virtutem
3126 3144 3454 3216 appellatur,

310 3257 319 3259 -
389 3256 397 3259 -
484 3256 492 3259 -
1081 3255 1092 3259 -
1227 3255 1239 3259 -
1312 3253 1344 3259 _
1507 3253 1518 3259 .
1596 3252 1607 3259 .
2106 3257 2114 3259 _
2321 3253 2335 3259 -
2634 3249 2648 3259 .
2708 3248 2719 3259 .
2781 3247 2819 3259 ,,
2879 3245 2890 3258 ,
3042 3239 3316 3259 1%,,“
3347 3235 3454 3259 ωε,

170 3257 360 3328 specie
387 3256 547 3328 ignis,
579 3263 689 3310 tam
720 3254 870 3318 alibi,
889 3269 1052 3325 quam
1081 3255 1132 3308 in
1159 3255 1297 3308 rubo
1312 3253 1480 3307 Deum
1506 3252 1767 3316 insinuat,

167 3351 302 3422 quia
337 3350 426 3405 lux
450 3358 532 3405 est
553 3365 742 3404 eorum
764 3348 856 3418 qui
896 3347 964 3402 ad
997 3363 1121 3402 eum
1143 3363 1238 3418 per
1269 3346 1476 3418 singula
1504 3344 1771 3399 accedunt

169 3456 445 3515 tempora.
476 3443 733 3512 calorque
777 3441 966 3497 vitalis
995 3451 1158 3512 atque
1190 3440 1458 3512 purgatio.
1491 3437 1610 3493 Non
1641 3453 1770 3509 ergo

168 3534 414 3590 aestimes
460 3531 731 3604 superflua
766 3530 882 3586 sive
927 3545 1070 3593 nova
1122 3529 1306 3584 induci
1339 3544 1438 3600 per
1469 3528 1767 3598 expositio-

172 3641 326 3692 nem,
368 3625 590 3696 quando
644 3623 851 3678 eisdem
903 3622 1221 3679 nominibus
1272 3622 1328 3676 in
1386 3619 1770 3676 differentibus

172 3718 352 3774 utitrsr
405 3715 608 3781 causis,
663 3724 758 3770 aut
805 3715 1029 3770 nomina
1087 3714 1395 3770 differentia
1455 3713 1508 3768 in
1559 3713 1766 3767 eisdem

171 3811 382 3881 accipit
407 3811 590 3865 rebus.
621 3809 728 3866 Sed
755 3809 888 3864 illud
921 3808 1146 3865 intende
1175 3817 1382 3862 tantum
1412 3807 1454 3860 si
1493 3822 1602 3861 non
1638 3822 1768 3877 pro-

172 3904 318 3974 prie,
370 3913 427 3958 et
477 3904 776 3957 secundant
829 3911 1068 3972 tempus,
1122 3899 1549 3972 signiﬁcationes
1591 3899 1770 3954 nomi-

171 4012 311 4052 num
371 3996 424 4048 in
485 3995 863 4066 adiacentibus
901 3993 1232 4064 expositioni
1284 3993 1448 4048 rebus
1497 3993 1770 4066 interpres

173 4085 414 4155 accepit.
450 4083 558 4139 Sed
584 4084 695 4154 jam
725 4100 846 4154 quae
878 4093 1182 4155 sequuntur
1211 4083 1514 4139 videamus.
1546 4083 1654 4140 Sed
1693 4083 1770 4139 sic

175 4177 525 4247 ingrediatur
559 4179 740 4232 Aaron
775 4178 1169 4233 sanctuarium.

245 4268 420 4324 Vens.
457 4269 510 4334 5,
557 4269 612 4323 4.
661 4287 679 4319 ε
720 4269 963 4323 Vitulum
1018 4269 1213 4325 offeret
1267 4283 1366 4340 pro
1417 4277 1665 4340 peccato.
1716 4276 1771 4326 ct

175 4359 409 4413 arietem
450 4359 505 4413 in
543 4359 944 4415 holocaustum.
976 4359 1181 4415 Tunica
1217 4360 1360 4416 linea
1397 4359 1682 4426 vestietur,
1716 4366 1772 4414 et

176 4452 536 4512 feminalibus
591 4452 751 4510 lineis
799 4454 1104 4510 verecunda
1165 4453 1386 4509 celabit.
1439 4453 1772 4524 Accingelur

1872 3257 2185 3328 evangelica
2213 3253 2472 3323 explanat
2501 3248 2756 3319 parabola
2779 3247 2846 3308 “,
2879 3245 2932 3298 in
2957 3258 3060 3313 qua
3092 3239 3321 3328 prodigo
3347 3235 3459 3328 filio

1873 3321 2043 3414 pater
2065 3321 2385 3401 revertenti,
2418 3336 2652 3407 primam
2701 3331 2895 3386 stolam
2937 3329 3072 3383 dans
3117 3321 3459 3394 baptismatis

1872 3412 1926 3492 et
1961 3433 2245 3497 annulum,
2287 3429 2341 3484 id
2373 3437 2458 3484 est
2489 3424 2828 3498 signaculum
2862 3420 3107 3492 spiritus,
3140 3415 3370 3471 vitulum
3405 3412 3456 3466 ei

1871 3525 2200 3584 sacriﬁcium
2264 3519 2527 3592 unigeniti
2574 3515 2896 3578 immolavit,
2946 3512 3063 3582 ipse
3117 3516 3173 3563 et
3215 3507 3358 3563 aries
3401 3505 3458 3559 in

1872 3616 2253 3672 holocaustum
2307 3618 2409 3666 est.
2467 3606 2581 3662 lloc
2623 3606 2772 3661 enim
2819 3619 2884 3659 ea
2925 3617 3046 3672 quin
3087 3607 3172 3654 est
3210 3598 3277 3652 de
3311 3594 3462 3649 Isaae

1872 3713 2099 3770 historia
2133 3707 2468 3781 explanavit,
2491 3703 2712 3775 quando
2745 3715 2847 3773 pro
2890 3700 3116 3754 arietem
3154 3692 3458 3751 secundum

1872 3806 2035 3870 LXX,
2078 3806 2134 3858 in
2166 3801 2394 3873 virgulto
2440 3798 2658 3862 Sabech,
2692 3795 2744 3850 id
2783 3802 2867 3849 est
2907 3793 2959 3845 in
2996 3789 3231 3860 virgulto
3258 3784 3458 3847 venite,

1872 3913 1971 3967 per
2001 3894 2146 3965 quod
2177 3892 2427 3948 absolute
2456 3903 2676 3954 crucem
2716 3881 3096 3954 intelligimus,
3134 3881 3188 3933 in
3221 3894 3326 3948 qua
3355 3890 3461 3929 no-

1873 3999 2113 4044 strorum
2147 3993 2498 4058 peccatorum
2531 3987 2749 4052 peracta
2785 3985 2869 4031 est
2893 3972 3075 4046 venia,
3105 3988 3168 4026 ex
3199 3969 3468 4025 cornibus

1872 4083 2187 4153 colligatum
2233 4079 2428 4134 videns
2459 4076 2731 4132 Abraham
2768 4068 3072 4126 immolavit
3102 4081 3251 4130 eum,
3281 4071 3336 4120 et
3371 4077 3463 4116 sa-

1872 4173 2063 4232 criﬁcii
2091 4172 2295 4228 Christi
2339 4167 2633 4239 complevit
2679 4165 2995 4236 imaginem.
3029 4160 3185 4216 Unde
3216 4166 3270 4212 ct
3299 4157 3366 4211 de
3395 4170 3468 4209 eo

1875 4268 2136 4325 Dominus
2173 4264 2435 4321 dicebat:
2475 4260 2746 4315 Abraham
2801 4255 3106 4317 exsultavit,
3159 4261 3215 4304 ut
3267 4250 3464 4304 uideret

1871 4363 2010 4416 diem
2034 4374 2230 4423 meum,
2256 4365 2304 4410 et
2324 4355 2474 4417 vidit,
2503 4361 2549 4406 et
2581 4350 2791 4421 gavisus
2817 4358 2892 4401 est
2915 4347 2981 4400 ".
3012 4344 3148 4411 Quia
3165 4355 3293 4412 ergo
3322 4339 3472 4392 aries

1873 4471 1939 4510 ex
1975 4467 2172 4523 genere
2203 4451 2383 4504 ovium
2433 4455 2536 4510 est,
2575 4451 2952 4500 verumtamen
3001 4448 3085 4494 est
3130 4435 3466 4508 praecipuus,

177 4559 316 4599 zona
362 4545 529 4608 linea,
567 4545 802 4615 cydarim
859 4545 1060 4600 lineam
1113 4545 1359 4614 imponet
1410 4544 1595 4614 capiti.
1643 4542 1768 4598 limo
1801 4545 1925 4604 Det
1974 4544 2151 4620 gregis
2203 4542 2334 4604 dux,
2370 4549 2518 4594 recte
2567 4537 2838 4608 signiﬁcat
2884 4533 3190 4593 Christum,
3231 4528 3321 4596 qui
3379 4533 3466 4580 est

175 4637 327 4695 enim
361 4638 690 4692 vestimenta
726 4646 854 4693 sunt
893 4647 1102 4704 sancta,
1142 4638 1341 4712 quibus
1375 4637 1608 4706 cunctis,
1640 4655 1764 4694 cum

175 4728 327 4783 lotus
359 4728 546 4790 fuerit,
581 4729 858 4784 induetur.
886 4749 906 4782 ι

250 4821 580 4879 Admirabili
628 4823 821 4877 ordine
867 4823 1032 4878 etiam
1086 4839 1235 4879 nunc
1283 4823 1559 4895 legislator
1595 4822 1662 4879 ad
1704 4841 1770 4881 ea

177 4913 526 4987 quaajuvare
564 4921 816 4983 possunt,
853 4924 907 4969 et
945 4915 1095 4969 utilia
1150 4930 1273 4970 esse
1328 4916 1634 4986 legentibus
1689 4917 1770 4972 le-

178 5020 328 5080 gem,
356 5012 413 5059 et
462 5004 553 5074 qui
587 5006 903 5060 thesaurum
956 5007 1296 5063 reconditum
1327 5009 1383 5062 in
1419 5025 1482 5063 ea
1513 5025 1771 5081 perscru-

179 5106 396 5163 tantur,
423 5098 617 5154 utitur.
653 5099 789 5155 Cum
819 5100 963 5154 enim
996 5101 1222 5156 dixisset
1262 5116 1372 5156 non
1415 5102 1582 5157 licere
1621 5103 1772 5160 omni

182 5191 348 5252 hora,
373 5190 425 5244 id
455 5201 665 5245 estnon
696 5193 975 5259 continue,
1001 5193 1052 5248 id
1077 5203 1180 5260 est,
1216 5195 1334 5250 sine
1363 5196 1774 5250 intermisaione

183 5282 401 5356 ingredi
439 5283 495 5337 in
524 5283 723 5339 Sancta
768 5295 1102 5354 sanctorum,
1140 5304 1210 5343 ne
1253 5288 1395 5344 forte
1439 5289 1559 5344 sine
1601 5299 1772 5354 metu,

182 5386 239 5431 et
269 5375 766 5445 circumspectione
805 5378 871 5435 ad
907 5394 971 5433 ea
1002 5395 1123 5450 quae
1159 5381 1336 5436 divina
1383 5391 1531 5443 sunt,
1566 5398 1775 5452 praesu-

182 5484 406 5524 mamus
448 5477 542 5524 aut
588 5470 932 5538 accedamus,
965 5487 1034 5528 ne
1075 5475 1335 5545 maiorem
1383 5476 1777 5547 perscrutatio-

184 5576 316 5616 ncm
361 5561 587 5615 omnino
628 5564 929 5633 prohibuit,
974 5567 1067 5622 sed
1117 5569 1336 5639 quando
1381 5584 1480 5626 nos
1529 5569 1650 5634 hac,
1685 5576 1778 5623 aut

300 5771 346 5804 ⁸⁸
374 5768 477 5823 lsa.
507 5784 618 5830 xu,
659 5769 705 5820 i.
820 5771 862 5803 3’
887 5772 990 5824 lsa.
1015 5789 1045 5823 v
1086 5771 1137 5824 6.
1252 5775 1294 5805 ‘°
1318 5772 1450 5829 ibid.
1479 5775 1528 5827 7.

187 5838 234 5872 δ’
268 5838 430 5896 Joan.
472 5855 585 5902 vm,
612 5839 910 5897 56.“l.uc.
951 5859 1001 5907 x,
1038 5843 1124 5895 Ἡ.

1608 5773 1646 5805 ⁸¹
1683 5773 1704 5829 l
1734 5772 1859 5829 Cor.
1895 5788 1970 5838 ιχ,
2004 5773 2054 5827 9.

1874 4658 1940 4697 ex
1972 4657 2150 4696 massa
2194 4649 2402 4702 nostra,
2432 4637 2525 4692 sed
2569 4635 2897 4708 praecipuus,
2936 4639 2991 4686 et
3031 4627 3310 4683 excellens
3341 4637 3469 4684 nos,

1875 4741 1932 4788 et
1959 4734 2066 4788 dux
2094 4731 2310 4804 generis
2348 4728 2573 4784 humani
2602 4736 2762 4797 atque
2791 4740 2884 4778 rex
2913 4731 3018 4776 est.
3052 4721 3111 4774 in
3143 4719 3267 4779 hoc,
3298 4715 3350 4769 id
3383 4721 3465 4768 est

1878 4827 1935 4882 in
1959 4825 2197 4889 Christo,
2224 4823 2339 4877 vult
2363 4838 2465 4877 nos
2486 4819 2698 4892 ingredi
2727 4819 2780 4872 in
2809 4823 2998 4871 saneta
3029 4832 3042 4868 :
3070 4809 3285 4866 initium
3316 4805 3464 4860 enim

1878 4921 1946 4976 de
1975 4921 2086 4974 Deo
2110 4917 2390 4988 loquendi,
2415 4915 2668 4970 Christus
2707 4921 2810 4975 est,
2854 4919 2908 4964 et
2946 4908 3066 4978 ejus
3096 4901 3299 4974 passio.
3333 4897 3465 4964 Quae

1881 5013 1923 5069 si
1958 5027 2064 5065 non
2094 5019 2252 5065 aucta
2278 5008 2468 5062 fuisset
2498 5015 2553 5060 et
2593 5014 2700 5060 tam
2742 5015 3079 5073 paganorum
3120 5009 3219 5049 nos
3253 5005 3464 5048 errore.

1881 5121 2042 5175 quam
2086 5104 2155 5157 ab
2196 5102 2386 5155 umbra
2416 5099 2550 5171 legis
2576 5107 2628 5153 ct
2659 5095 2889 5166 caligine
2920 5093 3227 5152 liberasset,
3260 5101 3363 5140 nos
3400 5083 3464 5138 de

1884 5197 2060 5252 Patris
2089 5195 2376 5251 divinitate
2410 5192 2558 5262 loqui
2601 5188 2824 5244 minime
2861 5185 3267 5258 potuissemus:
3301 5179 3468 5232 Nemo

1881 5289 2016 5344 enim
2054 5289 2150 5342 scit
2195 5287 2427 5351 Patrem,
2460 5284 2558 5338 nisi
2598 5282 2784 5344 Filius,
2819 5291 2865 5333 et
2911 5279 2996 5332 cui
3038 5275 3255 5330 voluerit
3295 5270 3466 5324 Filius

1882 5382 2119 5436 revelare
2141 5381 2210 5434 ‘°.
2254 5377 2360 5434 Sed
2396 5378 2519 5449 quia
2554 5377 2658 5438 bis,
2688 5375 2781 5444 qui
2811 5373 2878 5427 de
2909 5371 3019 5426 Deo
3047 5372 3330 5423 locuturus
3361 5372 3465 5424 est,

1884 5484 1938 5529 et
1978 5474 2176 5530 intueri
2214 5474 2408 5538 Deum,
2438 5473 2490 5526 in
2528 5479 2791 5542 quantum
2835 5465 3093 5538 possibile
3123 5473 3208 5518 est
3236 5457 3465 5514 homini-

1881 5568 2005 5631 bus,
2041 5567 2176 5631 vult,
2209 5581 2436 5621 necesse
2465 5572 2548 5618 est
2580 5570 2638 5618 ut
2669 5562 2924 5619 omnibus
2963 5555 3252 5614 virtutibus
3288 5563 3464 5607 arme-

2849 5764 2889 5794 “
2917 5761 3044 5818 Luc.
3082 5775 3166 5822 xv.
3204 5757 3258 5811 il
3311 5764 3460 5820 seqq.

2137 5769 2336 5826 “ibid.
2418 5769 2460 5800 "
2495 5767 2627 5823 ibid.
2686 5764 2768 5820 i0.
