3946 6402
620 408 724 470 987

626 614 769 660 tutes
791 606 939 661 enim
960 611 1195 674 quatuor
1218 599 1497 673 generales
1524 609 1670 664 sunt,
1694 598 1928 669 iustitia,
1957 596 2196 662 castitas,

621 697 904 764 fortitudo,
940 694 1235 766 sapientia;
1265 702 1552 764 propterea
1587 691 1801 761 inquit:

691 792 888 846 Tunica
934 790 1073 844 linea
1114 790 1379 841 induatur.
1430 786 1486 841 id
1529 795 1612 841 est
1652 784 1882 855 justitia,
1907 784 2022 839 haec
2052 783 2197 838 enim

620 884 842 953 pmprie
889 882 1275 938 vestimentum
1326 880 1564 935 hominis
1604 890 1716 945 est,
1767 881 1980 941 tunica,
2034 893 2196 947 quam

621 975 763 1031 LXX
791 975 1175 1044 sanctiﬁcatum
1219 973 1407 1036 edunt,
1440 972 1564 1042 quia
1610 970 1979 1025 sanctificatur
2023 985 2051 1022 a
2088 968 2198 1023 Deo

620 1066 999 1138 quijustitiam
1031 1066 1225 1137 diligit,
1258 1075 1313 1120 et
1337 1063 1707 1135 principaliter
1734 1077 1797 1117 ea
1836 1060 2059 1115 indutus
2090 1070 2194 1115 est.

620 1157 773 1214 Unde
803 1158 871 1213 de
911 1173 977 1213 eo
1012 1158 1149 1212 dixit
1187 1155 1357 1211 David
1389 1174 1401 1209 :
1439 1156 1618 1210 Justus
1654 1154 1927 1216 Dominus,
1959 1165 2006 1208 et
2032 1154 2197 1224 justi-

618 1250 720 1302 tias
753 1248 937 1303 dilexit
979 1248 1049 1301 ".
1096 1247 1197 1302 Per
1244 1247 1518 1303 feminalia
1570 1248 1792 1302 castitas
1838 1247 2191 1318 signiﬁcatur,

615 1341 760 1411 quod
799 1340 1152 1396 manifestum
1200 1352 1284 1396 est
1328 1357 1393 1396 ex
1438 1357 1504 1396 eo
1547 1342 1692 1411 quod
1727 1358 1837 1396 non
1869 1341 2194 1411 permittunt

616 1439 786 1495 videri
816 1440 1001 1495 carnis
1037 1450 1240 1495 nostra:
1269 1440 1670 1497 inhonestiora.
1709 1441 1845 1507 Quia
1879 1457 2009 1514 ergo
2048 1453 2193 1499 totus

614 1531 861 1602 corporis
913 1533 1079 1589 decor
1130 1533 1351 1589 castitas
1402 1544 1507 1601 est,
1556 1535 1865 1591 necessarie
1917 1536 2191 1608 legislator

613 1623 689 1678 ait
726 1642 739 1678 :

682 1716 1041 1772 Femiualibus
1077 1717 1227 1773 lineis
1260 1721 1547 1774 verecunda
1579 1719 1788 1775 celabit.
1831 1721 1993 1793 Atqui
2025 1740 2192 1795 super

611 1806 842 1875 femora,
880 1818 937 1865 et
981 1810 1124 1866 circa
1169 1812 1349 1867 vicina
1396 1812 1476 1869 eis
1528 1816 1792 1881 membra,
1833 1817 2010 1872 solum
2059 1828 2189 1874 sunt

612 1898 914 1956 feminalia.
952 1902 1061 1959 Sed
1098 1904 1391 1960 ostendere
1419 1905 1554 1972 vult,
1590 1907 1716 1977 quia
1752 1907 2063 1964 feminalem
2100 1911 2190 1967 hic

611 1994 940 2060 castitatem,
986 2006 1162 2050 totum
1205 2012 1407 2067 corpus
1450 1998 1849 2055 custodientem
1881 2001 2064 2057 carnis
2094 2018 2191 2058 no-

610 2093 738 2140 stra
787 2086 986 2157 signat.
1042 2085 1147 2141 Per
1195 2102 1422 2153 zonam,
1482 2088 1857 2145 fortitudinem
1914 2091 2186 2162 intelligit,

542 2224 553 2237 ,
609 2177 757 2232 unde
791 2175 935 2231 Deus
962 2177 1066 2232 Job
1111 2177 1404 2233 sublevans
1442 2180 1786 2249 passionibus
1825 2197 1890 2237 ac
1928 2184 2189 2254 periculis

606 2286 930 2340 oppressum
975 2270 1191 2325 dicebat
1224 2290 1238 2325 :
1272 2272 1495 2343 Accinge
1532 2282 1589 2327 ut
1626 2275 1709 2328 vir
1737 2275 1937 2331 lumbos
1971 2286 2087 2332 tuos
2117 2278 2184 2336 ³⁸.

606 2358 712 2414 Per
746 2360 1012 2433 cydarim,
1047 2361 1175 2432 quia
1223 2362 1604 2419 indumentum
1651 2367 1844 2436 capitis
1878 2378 1984 2435 est,
2023 2369 2188 2425 intel-

602 2451 789 2523 ligitur
818 2454 998 2508 modis
1023 2454 1281 2509 omnibus
1311 2456 1577 2526 sapientia
1612 2476 1625 2512 :
1658 2459 1784 2528 quia
1815 2462 1961 2515 enim
1993 2462 2049 2517 in
2090 2479 2189 2519 ca-

601 2543 714 2614 pite
748 2545 1033 2617 sapientiae
1068 2556 1153 2604 est
1194 2563 1479 2620 organum,
1512 2567 1623 2606 non
1672 2553 2004 2625 ignoramus,
2039 2558 2184 2627 quod

601 2648 658 2693 et
702 2641 994 2695 cerebrum
1036 2640 1256 2707 dicitur,
1294 2650 1351 2696 et
1401 2644 1548 2698 unde
1592 2653 1647 2699 et
1695 2654 1859 2715 caput
1905 2646 2053 2701 omni
2101 2658 2185 2703 est

601 2730 980 2787 honorabilius
1035 2734 1273 2804 corpori.
1336 2734 1445 2789 Sed
1506 2735 1625 2791 hanc
1680 2737 1825 2794 linea
1886 2748 2181 2811 propterea

600 2834 724 2875 esse
766 2822 1049 2893 praecepit,
1079 2832 1139 2878 ut
1181 2824 1499 2880 ostenderet
1537 2828 1795 2883 virtutum
1841 2830 2178 2897 facilitatem,

599 2919 655 2965 et
702 2912 935 2968 celerem
984 2914 1469 2985 conquisitionem,
1506 2919 1591 2974 vel
1648 2921 1905 2990 habilem,
1944 2936 2180 2995 gratam-

599 3018 706 3072 que
751 3004 1077 3075 adipiscenti
1127 3023 1273 3073 esse,
1308 3009 1451 3065 sicut
1496 3020 1551 3066 et
1596 3028 1660 3069 ea
1700 3030 1822 3086 qua:
1862 3016 2007 3074 linea
2049 3030 2181 3076 sunt

599 3096 837 3165 corpori,
876 3113 1043 3170 super
1073 3100 1219 3170 quod
1251 3112 1400 3159 sunt.

1809 390 2172 453 HESYCHII
2230 389 2705 453 PRESBYTER.

626 530 731 570 tur.
757 513 993 570 Attende
1009 522 1066 568 et
1087 512 1192 567 hoc
1218 508 1674 581 quemadmodum
1706 507 2060 578 approbavit:
2092 504 2203 559 vir-
2236 506 2278 562 Α
2310 504 2687 561 holocaustum
2713 547 2727 570 ,
2792 505 3055 562 virtutum
3125 506 3379 562 videlicet

3768 406 3848 464 (ΚΡ

3458 510 3817 578 perfectione-tn
3835 535 3846 577 ;

2311 598 2487 668 ipsum
2519 600 2665 654 enim
2699 600 2875 654 virum
2906 600 3231 671 perfectum,
3273 612 3326 656 et
3366 618 3679 657 mensuram
3708 610 3851 664 aetatis

2307 690 2619 760 appellavnt,
2658 691 2937 761 suscipere
2975 707 3095 757 nos,
3130 704 3184 746 et
3224 694 3374 747 indui
3421 694 3630 755 volens.
3665 709 3850 765 propter

2306 784 2448 852 quod
2484 794 2533 837 et
2564 784 2905 854 baptismatis
2947 785 3174 856 gratiam
3224 786 3534 840 introduxit
3568 805 3581 841 :
3621 788 3735 856 quia
3775 807 3850 859 per

2306 874 2477 944 ipsam
2516 876 2753 931 maxime
2787 875 3063 932 Christum
3096 877 3398 932 induimur.
3435 878 3663 944 Quando
3703 894 3849 937 autem

2307 970 2421 1023 lucc
2462 969 2642 1040 adepti
2688 969 2972 1039 fuerimus,
3007 972 3061 1025 in
3104 972 3301 1027 Sancta
3344 982 3663 1027 sanctorum
3703 974 3849 1045 ingre-

2305 1060 2538 1125 diemur,
2585 1078 2695 1116 non
2747 1063 3109 1118 substantiam
3161 1075 3577 1134 perscrutantes
3629 1066 3743 1130 Dei,
3784 1071 3848 1121 \‘rl

2304 1152 2683 1217 discutientes,
2714 1152 2817 1207 hoc
2850 1153 2995 1208 enim
3039 1155 3379 1225 prohibitum
3430 1164 3536 1215 est.
3574 1157 3664 1210 sed
3706 1159 3763 1211 ad
3800 1176 3847 1212 ea

2302 1259 2422 1312 quae
2474 1252 2601 1298 sunt
2652 1244 2720 1299 de
2776 1245 3184 1316 dispensatione
3235 1247 3444 1304 Christi
3513 1250 3848 1321 sacriﬁcioque

2302 1337 2421 1404 ejus
2452 1353 2550 1406 pro
2582 1338 2761 1399 nobis,
2799 1350 2853 1393 et
2886 1341 3046 1395 bouis
3086 1357 3208 1410 quae
3246 1357 3350 1412 per
3390 1358 3461 1396 ca
3512 1342 3749 1407 fruimur,
3782 1363 3849 1397 sa-

2301 1431 2519 1500 pientia:
2549 1433 2894 1504 dogmatibus
2925 1437 3162 1490 studium
3192 1437 3388 1491 dantes
3423 1455 3439 1490 :
3470 1437 3575 1492 hoc
3603 1438 3735 1492 enim
3761 1457 3849 1494 ma-

2301 1525 2558 1580 nifestum
2600 1527 2807 1582 faciunt
2838 1530 3073 1585 maxime
3102 1547 3223 1601 qua:
3248 1542 3607 1601 sequuntur:

2370 1618 2532 1675 Vens.
2568 1622 2618 1685 5,
2652 1622 2705 1675 6.
2749 1642 2766 1674 ‹
2807 1623 3076 1693 Suscipiet
3120 1624 3189 1679 ab
3230 1626 3493 1681 universa
3540 1625 3845 1683 multitudine

2298 1712 2529 1767 ﬁliorum
2574 1715 2736 1769 Israel
2785 1716 2922 1771 duos
2963 1717 3141 1771 hircos
3189 1734 3288 1788 pro
3334 1728 3591 1788 peccato,
3624 1729 3676 1772 et
3709 1735 3845 1771 unum

2297 1806 2521 1861 arietem
2552 1808 2603 1861 in
2633 1809 3032 1865 holocaustum.
3058 1810 3304 1881 Cumque
3332 1812 3603 1867 obtulerit
3631 1813 3842 1871 vitulum.

2292 1906 2348 1952 et
2377 1900 2615 1954 oraverit
2638 1917 2737 1970 pro
2764 1917 2823 1956 se
2849 1914 2905 1957 et
2929 1919 3027 1973 pro
3057 1904 3217 1959 domo
3242 1922 3361 1959 sna.
3401 1926 3420 1957 ι

2364 1988 2530 2044 Multa
2577 1990 2664 2045 hic
2709 1991 2963 2058 intentio,
3010 1992 3244 2047 dicentis
3284 1994 3478 2057 simul,
3514 2004 3568 2049 et
3610 1994 3841 2050 audientis

2290 2091 2374 2138 est
2405 2084 2734 2144 necessaria.
2772 2094 2829 2139 ut
2860 2101 2966 2140 non
3000 2086 3257 2141 recedant
3286 2087 3356 2143 ab
3394 2103 3463 2142 eo
3492 2088 3636 2158 quod
3664 2098 3836 2142 rectum

2290 2182 2393 2238 est,
2425 2172 2552 2243 quia
2593 2175 2826 2229 maxima
2858 2184 2986 2231 sunt
3017 2178 3293 2248 mysteria,
3336 2193 3401 2232 ea
3440 2194 3564 2248 qua:
3599 2195 3732 2234 nunc
3764 2195 3838 2234 ex-

2289 2264 2444 2335 ponit
2474 2265 2582 2330 lex,
2619 2274 2673 2321 et
2714 2266 2933 2336 quidam
2973 2269 3028 2322 in
3069 2268 3202 2339 ipsis
3240 2267 3538 2323 offendunt
3566 2270 3837 2340 ignorantes

2290 2357 2483 2412 horum
2537 2357 2796 2413 virtutem
2847 2359 3138 2415 dictorum.
3192 2361 3301 2416 Sed
3361 2360 3484 2417 hzec
3536 2361 3759 2432 quidem,
3794 2361 3834 2414 ia

2286 2450 2485 2521 quibus
2532 2453 2840 2521 oll'endunt,
2878 2454 3135 2510 subtilius
3176 2455 3231 2510 in
3270 2456 3727 2526 subsequentibus
3768 2456 3834 2509 di-

2286 2556 2501 2600 centur.
2537 2546 2675 2613 Quia
2706 2557 2886 2603 autem
2918 2548 2985 2603 ad
3017 2548 3194 2619 ipsum
3225 2547 3513 2605 Christum
3543 2564 3605 2604 ea
3643 2548 3704 2603 de
3738 2546 3832 2616 qni-

2285 2638 2386 2693 bus
2436 2639 2651 2696 locutus
2701 2651 2785 2696 est
2835 2642 3133 2713 legislator,
3170 2642 3227 2696 in
3278 2643 3544 2713 praesenti
3594 2642 3830 2696 evidenur

2285 2730 2596 2787 referuntur
2643 2752 2656 2787 :
2706 2732 3059 2789 manifestam
3110 2734 3325 2804 species
3370 2733 3761 2793 sacriﬁciorum,
3788 2740 3829 2783 et

2282 2822 2532 2889 eﬂectus,
2562 2825 2658 2879 sed
2692 2834 2745 2880 et
2780 2824 2834 2879 hi
2878 2841 2909 2879 a
2952 2825 3153 2895 quibus
3189 2824 3462 2880 sacriﬁcia
3507 2823 3825 2892 accipiuntur.

2283 2917 2325 2970 Α
2349 2932 2617 2989 synagoga
2644 2918 2812 2983 enim,
2844 2919 2929 2974 vel
2961 2918 3211 2974 universa
3244 2917 3599 2973 multitudine
3630 2915 3823 2969 liliorn-a

2279 3011 2444 3067 Israel
2488 3012 2657 3082 accipi
2701 3013 2966 3069 sacriﬁcia
3002 3013 3300 3084 praecepit:
3332 3013 3461 3083 quia
3489 3011 3722 3066 Christus
3746 3006 3818 3077 qui

2279 3120 2380 3175 pro
2421 3105 2581 3160 nobis
2611 3105 2924 3161 immolatus
2960 3116 3063 3173 est,
3095 3122 3160 3162 ex
3194 3106 3321 3161 ﬁliis
3364 3106 3530 3161 lsrael
3564 3102 3819 3159 secundum

666 3187 785 3243 Nisi
835 3192 893 3244 in
940 3192 1067 3263 ipsis
1116 3196 1326 3252 macula
1380 3199 1558 3269 eﬂ‘ecta
1601 3202 1779 3272 fuerit.
1831 3201 1966 3269 Quia
2014 3207 2176 3262 etiam
2204 3215 2247 3273 α
2285 3217 2504 3257 carnem
2533 3201 2652 3263 fuit,
2680 3202 2752 3257 ita
2776 3210 2835 3257 ut
2866 3201 3065 3257 Paulus
3093 3202 3299 3257 diceret
3335 3219 3349 3256 :
3382 3204 3468 3256 Ex.
3497 3200 3669 3271 quibus
3694 3196 3816 3250 Chri-

595 3301 719 3340 cum
752 3289 1017 3347 sublimes
1046 3292 1178 3360 sint,
1212 3298 1556 3353 conversatio
1600 3316 1791 3354 eormn
1837 3311 2018 3372 potest
2056 3318 2178 3359 esse

597 3377 653 3431 in
704 3380 887 3435 terris.
933 3381 1178 3447 Quorum
1232 3387 1443 3459 singula
1498 3390 1553 3445 in
1603 3392 1773 3447 linum
1823 3396 2174 3463 proveniunt,

596 3469 740 3538 quod
776 3471 944 3526 altum
976 3476 1197 3544 quidem
1228 3480 1498 3535 calamum
1532 3482 1718 3549 habet,
1751 3486 1847 3540 sed
1888 3487 2116 3541 multum
2146 3504 2175 3543 a

596 3566 741 3614 terra
774 3565 1040 3629 ascendit.
1072 3568 1339 3639 facileque
1372 3575 1621 3643 conquiri
1670 3586 1851 3647 potest
1901 3594 1933 3633 a
1974 3595 2177 3651 paupe-

596 3649 768 3716 ribus,
812 3662 869 3707 et
914 3654 963 3709 ei
1008 3657 1104 3725 qui
1148 3658 1252 3714 hoc
1298 3662 1578 3727 induetur,
1606 3676 1890 3735 acceptum
1934 3649 2177 3739 gratum-

594 3757 700 3810 que
743 3752 847 3807 est,
889 3747 1033 3802 sicut
1087 3764 1251 3820 supra
1302 3753 1561 3810 diximus.
1612 3756 1957 3815 Estuautem
2009 3764 2174 3818 etiam

594 3829 898 3902 refrigerat,
934 3836 1031 3891 sed
1080 3848 1135 3893 et
1183 3840 1237 3893 in
1285 3842 1409 3913 gelu
1456 3843 1625 3910 fovet,
1653 3849 1798 3917 quod
1837 3859 1921 3905 est
1957 3850 2176 3908 virtutis

593 3924 905 3994 proprium,
938 3943 1059 3998 qua:
1103 3931 1389 4004 refrigerat
1429 3936 1652 4006 quidem
1697 3940 1753 3994 in
1791 3950 1928 3997 aestu
1966 3958 2173 4000 concu—

592 4015 1016 4086 piscentiarum,
1054 4021 1106 4075 in
1156 4023 1355 4096 frigore
1403 4037 1583 4083 autem
1629 4033 1990 4088 tentationum
2027 4036 2173 4091 cale—

591 4107 742 4174 facit,
774 4119 939 4182 atque
970 4114 1038 4169 ad
1073 4117 1249 4173 zelum
1299 4118 1543 4195 [coelum]
1578 4124 1757 4196 erigit,
1792 4138 1849 4183 et
1893 4144 2002 4183 non
2045 4146 2172 4200 per-

590 4200 760 4256 mittit
805 4205 996 4260 sentiri
1037 4220 1434 4277 persecutores.
1472 4212 1579 4271 Sed
1628 4227 1690 4272 ut
1734 4234 1845 4274 non
1882 4220 2045 4275 etiam
2080 4237 2170 4276 sa-

588 4289 717 4344 lutis
770 4293 967 4362 perdas
1015 4298 1339 4368 capitulum,
1383 4303 1528 4372 quod
1586 4315 1670 4360 est
1722 4306 2016 4376 baptisma,
2067 4325 2170 4366 nec

588 4383 825 4441 aestimes
873 4387 971 4442 tibi
1023 4389 1272 4448 sufﬁcere
1315 4394 1585 4463 virtutes,
1626 4397 1744 4454 sine
1791 4399 1937 4455 dono
1994 4402 2169 4473 bapti-

585 4476 797 4542 smatis,
832 4479 1041 4537 addidit
1078 4501 1093 4539 :

2277 3302 2387 3346 stus
2424 3300 2708 3346 secundum
2758 3310 2993 3358 carnem,
3025 3294 3114 3361 qui
3158 3304 3233 3347 est
3291 3292 3431 3347 Deus
3474 3292 3744 3345 benedictus
3774 3288 3815 3339 in

2276 3387 2492 3443 stecula.
2532 3389 2697 3441 Amen
2745 3387 2811 3441 ⁸).
2859 3386 2991 3441 Dein
3048 3386 3441 3443 sacriﬁciorum
3488 3384 3588 3438 alia
3635 3382 3812 3454 quidem

2278 3496 2378 3549 pro
2432 3479 2671 3548 peccatis
2716 3498 2730 3533 :
2780 3478 2883 3533 alia
2943 3490 3123 3534 autem
3182 3479 3233 3532 in
3284 3478 3655 3533 holocaustum
3690 3474 3813 3544 jubet

2276 3570 2484 3635 oﬂ‘erri,
2523 3570 2781 3642 ﬁgurans,
2821 3570 2963 3625 sicut
3001 3570 3308 3640 oportebat.
3345 3568 3548 3625 Christi
3589 3563 3811 3621 sacriﬁcio

2276 3662 2555 3723 virtutem,
2599 3661 2692 3731 qui
2745 3678 2845 3731 pro
2890 3662 3095 3716 nostris
3148 3660 3391 3731 peccatis
3434 3659 3683 3722 oﬂertur;
3713 3654 3808 3709 audi

2274 3770 2403 3825 ergo
2442 3754 2668 3810 Paulum
2714 3756 2989 3809 dicentem
3021 3773 3033 3809 :
3067 3754 3304 3810 Christus
3342 3753 3505 3809 semel
3548 3751 3731 3806 oblatus
3755 3747 3809 3799 ad

2275 3844 2562 3898 multorum
2598 3846 2957 3899 exltaurienda
3002 3854 3239 3915 peccata,
3275 3846 3552 3899 novissime
3585 3843 3686 3897 sine
3719 3855 3807 3908 pec-

2274 3946 2394 3990 cato
2421 3938 2696 4007 apparebit
2735 3939 3152 4008 exspectantibus
3181 3956 3236 3993 se
3268 3940 3334 3994 3".
3388 3940 3524 4006 Quia
3556 3947 3716 3992 autem
3754 3930 3803 3984 ad

2274 4030 2649 4085 holocaustum
2696 4038 2752 4085 et
2800 4032 2866 4085 ad
2921 4030 3314 4101 perfectionem
3366 4031 3633 4092 videlicet,
3672 4037 3718 4081 et
3753 4023 3803 4077 ad

2272 4121 2572 4191 profectum
2618 4122 2765 4186 vitae,
2800 4130 2963 4193 atque
3005 4125 3268 4179 virtutum
3317 4120 3589 4194 Unigeniti
3631 4114 3801 4173 sacriﬁ-

2270 4212 2416 4266 cium
2466 4211 2668 4267 factum
2727 4223 2833 4279 est,
2876 4214 3149 4285 quomodo
3196 4214 3451 4270 dubitare
3494 4215 3615 4268 licet
3654 4212 3801 4278 aperte

2270 4303 2438 4359 Paulo
2465 4305 2681 4361 dicente
2718 4327 2732 4362 :
2767 4307 2906 4377 Ergo
2941 4310 3152 4379 fratres,
3188 4318 3234 4363 et
3267 4325 3356 4363 vos
3388 4304 3675 4376 morti/irati
3706 4299 3799 4355 estis

2270 4397 2390 4469 legi,
2420 4415 2513 4468 per
2540 4416 2725 4469 corpus
2758 4399 2970 4465 Christi,
2998 4411 3053 4454 ut
3093 4402 3211 4455 sitis
3245 4401 3463 4455 alterius
3492 4400 3576 4470 qui
3601 4413 3657 4450 ex
3686 4408 3793 4447 mor-

2271 4493 2373 4545 tuis
2423 4493 2729 4556 resurrexit,
2768 4502 2823 4546 ut
2861 4492 3236 4563 {ructiﬁcemur
3278 4492 3388 4547 Deo
3427 4494 3492 4547 ⁸¹.
3542 4489 3602 4544 Et
3644 4496 3794 4542 rursus

652 4567 778 4622 Ητεε
818 4572 957 4625 enim
997 4584 1119 4627 sunt
1163 4577 1467 4632 vestimenta
1505 4588 1713 4645 sancta,
1746 4582 1931 4652 quibus
1965 4584 2162 4639 cunctis
2195 4559 2241 4616 ι)
2269 4583 2338 4637 de
2367 4598 2434 4637 eo
2462 4583 2636 4638 dixit:
2683 4585 2825 4640 Unde
2861 4595 2909 4638 et
2960 4586 3169 4641 salvare
3209 4587 3262 4639 in
3299 4597 3597 4657 perpetuum
3642 4587 3789 4651 pomi.

583 4678 700 4715 cum
731 4663 867 4717 lotus
896 4668 1055 4736 fuerit
1082 4668 1349 4723 inductur.
1381 4670 1619 4726 Lavatur
1643 4688 1808 4727 omne
1835 4690 2035 4745 corpus
2065 4692 2164 4747 per

582 4768 775 4823 aquam
811 4756 1178 4828 baptismatis,
1210 4762 1337 4831 quia
1383 4772 1560 4819 torqu
1606 4774 1858 4821 nostrum
1907 4768 2071 4835 lavat,
2109 4779 2163 4824 et

580 4857 811 4901 renovat
842 4849 1141 4906 hominem.
1176 4854 1318 4925 Ergo
1349 4855 1611 4926 baptizari
1645 4868 1861 4928 oportet
1900 4862 2074 4930 prius,
2105 4871 2163 4919 et

580 4953 650 4991 ex
702 4955 840 5009 aqua
898 4946 1230 5014 regenerari,
1265 4963 1329 5001 ac
1377 4948 1606 5018 Spiritu,
1646 4967 1711 5006 ae
1754 4952 1833 5007 sic
1884 4955 2158 5024 praedictis

580 5027 874 5086 virtutibus
924 5033 1098 5101 indui,
1131 5046 1187 5091 et
1230 5054 1327 5108 per
1373 5056 1467 5095 eas
1501 5040 1778 5099 Christum
1815 5062 1828 5099 :
1863 5044 1968 5100 hoc
2008 5046 2154 5101 enim

579 5130 634 5175 et
666 5121 782 5191 ipse
810 5133 1102 5183 contextus
1143 5129 1394 5201 legalium
1432 5134 1611 5205 signat
1650 5137 1963 5193 verborum.
1999 5137 2155 5194 Post-

579 5230 737 5283 quam
781 5213 927 5270 enim
977 5217 1115 5273 dixit
1158 5220 1453 5292 legislator,
1495 5242 1563 5282 ne
1593 5229 1743 5283 omni
1777 5238 2025 5301 tempore
2066 5230 2154 5286 in-

576 5308 856 5379 grediatur
882 5312 1278 5380 sanctuarium,
1307 5315 1412 5371 nisi
1445 5317 1561 5373 haec
1588 5329 1715 5375 ante
1747 5320 1938 5377 fecerit
1970 5341 1983 5376 :

649 5398 878 5451 i’itulum
918 5417 1014 5469 pro
1054 5413 1286 5469 peccato,
1315 5406 1561 5462 subdidit
1592 5426 1606 5463 :
1636 5420 1684 5463 et
1724 5412 1941 5466 arietem
1978 5415 2030 5467 in
2059 5416 2154 5469 lto-

574 5494 887 5546 Iocaustum.
940 5492 1136 5549 Tunica
1178 5495 1317 5550 linea
1368 5500 1635 5566 vestietur,
1667 5510 1723 5557 et
1770 5504 1998 5574 reliqua.
2034 5506 2151 5561 Non

575 5583 747 5638 solum
797 5585 1077 5642 Christum
1128 5588 1519 5664 intelligibilem
1574 5595 1823 5660 arietem,
1863 5607 1915 5653 et
1963 5616 2151 5655 verum

681 5786 891 5861 ‘__l’!-al.
944 5811 996 5861 ι,
1049 5793 1104 5848 8.

1860 5798 1902 5829 ⁸³
1939 5797 2095 5853 Rom.
2150 5815 2222 5867 ix,

574 5866 668 5918 Vt],
696 5854 787 5912 25.

1224 5796 1259 5821 λ·
1291 5795 1391 5852 Joh
1446 5812 1647 5865 xsxvu,
1696 5800 1745 5853 5.

2263 4674 2564 4731 accedentes
2622 4693 2713 4746 per
2757 4693 2810 4730 se
2859 4679 2929 4729 ad
2975 4676 3143 4731 Deum
3192 4680 3259 4730 ⁵³.
3322 4677 3415 4733 Sic
3461 4673 3714 4747 perfectio,
3749 4676 3790 4721 ei

2261 4768 2571 4824 onmimoda
2600 4778 2785 4824 nostra
2818 4770 2984 4835 salus,
3018 4771 3161 4827 ﬁlius
3190 4788 3290 4842 per
3322 4770 3634 4827 sacriﬁcium
3662 4774 3784 4819 suum

2260 4857 2436 4913 factus
2466 4868 2569 4913 est.
2619 4857 2845 4929 Proprie
2885 4869 3070 4915 autem
3118 4861 3173 4916 in
3217 4862 3500 4918 effectibus
3541 4852 3785 4914 sacriﬁcio-

2260 4969 2403 5015 rum,
2433 4953 2645 5023 accepit
2676 4953 2948 5025 lcgislator
2976 4970 3040 5010 ea
3070 4970 3191 5025 qua:
3222 4956 3630 5011 immolabuutur
3651 4966 3663 5003 :
3685 4958 3779 5000 cum

2260 5046 2408 5101 enim
2455 5046 2680 5102 dixisset
2714 5047 2895 5103 hircos
2930 5064 3029 5119 pro
3070 5060 3299 5120 peccato
3335 5048 3539 5110 oll‘erri.
3569 5038 3779 5115 quoniam

2262 5138 2366 5193 hoc
2400 5138 2604 5193 animal
2646 5138 2699 5192 in
2729 5149 3079 5209 peccatorum
3123 5154 3295 5210 genus
3338 5139 3517 5194 divina
3544 5130 3776 5199 Scripillra

2259 5232 2509 5303 accipere
2556 5232 2877 5297 consuevit,
2928 5232 3240 5288 nullatenus
3290 5217 3773 5288 immemoresqlliao

2253 5324 2475 5395 quando
2537 5324 2929 5380 sacriﬁciorum
2990 5325 3108 5381 haec
3162 5323 3493 5395 poenitentia:
3551 5315 3768 5371 rationem

2253 5418 2656 5485 signiﬁcabant,
2689 5418 3034 5473 occasionem
3076 5433 3143 5473 ex
3176 5418 3331 5488 legali
3375 5416 3473 5470 hoc
3503 5409 3665 5468 codice
3699 5414 3769 5454 stt-

2253 5518 2466 5563 mentes
2494 5509 2848 5580 exposuimus
2877 5528 2889 5562 ε
2918 5509 3153 5572 hzedum,
3180 5510 3270 5578 qui
3318 5507 3495 5561 Graece
3542 5500 3764 5589 chimartts

2253 5600 2452 5655 dicitur
2492 5611 2638 5656 recte
2671 5600 2937 5655 inuuolari
2972 5600 3040 5655 ab
3066 5600 3250 5669 eo'qui
3288 5592 3632 5670 pmniteuliam
3662 5585 3762 5652 ag".

3558 5788 3598 5833 ὕ
3621 5779 3751 5840 Ilnbt‘.

2274 5802 2325 5856 5.
2440 5804 2483 5831 ³⁸
2512 5803 2676 5857 llehr.
2714 5819 2787 5866 ix,
2814 5802 2903 5855 28.
3020 5802 3059 5833 ³⁸
3098 5799 3254 5858 Boni.
3291 5818 3381 5868 vn,
3409 5800 3457 5855 4.
