4046 6410
258 432 391 498 989

1454 428 1536 490 IN
1573 426 2013 490 LEVITICUM.
2048 452 2114 464 —
2146 427 2293 488 LIB.
2324 427 2392 489 V.

3458 431 3564 496 9’30

260 546 624 604 ostendimus
663 561 677 599 :
710 550 899 614 utpote
928 543 981 598 in
1016 551 1362 615 tempestate,
1392 552 1445 598 et
1473 542 1637 597 ﬂuctu
1663 538 1871 595 consti-
1902 540 1949 598 Α
1978 553 2075 607 per
2106 538 2282 609 ipsqu
2304 540 2546 612 Moysen,
2578 550 2634 596 et
2673 530 2913 607 fratrem,
2959 532 3025 598 et
3079 543 3249 599 hlium
3276 552 3333 599 ot
3364 542 3555 609 ﬁliam,

256 638 409 705 tuti,
450 653 622 709 usque
650 636 780 693 dum
810 636 1147 708 ptenitentiae
1181 637 1302 707 ejus
1340 636 1668 705 suscipiatur
1694 632 1868 687 sacri-

258 730 493 790 ﬁcium.
519 732 677 788 Aries
699 740 884 787 autem
920 740 1111 802 utpote
1136 730 1391 785 ducatum
1419 729 1565 800 gregi
1595 726 1867 798 praebens,

255 824 575 898 deputatus
620 834 770 880 recte
814 825 869 879 in
916 824 1315 887 holocaustum,
1349 822 1399 877 id
1436 832 1521 877 est
1558 820 1612 874 in
1668 820 1871 874 virtute

260 927 338 975 et
362 918 705 991 perfectione
732 917 859 973 vitae
890 917 1173 989 accipitur,
1200 931 1433 986 quorum
1463 922 1545 969 est
1574 913 1721 968 enim
1762 910 1868 967 nisi

256 1012 700 1082 praepositorum
742 1010 942 1066 docere
985 1010 1261 1081 perfecta?
1302 1008 1397 1064 His
1427 1008 1498 1063 ita
1529 1023 1587 1063 se
1615 1006 1868 1062 habenti-

258 1104 404 1172 bus,
431 1103 749 1160 omnimodo
787 1102 941 1158 dicis.
972 1103 1084 1158 Cur
1113 1102 1158 1156 si
1188 1103 1373 1157 hircos
1403 1117 1501 1172 pro
1529 1109 1754 1171 peccato
1780 1100 1867 1154 lex

258 1198 537 1268 praecepit
563 1195 771 1255 otl'erri.
800 1211 949 1251 nunc
980 1196 1145 1250 etiam
1173 1195 1403 1251 vitulum
1431 1193 1618 1249 oﬂ‘erri
1660 1206 1869 1263 praece-

257 1292 389 1361 pit?
424 1292 542 1348 Una
570 1298 754 1345 autem
797 1288 1029 1349 ratione,
1052 1287 1311 1357 brevique
1334 1286 1469 1342 solvi
1496 1296 1659 1356 atque
1680 1284 1869 1355 expla-

258 1383 396 1437 nari
430 1390 630 1454 potest,
655 1380 783 1451 quia
810 1395 920 1434 non
961 1380 1125 1434 unius
1155 1379 1390 1452 generis,
1412 1379 1506 1434 sed
1537 1388 1645 1434 tam
1672 1392 1869 1448 pecca-

258 1484 480 1538 torum,
530 1489 692 1543 quam
741 1473 1015 1542 justorum
1060 1482 1145 1529 est
1186 1472 1463 1544 Unigeniti
1513 1470 1864 1527 sacriﬁcium.

258 1564 341 1622 Et
373 1577 667 1639 propterea
701 1569 863 1633 hirci,
888 1586 987 1641 pro
1013 1587 1213 1642 genere
1241 1569 1644 1641 quodammodo
1669 1582 1866 1639 pecca-

258 1664 454 1712 torum
481 1657 668 1714 ot‘l’erri
694 1661 1107 1732 praecipiuntur,
1135 1662 1291 1717 vivus
1327 1670 1512 1716 autem
1551 1675 1648 1730 pro
1677 1659 1863 1728 justis,

258 1749 399 1819 quia
436 1749 699 1817 bos,cum
749 1753 821 1807 sit
854 1752 919 1807 ad
958 1753 1295 1824 operandum
1326 1761 1513 1823 aptum
1549 1751 1773 1817 animal,
1810 1750 1865 1805 in

268 1858 514 1913 persona
545 1844 678 1914 justi
715 1846 1016 1901 secundum
1047 1846 1219 1918 legem
1250 1846 1538 1916 accipitur.

344 1935 491 1991 Unde
528 1945 574 1989 et
597 1937 651 1990 in
674 1937 860 2003 vitulo,
909 1937 1009 2002 ait,
1056 1939 1226 1992 orabit
1279 1954 1374 2005 pro
1399 1954 1472 1997 se.
1501 1946 1550 1991 et
1578 1954 1672 2005 pro
1700 1937 1857 1992 domo

266 2044 394 2082 sua.
422 2028 654 2082 Domum
686 2029 782 2084 Dei
798 2032 977 2100 justos
1000 2030 1303 2101 appellans,
1343 2031 1557 2086 habitat
1611 2032 1758 2087 enim
1800 2031 1855 2086 in

261 2119 369 2182 eis,
398 2127 454 2174 et
485 2118 808 2185 inambulat,
838 2121 961 2191 lpse
991 2131 1076 2177 est
1118 2137 1310 2177 eorum
1342 2121 1505 2187 Deus,
1543 2132 1598 2177 et
1627 2122 1703 2177 illi
1736 2124 1857 2193 ejus

260 2208 522 2279 populus.
552 2209 947 2280 Deprecabitur
974 2221 1031 2266 et
1063 2226 1163 2282 pro
1219 2226 1307 2277 eo,
1336 2212 1390 2267 id
1420 2220 1504 2267 est
1542 2226 1643 2282 pro
1691 2212 1856 2268 domo

264 2300 503 2371 proprias
533 2302 737 2366 carnis,
774 2320 902 2358 nam
934 2304 1035 2359 etsi
1067 2314 1342 2373 peccatum
1401 2320 1504 2358 non
1561 2305 1707 2374 fecit,
1752 2319 1857 2359 nec

268 2393 423 2447 dolus
450 2394 682 2447 inventus
707 2406 781 2449 est
809 2395 863 2448 in
892 2412 983 2450 ore
1010 2396 1125 2465 ejus
1153 2397 1222 2461 ⁸³,
1268 2404 1650 2450 verumtamen
1681 2396 1854 2451 Adam

262 2481 493 2540 indutus
524 2495 624 2553 est,
644 2487 741 2558 qui
777 2488 1483 2560 propitiationem,propter
1504 2490 1853 2545 maledictum

260 2575 413 2645 quod
470 2579 638 2633 semel
694 2580 935 2636 humano
991 2582 1445 2651 superinductum
1498 2592 1585 2638 est
1642 2583 1851 2655 generi,

259 2682 407 2736 opus
426 2666 671 2724 haberet.
708 2672 852 2726 Audi
883 2687 1013 2744 ergo
1042 2671 1272 2727 Paulum
1330 2674 1397 2729 ad
1463 2673 1724 2731 Hebraeos
1783 2677 1851 2732 de

257 2758 487 2815 Christo
512 2761 635 2816 talia
668 2762 1043 2819 scribentem:
1092 2763 1195 2830 Qui
1244 2782 1347 2819 non
1402 2766 1553 2821 habet
1620 2770 1853 2839 quotidie

259 2853 644 2917 necessitatem,
684 2856 1127 2925 quemadmodum
1152 2859 1467 2923 sacerdotes,
1503 2860 1734 2928 primum
1755 2877 1852 2930 pro

257 2941 375 2994 suis
402 2942 605 2997 delictis
622 2944 822 2999 hostias
844 2947 1049 3015 o/ferre,
1087 2948 1274 3002 deinde
1317 2965 1412 3018 pro
1443 2951 1651 3021 populis
1685 2967 1705 3005 :
1757 2952 1852 3006 hoc

256 3029 403 3082 enim
430 3028 551 3100 fecit
581 3031 744 3086 semel
764 3049 817 3087 se
842 3036 1101 3105 offerendo
1128 3036 1195 3092 ".

333 3119 500 3177 Vens.
528 3122 675 3179 6-10.
712 3143 731 3177 ι
769 3124 1018 3198 Cumque
1061 3129 1324 3186 obtulerit
1358 3132 1611 3199 vitulum,
1635 3142 1689 3189 et
1721 3149 1846 3190 ora-

1973 640 2029 687 et
2055 632 2335 687 civitatem
2366 634 2657 708 integram,
2675 653 2795 707 quae
2820 637 2886 690 ad
2912 637 3051 691 idola
3075 637 3563 704 convertitur,dis-

1974 725 2129 795 perdi
2187 727 2467 797 praecepit,
2497 736 2552 783 et
2583 729 2781 783 clamat
2821 746 2835 783 :
2862 729 2982 784 Non
3018 740 3169 785 erunt
3211 730 3304 784 tibi
3334 732 3410 785 dii
3439 731 3559 798 alii,

1974 818 2170 889 absque
2192 836 2272 873 me
2300 820 2365 875 ⁸⁸.
2407 819 2508 874 Per
2536 821 2700 877 David
2727 831 2907 877 autem
2942 822 3074 878 dicit
3101 839 3115 875 :
3142 823 3262 876 Non
3298 824 3400 877 erit
3427 825 3485 877 in
3510 832 3559 877 te

1972 912 2112 967 Deus
2138 930 2333 976 recens,
2371 931 2536 985 neque
2591 916 2840 971 adorabis
2882 917 3049 972 Deum
3088 918 3325 971 alienum
3360 918 3427 972 "'.
3460 916 3560 971 Hic

1971 1019 2102 1077 ergo
2127 1007 2217 1075 qui
2241 1006 2359 1061 haec
2390 1009 2673 1079 praecepit,
2697 1026 2796 1080 pro
2832 1026 2899 1065 eo
2953 1011 3099 1081 quod
3130 1025 3283 1065 suam
3307 1010 3555 1082 gloriam,

1970 1113 2034 1152 ac
2058 1098 2440 1165 sacerdotium,
2459 1110 2513 1156 et
2538 1102 2745 1157 cultum
2771 1103 3055 1173 aequaturi,
3090 1110 3289 1158 etcum
3319 1118 3386 1157 eo
3415 1101 3554 1156 divi-

1972 1191 2084 1245 suri
2107 1200 2284 1257 erant,
2362 1192 2466 1247 hoc
2510 1194 2682 1263 jubet,
2743 1203 2806 1249 ut
2857 1196 3073 1251 duobus
3128 1196 3295 1251 hircis
3355 1196 3553 1251 oblatis

1972 1300 2141 1339 unum
2178 1285 2501 1356 praeciperet
2530 1286 2633 1341 sibi
2670 1288 2952 1358 applicari,
2992 1290 3157 1344 alium
3221 1298 3404 1345 autem
3455 1291 3553 1345 ad-

1970 1376 2212 1431 versario
2241 1392 2362 1443 suo,
2388 1393 2549 1447 quem
2575 1379 2919 1435 emissarium
2952 1381 3290 1451 putantdici.
3312 1382 3417 1438 Sed
3441 1399 3553 1437 non

1971 1478 2365 1540 cognoverunt,
2406 1486 2584 1541 neque
2610 1471 3021 1539 intellexerunt,
3077 1474 3132 1528 in
3168 1474 3408 1530 tenebris
3439 1491 3554 1529 am-

1971 1560 2178 1615 bulant.
2208 1559 2561 1617 Emissarium
2595 1563 2762 1627 enim,
2813 1578 2938 1618 eum
2990 1564 3226 1630 hircum,
3258 1565 3351 1634 qui
3381 1564 3549 1620 mitti-

1973 1660 2061 1705 tur
2092 1651 2143 1705 in
2168 1652 2469 1719 desertum,
2528 1654 2806 1724 lcgislator
2860 1655 3169 1724 appellavit.
3223 1656 3335 1710 Nos
3369 1666 3549 1709 autem

1970 1756 2035 1796 ex
2062 1742 2147 1796 bis
2179 1758 2299 1812 qua:
2337 1744 2403 1797 ad
2426 1744 2621 1799 littera:
2656 1744 2841 1816 legalis
2866 1746 3211 1799 traditionem
3246 1745 3545 1813 pertinent,

1969 1836 2430 1903 quemadmodum
2470 1852 2580 1891 non
2614 1837 3073 1893 essetverisimile
3110 1839 3211 1893 hoc
3250 1839 3547 1908 praecipere

1887 1919 1929 1975 Β
1965 1931 2329 2003 legislatorem
2389 1930 2851 1998 demonstremus,
2924 1933 3123 1989 deinde
3184 1933 3545 1987 intentionem

1958 2024 2264 2079 sanctionis
2302 2040 2369 2080 ex
2399 2024 2627 2095 spiritus
2677 2026 3120 2082 consideratione
3166 2041 3542 2081 exerceamus.

1958 2116 2103 2171 Duos
2132 2132 2263 2185 ergo
2294 2116 2475 2171 hircos
2503 2126 2743 2173 statuere
2759 2134 2943 2173 coram
2963 2119 3193 2174 Domino
3216 2119 3267 2172 in
3289 2120 3431 2174 ostio
3460 2127 3544 2172 ta-

1957 2209 2237 2265 bernaculi
2271 2211 2564 2265 testimonii
2593 2213 2871 2281 praecepit,
2910 2227 3019 2267 non
3051 2221 3233 2266 autem
3262 2226 3357 2266 eos
3400 2211 3544 2266 abla-

1958 2312 2111 2357 turos
2145 2317 2268 2357 esse
2298 2302 2431 2368 Deo,
2464 2304 2568 2358 hoc
2592 2311 2677 2358 est
2700 2303 2845 2358 enim
2878 2320 3061 2359 coram
3102 2303 3351 2368 Domino,
3384 2318 3452 2357 ne
3473 2304 3540 2356 ad

1956 2393 2157 2447 ostium
2182 2392 2278 2447 Dei
2294 2408 2358 2447 ea
2380 2408 2501 2462 quae
2522 2393 2738 2449 diabolo
2781 2394 3158 2459 mittebantur,
3178 2394 3273 2447 sed
3304 2404 3359 2449 et
3418 2409 3539 2447 sor-

1957 2492 2067 2538 tem
2093 2482 2333 2548 mittere,
2370 2499 2533 2538 unam
2581 2483 2829 2549 Domino,
2855 2492 2911 2538 et
2966 2499 3127 2537 unam
3198 2483 3541 2539 lustrationis

1955 2576 2233 2647 praecepit.
2265 2575 2323 2631 Si
2362 2583 2545 2631 autem
2587 2576 2641 2630 in
2690 2576 2924 2646 alicujus
2970 2575 3189 2648 maligni
3248 2591 3537 2646 personam

1954 2670 2299 2727 emissarium
2338 2670 2658 2741 accepisset,
2712 2685 3055 2740 nequaquam
3080 2671 3149 2725 de
3172 2686 3258 2734 eo,
3282 2685 3406 2724 cum
3471 2685 3539 2724 eo

1953 2765 2043 2834 qui
2077 2764 2171 2819 Dei
2192 2773 2329 2829 erat,
2362 2780 2482 2819 sors
2511 2764 2838 2829 mitteretur,
2866 2764 2992 2834 quia
3011 2781 3114 2821 nec
3143 2781 3266 2819 cum
3296 2763 3538 2834 quolibet

1953 2858 2095 2914 malo
2123 2858 2421 2929 quemlibet
2449 2858 2654 2914 bonum
2710 2867 2914 2914 sortem
2971 2859 3172 2914 habere
3224 2858 3279 2913 in
3337 2857 3538 2912 divinis

1953 2950 2253 3022 Scripturis
2292 2952 2563 3007 invenies.
2601 2950 2706 3007 Sed
2747 2953 2961 3022 quoties
3015 2968 3134 3007 sors
3196 2951 3534 3011 mittebatur.

1950 3044 2184 3114 aequales
2211 3059 2335 3098 cum
2366 3044 2669 3115 aequalibus
2710 3045 3000 3100 mittebant
3050 3053 3247 3109 sortes,
3291 3045 3433 3099 sicut
3481 3054 3537 3098 et

1953 3138 2125 3194 tribus
2158 3137 2344 3202 Israel,
2370 3137 2720 3204 dividebant;
2745 3154 2874 3192 nam
2900 3138 3120 3209 quando
3144 3154 3243 3208 pro
3278 3137 3415 3193 Juda
3466 3138 3533 3192 ad

253 3212 401 3314 verit
432 3229 531 3283 pro
565 3231 646 3320 se,
673 3226 858 3319 etpro
888 3219 1051 3275 domo
1075 3236 1196 3287 sua,
1223 3222 1361 3279 duos
1382 3225 1567 3282 hircos
1590 3237 1740 3282 stare
1772 3227 1846 3283 fa-
1872 3261 1916 3320 ο
1949 3230 2312 3301 apostolatum
2344 3231 2510 3286 alium
2538 3231 2739 3303 eligere
2775 3246 3000 3287 necesse
3035 3231 3330 3294 habebant,
3368 3246 3534 3300 super

250 3303 365 3358 ciet
394 3318 579 3359 coram
608 3307 859 3373 Domino,
884 3309 939 3363 in
977 3311 1120 3367 ostio
1151 3312 1488 3370 tabernaculi
1521 3317 1840 3383 testimonii,

249 3395 545 3467 mittetque
567 3413 735 3469 super
765 3409 1057 3473 utrumque
1080 3413 1279 3473 sortes,
1314 3424 1479 3463 uuam
1504 3408 1757 3477 Domino,
1785 3423 1839 3468 et

244 3490 415 3544 aliam
439 3507 607 3562 capro
632 3494 916 3552 emissario
943 3514 956 3550 :
990 3498 1149 3569 cujus
1178 3514 1299 3555 sors
1356 3503 1575 3569 exierit,
1609 3503 1840 3561 Domino

245 3583 452 3639 oﬂ'eret
480 3585 629 3641 illum
664 3603 762 3657 pro
788 3598 1037 3659 peccato;
1066 3592 1225 3663 cujus
1276 3607 1458 3650 autem
1511 3596 1567 3651 in
1611 3613 1837 3669 caprum

246 3676 621 3745 emissarium,
645 3688 848 3736 statuet
876 3697 1002 3737 eum
1036 3684 1218 3740 vivum
1265 3701 1446 3742 coram
1485 3687 1735 3757 Domino,
1779 3702 1839 3748 ut

246 3766 446 3823 fundat
474 3784 665 3839 preces
692 3787 858 3844 super
877 3790 1001 3830 eum
1025 3786 1079 3832 et
1113 3778 1295 3833 mittat
1316 3779 1469 3834 illum
1504 3780 1559 3835 in
1591 3784 1840 3839 solitudi-

244 3858 400 3915 n‘em.
432 3860 528 3916 llis
557 3862 661 3919 rite
680 3864 992 3932 celebratis,
1027 3866 1224 3925 offeret
1270 3870 1522 3938 vitulum,
1550 3883 1607 3929 et
1638 3890 1836 3948 rogans

241 3966 349 4021 pro
381 3968 440 4007 se
471 3961 526 4008 et
551 3971 650 4025 pro
672 3956 835 4013 domo
862 3975 982 4015 sua.
1017 3979 1035 4012 ι

319 4039 511 4098 Solent
538 4046 666 4099 caeci
692 4046 747 4099 in
783 4048 989 4104 lumine
1021 4050 1251 4117 otl'endi,
1280 4054 1606 4112 etinﬁdeles
1626 4058 1682 4112 in
1716 4038 1845 4131 lege,

242 4134 341 4189 Dei
378 4138 759 4204 scandalizari,
790 4141 936 4210 quod
981 4140 1177 4200 Petrus
1213 4147 1417 4213 sciens,
1455 4158 1563 4204 tam
1585 4150 1653 4205 de
1679 4150 1830 4207 Pauli

239 4228 393 4282 vasis
412 4229 694 4285 electionis
722 4231 988 4301 epistolis,
1010 4251 1173 4305 quam
1202 4237 1270 4291 de
1292 4238 1439 4292 omni
1465 4240 1650 4295 divina
1678 4238 1831 4295 Scri-

242 4331 407 4393 ptura
434 4323 571 4378 dixit
602 4340 615 4375 :
645 4324 710 4378 In
741 4326 928 4388 quibus
956 4336 1077 4381 sunt
1126 4331 1374 4399 quadam
1408 4333 1643 4403 diﬂicilia
1677 4334 1833 4389 intel-

239 4414 381 4467 lectu
409 4432 525 4485 qure
572 4415 771 4469 indocti
817 4426 865 4470 et
907 4417 1179 4473 instabiles
1230 4427 1545 4490 depravant,
1601 4428 1736 4481 sicut
1780 4438 1831 4482 et

190 4564 193 4565 ν
237 4514 461 4559 crateras
496 4504 825 4574 Scripturas,
863 4508 934 4561 ad
953 4525 1107 4562 suam
1132 4510 1366 4578 ipsorum
1392 4516 1824 4582 perditionem”.

1949 3323 2088 3378 duos
2118 3323 2264 3378 viros
2280 3324 2516 3393 aequales
2542 3323 2858 3389 virtutibus,
2889 3323 3227 3389 etdoctrina,
3252 3322 3531 3376 Matthiam

1950 3414 2224 3475 videlicet.
2260 3424 2315 3470 et
2341 3414 2542 3485 Ioseph
2565 3415 2795 3485 justum,
2839 3422 3016 3469 sortes
3048 3416 3229 3468 missa:
3256 3400 3406 3479 sunt,
3456 3414 3530 3467 ita

1948 3517 2009 3562 ut
2072 3507 2266 3562 Petrus
2316 3506 2692 3563 concionando
2749 3506 3007 3562 diceret:
3054 3505 3146 3571 Tu,
3171 3505 3412 3571 Domine,
3440 3507 3531 3575 qui

1947 3598 2104 3651 corda
2129 3598 2266 3651 nosti
2310 3598 2567 3663 omnium,
2626 3598 2836 3651 ostende
2882 3613 3034 3667 quem
3075 3596 3288 3667 elegeris
3330 3612 3393 3649 ea:
3450 3597 3531 3649 Itis

1945 3688 2168 3753 duobus,
2198 3690 2434 3758 accipere
2463 3688 2635 3742 locum
2664 3688 2944 3742 ministerii
2972 3688 3154 3757 Imjus,
3183 3698 3231 3741 et
3256 3687 3493 3757 apostolo
3512 3716 3528 3728 -

1946 3792 2030 3836 tus
2051 3781 2116 3834 ⁸⁸.
2148 3780 2267 3835 Νοη
2298 3781 2474 3837 solum
2495 3790 2678 3836 autem
2714 3789 3007 3851 antequam
3067 3796 3189 3835 sors
3217 3781 3529 3835 mitteretur

1944 3871 2000 3925 in
2024 3873 2161 3927 duos
2192 3871 2393 3940 hircos,
2415 3887 2598 3928 coram
2622 3871 2853 3928 Domino
2873 3888 2968 3928 eos
2987 3872 3104 3928 sisti
3130 3873 3408 3943 pmcepit,
3430 3873 3525 3928 sed

1942 3975 1999 4021 ct
2032 3965 2183 4020 illum
2213 3965 2270 4019 in
2301 3980 2411 4035 quo
2461 3980 2581 4020 sors
2637 3965 2950 4021 emissionis
3008 3964 3175 4030 venit,
3236 3973 3524 4034 postquam

1941 4056 2133 4112 eadem
2176 4072 2297 4113 sors
2343 4072 2508 4127 super
2536 4072 2663 4111 cum
2718 4057 3002 4123 ceciderit,
3063 4066 3119 4112 et
3170 4056 3524 4111 manifestum

1939 4150 2108 4204 fuerit
2137 4150 2302 4204 statui
2333 4165 2518 4205 coram
2550 4149 2780 4205 Domino
2818 4150 3078 4220 praecepit
3108 4159 3163 4205 et
3193 4150 3401 4205 ell‘undi
3426 4164 3520 4204 su-

1939 4258 2039 4313 per
2067 4258 2134 4298 eo
2166 4258 2380 4313 preces.
2410 4242 2697 4309 Quomodo
2735 4257 2867 4314 ergo
2907 4242 2998 4313 qui
3022 4252 3151 4297 ante
3184 4242 3377 4296 faciem
3417 4241 3516 4295 Dei

1938 4346 2175 4393 statutus
2197 4345 2301 4402 est,
2324 4336 2485 4406 eique
2516 4335 2755 4405 quodam
2806 4336 2968 4391 modo
2998 4346 3370 4399 consecratus,
3402 4335 3520 4405 ipse

1937 4446 2129 4486 rursus
2162 4430 2384 4485 diabolo
2416 4428 2686 4485 mittitur?
2719 4428 2819 4484 Vel
2859 4445 2969 4500 quo
3034 4430 3197 4484 modo
3253 4428 3521 4499 propitia-

1939 4524 2140 4578 tionem
2176 4531 2547 4594 peccatorum,
2583 4523 2686 4578 hoc
2720 4523 2865 4592 quod
2892 4523 3083 4592 iniquo
3102 4520 3517 4584 transmittitur,

235 4593 357 4651 lloc
397 4605 454 4650 et
476 4611 623 4651 nunc
652 4596 956 4667 patiuntur,
978 4600 1069 4668 qui
1094 4600 1160 4654 ad
1187 4615 1345 4655 suam
1381 4603 1742 4672 voluntatem,
1767 4620 1825 4663 et
1863 4622 1903 4677 ο
1935 4593 2262 4669 sacriﬁcium
2294 4614 2537 4685 peragit?
2576 4612 2631 4668 Si
2660 4613 2805 4668 enim
2833 4614 2953 4683 ejus
2983 4612 3217 4666 intentio
3240 4619 3324 4663 est
3347 4611 3516 4664 etiam

234 4702 350 4741 non
380 4687 448 4741 ad
488 4704 671 4742 veram
709 4690 1071 4747 intentionem
1131 4692 1445 4765 intelligunt
1498 4698 1671 4770 legem
1706 4701 1822 4769 Dei,

234 4786 294 4831 et
318 4778 541 4834 noxium
573 4780 768 4835 anima:
810 4797 875 4836 ac
909 4780 1259 4853 pestilentem
1287 4786 1557 4844 idolorum
1609 4792 1823 4849 cultum

233 4870 573 4927 constituere
623 4888 691 4928 ex
741 4873 849 4940 his,
895 4892 1017 4946 quae
1047 4878 1191 4934 dicta
1250 4891 1383 4937 sunt
1421 4897 1453 4937 a
1492 4884 1819 4955 legislatore,

232 4957 475 5015 inaniter
505 4961 767 5033 cogitant.
796 4962 931 5019 Nam
990 4966 1183 5023 dicunt
1211 4985 1224 5021 :
1258 4970 1435 5041 Super
1457 4973 1595 5029 duos
1637 4976 1821 5034 hircos

232 5052 324 5107 lex
354 5064 555 5111 sortem
584 5058 725 5113 mitti
756 5061 1033 5133 praecepit,
1092 5081 1260 5120 unum
1301 5067 1553 5138 Domino,
1586 5073 1818 5130 alterum

232 5152 419 5202 autem
437 5149 503 5204 ad
519 5151 870 5208 emissionem
901 5159 1141 5226 separari
1170 5163 1443 5232 praecepit.
1467 5163 1820 5224 Emissarium

231 5247 418 5294 autem
446 5243 1039 5313 appellantdiabolum,
1090 5259 1149 5304 ut
1188 5267 1253 5307 ex
1321 5254 1425 5310 hoc
1474 5259 1817 5315 occasionem

231 5332 512 5400 pradicant
536 5334 604 5389 ad
633 5336 923 5392 colendum
976 5342 1272 5413 malignum
1305 5345 1361 5399 in
1392 5354 1604 5403 tantum
1656 5366 1817 5407 aures

226 5424 573 5491 obturantes,
614 5435 671 5481 et
702 5428 756 5482 in
813 5436 1025 5485 tantum
1090 5446 1272 5491 mente
1322 5440 1471 5497 caeci.
1530 5440 1816 5508 Quomodo

227 5529 361 5608 ergo
395 5517 592 5573 haheat
656 5522 945 5587 rationem,
1002 5525 1146 5581 haud
1202 5530 1463 5588 credibile
1508 5545 1614 5601 est,
1669 5541 1813 5608 quod

228 5605 375 5662 Deus
407 5608 519 5679 ipse
542 5612 872 5669 sacriﬁcium
900 5616 1118 5672 diabolo
1148 5619 1331 5677 ollcrri
1362 5627 1661 5698 praecipiat,
1686 5605 1698 5608 ⁷
1719 5633 1810 5701 qui

298 5813 380 5867 "l
415 5816 556 5872 Pctr.
603 5838 661 5884 ll,
704 5821 793 5876 ‘22.

908 5825 953 5855 ⁸⁸
984 5824 1146 5882 llebr.
1189 5844 1280 5893 νη,
1306 5834 1394 5887 ‘27.

228 5898 290 5943 tt.
323 5886 413 5941 2i.

528 5889 570 5920 ’τ’
601 5892 742 5951 Psal.
780 5910 929 5963 cvut,
975 5896 1027 5951 5.
1141 5900 1184 5931 ⁸ο
1225 5889 1366 5957 l'SaI.
1402 5921 1546 5973 XXIV,
1585 5889 1666 5962 ll.

1511 5836 1553 5867 ”
1590 5836 1627 5891 ll
1656 5838 1798 5894 Petr.
1832 5857 1909 5907 tu,
1942 5842 2023 5897 16.

1926 4705 2107 4776 justos
2138 4715 2453 4776 peccatores
2503 4703 2744 4770 edicere,
2806 4704 3081 4774 quomodo
3136 4700 3516 4771 peccatoribus

1931 4798 2374 4869 prOpitiationem
2402 4807 2619 4868 poterat
2648 4796 2980 4868 proﬂigare?
3015 4793 3299 4861 Quomodo
3327 4801 3513 4845 autem

1930 4891 1977 4945 is
2009 4891 2125 4961 ipse
2151 4901 2422 4961 peccator,
2452 4892 2521 4947 de
2550 4906 2661 4961 quo
2687 4890 2762 4944 ait
2790 4888 2961 4943 David
2991 4906 3004 4941 :
3035 4886 3301 4942 Constitue
3330 4901 3517 4953 pecca-

1931 4992 2095 5037 torem
2115 4985 2362 5038 adversus
2387 5001 2525 5050 eum,
2550 4995 2597 5038 et
2625 4984 2867 5038 diabolus
2896 4992 2995 5037 stet
3019 5001 3051 5037 a
3087 4982 3286 5037 dextris
3310 4980 3424 5049 ejus
3443 4981 3511 5042 5”,

1933 5075 2376 5145 propitiationem
2409 5085 2589 5146 potest
2620 5077 2949 5146 conquirere
2998 5074 3394 5146 peccatorum?
3426 5088 3513 5127 so-

1932 5166 2037 5222 lius
2065 5166 2268 5236 quippe
2295 5167 2397 5221 hoc
2426 5167 2514 5221 Dei
2538 5176 2641 5232 est,
2675 5167 2743 5221 ad
2772 5182 2939 5237 quem
2975 5166 3140 5221 David
3169 5166 3409 5230 dicebat,
3446 5165 3513 5219 Et

1930 5258 2220 5327 propitiare
2240 5270 2452 5328 peccato
2487 5277 2618 5325 meo,
2685 5261 2953 5328 copiosum
3006 5270 3080 5313 est
3133 5260 3269 5313 enim
3294 5259 3361 5311 “°.
3418 5257 3512 5311 llis

1929 5366 2056 5422 ergo
2096 5351 2167 5404 ita
2186 5366 2245 5406 sc
2277 5351 2622 5416 habentibus,
2679 5360 2736 5405 et
2768 5353 3009 5421 undique
3041 5352 3345 5422 incongruo
3410 5350 3511 5403 hoc

1925 5452 2149 5500 ostenso
2170 5444 2445 5500 intellectu
2470 5461 2579 5499 non
2611 5446 2924 5515 ignoremus
2952 5460 3070 5505 nos,
3099 5443 3226 5512 quia
3260 5443 3326 5496 de
3350 5440 3511 5495 Chri-

1924 5538 1992 5595 sti
2024 5539 2292 5595 sacrilicio
2352 5539 2536 5611 procul
2571 5538 2736 5594 dubio
2769 5538 3001 5591 maxime
3065 5537 3180 5591 luec
3233 5532 3510 5604 lcgislator
3554 5574 3559 5577 .

1921 5632 2133 5687 dixerit.
2208 5630 2361 5687 Unde
2402 5631 2613 5685 aestimo
2669 5630 2793 5683 ntali
2843 5628 3156 5685 intellectus
3241 5622 3505 5677 zizaniam

2139 5842 2183 5871 ³⁵
2215 5840 2386 5898 Exod.
2424 5858 2512 5907 xx,
2539 5840 2590 5894 3.
2671 5839 2715 5867 5’
2746 5836 2885 5893 Psal.
2918 5851 3073 5902 Lxxx,
3116 5832 3202 5892 lO.
3287 5832 3332 5865 ”
3374 5832 3493 5889 Act.
