3946 6400
1871 239 1884 263 ι

602 349 749 426 est

1801 384 2165 450 HESYCIIII
2196 389 2672 458 PRESBYTER!
3739 421 3821 490 ςςθ,

605 477 967 546 ᾶῖεεεωῐιιατε
988 489 1194 550 inimici
1223 494 1466 553 veritatis
1492 498 1701 566 volunt,
1734 503 1916 574 gloriae
1934 505 2177 576 mysterii
2210 509 2256 566 Α
2353 508 2584 579 Caprum
2601 530 2722 568 vero
2751 532 2907 588 super
2932 537 3085 592 quem
3133 526 3330 581 uenerit
3395 528 3677 589 emissionis
3711 556 3818 607 σονς,

605 576 910 607 ἰη-ςιιηηι..-
968 583 1166 607 ..μ-η..
1182 603 1274 607 --η
1342 589 1379 607 ,ρ
1516 600 1527 607 .
1607 593 1638 607 ,ο
1779 595 1790 607 .
2063 599 2074 607 .

601 576 933 648 invidentes,
962 583 1280 656 clarumque
1331 589 1451 659 eius
1515 593 1889 652 testimonium
1939 613 2004 654 ex
2060 599 2181 672 lege

602 670 1014 731 considerantes
1047 678 1206 746 :quia
1238 680 1383 736 enim
1433 681 1600 749 Deus,
1633 694 1689 742 et
1722 686 1886 742 homo
1914 699 2052 754 erat,
2083 690 2178 760 qui
2245 691 2254 702 ⁸

597 764 875 829 pronobis
896 767 1212 826 incarnatus
1234 782 1316 828 est
1339 773 1590 832 Christus
1633 777 1816 843 Iesus.
1869 781 2180 852 impassibi-

595 850 706 909 lem
723 854 1059 915 divinitatem
1077 863 1410 930 custodiens,
1461 869 1635 924 solam
1662 850 2018 940 pastionibus
2075 876 2178 934 hu-

601 945 919 1002 manitatem
947 952 1196 1019 prmbuit,
1231 955 1458 1015 eliectus
1522 970 1703 1017 autem
1731 966 2002 1035 passionis
2032 969 2173 1041 ejus,

600 1033 654 1090 id
682 1045 765 1094 est
790 1047 972 1094 nostra
999 1044 1337 1112 prOpitiatio,
1365 1063 1472 1104 non
1502 1048 1678 1106 solum
1735 1033 1915 1124 passa:
1965 1060 2173 1130 carnis,

595 1125 694 1181 sed
729 1127 902 1182 multo
928 1133 1102 1201 magis
1137 1134 1488 1207 impassibilis
1508 1141 1809 1201 divinitatis
1842 1147 1964 1213 fuit.
2028 1125 2175 1220 quod

598 1223 831 1274 testatur
856 1219 1080 1287 Paulus,
1112 1225 1348 1283 dicens:
1397 1229 1498 1296 Qui
1545 1251 1664 1290 cum
1727 1249 1858 1294 esset
1931 1219 2178 1310 splendor

593 1307 796 1377 glorior,
825 1321 875 1364 et
897 1313 1070 1385 ﬁgura
1099 1321 1410 1378 substantice
1451 1326 1586 1399 ejus.
1647 1340 1963 1402 portansque
1997 1340 2175 1394 omnia

596 1399 745 1455 verbo
775 1402 984 1458 virtutis
1009 1423 1118 1460 sua:
1151 1410 1217 1467 °'.
1254 1411 1646 1474 Demonstrans
1676 1431 1858 1480 autem
1875 1399 2033 1497 iquod
2062 1429 2181 1490 haec

594 1489 777 1543 omnia
805 1491 872 1546 de
902 1493 1179 1568 Unigeniti
1241 1500 1526 1559 divinitate
1571 1507 1842 1577 dicantur,
1875 1489 2121 1572 subdidit
2154 1532 2170 1569 :

593 1577 971 1647 Purgationem
1003 1597 1333 1654 peccatorum
1386 1594 1604 1663 faciens,
1627 1598 1766 1655 sedet
1791 1602 1865 1654 ad
1905 1603 2175 1662 demerunt

597 1671 896 1741 majestatis
924 1677 980 1730 in
1005 1680 1223 1736 ea‘celsis
1267 1684 1335 1748 ⁶²,
1369 1685 1471 1753 ipsi
1510 1687 1641 1755 Deo,
1693 1694 1859 1750 verbo
1900 1696 2061 1751 etiam
2109 1714 2172 1755 ea

595 1778 716 1832 quae
747 1768 962 1836 proprie
991 1771 1110 1839 eius
1131 1785 1287 1830 erant
1319 1781 1521 1844 carnis,
1557 1785 1920 1858 conjungens.
1948 1791 2007 1846 Si
2041 1808 2170 1864 ergo

595 1853 712 1909 haec
741 1867 868 1927 apte
906 1859 1048 1914 dicta
1074 1874 1220 1931 sunt,
1245 1877 1531 1938 propterea
1574 1873 1682 1929 duo
1704 1853 2169 1950 sumunturhirci,
2207 1856 2246 1915 Β

593 1951 652 1997 et
686 1954 1002 2006 statuuntur
1030 1968 1214 2010 coram
1251 1957 1502 2025 Domino,
1537 1963 1589 2018 in
1645 1967 1787 2023 ostio
1830 1971 2170 2030 tabernaculi

541 2103 544 2105 _
594 2035 912 2104 testimonii,
951 2050 1012 2094 ut
1035 2043 1100 2096 ad
1127 2046 1416 2118 imaginem
1469 2051 1673 2110 Christi
1710 2058 1828 2113 hmc
1862 2059 1913 2113 in
1942 2062 2019 2117 eis
2041 2079 2170 2135 age-

591 2136 800 2181 rentur.
835 2129 958 2199 lpse
987 2141 1069 2187 est
1097 2137 1239 2190 enim
1271 2141 1470 2200 ostium
1491 2161 1700 2214 verum,
1719 2151 1865 2218 quod
1886 2152 1952 2207 ad
1971 2129 2169 2212 ostium

589 2217 926 2276 tabernaculi
960 2226 1278 2292 testimonii,
1311 2236 1456 2302 quod
1496 2247 1580 2292 est
1609 2239 1660 2294 in
1688 2217 1861 2309 cmlis,
1899 2244 2067 2302 ducit.
2105 2248 2172 2306 Et

591 2311 949 2372 mittitAaron
982 2335 1149 2392 super
1178 2333 1470 2398 utrumque
1501 2331 1714 2389 hircum
1739 2346 1966 2405 sortem,
1995 2357 2167 2399 unum

587 2405 826 2472 quidem,
861 2417 922 2465 ut
949 2412 1149 2470 virtute
1187 2424 1241 2470 et
1288 2418 1683 2490 significatione
1731 2428 1962 2487 sortium
2000 2433 2167 2492 dividi

587 2492 1054 2565 dispensationem
1109 2505 1412 2563 divinitatis
1466 2511 1667 2569 Christi
1707 2525 1763 2570 et
1814 2514 2169 2579 humanitatis

586 2582 974 2658 intelligamus.
1009 2593 1183 2650 Dividi
1217 2615 1364 2667 vero,
1399 2611 1506 2658 tam
1557 2606 1685 2660 huic
1715 2625 1878 2679 quam
1915 2613 1994 2668 illi
2038 2625 2170 2671 sunt

584 2679 825 2750 propria,
867 2692 927 2736 ut
957 2684 1074 2740 haec
1090 2690 1307 2757 quidem
1338 2696 1594 2765 patiatur,
1612 2699 1700 2753 illa
1731 2711 1914 2758 autem
1947 2707 2169 2762 confor-

588 2776 667 2823 tet
697 2772 1016 2842 patientem,
1045 2789 1101 2835 et
1129 2796 1227 2850 per
1243 2785 1523 2854 passiones
1555 2805 1676 2862 quae
1721 2792 1776 2848 in
1848 2810 1911 2850 ea
1972 2813 2169 2872 opera-
2234 2815 2238 2820 ‘

585 2856 816 2930 bantur;
838 2872 946 2920 tam
979 2871 1268 2927 contraria:
1294 2875 1452 2932 nobis
1509 2881 1927 2942 moderarentur
1959 2893 2170 2958 passio-

586 2961 709 3013 nes,
752 2964 913 3020 quam
983 2973 1136 3012 suam
1199 2964 1578 3026 manifestaret
1652 2971 2163 3046 impassibilitatem.

586 3035 793 3095 Deinde
820 3054 1022 3100 sortem
1046 3065 1230 3118 unam,
1273 3054 1367 3120 ait,
1412 3056 1663 3126 Domino,
1697 3035 1753 3122 et
1781 3067 1944 3128 aliam
1999 3088 2167 3142 capro

582 3129 890 3200 emissario,
921 3153 1030 3192 non
1062 3141 1152 3195 alii
1191 3145 1295 3200 nisi
1316 3146 1550 3215 Christo,
1576 3153 1718 3211 sicut
1747 3162 2002 3230 superius
2024 3165 2166 3220 dixi-

582 3235 725 3276 mus.
753 3221 807 3279 Si
832 3227 1284 3290 inimicocuidam
1333 3249 1389 3294 et
1439 3244 1675 3318 maligno
1716 3263 1834 3304 sors
1859 3262 1954 3311 aut
1982 3255 2169 3316 hircus

579 3313 825 3384 daretur,
852 3335 957 3375 non
989 3328 1278 3384 sortiretur
1310 3347 1434 3388 cum
1463 3333 1594 3404 Deo,
1629 3340 1724 3395 sed
1747 3358 1850 3399 nec
1871 3346 1938 3401 ad
1962 3349 2166 3405 ostium

582 3405 915 3467 tabernaculi
938 3415 1232 3475 testimonii
1261 3423 1644 3498 deduceretur,
1673 3448 1776 3489 nec
1792 3452 1981 3506 preces
2001 3457 2166 3512 super

581 3514 706 3555 eum
733 3499 1114 3575 funderentur,
1160 3513 1248 3566 vel
1292 3517 1610 3586 pmpitiatio
1662 3523 1716 3578 in
1773 3499 1839 3581 eo
1888 3499 2160 3603 ageretur.

581 3589 759 3661 Caper
795 3609 922 3668 ergo
952 3601 1288 3668 emissarius,
1345 3616 1535 3680 utpote
1585 3616 1677 3684 qui
1703 3589 1952 3678 emissus
1966 3634 2050 3680 est
2110 3638 2165 3684 et

578 3683 1038 3757 nonimmolatur,
1065 3695 1281 3751 dicitur.
1316 3697 1488 3770 Cujus
1527 3683 1707 3762 autem
1743 3711 1818 3764 rei
1843 3715 2013 3783 gratia
2051 3734 2161 3773 non

579 3772 913 3844 immolatur,
935 3783 1024 3850 qui
1051 3784 1114 3838 ad
1149 3787 1520 3856 conﬁrmatum
1555 3772 1984 3870 deputatusvest,
2016 3807 2161 3864 sicut

577 3866 770 3936 Aquila
797 3871 998 3928 edidit?
1019 3877 1141 3946 quis
1166 3890 1350 3938 autem
1377 3883 1448 3939 sit
1474 3888 1826 3948 conﬁrmatus
1850 3895 1962 3952 sive
1979 3898 2154 3968 fortis,

576 3960 703 4014 nudi
740 3961 842 4018 Job
876 3964 1144 4024 dicentem
1180 3987 1192 4023 :
1219 3971 1357 4042 Scio,
1393 3979 1516 4046 quia
1543 3991 1724 4050 potens
1751 4003 1825 4049 es,
1852 3998 1901 4041 et
1932 3991 2079 4046 nulla
2109 4005 2157 4049 te

573 4053 708 4109 latet
745 4058 990 4126 cogitatio
1026 4062 1091 4116 ⁸³.
1137 4065 1274 4120 Audi
1323 4077 1377 4123 et
1438 4071 1604 4128 David
1643 4092 1657 4128 :
1728 4077 2154 4143 Firmamentum

571 4154 650 4199 est
677 4144 930 4202 Dominus
962 4152 1263 4211 (iurantibus
1292 4175 1408 4214 eum
1440 4163 1502 4219 “.
1538 4165 1698 4237 Ergo,
1756 4185 1864 4224 una
1933 4175 2152 4243 quidem

572 4245 694 4287 Sors
747 4233 1037 4294 immolatae
1093 4245 1243 4298 carni
1303 4245 1528 4318 Christi,
1579 4233 1700 4323 quae
1726 4273 1849 4313 cum
1883 4261 2032 4316 unita
2082 4264 2154 4318 sit

573 4323 687 4380 Deo
713 4327 912 4396 Verbo,
943 4345 1090 4389 recte
1121 4336 1382 4395 Dominus
1410 4346 1743 4403 nominatur.
1765 4349 1995 4422 Propter
2011 4357 2156 4425 quod

573 4415 772 4475 Paulus
795 4423 900 4478 ait:
933 4424 991 4479 Si
1021 4444 1142 4499 ergo
1171 4435 1546 4502 cognovissent,
1579 4457 1849 4512 nunquam
1872 4446 2154 4503 Dominum

567 4509 770 4583 gloria!
833 4519 1210 4588 cruciﬁxi:th
1240 4525 1302 4580 ³³.

570 4602 752 4660 Deitas
781 4609 1066 4680 accipitur.

639 4695 1062 4772 Sortisubjiciet.
1129 4707 1258 4766 Sors
1307 4713 1406 4769 ista
1440 4712 1507 4770 in'
1545 4717 1648 4773 hac
1676 4721 1979 4790 accipitur:
2033 4726 2150 4783 haec

567 4787 714 4842 enim
742 4795 923 4847 omnia
941 4798 1216 4866 obtinens,
1249 4805 1412 4859 etiam
1459 4811 1730 4877 propriam
1769 4828 1990 4870 carnem
2020 4822 2147 4888 ms-

567 4877 722 4935 sione
772 4895 919 4941 recte
975 4893 1337 4951 confirmavit.
1387 4897 1678 4970 Propterea
1730 4905 1922 4962 otl‘cret
1964 4909 2146 4968 Aaron

567 4985 814 5040 caprum,
849 4978 902 5031 in
930 4997 1037 5050 quo
1071 4989 1283 5042 venerit
1326 4991 1375 5043 ei
1400 5008 1519 5046 sors
1565 4995 1814 5064 Domino,
1855 5009 1909 5054 et
1956 5004 2151 5061 ot‘l‘eret

568 5078 692 5117 eum
720 5081 818 5134 pro
845 5084 1085 5138 peccato.
1116 5077 1474 5150 lntelligibilis
1531 5089 1674 5143 cnim
1741 5091 1942 5156 Aaron,
1980 5096 2024 5150 is
2055 5099 2147 5168 qui

568 5157 873 5212 sacerdotio
903 5174 1092 5219 nostro
1134 5182 1350 5238 prarest.
1377 5176 1481 5229 ide
1529 5195 1638 5247 quo
1704 5180 1902 5240 Paulus
1969 5157 2143 5242 dicit:

566 5245 714 5302 Sicut
738 5251 1031 5313 Aaron,sic
1061 5269 1109 5311 et
1150 5260 1384 5320 Christus
1423 5271 1756 5339 semetipsum
1807 5275 2138 5346 glori/ienuit,

566 5347 622 5391 ut
653 5344 896 5399 sacerdos
925 5346 1071 5413 ﬁeret
1107 5350 1171 5404 ⁸⁸.
1205 5351 1302 5408 llic
1329 5372 1480 5411 suam
1509 5375 1726 5416 carnem
1761 5365 1952 5422 olleret
1979 5370 2140 5439 Patri,

564 5439 620 5485 et
651 5431 704 5486 in
728 5433 844 5504 ipsa
874 5439 1068 5495 oll'crct
1091 5459 1189 5512 pro
1215 5456 1461 5515 peccato,
1503 5451 1571 5506 de
1597 5469 1728 5523 ,quo
1790 5457 1991 5517 Paulus
2039 5463 2143 5519 lle—

565 5524 726 5581 braeis
765 5531 986 5600 scripsit
1020 5551 1032 5587 :
1067 5535 1166 5590 llic
1198 5555 1356 5593 unam
1380 5559 1475 5612 pro
1519 5556 1731 5613 peccato
1782 5552 1997 5622 offerens
2049 5557 2142 5612 lto—-

565 5617 746 5685 stiam,
781 5622 836 5675 in
866 5639 1172 5693 perpetuum
1205 5634 1344 5688 sedet
1382 5636 1436 5688 in
1464 5637 1649 5693 dextra
1674 5641 1768 5696 Dei
1798 5645 1860 5700 °'.

633 5760 677 5793 "
711 5761 874 5848 ltebr.
908 5785 944 5848 t_,
979 5771 1032 5826 5.
1146 5775 1190 5848 ξ’
1223 5775 1356 5832 ibid.
1472 5780 1639 5847 “Job
1670 5801 1798 5848 xui.
1827 5789 1875 5843 5.

569 5828 654 5886 12.
732 5835 776 5866 ⁸⁸
807 5828 945 5892 Psah
977 5857 1109 5909 1.x",
1147 5828 1260 5902 1-3.
1285 5828 1382 5881 μίν
1461 5828 1838 5920 Deiri:

1995 5793 2040 5824 ⁸⁵
2064 5793 2206 5850 Psal.
2241 5811 2384 5857 xxrv,
2423 5795 2504 5851 ιιι.

1918 5863 1960 5893 ⁷ο
1992 5861 2180 5918 Matth.
2225 5882 2310 5929 xv,
2345 5865 2437 5921 24.
2511 5867 2554 5900 ’⁸
2589 5867 2788 5934 Ephcs.
2820 5886 2877 5934 ll,
2905 5869 3090 5925 1547.

2283 609 2479 658 statuet
2507 607 2678 662 vivum
2697 620 2820 666 ante
2841 613 3114 671 dominum
3138 658 3154 682 ,
3193 630 3250 673 ut
3301 622 3497 692 fundat
3514 641 3676 692 preces
3696 648 3822 701 super

2281 710 2360 750 eo.
2392 695 2527 762 Quia
2557 701 2699 791 enim
2717 713 2920 761 sortem
2951 709 3225 766 emissarii
3256 713 3496 772 diximus
3526 717 3731 800 ﬁgurate
3755 742 3822 785 re-

2281 785 2410 842 ferri
2434 789 2500 845 ad
2531 774 2735 851 Cliristi
2765 796 3132 868 divinitatem,
3192 811 3396 862 statuet
3454 774 3596 866 hanc
3653 814 3820 882 vivam,

2281 878 2674 952 impassibilem
2717 891 3058 959 custodiens,
3111 904 3172 950 ut
3202 912 3299 967 per
3341 914 3467 954 eam
3517 902 3820 972 deprecetur.

2280 971 2451 1030 Nemo
2494 976 2638 1033 enim
2685 989 2868 1048 potest
2913 982 3190 1041 dimittere
3248 999 3495 1057 peccata,
3550 993 3652 1049 nisi
3706 998 3825 1054 solus

2283 1062 2445 1122 Deus.
2489 1065 2927 1128 Dimittitautem
2957 1090 3082 1132 eum
3134 1077 3185 1132 in
3220 1079 3540 1148 solitudine,
3590 1094 3660 1150 et,
3712 1088 3824 1144 sicut

2280 1154 2432 1213 aiunt
2462 1156 2625 1224 L‘KX,
2656 1163 2884 1229 portabit
2916 1165 3092 1221 hircus
3123 1184 3283 1236 super
3312 1185 3370 1230 se
3394 1173 3613 1226 nomina
3659 1191 3822 1244 eorum,

2278 1249 2334 1302 in
2368 1258 2563 1304 terram
2585 1252 2912 1320 solitariam,
2942 1257 3057 1316 sive
3079 1259 3301 1318 inviam.
3336 1261 3617 1320 Desertam
3638 1279 3821 1334 terram,

2279 1349 2334 1396 et
2365 1342 2683 1410 solitariam,
2719 1347 2833 1402 sive
2866 1349 3064 1404 inviam
3133 1352 3451 1408 nullatenus
3489 1357 3824 1413 existimemus

2278 1448 2427 1490 nunc
2459 1434 2512 1488 in
2541 1439 2783 1506 quolibet
2813 1441 2957 1498 mulo
2992 1452 3248 1512 oportere
3287 1447 3496 1516 accipi,
3560 1465 3724 1519 neque
3747 1468 3824 1521 per

2280 1525 2382 1582 hoc
2416 1527 2628 1596 piorum
2654 1546 2834 1597 aures,
2865 1533 2919 1586 hi
2945 1535 3035 1605 qui
3067 1535 3135 1589 ad
3181 1537 3522 1607 impietatem
3550 1541 3710 1613 legem
3737 1553 3824 1600 tra-

2276 1615 2435 1683 hunt,
2476 1622 2823 1680 conturbent.
2863 1625 3140 1682 Desertam
3189 1631 3337 1684 enim
3381 1647 3413 1684 a
3447 1632 3590 1685 malo
3609 1633 3744 1700 dicit,
3782 1646 3823 1692 et

2274 1708 2597 1774 solitariam,
2631 1710 2747 1766 sive
2777 1713 3004 1780 inviam,
3040 1734 3160 1788 quae
3187 1719 3255 1775 ab
3301 1721 3724 1794 intelligibilibus
3745 1726 3823 1780 ho-

2276 1800 2451 1854 stibus
2472 1803 2737 1857 ambulari
2767 1820 2875 1858 non
2912 1819 3113 1878 potest,
3146 1811 3197 1864 in
3224 1828 3330 1883 qua
3356 1811 3506 1869 Deus
3534 1815 3740 1880 habitat,
3781 1829 3820 1871 et

2273 1902 2519 1962 apparet,
2542 1897 2686 1964 quod
2709 1898 3021 1953 manifestat
3057 1903 3220 1956 David
3241 1904 3441 1961 dicens
3475 1926 3487 1960 :
3551 1907 3682 1966 Deus
3712 1909 3822 1964 Deut

2276 2001 2441 2047 meus,
2475 1990 2545 2040 ad
2584 1997 2632 2040 te
2652 1989 2715 2043 de
2734 1989 2848 2044 luce
2876 1992 3055 2062 vigilo.
3102 1993 3276 2049 Sitivit
3300 1997 3353 2050 in
3410 2008 3461 2053 te
3491 1999 3666 2052 anima
3709 2018 3818 2066 mea,

2274 2091 2434 2144 quam
2481 2077 2844 2148 multipliciter
2871 2084 2965 2136 tibi
2995 2101 3120 2138 caro
3158 2104 3294 2142 mea.
3350 2087 3414 2142 In
3458 2091 3676 2154 deserto,
3710 2103 3750 2146 et
3779 2095 3820 2146 in

2271 2166 2430 2233 invio,
2457 2180 2504 2224 et
2534 2171 2809 2243 inaquoso,
2840 2177 2914 2230 sic
2949 2178 3004 2230 in
3042 2189 3224 2233 sancto
3249 2182 3486 2250 apparui
3507 2181 3615 2246 tibi,
3640 2185 3818 2239 atride-

2274 2273 2382 2311 rem
2406 2261 2649 2316 virtutem
2678 2273 2920 2329 tuam..et
2945 2269 3170 2339 gloriam
3205 2282 3354 2326 tuam
3397 2275 3468 2328 ".
3510 2275 3642 2346 Ergo
3666 2275 3818 2331 deser-

2273 2358 2386 2406 tum
2409 2359 2464 2406 et
2483 2351 2710 2421 invium,
2732 2366 2980 2413 sanctum
3015 2370 3118 2425 est,
3143 2371 3196 2416 et
3227 2362 3415 2418 Sancti
3441 2367 3819 2422 sanctorumha-

2272 2441 2588 2510 bitaculum,
2617 2447 2708 2504 ubi
2740 2449 2795 2502 in
2828 2453 2996 2506 ccelos
3029 2453 3282 2510 divinitas
3308 2466 3557 2528 tempore
3593 2460 3818 2528 passionis

2271 2534 2472 2606 abiisse
2506 2537 2730 2606 dicitur,
2763 2556 2874 2596 non
2906 2543 2973 2596 de
3002 2543 3122 2599 loco
3159 2547 3225 2601 ad
3253 2547 3437 2604 locum
3475 2551 3716 2621 migrans,
3744 2552 3816 2604 sed

2271 2626 2537 2682 cohibens
2571 2631 2846 2700 propriam
2878 2634 3138 2691 virtutem
3179 2653 3243 2692 ex
3281 2639 3641 2719 humanitate,
3665 2651 3716 2698 ut
3739 2641 3813 2695 da-

2277 2725 2363 2771 ret
2391 2719 2628 2789 spatium
2656 2723 2924 2792 passioni,
2955 2725 3010 2782 in
3062 2728 3180 2783 loco
3229 2730 3398 2802 digno
3453 2732 3576 2799 sibi,
3632 2733 3679 2786 in
3714 2733 3813 2788 sinu

2271 2807 2447 2864 Patris
2480 2810 2735 2870 videlicet
2761 2831 3012 2872 manens.
3043 2817 3124 2873 Ad
3153 2837 3276 2889 quae
3301 2823 3486 2877 nullus
3504 2825 3812 2887 accedit,nisi

2270 2899 2389 2971 ipse
2422 2912 2478 2957 et
2507 2914 2732 2960 sanctus
2765 2904 3023 2978 Spiritus,
3048 2920 3104 2965 et
3130 2912 3258 2982 quia
3290 2913 3411 2983 ipse
3459 2916 3513 2969 in
3558 2915 3703 2970 Patre
3728 2923 3810 2976 est.

2271 3002 2326 3046 et
2355 2993 2590 3064 Spiritus
2611 3006 2854 3063 sanctus,
2877 3000 3019 3056 sicut
3048 3005 3380 3074 evangelicis
3406 3007 3681 3063 didicimus
3717 3005 3808 3060 Lit-

2271 3086 2422 3153 teris,
2453 3101 2582 3160 ergo
2613 3088 2784 3156 abire,
2821 3092 3082 3148 cohibere
3127 3095 3392 3170 intellige.
3423 3097 3516 3154 Sic
3547 3099 3679 3154 enim
3696 3097 3809 3151 Deus

2195 3185 2238 3243 (ζ
2272 3176 2443 3246 abire,
2468 3180 2558 3248 qui
2589 3181 2792 3254 ubique
2822 3200 3067 3256 praesens
3112 3197 3216 3255 est,
3255 3205 3382 3244 cum
3445 3205 3592 3244 suam
3627 3189 3807 3244 cohibet

2269 3272 2668 3341 operationem,
2705 3275 2926 3331 dicitur.
2961 3275 3148 3338 Portat
3191 3280 3360 3336 etiam
3401 3281 3704 3351 iniquitates
3726 3295 3805 3333 no-

2265 3370 2430 3428 stras,
2460 3364 2587 3433 quia
2623 3365 2763 3438 ignis
2791 3369 3070 3439 proprium
3105 3380 3191 3429 est
3227 3371 3419 3427 fenum
3440 3381 3804 3436 consumere,et

2267 3449 2566 3510 divinitatis
2595 3465 2882 3524 peccatum
2913 3459 3206 3528 perimere,
3259 3463 3405 3519 unde
3436 3471 3491 3518 et
3539 3462 3666 3534 ignis
3697 3476 3804 3516 con-

2265 3559 2489 3599 sumens
2514 3545 2657 3602 Deus
2688 3548 2892 3604 dicitur
2923 3551 2989 3606 ".

2334 3633 2497 3689 Vens.
2525 3635 2712 3691 il-ll’).
2753 3655 2772 3688 ‹
2807 3639 2871 3693 Et
2893 3638 3087 3695 oﬂ'eret
3111 3643 3292 3696 Aaron
3333 3642 3564 3698 vitulum
3597 3653 3802 3713 propee-

2265 3732 2408 3788 cato,
2440 3735 2496 3780 et
2520 3742 2715 3798 rogans
2743 3745 2841 3800 pro
2876 3745 2958 3792 se.
3001 3742 3058 3787 et
3094 3749 3194 3804 pro
3231 3734 3398 3790 domo
3431 3752 3545 3803 sua,
3581 3732 3790 3789 immola-

2266 3817 2345 3871 bit
2373 3834 2518 3873 eum.
2545 3819 2949 3894 Assumptoque
2985 3825 3289 3894 thuribulo,
3321 3829 3471 3900 quod
3517 3829 3582 3884 de
3638 3825 3796 3898 prunis

2265 3907 2451 3975 altaris
2476 3910 2800 3980 impleverit,
2830 3922 2885 3968 et
2917 3915 3180 3972 hauriens
3243 3935 3411 3979 manu
3477 3916 3792 3989 compositum

2265 4000 2558 4072 thymiama
2588 4004 2645 4058 in
2677 4005 2984 4074 incensum,
3016 4009 3155 4064 ultra
3185 4011 3365 4066 velum
3392 4011 3609 4068 intrabit
3633 4012 3792 4065 insan-

2263 4101 2370 4156 Cta,
2428 4103 2489 4147 ut
2546 4097 2740 4164 positis
2792 4114 2958 4168 super
3008 4101 3188 4173 ignem
3246 4106 3597 4167 aromatibus,
3628 4100 3788 4162 nebula

2261 4198 2448 4238 eorum
2477 4192 2530 4239 et
2579 4201 2750 4256 vapor
2779 4190 2987 4258 operiat
3036 4193 3344 4255 oraculum.
3386 4196 3530 4267 quod
3560 4204 3636 4250 est
3661 4205 3790 4261 super

2261 4275 2655 4342 testimonium,
2684 4287 2738 4333 et
2769 4296 2877 4335 non
2906 4283 3192 4338 moriatur.
3227 4304 3246 4340 r
3531 4361 3642 4370 ,Μ’
3691 4354 3774 4367 ___.

2329 4369 2647 4434 Quiamulta
2670 4373 2983 4445 frequenter
3023 4387 3144 4434 acta
3174 4379 3416 4438 diximus
3469 4369 3563 4454 per
3622 4375 3788 4434 sacriﬁ-

2259 4459 2400 4516 cium
2435 4459 2749 4527 Salvatoris,
2779 4469 3091 4523 necessarie
3129 4469 3182 4524 in
3209 4486 3276 4526 eo
3329 4473 3517 4528 multa:
3546 4465 3786 4538 exquiSiL'B

1393 4527 1452 4582 in
1534 4533 1912 4592 conﬁrmalum
1970 4551 2151 4597 autem
2188 4529 2231 4582 D
2259 4561 2386 4607 sunt
2411 4553 2463 4608 in
2492 4555 2605 4627 lege
2624 4557 2968 4614 ditl'erentite.
2991 4561 3383 4633 Principalitcr
3412 4580 3538 4636 ergo
3595 4576 3680 4631 ρετ
3731 4555 3784 4609 ί¹⁶

2258 4643 2372 4710 lud,
2399 4645 2498 4716 ipsi
2524 4645 2686 4702 Israel
2715 4652 3103 4720 proﬂigabatur
3133 4657 3410 4713 absolutio
3443 4667 3652 4729 propter
3669 4646 3781 4721 quod

2257 4735 2507 4791 dicebat:
2546 4737 2664 4792 Non
2694 4744 2808 4796 veni
2841 4744 2941 4798 nisi
2973 4746 3044 4798 ad
3079 4762 3193 4799 oves
3223 4763 3340 4817 qua:
3366 4743 3779 4817 perieruntdomttt

2254 4826 2507 4883 Israel“.
2542 4831 2664 4886 Non
2693 4834 2866 4888 solum
2899 4823 3096 4890 autem
3130 4837 3300 4892 lsrael
3333 4838 3593 4902 liberatio,
3617 4831 3697 4888 sed
3738 4836 3780 4880 Cl

2254 4919 2496 4987 gentium
2529 4921 2778 4976 ineratin
2812 4925 3084 4980 sacrificio
3134 4927 3333 4983 Christi
3373 4926 3642 4983 correctio.
3687 4917 3777 5019 {'09

2253 5017 2436 5062 autem
2468 5020 2654 5080 aperte
2683 5012 2882 5067 Paulus
2903 5030 3200 5086 exponens,
3229 5019 3293 5072 ad
3325 5018 3581 5089 Ephesios
3607 5008 3775 5066 scribe-

2252 5098 2377 5154 bat:
2409 5101 2467 5155 Ut
2498 5103 2625 5156 duos
2650 5105 2836 5158 condat
2872 5105 2925 5158 in
2970 5108 3266 5176 semetipso,
3317 5109 3372 5162 in
3436 5122 3584 5161 unum
3622 5111 3770 5154 norum

2248 5192 2505 5245 hominem
2526 5195 2721 5263 faciens
2749 5213 2929 5264 pacern
2956 5207 3004 5252 et
3032 5199 3329 5253 reconciliet
3376 5202 3548 5254 ambos
3600 5197 3647 5246 in
3690 5202 3770 5292 ulla

2249 5301 2462 5355 corpore
2501 5287 2626 5352 Deo,
2669 5306 2762 5358 per
2795 5307 2998 5346 crucem
3049 5293 3364 5362 interﬁciens
3414 5289 3688 5378 inimicitias
3723 5294 3766 5378 ut

2250 5379 2546 5446 semetipso,
2575 5389 2624 5433 et
2662 5383 2868 5435 veniens
2918 5385 3294 5455 evangelisavit
3343 5399 3513 5454 pacem
3535 5379 3656 5434 vobtt
3697 5383 3765 5440 qm

2252 5468 2402 5539 longe
2433 5471 2626 5540 fuistis,
2652 5481 2698 5524 et
2739 5489 2920 5541 pacem
2951 5474 3028 5526 his
3069 5477 3158 5545 qui
3186 5493 3345 5546 prope
3377 5476 3438 5527 τί.
3469 5474 3638 5568 Longe

2253 5571 2335 5616 tes
2366 5564 2649 5632 appellans
2674 5567 2801 5634 quia
2826 5567 2987 5637 longe
3039 5568 3106 5622 ab
3138 5568 3284 5621 omni
3345 5567 3518 5622 divina
3575 5560 3757 5614 scicntia

2249 5663 2428 5716 erant,
2459 5656 2608 5724 juxta
2644 5656 2808 5712 lsracl
2841 5674 3002 5728 quem
3036 5659 3403 5729 propinquare
3435 5644 3756 5728 prophetiael

2584 5797 2626 5827 ⁸⁵
2653 5797 2671 5851 l
2698 5798 2818 5852 (lor.
2855 5815 2914 5861 ll.
2952 5799 3004 5854 8.
3081 5801 3127 5836 “
3160 5798 3322 5856 llebr.
3360 5819 3410 5866 v.
3441 5798 3488 5852 τι.
3557 5791 3594 5823 ⁶⁷
3619 5782 3746 5843 Bch“
