4046 6414
171 376 289 441 993

1346 372 1429 434 IN
1469 371 1909 435 LEVITICUM.
1940 399 2007 409 -
2049 372 2195 434 LIB.
2234 376 2298 435 V.

3350 383 3449 445 99l

168 489 267 544 les
297 489 549 545 iaciebat.
588 488 796 545 Dehine
826 488 1159 545 subnectens
1187 470 1585 542 Paulus-dixit:
1620 485 1757 551 Quia
1790 498 1833 553 Α
1864 488 2125 541 Adeamus
2159 504 2276 542 cum
2301 491 2619 560 conﬁdentia
2659 493 2728 545 ad
2761 492 3005 547 thronum
3030 494 3215 565 gloria
3244 498 3359 566 ejus
3384 500 3453 550 ‘°.

168 600 273 649 per
294 584 466 652 ipsum
481 582 730 635 habemus
750 596 1037 644 accessum,
1060 581 1270 651 utrique
1294 580 1350 633 in
1374 596 1476 633 uno
1491 579 1679 648 spiritu
1701 580 1772 633 ad

171 672 402 727 Patrem
433 673 500 728 ⁷³.
525 672 776 727 Immolat
801 688 933 744 ergo
994 672 1360 742 intelligibilis
1390 674 1577 725 Aaron
1624 671 1764 725 vitu-

167 764 317 830 lum,
346 766 396 823 id
429 774 513 821 est
535 767 814 837 propriam
873 782 1123 831 carnem,
1154 767 1313 837 cujus
1352 766 1532 821 hostia
1555 765 1773 835 quando

167 856 490 912 indudaica:
515 858 693 927 plebis
711 858 1096 914 liberationem
1123 859 1409 930 accipitur,
1438 858 1772 914 sacriﬁcium

168 949 339 1005 vituli
362 951 671 1006 necessarie
700 954 1000 1007 assumitur
1029 968 1043 1017 ;
1080 953 1317 1007 habebat
1346 952 1493 1006 enim
1526 952 1646 1022 ipse
1702 952 1774 1008 le-

169 1042 356 1112 galem
386 1044 861 1113 justilicationem,
901 1046 1143 1100 maxime
1203 1053 1265 1098 ut
1295 1055 1485 1115 aperte
1510 1043 1773 1115 praedica-

170 1144 264 1189 ret
291 1152 305 1188 :
342 1136 467 1190 Non
496 1140 613 1191 ueni
644 1138 843 1192 solvere
871 1138 1061 1209 legem,
1092 1140 1183 1192 sed
1238 1138 1460 1207 implere
1482 1139 1549 1190 ".
1571 1139 1773 1194 Paulus

170 1232 455 1285 autemde
488 1231 607 1301 ipso
641 1231 860 1287 dicebat
897 1249 910 1285 :
967 1231 1113 1286 Misit
1162 1232 1306 1286 Deus
1346 1232 1545 1286 Filium
1594 1248 1768 1297 suum,

172 1321 471 1389 [autimas
510 1323 753 1390 muliere,
776 1324 977 1395 factum
999 1325 1093 1378 sub
1117 1324 1248 1396 lege,
1300 1334 1360 1379 ut
1410 1338 1499 1379 eos
1547 1326 1638 1390 qui
1677 1325 1770 1378 sub

172 1411 295 1484 lege
319 1423 493 1477 erant,
526 1416 809 1469 redimeret
836 1416 905 1469 ".
933 1415 1059 1470 llaec
1110 1425 1297 1471 autem
1319 1417 1529 1472 vitulus
1550 1424 1773 1487 propter

164 1506 370 1579 jugnm
406 1512 795 1567 mandatorum
818 1523 946 1582 apte
980 1514 1323 1585 intelligitur.

241 1600 461 1673 Rogant
489 1619 681 1670 prose.
707 1606 978 1665 Videlicet
1039 1622 1141 1673 pro
1182 1608 1527 1663 humanitate
1554 1625 1570 1676 ;
1607 1607 1771 1678 hujus

165 1694 324 1749 enim
358 1696 415 1751 in
440 1698 741 1768 semetipso
757 1700 985 1771 ﬁguram
1029 1700 1272 1770 gerebat.

240 1785 352 1843 Sed
376 1798 428 1843 et
460 1806 556 1860 pro
586 1792 741 1845 domo
758 1809 879 1847 sua.
932 1791 1163 1862 Proprie
1193 1807 1318 1846 eum
1357 1790 1449 1861 qui
1491 1790 1593 1847 sub
1653 1791 1771 1865 lege

1876 578 1990 635 iloc
2014 594 2145 652 ergo
2173 581 2517 655 intelligibile
2541 584 2969 649 dicebataltare,
3019 589 3167 655 quod
3221 589 3452 645 immite-

1873 679 2161 739 stantqua:
2188 681 2495 741 sequuntur
2522 690 2536 740 ;
2572 675 2649 728 ait
2672 676 2819 729 enim
2854 692 2868 729 :
2909 678 2972 732 Ut
3001 680 3327 749 accipiamus
3360 684 3449 734 mi-

1873 761 2237 829 sericordiam,
2265 773 2314 817 et
2344 766 2575 834 gratiam
2610 766 2940 822 inveniamus
2968 770 3023 823 in
3045 772 3251 826 auxilio
3275 789 3453 843 oppor-

1874 863 2003 906 tuno
2027 854 2094 911 ⁸⁸.
2130 856 2336 912 Hontm
2370 860 2518 913 enim
2549 870 2842 930 utrumque
2858 864 2925 918 ab
2952 864 3108 918 altari
3140 865 3256 920 sine
3278 870 3454 938 aliqua

1873 943 2155 1002 dubietate
2192 948 2546 1018 percipimus.
2584 950 2689 1007 Sed
2716 953 2846 1023 quid
2870 954 2922 1007 in
2956 954 3041 1009 his
3063 972 3185 1026 quae
3212 971 3454 1028 sequun~

1876 1048 1986 1099 tur,
2016 1040 2300 1110 legislator
2337 1044 2617 1100 subdidit?

1945 1133 2015 1186 Et
2040 1134 2295 1189 hauriens
2322 1152 2483 1191 manu
2516 1140 2807 1210 thymiama
2830 1145 3171 1213 compositum
3192 1147 3246 1199 in
3275 1147 3453 1201 incen-

1872 1240 2010 1287 sum,
2034 1225 2175 1279 ultra
2200 1226 2373 1281 velum
2403 1230 2625 1285 intrabit
2655 1232 2711 1286 in
2739 1246 2943 1289 sancta.
2985 1236 3078 1290 Vel
3106 1238 3243 1292 sicut
3274 1239 3413 1294 LXX
3436 1258 3449 1293 :

1874 1313 1943 1369 Et
1968 1316 2206 1387 implebit
2265 1335 2456 1375 manus
2506 1339 2633 1376 suas
2675 1326 3019 1394 thymiamate
3067 1331 3455 1397 compositionis

1871 1408 2097 1474 subtilis,
2167 1421 2215 1464 et
2256 1413 2433 1481 offeret
2488 1416 2711 1470 interius
2751 1418 2807 1471 in
2857 1420 3107 1473 interiora
3160 1423 3453 1480 voluminis.

1875 1496 2019 1553 Dicit
2042 1510 2226 1555 autem
2255 1504 2563 1559 orationem
2589 1507 2659 1561 de
2690 1523 2794 1572 qua
2827 1510 2963 1564 dixit
2990 1509 3160 1566 David
3192 1527 3203 1563 :
3236 1514 3447 1585 Dirige-

1878 1600 1967 1643 tur
2002 1594 2175 1647 oratio
2204 1610 2340 1657 mea,
2371 1596 2506 1650 sicut
2532 1599 2799 1653 incensum
2847 1602 2903 1654 in
2948 1617 3221 1673 conspectu
3278 1616 3365 1659 tuo
3386 1606 3453 1660 δ’.

1876 1684 2002 1739 llaec
2029 1701 2159 1757 ergo
2192 1690 2414 1757 quando
2440 1691 2722 1745 szeeularia
2785 1707 3026 1761 oramus,
3090 1684 3271 1753 crassa
3318 1716 3457 1770 quo-

1875 1778 2193 1843 dammodo,
2225 1788 2280 1835 et
2302 1796 2411 1835 non
2446 1784 2665 1838 subtilis
2703 1794 2806 1839 est.
2871 1786 3100 1852 Quando
3125 1798 3305 1844 autem
3342 1791 3456 1862 Spi-

169 1877 396 1935 vivebat
424 1852 708 1953 populum,
751 1884 842 1955 qui
883 1852 1082 1939 domus
1116 1883 1288 1953 ipsius
1317 1852 1541 1955 propter
1567 1852 1768 1955 cogna-

1876 1871 2053 1925 ritalia
2085 1874 2342 1942 petimus,
2388 1875 2439 1929 id
2464 1877 2853 1933 estscicntiam
2893 1881 3160 1944 divinam,
3226 1899 3455 1954 regnum

170 1971 383 2026 tionem
417 1973 537 2039 luit,
567 1974 717 2029 venit
762 1974 1018 2029 liberare.
1069 1975 1297 2043 Propter
1326 1974 1470 2043 quod
1500 1971 1769 2044 Cleophas

168 2063 391 2119 dicebat
420 2080 434 2116 :
462 2065 574 2120 Nos
601 2075 780 2120 autem
803 2068 1173 2137 sperabamus,
1207 2066 1333 2137 quia
1363 2068 1471 2136 ipse
1511 2077 1644 2121 esset
1684 2082 1769 2121 re-

168 2155 484 2223 dempturus
508 2154 678 2210 Israel
703 2158 768 2212 ".

241 2246 804 2318 Immolabitqueeum.
868 2248 989 2320 Ipse
1035 2250 1183 2305 enim
1210 2249 1494 2320 propriam
1543 2264 1767 2307 carnem

171 2334 514 2402 immolavit;
547 2337 667 2407 ipse
706 2337 792 2391 sui
816 2338 1073 2393 sacriﬁcii
1102 2340 1348 2407 pontifex
1402 2340 1459 2393 in
1524 2339 1657 2395 Sion
1682 2340 1766 2397 la-

175 2438 308 2482 ctus
330 2439 431 2495 est,
468 2430 687 2500 quando
714 2430 997 2502 sanguinis
1051 2433 1181 2487 novi
1234 2434 1555 2488 testamenti
1603 2433 1766 2490 dabat

172 2519 426 2577 calicem.

240 2612 618 2683 Assumptoque
648 2612 939 2681 thuribulo,
990 2616 1130 2685 quod
1157 2616 1221 2669 de
1246 2615 1429 2685 prunis
1453 2616 1644 2672 altaris
1664 2617 1765 2671 im-

170 2706 413 2775 pleverit.
444 2708 833 2773 Thuribulum,
856 2710 1097 2780 linguam
1125 2709 1467 2765 Dominicam
1499 2710 1588 2767 hic
1609 2712 1760 2777 dicit,

171 2800 230 2853 in
256 2800 374 2869 ipsa
406 2800 553 2855 enim
582 2810 699 2855 erat
738 2800 991 2871 Spiritus.
1030 2801 1208 2857 Sumit
1243 2818 1372 2874 ergo
1397 2804 1615 2874 plenum
1637 2808 1766 2859 thu-

170 2890 412 2945 ribulum
438 2890 789 2956 carbonibus,
840 2892 968 2961 quia
1004 2892 1276 2948 sacriﬁcio
1331 2910 1431 2949 suo
1466 2895 1761 2949 doctoralia

168 2982 365 3048 verba,
399 2998 519 3052 quae
548 2993 707 3038 erant
736 2984 923 3039 divina
951 2993 1007 3038 et
1038 2984 1306 3053 coelestia,
1333 2987 1585 3056 protinus
1608 2988 1763 3043 addi-

170 3077 274 3141 dit,
309 3078 379 3132 de
416 3078 615 3148 quibus
659 3080 823 3134 David
890 3078 1110 3134 dicebat
1147 3097 1162 3133 :
1210 3081 1495 3138 Carbones‘
1528 3087 1760 3140 succensi

1877 1962 2165 2029 caelorum,
2208 1967 2588 2023 remissionem
2638 1979 3011 2040 peccatorum.
3045 1974 3261 2030 subtilis
3309 1992 3459 2046 quie-

1874 2054 2000 2107 dam
2034 2063 2139 2121 est,
2178 2066 2367 2127 utpote
2391 2060 2652 2129 spiritalis
2699 2070 2753 2116 et
2780 2064 3335 2137 intelligibilis,quam
3373 2070 3460 2125 in-

1871 2146 2170 2217 telligibilis
2187 2151 2447 2207 sacerdos
2468 2167 2566 2224 pro
2595 2156 2755 2210 nobis
2785 2157 2966 2212 oli'ert.
2991 2158 3339 2215 Manifestum
3359 2178 3460 2217 au-

1876 2250 1983 2295 tem
2016 2252 2099 2296 est
2134 2258 2201 2299 ex
2226 2258 2293 2298 eo
2323 2246 2470 2314 quod
2522 2262 2621 2316 pro
2652 2248 2939 2317 discipulis
2986 2250 3238 2307 Christus
3270 2270 3459 2322 orans,

1867 2330 2365 2389 sanctilieationem
2397 2336 2477 2390 eis
2505 2346 2561 2391 et
2588 2339 2859 2393 unitatem
2882 2356 3090 2407 secum,
3124 2344 3461 2400 libertatem-

1867 2438 1975 2493 que
2013 2422 2067 2478 in
2092 2425 2331 2491 (mundo,
2356 2438 2411 2482 et
2447 2430 2552 2484 alia
2600 2431 2725 2485 talia
2773 2432 3124 2502 deposcebat.
3154 2436 3381 2491 Intrabit
3407 2438 3463 2492 in

1867 2528 2085 2581 sancta;
2111 2518 2247 2585 sive,
2282 2522 2579 2576 secundum
2615 2521 2847 2590 LXX,et
2878 2526 3053 2595 offeret
3097 2528 3151 2580 in
3204 2529 3461 2584 interiora

1869 2607 2182 2671 oelaminis,
2210 2614 2396 2667 carnis
2424 2614 2680 2669 videlicet
2714 2632 2846 2670 ειιάξ.
2872 2617 3075 2672 Ol'leret
3114 2630 3318 2684 autem,
3339 2622 3464 2676 cui?

1865 2699 2011 2757 Patri
2047 2704 2316 2772 videlicet,
2346 2708 2472 2777 quia
2504 2707 2617 2762 [nec
2646 2708 2863 2779 quidem
2898 2709 3184 2767 manifesta
3212 2714 3463 2784 aspectui

1864 2795 2108 2849 omnium
2141 2795 2554 2865 praeferebatur,
2583 2798 2698 2868 ipse
2716 2810 2896 2855 autem
2919 2810 3036 2856 erat
3062 2802 3355 2858 invisibilis
3385 2823 3399 2859 :

1943 2886 2005 2942 Ut
2037 2889 2223 2956 positis
2258 2906 2415 2959 super
2441 2892 2614 2962 ignem
2664 2894 3015 2959 aromatibus,
3056 2895 3246 2951 nebula
3281 2914 3462 2952 eorum

1865 2988 1911 3033 et
1944 2996 2109 3049 vapor
2144 2983 2350 3051 operiat
2378 2983 2675 3049 oraculum,
2715 2991 2854 3055 quod
2895 2998 2968 3041 est
3015 3005 3176 3058 super
3224 2991 3461 3044 testimo-

1871 3072 2040 3138 nium,
2075 3084 2124 3128 et
2156 3091 2259 3128 non
2288 3078 2567 3130 moriatur.
2616 3077 2916 3147 Dupliciter
2962 3081 3049 3135 hic
3077 3082 3221 3151 quod
3257 3083 3464 3138 dicitur

168 3179 295 3223 sunt
321 3170 389 3225 ab
408 3172 553 3225 εοη,
592 3170 709 3227 Hoc
739 3172 980 3229 Joannes
1007 3174 1064 3227 ίιι
1117 3188 1274 3228 caena
1304 3184 1423 3230 acta
1472 3187 1758 3248 postquam
1802 3202 1842 3261 ε
1882 3164 2151 3238 intelligo.
2202 3167 2341 3232 Quia
2365 3184 2494 3239 ergo
2527 3167 2707 3223 Aaron
2759 3169 2933 3240 ipsius
2972 3172 3177 3227 Christi
3232 3174 3461 3245 ﬁguram

168 3262 345 3320 ludas
362 3276 447 3320 est
464 3280 721 3337 egressus
741 3266 957 3336 scripsit
975 3267 1044 3332 ⁷⁷,
1068 3267 1120 3320 in
1139 3266 1359 3337 quibus,
1374 3269 1648 3338 quomodo
1664 3272 1779 3342 qui,

168 3359 302 3413 dem
330 3357 493 3414 Pater
529 3361 583 3413 iu
614 3362 755 3430 ipso,
789 3360 1066 3429 quomodo
1112 3369 1293 3415 autem
1330 3361 1446 3432 ipse
1465 3377 1587 3417 cum
1620 3367 1690 3418 sit
1721 3364 1776 3420 in

170 3448 363 3514 Patre,
392 3450 576 3505 mittat
602 3451 811 3505 donum
844 3451 1126 3521 Spiritus;
1152 3454 1429 3522 quomodo
1472 3452 1637 3509 Pater
1696 3466 1779 3511 est

166 3542 431 3610 agricola,
489 3542 603 3614 ipse
636 3541 782 3609 vitis,
810 3544 1045 3614 apostoli
1070 3559 1202 3599 vero
1224 3544 1473 3613 palmites
1500 3563 1514 3611 ;
1542 3561 1777 3616 quomo-

168 3635 242 3688 do
288 3634 545 3704 princeps
583 3636 776 3690 mundi
818 3636 985 3706 hujus
1036 3635 1339 3707 judicetur.
1380 3637 1591 3707 aliaque
1612 3654 1778 3710 expo-

167 3726 255 3781 nit
285 3727 567 3792 mirscula,
589 3742 712 3797 qua
746 3736 877 3783 sunt
930 3731 1207 3784 carbones
1232 3730 1390 3801 ignis,
1416 3738 1602 3800 utpote
1631 3732 1777 3787 calc-

168 3818 429 3873 facientia
456 3832 559 3875 nos
587 3821 655 3875 ad
685 3821 965 3890 pietatem,
1013 3837 1138 3875 cum
1170 3823 1282 3876 sint
1314 3822 1641 3893 generaliter
1665 3823 1775 3897 spi-

167 3910 352 3964 ritalia
392 3912 526 3967 :sed
557 3922 613 3966 et
634 3915 826 3981 altare,
858 3914 1005 3984 quod
1054 3914 1360 3970 secundum
1417 3913 1583 3981 LXX,
1647 3926 1773 3971 ante

170 4002 483 4058 Dominum.
515 4004 629 4060 lloc
654 4014 840 4061 autem
882 4022 1005 4061 esse
1033 4023 1128 4061 sex
1174 4007 1495 4072 Cherubim,
1542 4009 1596 4062 in
1636 4010 1771 4079 ipsis

104 4159 116 4173 .
171 4097 463 4164 prooemiis
491 4096 617 4151 libri
645 4098 814 4168 hujus
861 4099 1228 4154 ostendimus.
1255 4098 1368 4153 Illic
1399 4099 1546 4154 enim
1582 4101 1773 4156 carbo-

170 4203 275 4243 nes
340 4188 700 4260 intelligibilis
740 4190 879 4261 ignis
937 4190 1267 4246 constitutos
1314 4205 1457 4253 esse,
1517 4191 1770 4248 Ezechiel

169 4280 445 4349 propheta
464 4280 901 4349 demonstravit;
971 4281 1265 4336 Dominum
1314 4282 1518 4351 quippe
1564 4287 1767 4353 ipsum,

168 4374 267 4442 qui
298 4382 418 4428 erat
446 4373 669 4427 indutus
704 4375 930 4444 podere,
964 4384 1020 4429 et
1045 4374 1329 4429 accinctos
1365 4375 1597 4429 habebat
1630 4376 1770 4430 lum-

170 4466 296 4528 bos,
340 4466 597 4536 proponit
624 4467 902 4521 dicentem
938 4482 952 4519 :
1006 4466 1289 4535 Ingredere
1326 4468 1381 4519 in
1426 4468 1655 4520 medium
1676 4484 1767 4521 ro-

1883 3258 2045 3330 gerit,
2076 3269 2300 3329 propter
2324 3261 2614 3316 sacerdotii
2657 3262 2998 3335 dignitatem,
3037 3263 3263 3335 ligurum
3296 3267 3461 3323 etiam

1880 3352 2019 3422 gerit
2065 3352 2309 3423 corporis
2360 3355 2727 3410 sacerdotum.
2775 3356 3185 3428 Superimponit
3241 3361 3462 3431 quidem

1883 3442 2137 3497 Christus
2164 3444 2345 3515 ignem
2383 3456 2650 3511 aromata,
2703 3447 2756 3502 id
2814 3457 2896 3501 est
2937 3449 3240 3504 oralionem
3298 3468 3465 3522 super

1878 3537 2281 3604 doctrinam,et
2310 3539 2490 3609 operit
2536 3556 2700 3610 vapor
2735 3556 2923 3595 eorum
2980 3543 3214 3609 nebulae,
3267 3543 3318 3598 id
3379 3555 3464 3599 est

1878 3630 2145 3685 orationis
2177 3631 2374 3685 virtus.
2410 3631 2699 3686 Oracnlum
2763 3633 2901 3703 quod
2932 3642 3004 3687 est
3032 3651 3187 3704 super
3226 3636 3462 3689 testimo-

1878 3726 2047 3790 nium;
2112 3726 2164 3781 id
2196 3735 2299 3791 est,
2332 3742 2553 3781 carnem
2592 3742 2768 3792 suam,
2799 3741 2863 3780 ex
2892 3742 2997 3797 qua
3030 3728 3344 3798 propitiatio
3362 3744 3461 3783 no-

1874 3816 1959 3873 bis
1988 3819 2295 3889 conquisita
2326 3828 2411 3873 est
2442 3830 2810 3889 peccatorum,
2835 3829 2889 3874 et
2918 3819 2970 3873 in
3008 3821 3232 3876 salutari
3262 3830 3347 3876 est
3377 3822 3460 3876 vi-

1875 3911 2075 3966 delicet
2100 3914 2369 3981 passione.
2404 3910 2517 3966 lloc
2541 3923 2722 3967 autem
2754 3928 2875 3968 esse
2906 3915 3279 3971 testimonium
3300 3917 3463 3988 paulo

1876 4005 2128 4073 superius
2151 4004 2512 4057 ostendimus.
2542 4004 2607 4057 Et
2663 4021 2763 4057 non
2792 4007 3046 4059 morietur
3092 4010 3463 4078 corruptionis

1875 4104 2072 4158 morte,
2107 4109 2293 4164 neque
2318 4094 2465 4148 enim
2520 4112 2646 4149 caro
2681 4096 2801 4164 ejus
2844 4097 2981 4151 vidit
3025 4099 3488 4168 corruptionem,.

1872 4188 1996 4258 quia
2017 4203 2216 4257 vapore
2243 4197 2547 4240 aromatum
2574 4187 2772 4241 virtute
2800 4189 2983 4257 utique
3009 4190 3273 4245 orationis
3296 4192 3461 4257 illius,

1871 4278 2244 4349 operiebatur,
2278 4279 2346 4333 de
2396 4294 2500 4348 qua
2566 4278 2730 4333 David
2785 4280 2879 4343 ait,
2916 4280 3193 4335 Christum
3243 4281 3459 4337 Patrem

1870 4373 2210 4443 deprecans:
2246 4369 2383 4435 Quia
2451 4386 2551 4422 non
2583 4370 2909 4440 derelinques
2942 4372 3178 4423 animum
3214 4390 3383 4425 meam
3407 4375 3463 4427 in

1870 4464 2096 4533 inferno,
2124 4479 2287 4534 neque
2319 4460 2469 4515 dabis
2498 4471 2741 4513 sanctum
2779 4470 2926 4513 tuum
2966 4462 3137 4515 videre
3163 4464 3463 4531 corruptio-

172 4567 351 4609 tarunt
377 4558 555 4612 subter
588 4556 900 4623 Cherubim,
932 4568 980 4613 et
1011 4557 1174 4628 imple
1196 4574 1385 4612 manus
1412 4568 1531 4612 tuas
1564 4561 1628 4614 de
1657 4576 1767 4614 me-
1800 4557 1843 4611 D
1873 4571 1989 4609 nem
2014 4555 2082 4610 ⁸³.
2113 4554 2275 4608 Ponit
2303 4561 2483 4607 autem
2516 4552 2889 4621 unusquisque
2916 4552 3172 4607 sacerdos
3202 4555 3269 4607 de
3300 4555 3460 4607 Libri-

171 4651 262 4703 dio
284 4650 571 4706 Cherubin:
588 4651 657 4705 ⁷³.
682 4650 820 4716 Quia
848 4666 977 4722 ergo
1005 4650 1177 4705 altare
1201 4650 1560 4721 intelligibile,
1589 4651 1643 4705 in
1664 4666 1774 4721 quo

172 4743 445 4799 carbones
463 4744 616 4816 ignis
641 4753 794 4809 sunt,
837 4748 1027 4799 sedem
1052 4742 1350 4799 Cherubim
1380 4753 1597 4814 oportet
1619 4744 1777 4800 intel-

172 4836 288 4907 ligi,
322 4838 453 4893 audi
486 4838 682 4893 Isaiam
706 4838 1023 4893 dicentem:
1055 4836 1127 4890 Et
1168 4838 1303 4891 venit
1347 4837 1419 4890 ad
1444 4853 1525 4890 me
1555 4854 1689 4892 unus
1710 4840 1773 4892 de

170 4928 477 4997 Seraphim,
504 4939 553 4982 et
581 4930 637 4983 in
660 4945 825 4984 manu
854 4931 973 5000 ejus
1007 4928 1259 4993 calculus,
1282 4945 1433 4999 quem
1461 4931 1657 5000 forcipe
1688 4942 1773 4985 tu-

172 5020 308 5075 lerat
336 5022 400 5075 de
426 5020 614 5091 altari,
650 5032 702 5077 et
737 5024 909 5095 tetigit
956 5040 1011 5078 os
1036 5039 1208 5079 meum
1240 5024 1305 5078 τ’.
1355 5022 1510 5090 Quod
1535 5037 1665 5097 ergo
1713 5026 1767 5081 in

169 5113 314 5170 ccio
348 5124 434 5170 est
464 5115 635 5171 altare
668 5116 837 5181 aliud,
870 5118 975 5173 nisi
1015 5115 1370 5174 Cherubim?
1405 5117 1512 5172 Sed
1546 5118 1654 5184 bis,
1692 5120 1767 5175 si-

169 5207 436 5263 cutenim
466 5218 571 5264 tam
598 5209 872 5281 pontifex,
906 5224 1072 5281 quam
1120 5225 1238 5275 rex,
1289 5211 1433 5266 idem
1472 5222 1527 5267 ct
1578 5215 1765 5270 sedem

169 5301 362 5367 habet,
397 5311 453 5357 et
480 5302 690 5358 altare:
729 5305 835 5363 hoc
859 5318 992 5377 ergo
1014 5304 1219 5361 Paulus
1267 5306 1510 5364 Hebraeis
1556 5309 1764 5380 signiti-

170 5407 307 5447 cans
337 5391 592 5451 theebat:
640 5393 761 5450 Non
821 5399 960 5450 enim
1008 5397 1256 5451 habemus
1311 5396 1627 5467 pomi/irent,
1676 5399 1766 5467 qui

172 5501 281 5539 nou
302 5496 477 5555 potest
510 5491 740 5559 rompati
789 5489 1184 5560 inﬁrmitatibus
1234 5491 1447 5553 nostris,
1511 5499 1766 5544 tentatum

173 5584 358 5630 autem
393 5595 489 5647 per
540 5582 719 5634 omnia
748 5597 842 5650 pro
898 5580 1265 5647 similitudine,
1295 5584 1486 5649 absque
1533 5590 1765 5646 peccato.

243 5770 293 5799 ”
321 5768 523 5827 Bubus.
583 5784 645 5827 ιι,
679 5767 768 5821 i8.
847 5767 891 5797 "
928 5764 1121 5819 Matth.
1148 5780 1203 5827 v,
1242 5762 1331 5816 17.
1407 5759 1646 5815 "Galat.
1698 5777 1769 5823 iv,

1937 5760 1983 5791 "
2009 5760 2139 5815 Luc.
2188 5778 2333 5825 xxiv,
2366 5763 2455 5816 2|.

371 5783 523 5839 pnes.
583 5784 645 5828 Il,
679 5783 768 5821 16.
851 5783 891 5797 "
928 5783 1203 5827 mattn.v,
1242 5783 1331 5816 Η.
1412 5783 1646 5815 "natat.
1698 5783 1769 5823 tv,

375 5878 388 5891 .
461 5838 508 5872 τ’
541 5837 743 5894 Ezccb.
777 5853 831 5902 χ,
866 5837 915 5889 1.
993 5836 1037 5865 ⁷⁸
1064 5832 1165 5887 lsa.
1198 5849 1272 5898 χι,
1307 5836 1361 5899 li,
1384 5833 1435 5887 ".'.
1512 5829 1561 5863 ⁸⁸
1583 5831 1749 5887 llebr.

1942 5783 1983 5791 "
2009 5783 2139 5815 huc.
2188 5783 2333 5825 xxn',
2367 5783 2455 5816 zu.
2538 5783 2578 5793 "
2609 5783 2746 5813 t'sat.
2794 5783 2931 5820 xui,
2966 5783 3015 5811 υ.
3176 5783 3329 5805 amulo
3364 5798 3367 5806 ι

1903 5831 1986 5896 15,
2020 5831 2109 5887 16.
2185 5834 2226 5864 ⁸⁸
2260 5832 2395 5888 ibid.
2472 5833 2516 5864 ⁸¹
2555 5832 2699 5886 Psal.
2730 5846 2848 5899 ut,
2878 5837 2930 5883 2.
3007 5828 3052 5859 "
3081 5822 3226 5880 Psal.
3257 5837 3349 5882 nt.

177 5841 200 5894 i
232 5837 388 5900 sena.
461 5838 508 5872 τ’
541 5837 743 5894 Ezccb.
777 5853 831 5902 χ,
866 5837 915 5889 l.

1878 4655 1961 4700 sto
1988 4645 2233 4714 loquens.
2259 4645 2312 4699 in
2344 4646 2519 4715 ignem
2563 4651 2825 4707 aromata,
2888 4642 3144 4714 spiritalis
3198 4643 3462 4700 doctrina:

1876 4734 2206 4801 orationem,
2264 4744 2319 4790 et
2368 4735 2633 4789 orationis
2682 4736 2853 4790 virtus
2913 4737 3087 4805 operit
3153 4740 3457 4803 oraculum,

1881 4829 2028 4898 quod
2053 4836 2137 4882 est
2164 4841 2330 4898 super
2351 4826 2751 4881 testimonium.
2812 4824 2929 4880 Non
2958 4826 3225 4897 permittit
3276 4834 3457 4881 autem

1876 4938 2004 4978 eum
2040 4936 2286 4993 quaerere
2311 4921 2378 4975 de
2407 4918 2759 4990 passionibus
2807 4918 3104 4973 Dominicze
3141 4919 3348 4983 carnis,
3395 4936 3457 4973 ea

1876 5030 1997 5087 qua:
2058 5030 2225 5084 super
2288 5014 2547 5069 virtutem
2621 5012 2919 5082 quaerentis
2990 5020 3169 5077 sunt;
3234 5020 3289 5067 et
3346 5028 3454 5065 non

1873 5109 2173 5165 msrientur
2197 5122 2259 5162 ea
2291 5124 2412 5178 qum
2449 5107 2670 5163 delinita
2716 5114 2802 5161 est
2851 5105 3228 5160 immoderatis
3275 5106 3457 5174 inqui-

1871 5204 2151 5267 sitoribns,
2179 5202 2271 5273 qui
2332 5216 2395 5257 ca
2459 5209 2715 5273 quierunt
2780 5216 2901 5271 qua:
2969 5198 3287 5252 hominibus
3344 5215 3453 5251 nou

1869 5298 2001 5352 libet
2039 5312 2304 5368 quaerere,
2340 5304 2535 5351 morte.

1942 5391 2104 5447 Vsus.
2134 5391 2224 5446 l4.
2255 5410 2272 5443 ‹
2301 5391 2477 5447 Tollet
2499 5404 2715 5460 quoque
2744 5387 2810 5444 de
2828 5386 3095 5458 sanguine
3117 5382 3266 5438 vituli
3295 5392 3347 5436 et
3368 5397 3456 5437 as.-

1876 5496 2066 5560 perget
2096 5484 2265 5560 digito
2289 5487 2493 5558 septies
2516 5484 2706 5539 contra
2721 5480 3156 5555 propitiatorium
3180 5478 3245 5531 ad
3268 5476 3453 5531 orien-

1874 5588 2001 5636 tem.
2045 5600 2063 5631 ι

2532 5762 2578 5793 ’⁸
2609 5761 2746 5813 l‘sal.
2791 5774 2931 5820 xvu,
2964 5758 3015 5811 9.
3094 5754 3138 5783 "
3176 5752 3329 5805 loan.
3363 5766 3458 5822 xv,
