3946 6402
599 359 707 431 995

1796 348 2155 410 IIESYCl-III
2195 345 2669 411 PRESBYTER!

3733 350 3817 411 936

669 476 797 533 Sive
829 482 887 528 ut
917 472 1078 537 LXX,
1120 477 1369 541 asperget
1419 467 1583 536 digito
1634 482 1732 520 suo
1768 483 1934 536 super
1993 466 2179 535 propi-
2211 472 2255 526 Α
2284 465 2406 520 dam
2443 481 2552 520 non
2592 478 2846 534 pOPUIUS,
2880 478 3030 519 nunc
3054 474 3235 520 autem
3272 464 3534 536 populus,
3570 480 3630 520 ex
3657 472 3821 537 quode

602 564 878 620 tiatorium
929 563 994 617 ad
1049 563 1316 617 orientem
1378 568 1506 612 ante
1568 557 1760 611 faciem
1821 557 2182 627 propitiatorii

604 661 853 724 asperget
875 652 1077 720 septies
1109 650 1274 721 digito
1305 664 1425 703 suo.
1485 634 1824 703 Sacrificium
1882 646 2182 718 Unigeniti,

604 759 727 798 esse
755 742 972 813 quidem
1013 742 1131 810 ejus
1157 740 1338 794 carnis
1374 754 1471 809 per
1491 740 1745 793 virtutem
1796 754 1985 793 rursus
2044 736 2186 792 divi-

605 836 793 891 nitatis
811 835 950 904 ejus,
975 846 1029 888 et
1064 850 1161 904 per
1191 832 1600 902 beneplacitum
1649 830 1847 894 Patris,
1886 831 1951 885 ad
1992 831 2187 886 remis—

608 929 817 984 sionem
888 935 1233 997 peccatorum
1302 932 1634 988 nostrorum,
1709 932 1763 978 et
1826 924 2186 993 ereptionem,

606 1018 877 1087 simulque
911 1017 976 1071 ad
1010 1016 1211 1070 donum
1241 1014 1762 1070 subministrationis
1805 1013 2032 1083 spiritus
2061 1029 2187 1083 per-

608 1108 733 1180 agi,
784 1116 969 1177 aperte
1025 1122 1092 1161 ex
1153 1108 1238 1161 his
1270 1145 1287 1171 ,
1338 1122 1460 1176 qua:
1515 1122 1663 1160 nunc
1710 1105 1845 1159 dicit
1892 1104 2185 1175 legislator,

610 1200 1009 1253 manifestatur.
1044 1198 1253 1270 Digitus
1283 1199 1427 1253 enim
1460 1198 1727 1270 signiﬁcat
1766 1199 2023 1253 virtutem
2051 1198 2189 1253 divi-

608 1290 823 1355 nitatis;
859 1289 1004 1343 unde
1056 1290 1225 1344 David
1285 1289 1457 1344 dixit:
1517 1290 1779 1354 Quoniam
1809 1289 1990 1343 videbo
2040 1290 2189 1343 ctelos

610 1399 765 1451 opera
801 1385 1089 1452 digitorum
1129 1393 1357 1449 tuorum,
1391 1383 1593 1448 lunam,
1644 1394 1691 1436 et
1744 1383 1924 1436 stellas
1950 1400 2081 1453 quas
2134 1391 2192 1435 tu

610 1475 935 1544 fundasti“.
969 1473 1275 1544 Utrumque
1298 1490 1427 1545 ergo
1454 1474 1520 1529 ad
1555 1472 1855 1529 divinitatis
1892 1473 2193 1543 accipimus

608 1566 895 1633 virtutem,
924 1566 1146 1634 ipseque
1178 1564 1400 1635 sanguis
1440 1564 1595 1617 vituli
1650 1578 1817 1633 super
1871 1563 2193 1632 propitiato-

612 1654 753 1707 rium
807 1654 873 1707 ad
922 1654 1191 1707 orientem
1237 1652 1563 1723 aspergitur.
1620 1651 1700 1705 Ad
1753 1650 2193 1721 propitiationem

612 1747 760 1800 enim
822 1756 1088 1812 nostram,
1158 1746 1428 1815 simulque
1483 1745 1959 1812 illuminationem,
2013 1743 2193 1814 passio

613 1833 866 1887 salutaris
920 1842 1139 1903 peracta
1194 1842 1318 1887 est:
1378 1832 1523 1886 unde
1577 1832 1690 1902 ipsa
1754 1831 1938 1902 passio
1996 1833 2196 1887 dicitur

614 1927 1077 1996 pr0pitiatorium,
1127 1926 1268 1980 sicut
1306 1924 1620 1995 frequenter
1652 1924 2010 1980 ostendimus.
2045 1924 2191 1980 Dici-

614 2029 701 2073 tur
732 2028 912 2074 autem
945 2030 1000 2074 et
1020 2018 1241 2081 Oriens;
1272 2018 1347 2073 ait
1380 2021 1523 2073 enim
1553 2018 1621 2072 de
1656 2032 1720 2072 eo
1752 2018 2044 2072 Zacharias
2064 2016 2193 2071 Pro-

613 2112 810 2180 pheta:
850 2109 981 2162 Ecce
1010 2110 1109 2172 vir,
1157 2108 1344 2162 Oriens
1393 2124 1579 2161 nomen
1633 2107 1769 2176 ejus,
1818 2116 1865 2159 et
1911 2108 2087 2161 subter
2133 2122 2193 2160 eo

614 2205 902 2259 orietur".
946 2205 1035 2257 Ait
1062 2212 1242 2257 autem
1271 2211 1324 2256 ct
1369 2200 1661 2255 Zacharias
1711 2201 1982 2265 sacerdos,
2040 2208 2195 2270 pater

611 2292 873 2347 Joannis:
906 2290 970 2345 In
1015 2290 1200 2361 quibus
1248 2306 1339 2343 nos
1388 2289 1643 2353 uisitauit,
1684 2287 1891 2353 Oriens,
1942 2303 2007 2341 ea:
2061 2287 2192 2352 alto,

612 2383 926 2438 Illuminare
962 2383 1042 2435 his
1066 2382 1156 2452 qui
1183 2382 1237 2434 in
1292 2381 1511 2435 tenebris
1559 2382 1755 2446 sedent,
1811 2390 1859 2434 et
1902 2380 1956 2434 in
2007 2378 2194 2433 umbra

613 2474 889 2529 mortis”.
915 2472 1099 2527 Sedet
1140 2482 1330 2528 contra
1380 2473 1835 2543 pr0pitiatorium,
1887 2472 1942 2527 id
1998 2480 2080 2527 est
2139 2470 2194 2525 in

613 2573 912 2635 conspectu
951 2564 1143 2635 patris,
1174 2572 1425 2635 asperget
1469 2565 1692 2634 septies,
1736 2573 1795 2618 ut
1842 2572 1951 2618 tam
2003 2562 2195 2618 remis-

612 2659 827 2713 sionem
868 2666 1241 2728 peccatorum,
1275 2673 1437 2726 quam
1470 2655 1708 2726 Spiritus
1736 2656 1910 2712 sancti
1966 2656 2192 2719 donum,

614 2755 685 2810 de
742 2755 1031 2810 Dominico
1066 2753 1331 2825 sanguine
1366 2769 1536 2824 genus
1556 2753 1840 2807 hominum
1874 2751 2193 2822 susciperet.

613 2847 921 2917 Utrumque
975 2846 1124 2900 enim
1179 2845 1526 2916 septenarius
1586 2860 1851 2899 numerus
1904 2843 2195 2915 signiﬁcat,

612 2940 739 3008 quia
767 2938 1027 2992 videlicet
1057 2945 1264 3003 septem
1295 2946 1424 2989 sunt
1450 2935 1593 2989 dona
1648 2932 1904 3003 Spiritus,
1951 2941 2007 2987 et
2054 2932 2195 2986 idem

615 3045 880 3084 numerus
908 3035 1262 3098 peccatorum
1298 3025 1570 3097 signiﬁcat
1612 3025 2010 3079 remissionem.
2063 3023 2196 3078 Nam

614 3121 778 3175 l‘etro
828 3119 1107 3175 Christum
1160 3118 1551 3189 interrogante,
1588 3116 1648 3172 Si
1688 3117 1975 3187 peccaverit
2021 3117 2076 3169 in
2116 3130 2196 3169 me

613 3214 781 3285 frater
798 3228 962 3276 meus,
988 3212 1187 3283 quoties
1214 3211 1481 3264 dimittam
1509 3210 1575 3275 ei,
1599 3226 1759 3280 usque
1774 3209 2000 3279 septies?
2045 3208 2194 3265 Chri-

611 3316 723 3361 stus
751 3308 861 3360 ait:
895 3306 1015 3360 Non
1040 3306 1176 3370 dico,
1210 3306 1420 3375 septies,
1454 3304 1543 3356 sed
1574 3319 1734 3373 usque
1762 3303 2053 3373 septuagies
2078 3318 2197 3372 sep-

615 3399 790 3453 ties".
830 3398 1194 3468 llultiplicans
1224 3412 1518 3450 numerum
1561 3396 1954 3465 septenarium.

686 3488 848 3543 Vens.
896 3488 984 3541 15.
1047 3508 1065 3539 ι
1123 3488 1372 3557 Cumque
1430 3486 1751 3541 mactaverit
1825 3486 2036 3540 hircum
2098 3502 2196 3556 pro

614 3589 842 3651 peccato
870 3581 1079 3651 p0puli,
1113 3579 1311 3635 inferet
1335 3579 1655 3649 sanguinem
1681 3578 1800 3648 ejus
1822 3579 1961 3633 intra
1993 3578 2193 3644 velum,

615 3673 760 3726 sicut
796 3680 1131 3742 praeceptum
1162 3680 1246 3725 est
1273 3671 1340 3724 de
1365 3669 1629 3739 sanguine
1650 3669 1828 3734 vituli,
1865 3678 1922 3723 ut
1947 3677 2196 3739 aspergat

614 3782 645 3818 e
679 3763 899 3835 regione
929 3762 1153 3828 oraculi,
1179 3772 1234 3816 et
1255 3761 1437 3831 expiet
1470 3762 1839 3815 sanctuarium
1870 3761 1938 3816 ab
1961 3761 2196 3815 immun-

614 3856 762 3909 ditiis
792 3855 1025 3909 ﬁliorum
1046 3855 1209 3908 Israel
1252 3863 1307 3909 et
1334 3870 1365 3909 a
1396 3854 1935 3925 prazvaricationibus
1966 3870 2153 3909 eorum
2175 3893 2191 3921 ,

614 3946 934 4016 cunctisque
975 3948 1231 4017 peccatis.
1277 3966 1295 3999 ι

686 4039 1058 4093 Admirandus
1085 4050 1170 4094 est
1197 4039 1499 4111 legislator,
1541 4038 1814 4093 suilicicns
1844 4039 1911 4093 ad
1970 4028 2191 4109 ﬁguram

616 4132 881 4201 mysterii,
906 4132 1327 4201 nullatenusque
1356 4132 1841 4202 reprehendendus
1862 4144 1945 4187 est
1966 4133 2018 4186 in
2053 4134 2193 4186 mul-

618 4222 687 4274 tis
707 4220 899 4274 formis
926 4222 1283 4292 multipliccm
1333 4222 1829 4293 praeligurationem
1883 4223 2193 4277 necessarie

612 4313 882 4369 dividens.
928 4313 1063 4379 Quia
1093 4316 1239 4369 enim
1274 4314 1524 4370 Christus
1553 4315 1621 4370 de
1661 4315 1862 4369 ludatis
1892 4315 2191 4369 secundum

613 4420 858 4469 carnem,
893 4406 984 4475 qui
1020 4407 1120 4460 sub
1142 4408 1271 4477 jugo
1302 4407 1435 4477 legis
1463 4407 1716 4461 vivebant
1750 4415 1901 4459 ortus
1922 4413 2024 4470 est,
2046 4414 2191 4459 recte

612 4498 765 4552 vituli
800 4499 1127 4553 sacriﬁcium
1162 4499 1499 4555 nominatur.
1525 4499 1721 4571 [Legali
1762 4502 1908 4555 enim
1963 4500 2109 4570 jugo,
2138 4509 2193 4554 ct

612 4597 907 4665 pertinenti
950 4597 1017 4653 ad
1043 4613 1167 4651 eum
1225 4597 1553 4667 operationi,
1617 4606 1671 4652 et
1716 4597 1939 4668 justitiaz
1991 4596 2193 4650 vitulus

611 4698 979 4758 comparatur,
1035 4690 1226 4757 jugutn
1271 4699 1570 4744 consuetus
1624 4689 1863 4754 trahere,
1908 4697 2069 4758 atque
2117 4688 2192 4741 ita

611 4787 810 4834 terram
835 4783 1071 4851 operari.
1114 4783 1249 4848 Quia
1289 4791 1469 4836 autem
1503 4782 1803 4836 secundum
1834 4783 1979 4851 quod
2006 4783 2191 4835 incar-

610 4882 770 4927 natus
797 4882 935 4939 erat,
971 4875 1037 4929 de
1060 4876 1334 4929 communi
1355 4892 1533 4932 massa
1561 4877 1840 4932 hominum
1877 4876 2050 4931 factus
2074 4884 2179 4939 est,

610 4975 897 5033 propterea
931 4982 1121 5021 rursus
1144 4968 1329 5023 hircus
1374 4970 1697 5039 appellatur.
1745 4971 2015 5039 Asperum
2058 4984 2187 5039 ergo

610 5051 713 5106 hoc
736 5054 937 5107 animal
974 5056 1203 5124 pilorum
1264 5058 1644 5113 indumentum
1698 5042 2187 5131 geritbzasperum

609 5153 789 5197 autem
839 5156 1027 5216 utpote
1083 5158 1311 5217 peccato
1346 5151 1631 5218 refertum,
1673 5168 1835 5207 omne
1886 5153 2187 5207 viventium

2288 556 2448 610 nobis
2476 556 2744 624 primitias
2764 554 2925 610 Jesus
2955 557 3213 627 suscepit.
3251 557 3399 628 Ergo
3441 567 3499 610 ut
3527 556 3825 617 demonstra-

2290 656 2394 712 ret,
2449 647 2517 702 de
2572 645 2778 702 Judaais
2823 648 3199 719 principaliter
3254 650 3577 716 Christum,
3635 665 3826 726 propter

2289 739 2585 801 Abraham,
2616 739 2994 810 cognationem
3022 755 3166 806 esse,
3194 742 3286 796 sed
3315 752 3506 796 tamen
3536 746 3704 800 omnis
3748 762 3828 802 no-

2292 838 2427 885 strae
2455 838 2690 894 naturze,
2719 846 2841 899 qua:
2870 832 2925 885 in
2967 841 3192 901 peccato
3214 841 3294 887 est
3328 833 3601 902 primitias
3630 846 3829 906 portare,

2290 929 2516 991 propter
2543 919 2689 989 quod
2740 918 2911 973 Adam
2954 919 3260 989 appellatus
3290 929 3402 982 est,
3456 920 3677 976 vitulum
3704 923 3833 977 simul

2291 1021 2348 1067 et
2378 1011 2590 1066 hircum
2622 1010 2706 1065 lex
2750 1011 2817 1064 ad
2849 1012 3071 1080 ﬁguram
3116 1009 3369 1066 sacrificii
3407 1011 3531 1082 ejus
3562 1014 3830 1084 assumpsit.

2291 1103 2429 1158 Cum
2470 1111 2654 1158 autem
2714 1118 2885 1157 unum
2954 1104 3024 1158 sit
3077 1103 3438 1166 sacriﬁcium,
3485 1104 3601 1159 sive
3646 1105 3832 1171 vitulus,

2293 1196 2410 1251 sive
2445 1195 2635 1250 hircus
2662 1194 3004 1258 nominetur,
3027 1193 3366 1265 eﬁ‘cctusque
3389 1209 3537 1249 unus
3569 1194 3621 1247 in
3644 1204 3834 1266 utroque

2295 1289 2385 1353 sit,
2430 1297 2779 1358 peccatorum
2832 1289 2978 1343 enim
3021 1305 3085 1344 ex
3117 1305 3182 1345 eo
3224 1290 3547 1361 proﬁigatur
3585 1290 3834 1353 absolutio,

2297 1381 2611 1436 necessarie
2639 1381 2950 1435 communia
2979 1390 3105 1437 sunt
3140 1397 3228 1447 ea,
3254 1397 3381 1453 qua:
3436 1383 3491 1436 in
3524 1383 3671 1439 hirco
3697 1400 3837 1456 agun-

2299 1478 2410 1535 tur,
2456 1480 2512 1526 et
2568 1471 2760 1527 vitulo.
2812 1471 3008 1527 Cernis
3055 1473 3223 1539 enim,
3275 1474 3403 1544 quia
3454 1474 3617 1527 etiam
3663 1475 3835 1530 hircum

2297 1562 2724 1628 occidens,ante
2750 1562 3042 1619 Dominum
3078 1565 3332 1621 videlicet
3390 1573 3627 1635 patrem,
3655 1572 3705 1616 et
3737 1577 3837 1617 san-

2298 1650 2519 1721 guinem
2564 1650 2809 1708 inferens
2843 1652 2901 1707 in
2946 1652 3205 1709 interiora
3251 1654 3569 1720 velaminis,
3610 1655 3658 1711 id
3684 1665 3757 1711 est
3785 1657 3835 1709 ad

2300 1752 2533 1811 patrem.
2580 1741 2792 1799 Rursus
2852 1759 2981 1815 ergo
3036 1744 3184 1798 hunc
3243 1743 3484 1798 interius
3532 1744 3836 1816 intelligibilis

2226 1825 2268 1880 Β
2301 1831 2610 1897 velaminis,
2641 1833 2872 1887 visibilis
2908 1832 3162 1890 videlicet
3187 1831 3407 1888 Domini
3451 1835 3631 1891 carnis
3671 1836 3835 1891 intelli-

2291 1925 2393 1995 gis,
2426 1933 2614 1995 utpote
2647 1924 2971 1979 invisibilem
2996 1925 3237 1981 inferens
3255 1927 3582 1999 sanguinem
3605 1928 3836 2000 ejusintn

2292 2017 2493 2082 velum,
2521 2016 2662 2071 sicut
2698 2026 3030 2087 praeceptum
3058 2026 3161 2073 est.

2362 2110 2433 2164 Et
2471 2111 2535 2163 de
2558 2110 2815 2179 sanguine
2835 2110 2987 2163 vituli
3013 2121 3251 2181 asperget
3284 2112 3455 2183 digito
3486 2113 3669 2183 septies
3691 2124 3833 2167 contra

2294 2200 2735 2269 propitiatorium
2788 2200 2859 2252 ad
2912 2200 3184 2255 orientem.
3220 2199 3318 2256 Vel
3359 2203 3507 2258 sicut
3544 2202 3677 2258 LXX
3713 2221 3833 2272 super

2294 2293 2726 2361 propitiatorium
2786 2302 2910 2346 ante
2986 2294 3174 2363 faciem
3228 2296 3613 2365 propitiatorii.
3669 2294 3834 2350 Deinde

2294 2383 2423 2453 quid
2454 2383 2739 2453 sequitur?

2369 2474 2532 2530 Vens.
2576 2474 2663 2530 l6.
2704 2495 2723 2529 ι
2782 2477 2852 2532 Et
2881 2477 3067 2548 expiet
3114 2479 3491 2534 sanctuarium
3525 2478 3593 2534 ab
3634 2478 3831 2533 immun-

2296 2566 2446 2622 ditiis
2473 2567 2709 2623 ﬁliorum
2738 2568 2932 2635 Israel,
2960 2578 3017 2625 et
3040 2584 3070 2624 a
3101 2570 3641 2641 praevaricationibus
3659 2584 3827 2629 eorum.

2296 2660 2620 2730 cunctisque
2645 2662 2907 2731 peccatis.
2954 2681 2973 2714 ›

2369 2752 2601 2807 Videtur
2660 2752 2880 2823 quidem
2932 2754 3001 2809 de
3065 2754 3423 2811 tabernaculo
3477 2754 3684 2820 dicere,
3727 2752 3828 2809 dicit

2296 2854 2481 2900 autem
2507 2860 2616 2900 non
2643 2844 2712 2901 de
2750 2861 2815 2901 eo
2838 2845 2982 2915 quod
3025 2846 3213 2901 sensui
3245 2847 3517 2917 subiacet.
3544 2845 3675 2911 Quid
3714 2844 3827 2898 enim

2297 2937 2625 3007 expiationis
2658 2952 2757 2993 seu
2790 2937 3203 3009 propitiationis
3230 2939 3378 3009 ligna
3410 2936 3829 3010 egerinttquidvo

2306 3032 2478 3102 pelles
2494 3031 2581 3087 vel
2599 3031 2898 3101 reliqua,ex
2917 3032 3115 3103 quibus
3131 3033 3548 3088 tabernaculum
3563 3031 3826 3086 Iudaeorum

2297 3125 2443 3194 quod
2474 3124 2659 3179 sensui
2690 3124 3027 3195 subjacebat,
3060 3125 3374 3183 confectum
3406 3123 3673 3181 erat?Sed
3705 3137 3826 3194 gene-

2300 3217 2591 3280 ralitatem,
2611 3217 2727 3272 sive
2752 3226 2918 3274 totam
2941 3219 3073 3275 dicit
3096 3220 3379 3277 hominum
3398 3221 3651 3293 speciem.
3668 3220 3824 3276 Sancta

2297 3310 2445 3365 enim
2477 3310 2578 3365 fuit
2602 3312 2670 3367 ab
2696 3312 2857 3367 initio
2894 3329 3072 3369 massa
3114 3324 3324 3381 nostra,
3367 3316 3443 3371 ita
3493 3326 3552 3371 ut
3582 3314 3667 3369 Dei
3706 3313 3751 3367 in
3776 3328 3823 3367 ea

2298 3408 2570 3463 habitaret
2599 3408 2847 3478 spiritus.
2884 3408 3042 3474 Quod
3078 3408 3489 3466 demonstratur
3520 3425 3583 3466 ex
3609 3424 3688 3473 eo,
3712 3405 3822 3474 quod

2297 3499 2515 3553 auferre
2544 3498 2677 3553 illud
2706 3498 2951 3554 irascens
2975 3499 3215 3554 minatus
3246 3510 3332 3556 est
3374 3502 3538 3565 Deus,
3573 3497 3762 3569 quando
3781 3495 3821 3549 lii

2296 3590 2387 3658 qui
2443 3604 2509 3643 ex
2542 3588 2675 3644 Seth
2739 3589 3171 3655 descendebant,
3217 3605 3344 3646 cum
3396 3601 3577 3647 essent
3612 3588 3743 3661 justi,
3782 3595 3821 3639 et

2298 3681 2392 3735 ﬁlii
2420 3680 2513 3735 Dei
2544 3680 2974 3751 appellarentur,
3016 3681 3478 3752 concupiscentes
3511 3698 3599 3738 eas
3640 3695 3743 3750 qua:
3772 3693 3818 3730 ex

2297 3788 2360 3826 ea
2399 3772 2455 3826 in
2512 3783 2871 3844 posterosque
2904 3774 3024 3844 ejus
3074 3790 3173 3845 per
3216 3774 3615 3830 successionem
3666 3768 3817 3841 genitae

2296 3873 2444 3929 sunt,
2468 3879 2589 3934 qua:
2624 3874 2679 3919 et
2701 3864 2824 3920 ﬁlia:
2850 3865 3135 3921 hominum
3155 3866 3501 3931 dicebantur,
3533 3865 3682 3919 unius
3698 3875 3819 3932 grue.

2297 3958 2372 4012 ris
2412 3974 2537 4012 eum
2578 3958 2734 4013 malis
2778 3966 2835 4012 et
2878 3958 3078 4029 iniquis
3132 3948 3314 4013 eﬁ‘ecti
3342 3966 3491 4023 sunt,
3540 3955 3665 4010 dixit
3705 3950 3815 4005 enim

2297 4049 2375 4103 sic
2412 4067 2425 4103 :
2473 4050 2709 4104 Videntes
2738 4050 2837 4119 ﬁlii
2868 4050 2965 4104 Dei
3006 4050 3147 4119 ﬁlias
3191 4051 3484 4115 hominum,
3533 4046 3658 4118 quod
3690 4048 3816 4097 essent

2295 4141 2546 4209 pulchrre,
2579 4151 2887 4209 acceperunt
2914 4142 3013 4195 sibi
3035 4158 3220 4196 uxores
3245 4158 3309 4196 ex
3331 4142 3566 4195 omnibus
3601 4152 3714 4209 quas
3735 4133 3813 4187 ele-

2299 4245 2505 4304 gerunt,
2539 4244 2586 4288 et
2612 4235 2747 4287 dixit
2788 4233 3039 4287 Dominus
3076 4233 3245 4288 Deus:
3266 4234 3387 4287 Non
3414 4228 3711 4303 permanebit
3733 4222 3813 4287 spi-

2298 4328 2430 4381 ritus
2455 4344 2599 4381 nteus
2630 4328 2683 4380 in
2711 4327 2917 4380 homine
2962 4326 3018 4379 in
3062 4335 3339 4390 a'ternum,
3393 4326 3515 4395 quia
3548 4336 3659 4375 caro
3694 4310 3809 4369 est“.

2303 4420 2442 4491 Ergo
2466 4421 2512 4476 si
2545 4420 2825 4476 habitabat
2852 4419 3077 4490 spiritus
3113 4420 3205 4474 Dei
3238 4419 3294 4474 in
3330 4418 3550 4473 homine
3573 4418 3812 4479 anuequam

2224 4529 2271 4587 ο
2297 4528 2489 4568 omnes
2508 4513 2661 4583 sequi
2690 4512 2973 4582 passiones
3011 4512 3197 4566 carnis
3234 4511 3518 4582 inciperet,
3552 4511 3811 4583 sanctam-

2298 4604 2403 4658 rito
2436 4612 2553 4658 erat
2590 4604 2873 4657 hominum
2903 4618 3115 4657 massa:
3145 4617 3268 4656 nam
3291 4616 3392 4656 nec
3430 4597 3677 4672 primitias
3696 4606 3749 4646 ex
3763 4602 3812 4641 ea

2297 4696 2530 4750 Sanctus
2551 4704 2862 4749 sanctorum
2884 4704 3207 4749 assumeret.
3236 4693 3373 4759 Quia
3400 4702 3572 4748 autem
3592 4682 3809 4743 sordida“

2294 4796 2397 4853 est,
2432 4786 2668 4856 expiavit
2696 4801 2821 4840 eum
2867 4786 2937 4839 ab
2981 4785 3346 4840 immunditiis
3401 4785 3621 4839 ﬁliorum
3664 4768 3807 4830 lsrael-

2295 4877 2538 4932 Primum
2569 4877 2786 4947 quidem
2819 4877 3097 4932 sensibilis
3147 4878 3278 4947 ipsis
3307 4878 3429 4931 data
3460 4882 3540 4931 est
3570 4872 3665 4935 lex,
3711 4860 3806 4957 qui?

2298 4969 2620 5040 transgressi
2683 4977 2831 5033 sunt,
2900 4982 3024 5022 reos
3082 4968 3203 5023 illos
3248 4967 3551 5028 maledicto,
3588 4968 3636 5014 et
3683 4958 3803 5008 mor"

2295 5063 2603 5126 constituit,
2675 5070 2735 5116 ut
2804 5072 3092 5131 propterea
3174 5061 3537 5115 necessariam
3594 5047 3804 5139 haberet“

2296 5156 2685 5225 expiationem,
2718 5162 2772 5208 et
2808 5168 2908 5223 pro
2935 5153 3018 5207 eis
3069 5152 3291 5222 quidem
3322 5145 3669 5223 principaliter
3710 5147 3803 5189 um-

2222 3171 2264 3228 C

608 5252 804 5302 genus,
838 5240 965 5307 quia
1020 5240 1157 5293 nihil
1192 5251 1278 5295 est
1314 5253 1541 5311 peccato
1576 5245 1844 5314 asperius.
1888 5243 2041 5299 Unde
2082 5245 2186 5299 hoc
2211 5243 2246 5309 ξε
2297 5246 2463 5318 geniti
2502 5244 2816 5301 immolatur
2846 5243 3205 5300 sacriﬁcium:
3257 5243 3561 5299 immolatur
3593 5241 3741 5299 autem
3765 5230 3803 5275 ει

605 5329 910 5414 approbare
937 5339 1122 5401 aperte
1146 5332 1426 5403 plcgislator
1462 5334 1649 5389 volens
1691 5334 1898 5403 inquit:

678 5418 917 5491 Cumque
989 5423 1301 5476 mactaverit
1337 5424 1546 5477 hircum
1577 5441 1672 5493 pro
1726 5435 1938 5495 peccato
1979 5426 2180 5497 populi.

605 5505 805 5563 Totum
828 5509 917 5565 hic
942 5509 1251 5583 intelligens
1284 5513 1583 5568 humanum
1610 5531 1798 5587 genus,
1828 5518 1972 5587 quod
2007 5534 2155 5587 quon

600 5774 787 5834 dit-5!.

2286 5354 2387 5409 1)Γο
2437 5337 2696 5392 omnibus
2724 5336 3062 5401 hominibus,
3111 5336 3185 5391 ita
3239 5346 3299 5390 ut
3355 5334 3574 5404 Caiphas
3611 5322 3799 5379 diceret:

2286 5430 2500 5501 Oportet
2543 5441 2599 5484 ut
2632 5447 2768 5485 unus
2808 5432 2962 5484 homo
2993 5431 3258 5483 moriatur
3314 5445 3409 5497 pro
3444 5420 3634 5495 populo,
3660 5422 3699 5468 et
3724 5418 3801 5501 ξονι

2284 5496 2393 5575 tota
2436 5538 2557 5591 gens
2607 5531 2786 5590 pereat
2806 5522 2877 5579 ”.
2916 5521 3181 5591 Quodque
3227 5520 3432 5575 dictum
3474 5520 3597 5578 erat,
3644 5496 3798 5559 conﬁr-

672 5704 895 5789 'tul’sal,
927 5730 1044 5779 vm,
1078 5713 1133 5772 4.
1206 5715 1251 5748 ⁸⁵
1278 5713 1444 5771 Zach.
1486 5731 1556 5782 vt,
1597 5714 1681 5771 Η.
1760 5718 1806 5750 ⁸⁸
1828 5717 1959 5775 Luc.
1987 5736 2026 5787 ι,
2051 5720 2141 5775 78.

2292 5720 2476 5777 Matth.
2511 5736 2664 5787 xvnt,
2695 5722 2784 5787 21,
2820 5721 2912 5779 ‘22.
2990 5710 3192 5779 "Cen.
3231 5739 3305 5789 vr,
3348 5722 3449 5776 1-5.
3520 5719 3559 5751 "
3582 5713 3791 5771 1οπιοῒει
