4032 6416
158 386 284 445 997

160 582 424 637 addidit:
463 579 577 635 Hoc
610 590 785 635 autem
808 598 839 633 a
867 582 1142 649 semetipso
1170 596 1271 634 non
1336 579 1488 642 dixit,
1511 578 1601 631 sed
1644 592 1760 629 cum

157 684 313 728 esset
340 674 573 745 pontifex
606 674 734 726 anni
762 672 926 735 illius’,
979 672 1326 743 prophetavit,
1361 672 1484 740 quia
1542 670 1765 723 maritae

165 782 270 819 rus
305 766 445 819 esset
470 765 621 818 Jesus
649 780 744 834 pro
773 774 944 834 gente,
976 774 1023 817 et
1048 780 1151 818 non
1170 764 1339 817 solum
1362 779 1456 833 pro
1485 772 1654 833 gente,
1674 761 1764 815 sed

166 868 225 909 et
263 859 405 927 ﬁlios
442 858 558 921 Dei,
592 859 680 927 qui
710 857 934 925 dispersi
964 866 1114 910 erant
1146 857 1200 909 in
1228 872 1392 909 unum
1455 854 1719 924 colligeret
1747 870 1759 906 :

166 960 378 1021 gentes
422 950 695 1015 videlicet,
744 949 812 1003 de
860 949 991 1019 ipsis
1020 948 1165 1003 enim
1219 947 1485 1002 Dominus
1512 946 1761 1001 dicebat:

164 1044 369 1097 Habeo
398 1043 536 1096 enim
570 1041 706 1094 alias
729 1057 867 1104 oves,
900 1057 1015 1111 qua:
1046 1055 1150 1093 non
1176 1049 1296 1093 sunt
1326 1040 1391 1092 de
1417 1039 1512 1091 hoc
1543 1037 1685 1102 ovili,
1716 1046 1764 1091 et

166 1132 310 1185 illas
356 1141 553 1201 oportet
586 1146 667 1183 me
687 1130 930 1201 colligere
952 1130 1020 1185 9°.
1060 1128 1261 1199 Aperte
1294 1137 1478 1182 autem
1515 1127 1607 1180 ﬁlii
1646 1124 1763 1192 Dei,

164 1225 360 1279 multo
390 1224 559 1295 magis
588 1233 712 1277 sunt
750 1222 1023 1287 Israelitze,
1051 1222 1173 1293 quia
1193 1221 1360 1276 Israel
1385 1221 1577 1276 videns
1595 1220 1764 1275 Deum

168 1314 596 1385 interpretatur,
630 1323 684 1369 et
732 1314 1035 1369 secundum
1072 1313 1334 1367 rationem
1383 1326 1482 1383 pro
1521 1311 1765 1367 sensibili

168 1406 351 1461 Israel
392 1406 547 1462 Iesus
577 1405 906 1481 immolatus,
957 1406 1008 1460 id
1044 1414 1128 1461 est
1175 1404 1522 1469 sacriﬁcium,
1570 1414 1624 1459 et
1667 1420 1767 1476 pro

167 1501 336 1556 ontni
386 1500 627 1557 humano
664 1517 889 1573 genere,
934 1501 1001 1556 ad
1055 1500 1426 1572 expiationem
1467 1500 1767 1556 immundi-

170 1594 382 1649 tiarum
413 1604 724 1649 nostrarum
754 1593 971 1649 obtulit.
991 1592 1231 1660 Quarum
1264 1592 1769 1649 innuunditiarum?

169 1689 234 1742 Id
266 1697 356 1743 est
385 1703 415 1742 a
438 1687 986 1758 praevaricationibus
1016 1702 1232 1752 eorum,
1272 1686 1468 1757 inquit,
1525 1686 1768 1742 cunctis-

169 1797 289 1851 que
325 1781 585 1852 peccatis.
617 1780 830 1836 Animae
859 1779 1444 1851 quippeimmunditia,
1479 1795 1587 1835 non
1618 1795 1769 1834 mor-

174 1874 258 1929 tui
307 1873 556 1944 pollutio,
611 1889 720 1929 non
775 1874 1036 1944 porciuus
1091 1873 1267 1939 cibus,
1321 1889 1430 1927 non
1487 1872 1767 1943 quippiam

175 1967 331 2022 aliud
358 1967 558 2033 simile,
590 1968 687 2022 sed
724 1983 926 2023 nocere
954 1967 1205 2039 proximo
1233 1976 1337 2035 est,
1369 1976 1425 2022 et
1461 1981 1688 2037 peccare
1713 1966 1767 2021 in

179 2059 385 2123 Deum,
413 2060 501 2114 vel
532 2059 786 2114 mandata
808 2059 926 2114 Dei.

252 2154 418 2208 Juxta
454 2154 592 2207 hunc
624 2153 787 2207 ritum
840 2153 997 2224 faciet
1048 2152 1455 2206 tabernaculum
1484 2153 1769 2207 testimonii

184 2248 324 2314 quod
361 2244 523 2313 ﬁxum
557 2254 631 2297 est
653 2244 789 2298 inter
821 2260 925 2307 eos,
955 2244 1009 2297 in
1043 2244 1213 2297 medio
1230 2244 1451 2297 sortium
1483 2244 1768 2298 habitatio-

191 2340 275 2391 nis
304 2354 500 2392 eorum.
529 2337 727 2392 Nullus
754 2338 1025 2391 hominum
1059 2338 1127 2391 sit
1149 2339 1200 2390 in
1225 2336 1584 2402 tabernaculo,
1606 2352 1771 2407 quan-

192 2432 263 2483 do
293 2430 520 2501 pontifea:
557 2430 850 2500 ingreditur
875 2431 927 2482 in
964 2430 1351 2493 sanctuarium,
1397 2438 1451 2482 ut
1482 2439 1623 2500 roget
1674 2446 1769 2499 pro

189 2540 246 2577 se
273 2534 323 2576 et
372 2539 466 2592 pro
494 2524 649 2577 domo
696 2538 811 2586 sua,
845 2532 893 2576 et
946 2538 1042 2591 pro
1094 2522 1334 2575 universo
1392 2532 1523 2576 coetu
1574 2522 1765 2577 Israel.

186 2616 347 2682 Quod
401 2616 486 2670 lex
542 2616 798 2686 superius
838 2615 1133 2685 appellavit
1189 2625 1396 2681 sancta,
1445 2631 1572 2672 ecce
1620 2633 1769 2673 nunc

184 2705 598 2760 tabernaculum
662 2704 960 2759 testimonii
996 2704 1256 2774 appellat,
1290 2706 1436 2776 quod
1479 2704 1645 2759 ﬁxum
1685 2716 1770 2761 est

182 2798 334 2851 inter
372 2812 487 2862 eos,
551 2797 605 2850 in
667 2795 849 2851 medio
882 2796 1113 2851 sortium
1160 2795 1517 2851 habitationis
1554 2812 1764 2852 eorum.

182 2887 319 2943 Sive
354 2888 656 2943 secundum
690 2887 828 2942 LXX
869 2886 1197 2942 aediﬁcatum
1250 2888 1305 2941 in
1332 2889 1434 2951 eis,
1476 2888 1529 2943 in
1586 2888 1769 2945 medio

180 2980 662 3036 immunditiarum
712 2997 923 3037 eorum.
958 2979 1157 3035 Eadem
1211 2981 1416 3051 quippe
1457 2982 1684 3047 ratione,
1716 2990 1771 3036 et

177 3082 376 3128 sancta
405 3088 550 3137 esse,
613 3085 669 3128 et
707 3074 1001 3128 testimonii
1033 3072 1294 3144 appellari
1333 3074 1765 3140 tabernaculum,

1356 376 1438 439 IN
1479 374 1919 434 LEVITICUM.
1959 400 2026 413 -
2066 374 2214 433 LIB.
2260 377 2321 434 Υ.

160 506 341 547 man:
376 487 646 558 simulque
688 497 743 543 et
794 488 1072 561 corrigens
1124 488 1450 559 evangelista
1514 486 1774 548 Joannes,
1805 487 1849 541 A
1878 482 2161 537 bonum”.

1797 1834 1844 1894 B

2218 485 2387 539 Nemo
2447 486 2726 541 (ἓωίεὸῑεω
2787 488 3264 543 conversationem
3328 498 3461 545 tunc

1868 574 2219 645 sequebatur,
2250 592 2351 631 nec
2376 577 2593 648 dignam
2621 579 2831 635 caelesti
2853 580 3076 635 homine
3104 582 3456 652 sapientiam,

1869 666 2173 736 usquedum
2214 668 2265 721 in
2303 678 2492 726 sancto
2519 672 2753 741 propria:
2774 674 2957 729 carnis
2975 687 3185 744 rogaret
3218 688 3315 744 per
3330 689 3459 727 crn-

1867 772 2010 824 cem,
2041 767 2097 813 et
2127 774 2378 830 egressus
2400 771 2486 817 est
2511 777 2578 817 ex
2614 779 2679 819 ea
2730 764 2846 836 lege
2879 766 3187 820 communis
3232 765 3450 827 mortis,

1866 849 2126 904 emittens
2149 852 2747 921 spiritum,etcarncm
2788 858 3109 930 relinquens
3156 859 3211 913 in
3268 860 3460 929 sepul-

1867 953 2001 1003 cro,
2038 941 2185 1010 quod
2227 942 2348 1011 ejus
2402 944 2689 1001 evidenter
2739 949 2918 1004 exitus
2956 950 3288 1005 nominatur.
3351 950 3460 1005 Sed

1869 1048 1978 1088 non
2030 1036 2372 1105 generalitati
2427 1039 2673 1095 omnium
2728 1040 3013 1098 hominum
3072 1044 3277 1115 profuit
3345 1043 3455 1098 hoc

1866 1127 2011 1197 quod
2037 1143 2187 1182 nunc
2219 1138 2303 1183 est
2338 1133 2647 1201 expositum
2680 1135 3026 1191 sacrificium.
3056 1138 3246 1191 Nullus
3283 1137 3462 1191 homi-

1869 1234 2002 1273 num
2037 1219 2127 1286 sit,
2165 1220 2361 1291 inquit,
2421 1224 2474 1277 in
2511 1225 2884 1291 tabernaculo,
2937 1235 3155 1299 quando
3204 1229 3457 1284 Pontifex

1870 1310 2178 1383 ingreditur
2212 1316 2265 1368 iu
2296 1320 2671 1373 sanctuarium
2697 1329 2756 1374 ut
2785 1331 2957 1391 roget.
2994 1323 3157 1393 Atqui
3196 1322 3249 1376 in
3285 1323 3460 1377 sacri-

1870 1403 1996 1460 ﬁcio
2031 1406 2177 1476 quod
2224 1416 2310 1463 cst
2358 1410 2661 1465 secundum
2699 1412 2955 1480 litteram,
3012 1416 3161 1470 solus
3216 1430 3462 1487 praesens

1870 1508 2017 1553 esset
2046 1499 2279 1569 p0pulus
2315 1499 2653 1558 Judmorum.
2684 1501 2799 1557 Non
2825 1516 3007 1560 autem
3066 1506 3245 1560 omnis
3296 1504 3460 1560 homo

1870 1591 1939 1646 de
1974 1592 2331 1647 tabernacqu
2382 1596 2683 1649 secundum
2730 1605 2947 1667 tempus
2990 1598 3263 1661 sacriﬁcii,
3313 1598 3460 1668 quod

1872 1699 2020 1740 nunc
2047 1683 2255 1738 dictum
2284 1692 2387 1746 est,
2412 1686 2839 1741 excluderetur:
2866 1689 2962 1742 sed
2979 1690 3265 1759 signiﬁcat,
3295 1704 3460 1744 omne

1874 1776 2162 1831 hominum
2189 1792 2381 1848 genus,
2414 1787 2633 1833 terrena
2659 1795 2807 1835 nunc
2846 1796 3057 1850 sapere,
3110 1790 3166 1835 et
3218 1782 3271 1835 iu
3331 1798 3462 1851 pec-

1875 1868 2012 1923 catis
2037 1884 2180 1933 essc,
2208 1885 2272 1923 ac
2308 1879 2599 1940 propterea
2645 1870 2700 1925 in
2734 1870 3061 1943 intelligibili
3107 1871 3461 1927 tabernaculo

1872 1963 2174 2018 testimonii
2212 1974 2359 2019 recte
2390 1979 2498 2018 non
2527 1964 2784 2020 inveniri.

1944 2054 2107 2111 Vens.
2145 2055 2350 2119 18,19.
2391 2076 2408 2107 ι
2445 2056 2585 2111 Cum
2646 2068 2831 2112 autem
2902 2055 3098 2112 exierit
3146 2056 3213 2111 ad
3265 2055 3461 2122 altare,

1871 2149 2020 2218 quod
2053 2163 2238 2204 coram
2292 2148 2525 2204 Domino
2554 2158 2639 2204 est
2672 2159 2792 2204 oret
2829 2164 2929 2219 pro
2974 2163 3034 2203 se
3072 2157 3126 2203 et
3180 2156 3457 2216 sumptum

1869 2242 2198 2313 sanguinem
2251 2243 2409 2297 vituli
2446 2253 2610 2313 atque
2657 2243 2793 2297 hirci
2820 2242 3015 2298 fundat
3054 2258 3220 2313 super
3251 2257 3458 2297 cornua

1869 2333 1993 2401 ejus
2014 2348 2113 2401 per
2141 2348 2354 2403 gyrum,
2390 2349 2765 2405 spargensque
2788 2334 2958 2405 digito
2988 2335 3213 2404 septies,
3246 2333 3454 2403 expiet,

1871 2420 2292 2490 sanctiﬁcetque
2391 2420 2524 2475 illud
2615 2421 2685 2474 ab
2777 2421 3143 2476 immunditiis
3226 2420 3457 2475 liliorum

1870 2513 2059 2567 Israel.
2110 2530 2129 2565 ι

1940 2605 2078 2671 Quia
2116 2621 2238 2676 qua:
2278 2604 2457 2673 vituli,
2480 2614 2538 2662 et
2568 2605 2707 2661 hirci
2735 2614 2942 2672 essent,
2977 2606 3110 2663 satis
3143 2606 3198 2661 itt
3228 2606 3313 2661 his
3338 2622 3461 2677 qua:

1870 2698 2028 2753 dicta'
2056 2708 2207 2762 sunt,
2234 2699 2587 2768 explanatum
2618 2706 2722 2753 est.
2774 2696 2951 2753 Simul
2999 2700 3145 2753 enim
3175 2702 3463 2769 utriusque

1870 2809 2097 2849 sumens
2147 2796 2495 2865 sanguinem,
2555 2809 2835 2865 unumque
2895 2794 3028 2850 illud
3085 2795 3463 2867 conjunctioni

1869 2885 2279 2952 demonstrans,
2324 2902 2491 2956 super
2524 2902 2731 2941 cornua
2757 2886 2947 2959 altaris
2982 2888 3158 2958 ponit,
3187 2902 3285 2942 seu
3331 2887 3462 2942 fun-

1871 2978 1971 3033 dit.
2025 2977 2136 3032 Sed
2193 2977 2322 3048 quid
2379 2977 2533 3049 agit?
2604 2976 2959 3047 Quaecunque
3017 2977 3260 3049 mysterii
3322 2979 3459 3033 ordo

1872 3070 2059 3142 exigit,
2089 3079 2145 3125 et
2171 3070 2578 3139 Consequentia:
2602 3069 2719 3124 vult
2753 3069 2943 3141 ﬁgura,
2968 3086 3130 3140 quam
3161 3086 3285 3125 cum
3307 3072 3461 3125 omni

179 3181 370 3223 massa
404 3174 586 3222 nostra
613 3174 810 3237 potest.
872 3165 926 3221 Si
957 3166 1104 3221 enim
1162 3167 1571 3222 tabernaculum
1609 3169 1763 3224 testi-
1790 3178 1835 3237 α
1871 3162 2181 3218 subtilitate
2211 3162 2491 3233 legislator
2513 3162 2731 3232 scripsit
2755 3171 2943 3232 postea
2968 3170 3221 3217 nostrum
3271 3178 3464 3234 egres-

177 3257 359 3313 monii
416 3258 613 3313 cmlum
674 3258 941 3325 diximus,
1000 3268 1149 3313 recte
1206 3268 1394 3315 sancta
1451 3262 1768 3317 nominatur

176 3351 428 3407 scelestis
454 3360 642 3406 noster
664 3350 849 3412 homo,
876 3351 945 3406 de
975 3367 1084 3422 quo
1111 3352 1189 3406 ait
1211 3350 1441 3407 Paulus:
1479 3352 1625 3407 Sicut
1648 3372 1771 3424 por-

177 3447 417 3501 tavimus
472 3446 754 3515 intaginem
800 3445 1014 3508 terreni,
1064 3454 1329 3513 portemus
1381 3454 1431 3499 et
1483 3446 1769 3517 imaginem

177 3537 489 3592 calatis".
529 3536 771 3592 Rursus:
808 3536 865 3592 Si
897 3537 1158 3591 terrestris
1182 3538 1368 3591 domus
1397 3549 1575 3601 nostra
1613 3540 1769 3609 hujus

177 3632 527 3685 habitationis
552 3630 890 3695 dissolvatur,
924 3630 1175 3685 habemus
1201 3632 1605 3701 aediﬁcationem
1652 3650 1769 3703 qua:

180 3737 251 3775 ea:
287 3721 395 3776 Deo
427 3731 523 3787 est,
571 3723 784 3776 domum
835 3737 938 3775 non
968 3737 1129 3775 manu
1172 3724 1390 3793 factam,
1439 3734 1690 3779 a'ternam
1715 3725 1771 3778 in

181 3813 328 3868 caelis
345 3816 412 3868 ’³.
441 3813 608 3869 Recte
631 3830 760 3886 ergo
794 3823 1046 3868 sanctum
1084 3816 1422 3880 nominatur,
1452 3817 1576 3886 quia
1602 3817 1772 3872 :edill-

180 3918 344 3960 catus
376 3907 541 3961 estin
570 3906 747 3962 nobis.
782 3907 1023 3960 Primum
1059 3908 1196 3962 enim
1228 3910 1474 3979 formavit
1517 3909 1771 3964 Dominus

183 3999 331 4052 Deus
355 4000 419 4052 de
447 3999 658 4067 pulvere
690 4010 844 4054 terra:
873 4002 1159 4067 hominem,
1184 4013 1231 4057 et
1263 4014 1386 4057 tunc
1411 4004 1693 4073 insufflauit
1716 4005 1770 4057 in

183 4090 375 4159 facient
397 4090 512 4158 ejus
534 4091 780 4159 spiritum
810 4091 1008 4146 vitat”.
1045 4090 1143 4147 llic
1170 4101 1255 4146 est
1276 4108 1405 4160 ergo
1432 4102 1621 4147 noster
1658 4107 1772 4147 ca:-

185 4182 344 4237 lestis
383 4182 569 4246 homo,
605 4182 699 4252 qui
734 4184 789 4236 in
826 4184 1010 4238 medio
1050 4184 1518 4238 immunditiarum
1552 4192 1773 4239 nostra-

186 4290 312 4328 rum
344 4281 450 4339 est,
479 4274 572 4344 qui
605 4274 768 4329 etiam
802 4276 1151 4345 passionibus
1178 4278 1358 4331 carnis
1403 4287 1769 4349 oppugnatur,

188 4364 493 4418 secundum
536 4366 681 4435 quod
731 4366 932 4421 Paulus
983 4368 1154 4422 dixit:
1208 4368 1359 4422 Video
1414 4370 1553 4423 enim
1606 4369 1773 4423 aliam

188 4456 357 4527 legem
374 4458 428 4511 in
445 4459 689 4513 membris
711 4460 859 4524 meis,
883 4470 1259 4530 repugnantem
1288 4460 1387 4531 legi
1414 4461 1599 4514 mentis
1621 4478 1771 4527 meae,

1869 3273 1992 3312 sum
2047 3257 2117 3313 ad
2175 3257 2367 3323 altare,
2439 3256 2584 3327 quod
2642 3265 2729 3311 est
2780 3272 2966 3310 coram
3011 3255 3262 3310 Domino.
3323 3255 3467 3310 Dicit

1869 3360 2052 3404 autem
2084 3366 2233 3417 cum,
2263 3350 2358 3420 qui
2389 3358 2473 3405 est
2506 3348 2897 3421 thymiamatis,
2922 3350 3070 3419 quod
3119 3363 3243 3403 esse
3274 3348 3463 3402 sedem

1869 3444 2167 3499 Cherubim
2196 3444 2558 3506 ostendimus,
2616 3460 2743 3499 cum
2804 3459 2969 3498 carne
3021 3442 3349 3507 ascendens,
3406 3451 3466 3497 et

1870 3542 2115 3587 nostram
2153 3532 2208 3586 in
2264 3548 2330 3586 eo
2361 3532 2733 3601 captivitatem
2781 3532 3108 3597 sublevavit,
3153 3531 3317 3585 simul
3361 3546 3465 3585 nos

1870 3626 2165 3690 suscitans,
2189 3634 2244 3680 et
2272 3626 2468 3680 sedere
2491 3624 2701 3679 faciens
2739 3625 2791 3677 in
2816 3625 3005 3679 dextra
3034 3623 3088 3678 in
3121 3623 3461 3679 cmlcstibus.

1870 3720 1937 3775 Et
1965 3728 2243 3790 sumptum
2285 3719 2611 3793 sanguinem
2654 3718 2890 3773 ell‘uudit
2911 3733 3077 3788 super
3103 3731 3311 3771 cornua
3344 3716 3465 3785 ejus

1872 3828 1971 3883 per
1997 3826 2206 3884 gyrum,
2235 3825 2645 3883 aspergensque
2681 3809 2852 3882 digito
2908 3809 3133 3881 septies,
3171 3809 3355 3879 expiet
3410 3817 3467 3861 et

1872 3904 2178 3960 sanctiﬁcet
2245 3904 2378 3959 illud
2436 3904 2507 3959 ab
2565 3902 2935 3957 immunditiis
2986 3902 3222 3956 ﬁliorutu
3274 3900 3463 3956 IsraeI.

1873 3997 2009 4064 Quia
2047 3996 2268 4067 propria
2308 3998 2564 4067 passione
2595 4012 2704 4051 non
2749 3996 2925 4050 solum
2961 4009 3166 4050 cornua
3196 3993 3335 4063 ejus,
3372 3992 3466 4062 qui

1874 4098 1961 4143 est
1985 4090 2039 4143 in
2074 4090 2214 4145 caelo
2240 4090 2450 4150 altaris.
2486 4091 2720 4145 virtutes
2773 4090 2986 4145 scilicet
3038 4090 3365 4160 prtccipuas,
3411 4097 3465 4142 et

1874 4183 2179 4255 generales,
2210 4184 2558 4253 sapientiam,
2594 4184 3006 4248 fortitudinem,
3035 4182 3299 4252 justitiam
3326 4223 3340 4246 ,
3372 4196 3467 4235 ca-

1876 4274 2123 4328 stitatem
2158 4274 2545 4329 sauctiﬁcavit:
2579 4290 2699 4344 quae.
2744 4289 2951 4329 cornua
2990 4272 3288 4327 Cherubim
3322 4282 3467 4326 recte

1877 4375 2029 4433 sunt,
2096 4367 2296 4438 ﬁguras
2350 4368 2499 4422 enim
2558 4383 2749 4424 eorum
2806 4367 3034 4423 cmleste
3089 4366 3195 4420 hoc
3260 4364 3464 4419 animal

1879 4460 2064 4526 habet,
2098 4462 2155 4515 in
2194 4478 2543 4532 personaquc
2579 4461 2820 4517 hominis
2849 4473 2907 4515 et
2935 4459 3109 4515 leonis
3139 4467 3192 4513 et
3222 4457 3377 4511 vituli
3413 4464 3463 4509 et

185 4557 234 4602 et
260 4549 531 4616 captivum
561 4566 643 4603 me
669 4551 939 4603 ducentem
970 4550 1025 4602 in
1059 4550 1169 4620 lege
1214 4551 1432 4620 peccati,
1466 4567 1583 4616 quw
1612 4561 1685 4605 est
1719 4553 1774 4606 in
1807 4555 1850 4614 D
1878 4554 2074 4625 aquila:
2110 4556 2268 4626 gerit,
2316 4554 2600 4625 sapientia:
2626 4555 2846 4623 quidem
2878 4553 2931 4606 iu
2974 4566 3211 4621 persona
3267 4549 3465 4611 leonis,

185 4640 438 4695 membris
461 4641 677 4696 meis“.
707 4640 938 4712 Propter
958 4644 1107 4713 quod
1131 4642 1295 4698 nimis
1325 4643 1411 4699 lex
1442 4659 1777 4715 consequen-

184 4744 267 4788 ter
288 4733 537 4788 subdidit
564 4749 579 4786 :

255 4822 423 4877 \‘zas.
459 4822 546 4877 I7.
580 4840 599 4873 ι
636 4821 829 4877 Nullus
859 4822 1024 4878 homo
1049 4823 1119 4879 sit
1157 4824 1209 4879 in
1239 4825 1591 4881 tabernaculo
1623 4827 1775 4883 testi-

183 4913 383 4979 ntonii,
404 4910 626 4984 quando
653 4915 896 4985 pontifex
930 4916 1239 4987 ingreditur
1269 4926 1330 4973 ut
1371 4931 1520 4991 roget
1552 4937 1654 4991 pro
1694 4938 1775 4989 se,

183 5018 236 5063 et
266 5021 371 5077 pro
405 5007 572 5061 domo
593 5022 711 5073 sua,
731 5019 788 5063 et
807 5026 903 5080 pro
934 5010 1193 5066 universo
1216 5020 1360 5067 ccetu
1386 5010 1569 5069 Israel.
1610 5032 1628 5066 ι

254 5102 492 5167 Quando
519 5104 667 5158 enim
688 5102 941 5159 Christus
990 5105 1296 5177 ingreditur
1326 5105 1380 5161 in
1414 5116 1685 5174 sanctum,
1722 5109 1775 5164 id

182 5205 290 5260 est,
327 5194 550 5265 quando
568 5196 978 5260 incarnahatur,
999 5198 1277 5253 cwlestem
1308 5198 1585 5256 hominem
1615 5210 1777 5271 atque

182 5299 250 5339 ex
286 5284 450 5341 nobis
479 5285 751 5356 primitias
777 5288 1054 5353 sumebat,
1090 5280 1249 5343 tteuto
1269 5298 1387 5344 erat
1418 5290 1473 5344 in
1522 5291 1779 5362 intelligi-

186 5378 282 5432 bili
318 5378 676 5435 tabernaculo
700 5379 1022 5443 testimonii,
1048 5395 1151 5437 nec
1172 5382 1389 5453 gentilis
1412 5398 1516 5437 nec
1540 5382 1774 5437 circum-

184 5469 356 5533 cisus,
390 5486 494 5526 nec
526 5470 713 5535 levita,
749 5486 854 5529 nec
875 5474 1146 5536 sacerdos,
1179 5474 1305 5543 quia
1341 5491 1515 5529 omnes
1536 5475 1771 5529 declina-

188 5571 397 5627 verunt,
428 5564 590 5618 simul
639 5563 852 5622 inutiles
885 5564 1016 5635 facti
1054 5575 1198 5630 sunt,
1235 5582 1337 5622 non
1359 5577 1439 5621 est
1491 5569 1579 5635 qui
1607 5567 1772 5639 faciat

262 5762 311 5833 ff
333 5761 490 5817 Joan.
516 5763 693 5833 x,7ld.
770 5764 815 5798 ⁹¹
850 5764 867 5819 l
900 5763 1027 5821 Cor.
1088 5780 1179 5833 xv,
1212 5768 1300 5823 49.

193 5832 240 5864 ³³
269 5832 435 5891 Hebr.
470 5848 545 5900 ιχ,
569 5832 659 5889 25.

1379 5768 1424 5798 "
1460 5765 1501 5821 ll
1538 5766 1661 5823 Cor.
1699 5783 1752 5831 v,
1782 5766 1831 5822 I.

1872 4646 2103 4718 iustitiae
2162 4648 2219 4701 in
2284 4662 2518 4717 persona
2577 4646 2756 4710 vituli,
2799 4644 3068 4699 castitatis
3115 4642 3170 4695 in
3233 4655 3466 4710 persona

1873 4742 2099 4811 aquila:
2130 4741 2197 4795 de
2234 4740 2435 4811 quibus
2475 4740 2691 4810 plenius
2738 4739 2790 4791 in
2834 4737 3120 4808 propheta:
3164 4732 3467 4788 Ezechielis

1875 4833 2329 4903 interpretatione
2361 4832 2489 4887 olim
2519 4832 2893 4902 exposuimus.

1950 4924 2138 4994 Expiet
2168 4924 2531 4991 ctsanctiﬁcet
2562 4922 2697 4976 illud
2731 4922 2795 4975 ab
2833 4919 3189 4975 immunditiis
3233 4916 3465 4987 filiorum

1876 5018 2068 5073 Israel.
2093 5016 2300 5073 Christi
2343 5017 2489 5070 enim
2531 5016 2802 5072 sacriﬁcio
2847 5016 3141 5086 expiantur
3193 5023 3248 5067 et
3300 5010 3466 5065 caele-

1878 5111 1982 5166 stia
2005 5112 2074 5174 ⁸⁸,
2102 5110 2175 5164 ita
2207 5120 2265 5165 ut
2296 5110 2499 5165 Paulus
2532 5108 2773 5163 diceret:
2802 5107 3165 5163 dill'erentiam
3214 5104 3465 5176 legalium

1877 5199 2294 5262 sacriﬁciorum,
2342 5211 2397 5254 et
2445 5197 2712 5270 unigeniti
2774 5197 3066 5253 ostendere
3101 5194 3290 5250 volens
3328 5207 3466 5247 :ne-

1878 5307 2035 5346 cesse
2064 5300 2151 5346 est
2187 5282 2318 5367 ergo
2359 5289 2691 5359 exemplaria
2726 5289 3029 5344 t'wlestium
3065 5287 3152 5342 his
3191 5283 3464 5345 mundari,

1880 5384 1998 5455 ipsa
2036 5392 2221 5439 autem
2251 5382 2500 5439 caelestia
2552 5382 2857 5453 majoribus
2904 5380 3098 5437 hostiis
3130 5392 3292 5449 quam
3323 5375 3463 5430 istis.

1882 5472 1989 5528 Sed
2052 5472 2211 5542 cujus
2271 5472 2351 5526 rei
2408 5471 2578 5542 gratia
2635 5470 2945 5541 expiatione
3002 5482 3142 5539 opus
3190 5465 3466 5521 habebant

1882 5566 2130 5624 cwlestia
2162 5564 2436 5637 legislator
2466 5564 2726 5631 ostendit,
2757 5564 2976 5620 dicens:

1909 5766 1956 5800 "
1979 5765 2117 5822 Gen.
2186 5782 2246 5832 ιι,
2281 5767 2331 5821 7.
2408 5766 2452 5799 "
2478 5764 2640 5821 Rom.
2697 5780 2792 5833 vn,
2826 5764 2915 5820 ‘25.
2992 5763 3036 5795 9'
3064 5760 3206 5817 Psal.
3260 5774 3379 5829 xm,
3406 5758 3461 5816 ὅ.

3472 5899 3501 5947 ι
