3928 6438
550 400 657 467 999

1743 387 2105 447 HESYCHII
2139 382 2613 446 PRESBYTER!

3661 378 3767 443 1000

616 512 809 582 Expiet
847 507 1243 577 sanctiﬁcetque
1272 503 1404 557 illud
1430 501 1865 554 abimmunditiis
1897 501 2132 569 filiorum
2162 506 2205 562 Α
2236 498 2434 552 emittit
2473 512 2597 551 eum
2654 510 2749 564 per
2781 494 3056 556 hominem
3114 502 3368 565 paratum
3402 491 3456 546 in
3515 491 3769 550 desertum.

547 603 737 660 Israel.
768 599 1045 667 Quantum
1062 596 1282 666 quidem
1327 594 1393 648 ad
1424 592 1687 647 caelorum
1717 592 1970 656 virtutes,
2012 604 2123 644 non

547 706 770 748 necesse
799 698 917 744 erat
944 688 1199 758 quaelibet
1242 684 1504 754 expiatio,
1535 683 1664 752 quia
1715 683 1770 736 in
1817 681 2124 736 sanctiﬁca-

548 788 697 841 tione
723 784 980 840 continua
1011 786 1434 835 conversantur:
1481 777 1574 830 sed
1619 775 1745 845 quia
1774 775 2032 843 frequens
2059 774 2125 829 ad

546 881 714 937 cados
762 885 1079 932 nostrorum
1115 881 1464 942 peccatorum
1511 868 1760 923 ascendit
1807 866 2009 931 fumus,
2060 868 2128 920 de

545 990 654 1043 quo
685 969 1039 1027 dixitDavid:
1076 966 1319 1019 Ascendit
1356 966 1528 1035 fumus
1550 964 1605 1015 in
1632 963 1715 1015 ira
1757 960 1891 1031 ejus,
1923 972 1967 1013 et
1994 961 2127 1029 ignis

547 1067 684 1137 facie
710 1065 823 1133 ejus
854 1059 1244 1115 exardescit”:
1282 1058 1353 1111 ita
1386 1067 1443 1111 ιιι
1479 1057 1624 1111 Deus
1652 1054 1720 1110 ad
1760 1056 1954 1109 Jonam
1985 1054 2127 1109 dice-

546 1166 665 1211 ret:
711 1155 849 1207 Vade
880 1158 949 1206 ad
989 1153 1217 1205 Niniven
1248 1151 1516 1203 civitatem
1572 1165 1841 1220 magnam,
1895 1156 1943 1201 et
1989 1162 2123 1216 pra:-

545 1248 666 1300 dica
697 1247 832 1297 inea
876 1245 1308 1313 pra’dicationent
1365 1257 1520 1312 quam
1562 1256 1654 1311 ego
1715 1241 1899 1309 loquor
1940 1240 2009 1292 ad
2057 1249 2124 1302 te,

544 1340 672 1407 quia
733 1336 939 1390 malitia
964 1336 1077 1404 ejus
1118 1335 1352 1388 ascendit
1406 1349 1583 1386 coram
1634 1333 1793 1384 nte“.
1826 1332 1891 1385 Et
1940 1346 2130 1384 rursus

546 1430 616 1483 ad
677 1429 950 1483 Abraham
1005 1428 1073 1481 de
1123 1426 1407 1480 Sodomis:
1470 1425 1815 1487 Descendunt,
1851 1433 1899 1477 et
1947 1422 2129 1476 videbo

546 1530 725 1573 utrum
756 1519 1065 1575 clamorem.
1095 1518 1183 1587 qui
1225 1518 1360 1570 venit
1388 1517 1457 1569 ad
1514 1532 1614 1580 me,
1649 1531 1803 1583 opere
1842 1514 2130 1583 compleve-

546 1612 672 1676 rint,
700 1628 771 1664 an
810 1611 991 1663 non”.
1022 1610 1190 1663 Recte
1239 1609 1307 1662 dc
1352 1607 1555 1661 nostris
1589 1606 1950 1661 immunditiis
2007 1621 2133 1661 san-

545 1703 770 1763 ctiﬁcat.
803 1712 857 1756 et
888 1702 1067 1769 expiat
1114 1716 1277 1769 super
1327 1715 1427 1753 nos
1452 1702 1668 1763 choros,
1703 1707 1761 1752 ut
1805 1697 2021 1753 auferat
2066 1712 2131 1751 ex

547 1797 629 1850 eis
680 1797 1128 1849 circumstantem
1184 1792 1714 1859 abominabilemque
1782 1792 2028 1849 odorem.
2077 1800 2132 1845 et

548 1887 927 1958 gloriationem
965 1886 1175 1949 falsam,
1207 1900 1366 1954 quam
1397 1892 1586 1939 contra
1617 1899 1711 1938 eos
1750 1884 2128 1953 deposuimus.

549 1984 842 2050 Propterea
870 1996 979 2033 non
1011 1979 1333 2048 simpliciter
1367 1986 1638 2049 asperget,
1662 1978 1757 2032 sed
1806 1979 2029 2048 septies,
2073 1987 2131 2032 ut

548 2072 822 2142 intelligas
880 2071 1098 2124 veniam
1158 2078 1509 2140 peccatorum
1573 2080 1926 2134 nostrorum,
1990 2070 2131 2124 hanc

546 2165 697 2219 enim
728 2164 1077 2233 septenarius
1121 2178 1384 2216 numerus
1438 2162 1651 2233 ﬁgurat.
1702 2162 1843 2217 Loca
1889 2162 2129 2218 cmleslia

549 2254 886 2306 mundantur
915 2252 1267 2306 abnminabili
1300 2252 1490 2317 odore,
1522 2261 1577 2307 et
1608 2253 1932 2323 gloriatione
1968 2269 2130 2323 quam

546 2341 932 2409 deposuimus:
964 2340 1127 2409 hujus
1158 2340 1303 2393 enim
1341 2342 1419 2393 rei
1441 2356 1627 2399 causa.
1660 2340 1810 2409 prius
1848 2342 2129 2395 inimicitia

544 2450 573 2486 a
606 2433 784 2496 nobis,
810 2444 1000 2488 contra
1026 2449 1088 2488 ea
1129 2449 1249 2504 qua:
1280 2442 1406 2488 sunt
1457 2434 1513 2487 in
1552 2434 1889 2498 ctelestibus,
1944 2446 2130 2489 exorta

542 2532 645 2579 est.

614 2636 775 2692 Vens.
798 2638 889 2692 20.
926 2658 945 2689 ι
972 2636 1266 2706 Postquam
1288 2639 1676 2716 ’emundaverit
1726 2639 2127 2694 sanctuarium:

544 2738 599 2783 et
632 2731 1060 2793 tabernaculum,
1090 2740 1144 2784 et
1171 2730 1357 2783 altare.
1401 2748 1419 2781 ι

618 2819 714 2874 Vel
739 2821 881 2874 sicut
913 2820 1075 2874 LXX.
1132 2820 1459 2891 Deﬁnietque
1494 2838 1719 2875 exorans
1766 2832 2028 2887 sanctum,
2080 2832 2129 2876 et

545 2911 945 2965 tabernaculum
970 2912 1273 2974 testimonii,
1314 2922 1361 2965 et
1386 2912 1662 2977 altarium,
1693 2924 1739 2967 et
1761 2931 1853 2983 pro
1882 2915 2131 2968 sacerdo-

546 3003 683 3055 tibus
707 3004 974 3072 purgavit.
1015 3003 1330 3057 Secundum
1360 3019 1596 3072 quorum
1630 3005 1950 3069 editionem,
1984 3016 2130 3062 recte

546 3093 635 3147 Rex
668 3094 943 3164 praecipue
985 3095 1302 3147 memoriam
1357 3095 1700 3148 sacerdotum
1758 3097 1906 3157 fecit,
1959 3107 2018 3151 ut
2075 3098 2129 3152 in

548 3183 810 3238 omnibus
840 3184 1010 3254 ﬁgura
1036 3184 1289 3239 sacriﬁcii
1320 3184 1586 3255 unigeniti
1636 3186 1956 3241 salvaretur.
1992 3186 2128 3253 Quia

546 3274 695 3328 enim
732 3290 760 3328 a
812 3274 1034 3329 Christo
1083 3274 1449 3329 sacerdotium
1495 3275 1697 3329 chorus
1749 3276 2136 3347 Apostolorum

548 3367 779 3421 sortitus
810 3378 913 3430 est,
947 3367 1039 3437 qui
1091 3377 1145 3423 et
1172 3382 1297 3438 pars
1331 3376 1450 3422 erat
1483 3368 1709 3423 humani
1760 3370 1997 3438 generis,
2036 3383 2137 3440 pro

546 3475 658 3528 quo
690 3459 953 3515 Dominus
980 3462 1338 3531 semetipsum
1380 3462 1601 3527 obtulit,
1653 3464 1749 3517 sed
1798 3472 1979 3517 tamen
2009 3478 2136 3533 spe-

548 3551 708 3614 ciale,
763 3554 1222 3621 quemadmodum
1274 3562 1639 3624 unguentum,
1688 3564 1743 3607 et
1793 3557 2135 3624 praecipuum

548 3640 902 3703 sacriﬁcium,
972 3640 1187 3693 Domini
1234 3642 1564 3711 appellavit:
1597 3643 1741 3708 quod
1795 3644 2137 3698 demonstrat

548 3730 838 3795 Dominus,
862 3732 929 3785 ad
961 3732 1178 3785 Patrem
1212 3732 1439 3786 dicens:
1475 3731 1585 3802 Ego
1638 3735 1908 3802 sancti/ica
1970 3736 2136 3804 meip-

547 3840 689 3888 sum,
723 3832 779 3875 ut
800 3824 905 3876 sint
929 3834 977 3876 et
1013 3824 1114 3893 ipsi
1157 3822 1478 3891 sanctiﬁcati
1508 3825 1562 3875 in
1590 3826 1868 3878 veritate‘.
1910 3826 1975 3879 Et
2016 3842 2137 3880 rure

548 3929 644 3968 sus
672 3915 741 3968 ad
770 3929 903 3968 eos:
944 3913 1207 3983 llajorent
1256 3916 1356 3968 hac
1384 3915 1716 3969 dilectionem
1768 3933 1918 3970 nemo
1960 3920 2133 3984 habet,

548 4022 708 4075 quam
740 4015 795 4058 ut
819 4007 1059 4059 animam
1085 4024 1238 4060 suam
1290 4009 1407 4077 quis
1446 4018 1605 4077 ponat
1639 4025 1732 4077 pro
1763 4011 1950 4063 amicis
1983 4012 2135 4077 suis;

548 4114 638 4151 uos
693 4100 852 4151 amici
893 4100 994 4151 ntei
1038 4101 1184 4164 estis,
1233 4102 1278 4153 si
1314 4103 1539 4171 feceritis
1592 4118 1710 4172 qua:
1749 4120 1841 4174 ego
1888 4106 2134 4173 praecipio

547 4189 747 4242 vobis’.
783 4189 1014 4260 Respice
1062 4200 1246 4247 autem
1296 4203 1353 4247 et
1396 4194 1583 4264 legalis
1620 4194 1804 4265 ﬁgura:
1858 4197 2131 4263 ordinem,

549 4282 824 4349 quomodo
860 4283 927 4336 ad
957 4283 1129 4353 ipsam
1183 4285 1403 4341 deducit
1449 4288 1769 4353 veritatem;
1832 4290 2133 4342 secundum

552 4373 714 4439 LXX,
747 4376 895 4430 enim
916 4376 1023 4430 ait:
1059 4377 1279 4445 Deﬁniet
1319 4396 1542 4433 exorans
1569 4390 1833 4443 sanctum,
1868 4390 1915 4433 et
1963 4382 2136 4434 taber-

551 4472 799 4522 naculum
829 4470 1131 4531 testimonii,
1157 4482 1204 4524 et
1243 4471 1417 4525 altare
1442 4488 1460 4534 ,'
1511 4471 1563 4525 itl
1592 4482 1667 4531 est
1695 4473 1839 4539 ﬁniet
1874 4482 1921 4526 et
1952 4476 2136 4526 termi-

2228 591 2477 659 Cumque
2535 588 2836 659 portaverit
2857 588 3043 641 hircus
3062 601 3257 643 omnes
3293 586 3605 654 iniquitates
3620 601 3774 641 eorum

2231 685 2284 737 in
2322 692 2523 738 terram
2546 680 2865 744 solitariam,
2885 679 3212 733 etdimissus
3241 679 3417 732 fuerit
3450 678 3503 731 in
3525 677 3735 733 deserto.
3757 701 3773 731 ι

2300 773 2503 828 Eadem
2538 772 2886 825 etiamnunc
2941 771 3162 834 iterare,
3205 776 3442 838 propter
3488 782 3583 820 eos
3610 769 3690 836 qui
3736 770 3777 823 in

2230 866 2353 919 luce
2387 863 2694 923 oﬁ‘endunt.
2726 877 2867 931 opus
2896 862 3183 915 habemus.
3212 859 3489 913 Probatur
3519 859 3655 911 enim
3680 862 3779 929 quia

2236 956 2370 1009 nulli
2409 955 2613 1024 iniquo,
2648 954 2734 1007 vel
2767 954 3025 1020 maligno,
3071 952 3166 1005 sed
3199 951 3306 1020 ipsi
3371 950 3486 1003 Deo
3512 949 3783 1005 efﬁciuntur

2231 1059 2295 1096 ea
2320 1059 2442 1111 qua:
2473 1042 2697 1096 nuncin
2727 1040 2833 1093 hoc
2867 1040 3023 1094 hirco
3040 1040 3166 1093 vivo
3190 1039 3543 1093 sanciuntnr.
3581 1036 3779 1093 Primum

2232 1134 2473 1201 quidem,
2494 1134 2619 1200 quia
2657 1141 2945 1199 utramque
3003 1144 3226 1183 manum
3255 1127 3431 1197 Capiti
3465 1127 3598 1181 hirci
3634 1143 3783 1182 sacer-

2232 1227 2332 1281 dos
2391 1225 2645 1295 imponit.
2720 1226 2984 1277 Manuum
3048 1221 3355 1292 impositio,
3435 1221 3492 1274 in
3557 1222 3784 1277 sacriﬁcio

2233 1319 2577 1374 ministrabat
2612 1317 3070 1379 benedictionem,
3095 1325 3191 1369 aut
3221 1322 3580 1384 peccatorum
3627 1316 3785 1368 remis-

2234 1414 2468 1477 sionem,
2500 1419 2595 1464 aut
2653 1409 2826 1463 sancti
2868 1409 3107 1478 Spiritus
3135 1408 3467 1466 adventum.
3514 1413 3605 1459 aut
3642 1407 3787 1476 expia-

2236 1502 2819 1573 tioncsintelligibiles.
2846 1500 3133 1567 Quomodo
3166 1515 3297 1570 ergo
3330 1500 3395 1552 in
3426 1499 3597 1562 hunc,
3629 1499 3678 1551 in
3702 1515 3785 1567 quo

2233 1612 2356 1651 sors
2389 1596 2621 1659 inimici,
2652 1606 2708 1649 et
2735 1596 2853 1665 ejus
2877 1594 2968 1663 qui
2994 1602 3187 1647 contra
3225 1591 3411 1646 Deum
3441 1591 3647 1655 militat,
3674 1590 3787 1645 sicut

2232 1691 2389 1744 aiunt
2420 1689 2472 1743 hi
2496 1688 2589 1759 qui
2616 1688 2760 1742 illius
2782 1687 2952 1757 partis
2983 1694 3131 1750 sunt,
3159 1685 3275 1738 haec
3310 1699 3441 1753 qua:
3482 1683 3621 1738 dicta
3665 1694 3785 1745 sunt,

2235 1784 2491 1838 sacerdos
2519 1790 2745 1836 acturus
2779 1780 2931 1835 erat?
2964 1778 3057 1833 Vel
3106 1779 3392 1849 quomodo
3428 1778 3486 1831 in
3546 1778 3658 1846 ipso
3678 1776 3787 1832 ﬁlio-

2166 1848 2203 1904 Β
2238 1892 2357 1930 rum
2413 1874 2579 1929 Israel
2613 1873 2949 1943 iniquitates,
2999 1878 3054 1924 et
3113 1869 3445 1940 injustitias,
3498 1880 3554 1922 et
3602 1879 3786 1938 peccata

2238 1968 2503 2023 redemit?
2548 1965 2813 2021 Couﬁteri
2868 1965 3072 2034 quippe
3114 1963 3376 2018 inimicus
3438 1972 3653 2030 peccata
3700 1976 3787 2015 non

2238 2060 2389 2123 sinit,
2424 2060 2519 2114 sed
2558 2059 2667 2113 into
2689 2058 2951 2129 suggerit,
2980 2064 3039 2110 ut
3068 2056 3417 2111 occultemus
3455 2054 3647 2108 anima:
3690 2053 3786 2108 vul-

2237 2165 2390 2213 nera,
2422 2160 2480 2203 ut
2505 2164 2614 2203 non
2632 2148 2980 2202 inveniamus
3011 2147 3310 2209 medicum,
3335 2146 3433 2214 qui
3458 2144 3787 2198 medicamen-

2240 2249 2356 2293 tum
2395 2238 2568 2309 possit
2595 2238 2901 2307 imponere,
2933 2237 3277 2305 salutemque
3322 2243 3610 2305 praestare.
3645 2232 3786 2302 Proti-

2240 2342 2389 2387 terea
2431 2348 2556 2387 mox
2598 2341 2659 2386 ut
2693 2331 3009 2400 increpatus
3037 2338 3121 2384 est
3154 2329 3323 2383 David
3361 2344 3393 2381 ει
3430 2325 3663 2389 Nathan,
3687 2324 3789 2379 Per-

2238 2427 2354 2480 cavi
2426 2424 2691 2490 Domino,
2771 2425 3147 2479 exclamavit:
3219 2432 3279 2478 et
3346 2423 3498 2477 illico
3558 2421 3785 2492 propheta

2238 2515 2513 2571 subdidit:
2567 2515 2635 2569 Et
2674 2515 2931 2570 Dominus
2988 2514 3264 2568 transtulit
3316 2523 3593 2582 peccatum
3647 2522 3785 2573 tuum,

2238 2619 2598 2662 uerumtamen
2630 2625 2734 2662 non
2774 2609 3033 2671 morieris,
3074 2611 3200 2678 quia
3243 2608 3605 2676 blasphemus
3649 2606 3783 2674 fecisti

2237 2702 2477 2755 inimicos
2497 2701 2776 2756 Domini’.
2831 2701 2983 2756 Unde
3010 2711 3064 2755 et
3095 2717 3193 2770 per
3221 2701 3508 2754 hominem
3554 2709 3783 2767 paratum.

2239 2794 2416 2848 emitti
2444 2794 2716 2863 lcgislator
2748 2795 2960 2848 hircum
2993 2795 3050 2847 in
3079 2794 3438 2848 solitudinem
3468 2793 3618 2845 dixit.
3665 2789 3781 2843 Prc-

2238 2895 2489 2957 paratutn
2526 2896 2731 2949 autem.
2763 2888 2817 2942 id
2859 2896 2949 2942 est
2988 2888 3347 2942 accedentem
3377 2929 3393 2952 ,
3443 2887 3559 2940 sive
3607 2884 3782 2938 adeun-

2240 2990 2369 3034 tem.
2405 2979 2471 3033 Et
2505 2996 2608 3035 nec
2628 2980 2950 3051 dignitatem
2985 2980 3151 3049 hujus
3181 2979 3340 3044 dicit,
3388 2988 3566 3031 utrum
3604 2976 3779 3038 levita,

2239 3090 2308 3128 an
2344 3075 2621 3137 sacerdos,
2679 3084 2777 3129 aut
2808 3072 3079 3143 quiSpiam
3133 3073 3203 3127 de
3250 3074 3461 3141 popqu
3507 3078 3663 3133 esset,
3710 3069 3783 3137 qui

2242 3168 2347 3222 hoc
2383 3178 2589 3238 ageret.
2617 3166 2761 3237 Ergo
2792 3181 2917 3219 cum
2955 3164 3214 3219 omnibus
3261 3163 3544 3220 Christum
3580 3173 3781 3232 prasen-

2242 3270 2351 3315 tem
2388 3275 2511 3315 esse
2555 3258 2826 3330 signiﬁcat
2862 3257 3087 3311 hircus:
3144 3255 3613 3321 Quemadmodum
3660 3252 3779 3306 enim

2241 3370 2339 3423 per
2373 3368 2596 3408 carnem
2629 3353 2686 3406 in
2714 3352 2893 3421 primo
2920 3350 3330 3409 immolabatur.
3353 3351 3434 3404 sic
3458 3362 3599 3403 nunc
3625 3348 3781 3399 virens

2242 3456 2465 3517 propter
2527 3446 2873 3501 divinitatem
2928 3444 3159 3499 dicitur.
3215 3442 3327 3498 Sed
3387 3444 3512 3513 quia
3571 3454 3698 3493 unus
3738 3446 3781 3489 et

2242 3538 2700 3607 impassihilis,et
2731 3535 3003 3605 passibilis
3031 3544 3135 3598 est,
3165 3534 3481 3588 necessarie
3514 3540 3566 3586 et
3611 3528 3778 3584 viventi

2242 3645 2437 3683 manus
2505 3629 2763 3684 sacerdos
2821 3626 3057 3697 imponit
3104 3636 3161 3680 ut
3211 3642 3412 3681 manus
3476 3622 3778 3694 impositione

2240 3724 2585 3788 ostendatur,
2624 3723 2752 3792 quia
2788 3723 2981 3776 vivens
3021 3723 3250 3777 verbum
3301 3722 3421 3784 Dei,
3467 3715 3773 3789 impassibile.

2240 3822 2574 3887 immortale,
2606 3821 2710 3876 hoc
2736 3836 2837 3890 pro
2864 3820 3024 3875 nobis
3062 3834 3229 3874 carne
3259 3819 3568 3887 suscipiens
3612 3810 3776 3868 sacriﬁ-

2238 3918 2385 3971 cium
2418 3917 2680 3986 suscepit.
2709 3917 2879 3971 liecte
2906 3931 3057 3987 ergo,
3118 3917 3173 3971 in
3200 3916 3321 3985 ipso
3379 3913 3697 3983 iniquitates,
3736 3916 3773 3959 et

2241 4010 2561 4079 injustitias,
2599 4025 2649 4069 ct
2703 4019 2931 4078 peccata
2976 4008 3237 4063 sacerdos
3285 4002 3667 4077 pronuntiabit.
3701 3998 3775 4052 Hic

2238 4112 2323 4156 est
2350 4104 2417 4157 de
2448 4118 2557 4171 quo
2614 4102 2783 4155 Isaias
2841 4102 3109 4172 propheta
3154 4101 3405 4155 dicebat:
3443 4098 3664 4156 Domine,
3688 4090 3775 4160 qui:

2239 4193 2466 4245 credidit
2516 4192 2981 4259 audituilnostro?
3035 4189 3103 4243 Et
3155 4191 3431 4244 brae/tium
3479 4184 3668 4240 Domini
3710 4179 3773 4231 tui

2238 4284 2526 4339 revelatum
2561 4284 2708 4337 est‘?
2748 4282 3038 4337 Brachium
3073 4281 3286 4337 Domini
3318 4281 3490 4334 ﬁlium
3515 4273 3769 4346 appellans,

2238 4380 2377 4448 patri
2411 4377 2879 4432 consubstantiale
2903 4376 2971 4430 de
2999 4390 3108 4445 quo
3160 4386 3217 4428 et
3255 4389 3319 4428 ea
3360 4387 3481 4443 qua:
3517 4371 3771 4437 sequunluf

2238 4469 2517 4524 subdidit:
2574 4470 2878 4539 Languores
2927 4478 3132 4521 nostros
3185 4468 3294 4535 ipse
3347 4466 3488 4528 tulit,
3523 4471 3569 4515 et
3607 4456 3770 4511 dolores

551 4560 699 4613 nabit
728 4562 1170 4630 deprecationem,
1199 4578 1320 4631 qua:
1348 4572 1464 4617 acta
1501 4573 1585 4617 est
1613 4580 1710 4634 per
1744 4580 1995 4628 crucem;
2033 4581 2132 4636 pro
2166 4551 2207 4605 D
2241 4572 2445 4615 nostros
2477 4563 2586 4627 ipse
2612 4562 2867 4631 portarit.
2900 4558 3019 4627 Ipse
3054 4569 3232 4612 autent
3262 4559 3563 4612 uulneratus
3589 4559 3766 4618 estpro-

549 4653 699 4705 omni
726 4669 925 4724 genere
956 4654 1263 4718 hominum,
1295 4664 1350 4709 et
1374 4670 1492 4709 eam
1520 4671 1642 4725 qua:
1678 4656 1728 4709 in
1761 4656 1935 4711 altare
1966 4658 2132 4713 intel-

550 4743 767 4814 ligibilis
794 4742 917 4803 fuit,
942 4755 1229 4813 postquam
1268 4753 1582 4813 assumptus
1626 4744 1791 4799 fuerit
1822 4747 1877 4801 in
1911 4748 2133 4812 ccelum,

548 4844 606 4887 ct
631 4835 833 4888 sederit
857 4836 911 4888 in
949 4836 1172 4891 dextera
1204 4837 1393 4905 patris.
1432 4838 1593 4907 Atqui
1637 4840 1705 4894 de
1758 4841 2135 4897 sacerdotibus

550 4941 659 4978 non
698 4928 901 4996 expiat,
931 4928 1098 4983 mittit
1129 4930 1274 4982 enim
1298 4928 1380 4982 eis
1398 4931 1844 4986 emundationem
1864 4948 1962 5003 per
1985 4934 2139 4988 intel-

552 5016 813 5085 ligibilein
872 5018 1073 5088 ignem,
1127 5029 1183 5074 et
1239 5035 1339 5090 per
1388 5021 1601 5092 linguas
1660 5024 1847 5093 igneas
1894 5026 2136 5095 spiritus,

554 5119 779 5178 propter
818 5111 962 5180 quod
1005 5112 1221 5167 dicebat
1258 5114 1375 5169 eis:
1424 5114 1535 5171 Vos
1586 5127 1806 5172 autem-
1832 5119 2137 5189 baptizabi-

553 5201 687 5255 mini
716 5202 923 5271 Spiritu
956 5214 1167 5268 sancto,
1202 5221 1313 5259 non
1336 5215 1462 5276 post
1492 5209 1694 5263 multos
1720 5210 1820 5263 hos
1853 5211 1994 5265 dies.

638 5292 789 5348 ilus.
844 5294 935 5350 21.
982 5314 1001 5346 ι
1033 5294 1189 5351 Tunc
1228 5297 1425 5353 oﬁ‘eret
1482 5300 1693 5355 hircum
1740 5300 2035 5364 viventem.
2081 5312 2137 5358 et

554 5385 735 5456 posita
764 5395 995 5457 utraque
1024 5404 1189 5443 manu
1221 5406 1385 5460 super
1431 5402 1595 5461 caput
1624 5392 1767 5461 ejus,
1813 5394 2138 5449 conﬁteatur

555 5493 750 5534 omnes
775 5479 1091 5549 iniquitates
1112 5480 1345 5536 ﬁliorum
1376 5482 1544 5537 Israel
1569 5523 1583 5546 ,
1611 5493 1668 5538 et
1704 5483 1960 5538 universa
1997 5485 2133 5539 deli-

554 5577 662 5636 cta,
680 5580 841 5641 atque
859 5582 1081 5642 peccata
1104 5589 1317 5629 eorum.
1334 5573 1467 5640 Qua:
1489 5575 1776 5645 increpans
1798 5576 1961 5646 capiti
1992 5580 2131 5645 ejus,

628 5800 848 5875 "Psal.
884 5822 1016 5871 xm,
1047 5806 1101 5861 9.
1177 5806 1222 5839 δ’
1250 5806 1409 5864 Jonae
1433 5825 1470 5875 ι,
1507 5809 1561 5864 2.

559 5867 723 5925 ‘lsai.
753 5888 867 5943 un,
912 5876 961 5928 1·
1004 5867 1060 5908 ’³
1090 5878 1225 5932 Ibid.
1262 5878 1315 5946 4,
1352 5878 1427 5935 5.~
1454 5867 1471 5920 -Ϊ

1639 5812 1682 5843 θ’
1718 5810 1852 5866 Gen.
1894 5825 2043 5878 XM",
2075 5809 2169 5865 2|.

2232 4666 2352 4727 pter
2385 4657 2695 4723 iniquitates
2737 4664 2964 4717 nostras,
2996 4654 3210 4706 attritus
3256 4663 3328 4705 est
3377 4658 3581 4719 propter
3611 4641 3765 4697 scelere

2232 4758 2433 4801 nostra.
2472 4746 2762 4815 Disciplina
2800 4746 2947 4814 pacis
2983 4754 3173 4798 nostra:
3203 4760 3360 4812 super
3398 4757 3532 4802 eum,
3562 4749 3605 4789 et
3641 4734 3767 4786 liuore

2234 4839 2349 4910 ejus
2382 4839 2563 4892 sanati
2608 4838 2849 4892 sumus'.
2888 4834 2978 4891 Sic
3034 4845 3224 4905 aperte
3280 4850 3445 4906 super
3477 4846 3535 4885 sc
3585 4829 3763 4898 peccata

2242 4942 2454 4998 nostra,
2506 4942 2562 4987 et
2603 4932 2925 5003 injustitias,
2978 4940 3033 4984 et
3082 4910 3677 4999 iniquitates'portaiit.
3713 4912 3763 4966 Et

2241 5036 2533 5095 propterea
2570 5024 2874 5078 secundum
2925 5020 3088 5083 LXX,
3124 5022 3238 5075 ait:
3270 5021 3507 5089 lmponet
3542 5028 3621 5067 eas
3643 5017 3765 5073 sup"

2244 5128 2405 5189 caput
2438 5118 2579 5171 hatdi
2608 5118 2733 5171 vivi:
2768 5116 2925 5186 hujus
2962 5118 3100 5169 enim
3153 5115 3324 5183 ﬁgura
3355 5122 3445 5175 est,
3476 5105 3607 5179 quod
3646 5109 3691 5155 et
3712 5111 3761 5150 et

2243 5210 2416 5281 spinis
2439 5224 2698 5264 coronam
2727 5207 2933 5277 imponi
2962 5208 3124 5276 capiti
3155 5221 3255 5260 suo
3276 5205 3518 5259 Christus
3542 5189 3759 5281 permisit,

2243 5276 2372 5373 quia
2406 5302 2461 5355 in
2492 5300 2667 5371 spinis
2696 5276 2922 5371 peccata
2963 5300 3139 5353 solent
3165 5296 3358 5367 accipi.
3394 5297 3605 5363 Propter
3645 5276 3758 5373 quod

2246 5371 2301 5449 et
2328 5395 2499 5449 Adam
2525 5393 2715 5463 spinas
2743 5391 3051 5462 germinare
3085 5398 3230 5444 terra
3261 5386 3576 5459 przecipitur.
3622 5371 3758 5463 siqlli'

2247 5488 2371 5542 dem
2397 5495 2453 5541 et
2489 5462 2608 5555 ipse
2654 5499 2719 5539 ex
2768 5483 3137 5537 inobedientia
3185 5492 3406 5552 peccata
3463 5462 3754 5547 germinavit-

2244 5578 2351 5632 Sed
2399 5587 2453 5631 et
2505 5575 2760 5631 Salomon
2825 5576 2949 5631 ait:
2980 5573 3157 5642 Spinae
3218 5580 3495 5627 nascuntur
3539 5565 3587 5617 in
3628 5564 3753 5611 manu

2247 5812 2261 5842 ³
2293 5808 2454 5865 Joan.
2496 5823 2627 5873 xvn,
2663 5806 2749 5862 l9.
2828 5808 2849 5839 ²
2884 5806 3041 5862 Joan.
3079 5821 3163 5871 xv,
3204 5806 3287 5858 t3.
3394 5804 3413 5836 ³
3436 5799 3651 5870 Digni,
3682 5780 3749 5847 i3;
