3928 6430
89 390 234 458 1001

1279 406 1363 467 ΙΝ
1398 407 1834 468 LEVITICUM.
1878 435 1943 446 -
1983 411 2127 470 LlB.
2167 413 2230 472 V.

3249 419 3382 484 1002

84 509 400 564 temulenti
416 513 466 579 ⁸,
486 513 725 582 peccatis
757 511 946 581 plenas
964 527 1089 568 esse
1114 512 1360 568 actiones
1390 515 1512 584 ejus
1530 517 1706 586 signi-
1737 525 1782 577 Α
1879 516 2030 584 Quod
2073 521 2240 573 semel
2278 520 2477 576 factum
2519 534 2622 588 est,
2675 525 3008 596 muigenitum
3057 533 3380 592 sacriﬁcium

81 602 301 656 ﬁcans.
343 603 461 659 Sic
483 620 611 676 ergo
635 605 770 673 legis
791 605 1071 674 accipiens
1105 606 1293 667 verba,
1316 621 1429 661 non
1479 607 1706 678 ignora-

83 694 173 749 bis
205 695 614 752 intentionem
645 697 967 767 ejus,atque
998 698 1286 752 virtutem:
1327 698 1424 752 sed
1456 708 1510 752 et
1557 699 1708 753 inve.

81 786 210 840 nies
240 798 529 857 paratum
575 788 874 850 hominem,
920 806 1016 859 per
1044 791 1202 858 cujus
1233 805 1453 844 manum
1521 792 1710 846 hircus

83 879 298 934 vivens
360 879 431 935 in
475 896 718 936 eremum
778 882 1029 938 mittitur.
1085 882 1338 939 Christus
1389 878 1536 940 enim
1591 885 1709 954 ipse

83 987 262 1026 omne
292 973 396 1026 sui
439 973 689 1028 sacriﬁcii
718 973 896 1028 iactus
923 983 1010 1029 est
1041 987 1096 1029 et
1127 977 1402 1038 sacerdos,
1454 986 1509 1030 et
1535 977 1709 1030 sacri-

87 1063 315 1124 ﬁcium,
346 1073 417 1118 et
440 1067 702 1129 cultrum,
732 1074 788 1120 et
816 1066 1007 1120 altare.
1034 1065 1152 1135 lpse
1185 1077 1271 1120 est
1293 1077 1349 1121 et
1372 1076 1709 1137 prteparatus

89 1153 294 1217 homo,
342 1165 586 1223 paratus
619 1173 716 1225 pro
744 1158 903 1212 nobis
934 1159 1001 1212 ad
1036 1158 1372 1228 passionem,
1408 1160 1482 1214 ita
1515 1170 1573 1214 ut
1593 1161 1707 1229 ipse

92 1262 184 1315 per
223 1244 453 1301 Isaiam
486 1249 658 1303 dicat:
685 1247 798 1319 Ego
827 1265 947 1303 vero
977 1265 1080 1304 non
1106 1251 1490 1316 contradicam,
1513 1263 1708 1306 retror-

87 1355 204 1391 sum
239 1355 368 1391 non
412 1341 543 1393 abii.
585 1338 785 1409 Corpus
822 1358 992 1394 meum
1021 1343 1138 1396 dedi
1182 1344 1607 1414 percutientibus,
1659 1354 1707 1398 et

93 1447 258 1500 genas
285 1448 460 1484 meas
491 1432 814 1488 vellentibus.
844 1433 1060 1488 Faciem
1091 1451 1263 1488 meam
1315 1452 1418 1488 non
1445 1440 1612 1492 averti
1640 1443 1707 1495 ab

96 1527 525 1593 increpantibus
548 1536 597 1579 et
625 1527 1083 1598 conspuentibus".
1118 1527 1197 1580 Ad
1229 1542 1389 1594 quem
1431 1538 1487 1583 et
1541 1530 1707 1587 David

97 1616 255 1680 dicit,
295 1617 723 1673 incarnationis
745 1619 866 1687 ejus
887 1620 1208 1690 mysterium
1237 1623 1572 1689 signiﬁcans,
1612 1639 1709 1693 per

99 1710 244 1779 quod
275 1720 553 1764 nostrum
573 1711 804 1780 adeptus
824 1722 908 1766 est
939 1728 1163 1784 regnum
1189 1735 1202 1768 :
1230 1715 1486 1771 Dominus
1516 1734 1708 1788 regna-

101 1802 190 1866 vit,
228 1803 500 1855 decorem
530 1803 724 1866 induit,
756 1803 927 1856 induit
961 1803 1212 1860 Dominus
1240 1809 1626 1878 fortitudinem,
1658 1820 1708 1864 et

107 1894 397 1962 proscinxit
429 1910 507 1947 se.
538 1894 748 1949 Etenim
791 1895 1020 1964 ﬁrmavit
1049 1898 1220 1952 orbem
1254 1909 1426 1966 εει-ηε,
1486 1903 1576 1972 qui
1604 1919 1708 1956 non
1741 1909 1782 1965 Β

109 1987 558 2040 commovebitur.
585 1988 790 2041 Parata
816 1991 960 2043 sedes
991 2000 1084 2044 tua
1126 2006 1190 2044 ex
1224 2001 1348 2046 tunc
1363 1993 1406 2047 ⁸.
1455 1996 1708 2052 Christus

111 2096 234 2152 ergo
273 2081 658 2152 intelligibilis
683 2082 886 2143 Aaron,
937 2087 1291 2156 semetipsum
1341 2089 1506 2143 etiam
1561 2105 1708 2145 nunc

113 2192 205 2246 per
237 2176 479 2232 haedum
515 2175 822 2241 innuolans,
855 2179 970 2247 ipse
1000 2196 1097 2250 per
1121 2183 1400 2236 hominem
1433 2194 1704 2253 paratum,

117 2273 221 2324 sive
246 2272 303 2325 in
336 2287 523 2326 manu
556 2273 796 2327 hominis
828 2275 1023 2343 parati,
1071 2275 1123 2328 id
1148 2285 1253 2338 est,
1305 2291 1400 2345 per
1433 2278 1706 2346 propriam

118 2365 381 2418 virtutem
415 2407 432 2427 ,
496 2365 612 2435 ipse
666 2367 813 2420 enim
860 2381 982 2420 cum
1039 2366 1108 2419 sit
1153 2377 1209 2421 et
1263 2369 1445 2431 homo,
1490 2379 1708 2439 paratus

123 2465 376 2512 ostensus
407 2467 518 2512 est.
554 2459 622 2512 Et
657 2459 860 2513 emittit
898 2460 1111 2512 hircum
1136 2459 1408 2514 viventem
1437 2461 1490 2514 in
1519 2463 1709 2516 solitu-

123 2551 323 2615 dinem,
361 2553 490 2605 sive
543 2551 594 2605 in
641 2561 839 2606 terram
883 2551 1108 2613 inviam,
1146 2561 1201 2606 et
1256 2553 1530 2607 desertam
1565 2555 1706 2607 viam

129 2658 273 2697 suam
303 2651 365 2697 et
393 2645 788 2710 immortalem,
829 2655 884 2698 et
914 2643 1304 2714 impassibtlem
1337 2644 1705 2712 divinitatem,

131 2737 191 2790 ad
221 2738 370 2790 invia
416 2739 580 2792 nobis
636 2740 774 2801 loca,
808 2745 864 2792 et
903 2739 973 2792 ab
1023 2739 1170 2793 omni
1226 2739 1430 2794 malitia
1463 2740 1703 2803 deserta,

138 2828 436 2882 secundum
493 2829 637 2898 quod
665 2828 903 2884 Joannes
951 2831 1075 2884 ait:
1138 2830 1318 2885 Videas
1369 2830 1519 2884 Iesus
1581 2833 1704 2901 quia

141 2921 294 2973 omnia
318 2921 475 2976 dedit
501 2923 548 2975 ei
568 2921 733 2977 Pater
760 2923 816 2976 in
846 2939 1052 2988 manus,
1073 2933 1123 2977 et
1143 2925 1265 2994 quia
1287 2941 1320 2977 a
1349 2923 1456 2979 Deo
1478 2927 1632 2979 exiuit
1657 2935 1706 2979 et

150 3012 204 3065 ad
228 3011 392 3067 Deum
419 3014 567 3066 vadit
581 3015 624 3065 ’.

214 3105 354 3160 Vens.
405 3105 498 3161 52.
544 3123 563 3157 ι
594 3104 839 3176 Expiabit
883 3105 1030 3160 enim
1068 3108 1323 3162 sacerdos
1371 3107 1462 3177 qui
1511 3118 1707 3164 unctus

161 3194 307 3260 luerit.
341 3207 404 3252 et
431 3197 591 3266 cujus
616 3198 844 3266 expiata:
866 3213 1082 3265 manus,
1123 3207 1186 3252 ut
1229 3199 1534 3254 sacerdotio
1577 3200 1705 3255 t‘uu-

167 3299 289 3356 gatur
312 3305 412 3358 pro
441 3297 596 3359 patre
622 3303 741 3342 suo.
773 3307 791 3339 ι

224 3379 346 3445 Sive,
372 3392 436 3437 ut
464 3379 640 3438 LXX:
668 3382 1273 3454 Deprecabitur,inquit,
1292 3389 1536 3439 sacerdos
1559 3401 1707 3455 qua-

154 3486 324 3543 cunque
372 3475 606 3535 tinxerit,
659 3483 710 3528 et
763 3475 1057 3545 cuicunque
1097 3486 1487 3530 consummatus
1548 3480 1708 3548 [uertt

151 3580 309 3620 inaltus
331 3584 465 3621 suas
485 3583 788 3621 consecrare
811 3569 878 3621 ad
907 3578 1114 3636 patrem
1138 3584 1310 3622 suum.
1338 3568 1405 3624 Ut
1430 3570 1705 3624 Christum

147 3659 244 3714 sine
262 3663 446 3732 aliqua
483 3662 756 3716 dubietate
783 3663 1113 3724 ostenderet,
1147 3665 1272 3732 quia
1292 3665 1438 3718 enim
1461 3664 1707 3720 Christus

146 3761 303 3820 patres
359 3755 664 3808 secundum
713 3769 958 3816 carnem,
1005 3754 1314 3809 ludat-orum
1360 3757 1705 3812 sacerdotum

147 3847 404 3916 principes
445 3845 698 3912 habebat,
734 3846 828 3900 ﬁlii
862 3847 1007 3902 enim
1050 3857 1107 3902 et
1133 3849 1232 3919 ipsi
1279 3849 1569 3916 Abraham,
1598 3854 1704 3907 sic-

147 3949 258 3994 utet
292 3943 552 3996 Christus
580 3942 697 3996 fuit.
734 3940 982 3997 Ostendit
1013 3944 1120 4010 lex,
1152 3954 1210 3999 ut
1241 3947 1364 4014 quia
1391 3946 1704 4002 ludaeorum

148 4036 438 4088 sacerdotes
471 4049 578 4088 non
613 4043 881 4105 poterant,
912 4037 1055 4092 sicut
1077 4037 1152 4090 ait
1192 4036 1410 4103 Paulus,
1435 4041 1704 4094 acceden-

149 4136 216 4179 tes
230 4129 504 4196 perfectos
533 4128 730 4194 facere,
762 4129 1095 4198 impossibile
1122 4131 1265 4184 enim
1291 4141 1408 4186 erat
1444 4134 1706 4205 sanguine

150 4224 408 4274 taurorum
450 4229 508 4274 et
553 4221 827 4275 hircorum
867 4222 1083 4276 auferre
1125 4233 1365 4290 peccata,
1397 4238 1544 4281 recte
1591 4228 1706 4296 ipse

152 4311 375 4369 Christus
398 4331 456 4368 ιη
482 4315 846 4369 sacerdotium
878 4325 1091 4380 unctus,
1125 4326 1179 4370 et
1221 4332 1413 4371 manus
1459 4335 1554 4387 per
1581 4336 1707 4373 cru-

159 4416 255 4457 cem
275 4421 683 4471 consummans,
723 4409 906 4478 expiat
947 4425 1066 4465 nos.
1097 4411 1170 4466 De
1203 4428 1312 4483 quo
1347 4414 1399 4467 in
1444 4416 1550 4468 alio
1587 4416 1708 4470 loco

155 4508 274 4555 recte
315 4503 396 4557 lex
436 4503 603 4557 dicit:
644 4503 908 4561 Sacerdos
945 4525 1105 4579 quem
1166 4513 1422 4567 unxerint
1471 4523 1526 4567 et
1575 4531 1707 4568 con-

1811 611 2093 666 ostendere
2160 614 2404 682 cupiens,
2435 625 2491 668 ut
2539 616 2740 671 dictum
2790 629 2874 672 est
2904 640 2915 674 :
2944 620 3176 678 Christus
3227 631 3385 683 semel

1812 703 2018 756 oblatus
2066 706 2135 758 ad
2170 706 2454 761 multorum
2489 710 2842 765 exhaurienda
2882 725 3116 782 peccata,
3158 722 3380 774 secunde

1809 796 1922 848 sine
1946 809 2158 864 peccato
2176 802 2448 869 apparebit
2471 806 2889 874 exspectantibus
2921 825 2977 861 se
2993 810 3046 862 in
3070 811 3294 867 salutem
3318 819 3379 874 η,

1809 902 1908 957 per
1931 888 2109 953 ﬁdem,
2141 905 2262 943 cum
2293 908 2396 961 qua
2433 895 2525 962 qui
2588 895 2754 963 legem
2788 898 3098 961 meditatur.
3160 918 3384 974 compar

1812 978 2016 1033 invenit
2065 980 2189 1033 huic
2237 981 2606 1054 livangelium,
2651 987 2989 1059 mullutnque
3032 1009 3195 1048 verax
3235 1000 3383 1065 quod

1809 1068 2076 1132 Christus.
2106 1073 2157 1126 id
2184 1083 2267 1128 est
2298 1077 2514 1138 veritas,
2544 1077 2745 1133 Jutlzeis
2771 1081 2984 1138 locutus
3011 1095 3094 1141 est
3124 1107 3136 1142 :
3171 1088 3228 1144 Si
3271 1107 3384 1144 cre-

1809 1164 1998 1217 deretis
2028 1168 2219 1236 Moysi,
2254 1172 2529 1226 crederetis
2551 1176 2729 1245 utique
2752 1187 2800 1230 et
2839 1181 2998 1244 mihi;
3038 1183 3101 1234 de
3134 1199 3214 1236 me
3243 1186 3382 1237 enim

1810 1255 1898 1308 ille
1929 1257 2136 1326 scripsit
2174 1260 2235 1314 ¹³.
2269 1261 2408 1326 Quid
2467 1274 2669 1330 autem,
2697 1277 2791 1322 aut
2852 1270 2963 1334 ubi,
2997 1287 3103 1325 non
3155 1274 3378 1341 addidit,

1809 1351 1932 1419 quia
1958 1367 2298 1424 quaecunque
2328 1360 2569 1427 mystica,
2597 1377 2934 1432 quacunque
2961 1366 3086 1429 alta,
3119 1383 3381 1437 quzccun-

1811 1457 1918 1511 que
1947 1443 2128 1499 divina
2159 1455 2306 1511 sunt,
2344 1448 2460 1504 haec
2482 1451 2549 1504 de
2579 1453 2794 1507 Christo
2825 1471 2853 1508 a
2874 1455 3052 1524 Moyse
3080 1459 3131 1512 in
3167 1462 3380 1525 umbra,

1809 1547 1864 1587 et
1898 1535 2086 1606 ﬁgura,
2114 1544 2169 1591 et
2201 1539 2528 1610 imaginibus
2555 1544 2892 1602 dicebantur.

2385 1658 2614 1717 CAPUT
2643 1662 2805 1719 XVII.

1882 1745 2041 1801 Vens.
2072 1751 2183 1803 4-7.
2227 1770 2245 1802 ι
2275 1753 2337 1806 Et
2373 1753 2586 1809 locutus
2630 1767 2712 1812 est
2745 1758 3006 1817 Dominus
3056 1765 3121 1817 ad
3165 1765 3378 1838 Moysen

1811 1836 2032 1893 dicens:
2067 1840 2312 1912 Loquere
2334 1846 2510 1899 Aaron
2551 1858 2604 1901 et.
2626 1849 2745 1903 ﬁliis
2765 1851 2903 1920 ejus,
2926 1861 2982 1906 et
3026 1836 3382 1913 cunctis‘ﬁliis

1812 1928 1993 1994 Israel,
2027 1941 2082 1985 et
2115 1934 2264 1989 dices
2295 1937 2362 1991 ad
2388 1954 2518 1993 eos:
2548 1940 2646 1995 Iste
2675 1951 2756 1996 est
2786 1959 2965 1999 sermo
3004 1964 3164 2017 quem
3228 1967 3381 2003 man-

1811 2021 1957 2075 davit
2006 2023 2264 2079 Dominus
2319 2028 2506 2084 dicens
2546 2046 2558 2081 :
2602 2032 2772 2086 llomo
2822 2037 3045 2104 quilibet
3099 2040 3165 2093 de
3222 2041 3382 2095 domo

1811 2111 1995 2174 lsrael,
2015 2114 2057 2168 si
2081 2116 2338 2171 occiderit
2355 2119 2570 2186 bovem,
2592 2121 2704 2177 sive
2725 2139 2964 2194 capram,
2993 2129 3043 2182 in
3067 2133 3280 2198 castris,
3297 2136 3382 2189 vel

1810 2215 1961 2260 extra
1987 2216 2180 2268 castra.
2205 2219 2256 2263 et
2291 2227 2402 2265 non
2438 2214 2693 2270 obtulerit
2721 2218 2788 2271 ad
2823 2222 3020 2274 ostium
3046 2225 3379 2282 tabernaculi

1809 2299 2137 2355 oblationem
2181 2303 2429 2370 Domino,
2493 2309 2769 2379 sanguinis
2817 2328 2941 2366 reus
2979 2317 3114 2384 erit;
3149 2322 3301 2388 quasi
3337 2324 3381 2376 si

1808 2391 2128 2462 sanguinem
2160 2394 2380 2463 fuderit,
2413 2400 2492 2454 sic
2527 2401 2723 2470 peribit
2751 2403 2817 2457 de
2843 2407 3022 2461 medio
3051 2413 3231 2479 populi
3270 2415 3377 2468 sui.

1813 2481 1936 2534 Ideo
1994 2483 2190 2540 oﬂ‘erre
2249 2488 2450 2543 debent
2494 2493 2754 2546 sacerdoti
2817 2495 2908 2548 ﬁlii
2955 2497 3118 2554 lsrael
3175 2503 3381 2561 hostias

1809 2588 1935 2628 suas
1957 2591 2091 2646 quas
2119 2580 2372 2637 occidunt
2415 2585 2470 2637 in
2521 2602 2671 2658 agro,
2701 2600 2758 2646 ut
2806 2593 3216 2650 sanctiﬁcenlur
3273 2599 3380 2652 Do-

1808 2665 1960 2718 mino
1993 2677 2116 2723 ante
2149 2671 2350 2727 ostium
2381 2676 2712 2735 tabernaculi
2751 2683 3068 2751 testimonii,
3105 2695 3160 2741 et
3183 2681 3377 2744 immo-

1808 2755 1920 2808 lent
1949 2772 2040 2812 eas
2066 2758 2271 2816 hostias
2298 2765 2550 2832 paciﬁcas
2575 2768 2824 2826 Domino.
2854 2773 3174 2844 Fundctquc
3201 2795 3379 2834 sacer-

1808 2848 1905 2903 dos
1934 2854 2254 2921 sanguinem
2287 2857 2388 2912 sub
2425 2859 2592 2915 altare
2622 2860 2854 2927 Domini,
2883 2876 2937 2920 et
2959 2867 3025 2921 ad
3057 2869 3254 2924 ostium
3298 2879 3379 2925 ta-

1809 2941 2083 2998 bernaculi
2117 2948 2436 3016 testimonii,
2472 2961 2524 3006 et
2547 2955 2781 3010 adolebit
2816 2959 3029 3029 adipem
3070 2961 3123 3014 in
3158 2963 3378 3018 odorem

1807 3034 2088 3090 suavitatis
2113 3035 2358 3094 Domino.
2390 3042 2456 3095 Et
2479 3057 2818 3115 nequaquam
2853 3049 2990 3103 ultra
3022 3051 3382 3107 immolabunt

1809 3124 2010 3180 hostias
2036 3143 2162 3183 suas
2190 3131 2547 3201 daemonibus,
2573 3153 2696 3191 cum
2719 3139 2916 3209 quibus
2950 3141 3195 3198 fornicati
3229 3156 3378 3199 sunt.

1731 3267 1774 3325 Ο
1810 3213 2131 3285 Legitimum
2188 3223 2580 3293 sempiternum
2635 3231 2740 3284 erit
2782 3231 2906 3296 illis,
2944 3242 2997 3286 et
3027 3236 3258 3304 posteris
3290 3253 3383 3290 eo—

1812 3321 1954 3360 rum.
1999 3327 2017 3358 δ

1875 3399 2014 3464 Quia
2055 3417 2243 3470 parum
2275 3404 2563 3476 legislatori
2598 3411 2664 3464 de
2704 3410 2886 3482 ﬁguris
2921 3417 3243 3484 pertinebat,
3289 3422 3382 3476 sed

1805 3495 2022 3562 etquod
2052 3496 2118 3549 de
2149 3498 2230 3552 eis
2261 3501 2533 3569 cogitabat
2591 3506 2761 3575 magis
2794 3519 3015 3578 propter
3067 3515 3383 3584 praeﬁgura-

1809 3593 1913 3638 tam
1949 3586 2003 3640 in
2042 3587 2122 3642 eis
2156 3589 2460 3657 veritatem,
2502 3610 2605 3664 qua
2646 3605 2834 3666 postea
2884 3603 3220 3670 temporibus
3271 3606 3385 3660 suis

1805 3676 2115 3746 dispensata
2153 3682 2270 3736 illas
2291 3700 2508 3741 cessare
2545 3687 2676 3748 vult.
2700 3700 2884 3759 aperte
2915 3708 3153 3761 praesens
3176 3699 3384 3752 sanctio

1805 3769 2158 3839 demonstrat,
2182 3792 2302 3845 quae
2354 3794 2462 3832 non
2524 3781 2840 3851 simpliciter
2891 3787 2958 3838 ad
3018 3787 3255 3858 Moysen,
3289 3793 3384 3846 sed

1805 3865 1870 3917 ad
1895 3867 2069 3920 Aaron
2098 3878 2152 3922 et
2180 3869 2317 3924 ﬁlios
2347 3873 2485 3940 ejus,
2513 3882 2567 3927 et
2599 3875 2664 3929 ad
2691 3892 2882 3931 omnes
2911 3879 3046 3934 tilios
3069 3880 3227 3937 Israel
3246 3900 3384 3953 pra:-

1806 3958 1949 4027 cepit
1964 3975 1976 4012 :
1991 3960 2082 4013 sed
2099 3972 2282 4030 aperte
2307 3966 2808 4038 manifestans,quia
2827 3972 2937 4028 haec
2953 3974 3081 4045 legis
3094 3981 3384 4048 praeceptio

1807 4066 1914 4103 non
1937 4068 2322 4123 magmuu,non
2338 4059 3168 4136 periectioremquempiam,non
3191 4057 3385 4140 imper-

1807 4140 2008 4195 lectum
2045 4142 2290 4212 ignorare
2311 4145 2444 4208 vult,
2478 4150 2620 4218 quod
2646 4153 2862 4220 expedit
2885 4155 2966 4207 eis
2999 4157 3157 4219 seire,
3197 4158 3248 4212 id
3279 4169 3382 4221 est,

1807 4234 1929 4304 quia
1950 4237 2260 4305 temporalis
2275 4249 2356 4293 est
2375 4239 2562 4296 littera:
2581 4243 2752 4308 lcx,ut
2777 4257 3021 4317 tempore
3034 4252 3386 4318 expleto,non

1801 4329 1912 4398 jam
1927 4329 2069 4384 circa
2089 4330 2255 4400 ipsam
2278 4330 2472 4387 frustra
2497 4347 2549 4390 et
2571 4352 2900 4406 supervacue
2922 4345 3282 4413 nosmetipsos
3302 4360 3390 4398 oc-

1807 4437 2090 4492 cupemus.
2119 4424 2249 4490 Quis
2266 4437 2443 4480 autem
2471 4439 2551 4484 est
2572 4439 2876 4501 temporum
2896 4435 3018 4489 ﬁnis
3037 4437 3386 4492 ?0muimoda

1808 4514 1912 4568 loei
1944 4515 2113 4584 ipsius
2138 4519 2389 4585 perditio,
2421 4521 2477 4574 in
2499 4538 2605 4591 quo
2641 4525 2905 4580 sacriﬁcia
2945 4527 3130 4582 oﬂ‘erri
3181 4545 3386 4598 prame-

152 4598 526 4654 summaverint
557 4615 771 4666 manus,
815 4602 1178 4658 sacerdotium
1222 4606 1532 4661 ministrare
1583 4618 1706 4677 post
1741 4622 1782 4676 ι)
1812 4607 1909 4676 pit,
1938 4608 2322 4662 comminando
2365 4613 2706 4682 prascipiens,
2735 4632 2857 4669 eum
2889 4617 2978 4686 qui
3015 4619 3153 4671 intra
3188 4629 3383 4684 castra,

150 4696 329 4754 patrem
367 4708 555 4745 suum.
599 4693 833 4749 Primum
872 4698 1016 4752 enim
1053 4703 1196 4756 hunc
1237 4714 1388 4772 pater
1416 4703 1588 4766 unxit,
1621 4719 1706 4756 se-

151 4785 363 4840 cundum
401 4787 547 4856 quod
575 4789 650 4842 ait
707 4791 870 4845 David
908 4809 919 4844 :
947 4791 1231 4863 Propterea
1289 4797 1437 4849 unxit
1469 4807 1518 4849 te
1545 4797 1702 4861 Deus,

151 4873 262 4931 Deus
287 4890 408 4933 tuus
436 4882 499 4936 ¹⁰.
524 4881 689 4937 Unxit
743 4895 925 4938 autem
975 4885 1201 4941 dicens:
1243 4891 1315 4941 'I’u
1354 4906 1406 4942 es
1449 4889 1705 4944 Sacerdos

147 4967 191 5020 in
214 4982 487 5038 aeternum,
507 4977 787 5029 secundum
805 4979 1036 5031 ordinem
1057 4980 1422 5034 Melchisedech
1455 4985 1516 5035 “.
1548 4983 1705 5038 Post-

147 5076 196 5116 ea
227 5067 292 5121 ab
339 5068 656 5123 hominibus
723 5070 812 5140 qui
867 5072 1309 5128 ministraverunt
1373 5077 1607 5143 passioni
1650 5085 1705 5130 et

150 5160 392 5215 sacriﬁcio
440 5171 639 5216 unctus
681 5173 802 5217 est:
842 5165 1020 5219 crucis
1071 5167 1215 5220 enim
1260 5168 1607 5231 sacriﬁcium,
1651 5179 1705 5223 et

148 5261 344 5318 agnum.
413 5262 468 5307 et
525 5256 881 5318 sacerdotem,
939 5266 992 5311 et
1057 5257 1400 5313 liberatorem
1453 5269 1700 5314 nostrum

149 5345 380 5400 ostendit.
416 5345 642 5417 Propter
671 5349 811 5417 quod
848 5350 912 5404 ad
952 5351 1070 5418 ejus
1120 5353 1417 5422 planiorem
1474 5356 1702 5409 demon-

150 5440 484 5504 strationem,
556 5451 610 5495 et
664 5443 1001 5499 subtiliorem
1060 5444 1243 5517 ﬁgurae
1305 5447 1702 5502 manifestatio-

151 5539 253 5583 nem
272 5549 286 5585 Ξ

205 5617 359 5676 Vens.
387 5622 482 5678 54.
529 5642 549 5675 ‹
588 5623 789 5693 Semel,
819 5625 995 5696 inquit
1017 5669 1031 5689 ,
1064 5627 1116 5681 in
1149 5645 1292 5684 anno
1317 5630 1476 5686 faciet
1516 5631 1640 5687 hoc.
1683 5650 1701 5682 ι

213 5802 416 5874 :Prov.
449 5822 596 5871 xxvr,
621 5808 675 5862 9.
787 5809 806 5839 "
837 5809 956 5863 Isai.
999 5827 1048 5872 1,,
1087 5813 1139 5874 Pi,
1163 5814 1211 5865 6.

156 5869 189 5900 “
212 5869 368 5931 Hebr.
398 5893 475 5944 ιιι,
500 5869 591 5931 28.
669 5878 712 5908 ³³
748 5879 906 5934 Joan.
939 5898 990 5945 v,
1021 5869 1110 5936 46.

486 5971 755 6033 ΡΑΤιιοι..
799 5976 914 6034 Gn.
959 5974 1162 6038 XCIII.

1328 5815 1348 5841 "
1369 5811 1512 5866 Psal.
1550 5826 1679 5876 xcu,
1702 5813 1752 5864 1.

1811 4705 1926 4759 sive
1960 4703 2111 4766 foris,
2137 4715 2285 4760 extra
2318 4716 2496 4760 tamen
2540 4709 2947 4763 tabernaculum
2976 4712 3267 4764 testimonii
3299 4728 3384 4765 sa-

1811 4801 2075 4856 criﬁcium
2109 4801 2200 4856 Dei
2229 4803 2425 4871 explet,
2464 4802 2686 4855 interire
2719 4803 2785 4856 de
2814 4803 3032 4872 populo.
3080 4803 3385 4872 thuaudo

1811 4892 2218 4945 tabernaculum
2254 4891 2567 4954 testimonii,
2601 4899 2656 4944 et
2689 4889 2947 4959 templum
2977 4890 3119 4959 quod
3151 4891 3217 4943 ad
3267 4890 3386 4958 ejus

1808 4981 2094 5053 imaginem
2127 4982 2325 5036 factum
2357 4991 2458 5044 est,
2488 4981 2840 5051 disperditum
2877 4981 3057 5045 fuerit,
3092 4996 3388 5051 cognosca-

1810 5087 1896 5129 tur
1925 5077 2048 5144 quia
2080 5077 2239 5128 ﬁnem
2277 5075 2478 5128 habent
2511 5077 2689 5128 omnia
2720 5089 2839 5143 quze
2872 5074 2940 5128 ibi
2980 5074 3091 5128 ﬁeri
3124 5074 3207 5127 lex
3255 5089 3388 5143 pra:-

1809 5169 1986 5238 cepit;
2015 5169 2177 5223 etiam
2209 5169 2297 5223 illa
2333 5170 2442 5224 Deo
2476 5184 2584 5222 non
2611 5169 2844 5238 placent,
2877 5183 3053 5237 neque
3084 5167 3228 5222 enim
3251 5167 3386 5220 alias

1806 5262 2223 5331 disperdidisset
2274 5262 2450 5316 locum
2487 5260 2541 5313 in
2587 5276 2693 5330 quo
2723 5259 2903 5330 peragi
2951 5259 3262 5312 omnimodo
3298 5273 3385 5312 se-

1808 5356 2045 5408 cumlum
2101 5355 2268 5425 legem
2313 5353 2610 5408 debuisset.
2645 5352 2800 5418 Quod
2849 5352 3008 5406 etiam
3060 5351 3227 5414 dices,
3259 5365 3384 5403 cum

1810 5448 2082 5516 sicjustas
2115 5447 2378 5510 actiones,
2407 5447 2457 5501 id
2504 5455 2586 5500 est
2617 5461 2723 5498 non
2770 5444 3038 5507 occidere,
3066 5446 3172 5496 lion
3233 5441 3386 5493 adul-

1818 5539 2001 5602 terari,
2032 5555 2139 5592 non
2177 5539 2367 5604 furari,
2401 5555 2512 5594 non
2557 5539 2751 5592 falsum
2777 5535 3144 5590 testimonium
3184 5533 3386 5592 dicere.

1817 5642 2020 5704 patrem
2082 5641 2135 5686 et
2183 5642 2410 5686 matrem
2467 5635 2753 5694 honorare,
2807 5629 3029 5699 diligere
3091 5624 3384 5694 proximos,

1852 5812 1871 5844 °
1906 5809 2064 5864 Joan.
2097 5824 2216 5872 nu,
2243 5810 2293 5864 5.
2411 5808 2455 5842 ¹⁰
2491 5805 2633 5863 Psal.
2658 5821 2800 5870 xuv,
2826 5805 2880 5860 8.
2994 5806 3036 5837 “
3069 5803 3158 5857 Ps.
3196 5816 3301 5866 crx,
3337 5801 3390 5854 4.

2964 5965 3036 6024 32
