3928 6410
581 373 722 437 1003

578 503 763 543 servos
793 489 991 545 liberos
1012 489 1208 557 facere,
1233 489 1479 559 jejunare
1503 488 1838 558 frequenter,
1865 489 1951 543 vel
1971 503 2146 549 orare,

579 600 688 636 non
720 583 1120 637 circumscribit
1142 584 1282 644 loco.
1310 583 1435 652 quia
1466 598 1680 651 semper
1720 589 1847 635 sunt
1888 580 2063 645 utilia,
2100 588 2155 632 et

574 690 700 728 cum
735 675 1043 745 evangelica
1093 676 1503 729 conversatione
1531 672 1861 729 communia.
1893 670 2017 725 Ihec
2060 686 2155 723 au-

582 778 685 822 tem
709 783 830 837 quae
858 770 1159 823 secundum
1191 768 1482 837 semetipsa
1529 777 1657 822 sunt
1711 764 2004 836 superflua,
2059 762 2152 817 sed

574 876 757 915 causae
805 861 1085 931 cujusdam
1141 871 1271 915 sunt
1327 860 1594 931 exquisita
1636 859 1830 929 gratia,
1880 856 2157 912 concludit

576 953 714 1019 loco,
752 963 811 1007 ut
860 966 1187 1024 cognoscant
1215 953 1339 1023 quia
1396 952 1713 1023 temporalia
1756 958 1884 1004 sunt
1920 967 1933 1001 :
1973 947 2154 1003 omnia

577 1044 723 1098 enim
768 1060 891 1113 quae
943 1044 1060 1099 loco
1106 1046 1372 1108 serviunt,
1420 1043 1629 1098 servire
1681 1042 1845 1097 etiam
1904 1040 2155 1095 ordinata

575 1147 705 1190 sunt
730 1136 983 1205 tempori.
1020 1135 1285 1206 Deputata
1320 1144 1449 1190 sunt
1497 1136 1659 1206 igitur
1704 1136 1824 1189 loco
1868 1131 2153 1197 sacriﬁcia,

574 1225 989 1279 emundationes
1044 1234 1409 1288 mortuorum,
1440 1234 1495 1279 et
1546 1225 1770 1279 seminis
1808 1223 2011 1277 ﬂuxum
2059 1236 2159 1291 pa-

576 1316 852 1381 tientium,
886 1323 941 1370 et
980 1316 1342 1384 Ieprosorum,
1387 1324 1441 1369 et
1493 1324 1950 1371 menstruatarum
1985 1332 1999 1367 :
2032 1312 2157 1381 quia

570 1416 627 1461 et
684 1408 800 1461 haec
840 1422 937 1477 per
987 1407 1249 1461 sacriﬁcia
1297 1407 1552 1461 eﬁectum
1621 1407 1868 1460 habent:
1911 1405 2160 1460 similiter

568 1514 778 1571 azyma,
809 1510 864 1553 et
888 1499 1177 1570 ﬁguratum
1197 1502 1419 1570 pascha,
1449 1500 1792 1570 scenopegia,
1819 1506 2155 1568 pentecoste,

569 1607 785 1648 necnon
845 1594 1170 1653 neomeniae,
1224 1602 1281 1646 et
1327 1592 1553 1646 sabbata
1596 1608 1613 1644 :
1668 1592 1953 1661 oportebat
2011 1590 2158 1643 enim

569 1687 718 1739 omni
762 1687 924 1741 modo
966 1686 1233 1740 sacriﬁcia
1265 1687 1317 1738 in
1364 1685 1482 1739 istis
1534 1685 1737 1739 offerri.
1780 1685 1917 1750 Quia
1971 1692 2155 1739 autem

572 1776 687 1830 haec
712 1777 1092 1847 mysteriorum
1122 1777 1346 1831 Domino
1378 1777 1780 1846 implendorum
1830 1777 2028 1848 ﬁguras
2058 1779 2157 1832 ha-

570 1868 811 1934 bebant,
862 1868 916 1923 in
982 1870 1357 1939 superioribus
1403 1868 1735 1923 sufficienter
1794 1870 2157 1923 Ostendimus.

568 1959 834 2015 Parvulos
858 1977 988 2033 ergo
1018 1978 1140 2017 cum
1177 1972 1322 2017 esset
1375 1963 1632 2033 populus,
1660 1962 1751 2031 qui
1782 1963 1953 2032 legem
2006 1961 2159 2015 acci-

570 2050 786 2119 piebat,
817 2060 871 2104 et
901 2051 968 2105 ad
1000 2068 1062 2105 ea
1093 2068 1213 2121 quae
1240 2062 1367 2107 sunt
1416 2052 1730 2123 imperfecta
1769 2052 2004 2116 inhians,
2033 2054 2159 2122 quia

570 2142 936 2198 adhaesiturus
958 2154 1077 2199 erat
1106 2145 1336 2204 umbris,
1368 2153 1424 2199 et
1449 2159 1834 2214 compassurus
1870 2143 2024 2206 locis,
2051 2144 2159 2198 sic-

575 2245 635 2291 ut
692 2239 949 2305 parvulus
994 2237 1048 2290 in
1081 2237 1406 2306 quibusdam
1447 2237 1580 2291 locis
1637 2237 1958 2300 delectatur,
2002 2237 2158 2291 inve-

569 2330 653 2384 nit
674 2331 894 2385 modum
924 2330 1217 2402 legislator,
1243 2346 1340 2401 per
1370 2345 1531 2400 quem
1571 2345 1639 2384 ex
1665 2330 1990 2385 necessitate
2036 2331 2156 2385 illos

570 2433 893 2478 removeata
924 2423 1130 2495 ﬁguris,
1181 2423 1400 2493 quando
1435 2432 1678 2493 tempore
1737 2423 1929 2477 harum
1976 2439 2154 2477 reces-

568 2514 738 2570 sionis
769 2514 956 2579 fuerit,
990 2515 1111 2570 loco
1144 2516 1580 2570 circumcludens
1633 2529 1725 2569 eas
1754 2530 1876 2584 quae
1934 2515 2157 2568 destru-

567 2618 752 2663 cturus
802 2617 940 2672 erat,
998 2618 1053 2661 et
1090 2608 1411 2677 praecipiens
1456 2614 1611 2661 extra
1652 2606 1831 2661 locum
1885 2605 2031 2659 hunc
2079 2604 2157 2658 nil

567 2714 755 2754 eorum
786 2715 907 2769 quae
936 2700 1080 2754 dicta
1110 2709 1259 2761 sunt,
1309 2700 1447 2763 ﬁeri,
1480 2700 1575 2754 sed
1601 2715 1725 2755 eum
1758 2700 1848 2770 qui
1899 2708 2153 2765 tentaret,

570 2805 692 2845 esse
719 2791 863 2845 sicut
885 2791 1204 2861 sanguinem
1253 2789 1645 2844 eﬁ‘undentem.
1673 2788 1814 2860 Ergo
1841 2788 2155 2858 quicunque

568 2890 625 2938 et
655 2898 803 2936 nunc
848 2882 1047 2954 ﬁguras
1082 2897 1343 2953 peragere
1404 2882 1666 2936 destructi
1708 2890 1976 2936 conantur
2026 2882 2151 2945 loci,

570 2972 894 3043 sanguinein
925 2970 1239 3037 elIundunt,
1271 2971 1323 3025 id
1351 2981 1434 3026 est
1474 2987 1821 3026 communem
1857 2988 2152 3026 conversa-

572 3063 775 3118 tionem
810 3062 1077 3132 polluunt,
1118 3061 1175 3115 in
1204 3076 1495 3115 commune
1525 3071 1773 3131 peccant,
1811 3062 1953 3116 sicut
1981 3071 2036 3116 et
2098 3063 2153 3116 hi

568 3157 662 3226 qui
727 3155 1045 3225 sanguinem
1105 3154 1362 3217 fundunt,
1422 3153 1778 3222 similiterque
1834 3156 2151 3225 sanguinem

569 3253 690 3321 ejus
712 3249 804 3319 qui
851 3249 919 3303 ab
949 3248 1028 3303 eis
1059 3249 1111 3301 in
1142 3262 1383 3301 errorem
1408 3246 1656 3311 mittitur,
1677 3246 1909 3300 fundunt
1936 3265 1947 3299 :
1979 3247 2160 3316 pcrdi-

569 3343 733 3399 tionis
764 3344 910 3398 enim
943 3343 993 3396 ei
1039 3355 1205 3395 causa
1234 3339 1562 3395 eﬁiciuntur.
1598 3339 1735 3405 Quia
1766 3347 1946 3393 autem
1985 3338 2155 3409 possi-

569 3434 682 3488 bile
708 3433 809 3487 fuit
832 3433 951 3486 illos
982 3432 1341 3500 interrogare,
1375 3435 1471 3482 aut
1500 3429 1758 3498 cogitare,
1779 3438 1834 3481 et
1867 3428 2026 3497 cujus
2081 3428 2159 3483 rei

571 3526 740 3597 gratia
777 3525 893 3579 haec
919 3524 1127 3578 sancita
1153 3532 1302 3587 sunt,
1334 3523 1378 3575 si
1401 3523 1593 3575 lor-alia
1623 3532 1751 3576 sunt
1778 3562 1793 3587 ,
1825 3522 1893 3575 ad
1946 3531 2161 3591 tempus

570 3618 823 3683 dicimus,
853 3616 975 3687 quia
1007 3631 1227 3670 causam
1253 3616 1545 3685 ﬁgurarum
1591 3629 1921 3683 cognoscere
1973 3625 2160 3683 aperte

572 3728 682 3767 non
743 3720 1015 3782 poterant,
1066 3724 1245 3777 neque
1297 3708 1591 3776 cupiebant
1649 3708 1885 3762 revelate
1924 3709 2157 3773 discere,

571 3804 698 3873 quia
725 3804 954 3857 aliorum
989 3802 1256 3856 haberent
1302 3801 1564 3870 imagines
1602 3815 1665 3854 ea
1692 3816 1813 3869 qua:
1838 3801 2159 3855 sancieban-

574 3907 683 3951 tur.
716 3896 1080 3962 Quamobrem
1104 3910 1323 3949 causam
1362 3893 1468 3947 illis
1496 3893 1660 3947 aliam
1692 3894 1961 3948 veriorem
1983 3894 2159 3963 ipsam

572 3991 853 4062 Iegislator
888 3989 1129 4058 scripsit,
1164 4003 1327 4057 quam
1360 3988 1504 4041 hanc
1536 4005 1548 4039 :

645 4083 714 4137 Et
746 4099 1077 4152 nequaquam
1108 4081 1248 4134 ultra
1273 4079 1623 4133 immolabant
1656 4080 1854 4134 hostias
1894 4097 2019 4135 suas
2051 4082 2159 4135 dw-

573 4175 812 4230 monibus
835 4192 953 4229 cum
977 4175 1164 4245 quibus
1186 4175 1435 4245 fornicati
1462 4185 1600 4227 sunt.
1627 4173 1773 4239 Sive,
1800 4183 1858 4228 ut
1885 4174 2019 4227 LXX
2050 4192 2062 4227 :
2095 4175 2160 4227 Et

574 4285 677 4322 non
727 4267 1073 4321 immolabant
1104 4266 1245 4319 ultra
1302 4266 1566 4335 sacriﬁcia
1628 4282 1725 4319 sua
1771 4267 2109 4335 supervacuis
2140 4282 2158 4319 :

572 4378 697 4417 cum
733 4364 816 4417 eis
847 4361 1009 4416 alleo
1062 4368 1396 4431 praeceptum
1446 4359 1819 4415 fuissetzNon
1854 4360 2014 4430 facies
2069 4358 2163 4413 tibi

572 4453 792 4517 idolum,
822 4470 912 4507 nec
934 4470 1137 4506 omnem
1169 4452 1563 4506 similitudinem
1594 4468 1776 4505 eorum
1812 4467 1928 4519 qua:
1950 4454 2003 4504 in
2038 4451 2163 4505 creto

571 4556 694 4601 sunt
722 4564 953 4610 sursum,
978 4558 1026 4601 et
1072 4547 1128 4599 in
1156 4556 1297 4599 terra
1346 4547 1612 4610 deorsum,
1663 4555 1711 4598 et
1742 4562 2063 4616 quaecunque
2106 4547 2160 4599 in

572 4639 724 4693 acuis
749 4639 931 4693 subtus
992 4648 1189 4691 terram
1223 4638 1286 4690 ιδ.
1318 4635 1558 4691 Vitulum
1620 4636 1869 4691 fecerunt
1915 4637 2163 4691 conﬂati-

572 4730 678 4785 lem
717 4740 772 4786 et
808 4732 979 4787 vitulo
1033 4731 1715 4794 sacriﬁciumobtulerunt,
1756 4745 1917 4783 causa
1969 4732 2161 4799 gastri-

574 4822 792 4894 m'argite
824 4839 1042 4879 sumere
1083 4824 1350 4879 sacriﬁcia
1381 4823 1643 4877 volentes.
1683 4821 2013 4892 Pazdagogus
2066 4838 2151 4877 eo-

573 4929 695 4967 rum
730 4914 836 4978 lex,
866 4915 933 4968 de
989 4914 1069 4969 eis
1134 4913 1332 4968 oﬁ'erre
1388 4912 1651 4967 sacriﬁcia
1682 4913 1958 4982 praecepit,
1995 4922 2052 4966 ut
2102 4914 2158 4966 in

574 5006 693 5061 haec
745 5007 991 5075 occupati
1020 5007 1089 5060 ab
1113 5007 1263 5060 omni
1299 5006 1616 5061 idololatriae
1640 5005 1906 5061 sacriﬁcio
1960 5015 2159 5059 semet-

575 5095 724 5164 ipsos
758 5095 1070 5150 abstineant
1098 5114 1109 5149 :
1147 5105 1201 5150 et
1226 5096 1341 5149 haec
1373 5097 1570 5159 sancit,
1591 5110 1712 5163 qum
1742 5095 1824 5149 lex
1850 5110 1945 5149 eos
1967 5094 2159 5164 prohi—

574 5188 710 5243 bens
729 5188 798 5242 ab
828 5188 1093 5242 idolorum
1127 5186 1431 5251 sacriﬁciis,
1460 5186 1620 5239 simul
1650 5186 1845 5240 docere
1883 5188 2046 5239 etiam
2098 5184 2161 5239 ﬁ—

574 5295 737 5354 guras
768 5280 1150 5351 mysteriorum
1181 5280 1485 5333 futurorum
1510 5278 1833 5347 potuissent.
1869 5278 2012 5332 Bene
2066 5294 2165 5331 au-

576 5382 686 5427 tem
722 5374 928 5429 servire
951 5373 1135 5439 idolis,
1170 5370 1586 5426 fornicationem
1623 5370 1952 5439 appellavit:
1980 5381 2166 5441 aperte

577 5479 679 5519 nos
707 5464 935 5531 docens,
972 5467 1098 5535 quia
1128 5471 1342 5517 nostras
1364 5459 1574 5515 animas
1598 5460 1742 5515 Deus
1774 5463 1876 5517 sibi
1909 5463 1974 5517 ad
2016 5464 2162 5517 salu-

579 5566 689 5612 tem
718 5558 1028 5630 despondit,
1066 5570 1121 5611 et
1154 5556 1275 5609 ideo
1298 5554 1587 5609 fornicatio
1612 5555 1810 5611 dicitur
1835 5557 1903 5611 ab
1936 5557 2026 5611 illo
2055 5557 2164 5611 dis-

577 5650 773 5706 cessio.
809 5651 1038 5722 Insuper
1062 5655 1232 5705 terret
1264 5662 1359 5701 eos
1388 5648 1482 5718 qui
1528 5648 1582 5702 in
1607 5663 1771 5705 carne
1794 5649 2158 5717 fornicamur,

660 5857 703 5889 “
738 5856 908 5911 Exod.
942 5874 1032 5924 xx,
1070 5858 1103 5911 4
1130 5862 1186 5909 et
1217 5852 1392 5910 Levit.
1423 5872 1568 5921 xxvr,
1606 5859 1655 5915 I.

1763 370 2126 434 HESYCHII
2174 367 2651 429 PBESBYTERI

3666 369 3769 434 1N4

2182 497 2223 549 Α
2254 492 2309 536 et
2358 483 2517 537 docet
2545 484 2705 552 quale
2743 491 2827 537 est
2846 481 3226 538 fornicationis
3260 490 3557 552 peccatum,
3581 493 3634 539 ut
3681 487 3769 541 ido-

2256 574 2430 626 lorum
2471 574 2639 638 cultu,
2669 574 3105 639 fornicationem,
3136 584 3191 628 et
3226 575 3296 629 ad
3322 576 3581 630 daemones
3621 580 3773 633 conlu-

2257 663 2425 733 gium,
2468 663 2886 719 fornicationem
2909 666 3286 719 nominaretur
3313 680 3326 716 :

2327 753 2489 808 Vens.
2513 756 2567 819 8,
2593 756 2647 809 9.
2686 774 2702 806 ι
2729 756 2796 809 Ει
2820 756 2971 810 dices
3019 757 3087 811 ad
3144 758 3333 827 ipsos:
3375 756 3540 813 Homo
3574 760 3633 814 de
3683 762 3780 818 ﬁliis

2258 840 2441 908 Israel,
2468 851 2523 897 et
2552 844 2620 898 de
2648 844 2874 899 advenis
2927 846 3019 915 qui
3042 847 3462 917 peregrinantur
3515 854 3643 918 apud
3689 870 3780 919 vos,

2255 934 2347 1003 qui
2402 935 2662 991 obtulerit
2718 937 3122 1004 holocaustum,
3183 942 3301 996 sive
3351 942 3631 1010 victimam,
3655 958 3699 1001 et
3733 952 3783 1003 ad

2256 1029 2456 1081 ostium
2490 1029 2823 1085 tabernaculi
2874 1032 3170 1087 testimonii
3208 1048 3322 1087 non
3371 1034 3640 1091 adduxerit
3675 1055 3784 1107 eam,

2260 1127 2318 1174 ut
2356 1119 2620 1175 offeratur
2652 1123 2900 1191 Domino,
2944 1126 3186 1180 interibit
3211 1128 3281 1181 de
3312 1128 3513 1197 populo
3530 1145 3639 1184 suo.
3668 1151 3684 1183 ι

2330 1212 2397 1267 Et
2458 1212 2505 1267 si
2556 1213 2747 1268 eadem
2777 1215 2960 1271 dicere
3017 1217 3289 1287 legislator
3341 1219 3569 1285 videtur,
3620 1239 3789 1279 verum-

2258 1311 2441 1360 tamen
2469 1307 2753 1376 populum,
2822 1310 2913 1362 cui
2943 1309 3012 1363 ab
3050 1326 3117 1365 eo
3165 1311 3246 1365 lex
3272 1312 3584 1381 imponitur,
3621 1326 3789 1371 cautum

2259 1399 2442 1453 reddit
2477 1417 2491 1452 :
2523 1400 2716 1454 eadem
2737 1404 2939 1471 quippe
2978 1400 3295 1472 frequenter
3341 1404 3549 1469 dicens,
3599 1409 3790 1461 ostendit

2261 1489 2363 1543 hoc
2395 1492 2711 1547 mandatum
2771 1495 3145 1548 necessarium
3210 1511 3355 1558 esse,
3396 1497 3651 1566 nimisque
3673 1501 3785 1553 utile.

2267 1579 2649 1638 Verumtamen
2682 1600 2752 1638 ne
2800 1585 3001 1639 frustra
3052 1586 3290 1655 idipsum
3346 1602 3532 1640 rursus
3561 1588 3692 1647 dicit,
3725 1592 3790 1643 sed

2261 1690 2426 1743 supra
2447 1675 2664 1744 quidem
2690 1676 3026 1732 occidentem
3051 1677 3421 1741 solummodo,
3451 1687 3507 1731 ut
3526 1679 3716 1747 aliquod
3737 1680 3791 1732 fa-

2262 1774 2413 1819 ceret
2431 1766 2777 1833 sacriﬁcium,
2803 1784 2913 1823 non
2944 1777 3122 1823 tamen
3154 1770 3307 1823 omni
3352 1771 3513 1823 modo
3542 1781 3594 1824 et
3633 1772 3790 1842 reliqua

2192 1862 2236 1920 B
2264 1858 2514 1911 sacriﬁcii
2544 1858 2856 1923 facientem,
2887 1875 3063 1929 pinna:
3113 1860 3369 1931 subjecit,
3423 1864 3499 1915 ait
3526 1862 3659 1917 enim
3686 1864 3791 1928 :Oui

2265 1951 2512 2004 occiderit
2546 1952 2742 2015 bovem,
2776 1963 2869 2029 aut
2905 1969 3069 2019 ovem,
3096 1954 3203 2007 sive
3247 1955 3305 2006 in
3335 1956 3544 2019 castris,
3567 1956 3641 2008 vel
3683 1968 3793 2010 extra

2263 2054 2461 2107 castra,
2490 2056 2537 2098 et
2572 2062 2677 2099 non
2699 2047 2941 2101 obtulerit
2973 2048 3043 2101 ad
3080 2052 3273 2103 ostium
3319 2049 3640 2104 tabernaculi
3684 2053 3793 2104 oblu-

2263 2138 2454 2191 tionem
2523 2138 2767 2193 Domino.
2813 2140 2890 2194 Ibi
2950 2142 3264 2210 prohibitus
3330 2143 3714 2214 intelligiturab
3749 2161 3796 2199 eo

2260 2232 2404 2299 quod
2434 2232 2661 2285 tentavit
2705 2251 2717 2285 :
2755 2234 2843 2287 hic
2863 2246 3045 2289 autem
3072 2252 3180 2290 non
3212 2237 3308 2303 ita,
3344 2239 3441 2292 sed
3471 2257 3485 2294 :
3512 2238 3608 2302 Qui
3636 2240 3794 2293 obtule-

2263 2324 2336 2376 rit
2364 2323 2744 2389 holocaustum,
2773 2328 2878 2381 sive
2898 2329 3190 2394 victimam,
3219 2341 3269 2383 et
3296 2333 3369 2384 ad
3394 2333 3581 2385 ostium
3609 2334 3796 2387 taberna-

2263 2414 2369 2468 culi
2404 2418 2683 2470 testimonii
2708 2435 2810 2470 non
2830 2420 3111 2474 adduxerit
3140 2438 3280 2486 eam,
3307 2432 3364 2475 ut
3394 2424 3632 2493 offeratur
3657 2425 3795 2478 Domi-

2259 2522 2345 2563 no.
2377 2507 2826 2564 Consummatum
2856 2511 2969 2566 sive
3022 2513 3355 2568 sacriﬁcium
3403 2516 3688 2585 perfectum
3736 2519 3796 2572 di-

2258 2614 2408 2665 cens,
2432 2600 2487 2654 in
2511 2610 2722 2656 tantum
2752 2613 2813 2657 ut
2844 2604 3220 2660 holocaustum
3249 2606 3433 2673 ﬁeret,
3470 2610 3699 2665 eamdem
3735 2619 3795 2664 ιι·

2258 2708 2386 2747 men
2416 2703 2472 2748 et
2498 2694 2552 2747 in
2582 2695 2687 2749 hoc
2732 2712 2948 2766 pennam
2981 2699 3258 2769 praecepit.
3292 2699 3400 2766 Qui
3440 2702 3580 2756 enim
3629 2702 3794 2756 initium

2258 2784 2388 2841 fecit
2416 2787 2519 2841 hoc
2550 2790 2895 2855 attrectandi,
2937 2801 2992 2846 et
3020 2793 3334 2861 prohibitus
3366 2802 3467 2861 est,
3507 2795 3634 2849 nihil
3654 2794 3796 2849 diEert

2256 2879 2325 2933 ab
2348 2895 2416 2934 eo
2448 2881 2540 2950 qui
2562 2882 2872 2951 complevit.
2908 2883 3013 2937 Sed
3036 2894 3093 2939 et
3124 2886 3412 2956 utriusque
3473 2903 3635 2956 paena,
3656 2886 3796 2957 perdi-

2259 2973 2335 3028 tio
2367 2975 2435 3028 de
2456 2977 2660 3044 populo
2689 2985 2790 3039 est,
2822 2978 2894 3030 ita
2921 2987 2980 3031 ut
3006 2994 3117 3032 non
3147 2980 3324 3047 possit
3355 2982 3496 3034 ultra
3522 2982 3605 3035 hic
3639 2983 3686 3035 in
3721 2996 3794 3049 po-

2262 3068 2392 3137 pulo
2418 3068 2635 3138 degere.
2660 3084 2839 3137 neque
2868 3071 2936 3123 de
2962 3072 3387 3127 circumcisione
3411 3073 3635 3144 gloriari,
3657 3086 3795 3140 neque

2264 3159 2330 3214 de
2352 3176 2550 3231 genere
2580 3160 2854 3215 Abraham
2895 3165 3253 3233 semetipsum
3290 3181 3511 3229 ornare,
3541 3175 3625 3219 aut
3652 3165 3792 3219 Israe-

2263 3252 2356 3306 lita
2408 3253 2536 3317 dici,
2564 3254 2659 3307 sed
2694 3253 2836 3308 inter
2887 3256 3211 3324 przeputium
3238 3258 3510 3311 habentes
3542 3268 3592 3312 et
3637 3257 3793 3311 alieni-

2263 3358 2430 3413 genas
2457 3345 2842 3410 constituatur,
2878 3347 2982 3401 hoc
3015 3358 3101 3402 est
3129 3349 3372 3419 disperdi
3436 3350 3710 3420 quempiam
3742 3350 3793 3401 de

2264 3441 2469 3506 popqu
2495 3453 2616 3492 suo.
2660 3437 2802 3507 Ergo
2856 3440 3168 3510 quicunque
3201 3458 3353 3497 nunc
3388 3443 3520 3514 legis
3570 3440 3792 3502 mandata,

2264 3542 2362 3581 seu
2392 3528 2654 3584 terminos
2684 3530 3180 3599 transgrediuntur,
3206 3544 3363 3586 extra
3413 3532 3650 3602 templum
3666 3545 3795 3601 agen-

2264 3625 2347 3672 tes
2392 3634 2733 3689 quaecunque
2785 3624 3065 3677 destructo
3094 3624 3299 3693 templo
3335 3624 3421 3678 lex
3447 3625 3530 3694 agi
3561 3638 3657 3676 non
3688 3621 3792 3681 vult,

2259 3711 2370 3781 jam
2402 3727 2511 3765 non
2543 3723 2671 3767 sunt
2703 3714 2979 3778 Israelita,
3012 3732 3113 3770 nec
3175 3717 3495 3771 .iudaaorum
3528 3713 3789 3785 appellatio-

2263 3818 2387 3856 nem
2411 3805 2555 3874 juste
2578 3806 2677 3860 sibi
2709 3816 2990 3876 usurpant.
3022 3807 3126 3862 Sed
3162 3808 3329 3862 etiam
3364 3809 3492 3862 illud
3531 3823 3630 3877 prae
3652 3803 3782 3859 omni-

2263 3896 2366 3950 bus
2388 3898 2565 3952 notari
2591 3884 2822 3967 Oportet,
2852 3901 2996 3969 quod
3020 3917 3130 3954 non
3157 3902 3337 3955 solum
3366 3918 3463 3957 eos
3482 3901 3571 3971 qui
3597 3915 3655 3954 ex
3700 3895 3783 3950 ﬁliis

2265 3987 2429 4042 Israel
2458 3998 2604 4054 sunt,
2661 3997 2775 4046 haec
2828 3993 3085 4062 praecepit
3109 3996 3412 4059 custodire,
3444 3994 3537 4048 sed
3564 4008 3671 4046 cum
3694 3987 3787 4058 ipsis

2264 4092 2320 4135 et
2351 4084 2671 4154 proselytas,
2700 4090 2816 4138 sive
2870 4086 3125 4151 advenas,
3158 4086 3251 4155 qui
3311 4086 3702 4156 peregrinantur
3723 4081 3788 4131 in-

2268 4182 2347 4227 ter
2384 4189 2497 4238 eos,
2536 4176 2588 4228 id
2615 4185 2699 4230 est
2725 4178 2973 4246 gentiles,
3010 4177 3065 4231 hi
3096 4178 3242 4231 enim
3280 4195 3393 4232 non
3443 4180 3524 4233 eis
3566 4169 3787 4243 conjuncti

2266 4275 2411 4329 sunt,
2444 4267 2538 4321 sed
2560 4268 2705 4337 apud
2733 4284 2829 4321 eos
2858 4278 3006 4333 sunt,
3040 4269 3164 4338 quia
3196 4272 3343 4339 apud
3369 4286 3467 4324 eos
3512 4282 3690 4331 sumus,
3720 4270 3792 4315 ul-

2266 4365 2392 4427 pote
2417 4359 2589 4430 legem
2620 4375 2831 4429 eorum,
2866 4370 2921 4415 et
2957 4363 3272 4432 prophetas,
3309 4374 3369 4416 et
3413 4363 3707 4432 promissam
3733 4356 3794 4407 eis

2268 4450 2642 4506 hmreditatem
2671 4453 2954 4508 habentes.
2980 4455 3339 4509 Adhaeremus
3373 4463 3549 4508 autem
3590 4465 3687 4504 non
3732 4448 3796 4515 ip-

2196 4556 2237 4612 D
2266 4543 2358 4608 sis,
2388 4546 2483 4599 sed
2530 4547 2673 4600 Deo:
2716 4555 2980 4617 praeterea
3011 4548 3313 4602 secundum
3352 4546 3513 4610 LXX,
3541 4546 3687 4599 homo
3734 4539 3797 4592 di-

2271 4639 2368 4703 xit,
2394 4654 2519 4693 cum
2545 4639 2730 4694 liceret
2766 4641 3087 4710 simpliciter
3129 4641 3310 4695 dicere
3350 4640 3633 4702 hominem,
3656 4631 3799 4701 dupli-

2269 4741 2358 4786 cat
2385 4741 2586 4799 tamen,
2615 4744 2674 4786 ut
2710 4736 2960 4788 ostendat
3006 4744 3114 4788 tam
3154 4750 3279 4788 eum
3311 4734 3403 4803 qui
3463 4734 3514 4785 in
3561 4724 3798 4785 circumci-

2269 4839 2444 4888 sione,
2481 4840 2641 4893 quam
2676 4825 2767 4895 qui
2801 4826 2854 4878 in
2891 4826 3155 4894 praeputio
3176 4825 3417 4879 adhaeret
3459 4824 3583 4886 Deo,
3614 4822 3705 4874 hoc
3722 4816 3797 4870 dc—

2269 4913 2399 4968 bere
2431 4915 2702 4969 custodire
2732 4917 3071 4971 mandatum.

2343 5005 2504 5060 Vens.
2544 5006 2731 5062 10-l2.
2764 5027 2780 5057 ι
2812 5007 2985 5061 Ilomo
3028 5006 3257 5076 quilibet
3300 5007 3367 5061 de
3398 5006 3555 5061 domo
3580 4998 3797 5059 lsrael,et

2265 5098 2333 5153 de
2361 5099 2584 5154 advenis
2615 5100 2708 5169 qui
2746 5100 3166 5174 peregrinantur
3197 5102 3342 5155 inter
3366 5116 3479 5165 eos,
3516 5098 3558 5151 si
3587 5090 3795 5150 comede-

2266 5193 2337 5246 rit
2372 5192 2713 5263 sanguinem,
2741 5193 3043 5247 obﬁrmabo
3075 5192 3267 5247 faciem
3298 5207 3470 5247 meam
3496 5198 3667 5245 contra
3701 5180 3795 5236 ani-

2267 5300 2414 5338 mam
2444 5285 2607 5349 illius,
2631 5293 2687 5339 et
2719 5285 3029 5354 disperdam
3057 5301 3179 5340 eam
3214 5286 3281 5341 de
3325 5284 3519 5355 populo
3547 5296 3655 5336 suo.
3684 5271 3794 5340 Quia

2271 5377 2451 5430 anima
2479 5377 2660 5430 carnis
2686 5377 2739 5430 in
2765 5377 3030 5447 sanguine
3063 5386 3168 5441 est,
3204 5387 3259 5431 et
3293 5391 3390 5448 ego
3421 5373 3541 5429 dedi
3570 5371 3701 5425 illum
3724 5376 3796 5416 v0-

2270 5469 2374 5533 bis,
2407 5478 2466 5523 ut
2496 5486 2659 5540 super
2682 5471 2849 5525 altare
2871 5471 2928 5523 in
2956 5485 3023 5525 eo
3056 5470 3284 5540 expietis
3307 5485 3401 5540 pro
3439 5463 3702 5522 animabus
3719 5469 3795 5550 re:

2272 5560 2422 5626 stris,
2452 5570 2508 5616 et
2531 5562 2749 5633 sanguis
2776 5577 2876 5632 pro
2903 5563 3101 5616 animae
3131 5561 3346 5633 piaculo
3372 5560 3457 5625 sit,
3484 5554 3671 5611 idcirco
3705 5543 3794 5599 dixi

2273 5654 2397 5709 ﬁliis
2425 5654 2592 5711 Israel
2622 5673 2635 5708 :
2661 5652 2851 5710 Omnis
2902 5655 3085 5711 anima
3141 5669 3209 5711 ex
3232 5672 3233 5677 π
3257 5653 3407 5710 vobis
3448 5663 3549 5704 non
3585 5633 3795 5699 comedei

2186 3212 2229 3270 C
