4032 6428
200 384 353 451 1005

1354 376 1435 437 ΙΝ
1472 371 1906 436 LEVI‘I‘ICUM.
1947 395 2014 407 --
2047 370 2193 430 LIB.
2234 371 2298 432 V.

3331 358 3470 425 1006

196 505 552 578 sanguinem,
586 516 691 559 nec
714 517 779 557 ex
814 501 1038 557 advenis
1067 498 1159 570 qui
1191 498 1609 569 peregrinantur
1648 507 1790 550 niler
1820 511 1859 566 Α
1892 487 1986 551 Cit.
2013 487 2205 541 Anima
2238 486 2416 541 cunnis
2456 484 2636 539 carnis
2664 485 2717 537 in
2749 483 3010 578 sanguine
3053 481 3175 578 ejus
3196 487 3317 578 est,
3348 482 3471 535 nul-

196 611 334 651 VOS.
372 612 393 646 ι
1010 636 1021 643 .

274 684 425 741 LXX
447 695 628 740 autem
654 684 742 738 hic
762 683 951 747 edunt,
984 680 1153 735 Homo
1174 683 1347 734 homo.
1381 682 1535 746 Quod
1562 696 1793 750 quomo-

196 779 277 833 do
312 786 563 850 oporteat
596 777 845 848 intelligi,
879 774 1133 844 superius
1168 776 1426 829 diximus.
1462 774 1603 844 Ergo
1630 789 1794 842 opor-

198 879 286 925 tet
320 870 562 925 mandati
596 869 760 933 huius
790 869 1029 922 litteram
1053 868 1353 932 custodire,
1386 876 1443 922 et
1482 868 1794 921 nullatenus

197 963 504 1019 comedere
533 961 874 1033 sanguinem.
902 960 1016 1017 Hoc
1049 962 1195 1017 enim
1228 969 1284 1016 et
1317 960 1591 1030 apostolos
1636 960 1794 1013 inve-

199 1055 333 1110 nies
366 1054 711 1126 praecepisse,
742 1054 959 1123 quando
989 1054 1056 1109 de
1081 1053 1407 1124 quibusdam
1425 1052 1664 1107 Judaicis
1695 1054 1794 1106 ob-

198 1148 617 1203 servationibus
660 1147 1010 1202 contentione
1054 1147 1109 1200 in
1152 1147 1505 1202 Antiochensi
1553 1145 1793 1200 Ecclesia

198 1240 379 1303 facta,
408 1241 473 1295 ad
506 1255 601 1295 eos
627 1240 795 1294 relata
833 1250 917 1295 est
953 1240 1202 1310 quaesno,
1237 1240 1329 1309 qui
1382 1240 1554 1311 legem
1595 1255 1795 1309 posue-

200 1342 363 1395 runt,
400 1333 673 1388 solventes
704 1333 1061 1403 quaestionem
1092 1335 1251 1400 hanc,
1302 1343 1362 1395 et
1415 1334 1742 1389 deﬁnientes
1778 1354 1791 1390 :

206 1424 397 1479 Visum
427 1436 501 1480 est
529 1442 650 1496 ergo
680 1426 899 1496 Spiritui
921 1438 1107 1480 sancto
1144 1438 1192 1481 et
1216 1429 1379 1489 nobis,
1412 1428 1545 1481 nihil
1568 1429 1797 1497 amplius

200 1515 484 1585 imponere
536 1516 674 1570 vobis
728 1517 916 1579 oneris,
951 1533 1111 1586 quam
1162 1527 1218 1570 ut
1264 1517 1570 1571 abstinentia
1614 1534 1700 1571 vos
1730 1519 1795 1570 ab

204 1609 509 1662 immolatis
562 1608 988 1671 simulacrorum,
1027 1618 1075 1661 et
1120 1609 1395 1679 sanguine,
1429 1617 1476 1661 et
1524 1609 1793 1677 suffocato,

203 1710 252 1754 et
286 1700 643 1771 fornicatione
664 1704 728 1754 ¹⁶.
772 1702 1066 1771 Propterea
1092 1701 1408 1772 sanguinem
1433 1701 1649 1770 quidem
1673 1717 1798 1771 pro—

209 1795 332 1865 prie
362 1795 737 1861 homicidium,
764 1811 983 1849 onmem
1024 1805 1203 1849 autem
1261 1796 1600 1865 sanguinem,
1635 1812 1797 1851 omne

1895 581 2107 634 latentis
2132 578 2489 633 substantiam
2518 578 2712 633 animae
2740 576 3055 646 sanguinem
3078 574 3466 644 intelligamus,

1896 673 1991 733 sed
2025 675 2151 742 quia
2186 672 2503 727 societatem
2535 688 2660 726 cum
2683 687 2845 726 carne
2870 686 2969 741 per
3015 670 3331 742 sanguinem
3372 670 3472 724 ha-

1896 765 2006 829 bet,
2042 776 2099 819 et
2128 766 2346 834 quando
2378 765 2483 820 hoc
2515 774 2834 825 evacuatum
2862 765 3046 833 fuerit,
3079 776 3171 820 aut
3202 766 3469 836 friguerit,

1896 865 2027 912 tunc
2055 874 2086 912 a
2112 875 2275 913 carne
2304 859 2617 914 dissolvitur
2662 862 2739 915 sic
2761 860 3019 916 Creatore
3075 872 3328 917 naturam
3374 878 3475 917 no—

1898 960 2067 1006 stram
2097 952 2443 1021 disponente.
2485 953 2619 1018 Quia
2669 969 2799 1025 ergo
2847 955 3098 1010 Christus
3154 957 3473 1027 sanguinem

1898 1056 2055 1096 suum
2087 1042 2152 1096 ad
2179 1043 2540 1110 expiationem
2564 1046 2870 1099 animarum
2926 1058 3239 1103 nostrarum
3298 1051 3472 1114 dedit,

1898 1144 1958 1190 ut
1985 1135 2053 1189 ab
2084 1137 2231 1191 omni
2260 1152 2359 1191 nos
2386 1137 2699 1202 homicidio,
2721 1141 2978 1210 omnique
3007 1142 3111 1196 alia
3162 1144 3473 1214 iniquitate,

1895 1243 2016 1297 quae
2043 1228 2338 1284 homicidio
2356 1231 2600 1299 proxima
2631 1240 2735 1297 est,
2786 1234 3180 1292 abstineamus.
3219 1239 3476 1294 Commu—

1897 1319 1984 1372 nis
2008 1320 2155 1373 enim
2190 1321 2275 1374 lex
2311 1331 2413 1388 est,
2438 1331 2493 1376 et
2518 1333 2705 1377 contra
2740 1340 2931 1380 omnes
2953 1331 3286 1385 extenditur.

1968 1412 2129 1469 Vens.
2175 1412 2260 1479 15,
2296 1415 2382 1468 14.
2422 1433 2439 1465 ‹
2477 1415 2650 1471 llomo
2672 1418 2983 1488 quicunque
3019 1422 3086 1476 de
3120 1423 3243 1477 ﬁliis
3290 1424 3474 1490 Israel,

1897 1516 1951 1560 et
1980 1506 2046 1561 de
2072 1507 2297 1562 advenis
2323 1509 2417 1578 qui
2440 1511 2861 1580 peregrinantur
2889 1516 3033 1582 apud
3063 1533 3177 1582 vos,
3216 1518 3259 1571 si
3311 1535 3477 1573 vena-

1899 1596 2048 1651 tione
2095 1608 2260 1667 atque
2283 1600 2516 1667 aucupio
2539 1602 2746 1669 ceperit
2776 1602 2944 1657 feram
2973 1606 3055 1659 vel
3076 1623 3256 1671 avem,
3284 1611 3481 1679 quibus

1897 1690 2043 1745 vesci
2076 1691 2283 1745 licitum
2309 1701 2411 1756 est,
2443 1693 2632 1747 fundat
2654 1695 2972 1766 sanguinem
3004 1700 3143 1768 ejus,
3177 1712 3231 1756 et
3275 1705 3484 1772 Operiat

1899 1782 2051 1838 illum
2087 1794 2229 1839 terra
2259 1802 2271 1838 :
2306 1786 2488 1841 anima
2517 1787 2663 1842 enim
2705 1791 2884 1844 omnis
2910 1794 3090 1849 carnis
3131 1796 3186 1850 in
3218 1800 3482 1868 sanguine

208 1885 522 1941 fraternum
543 1887 727 1942 odium
755 1887 1133 1959 intelligamus,
1165 1889 1289 1957 quia
1321 1889 1411 1958 qui
1436 1890 1543 1942 odit
1580 1891 1799 1958 fratrem
1832 1866 1874 1924 Β
1903 1888 2013 1967 θδῐδ
2062 1878 2217 1934 Unde
2275 1879 2386 1934 diXi
2439 1880 2565 1936 ﬁliis
2614 1882 2813 1938 Israel:
2848 1883 3175 1957 Sanguinem
3216 1866 3484 1946 universae

209 1992 392 2042 suum,
440 1978 704 2030 homicida
734 1988 809 2030 est
837 1979 900 2042 ιθ,
933 1977 1074 2032 sicut
1124 1977 1363 2033 Joannes
1387 1979 1623 2049 scripsit.
1659 1979 1799 2033 Dicit

212 2083 347 2137 ergo
399 2084 618 2123 onmem
670 2069 1029 2140 sanguinem,
1082 2070 1407 2140 injustitiam
1464 2071 1796 2125 dolosorum.

224 2158 402 2213 Virum
465 2162 602 2214 enim
653 2164 970 2231 sanguinum
1028 2172 1074 2215 et
1128 2163 1363 2216 dolosam
1413 2164 1803 2217 abominabitur

223 2250 477 2306 Dominus
529 2254 612 2307 *τε
668 2263 726 2308 et
769 2270 1109 2324 quaecunque
1179 2256 1548 2324 proximorum
1602 2268 1804 2312 nocent

230 2347 371 2412 vit-.c,
402 2362 497 2416 per
531 2345 759 2401 insidias
785 2348 1079 2417 quaslibet,
1108 2349 1181 2401 ita
1214 2359 1270 2402 ut
1322 2350 1617 2405 homicidio
1672 2366 1802 2404 san-

238 2441 410 2510 guinis
424 2451 827 2510 comparentur.
857 2443 923 2497 Et
957 2452 1244 2512 propterea
1274 2449 1341 2498 ab
1362 2445 1509 2498 omni
1542 2446 1805 2515 sanguine

240 2533 488 2588 abstineri
510 2542 749 2603 oportet,
784 2536 1019 2590 scientes
1050 2536 1175 2605 quia
1221 2552 1387 2606 super
1417 2537 1655 2592 animam
1683 2553 1805 2607 quae

241 2626 391 2680 talem
421 2629 740 2696 sanguinem
766 2629 1082 2692 comedunt,
1112 2630 1180 2684 de
1212 2631 1411 2699 quibus
1443 2631 1660 2685 dicebat
1700 2631 1800 2684 Da-

231 2719 353 2774 vid:
380 2719 479 2783 Qui
502 2725 751 2773 devorant
776 2720 973 2790 plebem
1004 2738 1177 2775 meam
1207 2723 1339 2775 sicut
1363 2739 1535 2776 escam
1565 2725 1718 2792 panis
1738 2724 1804 2790 ’⁸,

226 2813 423 2868 faciem
449 2830 602 2869 suam
622 2814 876 2869 obﬁrmat
912 2814 1073 2879 Deus,
1097 2816 1349 2871 videlicet
1379 2817 1649 2872 Christus.
1688 2818 1810 2888 Ipse

226 2915 310 2960 est
340 2909 489 2960 enim
527 2907 705 2978 imago
738 2905 932 2976 patris,
967 2910 1093 2976 quia
1127 2907 1220 2977 qui
1262 2908 1396 2962 vidit
1430 2907 1644 2974 Filium,
1676 2908 1811 2963 vidit

226 3010 280 3052 et
304 2997 544 3052 Patrem.
581 2998 698 3068 Ipse
737 2999 902 3053 etiam
930 3001 1094 3070 juilex
1132 3007 1248 3063 est,
1279 3008 1333 3054 et
1370 3000 1681 3054 necessarie
1742 3000 1808 3053 ad

225 3093 673 3146 connninamlmn
724 3093 809 3148 his
845 3097 935 3163 qui
984 3094 1251 3147 malorum
1308 3104 1436 3148 sunt
1474 3104 1809 3163 operatores,

1905 1971 2084 2025 carnis
2103 1987 2215 2027 non
2250 1973 2566 2041 comedetis,
2594 1978 2721 2045 quia
2770 1979 2952 2033 anima
3005 1983 3185 2037 carnis
3243 1984 3295 2037 in
3358 2002 3486 2039 san-

1903 2066 2068 2137 guine
2125 2076 2226 2121 est.
2280 2066 2347 2121 Et
2386 2068 2696 2140 quicunque
2740 2070 2889 2126 illum
2940 2076 3271 2144 comederit,
3317 2079 3487 2134 inter-

1910 2157 2029 2213 ibit.
2062 2176 2081 2209 ι

1980 2250 2203 2305 Multum
2239 2267 2385 2307 cura:
2438 2263 2521 2308 est
2558 2255 2671 2309 Deo
2704 2264 2763 2310 ut
2801 2257 3121 2313 alterutrum
3166 2262 3327 2316 nobis
3382 2263 3488 2317 mi-

1907 2342 2054 2397 nime
2116 2360 2427 2401 noceamus.
2464 2346 2755 2418 Propterea
2803 2355 3129 2420 percutienti
3191 2357 3485 2420 maxillam,

1907 2435 2049 2500 cedi,
2082 2444 2137 2489 et
2163 2452 2271 2489 non
2302 2452 2424 2491 cum
2456 2440 2746 2508 eojndicio
2801 2445 3156 2509 contendere,
3212 2447 3491 2501 similiter-

1907 2542 2013 2596 que
2043 2536 2097 2581 et
2124 2528 2189 2582 de
2216 2543 2282 2582 eo
2312 2529 2401 2599 qui
2436 2530 2615 2585 aufert
2644 2533 2804 2587 nobis
2844 2536 3063 2603 pallium
3089 2536 3248 2594 Jesus
3284 2555 3487 2608 praece-

1910 2621 2030 2690 pit:
2066 2628 2125 2674 ut
2174 2638 2245 2677 ne
2304 2624 2522 2692 quidem
2553 2641 2619 2679 ex
2667 2628 3019 2682 contentione
3067 2630 3133 2684 ad
3184 2632 3490 2686 nocendum

1910 2713 2157 2781 proximo
2209 2730 2589 2784 provocemur,
2614 2718 2710 2771 sed
2746 2718 2856 2772 imo
2886 2728 2943 2773 ut
2970 2736 3095 2775 eum
3143 2723 3233 2790 qui
3291 2724 3493 2792 injuste

1911 2816 2099 2861 contra
2129 2823 2230 2861 nos
2262 2809 2391 2879 agit,
2431 2826 2526 2878 per
2572 2820 2811 2865 nostram
2878 2814 3193 2882 patientiam
3251 2819 3493 2888 corriga-

1914 2915 2054 2952 mus.
2096 2899 2242 2953 Nihil
2270 2916 2399 2972 ergo
2447 2904 2701 2973 amplius,
2731 2920 2893 2974 quam
2946 2907 3229 2975 injustitia,
3272 2919 3325 2963 et
3364 2927 3493 2965 ava-

1912 2991 2034 3045 ritia
2060 3034 2073 3056 ,
2115 3001 2167 3046 et
2208 2994 2479 3048 alternum
2518 2996 2701 3050 odium
2748 3007 2989 3053 coarctat
3026 3002 3191 3054 vitam
3228 3011 3490 3057 nostram.

1914 3082 1994 3136 Ad
2034 3082 2137 3138 hoc
2191 3084 2483 3140 intendens
2518 3088 2811 3159 legislator,
2865 3095 3148 3163 sanguinis
3182 3098 3494 3153 mandatum

224 3185 530 3256 disperdam
564 3187 801 3256 ponitur.
834 3188 977 3257 quod
1008 3188 1349 3243 demonstrat
1382 3186 1548 3242 David
1570 3188 1763 3243 dicens
1794 3206 1806 3242 :
1842 3210 1883 3267 ρ
1916 3189 2026 3267 fw"
2055 3174 2253 3267 "05m
2282 3178 2680 3248 τθοθβίιηιθνίῑν
2712 3182 2807 3237 ⁵θά
2842 3184 2968 3253 (Ιυίθ
3017 3187 3237 3255 (ιιιίὼὶιη
3290 3186 3497 3244 “Mldl-

240 3276 426 3333 Vultus
459 3290 636 3334 autem
666 3282 874 3334 Domini
918 3298 1075 3350 super
1112 3283 1360 3353 facientes
1396 3282 1562 3345 mala,
1596 3292 1652 3336 ut
1689 3299 1809 3352 per-

225 3377 319 3422 dat
357 3370 422 3423 de
447 3380 589 3423 terra
626 3372 935 3425 memoriam
967 3388 1145 3425 eorum
1176 3373 1238 3425 ¹⁹.
1275 3373 1376 3426 llic
1408 3374 1644 3426 animam
1677 3388 1809 3427 san-

226 3465 451 3535 guinem
508 3465 881 3520 comedentem
946 3466 1123 3535 perdit
1168 3466 1235 3521 de
1292 3468 1496 3536 populo
1542 3468 1679 3536 ejus,
1739 3466 1808 3519 de

225 3558 507 3612 communi
535 3558 783 3613 videlicet
803 3559 1087 3613 hominum
1112 3574 1340 3630 genere;
1373 3559 1513 3613 hanc
1538 3560 1682 3613 enim
1706 3559 1813 3612 sic-

226 3661 286 3705 ut
316 3651 809 3707 immisericordem
842 3661 897 3705 et
944 3651 1167 3721 impiam
1221 3666 1501 3721 separans,
1538 3667 1661 3707 cum
1695 3667 1811 3704 ma-

226 3742 396 3810 lignis
442 3744 771 3797 condemnat
818 3742 1178 3803 daemonibus,
1203 3752 1260 3797 et
1310 3743 1363 3796 in
1420 3744 1597 3814 ignem
1646 3741 1812 3796 mittit

226 3847 521 3901 aeternum,
547 3840 634 3908 qui
660 3847 884 3907 paratus
906 3846 979 3890 est
1008 3836 1236 3896 diabolo,
1278 3848 1325 3890 et
1365 3837 1564 3907 angelis
1595 3837 1708 3906 ejus
1741 3838 1808 3890 '°.

232 3934 446 3988 Deinde
489 3934 773 3987 insinuans
813 3942 1079 4001 quantum
1116 3949 1216 3988 nos
1242 3934 1502 3987 debemus
1551 3932 1809 4002 compati,

230 4036 287 4081 et
321 4026 711 4081 misericordes
751 4040 893 4087 esse,
953 4012 1184 4079 invicem
1237 4025 1542 4094 diligentes,
1592 4033 1814 4093 propter

234 4132 363 4172 eum
384 4117 476 4187 qui
504 4125 705 4171 tantam
736 4116 992 4185 pietatem
1024 4116 1079 4169 in
1105 4115 1262 4169 nobis
1283 4114 1539 4178 ostendit,
1575 4123 1633 4168 ut
1654 4129 1814 4168 suum

237 4208 558 4278 sanguinem
584 4206 837 4260 funderet
859 4207 925 4261 ad
971 4206 1414 4277 propitiationem
1458 4214 1725 4267 nostram,
1762 4214 1815 4257 et

240 4315 342 4369 pro
364 4300 565 4354 nostris
597 4300 882 4353 animabus
907 4298 1082 4363 daret,
1114 4300 1227 4352 ait:
1263 4297 1399 4363 Quia
1423 4299 1603 4351 animo
1648 4297 1818 4351 omnis

249 4393 417 4445 carnis
444 4394 500 4445 in
530 4393 785 4461 sanguine
807 4401 900 4455 est,
930 4402 978 4445 et
1011 4408 1103 4463 ego
1142 4391 1263 4444 dedi
1283 4390 1434 4444 illum
1458 4391 1618 4455 vobis,
1647 4403 1702 4445 ut
1727 4408 1819 4444 su-

246 4501 342 4554 per
359 4484 528 4539 altare
557 4486 613 4538 in
634 4501 692 4538 eo
717 4485 933 4554 expietis
960 4502 1054 4553 pro
1079 4484 1355 4537 animabus
1384 4484 1564 4535 vestris
1593 4485 1658 4537 ²¹.
1703 4482 1817 4552 My-

1917 3265 2019 3319 bus
2050 3266 2396 3334 quibusdam,
2423 3278 2475 3324 et
2504 3272 3024 3340 machinationibus,
3055 3279 3328 3350 variisque
3358 3282 3497 3337 dolis

1916 3372 2117 3411 nocere
2146 3360 2520 3428 popularibus,
2553 3364 2704 3432 quasi
2750 3365 3065 3436 ignorantes
3118 3372 3314 3437 solent,
3352 3376 3499 3444 peri-

1917 3466 2067 3505 mere
2095 3454 2259 3507 etiam
2311 3455 2624 3525 lmjusmodi
2685 3461 2966 3516 molimina
3030 3469 3332 3535 perspexit.
3362 3467 3500 3523 Nam

1916 3543 2040 3597 vide
2062 3546 2191 3614 quid
2225 3550 2524 3618 praecipiat.

1989 3638 2047 3693 Si
2076 3643 2349 3696 venatione
2379 3654 2538 3715 atque
2565 3650 2791 3718 aucupio
2816 3652 3007 3719 ceperit
3036 3654 3225 3723 ferant,
3244 3655 3326 3708 vel
3355 3673 3502 3709 avem

1919 3729 2105 3798 quibus
2148 3733 2281 3785 vesci
2332 3732 2533 3787 licitum
2575 3746 2671 3798 est,
2722 3739 2910 3808 fundat
2941 3743 3255 3811 sanguinem
3286 3745 3420 3812 ejus,
3453 3756 3504 3799 et

1921 3823 2123 3890 aperiat
2152 3822 2301 3876 illum
2335 3834 2498 3879 terra.
2540 3825 2695 3892 Quod
2734 3831 2950 3885 venatio
2997 3833 3231 3888 maxime
3282 3835 3505 3905 injusti-

1922 3912 2074 3973 tiam.
2108 3912 2432 3982 iniustitiam
2487 3926 2670 3971 autem
2711 3934 2819 3972 non
2888 3922 3205 3989 quamlibet,
3267 3927 3360 3980 sed
3384 3943 3505 3982 eam

1921 4019 2041 4072 quae
2053 4005 2120 4059 ad
2140 4007 2455 4077 sanguinem
2472 4010 2667 4075 tendit,
2685 4012 2957 4082 vitamque
2981 4015 3510 4085 ipsamquodammo-

1922 4095 1993 4150 do
2020 4112 2116 4164 per
2129 4098 2312 4152 dolum
2334 4099 2686 4171 fraudemque
2709 4104 2985 4173 injustitia
3010 4109 3265 4176 patientis
3282 4121 3460 4177 nocet,
3478 4128 3508 4165 a

1924 4188 2107 4244 divina
2146 4189 2431 4261 Scriptura
2445 4195 2613 4264 accipi
2639 4197 2834 4265 soleat,
2861 4200 2983 4255 audi
3010 4200 3175 4257 David
3193 4204 3461 4259 dicentem
3489 4224 3507 4261 .'

1925 4280 2225 4347 Captabunt
2260 4285 2313 4337 in
2367 4287 2604 4340 animam
2638 4289 2795 4357 justi,
2827 4301 2875 4344 et
2914 4296 3224 4358 sanguinem
3257 4297 3511 4351 innocen-

1927 4386 2028 4428 tem
2057 4377 2472 4432 condemnabunt
2496 4381 2561 4433 ⁸⁸.
2590 4380 2658 4435 Ει
2684 4399 2908 4438 rursus:
2948 4386 3137 4439 Anima
3166 4401 3341 4442 nostra
3375 4390 3510 4444 sicut

1925 4486 2113 4538 passer
2181 4482 2362 4542 erepta
2412 4484 2487 4527 est
2531 4476 2594 4528 de
2628 4476 2810 4545 laqueo
2855 4481 3161 4533 venantium
3183 4484 3247 4535 ²¹⁶.
3298 4482 3354 4536 Si
3388 4486 3551 4554 quis'

242 4578 438 4632 sticum
460 4576 665 4631 Christi
694 4577 1013 4647 sanguinem
1068 4576 1415 4647 signiﬁcans;
1442 4575 1663 4644 sanguis
1693 4590 1808 4645 ergc

1927 4578 2056 4633 ergo
2097 4566 2440 4619 venationem
2479 4568 2730 4636 coeperit,
2763 4569 2817 4623 id
2849 4578 2934 4623 est
2962 4585 3279 4640 peccantem
3311 4576 3514 4630 viderit

241 4670 418 4739 ipsius
452 4686 553 4739 pro
602 4670 800 4723 animae
826 4670 1045 4739 piaculo
1068 4670 1197 4724 erit.
1227 4670 1464 4741 Sanguis
1528 4686 1695 4740 super
1743 4672 1825 4725 al-

242 4768 362 4811 tare
390 4758 461 4811 ad
489 4758 855 4827 expiationem
884 4758 1193 4813 animarum
1224 4770 1558 4826 nostrarum,
1583 4776 1681 4830 pro
1704 4762 1823 4814 ani-

240 4865 334 4904 ma
366 4851 610 4919 expians,
640 4850 729 4905 hic
777 4860 860 4905 est
887 4867 1050 4921 quem
1071 4852 1262 4907 ell‘udit
1292 4869 1392 4922 pro
1430 4853 1591 4908 nobis
1643 4853 1826 4908 cruci-

241 4941 413 5002 ﬁxus.
445 4952 501 4997 et
551 4944 940 5011 expiationem,
976 4944 1092 4999 sive
1134 4944 1574 5014 prepitiationem
1637 4945 1824 5015 generi

245 5035 494 5090 humano
520 5035 792 5104 praestitit,
814 5036 1083 5106 primitias
1110 5038 1367 5103 oﬁ'erens,
1414 5049 1639 5108 propter
1682 5038 1828 5108 quod

246 5135 401 5180 recte
438 5125 575 5179 dicit
605 5147 617 5181 ;

324 5217 395 5273 Et
432 5220 647 5289 sanguis
668 5236 761 5288 pro
791 5222 984 5275 anima:
1011 5222 1221 5289 piaculo
1271 5224 1363 5275 sit.
1427 5222 1624 5275 Anima
1680 5221 1829 5276 enim

251 5311 395 5381 ejus,
432 5312 668 5380 primum
696 5313 915 5381 quidem
943 5330 1064 5384 qua
1090 5316 1158 5369 ab
1189 5331 1255 5370 eo
1313 5316 1600 5386 plasmata,
1629 5315 1830 5371 deinde

253 5402 385 5471 quia
436 5412 639 5457 nostrae
680 5419 800 5457 eam
845 5407 1367 5462 consubstantialem
1423 5409 1643 5469 animae.
1706 5424 1830 5462 cum

258 5496 642 5552 incarnaretur
693 5497 924 5565 accepit,
956 5506 1016 5551 ut
1066 5500 1183 5569 ipse
1233 5518 1332 5570 pro
1363 5503 1523 5556 nobis
1581 5501 1837 5555 redderet

259 5603 425 5659 quam
448 5605 549 5644 nos
572 5589 907 5643 debebamus
932 5601 1184 5645 mortem.
1210 5594 1475 5656 Quoniam
1511 5602 1693 5647 autem
1751 5593 1838 5647 di-

343 5794 385 5825 "
421 5793 541 5847 Act.
575 5811 663 5855 xv,
706 5795 794 5850 38.
875 5796 918 5827 ¹⁶
950 5799 967 5849 ι
1003 5796 1160 5852 Joan.
1192 5814 1248 5861 ιι,
1286 5800 1342 5852 Η
1374 5800 1647 5863 etin,15.

271 5864 357 5917 l7.
434 5866 477 5895 ’θ
505 5864 697 5920 Matth.
726 5883 850 5933 xxv,
886 5867 973 5922 41.
1051 5870 1093 5899 ¹¹
1119 5868 1295 5923 chit.
1330 5887 1425 5937 vn,
1450 5870 1541 5923 26.

1726 5800 1767 5829 ¹⁷
1789 5799 1930 5853 Psal.
1954 5816 2062 5859 Liv,
2094 5798 2185 5853 ιι.

1619 5872 1663 5900 ε’
1697 5869 1886 5924 ιιηιιιι.
1921 5888 1970 5936 v,
1997 5872 2083 5923 79.

1931 4667 2055 4706 eum
2096 4655 2189 4723 qui
2225 4655 2503 4709 venationi
2535 4671 2600 4710 ex
2641 4655 2960 4711 inﬁrmitate
3007 4661 3091 4713 vel
3141 4676 3207 4714 ex
3247 4662 3512 4731 simplici-

1932 4755 2042 4801 tate
2104 4750 2385 4818 expositus
2438 4760 2544 4815 est,
2596 4751 2747 4804 hunc
2785 4752 3019 4807 dicimus
3071 4770 3192 4809 esse
3241 4772 3355 4809 rem
3391 4772 3513 4825 quae

1933 4844 2167 4911 capitur.
2217 4844 2445 4912 Propter
2472 4846 2618 4915 quod
2644 4845 2782 4900 dixit
2819 4868 2830 4902 :
2862 4847 3057 4901 Feram
3082 4849 3161 4902 vel
3189 4866 3357 4914 avem,
3391 4852 3515 4920 qni-

1936 4934 2030 4988 bus
2068 4936 2201 4989 vesci
2246 4936 2450 4990 licitum
2503 4948 2599 4991 est.
2633 4938 2738 4992 Per
2784 4940 2978 5005 feram,
3020 4941 3087 4995 de
3133 4942 3294 5012 vulgo
3319 4958 3514 5009 quem-

1936 5029 2080 5097 piam
2134 5030 2407 5083 carnalem
2440 5039 2651 5084 tantum
2700 5041 2756 5086 et
2781 5033 3128 5102 pastionibus
3157 5034 3513 5089 incubantem

1934 5121 2266 5191 signiﬁcans,
2301 5135 2689 5194 expertemque
2721 5125 3158 5181 commistionem
3204 5142 3515 5182 causarum.

1934 5215 2036 5269 Per
2080 5232 2236 5270 avem
2279 5225 2484 5281 autem,
2515 5232 2639 5271 eum
2685 5218 2778 5287 qui
2818 5234 2849 5271 a
2880 5220 3112 5274 terrenis
3159 5222 3519 5290 semetipsum

1936 5321 2179 5365 removet
2207 5310 2391 5365 rebus.
2427 5310 2750 5382 Huiusmodi
2782 5312 2929 5367 enim
2955 5311 3208 5369 homines
3240 5330 3268 5367 a
3316 5314 3522 5369 violen-

1936 5402 2006 5455 tis
2042 5411 2098 5455 et
2132 5403 2335 5470 avaris,
2382 5403 2437 5457 in
2466 5404 2647 5458 causis
2695 5404 3054 5458 saecularibus
3096 5413 3520 5469 consumuntur,

1945 5498 2033 5551 illa
2065 5499 2320 5554 videlicet
2362 5500 2661 5569 incongrua
2726 5498 3069 5569 maligneque
3099 5501 3524 5563 comessatione,

1945 5593 2010 5647 dc
2041 5608 2145 5661 qua
2196 5593 2395 5646 Paulus
2443 5591 2789 5661 prohibebat.
2821 5592 3049 5647 dicens:
3087 5592 3145 5646 Si
3194 5594 3262 5646 ad
3308 5594 3526 5647 invicem

2264 5797 2307 5829 “'
2343 5797 2482 5851 Psal.
2517 5813 2636 5861 xm,
2670 5797 2704 5849 4
2734 5804 2788 5851 et
2820 5812 2915 5859 ιιι,
2952 5794 3005 5848 5.

2162 5870 2208 5899 ³³
2237 5869 2381 5923 Psal.
2410 5884 2597 5933 xcxm,
2634 5867 2723 5923 21.

3085 5794 3126 5825 ¹⁹
3158 5793 3299 5848 Psal.
3331 5810 3525 5862 xxxnl,

2801 5869 2845 5897 “
2873 5866 3013 5920 Psal.
3050 5881 3243 5931 cum,
3278 5864 3332 5919 7.
