4032 6416
613 365 750 433 10οἹ

1790 366 2151 427 HESYCHII
2205 368 2683 429 PRESBYTERI

3713 366 3817 437 ‘008

608 477 895 542 comeditis,
943 476 1111 530 videte
1143 491 1205 529 ne
1234 474 1301 528 ab
1328 474 1548 528 invicem
1595 477 2051 529 consumamini".
2085 479 2192 530 Aut
2221 488 2267 540 Α
2295 478 2656 546 pollutionum
2709 476 2975 533 sacriﬁcia
3042 476 3318 546 legislator
3368 488 3683 547 exponeret.
3733 482 3819 539 Sed

605 582 667 630 ut
704 571 798 643 qui
843 570 995 642 prius
1019 578 1175 623 erant
1197 568 1351 639 justi,
1384 567 1527 621 inter
1552 582 1615 621 ea
1656 569 1855 636 quibus
1883 568 2033 622 vesci
2060 569 2182 623 lici-

605 677 721 722 tum
772 674 876 727 est,
933 663 987 717 id
1036 673 1120 716 est
1168 662 1311 715 inter
1358 662 1581 725 munda,
1628 672 1776 716 recte
1803 662 2179 716 nominantur.

609 755 988 810 Verumtamen
1029 752 1074 805 si
1114 751 1235 819 quis
1281 748 1579 818 peccantis,
1628 750 1777 803 Velut
1827 749 2057 804 inferius
2100 750 2185 819 ja-

602 848 799 911 centis,
834 857 889 900 et
925 842 1247 915 paenitentia
1290 842 1511 910 sepulti,
1557 840 1788 896 eﬁ'undit
1832 842 2178 913 sanguinem,

602 940 657 995 id
683 948 766 994 est
797 945 1078 1007 peccatum
1102 934 1247 1003 quod
1271 934 1533 1003 peccavit,
1564 933 1795 988 eﬁ'undit
1816 942 1998 987 autem
2024 933 2179 999 illud,

602 1031 668 1084 ad
716 1027 1089 1099 operationem
1139 1024 1405 1079 accedens
1448 1033 1504 1077 et
1539 1024 2177 1092 confcssionem,quem-

599 1123 891 1179 admodum
960 1120 1036 1173 ait
1086 1118 1251 1172 David
1282 1136 1299 1172 :
1333 1118 1615 1187 Effundam
1662 1119 1718 1170 in
1750 1130 2020 1186 conspectu
2064 1118 2179 1185 ejus

600 1218 885 1270 orationem
914 1229 1106 1275 meam,
1139 1212 1341 1279 operiat
1364 1210 1495 1263 illud
1525 1212 1745 1263 terra".
1775 1209 2001 1264 Peccata
2033 1211 2175 1263 enim

600 1308 976 1363 conﬁtentium
1004 1314 1147 1359 terra
1175 1303 1375 1372 operit,
1410 1310 1597 1370 utpote
1625 1298 1854 1353 inferius
1881 1313 2177 1355 remanen-

601 1403 698 1464 tia,
734 1408 788 1455 et
838 1397 1158 1468 pmnitentia
1208 1392 1547 1448 mortiﬁcata.
1602 1392 1669 1446 Et
1701 1406 1934 1460 quorum
1984 1390 2177 1460 prohi-

602 1497 746 1550 bitus
783 1502 869 1548 est
896 1493 1105 1547 clamor
1149 1490 1217 1542 ad
1256 1487 1425 1541 caelos
1456 1486 1776 1547 ascendere,
1813 1484 2174 1552 quemadmo-

598 1590 729 1644 dum
764 1588 1126 1642 Sodomorum
1185 1581 1548 1636 ascendebat:
1578 1595 1681 1633 nec
1726 1578 1872 1632 enim
1924 1577 2176 1630 volebant

597 1680 972 1752 pmnitentiam
1042 1692 1223 1748 agere,
1291 1676 1362 1728 ita
1452 1683 1510 1727 ut
1550 1673 1724 1731 Deus
1799 1671 1865 1724 de
1924 1669 2058 1738 ipsis
2106 1671 2174 1723 ab

595 1774 869 1829 Abraham
937 1772 1147 1825 diceret
1197 1786 1210 1821 :
1257 1766 1605 1827 Descendunt,
1676 1773 1723 1817 et
1770 1762 1947 1815 videbo
1995 1770 2170 1813 utrum

2288 569 2396 622 illic
2429 570 2673 638 quidem,
2705 586 2830 623 eum
2874 572 2965 639 qui
3011 568 3189 639 tetigit
3232 569 3547 634 morticina,
3592 574 3822 628 autabc-

2285 662 2408 715 stiis
2450 671 2631 731 capta,
2671 662 2722 716 id
2766 672 2870 727 est,
2921 662 3016 731 qui
3071 663 3521 725 communicavit,
3552 665 3659 717 sive
3689 670 3824 729 parti-

2282 766 2412 820 ceps
2465 752 2569 805 fuit
2605 767 2730 807 cum
2789 751 2872 805 bis
2917 753 3014 821 qui
3046 752 3290 822 praedicti
3336 763 3493 816 sunt,
3549 754 3714 808 dicit:
3759 758 3827 812 hic

2281 853 2463 897 autem
2492 859 2615 898 eum
2655 844 2749 913 qui
2777 844 3037 908 comedit,
3077 844 3330 898 videlicet
3366 845 3465 913 qui
3508 853 3671 898 totum
3713 848 3828 903 illius

2281 946 2561 1006 peccatum
2594 952 2754 989 suum
2778 936 3058 1006 proprium
3092 936 3239 1001 fecit,
3275 952 3549 1005 suamque
3579 938 3827 1008 malignam

2282 1028 2643 1082 intentionem
2684 1028 2922 1096 explevit
2949 1044 3017 1082 ex
3050 1028 3189 1082 malo
3238 1028 3388 1097 quod
3441 1029 3535 1082 ille
3580 1034 3828 1084 εοιιιιιιιεὶιν

2280 1122 2420 1174 sicut
2445 1118 2668 1175 fuerunt
2696 1125 2885 1174 Atinas
2906 1129 2962 1174 et
2990 1119 3250 1190 Caiphas,
3280 1123 3373 1189 qui
3401 1135 3517 1173 non
3544 1121 3823 1190 simpliciter

2278 1212 2434 1267 Juda:
2469 1215 2762 1269 narticines
2792 1222 2923 1267 sunt
2966 1213 3293 1283 proditionis
3352 1213 3562 1275 effecti,
3597 1216 3688 1284 ipsi
3708 1220 3822 1271 enim

2279 1319 2528 1364 ementes
2604 1307 2933 1379 proditionis
2984 1308 3066 1362 eis
3130 1307 3403 1361 dederunt
3453 1309 3749 1375 pecuniam,
3791 1322 3833 1365 et

2278 1402 2405 1455 olim
2446 1402 2772 1468 esurientes,
2822 1401 2907 1455 vel
2939 1399 3315 1455 desiderantes
3344 1408 3583 1451 mortem
3625 1400 3824 1465 Domini,

2278 1496 2343 1549 ad
2375 1494 2699 1564 pascendam
2733 1494 3157 1547 nutriendamve
3202 1508 3354 1546 suam
3408 1492 3771 1557 intentionem,
3795 1505 3833 1548 et

2277 1590 2344 1643 ad
2372 1588 2820 1642 satisfaciendum
2851 1588 3146 1651 desiderio,
3197 1602 3294 1654 per
3335 1585 3539 1639 Judain
3571 1588 3829 1653 praevalue-

2276 1694 2443 1735 runt:
2496 1681 2809 1751 hujusmndi
2848 1680 3135 1733 comedere
3185 1677 3506 1742 morticina,
3540 1687 3643 1731 eta
3670 1678 3827 1734 bestiis

2276 1782 2430 1842 capta
2476 1772 2754 1826 dicuntur.
2801 1770 2904 1835 Qui
2956 1784 3182 1822 necesse
3222 1768 3434 1821 habent
3476 1768 3659 1821 lavare
3685 1772 3823 1823 vesti-

595 1866 877 1919 clamorem
931 1861 1018 1931 qui
1062 1860 1198 1913 venit
1246 1858 1314 1911 ad
1349 1872 1429 1909 me
1461 1871 1612 1923 opere
1660 1851 2057 1920 compleverunt,
2102 1866 2171 1902 an
2206 1855 2245 1909 Β
2274 1870 2455 1915 meum
2505 1876 2622 1923 sua,
2664 1868 2721 1913 ει
2768 1874 3009 1927 corpus:
3068 1858 3211 1912 lava,
3244 1867 3435 1912 autem
3465 1867 3670 1912 vestem
3701 1874 3825 1914 sum

597 1974 699 2011 non
742 1966 816 2009 est
848 1956 943 2018 ita,
978 1964 1033 2005 ut
1072 1952 1319 2005 sciam".
1360 1949 1465 2003 Sed
1500 1958 1555 2001 ct
1595 1946 1698 2001 Job
1737 1945 1851 1999 sive
1874 1960 1903 1997 a
1926 1942 2166 2007 diabolo,

596 2053 709 2106 sive
762 2060 869 2105 tam
902 2049 1068 2111 illam,
1106 2046 1221 2101 sive
1249 2046 1317 2098 ab
1352 2043 1435 2096 his
1463 2042 1554 2111 qui
1584 2038 1966 2108 exprobrando
1999 2037 2050 2090 ei
2082 2036 2167 2090 in-

594 2138 857 2210 gerebant
882 2135 1246 2205 iniquitatem,
1291 2147 1401 2184 uou
1433 2130 1603 2183 latere
1637 2128 1949 2188 Dominum,
1988 2125 2041 2180 id
2087 2133 2172 2179 est

594 2247 705 2287 non
758 2228 963 2298 despici
1014 2227 1083 2280 ab
1144 2242 1228 2286 eo,
1281 2238 1448 2277 orans
1508 2217 2032 2280 clamabat:Terra,
2066 2232 2170 2269 non

595 2325 880 2379 abscondas
911 2320 1218 2391 sanguinem
1264 2332 1458 2378 meum,
1519 2329 1684 2383 neque
1733 2311 1964 2365 inveniat
2000 2310 2169 2362 locum

592 2420 722 2471 inte
759 2416 954 2469 latendi
987 2413 1185 2467 clamor
1213 2410 1436 2463 meus“.
1479 2406 1537 2461 Id
1567 2415 1671 2469 est,
1706 2419 1817 2458 non
1848 2403 2171 2457 cohibeatur

592 2511 734 2575 loco,
761 2510 855 2563 sed
886 2508 954 2561 ad
976 2507 1147 2560 Deum
1181 2501 1462 2557 ascendat.
1491 2500 1719 2568 Propter
1748 2496 1895 2565 quod
1916 2495 2127 2549 addidit
2153 2512 2165 2547 :

592 2604 727 2658 Ecce
778 2618 914 2655 nunc
965 2602 1022 2653 in
1073 2598 1196 2651 caelo
1245 2596 1389 2650 testis
1449 2609 1613 2656 meus,
1658 2601 1705 2645 et
1751 2591 1985 2643 conscius
2026 2604 2168 2641 meus

592 2699 649 2750 in
672 2696 888 2751 excelsis
906 2694 993 2746 ἐν.
1013 2690 1330 2746 Secundum
1357 2688 1499 2740 hanc
1521 2700 1650 2754 ergo
1675 2682 2056 2744 intentionem,
2088 2678 2167 2731 le-

592 2788 812 2859 gislator
838 2802 901 2839 ea
922 2799 1041 2854 quae
1068 2783 1210 2837 dicta
1233 2788 1361 2834 sunt
1388 2792 1617 2847 ponens,
1636 2772 1845 2828 addidit
1872 2788 1887 2824 :

662 2880 853 2934 Anima
882 2878 1018 2931 enim
1064 2874 1229 2927 omnis
1259 2870 1435 2924 carnis
1464 2869 1518 2920 in
1547 2866 1801 2937 sanguine
1831 2873 1926 2916 est.
1961 2859 2169 2915 Deinde

592 2974 782 3044 adjicit
809 2990 823 3026 :
859 2971 1001 3026 Unde
1050 2968 1161 3021 dixi
1190 2966 1314 3034 ﬁliis
1356 2961 1547 3015 Israel.
1594 2960 1650 3014 ld
1676 2968 1761 3012 est
1789 2958 1911 3011 dic:
1945 2954 2018 3007 De
2044 2970 2170 3006 san-

592 3064 747 3135 guine
793 3061 1050 3114 universa:
1110 3056 1286 3109 carnis
1332 3069 1435 3106 non
1483 3049 1761 3103 comedetis
1808 3048 1931 3117 quia
1985 3045 2167 3097 anima

592 3156 768 3212 carnis
790 3156 846 3208 in
877 3152 1135 3224 sanguine
1169 3159 1243 3203 est
1270 3187 1284 3209 ,
1327 3154 1646 3200 contestans
1676 3142 1743 3195 ab
1782 3139 1932 3194 omni
1968 3136 2165 3207 iniqui-

2270 1963 2326 2007 et
2378 1967 2598 2021 corpus,
2640 1953 2734 2019 qui
2770 1952 2998 2007 mundat
3041 1951 3400 2019 semetipsum
3447 1960 3643 2014 totum,
3697 1952 3745 2005 id
3766 1966 3827 2006 est

2270 2046 2587 2101 interiorem
2652 2054 3086 2113 exterioremque
3143 2058 3303 2098 suum
3348 2042 3672 2103 hominem.
3717 2045 3817 2113 quia

2269 2138 2412 2193 intra
2441 2139 2766 2193 vestimenta
2794 2153 2992 2207 corpus
3027 2144 3134 2204 est,
3167 2136 3308 2191 sicut
3354 2137 3507 2189 intra
3539 2138 3822 2192 exteriorem

2270 2231 2548 2285 hominem
2574 2233 2735 2284 homo
2758 2230 2849 2299 qui
2875 2229 3121 2283 interior.
3150 2226 3439 2293 Quomodo
3465 2238 3647 2281 autem
3676 2229 3825 2281 lavat?

2271 2322 2372 2378 Per
2401 2323 2754 2393 baptismum,
2788 2332 2881 2375 aut
2911 2337 3007 2391 per
3036 2321 3436 2374 abundantiam
3469 2320 3817 2389 lacryuiarum,

2270 2416 2600 2470 imitantium
2649 2430 2820 2484 aquas
2855 2412 3218 2483 baptismatis.
3253 2412 3357 2477 Qui
3403 2421 3589 2464 autem
3620 2412 3715 2465 hoc
3737 2427 3821 2465 non

2269 2510 2419 2575 facit,
2456 2509 2696 2579 portabit
2724 2509 3071 2577 iniquitatem
3101 2522 3279 2567 suam,
3320 2506 3725 2559 retributionem
3758 2504 3817 2555 vi-

2269 2603 2466 2658 delicet
2496 2601 2801 2671 injustitize.
2839 2601 2927 2653 Sic
2959 2598 3106 2652 enim
3136 2598 3379 2651 divinam
3426 2595 3747 2665 Scripturam
3775 2595 3817 2647 in

2271 2697 2507 2767 peccatis
2538 2696 2885 2765 potissimum
2921 2692 3213 2745 restituere
3236 2689 3492 2742 invenies
3514 2687 3813 2743 comminari.

2272 2800 2401 2855 tem,
2441 2790 2584 2843 unde
2620 2788 2875 2842 Ezechiel
2931 2786 3101 2839 Deum
3134 2786 3349 2838 induxit
3378 2784 3649 2838 dicentem
3675 2798 3687 2834 :
3714 2780 3808 2833 Non

2270 2892 2447 2952 parcet
2480 2881 2659 2935 oculus
2697 2897 2841 2934 meus
2868 2896 3026 2947 super
3058 2888 3125 2944 te,
3155 2889 3200 2931 et
3248 2893 3351 2931 non
3385 2867 3714 2939 miserebitur,
3747 2876 3813 2929 sed

2270 2977 2382 3030 vias
2426 2985 2545 3028 tuas
2573 2989 2766 3043 ponunt
2795 2989 2949 3039 super
3017 2981 3084 3033 te,
3114 2982 3162 3023 et
3208 2970 3624 3023 abominationes
3664 2969 3811 3022 turriti

2271 3067 2441 3121 medio
2499 3066 2577 3119 tui
2625 3065 2853 3117 erunt”.
2887 3062 2994 3116 Sed
3024 3070 3081 3115 et
3120 3060 3288 3115 Isaias
3327 3061 3502 3114 dicit:
3534 3060 3805 3122 Sacerdotes,

2274 3160 2551 3231 loquimini
2598 3159 2668 3211 ad
2710 3174 2798 3210 cor
2835 3156 3155 3221 Jerusalem,
3195 3166 3243 3209 et
3275 3158 3534 3208 advocate
3564 3169 3688 3216 eam,
3714 3154 3806 3219 vitio

592 3259 704 3307 tate
756 3247 1040 3306 abstineri.
1076 3245 1408 3300 Contestans
1433 3252 1616 3293 autem
1662 3251 1775 3290 non
1803 3247 2079 3303 exponere
2103 3245 2164 3284 ea
2198 3208 2239 3266 (ἶ
2273 3208 2529 3323 εοξηριεια
2561 3208 3280 3321 εέῖηιώέηαῆιλδῖάξᾶιίϋα
3313 3258 3388 3301 εει
3416 3208 3802 3315 inhumati,”

589 3366 710 3421 quae
742 3357 929 3404 contra
950 3344 1284 3400 voluntatem
1306 3336 1597 3394 commissa
1618 3342 1749 3387 sunt
1774 3330 2004 3385 fratrum
2036 3341 2165 3395 pec-

589 3420 732 3507 cata,
763 3442 858 3496 sed
886 3440 1097 3493 tradere
1146 3445 1303 3489 teme
1349 3432 1470 3501 ejus
1499 3427 1593 3497 qui
1629 3432 1825 3494 captus
1853 3429 1959 3483 est,
1992 3420 2046 3473 id
2085 3426 2169 3471 est

590 3538 743 3592 visus
767 3533 1109 3604 sanguinem,
1135 3526 1517 3597 cooperientes
1573 3520 1706 3575 illud
1736 3517 1895 3572 venia
1930 3523 1985 3567 et
2015 3528 2168 3566 com-

590 3602 1242 3698 passione._Sanguitieiii
1290 3616 1435 3669 enim
1465 3610 1779 3671 comedens,
1833 3616 1889 3660 et
1932 3602 2165 3658 animant

589 3693 682 3790 qui
713 3717 957 3774 diffamat
987 3712 1239 3784 proximi,
1264 3716 1549 3778 peccatum
1578 3711 1724 3755 recte
1774 3705 2013 3768 putatur,
2042 3693 2169 3763 quia

592 3815 788 3869 anima:
868 3825 1015 3865 mors
1082 3816 1362 3877 peccatum
1420 3810 1504 3855 est
1554 3799 1640 3852 his
1691 3795 1784 3865 qui
1836 3792 2027 3847 volunt
2077 3787 2171 3843 lilii

591 3906 760 3962 Israel
791 3901 1078 3973 appellari,
1125 3899 1329 3966 ﬁliique
1358 3894 1451 3947 Dei
1499 3887 1844 3960 primogeniti
1878 3883 2081 3947 vocari,
2113 3890 2169 3934 et

589 4016 711 4069 qua:
737 3996 1074 4053 subinfertur
1100 4006 1317 4063 poenam
1344 3987 1618 4055 eﬁ‘ugere;
1644 3980 1881 4036 aitenim
1904 3995 1918 4032 :

664 4092 729 4147 Et
774 4091 1065 4162 quicunque
1111 4082 1389 4137 comederit
1429 4075 1582 4139 illud,
1612 4070 1865 4127 interibit.
1894 4069 1963 4123 Et
1988 4080 2167 4135 neque

590 4183 980 4244 sacerdotium,
1005 4193 1183 4247 neque
1207 4176 1358 4237 ﬁdes,
1386 4184 1565 4240 neque
1586 4162 1964 4227 sanctiﬁcatio,
1987 4172 2168 4228 neque

590 4279 693 4332 alia
714 4276 892 4345 aliqua
915 4273 1106 4333 virtus,
1137 4276 1230 4322 aut
1248 4266 1503 4335 dignitas,
1528 4257 1891 4331 patrociniqu
1921 4253 2167 4323 praebere

589 4369 683 4424 tali
732 4343 930 4437 poiest,
967 4361 1223 4417 omnibus
1260 4359 1407 4411 enim
1464 4352 1786 4424 sanguinem
1826 4343 2166 4404 comedenti-

589 4460 714 4521 bus,
745 4454 1027 4510 interitum
1056 4458 1141 4505 est
1167 4448 1425 4503 minatus.

2272 3345 2510 3415 Suscepit
2541 3348 2604 3399 de
2632 3363 2793 3401 manu
2819 3345 3027 3399 Domini
3055 3342 3286 3412 duplicia
3340 3356 3444 3408 pro
3472 3338 3693 3391 omnibus
3714 3352 3802 3406 pet-

2270 3440 2402 3492 catis
2426 3438 2615 3491 suis”.

2827 3527 3053 3583 CAPUT
3095 3524 3259 3581 XVlll

2342 3644 2504 3700 Vens.
2538 3644 2652 3698 1-5.
2701 3662 2719 3694 ι
2766 3644 2834 3697 Ει
2868 3643 3008 3697 dixit
3038 3640 3306 3694 Dominus
3335 3637 3408 3691 ad
3461 3632 3798 3708 Moysen:l.o-

2268 3754 2436 3807 quere
2480 3737 2605 3790 ﬁliis
2655 3736 2840 3800 Israel,
2872 3743 2928 3789 et
2980 3734 3132 3787 dices
3188 3732 3253 3785 ad
3286 3746 3424 3785 eos:
3458 3732 3567 3799 Ego
3594 3726 3797 3781 Dominus

2271 3833 2417 3885 Deus
2446 3840 2650 3885 vester.
2674 3829 2834 3883 Juxta
2852 3826 3308 3883 consuetudinem
3342 3833 3507 3878 terra:
3532 3820 3740 3891 Egypti,
3760 3817 3796 3869 in

2266 3939 2371 3991 qua
2421 3921 2726 3986 habitastis,
2772 3936 2881 3974 non
2913 3917 3147 3973 facietis.
3182 3916 3341 3971 Juxta
3370 3928 3581 3968 morem
3608 3907 3790 3977 regionis

2268 4013 2550 4077 Chanaan,
2582 4012 2647 4064 ad
2684 4025 2847 4071 quam
2872 4025 2973 4078 ego
3003 4007 3421 4062 introducturus
3444 4018 3561 4058 sum
3588 4014 3690 4061 vos,
3713 4011 3791 4051 non

2267 4105 2458 4175 agetis,
2491 4119 2593 4158 nec
2619 4103 2674 4157 in
2698 4104 2954 4174 legitimis
2983 4115 3171 4154 eorum
3204 4095 3580 4151 ambulabitis.
3612 4087 3788 4145 Facietis

2274 4196 2482 4267 judicia
2518 4210 2664 4260 mea,
2691 4203 2746 4249 et
2780 4200 3048 4264 prmeepta
3083 4205 3203 4245 mea
3244 4186 3553 4251 servabitis,
3580 4193 3632 4238 et
3653 4180 3785 4235 ambu-

2270 4290 2451 4344 labitis
2478 4289 2533 4342 in
2585 4288 2683 4342 eis.
2721 4286 2833 4357 Ego
2866 4285 3130 4339 Dominus
3161 4283 3305 4336 Deus
3332 4290 3538 4334 vester.
3568 4272 3786 4330 Custodite

2268 4382 2414 4453 leges
2444 4395 2594 4435 meas
2631 4387 2792 4449 atque
2833 4374 3040 4447 judicia
3067 4392 3080 4429 :
3114 4389 3233 4443 quae
3262 4371 3472 4426 iaciens
3495 4370 3661 4429 homo,
3686 4364 3788 4417 vivet

2271 4474 2327 4529 in
2358 4474 2460 4528 eis.
2502 4492 2521 4526 ι

658 4568 822 4624 γ⁵¹¹⁵⁶
875 4565 1076 4629 15’16'
1116 4582 1133 4615 ⁸
1178 4560 1375 4614 Anima
1420 4572 1542 4627 qua
1583 4551 1883 4609 comederit
1915 4545 2161 4603 moniCi'
2192 4553 2238 4609 Ῑ)
2335 4565 2605 4632 Quoniam
2642 4564 2812 4618 multa
2865 4563 2997 4625 illis,
3043 4569 3099 4615 et
3142 4558 3468 4613 diﬂ‘crenter
3497 4549 3715 4610 sancivit,
3740 4558 3790 4598 ne

588 4678 742 4726 num,
782 4666 876 4714 aut
930 4665 1148 4726 captum
1177 4669 1207 4707 a
1238 4651 1430 4714 bestia,
1467 4656 1576 4702 tam
1606 4647 1673 4701 de
1703 4644 1972 4715 indigenis
1997 4654 2162 4710 quam

578 4756 659 4811 ‘dc
713 4752 975 4811 advenis,
1029 4747 1228 4803 lavabit
1280 4752 1460 4799 vestes
1514 4754 1644 4794 suas
1695 4748 1751 4792 et
1802 4735 2163 4802 semetipsum

591 4862 750 4917 aqua,
802 4853 857 4898 et
889 4841 1290 4897 contaminatus
1316 4836 1418 4889 erit
1450 4846 1626 4902 usque
1668 4830 1738 4883 ad
1771 4842 2081 4897 vesperum,
2109 4831 2167 4877 et

593 4916 697 4992 hoc
732 4935 926 4990 ordine
958 4932 1195 4987 mundus
1222 4930 1334 4983 ﬁet.
1364 4926 1520 4993 Quod
1548 4924 1594 4979 si
1625 4938 1736 4977 non
1777 4920 1974 4974 laverit
1994 4916 2166 4973 vesti-

592 5038 779 5085 menta
807 5044 924 5092 sua,
956 5041 1058 5080 nec
1077 5038 1294 5093 corpus,
1329 5018 1569 5091 portabit
1594 5015 1937 5085 iniquitatem
1953 5025 2160 5065 suam.»

664 5122 1010 5177 Morticinum
1039 5134 1159 5173 esse
1199 5124 1564 5187 peccatorem,
1620 5117 1809 5179 utpote
1856 5104 1948 5175 qui
1973 5103 2167 5158 crude-

595 5219 698 5271 lem
753 5213 961 5285 peccati
1013 5211 1249 5266 sustinet
1310 5216 1587 5270 mortem,
1651 5220 1682 5257 a
1736 5201 1932 5257 bestiis
1988 5206 2169 5252 autem

592 5319 830 5379 captum,
882 5322 991 5361 non
1039 5312 1251 5359 tantum
1284 5300 1627 5371 simpliciter,
1659 5297 1755 5351 sed
1792 5294 1947 5348 valde
1975 5306 2169 5362 pecca—

593 5414 793 5466 torem,
822 5402 878 5455 in
905 5410 1115 5455 tantum
1146 5407 1206 5453 ut
1249 5394 1471 5466 maligni
1509 5394 1566 5447 in
1608 5405 1674 5445 eo
1715 5396 2019 5457 operentur
2056 5385 2169 5438 daa-

591 5510 803 5563 mones,
835 5494 975 5549 sicut
1004 5492 1108 5547 fuit
1138 5490 1326 5552 Judas,
1354 5488 1447 5558 qui
1478 5484 1696 5540 diabolo
1743 5479 2084 5549 ingrediente
2112 5478 2165 5531 in

592 5591 755 5648 corde
795 5605 918 5655 suo,
966 5588 1249 5646 Christum
1282 5583 1538 5641 tradidit.
1570 5580 1699 5635 olim
1729 5577 1990 5641 diximus,
2042 5591 2166 5630 cum

662 5790 706 5823 "
735 5789 852 5845 Gal.
874 5789 1033 5857 v,15.
1111 5790 1158 5822 ³⁸
1188 5788 1332 5845 Psal.
1374 5800 1518 5853 cxu,
1551 5786 1605 5841 5.
1682 5784 1726 5817 ’⁷
1757 5782 1895 5838 Gen.
1924 5779 2191 5844 xvm,2l.

595 5865 640 5901 ³ο
680 5861 780 5914 lsa.
819 5860 983 5924 xn,2.

1111 5790 1158 5822 ³⁸
1188 5788 1332 5845 Psal.
1374 5800 1518 5853 cxu,
1551 5786 1605 5841 5.

2268 4663 2325 4717 in
2367 4659 2714 4715 multitudine
2762 4671 2952 4711 eorum
2990 4670 3111 4724 quae
3144 4653 3530 4707 sanciebantur
3583 4644 3786 4700 deﬁceret

2268 4754 2316 4808 is
2334 4753 2428 4821 qui
2458 4752 2630 4822 legem
2657 4750 2980 4819 accipiebat,
3016 4746 3382 4801 intentionem
3408 4738 3716 4810 simpliciter,
3746 4739 3787 4783 et

2270 4860 2384 4900 non
2413 4844 2470 4898 in
2502 4844 2657 4913 plura
2702 4842 3129 4910 discerpentem,
3156 4836 3435 4891 ostendit:
3468 4833 3537 4886 ita
3576 4836 3626 4882 ut
3647 4824 3785 4880 sciens

2272 4939 2402 5010 quid
2451 4938 2522 4992 sit
2571 4937 2977 5007 corrigendum,
3036 4944 3092 4987 et
3140 4931 3206 4984 ad
3242 4944 3402 4999 quem
3456 4926 3603 4979 ﬁnem
3634 4914 3782 4972 tendat

2274 5002 2408 5095 legis
2460 5002 2789 5083 intellectus,
2839 5036 2951 5091 prae
3001 5018 3399 5088 multiplicitate
3452 5028 3551 5067 non
3596 5002 3780 5062 deﬁciat.

2278 5117 2433 5171 Sicut
2468 5114 2522 5169 hi
2549 5114 2638 5183 qui
2674 5128 2821 5166 mare
2847 5113 3127 5182 navigant,
3155 5109 3374 5180 quando
3398 5107 3463 5160 ad
3492 5105 3634 5157 ﬁnem
3666 5097 3778 5149 navi-

2275 5208 2371 5279 gii,
2402 5217 2456 5261 et
2483 5205 2551 5259 ad
2577 5203 2869 5257 terminum
2900 5216 3114 5260 cursus.
3133 5209 3187 5255 et
3211 5208 3425 5268 portum
3444 5193 3613 5249 oculos
3641 5193 3764 5240 esten

2274 5278 2431 5363 dunt,
2480 5298 2636 5352 facile
2686 5296 3078 5364 longitudinem
3131 5292 3324 5362 pelagi.
3381 5299 3436 5342 et
3470 5287 3575 5341 sine
3609 5278 3774 5334 delectu

2275 5396 2629 5468 percurrunt.
2688 5388 3019 5456 Prmcipiens
3069 5402 3197 5455 ergo
3237 5401 3301 5438 ea
3362 5398 3479 5451 qua:
3514 5389 3639 5431 nunc
3671 5370 3773 5423 dicta

2273 5495 2421 5545 sunt,
2450 5484 2561 5553 Ego
2589 5497 2705 5536 sum
2733 5479 2987 5533 Dominus
3015 5478 3153 5532 Deus
3173 5487 3359 5539 vester,
3386 5472 3563 5542 inquit,
3589 5472 3637 5518 ut
3660 5473 3751 5515 crca

2276 5589 2449 5635 torem
2482 5586 2537 5631 et
2577 5576 2872 5630 Dominum
2915 5574 3189 5628 discentes
3225 5585 3350 5624 eum
3398 5566 3485 5637 qui
3531 5550 3768 5617 inundavit.

3225 5772 3268 5801 ’9
3301 5767 3491 5823 Ezech.
3515 5775 3595 5825 vn,
3621 5753 3647 5807 ι
3664 5755 3705 5803 et
3724 5742 3762 5796 9.

2271 5778 2315 5810 "
2342 5777 2463 5835 Job.
2492 5793 2600 5833 X‘i‘l.
2638 5775 2721 5829 l9.
2801 5775 2866 5806 ’⁸⁸
2895 5774 3027 5829 ibid.
3056 5772 3126 5826 ‘20
