4032 6426
264 461 404 529 1009

1420 462 1503 523 ΙΝ
1541 460 1983 524 LEVITICUM.
2020 486 2091 496 —
2128 460 2276 520 LIB.
2312 460 2361 520 V

3385 450 3520 517 1010

235 595 465 635 summo
495 579 677 635 studio
704 595 768 635 ea
794 595 915 650 qua:
940 588 1213 650 praecepta
1246 588 1375 634 sunt
1413 580 1482 634 ab
1512 594 1601 643 eo,
1647 586 1833 633 custo-
1864 576 1908 631 A
1934 574 2151 646 Egypti
2194 575 2237 607 ³⁵
2265 618 2278 639 ,
2320 584 2469 630 recte
2524 574 2767 630 secundo
2819 573 3150 643 judiciorum
3212 576 3521 641 praecepto-

233 676 484 731 diamus.
556 674 651 731 Sic
703 691 831 747 ergo
900 678 1202 731 sanationis
1254 677 1423 731 totius
1474 675 1835 730 intentionem

230 771 579 841 explanavit.
631 770 763 838 Quae
804 781 888 826 est
916 784 1099 827 autem
1144 772 1295 827 inec?
1326 768 1399 825 Ut
1439 771 1508 825 ab
1538 772 1695 827 omni
1728 770 1837 823 ini-

226 866 460 934 quitate
506 866 903 929 abstineamus,
941 877 995 922 et
1025 884 1148 937 quae
1174 869 1395 923 virtutis
1430 877 1558 922 sunt
1588 883 1834 938 agamus,

219 955 395 1025 juxta
419 960 877 1016 consuetudinem
913 974 1071 1016 terrae
1094 961 1333 1033 Egypti,
1367 971 1421 1017 et
1447 963 1602 1031 juxta
1626 976 1835 1017 morem

226 1059 408 1107 terra:
431 1052 692 1108 Chanaan
718 1054 854 1108 nihil
882 1054 1086 1117 facere,
1124 1056 1205 1109 sic
1242 1055 1311 1110 ab
1350 1056 1513 1111 omni
1544 1055 1837 1125 iniquitate

224 1144 510 1202 abstineri
542 1148 825 1218 praecepit.
875 1148 1231 1221 Septuaginta
1304 1160 1487 1205 autem
1546 1166 1648 1218 pro
1699 1165 1836 1205 con-

224 1239 556 1303 suetudine,
597 1242 774 1297 studia
826 1242 1169 1311 interpretati
1219 1254 1382 1298 sunt:
1418 1245 1545 1311 quia
1574 1244 1837 1315 malignas

224 1332 686 1399 adinventiones,
744 1344 799 1389 et
858 1335 1072 1392 fabulas
1121 1338 1260 1392 solet
1304 1337 1489 1392 divina
1546 1337 1834 1407 Scriptura

224 1427 523 1497 appellare
552 1432 821 1484 malorum
846 1431 1022 1485 studia
1053 1449 1065 1485 :
1095 1440 1283 1500 utpote
1309 1430 1596 1485 Ezechiele
1618 1431 1835 1487 dicente

222 1528 370 1587 post
420 1522 743 1591 iniquitates
798 1538 936 1592 quas
1018 1523 1162 1578 Deus
1216 1525 1271 1578 in
1334 1526 1538 1594 templo
1587 1526 1835 1581 seniores

222 1612 407 1669 Israel
461 1630 623 1681 agere
684 1616 926 1671 ostendit
959 1636 972 1672 :
1002 1616 1071 1671 Et
1116 1619 1251 1672 dixit
1297 1620 1367 1672 ad
1402 1636 1483 1673 me
1524 1619 1779 1673 Dominus
1814 1637 1831 1673 :

229 1704 412 1767 Vides,
458 1706 536 1775 ﬁli
583 1707 842 1761 hominis?
884 1706 949 1759 Et
1004 1724 1243 1763 rursus:
1295 1708 1603 1772 Conversus,
1638 1708 1834 1763 videbis

223 1798 415 1850 studia
452 1799 665 1866 majora
703 1799 968 1855 horum".
1015 1799 1131 1853 Non
1161 1800 1335 1854 solum
1368 1816 1499 1871 ergo
1532 1816 1559 1854 a
1593 1800 1833 1856 fornica-

230 1891 409 1957 tione,
461 1901 516 1947 et
545 1893 800 1957 avaritia,
848 1902 902 1947 et
934 1893 1214 1957 superbia,
1264 1894 1358 1947 sed
1394 1904 1449 1949 et
1475 1910 1504 1948 a
1535 1894 1831 1949 divinatio-
1867 1931 1905 1985 Β

226 1994 371 2034 num
433 1989 491 2035 et
548 1983 902 2051 auguriorum
965 1982 1367 2051 abjectionibus
1423 1992 1478 2038 et
1546 1982 1828 2037 veneﬁciis

230 2075 499 2143 praecepit
542 2074 831 2137 abstineri,
895 2075 991 2130 sed
1056 2083 1166 2130 eta
1200 2076 1394 2146 magis,
1447 2085 1503 2131 et
1554 2076 1828 2130 similibus

233 2167 396 2223 aliis:
450 2168 523 2222 ita
582 2177 641 2221 ut
695 2168 905 2239 Moyses
964 2170 1020 2223 in
1076 2169 1507 2225 Deuteronomio
1569 2169 1821 2225 diceret:

237 2260 461 2326 Quando
491 2263 753 2333 ingressus
786 2264 946 2335 fueris
975 2274 1169 2318 terram
1203 2279 1363 2332 quam
1412 2263 1665 2316 Dominus
1692 2261 1827 2315 Deus

242 2362 362 2407 tuus
394 2354 591 2407 dederit
624 2356 738 2413 tibi,
771 2372 893 2409 cave
924 2373 986 2409 ne
1016 2356 1219 2411 imitari
1253 2354 1377 2407 retis
1411 2354 1826 2407 abominationes

246 2445 459 2499 illarum
507 2447 764 2515 gentium,
796 2463 887 2500 nec
922 2447 1221 2499 inveniatur
1249 2447 1302 2498 in
1338 2455 1385 2498 te
1418 2444 1507 2513 qui
1537 2446 1825 2497 sciscitetur

248 2548 299 2592 et
364 2539 580 2593 observet
607 2540 811 2592 somnia
854 2549 1012 2607 atque
1039 2540 1285 2607 auguria,
1329 2554 1391 2590 ne
1425 2538 1492 2590 sit
1535 2537 1822 2604 maleﬁcus.

246 2644 342 2683 nec
384 2630 698 2689 incantator,
748 2646 841 2683 nec
882 2629 1132 2697 pqthones
1169 2627 1429 2685 consulat,
1482 2642 1573 2679 nec
1603 2627 1822 2686 divinos,

242 2737 340 2774 nec
366 2731 571 2790 quierat
628 2740 660 2775 a
708 2723 932 2775 mortuis
976 2722 1271 2773 veritatem.
1317 2719 1507 2775 Omnia
1550 2720 1684 2772 enim
1717 2720 1825 2772 [nec

241 2813 637 2867 abominabitur
675 2813 943 2868 Dominus.
987 2812 1173 2868 Omnes
1208 2814 1295 2883 qui
1325 2813 1432 2865 Ita’c
1461 2813 1681 2882 faciunt.
1734 2830 1824 2877 pro

240 2905 723 2958 abominationibus
779 2906 857 2959 his
902 2906 1165 2974 disperdet
1206 2921 1289 2957 eos
1323 2903 1575 2957 Dominus
1597 2920 1660 2956 ex
1691 2915 1738 2955 te
1756 2905 1821 2955 3’.

236 2998 324 3053 Ah
358 3000 442 3053 his
472 3015 601 3071 ergo
630 3000 894 3055 abstineri
952 3001 1105 3069 prius
1157 3008 1395 3068 oportet,
1450 3007 1506 3051 et
1540 2998 1619 3052 sic
1670 2997 1826 3051 nobis

237 3091 388 3146 Deus
421 3092 591 3147 dicit:
626 3093 853 3148 Facietis
882 3092 1080 3157 iudicia
1135 3109 1273 3155 mea,
1309 3100 1358 3144 et
1403 3100 1666 3161 prwcepta
1705 3106 1822 3143 mea

235 3188 531 3251 servabitis,
574 3198 623 3242 et
671 3188 1008 3242 ambulabitis
1057 3188 1112 3240 in
1154 3187 1246 3247 eis.
1295 3186 1347 3239 id
1403 3193 1488 3240 est
1528 3183 1822 3238 movemini

236 3291 296 3333 et
340 3280 741 3335 conversamini
813 3280 866 3333 in
922 3278 1022 3341 eis,
1087 3286 1145 3332 et
1197 3277 1346 3349 nullo
1419 3286 1663 3345 tempore
1728 3290 1898 3354 va-c

236 3371 379 3425 cetis
433 3371 502 3426 ab
561 3387 752 3426 eorum
815 3370 1178 3427 correctione.
1229 3369 1436 3424 Deinde
1469 3383 1661 3422 rursus
1692 3366 1823 3421 sub—

235 3466 384 3519 didit
420 3482 436 3519 :

313 3560 426 3630 Ego
475 3558 729 3612 Dominus
781 3557 925 3611 Deus
968 3565 1156 3610 vester.
1215 3553 1484 3610 Custodite
1512 3551 1645 3618 leges
1680 3566 1823 3603 meas

237 3662 401 3722 atque
426 3652 655 3721 judicia.
684 3667 799 3719 qua:
829 3651 1028 3720 faciens
1056 3650 1228 3710 homo,
1260 3649 1393 3701 vivet
1424 3647 1481 3700 in
1518 3648 1611 3700 eis.
1638 3644 1823 3699 Absti-

234 3754 440 3801 nentes
497 3760 599 3800 nos
640 3745 793 3813 prius
841 3744 910 3797 ab
959 3740 1462 3796 abominationibus
1513 3753 1634 3808 qua:
1664 3736 1822 3792 dictre

236 3848 391 3903 sunt,
440 3838 564 3909 quia
613 3853 721 3892 non
772 3844 859 3891 est
899 3834 1251 3905 participatio
1298 3831 1527 3902 justitia:
1557 3847 1681 3885 cum
1712 3832 1823 3885 ini-

236 3933 496 4002 quitate,
556 3945 732 3999 neque
783 3927 1003 3983 luminis
1057 3926 1293 3981 societas
1351 3924 1419 3977 ad
1481 3924 1818 3988 tenebras”,

235 4038 421 4093 neque
471 4022 647 4091 placet
695 4019 745 4074 ei
787 4028 848 4073 ut
893 4018 984 4087 qui
1052 4017 1253 4087 gentile
1302 4014 1585 4083 quodlibet
1622 4013 1820 4067 malum

236 4116 793 4181 observationemque
842 4112 1070 4175 studet,
1126 4108 1344 4179 gloriari
1409 4108 1477 4162 de
1532 4107 1666 4177 legis
1726 4107 1821 4161 Dei

239 4213 471 4267 scientia
516 4210 733 4272 debeat,
766 4216 900 4261 tunc
938 4206 1157 4259 demum
1197 4202 1421 4270 judiciis
1457 4201 1549 4255 Dei
1603 4210 1822 4255 utamur

242 4316 299 4361 et
335 4304 643 4376 praeceptis.
681 4300 874 4365 Qualia
906 4308 1086 4353 autem
1130 4296 1241 4350 sint
1277 4294 1511 4361 judicia,
1548 4302 1603 4347 et
1640 4292 1822 4363 qualia

247 4408 537 4470 pnecepta,
588 4412 709 4467 quae
759 4394 969 4448 faciens
1013 4392 1179 4446 homo
1226 4390 1370 4444 vivet
1414 4388 1470 4441 in
1517 4386 1618 4448 eis,
1659 4394 1720 4440 ut
1762 4395 1819 4440 tu

243 4509 543 4566 cognoscas
596 4491 722 4561 quia
757 4504 868 4543 non
900 4486 1011 4541 Deo
1054 4486 1247 4545 donas,
1280 4481 1543 4537 obediens
1568 4480 1669 4549 legi
1702 4480 1821 4547 ejus

240 4598 297 4644 et
350 4588 631 4655 complens
688 4583 806 4649 ejus
860 4579 1062 4651 judicia
1108 4587 1163 4632 et
1227 4582 1521 4646 praecepta.
1562 4573 1657 4627 sed
1692 4574 1819 4627 tibi-

1943 685 2135 725 rumve
2187 669 2507 725 memoriam
2554 670 2705 735 facit,
2753 679 2815 724 ut
2857 668 2955 722 illa
3007 666 3342 727 ostenderet,
3400 679 3522 733 quae

1939 772 2055 815 erat
2094 770 2283 831 postea
2331 762 2666 816 sancituru's.
2727 760 2800 815 De
2831 760 3034 831 quibus
3099 774 3248 813 nunc
3292 754 3520 811 addidit.

2010 855 2138 921 Qua:
2199 858 2395 927 faciens
2426 858 2598 918 homo,
2656 858 2790 910 vivet
2834 857 2889 909 in
2943 855 3036 909 eis.
3098 854 3159 908 In
3194 851 3329 922 ipsis
3371 851 3519 905 enim

1939 966 2065 1004 vera
2106 951 2214 1004 vita
2261 951 2615 1005 credentibus
2664 951 2719 1004 in
2771 949 3052 1004 Christum
3114 945 3418 1017 perﬁcitur,
3454 944 3523 999 de

1938 1058 2047 1111 quo
2091 1042 2146 1096 in
2178 1043 2472 1111 Evangelio
2508 1040 2773 1095 Dominus
2819 1040 3081 1096 dicebat:
3136 1039 3260 1093 lIa’c
3303 1046 3376 1091 est
3428 1051 3521 1089 vo~

1940 1134 2116 1188 [antas
2155 1133 2333 1188 Patris
2377 1134 2496 1193 mei,
2556 1142 2611 1185 ut
2653 1132 2821 1186 omnis
2868 1131 2958 1201 qui
3005 1130 3143 1183 videt
3204 1127 3420 1188 Filium,
3473 1132 3521 1176 et

1938 1224 2103 1277 credit
2163 1225 2216 1276 in
2271 1239 2389 1277 eum
2417 1264 2430 1285 ,
2500 1224 2687 1281 habeat
2734 1223 2897 1275 vitam
2945 1230 3199 1275 wternam
3237 1218 3303 1271 ³⁵.
3350 1213 3521 1268 Valde

1937 1333 2068 1388 ergo
2129 1316 2527 1371 rationabiliter
2579 1316 2821 1371 secundo
2877 1314 3047 1370 dicit:
3099 1314 3210 1383 Ego
3265 1310 3520 1366 Dominus

1939 1409 2077 1464 Deus
2125 1419 2310 1463 vester.
2368 1408 2694 1463 Contestans
2731 1407 2859 1478 quia
2906 1407 3025 1478 ipse
3077 1404 3345 1460 Dominus
3382 1444 3398 1469 ,
3465 1410 3520 1454 et

1936 1503 2116 1574 priora
2161 1501 2365 1572 judicia
2390 1541 2404 1565 ,
2456 1502 2542 1556 vel
2601 1510 2872 1572 praecepta
2897 1540 2912 1564 ,
2953 1507 3010 1555 et
3054 1498 3356 1571 posteriora
3392 1510 3510 1551 san-

1937 1596 2092 1660 civit,
2118 1611 2241 1665 quae
2266 1595 2359 1665 qui
2398 1594 2593 1650 fecerit
2635 1595 2782 1651 vivet
2822 1594 2879 1648 in
2917 1593 3019 1649 eis.
3063 1593 3198 1647 Nam
3242 1588 3519 1661 prioribus

1932 1689 2198 1760 judiciis,
2255 1696 2312 1743 et
2348 1687 2681 1759 prateeptis,
2743 1687 2865 1742 vide
2918 1686 3051 1758 quid
3119 1685 3343 1741 addidit.
3405 1685 3518 1753 Ego

1937 1783 2213 1836 Dominus.

2004 1875 2165 1931 Vens.
2200 1875 2351 1930 6-17.
2386 1893 2404 1926 ι
2446 1873 2637 1929 Omnis
2672 1875 2836 1928 homo
2864 1874 2931 1929 ad
2963 1872 3271 1943 proximam
3302 1868 3519 1939 sangui-

1935 1970 2021 2024 nis
2049 1971 2130 2024 sui
2171 1986 2282 2024 non
2312 1968 2555 2031 accedet,
2588 1980 2648 2022 ut
2688 1968 2897 2023 revelet
2942 1965 3346 2037 turpitudinem
3370 1963 3513 2033 ejus.

1937 2058 2045 2129 Ego
2078 2059 2361 2113 Dominus.
2417 2057 2836 2128 Turpitudinem
2888 2058 3060 2128 patris
3097 2057 3199 2119 tui,
3241 2065 3298 2110 et
3338 2054 3515 2123 turpi-

1936 2152 2181 2207 tudinem
2239 2151 2431 2206 matris
2466 2161 2573 2205 tua:
2612 2166 2721 2205 non
2772 2149 3185 2219 discooperies:
3219 2156 3395 2202 mater
3424 2155 3515 2200 tua

1934 2254 2037 2307 est,
2076 2260 2189 2299 non
2242 2244 2512 2299 revelabis
2560 2242 2957 2312 turpitudinem
3002 2241 3145 2311 ejus.
3191 2238 3515 2311 Turpitudi-

1934 2354 2058 2392 nem
2093 2338 2278 2392 uxoris
2326 2337 2500 2407 patris
2533 2337 2607 2391 tui
2641 2352 2750 2391 non
2812 2335 3202 2405 discooperies,
3238 2334 3516 2404 turpitudo

1932 2431 2078 2485 enim
2125 2431 2294 2500 patris
2340 2430 2417 2484 tui
2465 2439 2566 2484 est.
2611 2427 3030 2498 Turpitudinem
3082 2426 3286 2481 sororis
3314 2435 3419 2480 tute
3449 2440 3515 2479 ex

1932 2535 2087 2594 patre
2136 2524 2223 2577 vel
2263 2540 2330 2578 ex
2364 2532 2536 2577 matre
2584 2537 2705 2591 qua:
2742 2520 2890 2576 domi
2936 2519 3024 2574 vel
3066 2519 3199 2575 foris
3227 2518 3408 2590 genita
3430 2525 3515 2572 est

1932 2632 2042 2671 non
2106 2616 2394 2671 revelabis.
2451 2614 2871 2685 Turpitudinem
2926 2614 3050 2668 ﬁlim
3113 2612 3206 2666 ﬁlii
3267 2611 3367 2675 tui,
3428 2610 3514 2663 vel

1930 2709 2113 2778 neptis
2138 2724 2203 2763 ex
2233 2708 2360 2771 ﬁlia,
2380 2722 2487 2761 non
2511 2706 2798 2772 revelabis,
2829 2706 2956 2775 quia
2983 2703 3262 2774 turpitudo
3288 2714 3378 2757 tua
3408 2711 3519 2758 est.

1933 2802 2353 2871 Turpitudinem
2384 2800 2518 2855 ﬁlia:
2553 2800 2736 2854 uxoris
2767 2798 2938 2869 patris
2966 2798 3065 2862 tui,
3098 2813 3259 2868 quam
3300 2797 3511 2865 peperit

1934 2895 2069 2964 patri
2105 2905 2217 2959 tuo,
2261 2904 2316 2949 et
2344 2903 2428 2949 est
2453 2909 2606 2948 soror
2634 2902 2746 2956 tua,
2783 2908 2895 2945 non
2925 2890 3213 2946 revelabis.
3246 2888 3514 2958 Turpitu-

1932 2991 2115 3044 dinem
2172 2989 2381 3044 sororis
2427 2987 2601 3058 patris
2657 2986 2735 3040 tui
2797 2999 2907 3039 non
2963 2982 3353 3053 discooperies,
3388 2980 3512 3051 quia

1932 3097 2060 3135 caro
2111 3091 2195 3136 est
2232 3082 2406 3152 patris
2450 3079 2549 3134 tui.
2588 3076 3010 3148 Turpitudinem
3054 3076 3233 3146 patrui
3288 3073 3365 3128 tui
3400 3088 3512 3126 non

1932 3176 2220 3238 revelabis,
2276 3190 2379 3229 nec
2427 3173 2651 3228 accedes
2690 3172 2756 3225 ad
2807 3185 3034 3226 uxorem
3087 3169 3227 3239 ejus,
3261 3184 3380 3237 qure
3412 3166 3511 3221 tibi

1932 3269 2193 3324 alilnitate
2248 3266 2616 3336 coniungitur.
2696 3262 3117 3332 Turpitudinem
3180 3276 3352 3315 nurus
3408 3269 3514 3315 tua:

1935 3378 2046 3415 non
2074 3359 2372 3422 revelabis,
2407 3358 2534 3427 quia
2556 3371 2692 3411 uxor
2724 3356 2817 3409 ﬁlii
2850 3356 2926 3409 tui
2958 3363 3061 3418 est,
3093 3370 3197 3408 nec
3228 3354 3514 3422 discoope-

1935 3450 2043 3503 ries
2070 3447 2423 3517 ignominiam
2474 3446 2613 3516 ejus.
2643 3444 3059 3514 Turpitudinem
3107 3444 3297 3499 uxoris
3328 3442 3513 3499 fratris

1935 3542 2013 3596 tui
2068 3556 2177 3594 non
2227 3538 2517 3603 revelabis,
2565 3538 2691 3608 quia
2726 3536 3010 3607 turpitudo
3053 3536 3241 3591 fratris
3276 3536 3349 3590 tui
3405 3544 3509 3590 est.

1935 3629 2352 3700 Turpitudinem
2439 3628 2625 3683 uxoris
2685 3638 2832 3694 tuae,
2902 3638 2959 3682 et
3017 3628 3141 3683 ﬁliae
3223 3628 3344 3697 ejus
3400 3642 3511 3681 non

1933 3726 2221 3782 revelahis.
2259 3724 2451 3779 Filiam
2492 3724 2585 3778 ﬁlii
2616 3724 2757 3794 ejus,
2797 3731 2852 3777 et
2886 3722 3053 3777 ﬁliam
3099 3722 3224 3777 ﬁliae
3250 3723 3370 3792 ejus
3400 3737 3511 3776 non

1934 3831 2137 3882 sumes,
2168 3824 2229 3869 ut
2259 3815 2471 3870 reveles
2500 3813 2856 3885 ignominiam
2887 3813 3029 3883 ejus,
3057 3811 3184 3883 quia
3208 3828 3337 3867 caro
3370 3812 3513 3867 illius

1933 3921 2079 3966 sunt.
2119 3929 2137 3960 ι

2001 4002 2156 4068 Quod
2199 4018 2312 4057 non
2363 3999 2686 4070 negligenda
2731 3998 2843 4053 sint
2901 4013 2964 4051 ea
3006 4014 3128 4067 qua:
3168 3997 3509 4063 sanciantur,

1933 4094 2280 4148 manifestum
2333 4100 2416 4147 est
2446 4108 2511 4146 ex
2539 4107 2606 4147 eo
2635 4092 2778 4160 quod
2806 4091 3004 4145 iterum
3035 4090 3170 4145 dixit
3204 4107 3217 4143 :
3261 4089 3372 4158 Ego
3404 4089 3512 4143 Do-

1934 4188 2121 4239 minus.
2164 4185 2314 4239 Facit
2350 4195 2530 4238 autem
2569 4184 2674 4237 hoc
2704 4183 2916 4253 Meyses
2940 4222 2955 4247 ,
2990 4182 3101 4237 imo
3147 4181 3379 4251 spiritus
3416 4181 3511 4251 qui

1932 4280 1988 4333 in
2024 4294 2089 4331 eo
2134 4277 2477 4346 loquebatur,
2518 4284 2579 4330 ut
2602 4291 2711 4329 non
2753 4274 3173 4344 despicerentur
3205 4290 3327 4345 quae
3354 4275 3508 4331 dice-

1931 4373 2150 4436 bantur,
2194 4370 2501 4426 dicentibus
2528 4369 2878 4438 quibusdam,
2922 4367 3046 4437 quia
3080 4366 3327 4435 Moyseos
3358 4376 3506 4423 sunt.

1929 4466 2051 4521 Non
2099 4474 2228 4519 sunt
2270 4473 2453 4519 autem
2487 4463 2607 4533 ejus
2648 4462 2768 4517 haec
2814 4476 2936 4531 quae
2964 4460 3382 4531 praecipiuntur,
3414 4461 3506 4516 sed

1930 4563 2048 4627 Dei,
2107 4579 2230 4617 cum
2269 4575 2615 4630 summopere
2661 4558 3115 4629 quod‘inventum
3146 4567 3231 4612 est
3266 4558 3506 4612 studium

236 4653 498 4751 metipsit
553 4688 612 4735 tu
646 4678 792 4733 enim
838 4674 892 4729 in
949 4673 1029 4729 eis
1070 4671 1242 4733 vives,
1274 4667 1571 4724 virtutibus
1596 4681 1819 4736 operam
1858 4672 1898 4725 ι)
1926 4654 2231 4712 adhibitum
2274 4653 2366 4715 Sil.
2401 4660 2462 4707 ut
2501 4653 2682 4751 Ιίιιεξξέὶ
2718 4664 2914 4706 eorum
2955 4658 3400 4750 conseﬂ'affitur.
3452 4659 3508 4704 el

236 4774 399 4837 dans,
449 4788 548 4843 per
583 4785 721 4841 quas
767 4776 971 4823 mterna
1004 4764 1111 4819 vita
1158 4760 1474 4816 hominibus
1510 4765 1822 4828 praestatur.

237 4867 350 4923 Sed
387 4865 555 4935 quaeri
601 4858 1035 4933 pertractarique
1087 4855 1311 4925 dignum
1344 4860 1429 4906 est
1496 4866 1594 4905 cur
1624 4848 1681 4902 in
1713 4863 1824 4904 uno

236 4963 363 5016 ioco
391 4959 527 5029 legis
570 4956 656 5011 bis
689 4953 846 5015 dixit,
889 4949 1003 5005 ﬁeri
1051 4947 1253 5017 judicia
1299 4960 1417 5005 sua,
1452 4951 1511 4997 et
1551 4950 1823 5011 praecepta

236 5068 340 5109 sua
400 5047 706 5106 custodiri?
759 5045 858 5100 Vel
909 5058 1008 5097 cur
1060 5040 1148 5095 bis
1195 5038 1362 5101 dicat,
1404 5035 1519 5103 Ego
1558 5033 1824 5088 Dominus

237 5147 428 5202 Deus?
458 5145 694 5199 Putasne
716 5138 908 5195 eadem
927 5132 1218 5191 iterando?
1246 5130 1603 5184 Nullatenus:
1638 5126 1821 5181 brevis

236 5248 329 5297 est
380 5240 528 5293 enim
566 5234 745 5290 omnis
772 5231 953 5287 divina
1002 5226 1314 5296 Scriptura;
1352 5222 1589 5277 maxime
1638 5229 1818 5274 tamen

234 5322 647 5399 lticlegislator".
681 5323 822 5378 sicut
846 5320 939 5391 qui
968 5317 1136 5372 multa
1166 5315 1413 5369 dicturus
1441 5320 1580 5372 erat,
1609 5309 1715 5364 fuit
1752 5309 1819 5364 de

236 5422 511 5479 brevitate
562 5416 882 5472 sollicitus:
928 5410 1054 5481 quia
1097 5409 1204 5463 duo
1261 5415 1388 5461 sunt
1447 5410 1770 5459 testamenta
1801 5442 1816 5467 ,

234 5514 416 5571 Vetus
443 5523 497 5567 et
538 5508 785 5572 Novum,
807 5504 957 5561 unde
986 5512 1042 5558 et
1101 5502 1220 5571 ipse
1256 5515 1354 5569 per
1393 5496 1690 5552 Jeremiam
1727 5496 1813 5548 di-

234 5610 361 5664 xit:
398 5607 543 5661 Dabo
574 5604 714 5658 vobis
746 5605 1113 5655 testamentum
1162 5609 1370 5650 novum.
1403 5608 1505 5644 non
1532 5590 1816 5644 secundum

238 5706 615 5756 testamentum
681 5690 818 5763 quod
859 5687 978 5743 dedi
1024 5683 1262 5755 patribus
1295 5682 1497 5741 vestris,
1526 5681 1581 5733 iu
1609 5680 1691 5733 die
1719 5695 1824 5747 qua

236 5792 567 5864 apprehendi
596 5803 814 5843 manum
834 5798 1035 5847 eorum,
1065 5788 1123 5833 ut
1151 5778 1418 5832 educerem
1445 5773 1561 5828 illos
1586 5774 1648 5827 de
1680 5782 1820 5826 terra

315 5942 359 5975 “
391 5935 730 6001 Ezech.vtu,
764 5930 833 5987 15
957 5928 1001 5960 ⁸²
1036 5924 1193 5981 Deut.
1235 5937 1395 5986 xvm,
1429 5916 1585 5975 942.

237 6014 334 6080 59,
368 6010 458 6067 40.

1694 5915 1739 5947 ³³
1764 5912 1807 5966 ιι
1829 5910 1956 5967 Cor.
2002 5925 2077 5976 Vl,
2117 5908 2199 5960 it.

1927 4747 2186 4818 spiritalis
2226 4744 2559 4799 intellectus.
2604 4741 2756 4796 Unde
2784 4750 2971 4795 nostra
3010 4739 3300 4794 translatio
3327 4740 3460 4794 dicit
3491 4759 3506 4796 :

1927 4839 2119 4895 Omnis
2147 4840 2311 4893 homo
2336 4837 2401 4891 ad
2427 4835 2729 4907 proximam
2773 4832 3060 4904 sanguinis
3088 4833 3174 4887 sui
3212 4847 3323 4886 non
3344 4846 3507 4885 acce-

1924 4930 2038 4997 det,
2091 4937 2152 4985 ut
2209 4928 2413 4984 revelet
2470 4925 2865 4995 turpitudinem
2920 4924 3062 4993 ejus.
3146 4921 3505 4993 Septuaginta

1922 5025 2130 5080 edunt:
2165 5023 2351 5083 Homo,
2414 5022 2566 5075 homo
2603 5020 2687 5073 ad‘
2709 5036 2915 5073 omnem
2947 5018 3293 5071 domesticam
3326 5018 3515 5069 carnis.

1922 5118 2087 5185 ipsius
2133 5132 2237 5169 non
2282 5114 2512 5177 accedet,
2564 5122 2621 5166 ut
2662 5112 2872 5181 aperiat
2918 5112 3319 5180 turpitudinem.
3368 5109 3504 5163 Pro-

1922 5223 2110 5279 pterea
2139 5208 2383 5263 secundo
2423 5206 2689 5270 dicentes,
2737 5205 2888 5258 homo
2917 5204 3091 5262 homo.
3138 5212 3198 5257 ut
3237 5203 3505 5272 quemad-

1922 5304 2141 5359 modum
2194 5311 2279 5358 est
2338 5302 2503 5355 homo
2551 5297 2773 5368 duplex,
2818 5295 2897 5352 sic
2937 5295 3314 5364 intelligantur
3354 5304 3409 5349 et
3442 5309 3505 5348 ea

1919 5411 2041 5465 quae
2071 5395 2393 5450 sanciuntur
2418 5406 2539 5447 esse
2558 5388 2796 5455 duplicia
2821 5431 2836 5454 ,
2870 5397 3236 5459 oportereque
3265 5399 3320 5443 et
3347 5399 3505 5443 exte-

1924 5491 2119 5545 riorem
2150 5503 2341 5543 eorum
2375 5484 2589 5548 faciem,
2622 5491 2679 5537 et
2708 5480 3039 5535 interiorem
3062 5495 3253 5534 eorum
3280 5478 3501 5541 faciem,

1925 5593 1980 5639 et
2009 5583 2325 5638 interiorem
2348 5574 2866 5647 contemplationem
2888 5572 3187 5635 custodire,
3223 5580 3283 5625 ut
3308 5586 3502 5641 magna

1930 5683 2188 5742 rectaque
2242 5672 2327 5724 lex
2364 5666 2692 5723 exteriorem
2732 5662 3161 5730 interioremque
3209 5671 3505 5729 componat

1932 5767 2229 5821 hominem.
2285 5759 2394 5815 Sed
2447 5774 2510 5814 ea
2556 5757 2780 5828 quidem
2828 5770 2951 5827 quin
2976 5754 3108 5808 foris
3143 5762 3227 5807 est
3258 5753 3395 5824 legis
3420 5752 3502 5807 fa-

2316 5903 2359 5934 “
2390 5903 2591 5959 Jerem.
2626 5913 2752 5954 xxxi
2774 5939 2787 5963 ,
2830 5896 2920 5963 5|,
2953 5893 3042 5951 '52.
3148 5895 3193 5927 ⁸⁸
3222 5894 3378 5950 Joan.
3423 5911 3501 5959 vi,
