4032 6424
230 370 388 431 1013

1404 386 1480 447 IN
1522 385 2060 448 LEVITlCUM.-—
2100 383 2244 443 LIB.
2275 384 2323 443 V

3377 371 3506 435 1014

225 485 488 538 cundum
540 492 712 556 ipsam
756 490 1043 549 historiam
1089 504 1145 550 et
1203 494 1539 568 Scripturam
1585 499 1822 553 divinam

1932 495 2281 549 Aimulantur
2300 512 2387 550 vos
2417 512 2517 549 non
2548 495 2691 557 bene,
2715 495 2805 547 sed
2831 493 3103 547 excindere
3117 509 3204 546 vos
3230 491 3406 545 volunt
3434 493 3499 547 ⁸ο.

227 580 622 635 ostendemus.
648 582 980 654 Concupivit
1011 603 1142 658 ergo
1168 590 1336 644 David
1374 590 1514 646 Uria:
1548 608 1776 646 uxorem
1808 610 1820 646 :

226 684 380 726 ecce
450 675 653 741 peccati
683 684 858 731 mater
904 681 1367 750 concupiscentia.
1416 682 1824 753 Concupiscens

226 766 551 845 moechatus
586 777 670 823 est
702 785 715 820 ι
742 780 969 826 matrem
1004 773 1109 827 ﬁlia
1140 776 1427 831 subsecuta
1460 786 1562 832 est.
1596 778 1824 833 Adulte-

226 866 400 913 ratus
462 862 706 917 occidit:
759 866 993 934 pessima
1038 868 1495 937 concupiscentiae
1525 870 1822 925 mortiferae

225 963 369 1016 (tua?
418 955 697 1021 praecessit
752 958 950 1027 neptis.
1004 958 1148 1012 Nihil
1193 975 1323 1031 ergo
1368 961 1560 1016 horum
1595 962 1825 1017 revelari

225 1041 361 1094 vult
385 1062 399 1096 :
426 1060 602 1115 neque
619 1047 761 1100 enim
781 1059 997 1119 oportet
1018 1051 1388 1120 proximorum
1412 1055 1563 1123 prodi
1584 1066 1823 1125 peccata,

206 1136 342 1188 .sed
389 1136 673 1194 admoneri
709 1142 879 1212 magis
919 1159 1033 1207 eos,
1078 1155 1133 1199 et
1167 1145 1233 1200 ad
1270 1147 1588 1201 memoriam
1638 1163 1826 1202 eorum

228 1239 526 1291 revocare,
574 1244 699 1284 cum
736 1232 880 1287 dicat
916 1236 1209 1302 Apostolus
1240 1255 1253 1290 :
1285 1234 1525 1301 Fratres,
1549 1239 1593 1292 si
1646 1240 1829 1307 depre-

228 1315 438 1372 hensus
470 1321 626 1388 fuerit
669 1326 781 1393 quis
817 1343 883 1379 ea:
903 1327 1039 1379 vobis
1083 1328 1137 1381 in
1166 1329 1346 1400 aliquo
1384 1332 1592 1397 delicto,
1627 1350 1715 1387 vos
1740 1335 1828 1404 qui

228 1409 518 1476 spiritales
542 1416 683 1477 estis,
714 1418 956 1473 instruite
986 1422 1288 1491 Itnjusmodi
1326 1425 1380 1477 in
1424 1427 1612 1493 spiritu
1635 1426 1827 1481 lenita-

236 1502 337 1566 tis,
394 1507 732 1561 considerans
765 1511 1008 1576 teipsum,
1038 1531 1101 1567 ne
1140 1525 1189 1568 et
1235 1526 1291 1569 tu
1334 1519 1545 1572 tenteris
1568 1519 1632 1573 ⁸⁸.
1668 1518 1829 1574 Vides

235 1594 375 1660 quia
408 1612 518 1650 non
554 1598 751 1654 frustra
779 1602 1051 1673 legislator
1089 1607 1305 1662 dicebat
1339 1628 1352 1663 :
1387 1608 1523 1665 Caro
1562 1621 1653 1664 tua
1685 1622 1825 1666 sunt.

236 1682 562 1742 Ostendens
596 1691 721 1758 quia
763 1705 1053 1763 cognatum
1097 1699 1255 1753 nobis
1301 1702 1723 1770 quodammodo,
1774 1712 1831 1757 et

238 1776 513 1834 fatniliare
542 1793 645 1846 est,
687 1798 932 1852 peccare,
970 1799 1189 1858 propter
1219 1793 1359 1859 quod
1391 1794 1625 1861 compati
1670 1795 1830 1849 nobis

237 1870 479 1925 invicem
505 1875 766 1931 debemus
789 1890 1098 1947 peccantes.
1123 1882 1254 1936 Nam
1281 1883 1482 1940 Paulus
1507 1888 1830 1958 dispensans

240 1962 349 2017 hoc
374 1966 516 2034 quod
550 1983 697 2024 nunc
727 1970 928 2025 dictum
958 1985 1058 2033 est.
1085 1976 1321 2031 subdidit
1354 1996 1366 2030 :
1406 1978 1631 2033 Invicem
1669 1998 1830 2035 onera

238 2069 417 2110 vestra
479 2071 705 2127 portate,
748 2073 795 2116 et
839 2065 913 2117 sic
943 2066 1297 2136 adimplebitis
1340 2069 1499 2141 legem
1538 2070 1731 2126 Christi
1761 2074 1826 2127 “.

242 2144 365 2214 lpse
393 2163 522 2218 ergo
555 2163 776 2218 peccata
800 2164 983 2208 nostra
1014 2158 1274 2225 portavit.
1301 2158 1403 2224 Qui
1458 2170 1638 2215 autem
1691 2180 1830 2219 onus

244 2240 476 2305 proximi
510 2254 712 2311 portat,
740 2256 793 2299 et
827 2249 1053 2318 suscipit
1080 2250 1131 2303 in
1160 2253 1457 2322 semetipso
1493 2255 1674 2311 fratris
1698 2274 1828 2328 pce-

251 2342 390 2391 cata.
418 2350 526 2387 non
559 2336 676 2391 haec
707 2340 906 2407 prodit,
950 2356 1052 2396 nec
1083 2344 1306 2408 revelat,
1336 2346 1429 2399 sed
1484 2349 1651 2417 magis
1676 2351 1831 2404 cohi-

258 2424 367 2485 bet,
393 2435 444 2479 et
467 2428 645 2483 verbis
671 2432 1083 2488 medicinalibus
1105 2446 1281 2501 curat,
1311 2448 1365 2493 et
1389 2440 1532 2494 sicut
1557 2443 1831 2511 propriam

261 2515 615 2573 inﬁrmitatem
648 2524 1121 2582 exhortationibus
1146 2528 1397 2600 benignis
1424 2533 1693 2588 exhaurit.
1718 2534 1833 2590 Un-

255 2610 322 2661 de
349 2613 603 2679 propheta
634 2615 803 2670 lsaias
819 2618 887 2672 de
914 2620 1193 2675 Salvatore
1213 2622 1401 2678 dicens
1425 2642 1438 2677 :
1464 2624 1588 2679 Vere
1611 2641 1829 2696 peccata

248 2710 424 2753 nostra
449 2704 558 2771 ipse
584 2709 835 2773 portavit,
856 2710 1098 2765 subdidit
1124 2730 1136 2765 :
1160 2713 1227 2765 Et
1245 2730 1339 2781 pro
1360 2719 1831 2786 transgressoribus

244 2796 446 2863 rogarit
478 2798 542 2851 ³⁷.
567 2798 737 2871 Allligi
784 2802 949 2872 igitur
972 2814 1028 2859 et
1060 2821 1276 2875 gemere
1300 2809 1564 2864 debemus
1598 2827 1696 2880 pro
1748 2813 1829 2867 eis

241 2888 335 2954 qui
371 2887 438 2941 ad
476 2904 691 2957 pravam
733 2908 977 2962 operam,
1012 2898 1506 2970 cogitationemque
1559 2905 1830 2975 progressi

240 2988 395 3044 sunt,
429 2996 533 3034 non
568 2994 749 3039 autem
784 2988 901 3043 haec
932 2992 1301 3048 manifestare.

317 3070 478 3125 Vens.
500 3074 583 3130 18.
619 3094 639 3128 ι
669 3076 925 3135 Sororem
952 3084 1136 3139 uxoris
1163 3094 1265 3139 tum
1295 3086 1351 3141 in
1373 3088 1684 3157 pellicatum
1708 3090 1830 3160 ejus

238 3176 358 3263 non
373 3164 629 3263 accipies,
663 3186 764 3224 nec
780 3174 1046 3230 revelabis
1068 3177 1460 3246 turpitudinem
1485 3181 1625 3251 ejus,
1648 3182 1830 3238 adhuc
1859 3206 1901 3263 ε

239 3253 335 3307 illa
374 3258 609 3313 vivente.
660 3282 680 3312 ι

320 3346 490 3403 Recte
519 3351 633 3406 inec
651 3355 1061 3425 prtccipiuntnr,
1084 3377 1210 3429 quia
1236 3362 1288 3415 in
1325 3377 1458 3431 pace
1486 3365 1704 3420 vocavit
1727 3382 1831 3421 nos

240 3443 512 3499 Dominus
538 3447 697 3504 Deus.
737 3450 839 3517 Qui
868 3454 1013 3508 enim
1052 3472 1175 3510 cum
1211 3459 1466 3515 omnibus
1508 3477 1609 3514 nos
1642 3478 1831 3531 pacem

237 3534 451 3591 habere
484 3542 616 3605 vult,
660 3543 821 3597 etiam
848 3562 941 3613 per
966 3547 1191 3602 Paulum
1227 3549 1416 3607 dicens
1446 3569 1458 3603 :
1488 3549 1547 3605 Si
1590 3553 1832 3621 possibile

235 3638 344 3689 est,
382 3634 519 3700 quod
553 3651 617 3688 ea:
645 3637 780 3690 vobis
811 3648 906 3704 est,
937 3657 1054 3693 cum
1080 3642 1316 3695 omnibus
1340 3643 1633 3698 hominibus
1653 3661 1833 3715 pacem

236 3722 432 3777 habete
460 3726 527 3791 “,
558 3729 727 3783 multo
771 3733 940 3802 magis
974 3734 1213 3802 placatos
1252 3750 1354 3789 nos
1388 3736 1502 3789 vult
1540 3752 1659 3791 esse
1707 3754 1830 3793 cum

237 3816 535 3885 proximis,
566 3823 709 3888 quod
740 3824 1031 3886 subvertit,
1073 3826 1117 3879 si
1139 3826 1300 3881 simul
1330 3827 1453 3896 quis
1484 3830 1634 3882 uxori
1675 3844 1831 3883 soro—

239 3908 405 3977 rique
434 3911 845 3983 ejusjungatur,
888 3926 946 3970 ut
976 3932 1191 3972 sorores
1219 3919 1379 3972 simul
1405 3920 1672 3983 habitent,
1702 3930 1834 3976 etut

240 4000 566 4058 intersimul
584 4006 890 4061 habitantes
904 4011 1171 4064 excitetur
1188 4012 1357 4074 zelus,
1390 4014 1532 4067 unde
1556 4014 1832 4068 contentio

242 4095 474 4166 rixaque
506 4110 813 4167 generatur.
848 4100 974 4156 Post
1012 4103 1116 4158 hoc
1147 4105 1227 4159 lex
1259 4106 1391 4159 illud
1429 4107 1691 4177 praecipit,
1722 4123 1832 4161 non

241 4197 503 4255 oportere
526 4190 579 4243 in
605 4190 829 4246 Iudaica
856 4197 1272 4250 conversatione
1299 4198 1723 4253 ecclesiasticam
1745 4215 1835 4254 ac-

246 4276 456 4343 cipere,
479 4294 579 4333 nec
601 4282 762 4334 simul
790 4285 1010 4351 pascha.
1042 4286 1185 4355 quod
1219 4286 1271 4339 in
1303 4287 1470 4357 ﬁgura
1499 4300 1582 4343 est
1612 4306 1737 4345 cum
1768 4306 1834 4344 eo

251 4372 395 4439 quod
414 4386 496 4429 est
513 4376 874 4448 intelligibile,
894 4382 1191 4447 celebrare,
1210 4400 1313 4438 nec
1335 4385 1682 4439 festivitatem
1710 4404 1833 4458 azy-

251 4482 464 4521 morum
509 4458 872 4537 celebrantes,
904 4476 1102 4530 Christi
1131 4478 1289 4545 panis
1330 4493 1541 4533 cmnam
1587 4496 1828 4545 sumere,

1926 588 2062 653 Quia
2098 597 2278 642 autem
2316 602 2426 641 non
2472 586 2710 641 Ecclesia
2759 586 3095 656 Synagogam
3137 582 3363 647 zelatur,
3407 581 3503 635 sed

1927 676 2042 744 ipsa
2071 693 2101 729 a
2127 676 2404 747 Synagoga
2427 676 2600 730 zelum
2626 676 2846 745 patitur,
2866 673 3210 728 manifestum
3234 681 3315 727 est
3342 686 3409 726 ex
3440 686 3506 726 eo

1929 768 2073 837 quod
2104 784 2212 821 non
2234 771 2472 823 secunda
2504 785 2638 823 uxor
2660 770 2871 838 primze,
2894 768 2989 822 sed
3021 767 3195 836 prima
3222 764 3415 820 aemula
3439 765 3509 819 sit

1930 860 2183 914 secunda:
2205 900 2221 925 ,
2267 860 2409 915 sicut
2444 876 2512 915 ex
2535 861 2806 915 desiderio
2836 861 2935 914 viri
2954 860 3395 931 subingrediente
3417 875 3508 913 so-

1928 954 2001 1008 let
2026 972 2038 1006 :
2060 954 2200 1008 unde
2213 963 2267 1009 et
2284 953 2378 1007 Lia
2399 954 2673 1007 zelabatnr
2691 952 2914 1006 Rachel.
2951 951 3084 1006 Vide
3124 962 3306 1006 autem
3331 952 3509 1020 qualia

1930 1045 2199 1115 lcgislator
2245 1045 2523 1100 subdidit:
2566 1046 2783 1099 Etcum
2831 1045 3099 1098 dixisset:
3136 1043 3215 1096 Da
3266 1045 3394 1097 mihi
3442 1044 3505 1097 de

1930 1138 2295 1207 mandragoris
2348 1137 2447 1205 ﬁlii
2475 1138 2572 1203 tui,
2602 1138 2880 1207 respondit
2904 1159 2914 1188 :
2937 1138 3207 1191 Parumne
3230 1139 3321 1190 tibi
3363 1138 3510 1191 cide-

1932 1238 2019 1280 tur
2043 1230 2179 1297 quod
2205 1229 2541 1296 prteripueris
2577 1229 2827 1281 maritum
2846 1230 2969 1281 milii
2990 1230 3076 1283 “‘i
3107 1230 3306 1299 Aperte
3328 1238 3511 1283 autem

1932 1320 2050 1375 haec
2078 1322 2387 1376 aemulantis
2410 1323 2575 1377 verba
2598 1332 2747 1376 sunt.

2003 1411 2166 1466 Vens.
2194 1412 2384 1468 19-23.
2431 1431 2451 1464 ι
2496 1413 2578 1467 Ad
2618 1413 2905 1467 mulierem
2938 1430 3059 1481 quae
3110 1415 3314 1483 patitur
3357 1429 3513 1469 men—

1931 1512 2080 1556 strua
2112 1518 2219 1556 non
2250 1503 2498 1568 accedes,
2531 1505 2854 1559 necreveles
2874 1505 3171 1560 fteditatem
3207 1508 3344 1575 ejus.
3374 1508 3510 1561 Cum

1932 1610 2102 1649 uxore
2142 1596 2373 1665 proximi
2406 1595 2480 1649 tui
2520 1612 2628 1651 non
2664 1597 2851 1661 coibis,
2894 1614 2995 1652 nec
3028 1598 3249 1652 seminis
3282 1599 3512 1653 commi-

1933 1687 2108 1741 stione
2128 1688 2507 1743 maculaheris.
2541 1689 2617 1743 De
2635 1689 2841 1743 semine
2858 1698 2950 1744 tuo
2976 1706 3082 1745 non
3109 1691 3261 1744 dabis
3284 1700 3336 1746 ut
3379 1706 3511 1745 con-

1934 1790 2178 1834 secretur
2197 1780 2339 1835 idolo
2359 1780 2589 1845 Moloch,
2612 1800 2630 1831 ι
2672 1782 2776 1846 vel,
2813 1782 3110 1836 secundum
3137 1781 3510 1853 Septuaginta,

1863 1861 1906 1919 Β
1936 1872 2133 1927 Prtesto
2180 1892 2287 1928 esse
2323 1876 2569 1943 principi.
2609 1895 2627 1925 ‹
2672 1874 2781 1929 Nec
2814 1876 3022 1944 pollues
3055 1890 3252 1929 nomen
3283 1876 3379 1929 Dei
3413 1876 3511 1929 tui.

1934 1965 2043 2036 Ego
2067 1966 2343 2019 Dominus.
2381 1967 2515 2020 Cum
2551 1968 2791 2022 masculo
2825 1983 2935 2022 non
2969 1968 3208 2022 dormies
3242 1968 3388 2022 coitu
3433 1967 3516 2021 fe-

1933 2061 2136 2119 mineo,
2162 2059 2287 2128 quia
2320 2058 2654 2114 abominatio
2688 2069 2792 2115 cst.
2821 2059 2954 2115 Cum
2990 2061 3137 2114 omni
3182 2076 3376 2130 pecore
3404 2076 3512 2115 non

1932 2150 2124 2215 coibis,
2145 2167 2246 2204 nec
2270 2152 2766 2205 maculaheriscum
2789 2168 2872 2206 eo.
2904 2152 3218 2207 Mulicrnon
3258 2168 3515 2208 succum-

1934 2244 2023 2297 bet
2048 2244 2319 2312 jnmento,
2351 2261 2453 2299 nec
2482 2246 2800 2299 miscebitur
2828 2246 2897 2308 ei,
2928 2247 3054 2315 quia
3084 2247 3261 2301 scelus
3285 2256 3387 2302 est.
3426 2266 3447 2298 ›

2004 2334 2149 2390 Bene
2178 2336 2297 2391 hazc
2338 2338 2804 2406 interpretationis
2844 2339 2984 2407 stylo
3026 2339 3316 2409 conjuncta
3363 2350 3512 2394 sunt.

1934 2426 2180 2483 Praesens
2203 2444 2331 2499 ergo
2358 2429 2678 2500 legislaloris
2721 2430 2951 2484 intentio
2991 2440 3076 2485 est
3102 2446 3130 2484 a
3176 2431 3512 2497 libidinibus,

1934 2527 1989 2573 ct
2032 2520 2257 2574 nefariis
2300 2520 2797 2586 commistionibus,
2828 2528 2883 2574 et
2909 2538 2937 2574 a
2984 2521 3347 2577 fornicatione
3405 2531 3514 2576 tam

1934 2612 2175 2666 sensibili
2206 2630 2366 2682 quam
2423 2612 2743 2685 inielligibili
2771 2615 3028 2669 cohibere
3055 2629 3178 2668 eum
3206 2616 3296 2684 qui
3318 2616 3515 2686 accipit

1934 2702 2128 2773 legem.
2147 2703 2280 2757 Eum
2308 2713 2595 2773 propterea
2620 2720 2728 2758 non
2753 2706 3008 2775 praecepit
3036 2706 3085 2759 ei
3121 2722 3243 2775 quae
3274 2708 3327 2760 in
3356 2723 3515 2762 men-

1938 2795 2073 2849 truis
2100 2797 2401 2850 constituta
2423 2806 2508 2850 est
2531 2804 2755 2866 propter
2786 2796 3139 2866 pollutionem
3166 2799 3512 2863 concubitus,

1934 2896 2124 2941 contra
2148 2888 2319 2959 legem
2346 2888 2583 2954 misceri,
2618 2889 2711 2942 sed
2742 2904 2845 2942 nec
2872 2888 3025 2943 uxori
3056 2889 3287 2958 proximi
3321 2908 3334 2943 :
3361 2890 3516 2944 adul—

1935 2979 2130 3033 terium
2187 2980 2331 3033 enim
2390 2980 2489 3034 ista
2534 2980 2861 3044 commistio,
2898 2996 3008 3034 non
3060 2981 3369 3051 conjugium
3411 2991 3514 3037 est.

1934 3070 2091 3126 Unde
2112 3087 2234 3126 cum
2266 3072 2491 3127 dixisset
2515 3090 2528 3126 :

2006 3161 2139 3218 Cant
2191 3182 2350 3219 uxore
2392 3167 2619 3234 proximi
2653 3167 2730 3219 tui
2768 3184 2870 3220 non
2909 3168 3087 3231 coibis,
3112 3167 3322 3222 addidit
3356 3185 3368 3221 :
3409 3166 3517 3221 Nec

1933 3256 2150 3310 seminis
2204 3258 2569 3311 commistione
2629 3260 2997 3315 maculaberis.
3032 3259 3145 3315 Hoc
3195 3262 3515 3331 explanans,

1934 3347 2061 3416 quia
2083 3348 2197 3416 jam
2229 3365 2345 3404 non.
2373 3359 2457 3405 est
2494 3351 2842 3421 conjugium;
2875 3367 3055 3422 neque
3078 3352 3224 3407 enim
3256 3353 3518 3422 polluerat

1934 3457 2060 3496 eum
2091 3445 2182 3512 qui
2228 3446 2688 3500 commiscebatur
2717 3462 2731 3509 ;
2760 3446 2887 3515 quia
2918 3446 3239 3500 honorabile
3280 3454 3364 3499 est
3382 3461 3517 3500 con-

1927 3533 2160 3604 jugium,
2197 3544 2249 3588 et
2289 3544 2440 3589 torus
2480 3536 2859 3589 immaculatus
2898 3555 2909 3589 ε
2957 3535 3052 3590 sed
3099 3550 3222 3589 cum
3274 3533 3519 3588 sensibili

1934 3624 2313 3690 fornicatione,
2334 3635 2387 3681 et
2407 3627 2475 3680 ab
2492 3625 2815 3697 intelligibili
2841 3640 2941 3681 nos
2963 3640 3249 3681 removere
3273 3625 3516 3679 maximo

1933 3719 2116 3773 studio
2163 3719 2374 3785 nititur,
2423 3730 2645 3790 propter
2686 3721 2830 3790 quod
2876 3719 3119 3773 subdidit
3157 3737 3168 3772 :
3206 3718 3284 3773 De
3322 3720 3519 3775 semine

1935 3820 2023 3864 tuo
2066 3828 2170 3865 non
2213 3813 2363 3866 dabis
2402 3814 2596 3867 servire
2630 3812 2850 3873 Moloch,
2883 3813 3018 3875 sive,
3050 3821 3111 3864 ut
3140 3810 3518 3882 Septuaginta.

1936 3900 2197 3973 Principi.
2235 3903 2335 3958 Cui
2388 3915 2567 3958 autem
2617 3904 2885 3974 principi,
2927 3912 3108 3958 nostra
3158 3903 3441 3958 translatio
3464 3912 3519 3958 et

1935 3995 2129 4065 reliqui
2174 3995 2521 4065 interpretes.
2550 3995 2931 4050 ostenderunt.
2959 3994 3063 4063 Ipsi
3093 3996 3241 4049 enim
3275 3993 3516 4055 Moloeh,

1936 4104 2033 4156 pro
2052 4103 2117 4140 eo
2143 4089 2283 4155 quod
2308 4096 2391 4141 est
2412 4088 2662 4157 principi,
2688 4103 2932 4143 consone
2964 4088 3278 4142 ediderunt.
3311 4086 3517 4140 Idolum

1935 4189 2118 4233 autem
2162 4181 2271 4234 hoc
2324 4180 2494 4235 fuisse
2532 4182 2699 4235 etiam
2751 4181 3064 4250 Stephanus
3094 4181 3139 4211 "
3165 4180 3517 4243 concionans,

1935 4274 2166 4327 maxime
2195 4274 2360 4329 Amos
2394 4283 2521 4328 ante
2554 4290 2677 4328 cum
2714 4275 3071 4343 pr0phetans,
3102 4272 3517 4336 demonstravit,

1935 4366 2011 4420 ait
2041 4366 2187 4419 enim
2215 4385 2226 4419 :
2257 4367 2321 4420 Et
2365 4368 2616 4436 portastis
2662 4366 3060 4420 tabernaculum
3100 4365 3298 4420 Moloch
3327 4374 3517 4427 vestro,

1934 4468 1980 4510 et
2025 4459 2312 4528 imaginem
2369 4459 2631 4512 idolorum
2683 4469 2997 4522 vestrorum,
3040 4459 3184 4511 sidus
3224 4456 3321 4509 Dei
3361 4457 3519 4511 vestri

244 4576 371 4628 qua,
394 4571 667 4618 δυηινθηι
683 4579 1007 4636 azyma’nec
1024 4569 1497 4625 circumcisione",
1514 4572 1672 4626 simul
1697 4589 1834 4642 ωπ-
1866 4561 1906 4613 1)
1936 4552 2127 4621 fecistis
2160 4552 2297 4603 vobis
2322 4552 2385 4606 ⁵³.
2425 4552 2623 4606 Semen
2657 4563 2836 4607 autem
2870 4567 2979 4605 non
3023 4559 3201 4605 solum
3236 4559 3515 4621 cognatos,

241 4652 433 4707 dicare
448 4663 502 4709 et
520 4656 807 4725 baptisma.
832 4659 1208 4716 Memoramini
1226 4678 1355 4733 ergo
1384 4665 1527 4719 illius
1544 4666 1635 4733 qui
1654 4666 1791 4720 dixit
1816 4686 1829 4721 :

241 4744 387 4800 Ecce
409 4764 501 4817 ego
514 4749 716 4803 Paulus
732 4754 847 4806 dico
866 4755 1026 4819 vobis,
1041 4756 1085 4808 si
1102 4756 1576 4823 circumcidamini,
1597 4758 1832 4814 Christus

239 4839 395 4893 vobis
413 4841 542 4894 nihil
558 4844 765 4911 prodest
784 4845 851 4903 ‘9.
877 4847 981 4901 Sed
1007 4856 1060 4901 et
1085 4847 1128 4901 si
1154 4847 1225 4901 for
1243 4858 1292 4903 te
1313 4848 1436 4918 quis
1460 4848 1681 4903 Judaica
1700 4866 1831 4904 con-

239 4932 561 4987 versatione
581 4950 711 4988 usus
732 4944 835 4999 est,
854 4936 1175 5008 negligendo
1196 4953 1314 4991 eam
1334 4938 1640 5003 mortificet,
1668 4940 1719 4993 id
1748 4949 1832 4994 est

237 5022 497 5077 viliorem
523 5035 683 5094 atque
702 5026 1033 5082 inefﬁcacem
1063 5029 1271 5091 reddat,
1305 5036 1358 5081 et
1384 5037 1511 5083 tunc
1530 5029 1580 5082 ei
1606 5045 1726 5098 qum
1745 5037 1833 5083 est

242 5115 509 5169 Ecclesiae
542 5120 858 5182 misceatur,
892 5136 1013 5189 quae
1052 5136 1204 5173 soror
1233 5121 1397 5184 illius,
1417 5138 1537 5190 quae
1579 5122 1827 5175 eamdem

243 5206 428 5274 legem
458 5206 641 5271 habet,
661 5209 993 5280 eosdemque
1017 5210 1145 5281 legit
1166 5212 1481 5280 prophetas,
1515 5211 1610 5265 sed
1635 5212 1835 5266 aemula

242 5308 358 5361 est,
378 5316 485 5354 non
508 5301 652 5370 quod
683 5301 796 5371 ipsa
819 5303 1047 5367 zeletur,
1074 5307 1166 5357 sed
1192 5306 1332 5373 quod
1366 5306 1479 5359 bmc
1499 5305 1639 5358 illius
1656 5306 1829 5361 zelum

246 5391 490 5459 patiatur
524 5412 537 5446 :
573 5395 699 5463 quia
731 5396 933 5451 divitia:
960 5398 1077 5465 ejus
1106 5398 1171 5451 ad
1203 5414 1300 5451 nos
1331 5414 1426 5467 per
1460 5397 1627 5466 ipsam
1661 5398 1831 5452 devo-

250 5485 384 5538 luta:
408 5496 554 5554 sunt,
575 5488 628 5541 in
653 5497 864 5543 tantum
883 5499 937 5543 nt
960 5487 1154 5544 Paulus
1179 5491 1345 5545 dehis
1373 5491 1463 5560 qui
1490 5507 1553 5544 ex
1594 5491 1831 5545 circum-

250 5576 463 5634 cisione
479 5590 627 5643 sunt,
652 5582 718 5635 ad
744 5581 957 5637 Galatas
979 5582 1069 5651 qui
1086 5598 1149 5636 ex
1162 5582 1413 5651 gentibus
1430 5590 1586 5637 erant
1604 5582 1830 5636 diceret:

351 5746 395 5777 "
418 5745 531 5800 Gal.
555 5761 628 5807 Vl,
654 5747 699 5799 ι.
776 5745 822 5778 ⁸⁸
847 5747 975 5802 ibid.
1001 5748 1056 5803 2.

274 5831 403 5879 xxx,
432 5816 514 5869 15.
592 5816 772 5872 "Act.
806 5834 902 5883 vn,
929 5818 1016 5873 49,

1132 5750 1177 5781 δ’
1208 5749 1308 5804 lsa.
1341 5767 1454 5807 Lm.
1490 5752 1520 5805 ι
1556 5760 1610 5803 et
1638 5750 1721 5802 12.

1093 5821 1138 5853 ⁵³
1170 5822 1330 5874 Amos
1360 5822 1516 5883 v,“26.

1798 5748 1841 5780 "'
1868 5750 2025 5803 Rom.
2062 5768 2154 5813 xu,
2202 5754 2283 5805 l8.

1593 5822 1635 5851 “
1666 5821 1679 5871 Ι
1713 5818 1847 5873 Tim.
1884 5836 1953 5881 vt,
1977 5820 2062 5873 10.

1937 4645 2029 4696 sed
2067 4659 2283 4697 onmem
2335 4654 2577 4698 nostram
2609 4645 2879 4698 actionem
2922 4655 2977 4697 et
3007 4644 3309 4698 doctrinam
3360 4642 3519 4696 intel-

1936 4737 2183 4807 ligamus,
2235 4746 2295 4791 ut
2326 4753 2429 4791 nec
2466 4738 2737 4791 actionem
2775 4747 3017 4790 nostram
3056 4735 3249 4789 demus
3299 4733 3365 4787 ad
3403 4749 3519 4788 ser-

1938 4830 2193 4886 vicndum
2219 4830 2398 4893 idolis,
2424 4829 2550 4900 quia
2580 4828 2737 4882 radix
2757 4828 2991 4881 omnium
3023 4826 3287 4880 malorum
3310 4824 3516 4895 cupidi-

1933 4937 2035 4987 tas,
2069 4939 2184 4995 quae
2206 4933 2280 4978 est
2307 4924 2569 4976 idolorum
2583 4922 2802 4975 semitas
2823 4922 2888 4973 ⁵⁸.
2919 4919 3027 4974 Sed
3052 4934 3155 4973 nec
3174 4918 3304 4973 talia
3322 4918 3517 4973 docea-

1934 5039 2073 5085 mus,
2096 5038 2218 5091 qth
2242 5021 2308 5075 ad
2335 5019 2536 5074 erroris
2558 5018 2825 5073 idolorum
2848 5017 3185 5087 impietatem
3213 5014 3514 5085 pertinent.

1934 5115 2026 5168 Sic
2062 5114 2205 5167 enim
2245 5111 2498 5182 intelligis
2534 5126 2644 5164 non
2675 5118 2928 5179 oportere
2973 5109 3039 5163 ad
3079 5108 3363 5162 mulierem
3393 5122 3515 5175 qua:

1934 5210 1988 5262 in
2022 5207 2314 5262 menstruis
2338 5205 2633 5261 constituta
2654 5210 2759 5267 est,
2797 5202 3028 5273 ingredi,
3060 5201 3127 5255 ad
3164 5200 3513 5255 revelandam

1936 5304 2327 5374 turpitudinem
2370 5303 2512 5372 ejus,
2544 5310 2604 5355 ut
2641 5299 2829 5354 nonin
2879 5313 3122 5354 errorem
3176 5312 3513 5369 paganorum

1938 5414 2037 5452 nos
2086 5398 2433 5451 misceamus.
2484 5395 2658 5465 Hujus
2684 5392 2832 5447 enim
2868 5392 3095 5464 figuram
3142 5407 3351 5463 gerere,
3394 5405 3515 5444 eam

1937 5507 2057 5559 quae
2075 5491 2128 5543 in
2149 5489 2441 5545 menstruis
2457 5487 2755 5543 constituta
2767 5495 2870 5551 est,
2885 5486 3134 5555 superius
3149 5483 3515 5547 ostendimus,

1941 5600 2063 5639 cum
2095 5584 2161 5639 de
2201 5581 2574 5646 menstruatis,
2608 5588 2664 5635 et
2700 5578 2904 5634 ﬂuxum
2937 5576 3215 5649 sanguinis
3258 5574 3515 5645 patienti-

2362 5754 2405 5785 ¹⁸⁹
2434 5754 2551 5809 Gal.
2585 5772 2635 5817 v,
2659 5754 2713 5807 2.
2791 5756 2836 5788 ⁸ο
2870 5755 2986 5810 Gal.
3021 5774 3089 5819 Iv,
3124 5759 3205 5811 l7.

3300 5763 3340 5795 ⁸¹
3368 5764 3504 5819 Gen.
