4032 6476
559 383 695 447 3015

1741 380 2102 441 HESYCHJI
2144 375 2612 438 PRESBYTERI
3657 373 3767 441 1016

558 499 658 550 bus
711 495 1049 558 mulieribus.
1103 490 1492 563 interpretandi
1554 489 1878 543 necessitate
1945 503 2126 542 sermo
2156 499 2196 550 Α
2228 495 2462 557 oportet.
2520 502 2620 540 nec
2653 484 2870 540 dissolvi
2919 486 3039 554 ejus
3087 501 3249 554 quam
3291 484 3462 538 habet
3504 483 3558 536 in
3604 486 3774 542 virtute

556 589 772 643 habitus
795 596 900 642 est.
933 587 1039 642 Sed
1072 601 1174 640 nec
1216 585 1518 640 revelemus
1559 582 1854 636 fmditatem
1896 581 2036 649 ejus,
2069 589 2126 633 ut

555 697 662 736 non
689 683 1147 750 dicainus,neque
1163 678 1496 732 deducamus
1523 676 1590 730 ad
1617 675 1854 730 medimn
1884 673 2128 728 actiones

554 790 742 828 eorum
770 775 962 836 malas,
993 787 1100 826 non
1127 770 1280 840 quasi
1311 770 1392 823 eis
1434 778 1737 838 parcentes,
1783 766 1879 821 sed
1905 773 2129 836 propter

555 882 648 920 eos
681 866 772 934 qui
818 865 1064 927 audiunt,
1112 863 1233 932 quia
1277 872 1441 916 nocet
1491 859 1859 914 audientibus.
1904 858 2130 928 Propter

555 959 697 1026 quod
731 959 860 1012 dicit
893 956 1092 1008 Paulus
1121 974 1133 1008 :
1163 953 1292 1019 Qua:
1314 955 1450 1006 enim
1471 955 1524 1006 in
1553 953 1752 1005 occulto
1781 953 1845 1004 ab
1875 952 1947 1004 eis
1974 951 2127 1019 ﬁunt,

557 1058 708 1118 turpe
728 1061 798 1102 est
829 1049 1016 1102 dicere.
1042 1046 1142 1100 Sed
1159 1057 1204 1099 et
1235 1062 1448 1098 umorem
1467 1045 1693 1114 proximi
1718 1044 2052 1112 refugiamus,
2073 1048 2130 1093 ut

558 1156 658 1192 non
683 1139 950 1207 polluatur
978 1143 1031 1192 iu
1063 1140 1205 1201 ea”,
1226 1136 1440 1206 gentilis
1473 1135 1719 1189 videlicet
1738 1143 1792 1189 et
1816 1134 2129 1196 idololatrze,

557 1231 646 1299 qui
661 1231 938 1300 proximus
953 1241 1157 1296 noster,
1175 1240 1395 1300 prepter
1417 1237 1664 1282 naturam
1685 1236 1738 1282 et
1754 1227 2130 1298 cognationem

557 1324 771 1378 dicitur.
795 1326 1021 1394 Propter
1041 1325 1185 1394 quod
1204 1335 1258 1378 et
1278 1323 1536 1377 Dominus
1560 1320 1848 1390 inquisitus
1870 1336 1899 1373 a
1923 1319 2130 1372 Scriba:

559 1420 627 1470 Et
647 1419 761 1488 quis
800 1427 876 1472 est
906 1419 1174 1487 proximus
1217 1433 1359 1470 mens
1392 1417 1438 1448 ⁸⁸
1462 1417 1484 1469 ?
1509 1430 1634 1468 eum
1665 1414 1756 1484 qui
1783 1412 2136 1467 descenderat

558 1512 627 1566 ab
655 1510 955 1566 Jerusalem
1005 1511 1060 1564 in
1091 1510 1334 1571 Jericho.
1383 1519 1437 1563 et
1473 1509 1527 1562 in
1568 1509 1805 1562 latrones
1847 1506 2131 1569 inciderat,

559 1605 810 1660 videlicet
853 1605 1151 1668 diemoncs,
1185 1613 1239 1659 et
1275 1619 1451 1673 neque
1493 1619 1522 1656 a
1564 1600 1865 1665 sacerdote,
1901 1611 2077 1667 neque
2103 1613 2134 1652 a

560 1697 744 1751 Levita
758 1706 980 1751 sanatus
1007 1705 1109 1760 est,
1134 1697 1225 1751 sed
1251 1695 1608 1755 Samaritano.
1644 1692 1951 1762 proximum
1977 1689 2129 1744 dixit.

560 1787 694 1842 Cum
739 1789 901 1858 hujus
949 1805 1078 1859 ergo
1125 1790 1350 1843 muliere
1393 1803 1500 1841 non
1549 1785 1898 1847 concumbes,
1953 1794 2011 1838 ut
2044 1784 2130 1838 tali

561 1881 786 1936 seminis
833 1883 1213 1936 commistione
1259 1882 1549 1937 maculeris
1598 1900 1610 1935 :
1663 1889 1722 1934 ut
1754 1896 1860 1934 non
1896 1896 2133 1950 pagano-

560 1986 678 2024 rum
711 1973 994 2041 sapientiaa
1024 1974 1076 2026 in
1107 1983 1315 2028 tantum
1351 1974 1841 2035 communicemus,
1878 1988 2054 2042 neque
2079 1974 2133 2025 in

561 2071 770 2116 tanttnn
797 2063 852 2117 in
889 2079 949 2118 ea
975 2065 1373 2130 incumbamus,
1409 2076 1468 2119 ut
1496 2066 1730 2134 aliquam
1775 2064 2134 2133 pollutionem

561 2171 626 2208 ex
653 2171 717 2209 ea
745 2156 801 2208 in
823 2157 1075 2226 dogmate
1105 2158 1514 2225 conquiramus,
1562 2173 1664 2211 nec
1697 2158 2000 2226 polluamus
2036 2172 2137 2210 no-

561 2265 684 2302 men
734 2249 828 2303 Dei
873 2250 1067 2314 nostri,
1120 2252 1264 2319 quod
1301 2249 1664 2303 communiter
1712 2249 1765 2302 in
1798 2249 1979 2302 omnia
2017 2263 2138 2317 qua:

560 2339 701 2394 dicta
757 2351 887 2394 sunt
919 2341 1302 2412 intelligamus.
1334 2341 1470 2407 Quia
1523 2341 1721 2411 polluet
1767 2357 1965 2395 nomen
2019 2339 2135 2405 Dei,

561 2445 670 2482 non
710 2430 886 2484 solum
933 2431 1310 2488 fornicationis
1359 2434 1717 2503 turpitudine,
1772 2441 1828 2487 et
1867 2433 2137 2502 aliquibus

561 2520 868 2577 actionibus
897 2523 1165 2578 idolorum
1215 2534 1395 2590 utens,
1433 2525 1525 2579 sed
1567 2525 1685 2580 etsi
1725 2524 1848 2595 quis
1878 2541 1940 2579 ex
1973 2540 2137 2595 paga—

561 2628 757 2667 norum
791 2630 1000 2679 errore,
1032 2625 1087 2670 et
1113 2631 1174 2670 ea
1207 2633 1328 2686 qua:
1372 2619 1675 2688 appellatur
1717 2618 1859 2686 apud
1901 2632 1994 2671 eos
2018 2617 2138 2686 phi-

561 2706 824 2775 l050phia,
847 2709 1248 2765 subintroducit
1269 2711 1321 2765 in
1373 2712 1550 2766 divina
1578 2711 1829 2766 Ecclesiae
1852 2712 2134 2781 dogmata:

559 2801 703 2869 quod
726 2801 943 2871 quidam
967 2805 1255 2873 patientes,
1293 2806 1346 2859 in
1373 2809 1570 2860 sortem
1598 2807 1975 2860 haereticorum
2002 2807 2136 2877 lapsi

559 2906 708 2957 sunt,
747 2904 802 2950 et
842 2896 968 2951 facti
999 2908 1128 2952 sunt
1161 2909 1309 2954 extra
1335 2899 1647 2963 Ecclesiam,
1680 2909 1866 2970 utpote
1895 2901 2140 2970 polluen-

561 2998 644 3042 tes
687 3004 886 3043 nomen
923 2989 1036 3052 Dei,
1082 2990 1132 3045 id
1183 3002 1261 3045 est
1298 2992 1709 3061 injurianteset
1737 2993 2138 3062 quodammodo

561 3080 976 3148 coinquinantcs
1011 3099 1023 3134 :
1057 3083 1182 3150 quia
1212 3099 1318 3136 non
1348 3093 1562 3152 oportet
1590 3100 1648 3138 ea
1677 3099 1797 3154 quae
1825 3094 1950 3138 sunt
1993 3101 2137 3140 mor-

2230 579 2690 649 perseverantiam
2743 597 2755 631 :
2796 579 2898 632 hoc
2944 577 3090 632 enim
3151 589 3464 646 opportune
3521 591 3639 630 cum
3681 580 3777 633 vim

2231 671 2483 726 muliebri
2515 670 2658 724 coitu
2696 669 2911 724 misceri
2947 669 3286 740 intelligitur.
3313 667 3427 722 Sed
3456 667 3781 737 quemadmo-

2228 765 2358 818 dum
2407 765 2570 818 alium
2613 763 2983 818 eﬂ‘eminatum
3029 763 3144 816 ﬁeri
3177 777 3284 816 non
3312 760 3578 831 oportuit,
3609 761 3673 815 ita
3699 779 3782 819 nec

2230 855 2456 909 nefariis
2497 855 2867 924 voluptatibus
2912 855 3254 924 requiescere
3289 874 3302 909 :
3336 869 3466 923 quae
3505 863 3646 906 recte
3673 870 3785 922 qua-

2231 949 2514 1017 drupedia,
2557 959 2748 1018 utpote
2778 949 2831 1002 in
2858 957 3053 1003 terram
3099 947 3462 1011 intendentia,
3492 955 3548 1002 et
3575 948 3786 1004 actiones

2231 1058 2353 1111 qua:
2370 1043 2542 1096 virum
2566 1043 2816 1106 deceant,
2841 1057 2948 1095 non
2969 1039 3417 1104 babentes,dicta
3439 1048 3602 1092 sunt:
3624 1039 3674 1092 in
3696 1050 3786 1093 ter-

2232 1153 2346 1190 ram
2370 1138 2514 1192 enim
2539 1138 2833 1191 intendunt
2849 1136 3314 1206 quadrupedia,et
3337 1148 3604 1187 manuum
3631 1147 3787 1190 carent

2235 1245 2355 1292 usu.
2380 1245 2502 1300 quae
2536 1231 2588 1284 in
2610 1231 2851 1285 actiones
2881 1230 3068 1302 dignas
3105 1229 3426 1283 hominibus
3457 1227 3790 1295 accipiuntur,

2233 1322 2359 1392 quia
2383 1321 2600 1391 proprie
2646 1321 2924 1375 hominum
2956 1332 3040 1375 est
3083 1320 3336 1374 manibus
3391 1319 3656 1372 laborare.
3695 1319 3788 1375 Non

2234 1429 2362 1484 ergo
2390 1423 2607 1483 oportet
2630 1430 2753 1468 cum
2787 1414 2871 1467 his
2897 1413 3045 1468 coire
3070 1429 3136 1467 ex
3167 1411 3371 1481 quibus
3387 1410 3514 1479 quis
3540 1411 3789 1478 polluitur.

2235 1503 2335 1569 Qui
2378 1504 2524 1557 enim
2551 1514 2796 1558 moratur
2822 1504 2876 1557 in
2901 1502 3381 1564 delectationibus,
3420 1500 3788 1574 sive‘volupta-

2237 1596 2400 1659 tibus,
2430 1596 2502 1648 ita
2531 1604 2591 1649 ut
2619 1595 2945 1650 concumbat
2976 1596 3031 1648 in
3066 1597 3166 1658 eis,
3209 1596 3298 1649 hic
3321 1609 3519 1647 semen
3544 1593 3792 1648 ellundere

2235 1689 2453 1752 dicitur,
2494 1699 2714 1758 prepter
2743 1690 2866 1753 hoc,
2908 1689 3033 1758 quia
3079 1690 3296 1758 pellitur
3317 1688 3390 1741 ab
3422 1687 3526 1749 eis,
3559 1688 3670 1738 sive
3691 1688 3790 1754 quia

2236 1783 2534 1837 delectatur
2580 1783 2633 1836 in
2691 1784 2790 1846 eis,
2850 1791 2905 1836 et
2957 1783 3223 1852 frequenti
3277 1798 3380 1834 usu
3445 1779 3790 1843 scminatcos,

2235 1877 2658 1946 quodammodo,
2702 1887 2795 1930 aut
2821 1876 2888 1929 ab
2920 1877 2998 1929 eis
3039 1875 3339 1929 seminatur
3384 1873 3599 1927 semine
3626 1874 3790 1941 aliquo,

2237 1969 2378 2037 quod
2413 1969 2664 2022 inimicus
2709 1969 3110 2022 dormientibus
3143 1968 3300 2021 nobis
3329 1978 3386 2021 et
3423 1966 3792 2036 negligentibus

2238 2060 2290 2114 in
2329 2062 2591 2115 mundum
2630 2060 2880 2125 seminat,
2913 2061 3160 2130 polluens
3194 2059 3372 2121 valde,
3401 2058 3477 2110 ita
3511 2065 3570 2110 ut
3602 2073 3629 2108 a
3668 2071 3793 2109 sacro

2240 2155 2590 2208 tabernaculo
2633 2155 2822 2208 debeat
2864 2155 2984 2220 hic,
3019 2153 3110 2222 qui
3142 2153 3267 2207 talis
3308 2163 3417 2213 est,
3463 2161 3526 2204 ut
3577 2150 3789 2219 pollucns

2237 2246 2454 2315 expelli,
2499 2247 2820 2316 alienusque
2868 2261 2990 2301 esse
3027 2245 3354 2299 adominica
3396 2258 3548 2302 area,
3581 2241 3666 2310 qui
3717 2257 3793 2309 per

2238 2340 2438 2393 malum
2471 2356 2655 2394 semen
2686 2340 2862 2394 factus
2889 2351 2973 2394 est
2999 2339 3222 2392 zizania.
3257 2336 3463 2407 Legem
3502 2344 3676 2388 autem
3703 2350 3787 2386 non

2239 2438 2321 2489 vir
2346 2435 2515 2493 solus.
2547 2435 2640 2487 sed
2667 2434 2864 2487 mulier
2892 2432 3203 2486 necessarie
3259 2427 3510 2484 custodit
3544 2450 3554 2481 :
3590 2426 3673 2479 illa
3707 2427 3792 2477 uti-

2237 2542 2344 2596 que
2369 2541 2529 2596 quam
2561 2525 2818 2579 Salomon
2851 2525 3052 2589 laudat,
3091 2523 3284 2576 Mulier
3313 2522 3455 2574 bona
3475 2520 3786 2580 benedicetur,

2239 2620 2490 2673 timorem
2541 2618 2633 2673 Dei
2693 2617 2899 2672 laudat.
2956 2615 3235 2670 Mulierem
3287 2617 3505 2686 fortem,
3553 2613 3647 2671 ait,
3699 2613 3790 2681 quis

2238 2713 2463 2765 inveniet
2504 2711 2584 2764 ‘°?
2626 2710 3099 2776 Quemadmodum
3134 2709 3439 2768 masculus.
3472 2706 3680 2776 quando
3711 2719 3784 2758 sua

2239 2802 2581 2866 custodierit,
2608 2803 2948 2873 gesseritque
2981 2801 3084 2855 sibi
3147 2800 3332 2870 digna,
3373 2798 3641 2868 signiﬁcat
3686 2796 3785 2848 ani-

2240 2911 2383 2949 mam
2445 2895 2502 2949 in
2558 2894 2857 2948 virtutibus
2887 2893 3284 2948 constitutam:
3336 2891 3424 2945 sic
3489 2899 3545 2944 et
3601 2889 3780 2952 mulier,

2239 2988 2457 3057 quando
2484 2987 2536 3041 in
2574 2988 2738 3043 nullis
2767 3002 2825 3041 se
2849 2987 3130 3041 miscuerit
3155 2983 3543 3048 muliebribus,
3569 2982 3784 3052 quoniam

2241 3083 2502 3151 grandem
2530 3092 2586 3137 et
2617 3085 2750 3143 haec.
2781 3091 3074 3152 antequam
3132 3081 3615 3151 transgrederetur
3649 3078 3781 3130 Crea-

564 3179 802 3235 tuorum,
850 3187 1014 3242 super
1055 3175 1233 3226 vitam
1265 3174 1543 3236 inducere,
1579 3177 1670 3231 sed
1721 3178 2136 3233 custodiendum
2165 3198 2210 3257 ο
2244 3185 2415 3229 torem
2445 3190 2626 3240 suum,
2655 3176 2976 3246 dignitatem
3009 3173 3235 3242 accepit,
3311 3182 3375 3225 ut
3437 3172 3662 3239 adjutrix
3703 3169 3781 3221 viri

561 3272 642 3317 es:
681 3261 827 3316 Pauli
856 3265 1190 3330 mandatum,
1225 3267 1486 3336 scriptum
1519 3285 1545 3321 a
1579 3268 1783 3339 Spiritu
1815 3288 1826 3323 :
1859 3269 1987 3336 Qum
2016 3289 2141 3339 paro

565 3357 800 3423 tiripatio
826 3357 1051 3426 justitia:
1097 3359 1168 3410 ad
1221 3359 1550 3425 iniquitatem
1581 3363 1605 3414 ?
1633 3371 1726 3413 aut
1769 3378 1886 3432 qua:
1927 3366 2143 3419 societas

564 3448 754 3502 Christi
777 3451 848 3502 ad
881 3449 1055 3503 Belial
1075 3451 1118 3482 "
1146 3451 1303 3506 ?Hoc
1328 3453 1473 3506 enim
1503 3462 1558 3507 et
1590 3455 1704 3522 ipse
1738 3456 2144 3523 quodammodo

564 3540 1156 3610 legislatorsiguilicans
1185 3542 1239 3595 in
1263 3543 1348 3596 bis
1377 3561 1498 3613 quae
1521 3545 1664 3599 dicta
1686 3557 1832 3612 sunt,
1871 3547 2139 3603 subdidit:

565 3629 677 3698 Ego
703 3629 973 3685 Dominus.
1004 3632 1104 3697 Qui
1150 3633 1374 3702 gloriam
1425 3634 1600 3688 habeo
1648 3637 1900 3691 omnibus
1931 3638 2141 3692 incom-

560 3721 968 3785 municabilem,
1011 3735 1217 3793 quanto
1261 3725 1428 3797 magis
1453 3726 1914 3797 daemonibusqui
1953 3746 2143 3785 corru-

563 3824 746 3886 ptores
778 3825 906 3870 sunt
931 3817 1254 3882 animarum,
1285 3827 1340 3872 et
1369 3819 1524 3873 idolis
1557 3820 1780 3873 eorum“?
1800 3823 1935 3890 lpsis
1959 3833 2139 3877 autem

564 3906 745 3960 verbis
795 3907 1130 3961 sanctionem
1180 3909 1556 3964 terribiliorem
1603 3909 1752 3977 facit,
1780 3928 1847 3966 ex
1888 3929 1953 3967 eo
1995 3914 2140 3982 quod

564 3998 796 4052 mediam
826 4015 967 4059 eam.
992 3999 1133 4053 sicut
1154 4000 1352 4065 cernis,
1382 4001 1465 4054 his
1485 4002 1553 4056 de
1577 4003 1777 4072 quibus
1803 4019 1948 4059 nunc
1967 4005 2141 4074 loqui-

566 4099 671 4153 tur,
717 4093 912 4159 posuit.
966 4091 1405 4148 P’raecedentibus
1455 4096 1656 4165 quippe
1687 4097 1772 4150 bis
1815 4113 1935 4166 quae
1979 4099 2141 4155 modo

561 4185 804 4240 discussa
834 4195 977 4245 sunt,
1005 4200 1192 4238 rursus
1222 4188 1506 4255 proponit:
1537 4188 1676 4253 Quia
1700 4204 1808 4242 non
1831 4189 1991 4244 debet
2014 4204 2138 4243 cum

562 4274 804 4327 masculo
835 4274 972 4327 virili
1003 4275 1150 4328 coitu
1177 4275 1486 4339 concumbi,
1516 4277 1609 4331 sed
1642 4293 1745 4332 nec
1785 4293 1910 4331 cum
1942 4293 2140 4348 pecore

562 4366 714 4430 coiri,
748 4367 1057 4421 necessarie
1087 4367 1141 4420 in
1169 4367 1272 4422 hoc
1297 4377 1530 4438 utroque
1561 4371 1851 4434 mandans,
1877 4380 2137 4441 tanquam

561 4467 849 4528 utrumque
883 4468 1071 4512 contra
1119 4469 1367 4514 naturam
1419 4472 1521 4516 est.
1569 4462 1677 4517 Sed
1740 4463 1964 4534 insuper
2011 4467 2137 4535 quia

2246 3265 2645 3320 nominaretur.
2700 3265 2933 3333 Propter
2998 3263 3142 3332 quod
3191 3260 3493 3315 scelestum
3541 3267 3617 3311 est
3652 3257 3778 3316 hanc,

2245 3374 2365 3428 quae
2394 3357 2518 3411 talis
2546 3365 2649 3422 est,
2689 3356 2900 3410 libidini
2945 3355 3243 3409 substerni.
3304 3352 3467 3407 Coire
3517 3365 3653 3420 ergo,
3695 3365 3780 3402 suc-

2245 3453 2481 3507 cumbere
2511 3452 2681 3507 edidit
2714 3451 3094 3521 Symmachus.

2317 3546 2478 3601 Vens.
2506 3544 2700 3599 24-26.
2735 3566 2752 3596 ι
2793 3544 2873 3599 Ne
2920 3542 3239 3614 pollnamini
3264 3543 3315 3595 in
3348 3541 3606 3595 omnibus
3621 3539 3774 3608 quibus

2243 3639 2628 3694 contaminatae
2653 3647 2784 3693 sunt
2824 3646 3034 3709 gentes,
3091 3652 3227 3706 quas
3268 3651 3370 3707 ego
3428 3635 3634 3705 ejiciam
3679 3641 3775 3686 ante

2241 3740 2596 3800 conspectum
2634 3740 2901 3794 vestrum,
2933 3746 2964 3784 e
3013 3731 3211 3800 quibus
3265 3729 3474 3799 polluta
3533 3737 3609 3782 est
3646 3737 3773 3786 terra.

2242 3823 2400 3890 cujus
2459 3837 2560 3892 ego
2613 3821 2818 3876 scelera
2867 3820 3072 3883 vitabo,
3124 3828 3184 3873 ut
3239 3830 3462 3873 evomat
3494 3818 3774 3872 habitatores

2241 3929 2389 3968 suos.
2425 3913 2711 3968 Custodite
2743 3913 2984 3982 legitima
3022 3928 3160 3977 mea,
3196 3919 3360 3982 atque
3385 3910 3604 3982 judicia.
3633 3931 3650 3958 σ

2313 4006 2429 4059 Non
2456 4021 2622 4074 parvo
2646 4003 2807 4058 modo
2826 4004 2992 4074 pollui
3031 4004 3085 4057 in
3110 4003 3391 4073 praedictis
3416 4001 3662 4072 peccatis,
3707 3999 3770 4050 in-

2241 4090 2504 4168 dignatio,
2538 4106 2593 4152 et
2625 4113 2786 4167 poena
2807 4112 2929 4167 quae
2960 4097 3014 4149 in
3046 4098 3127 4150 eis
3176 4095 3403 4149 delinita
3431 4103 3536 4160 est,
3589 4093 3763 4146 demon-

2242 4199 2407 4253 strat;
2445 4189 2496 4242 in
2537 4189 2686 4242 nullo
2703 4189 2849 4242 enim
2871 4203 3061 4242 eorum
3097 4193 3318 4256 oportet
3355 4185 3546 4254 pollui,
3578 4197 3678 4236 nam
3694 4177 3762 4248 qui

2243 4282 2295 4336 in
2329 4299 2435 4336 uno
2462 4284 2698 4352 pollutus
2722 4281 2906 4347 fuerit,
2939 4281 2993 4334 in
3029 4281 3283 4334 omnibus
3308 4287 3364 4332 et
3387 4277 3648 4348 polluitur.
3663 4273 3764 4336 Quia

2243 4391 2306 4431 ea
2357 4394 2478 4446 qua:
2506 4377 2608 4430 sibi
2640 4377 2705 4430 ad
2745 4375 2980 4428 invicem
3005 4374 3294 4444 conjuncta
3327 4381 3478 4435 sunt,
3508 4372 3586 4424 lex
3620 4377 3767 4421 osten-

2242 4471 2371 4525 dere
2403 4472 2650 4539 cupiens,
2678 4470 2732 4522 in
2769 4485 2938 4522 unum
2967 4468 3150 4522 omnia
3189 4467 3427 4534 collegit,
3464 4480 3578 4534 quae
3607 4463 3763 4514 iulan-

555 4551 924 4619 jumentorum
956 4561 1040 4604 est
1065 4559 1118 4605 et
1148 4560 1207 4605 ut
1234 4552 1318 4605 vir
1339 4553 1454 4629 viro
1486 4553 1628 4608 ftedo
1649 4555 1795 4607 coitu
1825 4555 2137 4622 misceatur,
2171 4570 2217 4625 ι)
2246 4573 2359 4618 tum
2383 4573 2509 4618 sunt
2547 4563 2756 4634 gravia,
2799 4570 2857 4615 ut
2887 4568 3078 4632 gentes
3129 4560 3369 4630 integras
3396 4559 3684 4630 perderem,
3724 4559 3766 4603 el

557 4640 700 4708 quod
749 4640 1064 4710 fugiendum
1105 4651 1267 4711 atque
1315 4643 1712 4699 adversandum
1762 4656 1863 4700 est.
1926 4647 2033 4702 Sed
2082 4659 2138 4703 et

558 4732 758 4785 Paulus
787 4735 888 4787 hoc
915 4734 1326 4798 demonstravit,
1357 4737 1424 4790 ad
1469 4753 1686 4806 ptenam
1719 4755 1782 4794 ea
1810 4740 2031 4804 docens,
2081 4752 2138 4798 et

561 4822 692 4876 iram
725 4825 909 4887 Dei,et
932 4826 1288 4894 perditionem
1319 4829 1772 4885 committentium
1809 4833 2010 4904 peragi.
2030 4834 2136 4888 Sed

557 4927 612 4971 et
649 4919 839 4987 reliqui
869 4919 1194 4986 interpretes
1216 4936 1313 4988 pro
1347 4921 1736 4983 abominabilis,
1773 4925 2136 4995 Symmachus

559 5011 837 5078 ineffabile,
884 5013 1075 5080 Aquila
1107 5015 1372 5084 infectum,
1403 5017 1690 5072 ediderunt
1721 5036 1734 5070 :
1763 5018 1866 5073 hoc
1912 5021 2133 5090 quidem

557 5104 788 5167 actione,
822 5105 953 5158 illud
1005 5116 1187 5160 autem
1216 5109 1382 5162 verbo
1414 5110 1496 5162 vel
1527 5110 1839 5165 narratione
1869 5127 1979 5166 non
2011 5128 2134 5167 esse

561 5197 841 5265 portabile,
871 5213 970 5252 nec
992 5199 1291 5270 legitimum
1312 5202 1574 5258 dicentes.
1594 5204 1703 5259 Nos
1727 5215 1907 5260 autem
1941 5217 2138 5276 praeter

561 5288 696 5351 haec,
717 5289 1015 5344 masculum
1033 5291 1125 5359 qui
1150 5291 1320 5346 virilia
1343 5295 1471 5364 agit,
1489 5297 1849 5368 intelligamus
1863 5300 2138 5355 hominem

483 5433 488 5436 .
557 5383 625 5436 de
653 5398 762 5452 quo
795 5383 957 5438 David
993 5385 1209 5440 dicebat
1244 5405 1256 5440 :
1286 5386 1482 5442 Beatus
1514 5391 1592 5443 uir
1639 5393 1728 5460 qui
1771 5408 1873 5445 non
1914 5395 2044 5445 abiit
2082 5395 2140 5446 in

559 5475 775 5529 consilio
808 5477 1092 5546 impiorum
1119 5479 1166 5511 ⁵⁸
1198 5497 1214 5545 ;
1250 5490 1306 5535 et
1355 5497 1545 5537 rursus
1574 5498 1591 5536 :
1637 5481 1763 5537 Fiat
1811 5501 2000 5538 manus
2040 5496 2131 5540 tua

558 5585 714 5638 super
753 5571 923 5624 virum
966 5572 1192 5625 dextera:
1218 5582 1322 5627 tua:
1352 5575 1419 5628 ‘9.
1481 5575 1639 5632 llunc
1682 5577 1979 5633 ell‘eminari
2025 5597 2132 5633 non

631 5797 676 5826 ⁵⁵
701 5793 897 5864 Eplies.
931 5813 980 5856 ν,
1008 5796 1094 5850 12.

1181 5798 1229 5830 ⁵⁸
1255 5799 1385 5854 Luc.
1419 5817 1472 5868 x,
1509 5804 1600 5870 ‘27,
1625 5805 1714 5860 ‘29.

563 5883 710 5930 sui,
745 5870 829 5924 l0.

905 5869 948 5899 “
982 5867 1140 5925 Rom.
1172 5871 1394 5938 vm,22.

1821 5807 1859 5836 ⁸⁵
1901 5805 1940 5858 ll
1973 5806 2096 5859 Cur.
2148 5823 2215 5871 \‘l,
2266 5807 2343 5860 i5.

2245 4667 2443 4712 terram
2467 4659 2793 4728 polluerent,
2820 4655 3194 4726 pollutamque
3224 4653 3407 4722 respui
3449 4652 3683 4709 facerent,
3721 4649 3764 4696 et

2244 4765 2339 4804 eos
2373 4750 2462 4819 qui
2492 4751 2544 4802 in
2583 4765 2645 4803 ea
2678 4749 2803 4802 talia
2843 4747 3263 4804 commiserunt.
3322 4751 3588 4799 evomeret
3637 4748 3763 4805 atque

2244 4851 2520 4906 renueret,
2547 4856 2655 4894 non
2694 4842 2823 4910 quia
2847 4849 3061 4910 poterat
3107 4839 3380 4907 expellere
3405 4853 3434 4890 a
3463 4852 3537 4895 se,
3555 4833 3629 4887 vel
3658 4846 3758 4883 evo-

2244 4948 2412 4994 mere,
2445 4932 2550 4996 vel,
2568 4931 2710 4986 sicut
2741 4930 3084 4986 Theodotion
3105 4930 3295 4992 edidit,
3320 4943 3552 4998 respuere
3579 4939 3668 4982 eos,
3689 4919 3760 4973 sed

2239 5025 2366 5094 quia
2381 5025 2600 5079 eosdem
2619 5034 2882 5079 nocentes
2902 5023 3208 5094 ingemiscit
3224 5022 3538 5076 naturaliter
3553 5019 3598 5070 in
3618 5025 3759 5068 trans-

2234 5119 2610 5190 gressionihus
2670 5120 2805 5183 suis,
2862 5117 3327 5189 quemadmodum
3384 5115 3572 5168 Paulus
3615 5107 3755 5161 dicit:

2240 5212 2376 5277 Quia
2439 5214 2552 5282 ipsa
2599 5222 2842 5265 creatura
2893 5212 3208 5281 ingemiscit,
3262 5219 3309 5263 et
3367 5204 3582 5277 parturit
3631 5209 3755 5266 usque

2242 5321 2378 5357 nunc
2401 5305 2467 5358 ⁸⁸.
2501 5303 2643 5358 Deus
2711 5313 2893 5358 autem
2921 5313 3030 5358 tam
3085 5303 3345 5373 gemitum
3395 5300 3506 5369 ejus
3543 5292 3750 5350 vindicat,

2239 5413 2400 5468 quam
2430 5397 2600 5467 legem
2637 5413 2814 5461 suam,
2849 5407 2903 5452 et
2931 5405 3261 5458 creaturam.
3293 5403 3476 5466 utpote
3505 5385 3746 5460 propriam.

2240 5503 2361 5557 qua:
2387 5488 2726 5542 demonstrat
2761 5503 2828 5542 ex
2890 5487 2974 5541 his
3005 5501 3128 5556 quze
3188 5501 3336 5540 nunc
3397 5483 3521 5538 dixit
3561 5497 3574 5532 :
3619 5472 3746 5540 cui!“

2243 5597 2340 5652 ego
2398 5580 2591 5634 scelera
2618 5582 2841 5634 visitabo
2867 5597 2886 5635 :
2913 5589 2968 5634 et
3012 5580 3116 5634 hoc
3156 5589 3344 5649 aperte
3403 5572 3610 5631 ostendit
3647 5563 3742 5634 quia

3561 5791 3598 5823 ιο
3613 5787 3732 5842 pro“

2452 5807 2495 5839 ⁸⁸
2531 5805 2672 5861 Psal.
2699 5823 2736 5871 ι,
2776 5806 2828 5860 1.
2933 5806 2977 5837 ⁵³
3001 5803 3144 5859 Psal.
3176 5818 3358 5867 um,
3389 5800 3465 5854 l8.

3929 2689 3938 3056 l
