4032 6434
203 420 343 485 1017

1358 418 1437 479 IN
1474 418 1912 479 LEVITICUM.
1953 444 2023 453 -
2056 419 2201 479 LIB.
2242 421 2311 481 V.

3326 415 3464 479 1018

198 556 233 594 a
270 538 382 593 Deo
410 538 668 592 virtutem
707 546 851 591 terra
871 535 1156 591 evomendi
1177 548 1270 589 eos
1292 534 1384 603 qui
1414 535 1469 588 in
1499 550 1563 589 ea
1579 533 1785 603 injuste
1816 544 1859 598 Α
1889 537 1991 593 bus
2022 546 2259 607 oportet,
2303 547 2356 592 et
2385 538 2698 592 nullatenus
2727 536 2847 592 haec
2908 534 3089 589 facere
3144 549 3265 603 quia
3316 534 3463 588 cole-

197 638 395 702 agunt,
428 628 655 698 accepit.
693 627 849 682 Unde
883 638 939 684 et
977 628 1272 683 crabrones
1312 627 1367 679 in
1418 626 1781 696 perditionem

197 723 571 777 habitantium
598 721 871 791 produxit,
891 736 1029 790 quos
1052 720 1217 774 etiam
1238 734 1295 772 se
1330 718 1627 772 immittere
1655 724 1782 772 ante

193 815 407 870 faciem
458 814 694 868 ﬁliorum
725 813 894 868 Israel
919 822 1108 868 contra
1136 811 1487 865 Amorrhaeos
1528 821 1585 863 et.
1650 808 1782 863 reli-

192 926 341 977 quas
365 919 555 979 gentes
585 923 681 977 per
711 906 1119 963 Deuteronomii
1153 906 1347 959 librum
1378 920 1479 959 nos
1497 903 1684 958 docuit
1711 903 1779 955 ⁸³.

191 1002 268 1057 Et
302 1003 415 1056 haec
439 1000 659 1070 quidem
690 1014 792 1054 nos
824 999 982 1053 docet
1005 1012 1101 1067 per
1136 998 1376 1051 litteram
1410 997 1513 1050 lex.
1551 995 1647 1049 llis
1677 1010 1780 1047 au-

188 1100 314 1145 tem
336 1092 626 1157 conjuncta
664 1100 811 1152 sunt,
839 1098 894 1142 et
935 1103 1040 1141 non
1073 1086 1371 1151 contraria,
1412 1087 1456 1139 si
1489 1101 1586 1154 per
1616 1084 1783 1152 spiri-

189 1184 367 1238 talem
410 1183 747 1237 intellectum
780 1190 970 1252 gentes
1008 1180 1061 1233 in
1098 1180 1182 1233 his
1209 1178 1466 1233 omnibus
1518 1178 1778 1246 pollutas,

186 1276 482 1329 daemones
506 1273 972 1336 intellexerimus;
1028 1278 1217 1343 gentes
1252 1270 1523 1340 siquidem
1578 1271 1630 1324 hi
1663 1286 1785 1339 pro-

119 1437 125 1443 _
189 1377 325 1437 pter
351 1366 755 1421 multitudinem
788 1366 1049 1419 dicuntur
1077 1381 1089 1418 :
1158 1379 1282 1417 cum
1310 1363 1457 1417 enim
1480 1363 1643 1417 nimis
1674 1363 1784 1417 sint

188 1458 398 1527 iniqui,
430 1466 485 1511 et
523 1456 671 1511 omni
735 1456 991 1510 laetantur
1029 1454 1251 1518 malitia,
1308 1453 1543 1507 maxime
1601 1461 1780 1505 tamen

188 1551 589 1609 fornicatione.
621 1557 676 1603 et
700 1547 906 1602 nefaria
936 1546 1321 1611 fornicatione,
1360 1562 1423 1601 ac
1450 1546 1621 1599 inulto
1659 1562 1776 1598 nia-

189 1644 283 1713 gis
310 1642 614 1698 idololatria
642 1641 883 1713 gaudent
909 1655 923 1691 :
958 1640 1081 1709 quia
1113 1639 1169 1693 in
1198 1639 1283 1693 his
1305 1654 1504 1708 corpus
1525 1648 1579 1692 et
1601 1638 1783 1691 anima

193 1735 513 1789 maculatur
544 1742 598 1789 et
620 1742 765 1787 totus
799 1732 983 1795 homo,
1020 1730 1112 1800 qui
1133 1740 1276 1784 terra
1300 1728 1628 1799 appellatur,
1683 1743 1783 1797 per

195 1828 306 1881 huc
352 1827 636 1897 polluitur.
669 1825 777 1880 Sed
822 1824 1009 1878 visitat
1041 1824 1185 1877 Deus
1249 1832 1474 1881 terram,
1527 1821 1783 1876 videlicet

198 1918 489 1973 hominum
520 1932 712 1985 genus,
740 1923 795 1970 et
824 1916 1026 1978 scelus,
1061 1916 1163 1981 vel.
1193 1927 1253 1969 ut
1276 1914 1654 1986 Septuaginta.
1688 1914 1776 1967 in-
1811 1900 1855 1960 Β

190 2008 470 2076 justitiam
515 2007 628 2076 ejus
673 2007 729 2061 in
791 2021 933 2067 eam,
976 2006 1028 2059 id
1058 2016 1306 2076 cst,qum
1360 2008 1428 2060 ab
1462 2006 1597 2075 ipsa,
1626 2015 1682 2059 et
1726 2005 1780 2059 in

199 2102 549 2170 semetipsam
571 2100 932 2155 committitur
968 2116 981 2152 :
1023 2100 1091 2153 ab
1112 2115 1174 2153 ea
1215 2100 1434 2169 quidem
1465 2100 1555 2169 qui
1585 2099 1653 2153 ab
1684 2099 1777 2151 lio-

204 2194 444 2247 minibus
465 2200 595 2247 sunt
630 2202 939 2262 peccantes,
969 2202 1025 2245 et
1054 2191 1095 2246 si
1127 2208 1157 2245 a
1194 2193 1557 2257 daemonibus,
1590 2202 1645 2246 et
1678 2193 1782 2245 hoc

204 2289 595 2355 protrahuntur
626 2286 679 2340 in
700 2285 1020 2355 semetipsa,
1086 2286 1212 2355 quia
1265 2286 1596 2356 accipientes
1623 2301 1783 2339 occa-

212 2375 419 2429 sionem
449 2375 522 2429 illi
551 2390 615 2429 ex
640 2384 829 2428 nostra
862 2374 1215 2445 negligentia,
1254 2377 1638 2430 contumeliam
1693 2376 1779 2430 in-

217 2476 413 2536 gerunt
442 2480 637 2525 nostrae
664 2478 897 2525 naturae.
931 2469 1037 2524 Sed
1094 2470 1354 2524 visitante
1382 2469 1494 2523 Deo
1528 2485 1626 2538 per
1662 2467 1781 2523 Sal-

218 2562 415 2615 vatoris
440 2564 745 2628 adventum,
786 2564 853 2618 de
883 2580 992 2633 quo
1021 2562 1314 2617 Zacharias
1337 2562 1572 2624 dicebat,
1649 2577 1781 2631 pro-

206 2658 440 2723 plietans
468 2657 521 2709 in
550 2658 737 2727 januis
761 2673 885 2712 esse
917 2657 1129 2711 Domini
1157 2657 1499 2710 nativitatem
1531 2671 1543 2707 :
1586 2654 1780 2709 Visita-

201 2749 274 2800 rit
303 2764 395 2801 nos
456 2750 625 2803 oriens
685 2766 751 2804 ea:
784 2750 895 2803 alto
923 2750 986 2805 ⁵³.
1040 2749 1384 2803 llabitatores
1411 2763 1541 2802 suos
1593 2758 1779 2801 nostra

197 2849 415 2904 natura,
451 2842 502 2894 id
532 2851 635 2903 est,
666 2857 763 2897 eos
797 2843 889 2912 qui
908 2858 1029 2898 eam
1064 2852 1211 2897 sorte
1262 2854 1647 2911 perceperunt,
1693 2841 1777 2895 vel

194 2934 248 2986 in
279 2948 344 2986 ea
363 2949 595 3002 quorum
619 2936 921 3006 principem
952 2936 1155 2991 malum
1178 2934 1346 2988 David
1376 2932 1616 3003 ﬁgurans
1634 2932 1780 3003 psal-

193 3027 392 3082 lebat:
440 3026 595 3081 Sedet
639 3028 695 3081 in
754 3029 963 3081 insidiis
1016 3045 1132 3081 cum
1165 3027 1416 3081 divitibus
1468 3027 1523 3078 in
1562 3024 1779 3079 occultis

175 3123 249 3172 'ut
298 3120 584 3189 interficiat
643 3121 971 3175 innocentem
1001 3122 1082 3185 ⁸⁷⁵,
1146 3123 1221 3174 ita
1284 3128 1341 3174 ut
1393 3120 1496 3189 ipsi
1566 3120 1776 3189 expulsi

183 3214 477 3266 dicerent:
513 3211 571 3266 Si
607 3212 754 3281 ejicis
780 3229 889 3279 nos,
924 3214 1073 3266 mitte
1093 3229 1185 3266 nos
1223 3213 1277 3264 in
1328 3227 1537 3282 gregem
1594 3227 1778 3279 porco-

183 3323 308 3359 rum
334 3306 400 3358 ⁶³.
434 3303 662 3374 Propter
691 3306 836 3375 quod
872 3306 1149 3361 custodire
1203 3306 1375 3376 legem
1413 3319 1631 3358 omnem
1682 3319 1777 3373 per

179 3396 414 3469 Moysen
450 3399 789 3469 propalatam
837 3408 892 3454 et
957 3406 1229 3469 praecepta
1282 3397 1608 3467 evangelica:
1656 3378 1779 3449 eon-

177 3490 521 3545 versationis
550 3492 836 3554 debemus,
881 3501 1070 3563 utpote
1100 3493 1195 3562 qui
1236 3492 1397 3545 talem
1428 3492 1497 3546 ab
1534 3508 1601 3546 eo
1648 3505 1778 3560 per-

177 3584 423 3655 cipimus
456 3585 849 3640 visitationem.

256 3676 427 3731 Vsns.
459 3678 654 3732 20-29.
678 3697 695 3729 α
730 3678 797 3731 Et
830 3676 1121 3731 nonfacnet
1155 3692 1224 3731 ex
1276 3675 1533 3729 omnibus
1589 3674 1778 3729 admo-

173 3770 498 3823 nitionibus
529 3771 668 3833 istis.
722 3780 829 3824 tam
876 3769 1133 3839 indigena
1188 3784 1351 3838 quam
1402 3769 1632 3823 colonus
1683 3765 1774 3837 qui

176 3860 578 3929 peregrinatur
604 3861 751 3931 apud
776 3876 891 3916 eos.
919 3859 1124 3915 Omnes
1157 3862 1303 3914 enim
1362 3859 1778 3914 exsecrationes

178 3951 321 4005 istas
354 3952 607 4006 fecerunt
630 3953 829 4006 accolas
856 3961 1015 4006 teme
1045 3954 1137 4021 qui
1162 3952 1387 4006 fuerunt
1415 3961 1542 4005 ante
1576 3968 1691 4016 vos,
1724 3960 1779 4005 et

177 4043 505 4111 polluerunt
530 4059 672 4099 eam.
726 4045 929 4099 Cavete
976 4060 1104 4116 ergo
1152 4060 1223 4099 ne
1276 4053 1331 4098 et
1383 4061 1481 4099 vos
1534 4046 1781 4100 similiter

179 4146 430 4202 evomat,
467 4155 594 4193 cum
630 4141 775 4209 paria
802 4140 1049 4196 feceritis
1083 4142 1225 4196 sicut
1277 4141 1521 4196 evomuit
1562 4150 1779 4212 gentem

180 4246 309 4299 qua:
348 4232 452 4286 fuit
515 4243 642 4288 ante
688 4251 803 4289 vos.
841 4234 1033 4290 Omnis
1085 4237 1269 4291 anima
1312 4252 1434 4306 qua:
1476 4236 1671 4291 fecerit
1712 4236 1779 4290 de

187 4325 695 4382 abominationibus
740 4329 862 4384 istis
894 4330 1194 4400 quidpiam,
1242 4330 1440 4400 peribit
1483 4329 1551 4383 de
1600 4329 1781 4384 medio

188 4417 382 4487 populi
413 4420 516 4473 sui.
550 4439 568 4471 ι

265 4509 509 4566 Reiterat
552 4523 609 4567 et
663 4514 870 4569 stabilit
926 4515 1121 4587 legem,
1186 4525 1241 4570 et
1293 4517 1778 4573 comminationem

1888 630 2399 699 bantantiquiores,
2424 633 2515 701 qui
2572 640 2770 685 terram
2832 637 3075 682 nostram
3131 626 3461 696 polluerunt.

1887 722 1951 776 lli
1982 740 2110 793 ergo
2131 724 2464 793 antiquiores
2484 723 2642 777 nobis
2699 730 2827 776 sunt
2867 720 2921 774 in
2943 719 3281 780 conditione,
3332 733 3463 785 quia

1887 814 2185 869 invisibiles
2221 823 2653 869 suntcreaturaa.
2712 812 3031 869 Polluerunt
3064 818 3245 865 autem
3280 808 3463 863 homi-

1886 924 2017 961 num
2058 924 2248 979 genus.
2287 908 2708 962 inobedientiam
2748 907 2796 960 ei
2857 905 3051 969 Adam,
3091 912 3146 957 et
3192 902 3295 956 alia
3338 908 3465 970 post

1886 1002 2040 1055 illum
2063 1001 2202 1054 mala
2246 1012 2620 1071 suggerentes,
2666 1000 2833 1055 veluti
2884 996 3251 1055 mendacium.
3284 994 3461 1048 homi-

1886 1091 2087 1147 cidium
2118 1098 2171 1145 et
2202 1106 2538 1160 qumcunque
2594 1090 2680 1143 his
2713 1089 2910 1143 similia
2947 1095 3097 1153 sunt,
3131 1085 3203 1141 ita
3242 1092 3300 1137 ut
3356 1083 3461 1137 Do-

1886 1186 2067 1238 minus
2090 1185 2157 1238 de
2187 1184 2401 1237 diabolo
2427 1184 2635 1238 diceret
2668 1202 2680 1236 :
2708 1182 2805 1236 Ille
2830 1182 2894 1235 ab
2927 1181 3081 1234 initio
3132 1178 3359 1232 mendax
3414 1183 3464 1228 et

1884 1276 2145 1329 homicida
2170 1284 2245 1328 est
2285 1275 2350 1328 ⁸⁷.
2386 1273 2785 1344 Suggcsserunt
2842 1282 3025 1327 autem
3056 1270 3134 1325 eis
3170 1270 3263 1339 qui
3312 1283 3468 1321 men—

1889 1378 1996 1423 tem
2022 1368 2289 1422 lubricam
2324 1377 2379 1422 et
2422 1377 2734 1436 vergentem
2764 1367 2829 1420 ad
2889 1365 3092 1418 malum
3134 1362 3412 1417 habebant
3446 1375 3461 1411 :

1887 1478 2012 1515 nam
2051 1477 2153 1515 nec.
2179 1460 2337 1524 Abel,
2371 1475 2473 1514 nec
2501 1459 2655 1523 Sctli,
2681 1474 2784 1512 nec
2818 1458 3027 1521 Enoch,
3064 1471 3167 1510 nec
3188 1454 3324 1516 Noe,
3361 1467 3466 1507 nec

1886 1557 2007 1611 aliis
2037 1556 2199 1625 justis
2224 1570 2513 1626 suggerere
2541 1563 2858 1625 potuerunt,
2902 1552 2986 1607 vel
3015 1551 3185 1622 magis
3239 1564 3463 1620 sugges-

1887 1660 2098 1712 serunt,
2124 1648 2219 1703 sed
2236 1664 2346 1701 non
2377 1647 2755 1710 obtinuerunt,
2804 1645 2897 1699 sed
2935 1644 3081 1698 irrisi
3114 1651 3241 1696 sunt
3264 1642 3331 1695 ab
3357 1640 3461 1702 eis,

1886 1751 1941 1796 et
1986 1749 2352 1796 recesserunt.
2401 1738 2586 1807 Neque
2635 1736 2779 1791 enim
2836 1734 3043 1789 inimici
3103 1732 3462 1803 cogitationes

1888 1830 2563 1904 ignorantjusti,sicutait
2596 1829 2838 1883 Paulus:
2887 1826 3005 1880 Non
3060 1826 3198 1880 enim
3254 1825 3463 1894 ignora-

1886 1944 1998 1980 mus
2023 1927 2362 1997 cogitationes
2386 1924 2498 1994 ejus
2528 1924 2593 1977 ⁸⁸.
2620 1923 2873 1978 Scientes
2907 1930 3093 1975 autem
3123 1934 3240 1984 eos,
3272 1917 3341 1971 ab
3382 1916 3465 1970 eis

1885 2031 1943 2070 se
1980 2015 2315 2069 custodiunt.
2344 2013 2448 2068 Sed
2473 2014 2596 2067 illos
2624 2012 2846 2083 quidem
2883 2007 3241 2079 intelligibilis
3274 2013 3463 2060 nostra

1884 2120 2027 2163 terra
2054 2108 2272 2163 visitata
2312 2124 2343 2161 a
2380 2107 2513 2172 Deo,
2560 2122 2656 2175 per
2682 2104 2981 2159 Salvatoris
3004 2103 3300 2156 adventum
3332 2114 3464 2153 evo-

1883 2206 2043 2259 muit.
2088 2204 2318 2272 Propter
2346 2201 2492 2269 quod
2527 2214 2630 2255 nec
2662 2200 2821 2253 venia
2850 2197 2941 2250 tali
2983 2210 3131 2249 nunc
3159 2195 3355 2264 dignus
3380 2200 3466 2247 est

1885 2295 2009 2348 talia
2032 2310 2285 2364 peccans,
2314 2293 2462 2363 quia,
2484 2300 2770 2362 postquam
2797 2287 3059 2343 destructi
3096 2297 3225 2341 sunt
3244 2285 3336 2355 qui
3363 2298 3466 2339 nos

1884 2389 2172 2452 seducunt,
2210 2397 2262 2441 et
2301 2396 2589 2456 postquam
2623 2383 2868 2439 evomuit
2900 2398 2995 2436 eos
3026 2390 3192 2444 terra,
3241 2394 3344 2433 nos
3401 2393 3463 2432 ea

1881 2498 2003 2552 qua:
2025 2481 2091 2535 ad
2123 2495 2217 2535 eos
2256 2478 2534 2549 pertinent
2573 2476 2872 2539 imitamur,
2931 2483 2985 2528 et
3034 2472 3272 2541 patimur
3315 2468 3464 2538 quod

1883 2574 2149 2628 Dominus
2182 2572 2440 2627 dicebat:
2496 2570 2656 2624 Fiunt
2717 2568 2998 2622 novissima
3046 2563 3270 2618 hominis
3318 2561 3464 2614 illius

1882 2666 2140 2719 deteriora
2163 2664 2424 2735 prioribus
2454 2664 2519 2714 “.
2540 2662 2604 2715 Hi
2634 2662 2783 2715 enim
2832 2659 2924 2729 qui
2951 2668 3072 2728 post
3091 2654 3462 2726 evangelicam

1886 2756 2325 2824 przedicationem
2356 2754 2412 2807 in
2453 2768 2568 2816 eas,
2598 2768 2719 2823 quae
2758 2751 2900 2805 dicta
2951 2758 3101 2811 sunt,
3154 2746 3464 2817 impietates

1882 2857 2241 2903 excesserunt
2274 2858 2329 2902 et
2362 2847 2592 2912 scelera,
2616 2846 2731 2900 sive
2756 2843 3217 2905 abominationes,
3238 2846 3464 2911 propter

1882 2938 2108 2992 nimiam
2175 2938 2243 2993 ab
2293 2939 2374 2992 eis
2429 2936 2521 2989 Dei
2567 2936 2934 2999 aversionem,
2967 2942 3117 2988 recte
3172 2930 3301 2986 dicti
3333 2937 3466 2984 sunt

1882 3032 2043 3098 mali;
2066 3041 2206 3086 terra
2237 3032 2499 3086 abhorret.
2526 3039 2582 3086 et
2610 3040 2828 3085 evomet
2850 3029 2971 3083 illos
3004 3046 3018 3083 :
3052 3042 3161 3082 non
3185 3027 3331 3082 enim
3353 3025 3464 3095 iam

1882 3126 1935 3179 in
1965 3126 2246 3179 hominum
2278 3124 2550 3194 portione,
2619 3122 2713 3177 sed
2783 3122 2837 3176 in
2891 3125 3201 3176 daemonum
3239 3118 3465 3173 ordina-

1883 3217 2088 3272 buntur
2124 3236 2136 3271 :
2170 3215 2471 3285 perdentur
2492 3212 2640 3267 enim
2664 3228 2851 3267 eorum
2901 3213 3120 3265 animae.
3145 3211 3259 3265 Hoc
3279 3218 3463 3263 autem

1881 3310 1934 3363 in
1977 3310 2224 3379 gehenna
2255 3307 2333 3371 ﬁt,
2358 3306 2449 3360 ubi
2484 3305 2717 3359 maxime
2742 3305 2896 3359 locus
2927 3312 2982 3357 et
3005 3318 3125 3359 sors
3150 3304 3461 3357 daemonum

1881 3412 1983 3464 est,
2003 3402 2145 3471 quod
2165 3399 2754 3455 maniiestatDominus
2772 3399 2995 3452 dicens:
3023 3396 3287 3450 Discedite
3307 3412 3337 3448 a
3358 3410 3462 3459 me,

1879 3493 2168 3554 maledicti,
2201 3493 2256 3545 in
2282 3493 2453 3560 ignem
2483 3500 2758 3551 aeternum,
2795 3489 2884 3559 qui
2916 3497 3140 3556 paratus
3161 3483 3465 3540 estdiabolo

1880 3596 1929 3641 et
1947 3586 2149 3656 angelis
2181 3586 2294 3654 ejus
2324 3587 2391 3639 τυ.

1954 3682 2115 3735 Vsus.
2151 3680 2239 3734 50.
2281 3700 2298 3731 ι
2335 3679 2619 3734 Custodite
2675 3677 2933 3731 mandata
2979 3690 3119 3739 mea,
3156 3672 3325 3727 nolite
3382 3671 3466 3726 fa-

1880 3790 2005 3830 cere
2055 3789 2177 3843 qua:
2214 3773 2467 3827 fecerunt
2518 3771 2571 3825 hi
2604 3771 2694 3841 qui
2750 3769 2976 3823 fuerunt
3005 3776 3135 3821 ante
3164 3782 3281 3829 vos,
3314 3774 3370 3819 et
3396 3780 3467 3818 ne

1956 4054 2095 4110 Vere
2122 4056 2177 4108 in
2208 4054 2407 4108 duobus
2440 4062 2487 4106 et
2520 4053 2683 4105 tribus
2708 4054 2923 4106 testibus
2951 4059 3055 4104 stat
3119 4064 3270 4102 omne
3348 4061 3465 4099 ver-

1882 4149 2003 4203 bum
2032 4148 2099 4202 “.
2128 4146 2241 4200 Hoc
2274 4161 2403 4216 ergo
2428 4146 2704 4216 legislator
2769 4145 3095 4213 confirmare
3131 4140 3342 4201 volens,
3396 4137 3466 4193 de

1883 4240 2094 4296 eisdem
2122 4240 2284 4293 tertio
2305 4239 2587 4309 praecepit.

1958 4331 2249 4398 Custodite,
2286 4330 2485 4400 inquit,
2522 4330 2780 4382 mandata
2808 4325 3124 4389 meanwlite
3157 4325 3329 4395 facere
3346 4335 3464 4392 quia

1887 4427 2119 4496 fecerunt
2141 4423 2194 4475 hi
2234 4422 2323 4492 qui
2350 4423 2562 4493 [uerunt
2610 4431 2733 4474 ante
2774 4436 2882 4474 vos.
2922 4417 2989 4472 Ut
3036 4414 3289 4471 ostendat
3335 4413 3463 4482 quia

1885 4532 1992 4568 non
2026 4514 2268 4568 hominis
2303 4512 2619 4582 cujuslibet,
2650 4513 2745 4567 sed
2797 4512 2972 4582 ipsius
3014 4508 3109 4563 Dei
3142 4515 3272 4562 sunt
3304 4520 3465 4559 man-

179 4602 497 4658 conﬁrmat.
533 4605 707 4661 Etiam
742 4609 858 4662 haec
883 4624 1072 4663 rursus
1095 4609 1324 4673 addens,
1361 4627 1581 4680 poenam
1618 4628 1767 4664 nian-
1811 4609 1851 4663 D
1880 4608 2032 4662 data.
2074 4606 2177 4672 Qui
2230 4607 2506 4675 quomodo
2552 4607 2750 4662 debeat
2778 4604 3066 4670 custodiri,
3102 4618 3215 4658 non
3268 4601 3463 4664 verbo,

174 4696 274 4750 dat
313 4706 544 4764 terrere,
592 4708 647 4753 et
680 4702 891 4771 erigere
943 4717 1043 4756 nos
1092 4703 1283 4757 volens
1328 4704 1395 4757 ad
1452 4703 1669 4759 vitanda
1712 4720 1774 4759 ea

170 4804 304 4856 quae
326 4790 522 4856 vetuit,
554 4801 613 4844 ut
640 4808 751 4846 non
781 4794 851 4857 ei,
877 4810 1039 4863 quam
1068 4796 1432 4849 comminatus
1459 4804 1564 4861 est,
1600 4812 1775 4867 pcenae

168 4881 566 4951 subjiciamur.
593 4884 726 4950 Quze
762 4896 846 4941 est
875 4888 1020 4941 enim
1049 4888 1164 4943 haec
1194 4890 1392 4944 anima:
1415 4890 1693 4958 perditio?
1721 4891 1773 4945 id

166 4982 285 5038 est,
313 4990 483 5044 quam
517 4977 605 5031 hic
636 4980 845 5048 peccati
872 4982 1142 5050 praevenit
1166 4997 1336 5048 mors,
1372 4983 1611 5053 complet
1643 4998 1774 5054 ergo

167 5066 230 5119 in
270 5066 523 5121 futurum
548 5072 819 5140 gehenna.
870 5074 962 5128 Ait
998 5074 1145 5129 enim
1210 5074 1473 5129 Dominus
1506 5093 1519 5129 :
1580 5076 1775 5131 Timete

164 5178 299 5214 eum
349 5163 441 5231 qui
468 5172 633 5233 potest
654 5174 701 5218 et
730 5182 916 5236 corpus
961 5176 1009 5220 et
1040 5168 1279 5220 animum
1321 5173 1541 5234 perdere
1592 5170 1647 5222 in
1695 5186 1777 5240 ge-

165 5256 360 5308 henna
388 5256 454 5309 °°.
483 5255 716 5327 Propter
736 5260 880 5328 quod
913 5270 1019 5314 tam
1082 5261 1337 5327 incolam,
1373 5263 1425 5316 id
1486 5272 1590 5325 est,
1650 5279 1773 5317 eum

164 5347 328 5416 quia
363 5348 612 5415 patribus
642 5350 833 5422 inlege
861 5353 1103 5407 nutritus
1143 5361 1245 5419 est,
1301 5362 1357 5408 et
1414 5354 1482 5409 ab
1544 5354 1774 5408 infantia

166 5445 383 5495 doctus
411 5450 497 5494 est
525 5443 757 5507 litteras,
796 5460 957 5513 quam
985 5446 1339 5516 proselytum,
1376 5447 1541 5517 etqui
1569 5447 1773 5517 adjun-

162 5542 302 5587 ctus
326 5543 414 5588 est
444 5536 623 5601 nobis,
647 5537 699 5592 id
718 5545 823 5602 est,
850 5553 976 5592 eum
995 5540 1089 5607 qui
1111 5539 1316 5595 deforis
1333 5542 1493 5596 nobis
1518 5540 1769 5611 adjectus

165 5637 287 5692 est,
320 5626 415 5695 qui
449 5626 684 5684 interius
714 5645 930 5693 sumus,
958 5631 1216 5687 recedere
1241 5633 1310 5687 ab
1343 5633 1769 5688 abominationi-

258 5804 311 5879 ξξ
336 5804 498 5879 Qeut,
538 5822 633 5870 vu,
675 5809 765 5873 ΩΟ,
843 5810 887 5841 ⁸³
916 5809 1047 5864 Luc.
1078 5826 1117 5874 ι,
1148 5811 1240 5866 28.
1320 5810 1366 5843 “
1392 5811 1539 5867 Psal.
1566 5830 1641 5879 ix,
1665 5799 1718 5870 ὅ.

172 5876 229 5905 ⁸⁸
267 5875 316 5928 ll
340 5874 467 5931 Cor.
497 5879 684 5943 31,“.

843 5816 887 5841 ”
916 5816 1047 5864 Luc.
1078 5826 1117 5874 ι,
1148 5816 1240 5866 28.
1320 5816 1366 5843 ⁵⁵
1392 5816 1539 5867 Psal.
1566 5830 1641 5879 ix,
1665 5816 1718 5870 5.
1822 5817 1867 5849 ⁸⁸
1893 5816 2084 5872 Matth.
2117 5834 2235 5880 vm,
2256 5818 2345 5872 51.

764 5881 807 5913 69
840 5879 1005 5913 Μηοιι.
1061 5897 1132 5913 νει
1193 5884 1255 5913 με
1353 5884 1401 5913 ἰο
1423 5884 1590 5913 Μαίη.
1649 5902 1751 5913 -....
1804 5887 1854 5913 ιι
1960 5889 2004 5913 τι
2036 5888 2199 5913 n-..L
2250 5903 2335 5913 .....

838 5879 1028 5937 Matth.
1061 5897 1154 5951 xu,
1187 5884 1275 5942 65.
1353 5884 1401 5917 ⁷⁰
1420 5884 1617 5939 Matth.
1648 5902 1772 5952 xxv,
1796 5887 1884 5942 41.

1883 4702 1977 4756 sed
2012 4716 2202 4770 opere,
2254 4700 2570 4755 incarnatus
2625 4715 2724 4770 per
2777 4714 2933 4754 suam
2989 4694 3466 4753 conversationem

1883 4794 2146 4849 ostendit.
2179 4792 2250 4848 Ut
2282 4808 2395 4847 non
2429 4793 2693 4849 faciamus
2731 4803 2913 4848 autem
2943 4790 3127 4845 omnia
3155 4802 3279 4859 quae
3316 4787 3463 4842 fece-

1884 4897 2013 4943 runt
2045 4888 2099 4941 lii
2145 4890 2235 4958 qui
2272 4887 2495 4942 fuerunt
2524 4896 2654 4941 ante
2707 4901 2830 4950 nos,
2867 4883 3185 4939 necessarie
3208 4879 3465 4945 addidit,

1883 4994 1944 5037 ut
1969 4983 2234 5037 sciremus
2263 4984 2388 5052 quia
2417 4982 2632 5037 veniam
2668 4979 3030 5051 peccantibus
3067 4992 3177 5032 non
3212 4982 3459 5047 praestat.

1882 5076 2037 5143 Quod
2072 5075 2444 5146 prazcedentes
2476 5075 2567 5129 alii
2597 5074 2817 5144 quidam
2840 5071 3037 5127 similia
3058 5068 3294 5140 posteris
3311 5083 3467 5123 com-

1882 5171 2151 5227 miserunt
2179 5180 2400 5240 peccata
2428 5188 2441 5223 :
2471 5169 2710 5240 primum
2770 5167 3014 5238 quidem,
3042 5165 3168 5236 quia
3201 5178 3308 5218 nec
3358 5161 3467 5215 illis

1880 5264 2039 5320 venia
2068 5265 2190 5320 data
2229 5273 2332 5325 est,
2361 5264 2458 5319 sed
2487 5262 2666 5331 poenis
2685 5259 3217 5322 condemnatisunt;
3241 5253 3463 5320 deinde,

1882 5360 2008 5430 quia
2039 5356 2470 5427 prmcedentium
2498 5370 2659 5427 pmna
2678 5354 2954 5416 sufﬁciens
2985 5360 3105 5408 erat
3138 5351 3206 5407 ad
3228 5365 3466 5420 sequen-

1884 5462 1968 5508 tes
1993 5452 2376 5525 corrigendos;
2409 5454 2638 5524 insuper
2691 5451 2820 5522 quia
2852 5452 2966 5505 Deo
2995 5449 3065 5504 de
3094 5447 3303 5503 eisdem
3327 5460 3466 5501 con-

1880 5556 2116 5602 testante
2147 5562 2292 5618 saepe
2323 5563 2423 5617 per
2458 5548 2656 5618 legem,
2688 5555 2742 5601 et
2773 5543 3103 5614 Prophetas,
3127 5550 3183 5596 et
3215 5540 3467 5609 Evangeo

1878 5639 1971 5708 lia,
1991 5640 2278 5710 oportebat
2294 5640 2361 5696 ad
2384 5638 2753 5696 obedientiam
2775 5635 2919 5691 ﬂecti
2947 5632 3247 5706 quamlibet
3263 5629 3463 5685 durum

2425 5820 2471 5850 "
2494 5819 2685 5876 Matth.
2710 5835 2764 5885 χ,
2796 5817 2881 5873 28.
2965 5815 3010 5848 "
3037 5816 3195 5871 Joan.
3218 5826 3337 5879 viil,
3369 5808 3463 5865 ιι.

1960 5889 2004 5919 ⁷⁸
2034 5888 2224 5944 Matth.
2250 5903 2404 5956 xviii,
2437 5890 2525 5946 16.
