4032 6452
620 421 763 489 1019

1812 418 2176 480 HESYCHII
2215 413 2687 477 PRESBYTERI

3726 408 3826 473 1030

617 560 733 599 cor.
766 541 872 598 Sed
908 539 1035 595 vide
1061 539 1258 610 quibus
1305 546 1630 609 praesentem
1663 538 2005 593 sanctionem
2058 552 2195 593 con-
2227 547 2270 600 Α
2301 535 2443 597 estis,
2479 543 2527 586 et
2562 532 2779 599 spiritus
2811 527 2907 584 Dei
2955 527 3161 580 habitat
3210 526 3264 578 in
3330 524 3521 577 nobis?
3583 522 3831 595 Quicunque

619 635 856 691 ﬁrmavit
878 631 1078 686 verbis.

690 726 771 781 Ne
798 725 1113 795 polluamiui
1139 725 1193 778 in
1219 724 1312 787 eis,
1352 722 1477 792 quia
1506 737 1599 791 ego
1624 736 1741 773 sum
1785 720 2040 772 Dominus
2066 718 2202 771 Deus

620 830 823 884 vester,
870 834 1059 873 omnes
1088 832 1183 872 vos
1239 832 1269 870 a
1316 814 1615 886 pollutione
1668 813 1937 867 mundare
1990 812 2197 865 volens.

622 912 760 979 Quia
788 911 1077 981 imaginem
1113 910 1232 979 ejus
1263 908 1583 963 circumdati
1631 922 1841 971 sumus,
1890 916 1943 960 et
1994 905 2200 975 pollnta

625 1004 842 1074 quidem
910 1019 992 1068 ea,
1045 1017 1076 1056 a
1130 1000 1373 1071 qualibet
1413 1015 1623 1062 earum,
1677 1014 1799 1066 qua:
1835 1000 2017 1052 vetitae
2048 1007 2198 1057 sunt.

626 1099 892 1152 malarum
925 1105 980 1151 et
1014 1094 1350 1149 nefariarum
1379 1092 1614 1155 actione,
1668 1091 1975 1145 necessarie
2008 1089 2199 1144 irasci-

627 1186 989 1243 turzmunda
1018 1196 1202 1239 autem
1256 1192 1599 1247 conservata,
1650 1180 1704 1233 in
1768 1190 1974 1234 tantum
2023 1180 2202 1250 placet

631 1288 693 1333 ut.
720 1279 882 1332 etiam
907 1276 1177 1331 inhabitet
1205 1277 1258 1329 in
1291 1274 1467 1338 nobis,
1492 1274 1639 1343 quod
1668 1272 1981 1326 manifestat
2004 1270 2203 1325 Paulus

629 1380 921 1439 utrumque
950 1388 965 1436 ;
1009 1369 1084 1424 ait
1117 1383 1246 1440 ergo
1270 1368 1385 1423 sic:
1418 1366 1643 1420 Nescitis
1674 1366 1797 1435 quia
1818 1362 2071 1433 templum
2106 1363 2201 1416 Dei

654 1541 3457 1576 ___________________________________

2314 644 2435 697 ergo
2456 625 2701 694 templum
2748 622 2844 676 Dei
2867 620 3160 680 uiolauerit.
3219 619 3493 688 disperdet
3542 618 3681 670 illum
3718 622 3835 681 Deut.

2315 716 2566 786 templum
2616 714 2755 767 enim
2812 712 2910 766 Dei
2960 721 3203 764 sanctum
3224 718 3323 772 est,
3394 709 3535 777 quod
3562 711 3676 760 estis
3700 715 3837 767 vos".

2311 808 2755 861 Consummatam
2796 819 2924 874 ergo
2972 800 3470 856 sanctificationem
3507 803 3841 869 custodientes,

2310 910 2478 955 totam
2504 904 2558 955 in
2613 900 2774 954 nobis
2826 898 3093 952 habemus
3153 895 3568 949 inhabitantetn
3617 891 3844 953 Trinitatis

2311 993 2732 1065 plenitudinem,
2762 991 2806 1045 si
2846 999 3026 1043 tamen
3071 986 3339 1055 templum
3376 982 3477 1038 Dei
3513 1000 3711 1049 smnus,
3733 989 3845 1042 vide-

2309 1089 2438 1142 licet
2478 1085 2672 1145 Patris,
2719 1081 2923 1137 Christi
2951 1090 3135 1135 autem
3193 1092 3406 1147 corpus
3444 1083 3503 1129 et
3529 1076 3771 1139 membra,
3810 1092 3846 1133 ει

2311 1180 2550 1250 Spiritus
2579 1187 2803 1232 sanctus
2833 1176 2885 1229 in
2923 1174 3081 1228 nobis
3138 1170 3380 1236 habitat,
3427 1170 3485 1224 in
3518 1168 3724 1223 Christo
3753 1171 3846 1226 Jesu

2310 1272 2538 1327 Domino
2571 1278 2783 1330 nostro,
2824 1265 3016 1321 cuiust
3036 1263 3229 1335 gloria,
3253 1263 3465 1326 honor,
3503 1270 3559 1316 et
3582 1264 3848 1331 reguum,in

2311 1362 2508 1418 sarcula
2538 1361 2891 1416 saeculorum.
2918 1360 3117 1412 Amen.

1715 1712 2125 1804 LIBER
2222 1707 2775 1800 SEXTUS.

1216 2088 1635 2149 PRIEFATIO.

702 2233 917 2301 Quanta
946 2234 1087 2289 bona
1119 2233 1185 2288 ad
1216 2234 1626 2288 meditationem
1650 2230 1786 2302 legis
1818 2238 1875 2285 et
1932 2228 2209 2298 interpre-

633 2328 891 2383 tationem
933 2336 1174 2382 mentem
1262 2326 1678 2389 transferentes,
1727 2325 2021 2389 lucremur,
2077 2321 2209 2392 quid

632 2435 769 2490 Opus
790 2430 873 2475 est
899 2420 1123 2474 dicere?
1154 2419 1340 2490 Neque
1360 2420 1507 2475 enim
1537 2420 1715 2474 solum
1744 2420 1975 2473 virtutes
1998 2433 2203 2474 conse-

631 2512 872 2581 quimur,
911 2511 1007 2567 sed
1037 2521 1093 2566 et
1120 2513 1261 2566 mala
1290 2512 1593 2575 tenuimus,
1660 2528 1728 2567 ex
1788 2511 1954 2581 hujus
2001 2512 2207 2577 studio,

632 2616 849 2655 necnon
911 2617 1152 2657 amorem
1208 2602 1544 2672 acquirimus
1589 2602 1703 2667 Dei,
1747 2602 2209 2673 pulchritudinem

632 2694 912 2763 sapientiae
942 2696 1061 2763 ejus
1090 2695 1382 2760 discentes,
1414 2695 1683 2765 simulque
1710 2710 1738 2749 a
1763 2695 2013 2749 saeculari
2059 2694 2212 2751 fumo

629 2787 851 2842 oculum
887 2787 1084 2843 animae
1115 2789 1424 2852 liberamus.
1462 2801 1517 2844 et
1542 2788 1910 2859 corruptionis
1958 2789 2212 2844 humanae

634 2875 906 2930 sustinere
936 2892 1216 2932 cessamus
1238 2875 1553 2946 imperium,
1576 2888 1632 2931 et
1668 2876 1987 2932 excedimus
2049 2876 2208 2932 dein-

637 2981 770 3036 ceps
799 2966 1080 3031 homines,
1114 2982 1280 3022 carne
1313 2968 1436 3030 hac,
1468 2983 1590 3036 quae
1633 2976 1805 3022 estex
1841 2976 2056 3022 terrena
2094 2983 2214 3023 ma-

640 3059 799 3123 teria,
829 3059 1081 3114 viventes
1106 3060 1416 3125 sublimius,
1473 3059 1558 3113 vel
1590 3060 1761 3131 magis
1790 3060 2055 3115 eliicimur
2112 3062 2213 3116 ho-

638 3150 835 3206 mines.
867 3150 1117 3207 Hominis
1133 3152 1278 3207 enim
1308 3160 1391 3207 est
1416 3152 1681 3206 rationale
1706 3152 2218 3222 contemplativum-

638 3258 748 3312 que
786 3244 1087 3313 proprium,
1125 3244 1269 3299 unde
1299 3244 1445 3298 etad
1488 3244 1780 3315 imaginem
1838 3244 1934 3299 Dei
1997 3254 2217 3299 creatus

640 3334 864 3389 dicitur.
892 3334 1019 3390 llaec
1048 3346 1232 3390 autem
1262 3336 1421 3391 nobis
1460 3352 1558 3406 per
1594 3336 1834 3391 studium
1885 3346 1944 3391 et
1979 3352 2217 3406 occupa-

643 3425 849 3479 tionem
874 3426 1017 3480 circa
1044 3427 1272 3482 verbum
1301 3426 1395 3482 Dei
1434 3429 1787 3497 proveniunt.
1823 3428 2050 3497 Propter
2068 3430 2214 3499 quod
2246 3431 2290 3492 α

644 3512 868 3567 Levitici
900 3514 1022 3568 libri
1050 3517 1335 3585 sequentia
1363 3532 1772 3585 percurramus,
1796 3517 2030 3571 multum
2051 3517 2215 3587 juva-

642 3619 770 3658 men
799 3605 1472 3676 legentibusconfereutia.
1504 3609 1595 3663 Dei
1616 3610 1765 3663 enim
1790 3617 1921 3664 sunt
1938 3610 2217 3677 mandata,

644 3698 960 3753 adumbrata
984 3701 1204 3769 quidem
1232 3701 1288 3755 in
1321 3702 1566 3772 pluribus
1591 3711 1816 3774 propter
1845 3704 2220 3761 infirmitatem

645 3792 829 3860 populi
860 3791 1169 3849 Judaiorum
1203 3796 1259 3850 in
1305 3796 1482 3851 littera
1516 3816 1529 3852 :
1581 3796 1977 3867 perfectionem
2037 3805 2221 3852 autem

646 3885 950 3939 secundum
980 3886 1215 3943 litteram
1265 3890 1502 3946 intuenti
1552 3900 1834 3962 praestant,
1888 3901 1943 3947 et
1981 3906 2223 3948 consona

647 3976 1003 4033 inveniuntur
1020 3996 1103 4046 ea,
1137 3998 1258 4052 quae
1281 3998 1380 4053 per
1416 3983 1634 4056 Moysen
1658 3986 1803 4041 dicta
1848 3996 1998 4051 sunt,
2051 3987 2097 4042 si
2138 3986 2223 4041 in-

649 4078 1035 4142 terpretentur,
1068 4075 1368 4148 Evangelio.

1219 4234 1444 4293 CAPUT
1482 4236 1626 4293 XIX.

721 4392 880 4449 Vnus.
914 4395 1028 4450 i-A.
1053 4414 1072 4447 ι
1110 4395 1351 4452 Locutus
1383 4406 1469 4453 est
1495 4398 1760 4453 Dominus
1789 4399 1855 4453 ad
1892 4398 2109 4471 Moysen
2140 4400 2228 4455 di-

648 4501 813 4543 ccns:
842 4488 1086 4559 Loquere
1109 4489 1177 4544 ad
1207 4506 1423 4545 omnem
1456 4503 1658 4546 coetum
1693 4491 1929 4548 ﬁliorum
1957 4494 2141 4559 Israel,
2174 4503 2230 4550 et

594 4604 601 4611 ί
649 4584 798 4640 dices
846 4585 912 4639 ad
966 4601 1111 4640 eos:
1158 4585 1342 4639 Sancti
1394 4595 1591 4649 estote,
1617 4586 1744 4655 quia
1789 4596 1843 4641 et
1866 4603 1966 4658 ego
2006 4598 2231 4645 sanctus

649 4693 768 4733 sum
793 4677 1057 4732 Dominus
1087 4676 1229 4733 Deus
1251 4689 1452 4734 vester.
1488 4678 1879 4749 Unusquisque
1904 4689 2112 4750 patrem
2173 4691 2230 4736 et

2232 2081 2279 2142 Β
2308 2077 2628 2147 sionemque
2644 2073 2931 2148 removet),
2945 2074 3443 2131 sanetilicationem
3464 2074 3843 2142 consequimini:

2310 2179 2535 2225 sanctus
2569 2179 2754 2225 autem
2777 2170 3035 2241 conjungi
3085 2168 3334 2239 profanis
3361 2183 3478 2223 non
3504 2168 3715 2236 patitur.
3756 2168 3846 2224 Pro-

2308 2274 2497 2335 pterea
2523 2264 2725 2318 Paulus
2747 2263 2965 2319 dicebat
2998 2281 3011 2316 :
3056 2263 3288 2318 Nescitis
3322 2264 3459 2333 quia
3510 2262 3744 2330 templum
3783 2264 3845 2317 Da

2309 2358 2430 2412 estis
2452 2357 2538 2411 ?et
2567 2357 2785 2424 spiritus
2817 2355 2917 2408 Dei
2969 2355 3174 2408 habitat
3242 2355 3299 2407 in
3361 2353 3547 2406 vobis?
3597 2352 3842 2421 Quicunque

2310 2458 2487 2503 autem
2526 2449 2778 2517 templum
2822 2448 3037 2502 Domini
3080 2447 3382 2513 violaverit,
3440 2447 3696 2515 disperdet
3739 2448 3843 2499 illum

2310 2542 2472 2597 Deus.
2493 2541 2763 2611 Templum
2786 2542 2925 2595 enim
2946 2540 3043 2594 Dei
3060 2550 3302 2594 sanctum
3320 2548 3420 2605 est,
3440 2540 3581 2609 quod
3594 2540 3706 2593 estis
3720 2542 3839 2593 vos”.

2390 2633 2852 2703 Superaadificans
2874 2640 3058 2687 autem
3084 2632 3346 2686 mandata
3379 2646 3553 2701 super
3579 2631 3677 2685 hoc
3700 2631 3842 2685 funda.

2313 2735 2581 2791 mentum,
2632 2737 2785 2781 extra
2837 2726 2981 2797 quod
3027 2741 3190 2780 nemo
3236 2734 3429 2796 potest
3477 2741 3675 2796 ponere
3700 2727 3836 2781 aliud:

2320 2820 2699 2890 Unusquisque,
2743 2819 2838 2884 ait,
2883 2830 3113 2889 patrem,
3163 2828 3211 2873 et
3251 2831 3482 2873 matrem
3516 2835 3662 2872 suam
3690 2819 3839 2870 timeat.

2314 2910 2418 2967 Per
2447 2913 2935 2967 sanetilicationem
2970 2913 3191 2983 quidem
3244 2928 3444 2983 puram
3486 2921 3707 2966 mentem
3753 2926 3837 2980 erga

2314 3003 2630 3059 Creatorem
2659 3005 2947 3070 mandans,
2986 3020 3082 3074 per
3112 3006 3383 3059 honorem
3430 3013 3611 3057 autem
3643 3002 3782 3073 patris
3803 3010 3839 3055 et

2316 3099 2505 3153 matris
2541 3099 2805 3169 impendi,
2836 3108 3045 3153 natura:
3086 3099 3513 3170 benignitatem,
3565 3112 3674 3165 qua:
3694 3112 3836 3165 paren-

2318 3190 2465 3246 tibus
2488 3192 2775 3257 honorem,
2811 3192 2908 3246 sed
2942 3201 2998 3246 et
3026 3191 3280 3246 timorem
3314 3190 3512 3246 deberi
3537 3206 3567 3243 a
3591 3188 3716 3252 ﬁliis,
3731 3188 3835 3241 sicut

2318 3283 2583 3338 Dominus
2618 3284 2790 3339 dedit.
2822 3285 3025 3339 Deinde
3076 3285 3210 3355 legis
3252 3284 3519 3338 mandata
3545 3282 3835 3351 recapitulare

2322 3376 2533 3441 volens,
2564 3377 2615 3431 id
2641 3384 2746 3439 est,
2796 3376 2917 3431 Non
2973 3378 3207 3442 occides;
3265 3376 3395 3431 Non
3424 3377 3675 3448 furaberis
3706 3390 3722 3427 :
3750 3374 3835 3427 lion

2325 3471 2659 3525 adulterabis
2690 3488 2707 3524 :
2736 3474 2857 3525 Non
2875 3470 3175 3541 perjurabis
3207 3487 3225 3524 :
3275 3469 3404 3524 Non
3464 3484 3677 3523 assumes
3696 3482 3831 3519 nomen

2320 3564 2534 3618 Domini
2573 3564 2669 3618 Dei
2692 3565 2768 3618 tui
2806 3566 2862 3617 in
2889 3580 3084 3618 vanum
3113 3580 3131 3618 :
3158 3563 3279 3617 Non
3329 3562 3651 3628 concupisces
3671 3574 3827 3611 uxorem

2320 3655 2548 3724 proximi
2571 3655 2697 3708 tui:
2740 3663 2796 3708 et
2844 3661 2906 3707 ut
2962 3654 3201 3708 breviter
3250 3651 3640 3706 continentiam
3678 3664 3701 3701 a
3731 3648 3827 3700 malo

2322 3743 2950 3814 prteciperet;Sabbata
2988 3762 3104 3798 mea
3160 3744 3444 3808 custodite,
3515 3739 3826 3795 rationabiliter

2322 3836 2566 3892 subdidit
2598 3877 2613 3903 ,
2645 3837 2771 3907 quia
2795 3852 2986 3893 verum
3014 3836 3315 3890 Sabbatum
3352 3844 3442 3889 est
3476 3834 3669 3887 nullum
3696 3846 3818 3884 corru-

2322 3929 2527 3999 ptionis
2548 3945 2686 3998 opus
2718 3929 2933 3998 operari
2962 3949 2975 3983 :
3018 3943 3145 3981 nam
3171 3936 3228 3982 et
3248 3942 3419 3981 omne
3448 3942 3581 3995 Opus
3605 3923 3762 3978 servile
3784 3924 3814 3973 iu

2323 4022 2560 4078 Sabbato
2578 4038 2691 4077 non
2715 4022 2855 4088 fieri,
2888 4021 3100 4092 Moyses
3143 4022 3406 4089 prmcepit
3442 4027 3651 4088 :aperte
3668 4016 3721 4069 ab
3737 4029 3823 4081 ope-

2324 4118 2477 4171 ribus
2498 4117 2702 4182 carnis,
2728 4133 2850 4186 quae
2879 4125 3010 4171 sunt
3037 4116 3357 4181 fornicatio,
3432 4110 3752 4168 immunditia,
3783 4114 3819 4157 et

2325 4209 2523 4264 similia
2554 4211 2662 4275 his,
2691 4225 2884 4264 cavere
2908 4210 3233 4281 praecipiens
3267 4223 3397 4264 eum
3446 4208 3537 4278 qui
3600 4203 3819 4258 Sabbalum

2326 4305 2603 4361 celebrare
2638 4305 2753 4360 vult
2803 4305 3105 4360 secundum
3156 4306 3330 4376 legem
3364 4305 3603 4375 spiritus.
3634 4298 3716 4355 Sed
3751 4309 3822 4348 mw

2325 4414 2545 4455 causam
2583 4398 2803 4453 Sabbati
2832 4398 3084 4469 ignorare
3129 4406 3365 4468 oportet,
3392 4398 3471 4452 sic
3492 4394 3674 4450 etenim
3699 4388 3825 4441 virtu-

2327 4504 2437 4550 tem
2484 4494 2637 4565 legis,
2686 4509 2807 4563 quae
2843 4493 2912 4547 de
2967 4507 3035 4547 eo
3080 4502 3185 4558 est,
3224 4494 3479 4546 sciemus.
3528 4484 3823 4554 Quantloergo

2328 4588 2551 4643 Sabbati
2578 4588 2896 4642 mandatum
2924 4585 3065 4641 Deus
3096 4586 3287 4640 dedit?
3340 4595 3566 4654 putasne
3621 4577 3703 4632 sub
3728 4572 3822 4629 Not.

2329 4680 2547 4749 quando
2580 4695 2690 4734 non
2726 4679 2938 4733 comedi
2973 4679 3298 4748 sanguinem
3347 4670 3622 4748 praecepit?
3669 4677 3817 4732 neque

650 4778 877 4823 matrem
917 4785 1072 4823 suam
1103 4771 1308 4824 timeat.
1346 4769 1578 4824 Sabbata
1610 4785 1729 4824 mea
1760 4772 2051 4826 custodite.
2115 4770 2226 4841 Ego
2259 4787 2303 4841 ι)
2330 4787 2514 4842 quam,
2548 4772 2643 4827 sed
2664 4772 2765 4827 sub
2780 4770 3088 4833 Abraham,
3123 4786 3284 4839 quem
3306 4769 3492 4823 habuit
3514 4764 3715 4819 anticum
3731 4755 3814 4808 ﬁde-

653 4862 914 4917 Dominus
950 4861 1093 4916 Deus
1120 4872 1320 4917 vester.
1347 4863 1527 4917 Nolite
1553 4863 1797 4919 converti
1817 4864 1884 4918 ad
1924 4863 2089 4928 idola,
2122 4880 2227 4920 nec

650 4955 784 5010 deos
820 4955 1126 5011 conﬂatiles
1155 4955 1365 5010 facietis
1394 4956 1570 5019 vobis,
1600 4973 1700 5029 ego
1733 4957 2019 5011 Dominus.
2064 4977 2082 5009 ι

724 5047 893 5101 Recte
943 5048 1431 5102 sanctiﬁcationem
1498 5054 1814 5121 praaposuit,
1871 5054 1998 5121 quia
2048 5051 2231 5107 omnis

652 5139 875 5194 virtutis
895 5150 979 5194 est
999 5140 1439 5197 fundamentum.
1466 5144 1638 5210 Quam
1689 5148 1816 5216 quia
1872 5145 2071 5200 sectari
2106 5162 2225 5200 mo-

655 5234 740 5289 dis
769 5233 1023 5289 omnibus
1061 5244 1275 5305 oportet
1322 5237 1597 5308 legislator
1637 5240 1957 5307 ostendens,
2024 5254 2232 5294 conve-

654 5327 873 5383 nienter
896 5328 1005 5383 ait:

726 5419 910 5476 Sancti
930 5429 1109 5491 estote,
1134 5423 1259 5494 quia
1283 5440 1377 5494 ego
1404 5435 1618 5477 sanctus
1661 5441 1777 5477 sum
1817 5422 2071 5479 Dominus
2094 5423 2235 5480 Deus

658 5524 848 5569 uester.
880 5514 939 5570 Id
964 5518 1128 5581 est,si
1160 5517 1314 5572 vobis
1343 5517 1520 5587 placet
1540 5517 1754 5586 placere
1773 5518 1903 5580 Deo,
1933 5521 2234 5575 autadesse

662 5607 967 5674 vobiscum,
992 5608 1081 5663 vel
1112 5607 1285 5678 magis
1306 5622 1427 5661 esse
1451 5621 1574 5661 cum
1611 5621 1677 5661 eo
1734 5606 1901 5661 vultis
1931 5608 2049 5678 (Dei
2082 5609 2231 5662 enim

662 5700 950 5771 praesentia
974 5709 1030 5756 et
1053 5699 1368 5771 conjunctio
1391 5714 1582 5753 omnes
1633 5714 1665 5753 a
1687 5698 1844 5754 vobis
1889 5699 2112 5753 insidias
2144 5699 2234 5757 la:-

646 5892 653 5899 °
741 5882 785 5915 ·²
812 5879 835 5936 l
870 5879 997 5936 Cor.
1029 5896 1109 5950 ut,
1142 5880 1228 5948 16,
1258 5882 1345 5937 l7.
1423 5882 1470 5917 ⁷³
1492 5879 1623 5939 ibid.
1701 5880 1748 5914 "
1769 5879 1941 5937 Exod.
1962 5894 2070 5935 xvr.
2101 5878 2157 5934 '5.

2328 4865 2459 4929 lem,
2489 4881 2651 4934 quem
2681 4863 2956 4935 probavit,
2993 4871 3051 4917 et
3079 4878 3364 4931 nunquam
3393 4862 3461 4915 ab
3491 4872 3552 4913 eo
3576 4850 3817 4908 mandatum

2332 4958 2533 5012 bonum
2559 4956 2864 5010 abscondit.
2889 4955 2997 5010 Sed
3019 4970 3123 5010 nec
3151 4964 3300 5015 tunc,
3349 4949 3559 5022 quando
3608 4945 3666 4998 de
3719 4948 3817 4990 lem

2332 5048 2548 5121 Egypti
2596 5048 2858 5119 populum
2890 5047 3206 5103 Iudaeorum
3275 5044 3479 5106 eduxit,
3503 5049 3551 5094 et
3587 5031 3816 5089 esurientes

2335 5146 2835 5203 murmuraverunt,
2866 5136 3149 5191 dicentes:
3185 5134 3396 5190 Utinam
3424 5126 3598 5185 mortui
3613 5122 3815 5192 fuisset!“ts

2334 5250 2427 5303 per
2480 5248 2697 5285 manum
2756 5230 2967 5284 Domini
2997 5230 3052 5282 in
3078 5238 3221 5282 terra
3264 5225 3495 5296 Egypti,
3518 5214 3697 5292 quando
3713 5206 3812 5305 sede

2336 5326 2517 5379 bamus
2542 5340 2699 5393 super
2727 5322 2860 5377 ollas
2888 5323 3151 5386 carnium,
3175 5328 3224 5374 et
3254 5317 3623 5372 comedebamus
3645 5312 3810 5374 palmi"

2338 5419 2676 5473 saturitatem
2699 5417 2787 5470 7"!
2829 5415 3207 5485 Misitquidem
3234 5414 3313 5468 eis
3340 5412 3477 5466 Deus
3520 5416 3696 5462 manna,
3743 5393 3807 5490 do:

2342 5528 2473 5566 cens
2501 5520 2683 5564 autem
2710 5524 2812 5564 nos
2834 5516 3110 5579 oportere,
3139 5522 3259 5576 qua:
3295 5504 3516 5573 amplius
3539 5509 3670 5567 quam
3687 5492 3807 5556 αυοίι·

2342 5604 2563 5658 dianum
2581 5601 2786 5667 cibum,
2825 5615 2938 5654 non
2966 5597 3318 5669 praecipiebat
3342 5595 3458 5666 plus
3483 5593 3542 5645 de
3568 5584 3804 5669 Cantorth

2346 5695 2560 5766 singula
2580 5692 2759 5764 capita
2774 5658 3028 5764 colligi:
3066 5658 3320 5746 mensura
3364 5695 3533 5742 autem
3572 5680 3661 5733 haec
3703 5658 3800 5734 ανυδ
