  <div class='ocr_page' id='page_1' title='image "/cluster/home/n/w/nwhite01/storage/ocr_20150623/93/hvd.32044019208040/518.png"; bbox 0 0 3928 6426; ppageno 0'>
   <div class='ocr_carea' id='block_1_1' title="bbox 81 440 225 509">
    <p class='ocr_par' dir='ltr' id='par_1_1' title="bbox 81 440 225 509">
     <span class='ocr_line' id='line_1_1' title="bbox 81 440 225 509; baseline 0.035 -5"><span class='ocrx_word' id='word_1_1' title='bbox 81 440 225 509; x_wconf 74' lang='lat'><strong>1021</strong></span> 
     </span>
    </p>
   </div>
   <div class='ocr_carea' id='block_1_2' title="bbox 1272 453 2268 521">
    <p class='ocr_par' dir='ltr' id='par_1_2' title="bbox 1272 453 2268 521">
     <span class='ocr_line' id='line_1_2' title="bbox 1272 453 2268 521; baseline 0.004 -7"><span class='ocrx_word' id='word_1_2' title='bbox 1272 453 1356 514; x_wconf 85' lang='lat' dir='ltr'><strong>IN</strong></span> <span class='ocrx_word' id='word_1_3' title='bbox 1398 453 1839 516; x_wconf 89' lang='lat' dir='ltr'><strong>LEVITICUM.</strong></span> <span class='ocrx_word' id='word_1_4' title='bbox 1873 480 1943 491; x_wconf 87' lang='grc'><strong>-</strong></span> <span class='ocrx_word' id='word_1_5' title='bbox 1982 457 2128 517; x_wconf 87' lang='lat' dir='ltr'><strong>LIB.</strong></span> <span class='ocrx_word' id='word_1_6' title='bbox 2166 458 2268 521; x_wconf 86' lang='lat' dir='ltr'><strong>VI.</strong></span> 
     </span>
    </p>
   </div>
   <div class='ocr_carea' id='block_1_3' title="bbox 3266 458 3402 524">
    <p class='ocr_par' dir='ltr' id='par_1_3' title="bbox 3266 458 3402 524">
     <span class='ocr_line' id='line_1_3' title="bbox 3266 458 3402 524; baseline 0 -1"><span class='ocrx_word' id='word_1_7' title='bbox 3266 458 3402 524; x_wconf 71' lang='lat'><strong>1022</strong></span> 
     </span>
    </p>
   </div>
   <div class='ocr_carea' id='block_1_4' title="bbox 80 567 3397 650">
    <p class='ocr_par' dir='ltr' id='par_1_4' title="bbox 80 567 3397 650">
     <span class='ocr_line' id='line_1_4' title="bbox 80 567 3397 650; baseline 0.005 -31"><span class='ocrx_word' id='word_1_8' title='bbox 80 567 325 621; x_wconf 67' lang='lat' dir='ltr'><strong>Iudaeos</strong></span> <span class='ocrx_word' id='word_1_9' title='bbox 395 578 545 634; x_wconf 87' lang='lat' dir='ltr'><strong>erat,</strong></span> <span class='ocrx_word' id='word_1_10' title='bbox 600 583 721 637; x_wconf 63' lang='lat' dir='ltr'><strong>quae</strong></span> <span class='ocrx_word' id='word_1_11' title='bbox 750 576 965 637; x_wconf 80' lang='lat' dir='ltr'><strong>poterat</strong></span> <span class='ocrx_word' id='word_1_12' title='bbox 1016 586 1465 643; x_wconf 85' lang='lat' dir='ltr'><strong>unumquemque</strong></span> <span class='ocrx_word' id='word_1_13' title='bbox 1502 574 1714 629; x_wconf 87' lang='lat' dir='ltr'><strong>nutrire</strong></span> <span class='ocrx_word' id='word_1_14' title='bbox 1742 581 1789 637; x_wconf 75' lang='grc' dir='ltr'>Α</span> <span class='ocrx_word' id='word_1_15' title='bbox 1818 576 1874 631; x_wconf 89' lang='lat' dir='ltr'><strong>in</strong></span> <span class='ocrx_word' id='word_1_16' title='bbox 1924 593 2032 648; x_wconf 92' lang='lat' dir='ltr'><strong>quo</strong></span> <span class='ocrx_word' id='word_1_17' title='bbox 2063 594 2125 633; x_wconf 89' lang='lat' dir='ltr'><strong>ea</strong></span> <span class='ocrx_word' id='word_1_18' title='bbox 2172 596 2294 650; x_wconf 75' lang='lat' dir='ltr'><strong>qua:</strong></span> <span class='ocrx_word' id='word_1_19' title='bbox 2350 580 2628 650; x_wconf 73' lang='lat' dir='ltr'><strong>pertinent</strong></span> <span class='ocrx_word' id='word_1_20' title='bbox 2676 578 2743 633; x_wconf 88' lang='lat' dir='ltr'><strong>ad</strong></span> <span class='ocrx_word' id='word_1_21' title='bbox 2792 576 3024 634; x_wconf 79' lang='lat' dir='ltr'><strong>salutem</strong></span> <span class='ocrx_word' id='word_1_22' title='bbox 3083 593 3397 649; x_wconf 84' lang='lat' dir='ltr'><strong>operemur.</strong></span> 
     </span>
    </p>
   </div>
   <div class='ocr_carea' id='block_1_5' title="bbox 84 661 1709 737">
    <p class='ocr_par' dir='ltr' id='par_1_5' title="bbox 84 661 1709 737">
     <span class='ocr_line' id='line_1_5' title="bbox 84 661 1709 737; baseline 0.005 -22"><span class='ocrx_word' id='word_1_23' title='bbox 84 661 427 716; x_wconf 87' lang='lat' dir='ltr'><strong>hominem.</strong></span> <span class='ocrx_word' id='word_1_24' title='bbox 471 662 623 717; x_wconf 78' lang='lat' dir='ltr'><strong>T‘unc</strong></span> <span class='ocrx_word' id='word_1_25' title='bbox 653 677 781 732; x_wconf 89' lang='lat' dir='ltr'><strong>ergo</strong></span> <span class='ocrx_word' id='word_1_26' title='bbox 810 663 1008 719; x_wconf 88' lang='lat' dir='ltr'><strong>docere</strong></span> <span class='ocrx_word' id='word_1_27' title='bbox 1038 680 1135 719; x_wconf 89' lang='lat' dir='ltr'><strong>eos</strong></span> <span class='ocrx_word' id='word_1_28' title='bbox 1164 665 1232 719; x_wconf 87' lang='lat' dir='ltr'><strong>de</strong></span> <span class='ocrx_word' id='word_1_29' title='bbox 1262 667 1591 737; x_wconf 87' lang='lat' dir='ltr'><strong>intelligibili</strong></span> <span class='ocrx_word' id='word_1_30' title='bbox 1621 683 1709 723; x_wconf 88' lang='lat' dir='ltr'><strong>re-</strong></span> 
     </span>
    </p>
   </div>
   <div class='ocr_carea' id='block_1_6' title="bbox 80 753 1712 827">
    <p class='ocr_par' dir='ltr' id='par_1_6' title="bbox 80 753 1712 827">
     <span class='ocr_line' id='line_1_6' title="bbox 80 753 1712 827; baseline 0.004 -21"><span class='ocrx_word' id='word_1_31' title='bbox 80 753 213 822; x_wconf 88' lang='lat' dir='ltr'><strong>quie</strong></span> <span class='ocrx_word' id='word_1_32' title='bbox 252 763 316 807; x_wconf 88' lang='lat' dir='ltr'><strong>et</strong></span> <span class='ocrx_word' id='word_1_33' title='bbox 382 754 505 808; x_wconf 83' lang='lat' dir='ltr'><strong>ﬁne</strong></span> <span class='ocrx_word' id='word_1_34' title='bbox 540 754 725 808; x_wconf 88' lang='lat' dir='ltr'><strong>mundi</strong></span> <span class='ocrx_word' id='word_1_35' title='bbox 758 756 965 821; x_wconf 89' lang='lat' dir='ltr'><strong>volens,</strong></span> <span class='ocrx_word' id='word_1_36' title='bbox 1003 756 1129 825; x_wconf 84' lang='lat' dir='ltr'><strong>quia</strong></span> <span class='ocrx_word' id='word_1_37' title='bbox 1181 756 1275 811; x_wconf 92' lang='lat' dir='ltr'><strong>illo</strong></span> <span class='ocrx_word' id='word_1_38' title='bbox 1325 766 1572 827; x_wconf 82' lang='lat' dir='ltr'><strong>tempore</strong></span> <span class='ocrx_word' id='word_1_39' title='bbox 1608 758 1712 812; x_wconf 88' lang='lat' dir='ltr'><strong>im-</strong></span> 
     </span>
    </p>
   </div>
   <div class='ocr_carea' id='block_1_7' title="bbox 83 844 1713 920">
    <p class='ocr_par' dir='ltr' id='par_1_7' title="bbox 83 844 1713 920">
     <span class='ocr_line' id='line_1_7' title="bbox 83 844 1713 920; baseline 0.004 -21"><span class='ocrx_word' id='word_1_40' title='bbox 83 844 374 916; x_wconf 84' lang='lat' dir='ltr'><strong>possibile</strong></span> <span class='ocrx_word' id='word_1_41' title='bbox 439 857 525 902; x_wconf 87' lang='lat' dir='ltr'><strong>est</strong></span> <span class='ocrx_word' id='word_1_42' title='bbox 579 847 763 902; x_wconf 89' lang='lat' dir='ltr'><strong>cibum</strong></span> <span class='ocrx_word' id='word_1_43' title='bbox 815 847 1159 917; x_wconf 85' lang='lat' dir='ltr'><strong>conquirere,</strong></span> <span class='ocrx_word' id='word_1_44' title='bbox 1213 850 1299 905; x_wconf 87' lang='lat' dir='ltr'><strong>vel</strong></span> <span class='ocrx_word' id='word_1_45' title='bbox 1328 851 1565 920; x_wconf 89' lang='lat' dir='ltr'><strong>operari,</strong></span> <span class='ocrx_word' id='word_1_46' title='bbox 1609 867 1713 906; x_wconf 90' lang='lat' dir='ltr'><strong>nec</strong></span> 
     </span>
    </p>
   </div>
   <div class='ocr_carea' id='block_1_8' title="bbox 82 940 1711 1012">
    <p class='ocr_par' dir='ltr' id='par_1_8' title="bbox 82 940 1711 1012">
     <span class='ocr_line' id='line_1_8' title="bbox 82 940 1711 1012; baseline 0.006 -22"><span class='ocrx_word' id='word_1_47' title='bbox 82 940 232 992; x_wconf 66' lang='lat' dir='ltr'><strong>circa</strong></span> <span class='ocrx_word' id='word_1_48' title='bbox 276 941 595 1010; x_wconf 85' lang='lat' dir='ltr'><strong>corporale</strong></span> <span class='ocrx_word' id='word_1_49' title='bbox 640 940 842 1010; x_wconf 87' lang='lat' dir='ltr'><strong>aliquid</strong></span> <span class='ocrx_word' id='word_1_50' title='bbox 876 942 1157 1012; x_wconf 87' lang='lat' dir='ltr'><strong>occupari,</strong></span> <span class='ocrx_word' id='word_1_51' title='bbox 1214 943 1340 997; x_wconf 87' lang='lat' dir='ltr'><strong>talia</strong></span> <span class='ocrx_word' id='word_1_52' title='bbox 1396 945 1476 998; x_wconf 86' lang='lat' dir='ltr'><strong>eis</strong></span> <span class='ocrx_word' id='word_1_53' title='bbox 1530 945 1711 999; x_wconf 85' lang='lat' dir='ltr'><strong>dicere</strong></span> 
     </span>
    </p>
   </div>
   <div class='ocr_carea' id='block_1_9' title="bbox 81 1018 1709 1103">
    <p class='ocr_par' dir='ltr' id='par_1_9' title="bbox 81 1018 1709 1103">
     <span class='ocr_line' id='line_1_9' title="bbox 81 1018 1709 1103; baseline 0.004 -20"><span class='ocrx_word' id='word_1_54' title='bbox 81 1018 317 1101; x_wconf 62' lang='lat' dir='ltr'><strong>Moysen</strong></span> <span class='ocrx_word' id='word_1_55' title='bbox 342 1033 624 1103; x_wconf 56' lang='lat' dir='ltr'><strong>praecepit</strong></span> <span class='ocrx_word' id='word_1_56' title='bbox 650 1051 663 1087; x_wconf 91' lang='lat'><strong>:</strong></span> <span class='ocrx_word' id='word_1_57' title='bbox 703 1031 940 1086; x_wconf 87' lang='lat' dir='ltr'><strong>Sabbata</strong></span> <span class='ocrx_word' id='word_1_58' title='bbox 972 1034 1128 1087; x_wconf 83' lang='lat' dir='ltr'><strong>hodie</strong></span> <span class='ocrx_word' id='word_1_59' title='bbox 1148 1033 1398 1100; x_wconf 87' lang='lat' dir='ltr'><strong>Domino,</strong></span> <span class='ocrx_word' id='word_1_60' title='bbox 1420 1053 1525 1090; x_wconf 88' lang='lat' dir='ltr'><strong>non</strong></span> <span class='ocrx_word' id='word_1_61' title='bbox 1564 1037 1709 1090; x_wconf 88' lang='lat' dir='ltr'><strong>inve-</strong></span> 
     </span>
    </p>
   </div>
   <div class='ocr_carea' id='block_1_10' title="bbox 85 1122 1710 1198">
    <p class='ocr_par' dir='ltr' id='par_1_10' title="bbox 85 1122 1710 1198">
     <span class='ocr_line' id='line_1_10' title="bbox 85 1122 1710 1198; baseline 0.007 -27"><span class='ocrx_word' id='word_1_62' title='bbox 85 1122 243 1174; x_wconf 70' lang='lat' dir='ltr'><strong>nietis</strong></span> <span class='ocrx_word' id='word_1_63' title='bbox 283 1122 450 1175; x_wconf 82' lang='lat' dir='ltr'><strong>illud</strong></span> <span class='ocrx_word' id='word_1_64' title='bbox 493 1124 546 1176; x_wconf 85' lang='lat' dir='ltr'><strong>in</strong></span> <span class='ocrx_word' id='word_1_65' title='bbox 580 1140 748 1194; x_wconf 84' lang='lat' dir='ltr'><strong>agro:</strong></span> <span class='ocrx_word' id='word_1_66' title='bbox 780 1139 873 1178; x_wconf 82' lang='lat' dir='ltr'><strong>sex</strong></span> <span class='ocrx_word' id='word_1_67' title='bbox 904 1125 1100 1179; x_wconf 88' lang='lat' dir='ltr'><strong>diebus</strong></span> <span class='ocrx_word' id='word_1_68' title='bbox 1126 1126 1425 1197; x_wconf 79' lang='lat' dir='ltr'><strong>colligitur,</strong></span> <span class='ocrx_word' id='word_1_69' title='bbox 1478 1128 1710 1198; x_wconf 88' lang='lat' dir='ltr'><strong>septima</strong></span> 
     </span>
    </p>
   </div>
   <div class='ocr_carea' id='block_1_11' title="bbox 88 1214 1707 1285">
    <p class='ocr_par' dir='ltr' id='par_1_11' title="bbox 88 1214 1707 1285">
     <span class='ocr_line' id='line_1_11' title="bbox 88 1214 1707 1285; baseline 0.002 -18"><span class='ocrx_word' id='word_1_70' title='bbox 88 1222 277 1267; x_wconf 85' lang='lat' dir='ltr'><strong>autem</strong></span> <span class='ocrx_word' id='word_1_71' title='bbox 312 1215 425 1268; x_wconf 84' lang='lat' dir='ltr'><strong>die</strong></span> <span class='ocrx_word' id='word_1_72' title='bbox 462 1214 721 1281; x_wconf 86' lang='lat' dir='ltr'><strong>Sabbata,</strong></span> <span class='ocrx_word' id='word_1_73' title='bbox 754 1233 863 1270; x_wconf 91' lang='lat' dir='ltr'><strong>non</strong></span> <span class='ocrx_word' id='word_1_74' title='bbox 891 1216 1069 1271; x_wconf 88' lang='lat' dir='ltr'><strong>eritin</strong></span> <span class='ocrx_word' id='word_1_75' title='bbox 1092 1232 1179 1272; x_wconf 88' lang='lat' dir='ltr'><strong>ea.</strong></span> <span class='ocrx_word' id='word_1_76' title='bbox 1202 1216 1323 1272; x_wconf 86' lang='lat' dir='ltr'><strong>Non</strong></span> <span class='ocrx_word' id='word_1_77' title='bbox 1386 1217 1707 1285; x_wconf 90' lang='lat' dir='ltr'><strong>Sabbatum,</strong></span> 
     </span>
    </p>
   </div>
   <div class='ocr_carea' id='block_1_12' title="bbox 89 1307 1709 1380">
    <p class='ocr_par' dir='ltr' id='par_1_12' title="bbox 89 1307 1709 1380">
     <span class='ocr_line' id='line_1_12' title="bbox 89 1307 1709 1380; baseline 0.004 -20"><span class='ocrx_word' id='word_1_78' title='bbox 89 1308 180 1360; x_wconf 89' lang='lat' dir='ltr'><strong>sed</strong></span> <span class='ocrx_word' id='word_1_79' title='bbox 222 1307 521 1374; x_wconf 78' lang='lat' dir='ltr'><strong>Snbbata,</strong></span> <span class='ocrx_word' id='word_1_80' title='bbox 554 1311 680 1380; x_wconf 87' lang='lat' dir='ltr'><strong>quia</strong></span> <span class='ocrx_word' id='word_1_81' title='bbox 734 1310 1090 1380; x_wconf 89' lang='lat' dir='ltr'><strong>intclligibilis</strong></span> <span class='ocrx_word' id='word_1_82' title='bbox 1132 1313 1347 1380; x_wconf 76' lang='lat' dir='ltr'><strong>requies</strong></span> <span class='ocrx_word' id='word_1_83' title='bbox 1372 1328 1483 1367; x_wconf 90' lang='lat' dir='ltr'><strong>non</strong></span> <span class='ocrx_word' id='word_1_84' title='bbox 1514 1314 1581 1367; x_wconf 91' lang='lat' dir='ltr'><strong>ab</strong></span> <span class='ocrx_word' id='word_1_85' title='bbox 1601 1329 1709 1367; x_wconf 90' lang='lat' dir='ltr'><strong>uno</strong></span> 
     </span>
    </p>
   </div>
   <div class='ocr_carea' id='block_1_13' title="bbox 90 1395 1709 1467">
    <p class='ocr_par' dir='ltr' id='par_1_13' title="bbox 90 1395 1709 1467">
     <span class='ocr_line' id='line_1_13' title="bbox 90 1395 1709 1467; baseline 0.005 -17"><span class='ocrx_word' id='word_1_86' title='bbox 90 1395 371 1467; x_wconf 83' lang='lat' dir='ltr'><strong>quodam,</strong></span> <span class='ocrx_word' id='word_1_87' title='bbox 438 1401 536 1454; x_wconf 90' lang='lat' dir='ltr'><strong>sed</strong></span> <span class='ocrx_word' id='word_1_88' title='bbox 582 1402 652 1456; x_wconf 89' lang='lat' dir='ltr'><strong>ab</strong></span> <span class='ocrx_word' id='word_1_89' title='bbox 708 1401 965 1455; x_wconf 89' lang='lat' dir='ltr'><strong>omnibus</strong></span> <span class='ocrx_word' id='word_1_90' title='bbox 1007 1402 1321 1457; x_wconf 88' lang='lat' dir='ltr'><strong>carnalibus</strong></span> <span class='ocrx_word' id='word_1_91' title='bbox 1368 1404 1709 1459; x_wconf 83' lang='lat' dir='ltr'><strong>vacationem</strong></span> 
     </span>
    </p>
   </div>
   <div class='ocr_carea' id='block_1_14' title="bbox 94 1491 1707 1568">
    <p class='ocr_par' dir='ltr' id='par_1_14' title="bbox 94 1491 1707 1568">
     <span class='ocr_line' id='line_1_14' title="bbox 94 1491 1707 1568; baseline 0.006 -25"><span class='ocrx_word' id='word_1_92' title='bbox 94 1491 631 1564; x_wconf 85' lang='lat' dir='ltr'><strong>alienationemque</strong></span> <span class='ocrx_word' id='word_1_93' title='bbox 664 1496 927 1565; x_wconf 85' lang='lat' dir='ltr'><strong>possidet.</strong></span> <span class='ocrx_word' id='word_1_94' title='bbox 957 1496 1113 1553; x_wconf 90' lang='lat' dir='ltr'><strong>Unde</strong></span> <span class='ocrx_word' id='word_1_95' title='bbox 1138 1514 1403 1568; x_wconf 83' lang='lat' dir='ltr'><strong>nusquam</strong></span> <span class='ocrx_word' id='word_1_96' title='bbox 1438 1498 1589 1567; x_wconf 90' lang='lat' dir='ltr'><strong>prius</strong></span> <span class='ocrx_word' id='word_1_97' title='bbox 1622 1498 1707 1551; x_wconf 90' lang='lat' dir='ltr'><strong>in-</strong></span> 
     </span>
    </p>
   </div>
   <div class='ocr_carea' id='block_1_15' title="bbox 96 1586 1707 1660">
    <p class='ocr_par' dir='ltr' id='par_1_15' title="bbox 96 1586 1707 1660">
     <span class='ocr_line' id='line_1_15' title="bbox 96 1586 1707 1660; baseline 0.006 -24"><span class='ocrx_word' id='word_1_98' title='bbox 96 1586 287 1637; x_wconf 78' lang='lat' dir='ltr'><strong>venies</strong></span> <span class='ocrx_word' id='word_1_99' title='bbox 333 1588 501 1654; x_wconf 84' lang='lat' dir='ltr'><strong>apud</strong></span> <span class='ocrx_word' id='word_1_100' title='bbox 534 1588 773 1642; x_wconf 84' lang='lat' dir='ltr'><strong>divinam</strong></span> <span class='ocrx_word' id='word_1_101' title='bbox 819 1589 1163 1660; x_wconf 88' lang='lat' dir='ltr'><strong>Scripturam</strong></span> <span class='ocrx_word' id='word_1_102' title='bbox 1192 1591 1558 1645; x_wconf 85' lang='lat' dir='ltr'><strong>Sabbatorum</strong></span> <span class='ocrx_word' id='word_1_103' title='bbox 1605 1606 1707 1645; x_wconf 84' lang='lat' dir='ltr'><strong>no-</strong></span> 
     </span>
    </p>
   </div>
   <div class='ocr_carea' id='block_1_16' title="bbox 99 1681 1707 1753">
    <p class='ocr_par' dir='ltr' id='par_1_16' title="bbox 99 1681 1707 1753">
     <span class='ocr_line' id='line_1_16' title="bbox 99 1681 1707 1753; baseline 0.004 -23"><span class='ocrx_word' id='word_1_104' title='bbox 99 1694 238 1741; x_wconf 86' lang='lat' dir='ltr'><strong>men,</strong></span> <span class='ocrx_word' id='word_1_105' title='bbox 268 1688 336 1731; x_wconf 88' lang='lat' dir='ltr'><strong>ut</strong></span> <span class='ocrx_word' id='word_1_106' title='bbox 361 1681 730 1735; x_wconf 86' lang='lat' dir='ltr'><strong>manifestum</strong></span> <span class='ocrx_word' id='word_1_107' title='bbox 764 1682 836 1737; x_wconf 90' lang='lat' dir='ltr'><strong>sit</strong></span> <span class='ocrx_word' id='word_1_108' title='bbox 886 1683 1010 1753; x_wconf 84' lang='lat' dir='ltr'><strong>quia</strong></span> <span class='ocrx_word' id='word_1_109' title='bbox 1038 1683 1337 1739; x_wconf 87' lang='lat' dir='ltr'><strong>Sabbatum</strong></span> <span class='ocrx_word' id='word_1_110' title='bbox 1361 1698 1581 1737; x_wconf 86' lang='lat' dir='ltr'><strong>omnem</strong></span> <span class='ocrx_word' id='word_1_111' title='bbox 1611 1700 1707 1737; x_wconf 84' lang='lat' dir='ltr'><strong>va-</strong></span> 
     </span>
    </p>
   </div>
   <div class='ocr_carea' id='block_1_17' title="bbox 97 1771 1709 1843">
    <p class='ocr_par' dir='ltr' id='par_1_17' title="bbox 97 1771 1709 1843">
     <span class='ocr_line' id='line_1_17' title="bbox 97 1771 1709 1843; baseline 0.004 -22"><span class='ocrx_word' id='word_1_112' title='bbox 97 1772 389 1823; x_wconf 85' lang='lat' dir='ltr'><strong>cationem</strong></span> <span class='ocrx_word' id='word_1_113' title='bbox 422 1771 755 1835; x_wconf 77' lang='lat' dir='ltr'><strong>carnalium,</strong></span> <span class='ocrx_word' id='word_1_114' title='bbox 784 1782 838 1827; x_wconf 88' lang='lat' dir='ltr'><strong>et</strong></span> <span class='ocrx_word' id='word_1_115' title='bbox 865 1774 1210 1828; x_wconf 66' lang='lat' dir='ltr'><strong>saecularium</strong></span> <span class='ocrx_word' id='word_1_116' title='bbox 1262 1789 1447 1827; x_wconf 87' lang='lat' dir='ltr'><strong>rerum</strong></span> <span class='ocrx_word' id='word_1_117' title='bbox 1506 1788 1709 1843; x_wconf 69' lang='lat' dir='ltr'><strong>praece-</strong></span> 
     </span>
    </p>
   </div>
   <div class='ocr_carea' id='block_1_18' title="bbox 102 1862 1708 1937">
    <p class='ocr_par' dir='ltr' id='par_1_18' title="bbox 102 1862 1708 1937">
     <span class='ocr_line' id='line_1_18' title="bbox 102 1862 1708 1937; baseline 0.004 -22"><span class='ocrx_word' id='word_1_118' title='bbox 102 1863 194 1931; x_wconf 88' lang='lat' dir='ltr'><strong>pit.</strong></span> <span class='ocrx_word' id='word_1_119' title='bbox 228 1862 410 1918; x_wconf 88' lang='lat' dir='ltr'><strong>Unde</strong></span> <span class='ocrx_word' id='word_1_120' title='bbox 448 1880 611 1919; x_wconf 90' lang='lat' dir='ltr'><strong>omne</strong></span> <span class='ocrx_word' id='word_1_121' title='bbox 638 1882 775 1935; x_wconf 84' lang='lat' dir='ltr'><strong>Opus</strong></span> <span class='ocrx_word' id='word_1_122' title='bbox 804 1867 891 1921; x_wconf 80' lang='lat' dir='ltr'><strong>lex</strong></span> <span class='ocrx_word' id='word_1_123' title='bbox 946 1868 1271 1937; x_wconf 86' lang='lat' dir='ltr'><strong>prohibens,</strong></span> <span class='ocrx_word' id='word_1_124' title='bbox 1313 1884 1433 1937; x_wconf 74' lang='lat' dir='ltr'><strong>quae</strong></span> <span class='ocrx_word' id='word_1_125' title='bbox 1502 1867 1708 1922; x_wconf 90' lang='lat' dir='ltr'><strong>faciunt</strong></span> 
     </span>
    </p>
   </div>
   <div class='ocr_carea' id='block_1_19' title="bbox 101 1940 1781 2024">
    <p class='ocr_par' dir='ltr' id='par_1_19' title="bbox 101 1940 1781 2024">
     <span class='ocr_line' id='line_1_19' title="bbox 101 1940 1781 2024; baseline 0.005 -17"><span class='ocrx_word' id='word_1_126' title='bbox 101 1954 368 2010; x_wconf 79' lang='lat' dir='ltr'><strong>adversus</strong></span> <span class='ocrx_word' id='word_1_127' title='bbox 404 1973 632 2014; x_wconf 84' lang='lat' dir='ltr'><strong>onmem</strong></span> <span class='ocrx_word' id='word_1_128' title='bbox 661 1960 923 2024; x_wconf 88' lang='lat' dir='ltr'><strong>animam,</strong></span> <span class='ocrx_word' id='word_1_129' title='bbox 978 1961 1219 2015; x_wconf 83' lang='lat' dir='ltr'><strong>subdidit</strong></span> <span class='ocrx_word' id='word_1_130' title='bbox 1256 1979 1268 2014; x_wconf 91' lang='lat'><strong>:</strong></span> <span class='ocrx_word' id='word_1_131' title='bbox 1303 1960 1536 2014; x_wconf 89' lang='lat' dir='ltr'><strong>Sabbata</strong></span> <span class='ocrx_word' id='word_1_132' title='bbox 1591 1978 1705 2015; x_wconf 89' lang='lat' dir='ltr'><strong>mea</strong></span> <span class='ocrx_word' id='word_1_133' title='bbox 1741 1940 1781 1994; x_wconf 76' lang='grc' dir='ltr'><strong>Β</strong></span> 
     </span>
    </p>
   </div>
   <div class='ocr_carea' id='block_1_20' title="bbox 107 2050 1707 2125">
    <p class='ocr_par' dir='ltr' id='par_1_20' title="bbox 107 2050 1707 2125">
     <span class='ocr_line' id='line_1_20' title="bbox 107 2050 1707 2125; baseline 0.004 -24"><span class='ocrx_word' id='word_1_134' title='bbox 107 2050 386 2103; x_wconf 74' lang='lat' dir='ltr'><strong>custodite.</strong></span> <span class='ocrx_word' id='word_1_135' title='bbox 412 2050 522 2105; x_wconf 86' lang='lat' dir='ltr'><strong>Per</strong></span> <span class='ocrx_word' id='word_1_136' title='bbox 553 2052 656 2107; x_wconf 88' lang='lat' dir='ltr'><strong>hoc</strong></span> <span class='ocrx_word' id='word_1_137' title='bbox 679 2063 865 2122; x_wconf 87' lang='lat' dir='ltr'><strong>aperte</strong></span> <span class='ocrx_word' id='word_1_138' title='bbox 888 2054 1185 2108; x_wconf 90' lang='lat' dir='ltr'><strong>ostendens</strong></span> <span class='ocrx_word' id='word_1_139' title='bbox 1236 2054 1361 2124; x_wconf 83' lang='lat' dir='ltr'><strong>quia</strong></span> <span class='ocrx_word' id='word_1_140' title='bbox 1419 2070 1448 2108; x_wconf 90' lang='lat' dir='ltr'><strong>a</strong></span> <span class='ocrx_word' id='word_1_141' title='bbox 1508 2070 1707 2125; x_wconf 90' lang='lat' dir='ltr'><strong>corpo-</strong></span> 
     </span>
    </p>
   </div>
   <div class='ocr_carea' id='block_1_21' title="bbox 107 2141 1704 2217">
    <p class='ocr_par' dir='ltr' id='par_1_21' title="bbox 107 2141 1704 2217">
     <span class='ocr_line' id='line_1_21' title="bbox 107 2141 1704 2217; baseline 0.007 -24"><span class='ocrx_word' id='word_1_142' title='bbox 107 2141 304 2195; x_wconf 85' lang='lat' dir='ltr'><strong>ralibus</strong></span> <span class='ocrx_word' id='word_1_143' title='bbox 346 2159 464 2198; x_wconf 89' lang='lat' dir='ltr'><strong>nos</strong></span> <span class='ocrx_word' id='word_1_144' title='bbox 494 2160 688 2199; x_wconf 87' lang='lat' dir='ltr'><strong>vacare</strong></span> <span class='ocrx_word' id='word_1_145' title='bbox 738 2145 1033 2211; x_wconf 84' lang='lat' dir='ltr'><strong>desiderat,</strong></span> <span class='ocrx_word' id='word_1_146' title='bbox 1080 2156 1134 2201; x_wconf 93' lang='lat' dir='ltr'><strong>et</strong></span> <span class='ocrx_word' id='word_1_147' title='bbox 1184 2163 1304 2216; x_wconf 67' lang='lat' dir='ltr'><strong>quae</strong></span> <span class='ocrx_word' id='word_1_148' title='bbox 1327 2148 1394 2204; x_wconf 89' lang='lat' dir='ltr'><strong>ad</strong></span> <span class='ocrx_word' id='word_1_149' title='bbox 1444 2148 1704 2217; x_wconf 88' lang='lat' dir='ltr'><strong>juvamen</strong></span> 
     </span>
    </p>
   </div>
   <div class='ocr_carea' id='block_1_22' title="bbox 110 2236 1706 2309">
    <p class='ocr_par' dir='ltr' id='par_1_22' title="bbox 110 2236 1706 2309">
     <span class='ocr_line' id='line_1_22' title="bbox 110 2236 1706 2309; baseline 0.006 -23"><span class='ocrx_word' id='word_1_150' title='bbox 110 2244 227 2288; x_wconf 82' lang='lat' dir='ltr'><strong>sunt</strong></span> <span class='ocrx_word' id='word_1_151' title='bbox 250 2236 491 2299; x_wconf 69' lang='lat' dir='ltr'><strong>animae,</strong></span> <span class='ocrx_word' id='word_1_152' title='bbox 520 2247 574 2290; x_wconf 91' lang='lat' dir='ltr'><strong>et</strong></span> <span class='ocrx_word' id='word_1_153' title='bbox 610 2238 919 2307; x_wconf 90' lang='lat' dir='ltr'><strong>profectum</strong></span> <span class='ocrx_word' id='word_1_154' title='bbox 963 2240 1311 2308; x_wconf 73' lang='lat' dir='ltr'><strong>pertinentia‘</strong></span> <span class='ocrx_word' id='word_1_155' title='bbox 1334 2242 1569 2309; x_wconf 90' lang='lat' dir='ltr'><strong>operari.</strong></span> <span class='ocrx_word' id='word_1_156' title='bbox 1597 2241 1706 2296; x_wconf 77' lang='lat' dir='ltr'><strong>Ve-</strong></span> 
     </span>
    </p>
   </div>
   <div class='ocr_carea' id='block_1_23' title="bbox 112 2326 1704 2396">
    <p class='ocr_par' dir='ltr' id='par_1_23' title="bbox 112 2326 1704 2396">
     <span class='ocr_line' id='line_1_23' title="bbox 112 2326 1704 2396; baseline 0.006 -18"><span class='ocrx_word' id='word_1_157' title='bbox 112 2342 218 2379; x_wconf 89' lang='lat' dir='ltr'><strong>rum</strong></span> <span class='ocrx_word' id='word_1_158' title='bbox 256 2328 423 2381; x_wconf 89' lang='lat' dir='ltr'><strong>enim</strong></span> <span class='ocrx_word' id='word_1_159' title='bbox 457 2326 759 2383; x_wconf 87' lang='lat' dir='ltr'><strong>Sabbatum</strong></span> <span class='ocrx_word' id='word_1_160' title='bbox 801 2340 905 2394; x_wconf 89' lang='lat' dir='ltr'><strong>est,</strong></span> <span class='ocrx_word' id='word_1_161' title='bbox 936 2330 1074 2384; x_wconf 85' lang='lat' dir='ltr'><strong>nihil</strong></span> <span class='ocrx_word' id='word_1_162' title='bbox 1105 2332 1410 2396; x_wconf 88' lang='lat' dir='ltr'><strong>materiale,</strong></span> <span class='ocrx_word' id='word_1_163' title='bbox 1444 2332 1582 2386; x_wconf 87' lang='lat' dir='ltr'><strong>nihil</strong></span> <span class='ocrx_word' id='word_1_164' title='bbox 1638 2332 1704 2387; x_wconf 87' lang='lat' dir='ltr'><strong>ad</strong></span> 
     </span>
    </p>
   </div>
   <div class='ocr_carea' id='block_1_24' title="bbox 115 2416 1704 2490">
    <p class='ocr_par' dir='ltr' id='par_1_24' title="bbox 115 2416 1704 2490">
     <span class='ocr_line' id='line_1_24' title="bbox 115 2416 1704 2490; baseline 0.004 -23"><span class='ocrx_word' id='word_1_165' title='bbox 115 2422 310 2468; x_wconf 81' lang='lat' dir='ltr'><strong>terram</strong></span> <span class='ocrx_word' id='word_1_166' title='bbox 349 2416 641 2471; x_wconf 89' lang='lat' dir='ltr'><strong>hominem</strong></span> <span class='ocrx_word' id='word_1_167' title='bbox 673 2419 1010 2488; x_wconf 87' lang='lat' dir='ltr'><strong>deprimens,</strong></span> <span class='ocrx_word' id='word_1_168' title='bbox 1071 2429 1126 2473; x_wconf 91' lang='lat' dir='ltr'><strong>et</strong></span> <span class='ocrx_word' id='word_1_169' title='bbox 1164 2419 1230 2473; x_wconf 91' lang='lat' dir='ltr'><strong>ad</strong></span> <span class='ocrx_word' id='word_1_170' title='bbox 1292 2421 1704 2490; x_wconf 84' lang='lat' dir='ltr'><strong>corruptionem</strong></span> 
     </span>
    </p>
   </div>
   <div class='ocr_carea' id='block_1_25' title="bbox 114 2508 1703 2583">
    <p class='ocr_par' dir='ltr' id='par_1_25' title="bbox 114 2508 1703 2583">
     <span class='ocr_line' id='line_1_25' title="bbox 114 2508 1703 2583; baseline 0.004 -23"><span class='ocrx_word' id='word_1_171' title='bbox 114 2508 387 2562; x_wconf 84' lang='lat' dir='ltr'><strong>carnalem</strong></span> <span class='ocrx_word' id='word_1_172' title='bbox 438 2510 661 2564; x_wconf 90' lang='lat' dir='ltr'><strong>trahens</strong></span> <span class='ocrx_word' id='word_1_173' title='bbox 682 2527 863 2581; x_wconf 87' lang='lat' dir='ltr'><strong>agere.</strong></span> <span class='ocrx_word' id='word_1_174' title='bbox 895 2509 1032 2565; x_wconf 89' lang='lat' dir='ltr'><strong>Cum</strong></span> <span class='ocrx_word' id='word_1_175' title='bbox 1062 2510 1165 2565; x_wconf 90' lang='lat' dir='ltr'><strong>hoc</strong></span> <span class='ocrx_word' id='word_1_176' title='bbox 1196 2520 1381 2566; x_wconf 88' lang='lat' dir='ltr'><strong>autem</strong></span> <span class='ocrx_word' id='word_1_177' title='bbox 1408 2511 1539 2583; x_wconf 90' lang='lat' dir='ltr'><strong>quid</strong></span> <span class='ocrx_word' id='word_1_178' title='bbox 1557 2512 1703 2567; x_wconf 85' lang='lat' dir='ltr'><strong>aliud</strong></span> 
     </span>
    </p>
   </div>
   <div class='ocr_carea' id='block_1_26' title="bbox 120 2597 759 2671">
    <p class='ocr_par' dir='ltr' id='par_1_26' title="bbox 120 2597 759 2671">
     <span class='ocr_line' id='line_1_26' title="bbox 120 2597 759 2671; baseline 0.008 -22"><span class='ocrx_word' id='word_1_179' title='bbox 120 2614 253 2653; x_wconf 86' lang='lat' dir='ltr'><strong>nunc</strong></span> <span class='ocrx_word' id='word_1_180' title='bbox 281 2597 442 2654; x_wconf 88' lang='lat' dir='ltr'><strong>Deus</strong></span> <span class='ocrx_word' id='word_1_181' title='bbox 464 2602 723 2671; x_wconf 63' lang='lat' dir='ltr'><strong>praecepit</strong></span> <span class='ocrx_word' id='word_1_182' title='bbox 746 2618 759 2654; x_wconf 90' lang='lat'><strong>:</strong></span> 
     </span>
    </p>
   </div>
   <div class='ocr_carea' id='block_1_27' title="bbox 180 2689 1702 2760">
    <p class='ocr_par' dir='ltr' id='par_1_27' title="bbox 180 2689 1702 2760">
     <span class='ocr_line' id='line_1_27' title="bbox 180 2689 1702 2760; baseline 0.006 -18"><span class='ocrx_word' id='word_1_183' title='bbox 180 2689 430 2746; x_wconf 67' lang='lat' dir='ltr'><strong>VensJ.</strong></span> <span class='ocrx_word' id='word_1_184' title='bbox 461 2711 479 2744; x_wconf 74' lang='grc' dir='ltr'>ι</span> <span class='ocrx_word' id='word_1_185' title='bbox 517 2693 695 2748; x_wconf 87' lang='lat' dir='ltr'><strong>Nolite</strong></span> <span class='ocrx_word' id='word_1_186' title='bbox 742 2694 991 2749; x_wconf 83' lang='lat' dir='ltr'><strong>converti</strong></span> <span class='ocrx_word' id='word_1_187' title='bbox 1049 2694 1116 2750; x_wconf 90' lang='lat' dir='ltr'><strong>ad</strong></span> <span class='ocrx_word' id='word_1_188' title='bbox 1178 2696 1345 2760; x_wconf 90' lang='lat' dir='ltr'><strong>idola,</strong></span> <span class='ocrx_word' id='word_1_189' title='bbox 1411 2711 1516 2751; x_wconf 85' lang='lat' dir='ltr'><strong>nec</strong></span> <span class='ocrx_word' id='word_1_190' title='bbox 1565 2697 1702 2753; x_wconf 90' lang='lat' dir='ltr'><strong>deos</strong></span> 
     </span>
    </p>
   </div>
   <div class='ocr_carea' id='block_1_28' title="bbox 123 2785 1374 2859">
    <p class='ocr_par' dir='ltr' id='par_1_28' title="bbox 123 2785 1374 2859">
     <span class='ocr_line' id='line_1_28' title="bbox 123 2785 1374 2859; baseline 0.004 -21"><span class='ocrx_word' id='word_1_191' title='bbox 123 2785 415 2840; x_wconf 73' lang='lat' dir='ltr'><strong>conflatiles</strong></span> <span class='ocrx_word' id='word_1_192' title='bbox 460 2786 671 2840; x_wconf 87' lang='lat' dir='ltr'><strong>facietis</strong></span> <span class='ocrx_word' id='word_1_193' title='bbox 696 2787 867 2841; x_wconf 85' lang='lat' dir='ltr'><strong>vobis.</strong></span> <span class='ocrx_word' id='word_1_194' title='bbox 900 2788 1013 2859; x_wconf 83' lang='lat' dir='ltr'><strong>Ego</strong></span> <span class='ocrx_word' id='word_1_195' title='bbox 1042 2788 1325 2843; x_wconf 86' lang='lat' dir='ltr'><strong>Dominus.</strong></span> <span class='ocrx_word' id='word_1_196' title='bbox 1354 2808 1374 2843; x_wconf 73' lang='grc' dir='ltr'><strong><em>ι</em></strong></span> 
     </span>
    </p>
   </div>
   <div class='ocr_carea' id='block_1_29' title="bbox 186 2876 1701 2945">
    <p class='ocr_par' dir='ltr' id='par_1_29' title="bbox 186 2876 1701 2945">
     <span class='ocr_line' id='line_1_29' title="bbox 186 2876 1701 2945; baseline 0.005 -16"><span class='ocrx_word' id='word_1_197' title='bbox 186 2876 293 2930; x_wconf 79' lang='lat' dir='ltr'><strong>Non</strong></span> <span class='ocrx_word' id='word_1_198' title='bbox 323 2878 584 2932; x_wconf 82' lang='lat' dir='ltr'><strong>converti</strong></span> <span class='ocrx_word' id='word_1_199' title='bbox 607 2888 786 2933; x_wconf 88' lang='lat' dir='ltr'><strong>autem</strong></span> <span class='ocrx_word' id='word_1_200' title='bbox 823 2880 890 2933; x_wconf 90' lang='lat' dir='ltr'><strong>ad</strong></span> <span class='ocrx_word' id='word_1_201' title='bbox 915 2879 1078 2945; x_wconf 88' lang='lat' dir='ltr'><strong>idola,</strong></span> <span class='ocrx_word' id='word_1_202' title='bbox 1121 2889 1205 2935; x_wconf 90' lang='lat' dir='ltr'><strong>est</strong></span> <span class='ocrx_word' id='word_1_203' title='bbox 1228 2897 1336 2936; x_wconf 93' lang='lat' dir='ltr'><strong>non</strong></span> <span class='ocrx_word' id='word_1_204' title='bbox 1359 2882 1701 2939; x_wconf 86' lang='lat' dir='ltr'><strong>condescen-</strong></span> 
     </span>
    </p>
   </div>
   <div class='ocr_carea' id='block_1_30' title="bbox 136 2969 1701 3046">
    <p class='ocr_par' dir='ltr' id='par_1_30' title="bbox 136 2969 1701 3046">
     <span class='ocr_line' id='line_1_30' title="bbox 136 2969 1701 3046; baseline 0.006 -25"><span class='ocrx_word' id='word_1_205' title='bbox 136 2969 241 3024; x_wconf 84' lang='lat' dir='ltr'><strong>dere</strong></span> <span class='ocrx_word' id='word_1_206' title='bbox 302 2971 397 3025; x_wconf 85' lang='lat' dir='ltr'><strong>his</strong></span> <span class='ocrx_word' id='word_1_207' title='bbox 468 2987 591 3040; x_wconf 68' lang='lat' dir='ltr'><strong>quaa</strong></span> <span class='ocrx_word' id='word_1_208' title='bbox 659 2972 929 3027; x_wconf 89' lang='lat' dir='ltr'><strong>idolorum</strong></span> <span class='ocrx_word' id='word_1_209' title='bbox 988 2974 1073 3028; x_wconf 84' lang='lat' dir='ltr'><strong>lex</strong></span> <span class='ocrx_word' id='word_1_210' title='bbox 1136 2975 1306 3029; x_wconf 90' lang='lat' dir='ltr'><strong>multa</strong></span> <span class='ocrx_word' id='word_1_211' title='bbox 1360 2975 1701 3046; x_wconf 83' lang='lat' dir='ltr'><strong>profanaque</strong></span> 
     </span>
    </p>
   </div>
   <div class='ocr_carea' id='block_1_31' title="bbox 144 3059 1699 3131">
    <p class='ocr_par' dir='ltr' id='par_1_31' title="bbox 144 3059 1699 3131">
     <span class='ocr_line' id='line_1_31' title="bbox 144 3059 1699 3131; baseline 0.006 -20"><span class='ocrx_word' id='word_1_212' title='bbox 144 3059 291 3131; x_wconf 73' lang='lat' dir='ltr'><strong>exigit.</strong></span> <span class='ocrx_word' id='word_1_213' title='bbox 313 3060 431 3115; x_wconf 83' lang='lat' dir='ltr'><strong>Sed</strong></span> <span class='ocrx_word' id='word_1_214' title='bbox 468 3078 570 3116; x_wconf 87' lang='lat' dir='ltr'><strong>nec</strong></span> <span class='ocrx_word' id='word_1_215' title='bbox 592 3062 894 3117; x_wconf 86' lang='lat' dir='ltr'><strong>conflatiles</strong></span> <span class='ocrx_word' id='word_1_216' title='bbox 926 3064 1059 3118; x_wconf 88' lang='lat' dir='ltr'><strong>deos</strong></span> <span class='ocrx_word' id='word_1_217' title='bbox 1091 3063 1353 3121; x_wconf 81' lang='lat' dir='ltr'><strong>faciamus</strong></span> <span class='ocrx_word' id='word_1_218' title='bbox 1390 3067 1569 3131; x_wconf 85' lang='lat' dir='ltr'><strong>nobis,</strong></span> <span class='ocrx_word' id='word_1_219' title='bbox 1590 3083 1699 3121; x_wconf 90' lang='lat' dir='ltr'><strong>non</strong></span> 
     </span>
    </p>
   </div>
   <div class='ocr_carea' id='block_1_32' title="bbox 152 3154 1697 3230">
    <p class='ocr_par' dir='ltr' id='par_1_32' title="bbox 152 3154 1697 3230">
     <span class='ocr_line' id='line_1_32' title="bbox 152 3154 1697 3230; baseline 0.006 -25"><span class='ocrx_word' id='word_1_220' title='bbox 152 3154 289 3209; x_wconf 85' lang='lat' dir='ltr'><strong>solum</strong></span> <span class='ocrx_word' id='word_1_221' title='bbox 316 3156 374 3209; x_wconf 93' lang='lat' dir='ltr'><strong>in</strong></span> <span class='ocrx_word' id='word_1_222' title='bbox 406 3156 727 3210; x_wconf 87' lang='lat' dir='ltr'><strong>animalium</strong></span> <span class='ocrx_word' id='word_1_223' title='bbox 771 3156 984 3223; x_wconf 82' lang='lat' dir='ltr'><strong>formis,</strong></span> <span class='ocrx_word' id='word_1_224' title='bbox 1015 3158 1108 3213; x_wconf 88' lang='lat' dir='ltr'><strong>sed</strong></span> <span class='ocrx_word' id='word_1_225' title='bbox 1142 3175 1244 3213; x_wconf 90' lang='lat' dir='ltr'><strong>nec</strong></span> <span class='ocrx_word' id='word_1_226' title='bbox 1269 3160 1322 3214; x_wconf 92' lang='lat' dir='ltr'><strong>in</strong></span> <span class='ocrx_word' id='word_1_227' title='bbox 1357 3161 1697 3230; x_wconf 90' lang='lat' dir='ltr'><strong>peculiorum</strong></span> 
     </span>
    </p>
   </div>
   <div class='ocr_carea' id='block_1_33' title="bbox 158 3245 1697 3322">
    <p class='ocr_par' dir='ltr' id='par_1_33' title="bbox 158 3245 1697 3322">
     <span class='ocr_line' id='line_1_33' title="bbox 158 3245 1697 3322; baseline 0.006 -26"><span class='ocrx_word' id='word_1_228' title='bbox 158 3245 406 3312; x_wconf 74' lang='lat' dir='ltr'><strong>thesauris,</strong></span> <span class='ocrx_word' id='word_1_229' title='bbox 459 3264 563 3303; x_wconf 89' lang='lat' dir='ltr'><strong>nec</strong></span> <span class='ocrx_word' id='word_1_230' title='bbox 619 3248 672 3301; x_wconf 89' lang='lat' dir='ltr'><strong>in</strong></span> <span class='ocrx_word' id='word_1_231' title='bbox 700 3248 814 3303; x_wconf 89' lang='lat' dir='ltr'><strong>auri</strong></span> <span class='ocrx_word' id='word_1_232' title='bbox 875 3259 970 3304; x_wconf 89' lang='lat' dir='ltr'><strong>aut</strong></span> <span class='ocrx_word' id='word_1_233' title='bbox 1028 3251 1237 3322; x_wconf 81' lang='lat' dir='ltr'><strong>argenti</strong></span> <span class='ocrx_word' id='word_1_234' title='bbox 1292 3252 1531 3306; x_wconf 85' lang='lat' dir='ltr'><strong>massis:</strong></span> <span class='ocrx_word' id='word_1_235' title='bbox 1581 3253 1697 3306; x_wconf 71' lang='lat' dir='ltr'><strong>haec</strong></span> 
     </span>
    </p>
   </div>
   <div class='ocr_carea' id='block_1_34' title="bbox 159 3337 1696 3413">
    <p class='ocr_par' dir='ltr' id='par_1_34' title="bbox 159 3337 1696 3413">
     <span class='ocr_line' id='line_1_34' title="bbox 159 3337 1696 3413; baseline 0.005 -24"><span class='ocrx_word' id='word_1_236' title='bbox 159 3337 279 3390; x_wconf 85' lang='lat' dir='ltr'><strong>enim</strong></span> <span class='ocrx_word' id='word_1_237' title='bbox 306 3340 429 3392; x_wconf 90' lang='lat' dir='ltr'><strong>deos</strong></span> <span class='ocrx_word' id='word_1_238' title='bbox 461 3354 591 3392; x_wconf 88' lang='lat' dir='ltr'><strong>suos</strong></span> <span class='ocrx_word' id='word_1_239' title='bbox 617 3338 824 3392; x_wconf 86' lang='lat' dir='ltr'><strong>faciunt</strong></span> <span class='ocrx_word' id='word_1_240' title='bbox 854 3340 909 3393; x_wconf 90' lang='lat' dir='ltr'><strong>hi</strong></span> <span class='ocrx_word' id='word_1_241' title='bbox 981 3340 1073 3410; x_wconf 92' lang='lat' dir='ltr'><strong>qui</strong></span> <span class='ocrx_word' id='word_1_242' title='bbox 1108 3357 1171 3394; x_wconf 89' lang='lat' dir='ltr'><strong>ea</strong></span> <span class='ocrx_word' id='word_1_243' title='bbox 1221 3350 1577 3413; x_wconf 78' lang='lat' dir='ltr'><strong>congregant,</strong></span> <span class='ocrx_word' id='word_1_244' title='bbox 1643 3344 1696 3396; x_wconf 90' lang='lat' dir='ltr'><strong>in</strong></span> 
     </span>
    </p>
   </div>
   <div class='ocr_carea' id='block_1_35' title="bbox 152 3431 1698 3499">
    <p class='ocr_par' dir='ltr' id='par_1_35' title="bbox 152 3431 1698 3499">
     <span class='ocr_line' id='line_1_35' title="bbox 152 3431 1698 3499; baseline 0.006 -20"><span class='ocrx_word' id='word_1_245' title='bbox 152 3436 319 3484; x_wconf 74' lang='lat' dir='ltr'><strong>tantum</strong></span> <span class='ocrx_word' id='word_1_246' title='bbox 350 3432 455 3485; x_wconf 90' lang='lat' dir='ltr'><strong>sub</strong></span> <span class='ocrx_word' id='word_1_247' title='bbox 481 3446 667 3485; x_wconf 87' lang='lat' dir='ltr'><strong>earum</strong></span> <span class='ocrx_word' id='word_1_248' title='bbox 700 3431 943 3487; x_wconf 91' lang='lat' dir='ltr'><strong>dominio</strong></span> <span class='ocrx_word' id='word_1_249' title='bbox 965 3435 1269 3499; x_wconf 88' lang='lat' dir='ltr'><strong>constituti,</strong></span> <span class='ocrx_word' id='word_1_250' title='bbox 1300 3445 1359 3488; x_wconf 89' lang='lat' dir='ltr'><strong>ut</strong></span> <span class='ocrx_word' id='word_1_251' title='bbox 1390 3434 1698 3489; x_wconf 78' lang='lat' dir='ltr'><strong>titneantex</strong></span> 
     </span>
    </p>
   </div>
   <div class='ocr_carea' id='block_1_36' title="bbox 142 3520 1697 3598">
    <p class='ocr_par' dir='ltr' id='par_1_36' title="bbox 142 3520 1697 3598">
     <span class='ocr_line' id='line_1_36' title="bbox 142 3520 1697 3598; baseline 0.006 -26"><span class='ocrx_word' id='word_1_252' title='bbox 142 3520 204 3572; x_wconf 88' lang='lat' dir='ltr'><strong>eis</strong></span> <span class='ocrx_word' id='word_1_253' title='bbox 230 3524 299 3576; x_wconf 82' lang='lat' dir='ltr'><strong>vel</strong></span> <span class='ocrx_word' id='word_1_254' title='bbox 328 3526 881 3595; x_wconf 88' lang='lat' dir='ltr'><strong>quantulumcunque</strong></span> <span class='ocrx_word' id='word_1_255' title='bbox 939 3526 1278 3598; x_wconf 88' lang='lat' dir='ltr'><strong>contingere.</strong></span> <span class='ocrx_word' id='word_1_256' title='bbox 1332 3526 1474 3594; x_wconf 86' lang='lat' dir='ltr'><strong>Quid</strong></span> <span class='ocrx_word' id='word_1_257' title='bbox 1514 3539 1697 3582; x_wconf 88' lang='lat' dir='ltr'><strong>autem</strong></span> 
     </span>
    </p>
   </div>
   <div class='ocr_carea' id='block_1_37' title="bbox 139 3612 1698 3691">
    <p class='ocr_par' dir='ltr' id='par_1_37' title="bbox 139 3612 1698 3691">
     <span class='ocr_line' id='line_1_37' title="bbox 139 3612 1698 3691; baseline 0.007 -25"><span class='ocrx_word' id='word_1_258' title='bbox 139 3612 232 3669; x_wconf 70' lang='lat' dir='ltr'><strong>haec</strong></span> <span class='ocrx_word' id='word_1_259' title='bbox 264 3634 494 3673; x_wconf 86' lang='lat' dir='ltr'><strong>necesse</strong></span> <span class='ocrx_word' id='word_1_260' title='bbox 525 3619 834 3673; x_wconf 87' lang='lat' dir='ltr'><strong>habemus?</strong></span> <span class='ocrx_word' id='word_1_261' title='bbox 877 3619 970 3689; x_wconf 89' lang='lat' dir='ltr'><strong>qui</strong></span> <span class='ocrx_word' id='word_1_262' title='bbox 1024 3636 1125 3689; x_wconf 92' lang='lat' dir='ltr'><strong>pro</strong></span> <span class='ocrx_word' id='word_1_263' title='bbox 1149 3620 1406 3676; x_wconf 88' lang='lat' dir='ltr'><strong>omnibus</strong></span> <span class='ocrx_word' id='word_1_264' title='bbox 1453 3622 1698 3691; x_wconf 83' lang='lat' dir='ltr'><strong>posside-</strong></span> 
     </span>
    </p>
   </div>
   <div class='ocr_carea' id='block_1_38' title="bbox 134 3710 1699 3785">
    <p class='ocr_par' dir='ltr' id='par_1_38' title="bbox 134 3710 1699 3785">
     <span class='ocr_line' id='line_1_38' title="bbox 134 3710 1699 3785; baseline 0.008 -27"><span class='ocrx_word' id='word_1_265' title='bbox 134 3721 235 3761; x_wconf 87' lang='lat' dir='ltr'><strong>mus</strong></span> <span class='ocrx_word' id='word_1_266' title='bbox 258 3710 466 3765; x_wconf 85' lang='lat' dir='ltr'><strong>divitiis</strong></span> <span class='ocrx_word' id='word_1_267' title='bbox 493 3727 618 3765; x_wconf 90' lang='lat' dir='ltr'><strong>eum</strong></span> <span class='ocrx_word' id='word_1_268' title='bbox 641 3712 735 3781; x_wconf 92' lang='lat' dir='ltr'><strong>qui</strong></span> <span class='ocrx_word' id='word_1_269' title='bbox 776 3712 947 3767; x_wconf 87' lang='lat' dir='ltr'><strong>dicit:</strong></span> <span class='ocrx_word' id='word_1_270' title='bbox 983 3711 1093 3782; x_wconf 89' lang='lat' dir='ltr'><strong>Ego</strong></span> <span class='ocrx_word' id='word_1_271' title='bbox 1137 3714 1443 3769; x_wconf 79' lang='lat' dir='ltr'><strong>Dominus?</strong></span> <span class='ocrx_word' id='word_1_272' title='bbox 1489 3715 1541 3769; x_wconf 90' lang='lat' dir='ltr'><strong>id</strong></span> <span class='ocrx_word' id='word_1_273' title='bbox 1590 3724 1699 3785; x_wconf 84' lang='lat' dir='ltr'><strong>est,</strong></span> 
     </span>
    </p>
   </div>
   <div class='ocr_carea' id='block_1_39' title="bbox 135 3801 1697 3877">
    <p class='ocr_par' dir='ltr' id='par_1_39' title="bbox 135 3801 1697 3877">
     <span class='ocr_line' id='line_1_39' title="bbox 135 3801 1697 3877; baseline 0.007 -24"><span class='ocrx_word' id='word_1_274' title='bbox 135 3801 211 3869; x_wconf 91' lang='lat' dir='ltr'><strong>qui</strong></span> <span class='ocrx_word' id='word_1_275' title='bbox 231 3804 464 3858; x_wconf 82' lang='lat' dir='ltr'><strong>volatilia</strong></span> <span class='ocrx_word' id='word_1_276' title='bbox 505 3805 712 3869; x_wconf 87' lang='lat' dir='ltr'><strong>nutrio,</strong></span> <span class='ocrx_word' id='word_1_277' title='bbox 736 3805 828 3875; x_wconf 90' lang='lat' dir='ltr'><strong>qui</strong></span> <span class='ocrx_word' id='word_1_278' title='bbox 852 3805 964 3859; x_wconf 88' lang='lat' dir='ltr'><strong>lilia</strong></span> <span class='ocrx_word' id='word_1_279' title='bbox 1020 3807 1135 3877; x_wconf 87' lang='lat' dir='ltr'><strong>agri</strong></span> <span class='ocrx_word' id='word_1_280' title='bbox 1172 3808 1367 3870; x_wconf 86' lang='lat' dir='ltr'><strong>vestio,</strong></span> <span class='ocrx_word' id='word_1_281' title='bbox 1398 3808 1489 3877; x_wconf 91' lang='lat' dir='ltr'><strong>qui</strong></span> <span class='ocrx_word' id='word_1_282' title='bbox 1514 3824 1580 3863; x_wconf 83' lang='lat' dir='ltr'><strong>ex</strong></span> <span class='ocrx_word' id='word_1_283' title='bbox 1609 3810 1697 3863; x_wconf 90' lang='lat' dir='ltr'><strong>ni-</strong></span> 
     </span>
    </p>
   </div>
   <div class='ocr_carea' id='block_1_40' title="bbox 136 3889 1697 3967">
    <p class='ocr_par' dir='ltr' id='par_1_40' title="bbox 136 3889 1697 3967">
     <span class='ocr_line' id='line_1_40' title="bbox 136 3889 1697 3967; baseline 0.008 -25"><span class='ocrx_word' id='word_1_284' title='bbox 136 3889 229 3945; x_wconf 84' lang='lat' dir='ltr'><strong>hilo</strong></span> <span class='ocrx_word' id='word_1_285' title='bbox 260 3893 387 3956; x_wconf 89' lang='lat' dir='ltr'><strong>feci,</strong></span> <span class='ocrx_word' id='word_1_286' title='bbox 419 3893 561 3948; x_wconf 84' lang='lat' dir='ltr'><strong>facta</strong></span> <span class='ocrx_word' id='word_1_287' title='bbox 605 3894 834 3958; x_wconf 86' lang='lat' dir='ltr'><strong>nutrivi,</strong></span> <span class='ocrx_word' id='word_1_288' title='bbox 858 3904 1022 3967; x_wconf 90' lang='lat' dir='ltr'><strong>atque</strong></span> <span class='ocrx_word' id='word_1_289' title='bbox 1053 3896 1171 3952; x_wconf 55' lang='lat' dir='ltr'><strong>hac</strong></span> <span class='ocrx_word' id='word_1_290' title='bbox 1193 3897 1373 3952; x_wconf 87' lang='lat' dir='ltr'><strong>omnia</strong></span> <span class='ocrx_word' id='word_1_291' title='bbox 1404 3913 1595 3954; x_wconf 83' lang='lat' dir='ltr'><strong>rursus</strong></span> <span class='ocrx_word' id='word_1_292' title='bbox 1629 3900 1697 3954; x_wconf 87' lang='lat' dir='ltr'><strong>ad</strong></span> 
     </span>
    </p>
   </div>
   <div class='ocr_carea' id='block_1_41' title="bbox 136 3982 952 4058">
    <p class='ocr_par' dir='ltr' id='par_1_41' title="bbox 136 3982 952 4058">
     <span class='ocr_line' id='line_1_41' title="bbox 136 3982 952 4058; baseline 0.01 -23"><span class='ocrx_word' id='word_1_293' title='bbox 136 3982 470 4056; x_wconf 84' lang='lat' dir='ltr'><strong>indigentiam</strong></span> <span class='ocrx_word' id='word_1_294' title='bbox 492 3988 745 4058; x_wconf 77' lang='lat' dir='ltr'><strong>redigere</strong></span> <span class='ocrx_word' id='word_1_295' title='bbox 775 3988 952 4043; x_wconf 87' lang='lat' dir='ltr'><strong>valeo.</strong></span> 
     </span>
    </p>
   </div>
   <div class='ocr_carea' id='block_1_42' title="bbox 194 4077 1695 4154">
    <p class='ocr_par' dir='ltr' id='par_1_42' title="bbox 194 4077 1695 4154">
     <span class='ocr_line' id='line_1_42' title="bbox 194 4077 1695 4154; baseline 0.005 -24"><span class='ocrx_word' id='word_1_296' title='bbox 194 4077 343 4133; x_wconf 66' lang='lat' dir='ltr'><strong>Vens.</strong></span> <span class='ocrx_word' id='word_1_297' title='bbox 372 4079 481 4134; x_wconf 86' lang='lat'><strong>5-8.</strong></span> <span class='ocrx_word' id='word_1_298' title='bbox 523 4097 542 4130; x_wconf 75' lang='grc' dir='ltr'><strong><em>ο</em></strong></span> <span class='ocrx_word' id='word_1_299' title='bbox 571 4079 627 4134; x_wconf 91' lang='lat' dir='ltr'><strong>Si</strong></span> <span class='ocrx_word' id='word_1_300' title='bbox 654 4079 1064 4135; x_wconf 88' lang='lat' dir='ltr'><strong>immolaveritis</strong></span> <span class='ocrx_word' id='word_1_301' title='bbox 1087 4080 1319 4138; x_wconf 89' lang='lat' dir='ltr'><strong>hostiam</strong></span> <span class='ocrx_word' id='word_1_302' title='bbox 1344 4083 1695 4154; x_wconf 89' lang='lat' dir='ltr'><strong>pacificorum</strong></span> 
     </span>
    </p>
   </div>
   <div class='ocr_carea' id='block_1_43' title="bbox 136 4165 1696 4245">
    <p class='ocr_par' dir='ltr' id='par_1_43' title="bbox 136 4165 1696 4245">
     <span class='ocr_line' id='line_1_43' title="bbox 136 4165 1696 4245; baseline 0.008 -27"><span class='ocrx_word' id='word_1_303' title='bbox 136 4165 362 4235; x_wconf 84' lang='lat' dir='ltr'><strong>Domino,</strong></span> <span class='ocrx_word' id='word_1_304' title='bbox 395 4179 457 4224; x_wconf 91' lang='lat' dir='ltr'><strong>ut</strong></span> <span class='ocrx_word' id='word_1_305' title='bbox 487 4171 557 4225; x_wconf 92' lang='lat' dir='ltr'><strong>sit</strong></span> <span class='ocrx_word' id='word_1_306' title='bbox 588 4172 960 4241; x_wconf 87' lang='lat' dir='ltr'><strong>acceptabilis,</strong></span> <span class='ocrx_word' id='word_1_307' title='bbox 985 4188 1050 4227; x_wconf 91' lang='lat' dir='ltr'><strong>eo</strong></span> <span class='ocrx_word' id='word_1_308' title='bbox 1064 4173 1150 4228; x_wconf 91' lang='lat' dir='ltr'><strong>die</strong></span> <span class='ocrx_word' id='word_1_309' title='bbox 1171 4191 1280 4245; x_wconf 91' lang='lat' dir='ltr'><strong>quo</strong></span> <span class='ocrx_word' id='word_1_310' title='bbox 1305 4174 1467 4232; x_wconf 88' lang='lat' dir='ltr'><strong>fuerit</strong></span> <span class='ocrx_word' id='word_1_311' title='bbox 1499 4177 1696 4231; x_wconf 90' lang='lat' dir='ltr'><strong>immo-</strong></span> 
     </span>
    </p>
   </div>
   <div class='ocr_carea' id='block_1_44' title="bbox 139 4257 1695 4337">
    <p class='ocr_par' dir='ltr' id='par_1_44' title="bbox 139 4257 1695 4337">
     <span class='ocr_line' id='line_1_44' title="bbox 139 4257 1695 4337; baseline 0.006 -26"><span class='ocrx_word' id='word_1_312' title='bbox 139 4257 242 4325; x_wconf 81' lang='lat' dir='ltr'><strong>lata,</strong></span> <span class='ocrx_word' id='word_1_313' title='bbox 265 4262 569 4317; x_wconf 85' lang='lat' dir='ltr'><strong>comedetis</strong></span> <span class='ocrx_word' id='word_1_314' title='bbox 598 4277 741 4328; x_wconf 89' lang='lat' dir='ltr'><strong>eam,</strong></span> <span class='ocrx_word' id='word_1_315' title='bbox 775 4273 831 4318; x_wconf 89' lang='lat' dir='ltr'><strong>et</strong></span> <span class='ocrx_word' id='word_1_316' title='bbox 859 4264 948 4319; x_wconf 91' lang='lat' dir='ltr'><strong>die</strong></span> <span class='ocrx_word' id='word_1_317' title='bbox 980 4264 1174 4321; x_wconf 89' lang='lat' dir='ltr'><strong>altero.</strong></span> <span class='ocrx_word' id='word_1_318' title='bbox 1204 4265 1483 4337; x_wconf 86' lang='lat' dir='ltr'><strong>Quidquid</strong></span> <span class='ocrx_word' id='word_1_319' title='bbox 1506 4277 1695 4322; x_wconf 87' lang='lat' dir='ltr'><strong>autem</strong></span> 
     </span>
    </p>
   </div>
   <div class='ocr_carea' id='block_1_45' title="bbox 142 4353 1692 4431">
    <p class='ocr_par' dir='ltr' id='par_1_45' title="bbox 142 4353 1692 4431">
     <span class='ocr_line' id='line_1_45' title="bbox 142 4353 1692 4431; baseline 0.01 -30"><span class='ocrx_word' id='word_1_320' title='bbox 142 4353 387 4410; x_wconf 72' lang='lat' dir='ltr'><strong>residuum</strong></span> <span class='ocrx_word' id='word_1_321' title='bbox 418 4354 588 4410; x_wconf 89' lang='lat' dir='ltr'><strong>fuerit</strong></span> <span class='ocrx_word' id='word_1_322' title='bbox 613 4355 668 4409; x_wconf 92' lang='lat' dir='ltr'><strong>in</strong></span> <span class='ocrx_word' id='word_1_323' title='bbox 693 4356 838 4411; x_wconf 88' lang='lat' dir='ltr'><strong>diem</strong></span> <span class='ocrx_word' id='word_1_324' title='bbox 882 4358 1128 4424; x_wconf 90' lang='lat' dir='ltr'><strong>tertium,</strong></span> <span class='ocrx_word' id='word_1_325' title='bbox 1162 4359 1285 4431; x_wconf 88' lang='lat' dir='ltr'><strong>igne</strong></span> <span class='ocrx_word' id='word_1_326' title='bbox 1333 4361 1692 4416; x_wconf 87' lang='lat' dir='ltr'><strong>comburelis.</strong></span> 
     </span>
    </p>
   </div>
   <div class='ocr_carea' id='block_1_46' title="bbox 146 4440 1682 4523">
    <p class='ocr_par' dir='ltr' id='par_1_46' title="bbox 146 4440 1682 4523">
     <span class='ocr_line' id='line_1_46' title="bbox 146 4440 1682 4523; baseline 0.008 -28"><span class='ocrx_word' id='word_1_327' title='bbox 146 4440 325 4516; x_wconf 88' lang='lat' dir='ltr'><strong>Siquis</strong></span> <span class='ocrx_word' id='word_1_328' title='bbox 353 4457 472 4519; x_wconf 88' lang='lat' dir='ltr'><strong>post</strong></span> <span class='ocrx_word' id='word_1_329' title='bbox 504 4448 731 4503; x_wconf 86' lang='lat' dir='ltr'><strong>biduum</strong></span> <span class='ocrx_word' id='word_1_330' title='bbox 789 4451 1090 4505; x_wconf 89' lang='lat' dir='ltr'><strong>comederit</strong></span> <span class='ocrx_word' id='word_1_331' title='bbox 1135 4467 1200 4505; x_wconf 81' lang='lat' dir='ltr'><strong>ex</strong></span> <span class='ocrx_word' id='word_1_332' title='bbox 1258 4468 1362 4517; x_wconf 89' lang='lat' dir='ltr'><strong>ea,</strong></span> <span class='ocrx_word' id='word_1_333' title='bbox 1415 4452 1682 4523; x_wconf 89' lang='lat' dir='ltr'><strong>profanus</strong></span> 
     </span>
    </p>
   </div>
   <div class='ocr_carea' id='block_1_47' title="bbox 139 4538 1691 4619">
    <p class='ocr_par' dir='ltr' id='par_1_47' title="bbox 139 4538 1691 4619">
     <span class='ocr_line' id='line_1_47' title="bbox 139 4538 1691 4619; baseline 0.006 -28"><span class='ocrx_word' id='word_1_334' title='bbox 139 4538 241 4603; x_wconf 87' lang='lat' dir='ltr'><strong>erit,</strong></span> <span class='ocrx_word' id='word_1_335' title='bbox 287 4549 341 4594; x_wconf 90' lang='lat' dir='ltr'><strong>et</strong></span> <span class='ocrx_word' id='word_1_336' title='bbox 393 4540 695 4610; x_wconf 85' lang='lat' dir='ltr'><strong>impietatis</strong></span> <span class='ocrx_word' id='word_1_337' title='bbox 749 4556 901 4607; x_wconf 88' lang='lat' dir='ltr'><strong>reus,</strong></span> <span class='ocrx_word' id='word_1_338' title='bbox 950 4544 1299 4619; x_wconf 85' lang='lat' dir='ltr'><strong>portabitque</strong></span> <span class='ocrx_word' id='word_1_339' title='bbox 1340 4546 1691 4616; x_wconf 83' lang='lat' dir='ltr'><strong>iniquitatem</strong></span> 
     </span>
    </p>
   </div>
   <div class='ocr_carea' id='block_1_48' title="bbox 1814 669 3400 755">
    <p class='ocr_par' dir='ltr' id='par_1_48' title="bbox 1814 669 3400 755">
     <span class='ocr_line' id='line_1_48' title="bbox 1814 669 3400 755; baseline 0.001 -31"><span class='ocrx_word' id='word_1_340' title='bbox 1814 669 1953 725; x_wconf 88' lang='lat' dir='ltr'><strong>Hinc</strong></span> <span class='ocrx_word' id='word_1_341' title='bbox 1981 681 2261 738; x_wconf 90' lang='lat' dir='ltr'><strong>autem,ut</strong></span> <span class='ocrx_word' id='word_1_342' title='bbox 2287 672 2358 727; x_wconf 88' lang='lat' dir='ltr'><strong>sit</strong></span> <span class='ocrx_word' id='word_1_343' title='bbox 2384 672 2682 755; x_wconf 77' lang='lat' dir='ltr'><strong>placabilis,</strong></span> <span class='ocrx_word' id='word_1_344' title='bbox 2718 679 2937 743; x_wconf 80' lang='lat' dir='ltr'><strong>oportet</strong></span> <span class='ocrx_word' id='word_1_345' title='bbox 2966 672 3262 733; x_wconf 89' lang='lat' dir='ltr'><strong>immolari,</strong></span> <span class='ocrx_word' id='word_1_346' title='bbox 3283 672 3400 726; x_wconf 68' lang='lat' dir='ltr'><strong>haec</strong></span> 
     </span>
    </p>
   </div>
   <div class='ocr_carea' id='block_1_49' title="bbox 1812 764 3399 836">
    <p class='ocr_par' dir='ltr' id='par_1_49' title="bbox 1812 764 3399 836">
     <span class='ocr_line' id='line_1_49' title="bbox 1812 764 3399 836; baseline 0 -19"><span class='ocrx_word' id='word_1_347' title='bbox 1812 766 2001 834; x_wconf 86' lang='lat' dir='ltr'><strong>utique</strong></span> <span class='ocrx_word' id='word_1_348' title='bbox 2055 766 2374 820; x_wconf 90' lang='lat' dir='ltr'><strong>omnimodo</strong></span> <span class='ocrx_word' id='word_1_349' title='bbox 2424 776 2802 835; x_wconf 84' lang='lat' dir='ltr'><strong>assequentes,</strong></span> <span class='ocrx_word' id='word_1_350' title='bbox 2854 782 2975 836; x_wconf 75' lang='lat' dir='ltr'><strong>qua:</strong></span> <span class='ocrx_word' id='word_1_351' title='bbox 3038 764 3399 836; x_wconf 88' lang='lat' dir='ltr'><strong>acceptabilia</strong></span> 
     </span>
    </p>
   </div>
   <div class='ocr_carea' id='block_1_50' title="bbox 1814 858 3401 929">
    <p class='ocr_par' dir='ltr' id='par_1_50' title="bbox 1814 858 3401 929">
     <span class='ocr_line' id='line_1_50' title="bbox 1814 858 3401 929; baseline -0.001 -17"><span class='ocrx_word' id='word_1_352' title='bbox 1814 858 1925 913; x_wconf 93' lang='lat' dir='ltr'><strong>Deo</strong></span> <span class='ocrx_word' id='word_1_353' title='bbox 1955 868 2101 920; x_wconf 89' lang='lat' dir='ltr'><strong>sunt,</strong></span> <span class='ocrx_word' id='word_1_354' title='bbox 2124 859 2191 913; x_wconf 87' lang='lat' dir='ltr'><strong>de</strong></span> <span class='ocrx_word' id='word_1_355' title='bbox 2224 874 2331 929; x_wconf 90' lang='lat' dir='ltr'><strong>quo</strong></span> <span class='ocrx_word' id='word_1_356' title='bbox 2352 859 2494 914; x_wconf 78' lang='lat' dir='ltr'><strong>dixit</strong></span> <span class='ocrx_word' id='word_1_357' title='bbox 2514 859 2733 925; x_wconf 88' lang='lat' dir='ltr'><strong>Paulus,</strong></span> <span class='ocrx_word' id='word_1_358' title='bbox 2765 874 2887 913; x_wconf 90' lang='lat' dir='ltr'><strong>cum</strong></span> <span class='ocrx_word' id='word_1_359' title='bbox 2916 874 3026 928; x_wconf 92' lang='lat' dir='ltr'><strong>quo</strong></span> <span class='ocrx_word' id='word_1_360' title='bbox 3048 858 3208 913; x_wconf 89' lang='lat' dir='ltr'><strong>modo</strong></span> <span class='ocrx_word' id='word_1_361' title='bbox 3236 872 3401 927; x_wconf 84' lang='lat' dir='ltr'><strong>opor-</strong></span> 
     </span>
    </p>
   </div>
   <div class='ocr_carea' id='block_1_51' title="bbox 1813 950 3396 1027">
    <p class='ocr_par' dir='ltr' id='par_1_51' title="bbox 1813 950 3396 1027">
     <span class='ocr_line' id='line_1_51' title="bbox 1813 950 3396 1027; baseline 0 -23"><span class='ocrx_word' id='word_1_362' title='bbox 1813 959 1958 1005; x_wconf 88' lang='lat' dir='ltr'><strong>teret</strong></span> <span class='ocrx_word' id='word_1_363' title='bbox 1996 953 2211 1021; x_wconf 87' lang='lat' dir='ltr'><strong>assequi</strong></span> <span class='ocrx_word' id='word_1_364' title='bbox 2241 964 2505 1007; x_wconf 86' lang='lat' dir='ltr'><strong>remotam</strong></span> <span class='ocrx_word' id='word_1_365' title='bbox 2559 961 2616 1007; x_wconf 82' lang='lat' dir='ltr'><strong>et</strong></span> <span class='ocrx_word' id='word_1_366' title='bbox 2655 953 2893 1027; x_wconf 84' lang='lat' dir='ltr'><strong>quietam</strong></span> <span class='ocrx_word' id='word_1_367' title='bbox 2929 953 3119 1017; x_wconf 83' lang='lat' dir='ltr'><strong>vitam,</strong></span> <span class='ocrx_word' id='word_1_368' title='bbox 3154 952 3210 1005; x_wconf 93' lang='lat' dir='ltr'><strong>in</strong></span> <span class='ocrx_word' id='word_1_369' title='bbox 3247 950 3396 1006; x_wconf 90' lang='lat' dir='ltr'><strong>omni</strong></span> 
     </span>
    </p>
   </div>
   <div class='ocr_carea' id='block_1_52' title="bbox 1811 1042 3391 1115">
    <p class='ocr_par' dir='ltr' id='par_1_52' title="bbox 1811 1042 3391 1115">
     <span class='ocr_line' id='line_1_52' title="bbox 1811 1042 3391 1115; baseline -0.001 -18"><span class='ocrx_word' id='word_1_370' title='bbox 1811 1043 2014 1115; x_wconf 83' lang='lat' dir='ltr'><strong>pietate</strong></span> <span class='ocrx_word' id='word_1_371' title='bbox 2048 1053 2101 1099; x_wconf 91' lang='lat' dir='ltr'><strong>et</strong></span> <span class='ocrx_word' id='word_1_372' title='bbox 2128 1044 2410 1115; x_wconf 84' lang='lat' dir='ltr'><strong>pudicitia,</strong></span> <span class='ocrx_word' id='word_1_373' title='bbox 2463 1044 2751 1098; x_wconf 87' lang='lat' dir='ltr'><strong>Timotheo</strong></span> <span class='ocrx_word' id='word_1_374' title='bbox 2803 1044 3047 1099; x_wconf 89' lang='lat' dir='ltr'><strong>scribens</strong></span> <span class='ocrx_word' id='word_1_375' title='bbox 3098 1042 3344 1097; x_wconf 82' lang='lat' dir='ltr'><strong>ostendit</strong></span> <span class='ocrx_word' id='word_1_376' title='bbox 3377 1057 3391 1071; x_wconf 74' lang='grc' dir='ltr'><strong>ο</strong></span> 
     </span>
    </p>
   </div>
   <div class='ocr_carea' id='block_1_53' title="bbox 1810 1132 3391 1205">
    <p class='ocr_par' dir='ltr' id='par_1_53' title="bbox 1810 1132 3391 1205">
     <span class='ocr_line' id='line_1_53' title="bbox 1810 1132 3391 1205; baseline -0.003 -16"><span class='ocrx_word' id='word_1_377' title='bbox 1810 1138 1924 1189; x_wconf 88' lang='lat' dir='ltr'><strong>Hoc</strong></span> <span class='ocrx_word' id='word_1_378' title='bbox 1950 1135 2140 1189; x_wconf 88' lang='lat' dir='ltr'><strong>bonum</strong></span> <span class='ocrx_word' id='word_1_379' title='bbox 2184 1145 2233 1189; x_wconf 88' lang='lat' dir='ltr'><strong>et</strong></span> <span class='ocrx_word' id='word_1_380' title='bbox 2263 1146 2533 1205; x_wconf 83' lang='lat' dir='ltr'><strong>acceptum</strong></span> <span class='ocrx_word' id='word_1_381' title='bbox 2572 1153 2751 1188; x_wconf 87' lang='lat' dir='ltr'><strong>coram</strong></span> <span class='ocrx_word' id='word_1_382' title='bbox 2774 1133 3049 1188; x_wconf 76' lang='lat' dir='ltr'><strong>Saluatore</strong></span> <span class='ocrx_word' id='word_1_383' title='bbox 3072 1143 3244 1187; x_wconf 76' lang='lat' dir='ltr'><strong>nostra</strong></span> <span class='ocrx_word' id='word_1_384' title='bbox 3266 1132 3391 1195; x_wconf 86' lang='lat' dir='ltr'><strong>Deo,</strong></span> 
     </span>
    </p>
   </div>
   <div class='ocr_carea' id='block_1_54' title="bbox 1811 1223 3395 1294">
    <p class='ocr_par' dir='ltr' id='par_1_54' title="bbox 1811 1223 3395 1294">
     <span class='ocr_line' id='line_1_54' title="bbox 1811 1223 3395 1294; baseline -0.004 -14"><span class='ocrx_word' id='word_1_385' title='bbox 1811 1228 2094 1292; x_wconf 75' lang='lat' dir='ltr'><strong>quiomnes</strong></span> <span class='ocrx_word' id='word_1_386' title='bbox 2124 1227 2353 1281; x_wconf 74' lang='lat' dir='ltr'><strong>homines</strong></span> <span class='ocrx_word' id='word_1_387' title='bbox 2385 1226 2492 1279; x_wconf 73' lang='lat' dir='ltr'><strong>uult</strong></span> <span class='ocrx_word' id='word_1_388' title='bbox 2522 1225 2689 1279; x_wconf 79' lang='lat' dir='ltr'><strong>salvos</strong></span> <span class='ocrx_word' id='word_1_389' title='bbox 2721 1225 2857 1294; x_wconf 84' lang='lat' dir='ltr'><strong>ﬁeri,</strong></span> <span class='ocrx_word' id='word_1_390' title='bbox 2898 1234 2945 1278; x_wconf 85' lang='lat' dir='ltr'><strong>et</strong></span> <span class='ocrx_word' id='word_1_391' title='bbox 2975 1225 3044 1277; x_wconf 91' lang='lat' dir='ltr'><strong>ad</strong></span> <span class='ocrx_word' id='word_1_392' title='bbox 3074 1223 3395 1293; x_wconf 82' lang='lat' dir='ltr'><strong>agnitionem</strong></span> 
     </span>
    </p>
   </div>
   <div class='ocr_carea' id='block_1_55' title="bbox 1811 1315 3397 1388">
    <p class='ocr_par' dir='ltr' id='par_1_55' title="bbox 1811 1315 3397 1388">
     <span class='ocr_line' id='line_1_55' title="bbox 1811 1315 3397 1388; baseline -0.002 -16"><span class='ocrx_word' id='word_1_393' title='bbox 1811 1320 2048 1373; x_wconf 80' lang='lat' dir='ltr'><strong>veritatis</strong></span> <span class='ocrx_word' id='word_1_394' title='bbox 2075 1321 2248 1373; x_wconf 81' lang='lat' dir='ltr'><strong>venire</strong></span> <span class='ocrx_word' id='word_1_395' title='bbox 2277 1320 2341 1373; x_wconf 80' lang='grc'><strong>⁷⁸.</strong></span> <span class='ocrx_word' id='word_1_396' title='bbox 2376 1318 2481 1373; x_wconf 89' lang='lat' dir='ltr'><strong>Sed</strong></span> <span class='ocrx_word' id='word_1_397' title='bbox 2505 1320 2547 1373; x_wconf 92' lang='lat' dir='ltr'><strong>si</strong></span> <span class='ocrx_word' id='word_1_398' title='bbox 2582 1319 2719 1372; x_wconf 87' lang='lat' dir='ltr'><strong>dicis</strong></span> <span class='ocrx_word' id='word_1_399' title='bbox 2752 1336 2763 1370; x_wconf 88' lang='lat'><strong>:</strong></span> <span class='ocrx_word' id='word_1_400' title='bbox 2806 1316 2974 1388; x_wconf 80' lang='lat' dir='ltr'><strong>Cujus</strong></span> <span class='ocrx_word' id='word_1_401' title='bbox 3000 1316 3076 1370; x_wconf 89' lang='lat' dir='ltr'><strong>rei</strong></span> <span class='ocrx_word' id='word_1_402' title='bbox 3102 1315 3269 1386; x_wconf 85' lang='lat' dir='ltr'><strong>gratia</strong></span> <span class='ocrx_word' id='word_1_403' title='bbox 3307 1330 3397 1369; x_wconf 88' lang='lat' dir='ltr'><strong>ac-</strong></span> 
     </span>
    </p>
   </div>
   <div class='ocr_carea' id='block_1_56' title="bbox 1811 1404 3398 1478">
    <p class='ocr_par' dir='ltr' id='par_1_56' title="bbox 1811 1404 3398 1478">
     <span class='ocr_line' id='line_1_56' title="bbox 1811 1404 3398 1478; baseline -0.003 -17"><span class='ocrx_word' id='word_1_404' title='bbox 1811 1416 1967 1477; x_wconf 91' lang='lat' dir='ltr'><strong>cepta</strong></span> <span class='ocrx_word' id='word_1_405' title='bbox 2002 1418 2202 1471; x_wconf 88' lang='lat' dir='ltr'><strong>vestra,</strong></span> <span class='ocrx_word' id='word_1_406' title='bbox 2225 1407 2526 1463; x_wconf 88' lang='lat' dir='ltr'><strong>secundum</strong></span> <span class='ocrx_word' id='word_1_407' title='bbox 2559 1407 2913 1478; x_wconf 83' lang='lat' dir='ltr'><strong>Septuaginta</strong></span> <span class='ocrx_word' id='word_1_408' title='bbox 2935 1406 3210 1477; x_wconf 84' lang='lat' dir='ltr'><strong>legislator</strong></span> <span class='ocrx_word' id='word_1_409' title='bbox 3226 1404 3398 1459; x_wconf 78' lang='lat' dir='ltr'><strong>dixit?</strong></span> 
     </span>
    </p>
   </div>
   <div class='ocr_carea' id='block_1_57' title="bbox 1809 1498 3397 1572">
    <p class='ocr_par' dir='ltr' id='par_1_57' title="bbox 1809 1498 3397 1572">
     <span class='ocr_line' id='line_1_57' title="bbox 1809 1498 3397 1572; baseline -0.003 -16"><span class='ocrx_word' id='word_1_410' title='bbox 1809 1499 1973 1567; x_wconf 87' lang='lat' dir='ltr'><strong>Scito,</strong></span> <span class='ocrx_word' id='word_1_411' title='bbox 1995 1501 2118 1571; x_wconf 91' lang='lat' dir='ltr'><strong>quia</strong></span> <span class='ocrx_word' id='word_1_412' title='bbox 2136 1501 2527 1556; x_wconf 86' lang='lat' dir='ltr'><strong>conscientiam</strong></span> <span class='ocrx_word' id='word_1_413' title='bbox 2553 1502 2826 1572; x_wconf 76' lang='lat' dir='ltr'><strong>designat,</strong></span> <span class='ocrx_word' id='word_1_414' title='bbox 2848 1516 2944 1570; x_wconf 87' lang='lat' dir='ltr'><strong>per</strong></span> <span class='ocrx_word' id='word_1_415' title='bbox 2962 1515 3123 1569; x_wconf 89' lang='lat' dir='ltr'><strong>quam</strong></span> <span class='ocrx_word' id='word_1_416' title='bbox 3144 1514 3265 1569; x_wconf 69' lang='lat' dir='ltr'><strong>quae</strong></span> <span class='ocrx_word' id='word_1_417' title='bbox 3288 1498 3397 1551; x_wconf 89' lang='lat' dir='ltr'><strong>siut</strong></span> 
     </span>
    </p>
   </div>
   <div class='ocr_carea' id='block_1_58' title="bbox 1810 1591 3395 1665">
    <p class='ocr_par' dir='ltr' id='par_1_58' title="bbox 1810 1591 3395 1665">
     <span class='ocr_line' id='line_1_58' title="bbox 1810 1591 3395 1665; baseline 0 -19"><span class='ocrx_word' id='word_1_418' title='bbox 1810 1592 1923 1647; x_wconf 92' lang='lat' dir='ltr'><strong>Deo</strong></span> <span class='ocrx_word' id='word_1_419' title='bbox 1946 1603 2188 1663; x_wconf 85' lang='lat' dir='ltr'><strong>accepta,</strong></span> <span class='ocrx_word' id='word_1_420' title='bbox 2217 1595 2593 1665; x_wconf 90' lang='lat' dir='ltr'><strong>unusquisque</strong></span> <span class='ocrx_word' id='word_1_421' title='bbox 2612 1603 2791 1665; x_wconf 92' lang='lat' dir='ltr'><strong>potest</strong></span> <span class='ocrx_word' id='word_1_422' title='bbox 2817 1593 2980 1655; x_wconf 90' lang='lat' dir='ltr'><strong>scire,</strong></span> <span class='ocrx_word' id='word_1_423' title='bbox 3009 1603 3233 1662; x_wconf 88' lang='lat' dir='ltr'><strong>pr0pter</strong></span> <span class='ocrx_word' id='word_1_424' title='bbox 3249 1591 3395 1661; x_wconf 89' lang='lat' dir='ltr'><strong>quod</strong></span> 
     </span>
    </p>
   </div>
   <div class='ocr_carea' id='block_1_59' title="bbox 1808 1685 3395 1753">
    <p class='ocr_par' dir='ltr' id='par_1_59' title="bbox 1808 1685 3395 1753">
     <span class='ocr_line' id='line_1_59' title="bbox 1808 1685 3395 1753; baseline -0.003 -13"><span class='ocrx_word' id='word_1_425' title='bbox 1808 1685 2045 1741; x_wconf 80' lang='lat' dir='ltr'><strong>Joannes</strong></span> <span class='ocrx_word' id='word_1_426' title='bbox 2070 1686 2286 1743; x_wconf 87' lang='lat' dir='ltr'><strong>dicebat</strong></span> <span class='ocrx_word' id='word_1_427' title='bbox 2317 1685 2594 1749; x_wconf 76' lang='lat' dir='ltr'><strong>:Fratres,</strong></span> <span class='ocrx_word' id='word_1_428' title='bbox 2626 1688 2672 1740; x_wconf 75' lang='lat' dir='ltr'><strong>si</strong></span> <span class='ocrx_word' id='word_1_429' title='bbox 2701 1704 2788 1740; x_wconf 89' lang='lat' dir='ltr'><strong>cor</strong></span> <span class='ocrx_word' id='word_1_430' title='bbox 2839 1696 3070 1739; x_wconf 77' lang='lat' dir='ltr'><strong>nostrum</strong></span> <span class='ocrx_word' id='word_1_431' title='bbox 3096 1702 3197 1750; x_wconf 73' lang='lat' dir='ltr'><strong>non</strong></span> <span class='ocrx_word' id='word_1_432' title='bbox 3218 1701 3395 1753; x_wconf 82' lang='lat' dir='ltr'><strong>repre-</strong></span> 
     </span>
    </p>
   </div>
   <div class='ocr_carea' id='block_1_60' title="bbox 1808 1776 3393 1849">
    <p class='ocr_par' dir='ltr' id='par_1_60' title="bbox 1808 1776 3393 1849">
     <span class='ocr_line' id='line_1_60' title="bbox 1808 1776 3393 1849; baseline -0.003 -17"><span class='ocrx_word' id='word_1_433' title='bbox 1808 1780 2120 1843; x_wconf 77' lang='lat' dir='ltr'><strong>henditnos,</strong></span> <span class='ocrx_word' id='word_1_434' title='bbox 2160 1780 2411 1849; x_wconf 79' lang='lat' dir='ltr'><strong>ﬁduciam</strong></span> <span class='ocrx_word' id='word_1_435' title='bbox 2439 1779 2687 1833; x_wconf 78' lang='lat' dir='ltr'><strong>habemus</strong></span> <span class='ocrx_word' id='word_1_436' title='bbox 2742 1780 2809 1832; x_wconf 91' lang='lat' dir='ltr'><strong>ad</strong></span> <span class='ocrx_word' id='word_1_437' title='bbox 2864 1777 3033 1831; x_wconf 81' lang='lat' dir='ltr'><strong>Deum</strong></span> <span class='ocrx_word' id='word_1_438' title='bbox 3064 1778 3133 1829; x_wconf 86' lang='lat'><strong>&#39;”.</strong></span> <span class='ocrx_word' id='word_1_439' title='bbox 3193 1776 3393 1831; x_wconf 87' lang='lat' dir='ltr'><strong>Come-</strong></span> 
     </span>
    </p>
   </div>
   <div class='ocr_carea' id='block_1_61' title="bbox 1810 1871 3389 1941">
    <p class='ocr_par' dir='ltr' id='par_1_61' title="bbox 1810 1871 3389 1941">
     <span class='ocr_line' id='line_1_61' title="bbox 1810 1871 3389 1941; baseline -0.004 -13"><span class='ocrx_word' id='word_1_440' title='bbox 1810 1876 1939 1929; x_wconf 91' lang='lat' dir='ltr'><strong>dere</strong></span> <span class='ocrx_word' id='word_1_441' title='bbox 1968 1884 2149 1929; x_wconf 90' lang='lat' dir='ltr'><strong>autem</strong></span> <span class='ocrx_word' id='word_1_442' title='bbox 2182 1876 2249 1929; x_wconf 90' lang='lat' dir='ltr'><strong>de</strong></span> <span class='ocrx_word' id='word_1_443' title='bbox 2280 1873 2570 1936; x_wconf 83' lang='lat' dir='ltr'><strong>sacrificio,</strong></span> <span class='ocrx_word' id='word_1_444' title='bbox 2594 1888 2660 1927; x_wconf 91' lang='lat' dir='ltr'><strong>eo</strong></span> <span class='ocrx_word' id='word_1_445' title='bbox 2691 1872 2779 1927; x_wconf 90' lang='lat' dir='ltr'><strong>die</strong></span> <span class='ocrx_word' id='word_1_446' title='bbox 2808 1871 3271 1941; x_wconf 81' lang='lat' dir='ltr'><strong>quoimmolatum</strong></span> <span class='ocrx_word' id='word_1_447' title='bbox 3286 1876 3389 1931; x_wconf 86' lang='lat' dir='ltr'><strong>est,</strong></span> 
     </span>
    </p>
   </div>
   <div class='ocr_carea' id='block_1_62' title="bbox 1809 1963 3391 2038">
    <p class='ocr_par' dir='ltr' id='par_1_62' title="bbox 1809 1963 3391 2038">
     <span class='ocr_line' id='line_1_62' title="bbox 1809 1963 3391 2038; baseline -0.005 -14"><span class='ocrx_word' id='word_1_448' title='bbox 1809 1980 1863 2024; x_wconf 92' lang='lat' dir='ltr'><strong>et</strong></span> <span class='ocrx_word' id='word_1_449' title='bbox 1896 1969 2024 2034; x_wconf 93' lang='lat' dir='ltr'><strong>alio,</strong></span> <span class='ocrx_word' id='word_1_450' title='bbox 2062 1978 2166 2034; x_wconf 91' lang='lat' dir='ltr'><strong>est,</strong></span> <span class='ocrx_word' id='word_1_451' title='bbox 2205 1977 2265 2023; x_wconf 93' lang='lat' dir='ltr'><strong>ut</strong></span> <span class='ocrx_word' id='word_1_452' title='bbox 2291 1970 2343 2022; x_wconf 92' lang='lat' dir='ltr'><strong>in</strong></span> <span class='ocrx_word' id='word_1_453' title='bbox 2371 1968 2627 2038; x_wconf 68' lang='lat' dir='ltr'><strong>praesenti</strong></span> <span class='ocrx_word' id='word_1_454' title='bbox 2681 1968 2811 2031; x_wconf 88' lang='lat' dir='ltr'><strong>vita,</strong></span> <span class='ocrx_word' id='word_1_455' title='bbox 2837 1980 3176 2035; x_wconf 65' lang='lat' dir='ltr'><strong>quaecunque</strong></span> <span class='ocrx_word' id='word_1_456' title='bbox 3201 1963 3267 2017; x_wconf 88' lang='lat' dir='ltr'><strong>ad</strong></span> <span class='ocrx_word' id='word_1_457' title='bbox 3304 1978 3391 2017; x_wconf 90' lang='lat' dir='ltr'><strong>sa-</strong></span> 
     </span>
    </p>
   </div>
   <div class='ocr_carea' id='block_1_63' title="bbox 1808 2056 3393 2135">
    <p class='ocr_par' dir='ltr' id='par_1_63' title="bbox 1808 2056 3393 2135">
     <span class='ocr_line' id='line_1_63' title="bbox 1808 2056 3393 2135; baseline -0.004 -18"><span class='ocrx_word' id='word_1_458' title='bbox 1808 2064 1976 2120; x_wconf 89' lang='lat' dir='ltr'><strong>lutem</strong></span> <span class='ocrx_word' id='word_1_459' title='bbox 2012 2064 2293 2135; x_wconf 90' lang='lat' dir='ltr'><strong>pertinent</strong></span> <span class='ocrx_word' id='word_1_460' title='bbox 2320 2079 2632 2133; x_wconf 88' lang='lat' dir='ltr'><strong>operemur.</strong></span> <span class='ocrx_word' id='word_1_461' title='bbox 2666 2060 2838 2115; x_wconf 84' lang='lat' dir='ltr'><strong>Hodie</strong></span> <span class='ocrx_word' id='word_1_462' title='bbox 2877 2070 3061 2113; x_wconf 89' lang='lat' dir='ltr'><strong>autem</strong></span> <span class='ocrx_word' id='word_1_463' title='bbox 3115 2066 3170 2111; x_wconf 91' lang='lat' dir='ltr'><strong>et</strong></span> <span class='ocrx_word' id='word_1_464' title='bbox 3198 2056 3393 2112; x_wconf 88' lang='lat' dir='ltr'><strong>crasti-</strong></span> 
     </span>
    </p>
   </div>
   <div class='ocr_carea' id='block_1_64' title="bbox 1807 2149 3391 2225">
    <p class='ocr_par' dir='ltr' id='par_1_64' title="bbox 1807 2149 3391 2225">
     <span class='ocr_line' id='line_1_64' title="bbox 1807 2149 3391 2225; baseline -0.005 -17"><span class='ocrx_word' id='word_1_465' title='bbox 1807 2171 1960 2220; x_wconf 91' lang='lat' dir='ltr'><strong>num,</strong></span> <span class='ocrx_word' id='word_1_466' title='bbox 1991 2155 2045 2209; x_wconf 90' lang='lat' dir='ltr'><strong>in</strong></span> <span class='ocrx_word' id='word_1_467' title='bbox 2076 2154 2328 2225; x_wconf 59' lang='lat' dir='ltr'><strong>praesenti</strong></span> <span class='ocrx_word' id='word_1_468' title='bbox 2368 2154 2568 2208; x_wconf 82' lang='lat' dir='ltr'><strong>saeculo</strong></span> <span class='ocrx_word' id='word_1_469' title='bbox 2599 2152 2781 2207; x_wconf 89' lang='lat' dir='ltr'><strong>divina</strong></span> <span class='ocrx_word' id='word_1_470' title='bbox 2819 2150 3099 2220; x_wconf 89' lang='lat' dir='ltr'><strong>Scriptura</strong></span> <span class='ocrx_word' id='word_1_471' title='bbox 3135 2149 3275 2225; x_wconf 80' lang='lat' dir='ltr'><strong>solet</strong></span> <span class='ocrx_word' id='word_1_472' title='bbox 3301 2162 3391 2201; x_wconf 89' lang='lat' dir='ltr'><strong>ac-</strong></span> 
     </span>
    </p>
   </div>
   <div class='ocr_carea' id='block_1_65' title="bbox 1806 2241 3393 2318">
    <p class='ocr_par' dir='ltr' id='par_1_65' title="bbox 1806 2241 3393 2318">
     <span class='ocr_line' id='line_1_65' title="bbox 1806 2241 3393 2318; baseline -0.007 -15"><span class='ocrx_word' id='word_1_473' title='bbox 1806 2248 2009 2318; x_wconf 90' lang='lat' dir='ltr'><strong>cipere,</strong></span> <span class='ocrx_word' id='word_1_474' title='bbox 2036 2248 2104 2302; x_wconf 88' lang='lat' dir='ltr'><strong>de</strong></span> <span class='ocrx_word' id='word_1_475' title='bbox 2131 2263 2237 2316; x_wconf 89' lang='lat' dir='ltr'><strong>qua</strong></span> <span class='ocrx_word' id='word_1_476' title='bbox 2289 2256 2486 2301; x_wconf 89' lang='lat' dir='ltr'><strong>testem</strong></span> <span class='ocrx_word' id='word_1_477' title='bbox 2534 2244 2797 2299; x_wconf 69' lang='lat' dir='ltr'><strong>Iacobum</strong></span> <span class='ocrx_word' id='word_1_478' title='bbox 2847 2244 3209 2313; x_wconf 86' lang='lat' dir='ltr'><strong>producamus</strong></span> <span class='ocrx_word' id='word_1_479' title='bbox 3254 2241 3393 2294; x_wconf 91' lang='lat' dir='ltr'><strong>scri-</strong></span> 
     </span>
    </p>
   </div>
   <div class='ocr_carea' id='block_1_66' title="bbox 1806 2332 3393 2409">
    <p class='ocr_par' dir='ltr' id='par_1_66' title="bbox 1806 2332 3393 2409">
     <span class='ocr_line' id='line_1_66' title="bbox 1806 2332 3393 2409; baseline -0.005 -16"><span class='ocrx_word' id='word_1_480' title='bbox 1806 2338 2023 2394; x_wconf 85' lang='lat' dir='ltr'><strong>bentem</strong></span> <span class='ocrx_word' id='word_1_481' title='bbox 2048 2340 2190 2409; x_wconf 81' lang='lat' dir='ltr'><strong>:Age</strong></span> <span class='ocrx_word' id='word_1_482' title='bbox 2208 2355 2364 2402; x_wconf 87' lang='lat' dir='ltr'><strong>nunc,</strong></span> <span class='ocrx_word' id='word_1_483' title='bbox 2379 2339 2470 2409; x_wconf 85' lang='lat' dir='ltr'><strong>qui</strong></span> <span class='ocrx_word' id='word_1_484' title='bbox 2495 2338 2702 2391; x_wconf 74' lang='lat' dir='ltr'><strong>dicitis:</strong></span> <span class='ocrx_word' id='word_1_485' title='bbox 2722 2335 2914 2399; x_wconf 81' lang='lat' dir='ltr'><strong>Hodie,</strong></span> <span class='ocrx_word' id='word_1_486' title='bbox 2942 2334 3276 2388; x_wconf 79' lang='lat' dir='ltr'><strong>autcrastino</strong></span> <span class='ocrx_word' id='word_1_487' title='bbox 3294 2332 3393 2386; x_wconf 85' lang='lat' dir='ltr'><strong>ibi-</strong></span> 
     </span>
    </p>
   </div>
   <div class='ocr_carea' id='block_1_67' title="bbox 1808 2422 3393 2491">
    <p class='ocr_par' dir='ltr' id='par_1_67' title="bbox 1808 2422 3393 2491">
     <span class='ocr_line' id='line_1_67' title="bbox 1808 2422 3393 2491; baseline -0.006 -7"><span class='ocrx_word' id='word_1_488' title='bbox 1808 2448 1922 2484; x_wconf 81' lang='lat' dir='ltr'><strong>mus</strong></span> <span class='ocrx_word' id='word_1_489' title='bbox 1948 2432 2003 2483; x_wconf 87' lang='lat' dir='ltr'><strong>in</strong></span> <span class='ocrx_word' id='word_1_490' title='bbox 2033 2429 2187 2484; x_wconf 81' lang='lat' dir='ltr'><strong>illaut</strong></span> <span class='ocrx_word' id='word_1_491' title='bbox 2218 2430 2480 2483; x_wconf 84' lang='lat' dir='ltr'><strong>civitatem</strong></span> <span class='ocrx_word' id='word_1_492' title='bbox 2511 2428 2577 2482; x_wconf 80' lang='grc'><strong>⁷⁸.</strong></span> <span class='ocrx_word' id='word_1_493' title='bbox 2614 2426 2738 2482; x_wconf 88' lang='lat' dir='ltr'><strong>Dies</strong></span> <span class='ocrx_word' id='word_1_494' title='bbox 2784 2433 2967 2479; x_wconf 84' lang='lat' dir='ltr'><strong>autem</strong></span> <span class='ocrx_word' id='word_1_495' title='bbox 3026 2424 3206 2487; x_wconf 89' lang='lat' dir='ltr'><strong>tertia,</strong></span> <span class='ocrx_word' id='word_1_496' title='bbox 3264 2422 3393 2491; x_wconf 86' lang='lat' dir='ltr'><strong>quia</strong></span> 
     </span>
    </p>
   </div>
   <div class='ocr_carea' id='block_1_68' title="bbox 1806 2516 3390 2593">
    <p class='ocr_par' dir='ltr' id='par_1_68' title="bbox 1806 2516 3390 2593">
     <span class='ocr_line' id='line_1_68' title="bbox 1806 2516 3390 2593; baseline -0.006 -17"><span class='ocrx_word' id='word_1_497' title='bbox 1806 2523 1860 2577; x_wconf 92' lang='lat' dir='ltr'><strong>in</strong></span> <span class='ocrx_word' id='word_1_498' title='bbox 1891 2524 2007 2593; x_wconf 87' lang='lat' dir='ltr'><strong>ipsa</strong></span> <span class='ocrx_word' id='word_1_499' title='bbox 2034 2539 2065 2577; x_wconf 90' lang='lat' dir='ltr'><strong>a</strong></span> <span class='ocrx_word' id='word_1_500' title='bbox 2095 2523 2328 2577; x_wconf 87' lang='lat' dir='ltr'><strong>mortuis</strong></span> <span class='ocrx_word' id='word_1_501' title='bbox 2358 2521 2620 2576; x_wconf 87' lang='lat' dir='ltr'><strong>Dominus</strong></span> <span class='ocrx_word' id='word_1_502' title='bbox 2659 2528 2844 2574; x_wconf 89' lang='lat' dir='ltr'><strong>noster</strong></span> <span class='ocrx_word' id='word_1_503' title='bbox 2898 2517 3219 2581; x_wconf 73' lang='lat' dir='ltr'><strong>resurrexit,</strong></span> <span class='ocrx_word' id='word_1_504' title='bbox 3252 2516 3390 2585; x_wconf 85' lang='lat' dir='ltr'><strong>figu-</strong></span> 
     </span>
    </p>
   </div>
   <div class='ocr_carea' id='block_1_69' title="bbox 1808 2609 3387 2680">
    <p class='ocr_par' dir='ltr' id='par_1_69' title="bbox 1808 2609 3387 2680">
     <span class='ocr_line' id='line_1_69' title="bbox 1808 2609 3387 2680; baseline -0.005 -10"><span class='ocrx_word' id='word_1_505' title='bbox 1808 2632 1921 2670; x_wconf 89' lang='lat' dir='ltr'><strong>ram</strong></span> <span class='ocrx_word' id='word_1_506' title='bbox 1949 2616 2115 2669; x_wconf 88' lang='lat' dir='ltr'><strong>futuri</strong></span> <span class='ocrx_word' id='word_1_507' title='bbox 2149 2614 2355 2680; x_wconf 68' lang='lat' dir='ltr'><strong>saeculi,</strong></span> <span class='ocrx_word' id='word_1_508' title='bbox 2389 2624 2444 2669; x_wconf 91' lang='lat' dir='ltr'><strong>et</strong></span> <span class='ocrx_word' id='word_1_509' title='bbox 2479 2624 2818 2668; x_wconf 90' lang='lat' dir='ltr'><strong>mortuorum</strong></span> <span class='ocrx_word' id='word_1_510' title='bbox 2850 2609 3273 2665; x_wconf 89' lang='lat' dir='ltr'><strong>resurrectionis</strong></span> <span class='ocrx_word' id='word_1_511' title='bbox 3290 2624 3387 2679; x_wconf 85' lang='lat' dir='ltr'><strong>gc-</strong></span> 
     </span>
    </p>
   </div>
   <div class='ocr_carea' id='block_1_70' title="bbox 1805 2702 3382 2777">
    <p class='ocr_par' dir='ltr' id='par_1_70' title="bbox 1805 2702 3382 2777">
     <span class='ocr_line' id='line_1_70' title="bbox 1805 2702 3382 2777; baseline -0.005 -15"><span class='ocrx_word' id='word_1_512' title='bbox 1805 2709 1893 2770; x_wconf 90' lang='lat' dir='ltr'><strong>rit,</strong></span> <span class='ocrx_word' id='word_1_513' title='bbox 1924 2709 1978 2762; x_wconf 90' lang='lat' dir='ltr'><strong>in</strong></span> <span class='ocrx_word' id='word_1_514' title='bbox 2004 2723 2112 2777; x_wconf 92' lang='lat' dir='ltr'><strong>quo</strong></span> <span class='ocrx_word' id='word_1_515' title='bbox 2139 2708 2250 2777; x_wconf 89' lang='lat' dir='ltr'><strong>jam</strong></span> <span class='ocrx_word' id='word_1_516' title='bbox 2274 2723 2384 2761; x_wconf 90' lang='lat' dir='ltr'><strong>non</strong></span> <span class='ocrx_word' id='word_1_517' title='bbox 2414 2706 2539 2761; x_wconf 91' lang='lat' dir='ltr'><strong>licet</strong></span> <span class='ocrx_word' id='word_1_518' title='bbox 2564 2704 2802 2775; x_wconf 89' lang='lat' dir='ltr'><strong>operari,</strong></span> <span class='ocrx_word' id='word_1_519' title='bbox 2827 2704 2924 2759; x_wconf 90' lang='lat' dir='ltr'><strong>sed</strong></span> <span class='ocrx_word' id='word_1_520' title='bbox 2949 2702 3043 2773; x_wconf 92' lang='lat' dir='ltr'><strong>qui</strong></span> <span class='ocrx_word' id='word_1_521' title='bbox 3069 2716 3217 2755; x_wconf 89' lang='lat' dir='ltr'><strong>nunc</strong></span> <span class='ocrx_word' id='word_1_522' title='bbox 3246 2715 3382 2770; x_wconf 90' lang='lat' dir='ltr'><strong>ope-</strong></span> 
     </span>
    </p>
   </div>
   <div class='ocr_carea' id='block_1_71' title="bbox 1803 2791 3391 2866">
    <p class='ocr_par' dir='ltr' id='par_1_71' title="bbox 1803 2791 3391 2866">
     <span class='ocr_line' id='line_1_71' title="bbox 1803 2791 3391 2866; baseline -0.007 -11"><span class='ocrx_word' id='word_1_523' title='bbox 1803 2801 1904 2856; x_wconf 89' lang='lat' dir='ltr'><strong>rati</strong></span> <span class='ocrx_word' id='word_1_524' title='bbox 1934 2808 2082 2866; x_wconf 89' lang='lat' dir='ltr'><strong>sunt,</strong></span> <span class='ocrx_word' id='word_1_525' title='bbox 2106 2800 2216 2855; x_wconf 90' lang='lat' dir='ltr'><strong>illic</strong></span> <span class='ocrx_word' id='word_1_526' title='bbox 2242 2799 2309 2853; x_wconf 90' lang='lat' dir='ltr'><strong>ad</strong></span> <span class='ocrx_word' id='word_1_527' title='bbox 2337 2797 2753 2853; x_wconf 83' lang='lat' dir='ltr'><strong>retributionem</strong></span> <span class='ocrx_word' id='word_1_528' title='bbox 2816 2795 3065 2849; x_wconf 88' lang='lat' dir='ltr'><strong>veniunt.</strong></span> <span class='ocrx_word' id='word_1_529' title='bbox 3128 2791 3229 2858; x_wconf 86' lang='lat' dir='ltr'><strong>Qui</strong></span> <span class='ocrx_word' id='word_1_530' title='bbox 3261 2807 3391 2863; x_wconf 79' lang='lat' dir='ltr'><strong>ergo</strong></span> 
     </span>
    </p>
   </div>
   <div class='ocr_carea' id='block_1_72' title="bbox 1802 2885 3388 2962">
    <p class='ocr_par' dir='ltr' id='par_1_72' title="bbox 1802 2885 3388 2962">
     <span class='ocr_line' id='line_1_72' title="bbox 1802 2885 3388 2962; baseline -0.008 -12"><span class='ocrx_word' id='word_1_531' title='bbox 1802 2896 1880 2950; x_wconf 90' lang='lat' dir='ltr'><strong>sic</strong></span> <span class='ocrx_word' id='word_1_532' title='bbox 1914 2895 2007 2949; x_wconf 93' lang='lat' dir='ltr'><strong>hic</strong></span> <span class='ocrx_word' id='word_1_533' title='bbox 2052 2894 2203 2957; x_wconf 82' lang='lat' dir='ltr'><strong>vivit,</strong></span> <span class='ocrx_word' id='word_1_534' title='bbox 2249 2903 2506 2962; x_wconf 89' lang='lat' dir='ltr'><strong>tanquam</strong></span> <span class='ocrx_word' id='word_1_535' title='bbox 2558 2890 2668 2944; x_wconf 89' lang='lat' dir='ltr'><strong>illic</strong></span> <span class='ocrx_word' id='word_1_536' title='bbox 2706 2887 2954 2958; x_wconf 66' lang='lat' dir='ltr'><strong>quredam</strong></span> <span class='ocrx_word' id='word_1_537' title='bbox 3033 2885 3388 2958; x_wconf 67' lang='lat' dir='ltr'><strong>praesentium</strong></span> 
     </span>
    </p>
   </div>
   <div class='ocr_carea' id='block_1_73' title="bbox 1801 2976 3390 3058">
    <p class='ocr_par' dir='ltr' id='par_1_73' title="bbox 1801 2976 3390 3058">
     <span class='ocr_line' id='line_1_73' title="bbox 1801 2976 3390 3058; baseline -0.008 -17"><span class='ocrx_word' id='word_1_538' title='bbox 1801 2997 2123 3058; x_wconf 88' lang='lat' dir='ltr'><strong>operaturus</strong></span> <span class='ocrx_word' id='word_1_539' title='bbox 2152 2988 2239 3051; x_wconf 91' lang='lat' dir='ltr'><strong>sit,</strong></span> <span class='ocrx_word' id='word_1_540' title='bbox 2272 2996 2326 3040; x_wconf 89' lang='lat' dir='ltr'><strong>et</strong></span> <span class='ocrx_word' id='word_1_541' title='bbox 2355 2991 2643 3055; x_wconf 89' lang='lat' dir='ltr'><strong>propterea</strong></span> <span class='ocrx_word' id='word_1_542' title='bbox 2681 2980 2967 3036; x_wconf 89' lang='lat' dir='ltr'><strong>comedere</strong></span> <span class='ocrx_word' id='word_1_543' title='bbox 3003 2978 3160 3032; x_wconf 90' lang='lat' dir='ltr'><strong>tertia</strong></span> <span class='ocrx_word' id='word_1_544' title='bbox 3185 2976 3271 3031; x_wconf 87' lang='lat' dir='ltr'><strong>die</strong></span> <span class='ocrx_word' id='word_1_545' title='bbox 3301 2992 3390 3030; x_wconf 89' lang='lat' dir='ltr'><strong>sa-</strong></span> 
     </span>
    </p>
   </div>
   <div class='ocr_carea' id='block_1_74' title="bbox 1800 3070 3385 3149">
    <p class='ocr_par' dir='ltr' id='par_1_74' title="bbox 1800 3070 3385 3149">
     <span class='ocr_line' id='line_1_74' title="bbox 1800 3070 3385 3149; baseline -0.008 -15"><span class='ocrx_word' id='word_1_546' title='bbox 1800 3080 2069 3135; x_wconf 87' lang='lat' dir='ltr'><strong>crificium</strong></span> <span class='ocrx_word' id='word_1_547' title='bbox 2103 3078 2475 3149; x_wconf 84' lang='lat' dir='ltr'><strong>pacificorum,</strong></span> <span class='ocrx_word' id='word_1_548' title='bbox 2508 3076 2623 3131; x_wconf 91' lang='lat' dir='ltr'><strong>sive</strong></span> <span class='ocrx_word' id='word_1_549' title='bbox 2690 3073 2926 3127; x_wconf 90' lang='lat' dir='ltr'><strong>salutare</strong></span> <span class='ocrx_word' id='word_1_550' title='bbox 2953 3070 3171 3135; x_wconf 90' lang='lat' dir='ltr'><strong>dicitur,</strong></span> <span class='ocrx_word' id='word_1_551' title='bbox 3225 3084 3385 3139; x_wconf 87' lang='lat' dir='ltr'><strong>opus,</strong></span> 
     </span>
    </p>
   </div>
   <div class='ocr_carea' id='block_1_75' title="bbox 1800 3165 3389 3247">
    <p class='ocr_par' dir='ltr' id='par_1_75' title="bbox 1800 3165 3389 3247">
     <span class='ocr_line' id='line_1_75' title="bbox 1800 3165 3389 3247; baseline -0.009 -16"><span class='ocrx_word' id='word_1_552' title='bbox 1800 3185 2053 3231; x_wconf 88' lang='lat' dir='ltr'><strong>attrectat</strong></span> <span class='ocrx_word' id='word_1_553' title='bbox 2084 3194 2114 3229; x_wconf 87' lang='lat' dir='ltr'><strong>a</strong></span> <span class='ocrx_word' id='word_1_554' title='bbox 2144 3175 2450 3247; x_wconf 87' lang='lat' dir='ltr'><strong>legislatore</strong></span> <span class='ocrx_word' id='word_1_555' title='bbox 2496 3170 2857 3242; x_wconf 89' lang='lat' dir='ltr'><strong>prohibitum,</strong></span> <span class='ocrx_word' id='word_1_556' title='bbox 2894 3170 3153 3221; x_wconf 89' lang='lat' dir='ltr'><strong>virtutem</strong></span> <span class='ocrx_word' id='word_1_557' title='bbox 3189 3165 3389 3233; x_wconf 80' lang='lat' dir='ltr'><strong>imper-</strong></span> 
     </span>
    </p>
   </div>
   <div class='ocr_carea' id='block_1_76' title="bbox 1728 3255 3390 3357">
    <p class='ocr_par' dir='ltr' id='par_1_76' title="bbox 1728 3255 3390 3357">
     <span class='ocr_line' id='line_1_76' title="bbox 1728 3255 3390 3357; baseline -0.01 -32"><span class='ocrx_word' id='word_1_558' title='bbox 1728 3302 1769 3357; x_wconf 69' lang='grc' dir='ltr'>ο</span> <span class='ocrx_word' id='word_1_559' title='bbox 1804 3270 1998 3325; x_wconf 91' lang='lat' dir='ltr'><strong>fectam</strong></span> <span class='ocrx_word' id='word_1_560' title='bbox 2028 3269 2366 3337; x_wconf 89' lang='lat' dir='ltr'><strong>relinquens,</strong></span> <span class='ocrx_word' id='word_1_561' title='bbox 2404 3266 2558 3320; x_wconf 90' lang='lat' dir='ltr'><strong>velut</strong></span> <span class='ocrx_word' id='word_1_562' title='bbox 2587 3263 2698 3317; x_wconf 88' lang='lat' dir='ltr'><strong>illic</strong></span> <span class='ocrx_word' id='word_1_563' title='bbox 2727 3269 3055 3331; x_wconf 89' lang='lat' dir='ltr'><strong>operaturus</strong></span> <span class='ocrx_word' id='word_1_564' title='bbox 3075 3257 3167 3321; x_wconf 90' lang='lat' dir='ltr'><strong>sit,</strong></span> <span class='ocrx_word' id='word_1_565' title='bbox 3204 3265 3259 3310; x_wconf 87' lang='lat' dir='ltr'><strong>et</strong></span> <span class='ocrx_word' id='word_1_566' title='bbox 3283 3255 3390 3309; x_wconf 91' lang='lat' dir='ltr'><strong>hu-</strong></span> 
     </span>
    </p>
   </div>
   <div class='ocr_carea' id='block_1_77' title="bbox 1796 3354 3389 3429">
    <p class='ocr_par' dir='ltr' id='par_1_77' title="bbox 1796 3354 3389 3429">
     <span class='ocr_line' id='line_1_77' title="bbox 1796 3354 3389 3429; baseline -0.01 -16"><span class='ocrx_word' id='word_1_567' title='bbox 1796 3360 1888 3429; x_wconf 89' lang='lat' dir='ltr'><strong>jus</strong></span> <span class='ocrx_word' id='word_1_568' title='bbox 1913 3356 2237 3413; x_wconf 88' lang='lat' dir='ltr'><strong>sacrilicium</strong></span> <span class='ocrx_word' id='word_1_569' title='bbox 2264 3354 2569 3409; x_wconf 89' lang='lat' dir='ltr'><strong>rectissime</strong></span> <span class='ocrx_word' id='word_1_570' title='bbox 2623 3360 2911 3421; x_wconf 90' lang='lat' dir='ltr'><strong>acceptum</strong></span> <span class='ocrx_word' id='word_1_571' title='bbox 2964 3363 3075 3401; x_wconf 93' lang='lat' dir='ltr'><strong>non</strong></span> <span class='ocrx_word' id='word_1_572' title='bbox 3115 3354 3217 3409; x_wconf 90' lang='lat' dir='ltr'><strong>est,</strong></span> <span class='ocrx_word' id='word_1_573' title='bbox 3284 3358 3389 3398; x_wconf 87' lang='lat' dir='ltr'><strong>nec</strong></span> 
     </span>
    </p>
   </div>
   <div class='ocr_carea' id='block_1_78' title="bbox 1800 3438 3388 3519">
    <p class='ocr_par' dir='ltr' id='par_1_78' title="bbox 1800 3438 3388 3519">
     <span class='ocr_line' id='line_1_78' title="bbox 1800 3438 3388 3519; baseline -0.012 -12"><span class='ocrx_word' id='word_1_574' title='bbox 1800 3453 1908 3508; x_wconf 90' lang='lat' dir='ltr'><strong>vita</strong></span> <span class='ocrx_word' id='word_1_575' title='bbox 1930 3459 2180 3519; x_wconf 88' lang='lat' dir='ltr'><strong>correpta</strong></span> <span class='ocrx_word' id='word_1_576' title='bbox 2207 3457 2309 3503; x_wconf 88' lang='lat' dir='ltr'><strong>est.</strong></span> <span class='ocrx_word' id='word_1_577' title='bbox 2336 3446 2444 3502; x_wconf 87' lang='lat' dir='ltr'><strong>Sed</strong></span> <span class='ocrx_word' id='word_1_578' title='bbox 2474 3446 2565 3517; x_wconf 92' lang='lat' dir='ltr'><strong>qui</strong></span> <span class='ocrx_word' id='word_1_579' title='bbox 2595 3443 2756 3499; x_wconf 89' lang='lat' dir='ltr'><strong>talem</strong></span> <span class='ocrx_word' id='word_1_580' title='bbox 2781 3438 3107 3509; x_wconf 88' lang='lat' dir='ltr'><strong>sibimetipsi</strong></span> <span class='ocrx_word' id='word_1_581' title='bbox 3130 3445 3388 3508; x_wconf 75' lang='lat' dir='ltr'><strong>operatur</strong></span> 
     </span>
    </p>
   </div>
   <div class='ocr_carea' id='block_1_79' title="bbox 1799 3528 3385 3610">
    <p class='ocr_par' dir='ltr' id='par_1_79' title="bbox 1799 3528 3385 3610">
     <span class='ocr_line' id='line_1_79' title="bbox 1799 3528 3385 3610; baseline -0.011 -12"><span class='ocrx_word' id='word_1_582' title='bbox 1799 3543 2078 3606; x_wconf 83' lang='lat' dir='ltr'><strong>virtutem,</strong></span> <span class='ocrx_word' id='word_1_583' title='bbox 2110 3540 2451 3610; x_wconf 82' lang='lat' dir='ltr'><strong>iniquitatem</strong></span> <span class='ocrx_word' id='word_1_584' title='bbox 2484 3554 2637 3593; x_wconf 90' lang='lat' dir='ltr'><strong>suam</strong></span> <span class='ocrx_word' id='word_1_585' title='bbox 2688 3534 2943 3607; x_wconf 88' lang='lat' dir='ltr'><strong>portabit,</strong></span> <span class='ocrx_word' id='word_1_586' title='bbox 2978 3532 3129 3602; x_wconf 88' lang='lat' dir='ltr'><strong>prius</strong></span> <span class='ocrx_word' id='word_1_587' title='bbox 3167 3528 3385 3599; x_wconf 79' lang='lat' dir='ltr'><strong>quidem</strong></span> 
     </span>
    </p>
   </div>
   <div class='ocr_carea' id='block_1_80' title="bbox 1798 3622 3379 3707">
    <p class='ocr_par' dir='ltr' id='par_1_80' title="bbox 1798 3622 3379 3707">
     <span class='ocr_line' id='line_1_80' title="bbox 1798 3622 3379 3707; baseline -0.009 -17"><span class='ocrx_word' id='word_1_588' title='bbox 1798 3635 2115 3707; x_wconf 77' lang='lat' dir='ltr'><strong>imperfecte</strong></span> <span class='ocrx_word' id='word_1_589' title='bbox 2141 3648 2397 3704; x_wconf 89' lang='lat' dir='ltr'><strong>operans,</strong></span> <span class='ocrx_word' id='word_1_590' title='bbox 2429 3632 2627 3687; x_wconf 89' lang='lat' dir='ltr'><strong>deinde</strong></span> <span class='ocrx_word' id='word_1_591' title='bbox 2662 3639 2719 3684; x_wconf 77' lang='lat' dir='ltr'><strong>at</strong></span> <span class='ocrx_word' id='word_1_592' title='bbox 2750 3629 3005 3700; x_wconf 90' lang='lat' dir='ltr'><strong>ingerens</strong></span> <span class='ocrx_word' id='word_1_593' title='bbox 3044 3622 3379 3679; x_wconf 90' lang='lat' dir='ltr'><strong>calumniam</strong></span> 
     </span>
    </p>
   </div>
   <div class='ocr_carea' id='block_1_81' title="bbox 1798 3718 3388 3798">
    <p class='ocr_par' dir='ltr' id='par_1_81' title="bbox 1798 3718 3388 3798">
     <span class='ocr_line' id='line_1_81' title="bbox 1798 3718 3388 3798; baseline -0.011 -14"><span class='ocrx_word' id='word_1_594' title='bbox 1798 3729 1996 3785; x_wconf 67' lang='lat' dir='ltr'><strong>divinae</strong></span> <span class='ocrx_word' id='word_1_595' title='bbox 2022 3727 2147 3798; x_wconf 88' lang='lat' dir='ltr'><strong>legi,</strong></span> <span class='ocrx_word' id='word_1_596' title='bbox 2180 3736 2238 3781; x_wconf 91' lang='lat' dir='ltr'><strong>et</strong></span> <span class='ocrx_word' id='word_1_597' title='bbox 2271 3725 2466 3796; x_wconf 88' lang='lat' dir='ltr'><strong>dogma</strong></span> <span class='ocrx_word' id='word_1_598' title='bbox 2508 3721 2873 3779; x_wconf 87' lang='lat' dir='ltr'><strong>disseminans</strong></span> <span class='ocrx_word' id='word_1_599' title='bbox 2932 3718 3158 3787; x_wconf 88' lang='lat' dir='ltr'><strong>impiutu</strong></span> <span class='ocrx_word' id='word_1_600' title='bbox 3224 3723 3388 3783; x_wconf 88' lang='lat' dir='ltr'><strong>atque</strong></span> 
     </span>
    </p>
   </div>
   <div class='ocr_carea' id='block_1_82' title="bbox 1797 3804 3387 3889">
    <p class='ocr_par' dir='ltr' id='par_1_82' title="bbox 1797 3804 3387 3889">
     <span class='ocr_line' id='line_1_82' title="bbox 1797 3804 3387 3889; baseline -0.009 -14"><span class='ocrx_word' id='word_1_601' title='bbox 1797 3821 2057 3880; x_wconf 88' lang='lat' dir='ltr'><strong>alienum,</strong></span> <span class='ocrx_word' id='word_1_602' title='bbox 2088 3819 2250 3889; x_wconf 85' lang='lat' dir='ltr'><strong>hujus</strong></span> <span class='ocrx_word' id='word_1_603' title='bbox 2266 3817 2446 3872; x_wconf 89' lang='lat' dir='ltr'><strong>anima</strong></span> <span class='ocrx_word' id='word_1_604' title='bbox 2463 3816 2603 3886; x_wconf 90' lang='lat' dir='ltr'><strong>perit</strong></span> <span class='ocrx_word' id='word_1_605' title='bbox 2631 3814 2698 3870; x_wconf 86' lang='lat' dir='ltr'><strong>de</strong></span> <span class='ocrx_word' id='word_1_606' title='bbox 2724 3812 2926 3885; x_wconf 91' lang='lat' dir='ltr'><strong>populo</strong></span> <span class='ocrx_word' id='word_1_607' title='bbox 2957 3825 3076 3867; x_wconf 91' lang='lat' dir='ltr'><strong>suo.</strong></span> <span class='ocrx_word' id='word_1_608' title='bbox 3109 3808 3169 3862; x_wconf 91' lang='lat' dir='ltr'><strong>lu</strong></span> <span class='ocrx_word' id='word_1_609' title='bbox 3185 3804 3387 3877; x_wconf 91' lang='lat' dir='ltr'><strong>populo</strong></span> 
     </span>
    </p>
   </div>
   <div class='ocr_carea' id='block_1_83' title="bbox 1797 3895 3379 3981">
    <p class='ocr_par' dir='ltr' id='par_1_83' title="bbox 1797 3895 3379 3981">
     <span class='ocr_line' id='line_1_83' title="bbox 1797 3895 3379 3981; baseline -0.012 -13"><span class='ocrx_word' id='word_1_610' title='bbox 1797 3922 1979 3968; x_wconf 90' lang='lat' dir='ltr'><strong>autem</strong></span> <span class='ocrx_word' id='word_1_611' title='bbox 2017 3910 2108 3981; x_wconf 91' lang='lat' dir='ltr'><strong>qui</strong></span> <span class='ocrx_word' id='word_1_612' title='bbox 2133 3909 2391 3973; x_wconf 87' lang='lat' dir='ltr'><strong>salvetur,</strong></span> <span class='ocrx_word' id='word_1_613' title='bbox 2417 3924 2529 3961; x_wconf 91' lang='lat' dir='ltr'><strong>non</strong></span> <span class='ocrx_word' id='word_1_614' title='bbox 2564 3904 2932 3969; x_wconf 87' lang='lat' dir='ltr'><strong>ordinabitur,</strong></span> <span class='ocrx_word' id='word_1_615' title='bbox 2994 3900 3120 3971; x_wconf 88' lang='lat' dir='ltr'><strong>quia</strong></span> <span class='ocrx_word' id='word_1_616' title='bbox 3155 3895 3379 3967; x_wconf 88' lang='lat' dir='ltr'><strong>reliquit</strong></span> 
     </span>
    </p>
   </div>
   <div class='ocr_carea' id='block_1_84' title="bbox 1797 3988 3384 4075">
    <p class='ocr_par' dir='ltr' id='par_1_84' title="bbox 1797 3988 3384 4075">
     <span class='ocr_line' id='line_1_84' title="bbox 1797 3988 3384 4075; baseline -0.01 -16"><span class='ocrx_word' id='word_1_617' title='bbox 1797 4003 2172 4075; x_wconf 83' lang='lat' dir='ltr'><strong>imperfectam</strong></span> <span class='ocrx_word' id='word_1_618' title='bbox 2203 4003 2389 4065; x_wconf 89' lang='lat' dir='ltr'><strong>vitam,</strong></span> <span class='ocrx_word' id='word_1_619' title='bbox 2432 4016 2555 4071; x_wconf 70' lang='lat' dir='ltr'><strong>quae</strong></span> <span class='ocrx_word' id='word_1_620' title='bbox 2603 4015 2729 4055; x_wconf 88' lang='lat' dir='ltr'><strong>eum</strong></span> <span class='ocrx_word' id='word_1_621' title='bbox 2789 3997 2999 4052; x_wconf 88' lang='lat' dir='ltr'><strong>salvare</strong></span> <span class='ocrx_word' id='word_1_622' title='bbox 3048 4000 3284 4065; x_wconf 86' lang='lat' dir='ltr'><strong>poterat,</strong></span> <span class='ocrx_word' id='word_1_623' title='bbox 3337 3988 3384 4045; x_wconf 82' lang='lat' dir='ltr'><strong>si</strong></span> 
     </span>
    </p>
   </div>
   <div class='ocr_carea' id='block_1_85' title="bbox 1796 4101 2396 4151">
    <p class='ocr_par' dir='ltr' id='par_1_85' title="bbox 1796 4101 2396 4151">
     <span class='ocr_line' id='line_1_85' title="bbox 1796 4101 2396 4151; baseline -0.008 0"><span class='ocrx_word' id='word_1_624' title='bbox 1796 4112 1917 4151; x_wconf 88' lang='lat' dir='ltr'><strong>eam</strong></span> <span class='ocrx_word' id='word_1_625' title='bbox 1939 4101 2396 4150; x_wconf 87' lang='lat' dir='ltr'><strong>consummasset.</strong></span> 
     </span>
    </p>
   </div>
   <div class='ocr_carea' id='block_1_86' title="bbox 1868 4180 3380 4252">
    <p class='ocr_par' dir='ltr' id='par_1_86' title="bbox 1868 4180 3380 4252">
     <span class='ocr_line' id='line_1_86' title="bbox 1868 4180 3380 4252; baseline -0.011 -8"><span class='ocrx_word' id='word_1_626' title='bbox 1868 4187 2031 4244; x_wconf 76' lang='lat' dir='ltr'><strong>Vens.</strong></span> <span class='ocrx_word' id='word_1_627' title='bbox 2063 4189 2115 4252; x_wconf 89' lang='lat'><strong>9,</strong></span> <span class='ocrx_word' id='word_1_628' title='bbox 2156 4187 2236 4241; x_wconf 81' lang='lat'><strong>10.</strong></span> <span class='ocrx_word' id='word_1_629' title='bbox 2269 4204 2287 4237; x_wconf 74' lang='grc' dir='ltr'>ι</span> <span class='ocrx_word' id='word_1_630' title='bbox 2325 4184 2461 4239; x_wconf 90' lang='lat' dir='ltr'><strong>Cum</strong></span> <span class='ocrx_word' id='word_1_631' title='bbox 2492 4180 2787 4236; x_wconf 79' lang='lat' dir='ltr'><strong>messueris</strong></span> <span class='ocrx_word' id='word_1_632' title='bbox 2815 4187 3029 4250; x_wconf 90' lang='lat' dir='ltr'><strong>segetes</strong></span> <span class='ocrx_word' id='word_1_633' title='bbox 3060 4185 3222 4231; x_wconf 68' lang='lat' dir='ltr'><strong>terra:</strong></span> <span class='ocrx_word' id='word_1_634' title='bbox 3251 4182 3380 4236; x_wconf 63' lang='lat' dir='ltr'><strong>tua).</strong></span> 
     </span>
    </p>
   </div>
   <div class='ocr_carea' id='block_1_87' title="bbox 1796 4269 3380 4347">
    <p class='ocr_par' dir='ltr' id='par_1_87' title="bbox 1796 4269 3380 4347">
     <span class='ocr_line' id='line_1_87' title="bbox 1796 4269 3380 4347; baseline -0.012 -9"><span class='ocrx_word' id='word_1_635' title='bbox 1796 4299 1905 4338; x_wconf 91' lang='lat' dir='ltr'><strong>non</strong></span> <span class='ocrx_word' id='word_1_636' title='bbox 1937 4279 2188 4337; x_wconf 87' lang='lat' dir='ltr'><strong>tondebis</strong></span> <span class='ocrx_word' id='word_1_637' title='bbox 2221 4292 2393 4347; x_wconf 91' lang='lat' dir='ltr'><strong>usque</strong></span> <span class='ocrx_word' id='word_1_638' title='bbox 2451 4274 2519 4328; x_wconf 91' lang='lat' dir='ltr'><strong>ad</strong></span> <span class='ocrx_word' id='word_1_639' title='bbox 2582 4274 2756 4327; x_wconf 86' lang='lat' dir='ltr'><strong>solam</strong></span> <span class='ocrx_word' id='word_1_640' title='bbox 2801 4269 3151 4341; x_wconf 85' lang='lat' dir='ltr'><strong>superficiem</strong></span> <span class='ocrx_word' id='word_1_641' title='bbox 3203 4276 3380 4331; x_wconf 73' lang='lat' dir='ltr'><strong>teme,</strong></span> 
     </span>
    </p>
   </div>
   <div class='ocr_carea' id='block_1_88' title="bbox 1795 4360 3382 4438">
    <p class='ocr_par' dir='ltr' id='par_1_88' title="bbox 1795 4360 3382 4438">
     <span class='ocr_line' id='line_1_88' title="bbox 1795 4360 3382 4438; baseline -0.012 -9"><span class='ocrx_word' id='word_1_642' title='bbox 1795 4389 1900 4429; x_wconf 90' lang='lat' dir='ltr'><strong>nec</strong></span> <span class='ocrx_word' id='word_1_643' title='bbox 1928 4380 2275 4428; x_wconf 89' lang='lat' dir='ltr'><strong>remanentes</strong></span> <span class='ocrx_word' id='word_1_644' title='bbox 2299 4368 2477 4438; x_wconf 85' lang='lat' dir='ltr'><strong>spicas</strong></span> <span class='ocrx_word' id='word_1_645' title='bbox 2507 4366 2749 4435; x_wconf 89' lang='lat' dir='ltr'><strong>colliges,</strong></span> <span class='ocrx_word' id='word_1_646' title='bbox 2779 4378 2959 4432; x_wconf 91' lang='lat' dir='ltr'><strong>neque</strong></span> <span class='ocrx_word' id='word_1_647' title='bbox 2996 4362 3050 4414; x_wconf 93' lang='lat' dir='ltr'><strong>in</strong></span> <span class='ocrx_word' id='word_1_648' title='bbox 3073 4360 3232 4414; x_wconf 86' lang='lat' dir='ltr'><strong>vinea</strong></span> <span class='ocrx_word' id='word_1_649' title='bbox 3290 4367 3382 4412; x_wconf 85' lang='lat' dir='ltr'><strong>tua</strong></span> 
     </span>
    </p>
   </div>
   <div class='ocr_carea' id='block_1_89' title="bbox 1796 4451 3383 4533">
    <p class='ocr_par' dir='ltr' id='par_1_89' title="bbox 1796 4451 3383 4533">
     <span class='ocr_line' id='line_1_89' title="bbox 1796 4451 3383 4533; baseline -0.011 -13"><span class='ocrx_word' id='word_1_650' title='bbox 1796 4480 2057 4527; x_wconf 88' lang='lat' dir='ltr'><strong>racemos,</strong></span> <span class='ocrx_word' id='word_1_651' title='bbox 2092 4473 2148 4518; x_wconf 89' lang='lat' dir='ltr'><strong>et</strong></span> <span class='ocrx_word' id='word_1_652' title='bbox 2169 4477 2336 4533; x_wconf 86' lang='lat' dir='ltr'><strong>grana</strong></span> <span class='ocrx_word' id='word_1_653' title='bbox 2372 4456 2676 4514; x_wconf 85' lang='lat' dir='ltr'><strong>decidentia</strong></span> <span class='ocrx_word' id='word_1_654' title='bbox 2721 4453 3094 4525; x_wconf 85' lang='lat' dir='ltr'><strong>congregabis,</strong></span> <span class='ocrx_word' id='word_1_655' title='bbox 3128 4451 3225 4506; x_wconf 89' lang='lat' dir='ltr'><strong>sed</strong></span> <span class='ocrx_word' id='word_1_656' title='bbox 3244 4466 3383 4521; x_wconf 86' lang='lat' dir='ltr'><strong>pau-</strong></span> 
     </span>
    </p>
   </div>
   <div class='ocr_carea' id='block_1_90' title="bbox 1800 4541 3382 4625">
    <p class='ocr_par' dir='ltr' id='par_1_90' title="bbox 1800 4541 3382 4625">
     <span class='ocr_line' id='line_1_90' title="bbox 1800 4541 3382 4625; baseline -0.009 -17"><span class='ocrx_word' id='word_1_657' title='bbox 1800 4554 2021 4625; x_wconf 83' lang='lat' dir='ltr'><strong>peribus</strong></span> <span class='ocrx_word' id='word_1_658' title='bbox 2050 4561 2107 4606; x_wconf 90' lang='lat' dir='ltr'><strong>et</strong></span> <span class='ocrx_word' id='word_1_659' title='bbox 2150 4550 2455 4621; x_wconf 87' lang='lat' dir='ltr'><strong>peregrinis</strong></span> <span class='ocrx_word' id='word_1_660' title='bbox 2518 4545 2793 4617; x_wconf 87' lang='lat' dir='ltr'><strong>carpenda</strong></span> <span class='ocrx_word' id='word_1_661' title='bbox 2814 4544 3077 4599; x_wconf 88' lang='lat' dir='ltr'><strong>dimittes.</strong></span> <span class='ocrx_word' id='word_1_662' title='bbox 3113 4543 3225 4613; x_wconf 85' lang='lat' dir='ltr'><strong>Ego</strong></span> <span class='ocrx_word' id='word_1_663' title='bbox 3271 4541 3382 4595; x_wconf 89' lang='lat' dir='ltr'><strong>Do-</strong></span> 
     </span>
    </p>
   </div>
   <div class='ocr_carea' id='block_1_91' title="bbox 138 4634 2435 4708">
    <p class='ocr_par' dir='ltr' id='par_1_91' title="bbox 138 4634 2435 4708">
     <span class='ocr_line' id='line_1_91' title="bbox 138 4634 2435 4708; baseline 0.004 -26"><span class='ocrx_word' id='word_1_664' title='bbox 138 4644 285 4696; x_wconf 86' lang='lat' dir='ltr'><strong>suam,</strong></span> <span class='ocrx_word' id='word_1_665' title='bbox 307 4634 433 4705; x_wconf 83' lang='lat' dir='ltr'><strong>quia</strong></span> <span class='ocrx_word' id='word_1_666' title='bbox 460 4634 939 4703; x_wconf 63' lang='lat' dir='ltr'><strong>sanctumpomini</strong></span> <span class='ocrx_word' id='word_1_667' title='bbox 959 4636 1178 4708; x_wconf 87' lang='lat' dir='ltr'><strong>polluit,</strong></span> <span class='ocrx_word' id='word_1_668' title='bbox 1208 4646 1263 4693; x_wconf 88' lang='lat' dir='ltr'><strong>et</strong></span> <span class='ocrx_word' id='word_1_669' title='bbox 1285 4638 1486 4708; x_wconf 89' lang='lat' dir='ltr'><strong>peribit</strong></span> <span class='ocrx_word' id='word_1_670' title='bbox 1510 4639 1691 4695; x_wconf 90' lang='lat' dir='ltr'><strong>anima</strong></span> <span class='ocrx_word' id='word_1_671' title='bbox 1725 4642 1772 4700; x_wconf 90' lang='lat' dir='ltr'><strong>D</strong></span> <span class='ocrx_word' id='word_1_672' title='bbox 1799 4644 1981 4699; x_wconf 89' lang='lat' dir='ltr'><strong>minus</strong></span> <span class='ocrx_word' id='word_1_673' title='bbox 2014 4643 2155 4697; x_wconf 89' lang='lat' dir='ltr'><strong>Deus</strong></span> <span class='ocrx_word' id='word_1_674' title='bbox 2178 4650 2378 4695; x_wconf 90' lang='lat' dir='ltr'><strong>vester.</strong></span> <span class='ocrx_word' id='word_1_675' title='bbox 2416 4658 2435 4691; x_wconf 72' lang='grc' dir='ltr'><strong><em>ι</em></strong></span> 
     </span>
    </p>
   </div>
   <div class='ocr_carea' id='block_1_92' title="bbox 138 4720 733 4799">
    <p class='ocr_par' dir='ltr' id='par_1_92' title="bbox 138 4720 733 4799">
     <span class='ocr_line' id='line_1_92' title="bbox 138 4720 733 4799; baseline 0.007 -27"><span class='ocrx_word' id='word_1_676' title='bbox 138 4720 207 4777; x_wconf 88' lang='lat' dir='ltr'><strong>illa</strong></span> <span class='ocrx_word' id='word_1_677' title='bbox 232 4725 295 4779; x_wconf 90' lang='lat' dir='ltr'><strong>de</strong></span> <span class='ocrx_word' id='word_1_678' title='bbox 321 4725 525 4799; x_wconf 89' lang='lat' dir='ltr'><strong>populo</strong></span> <span class='ocrx_word' id='word_1_679' title='bbox 545 4740 666 4779; x_wconf 90' lang='lat' dir='ltr'><strong>suo.</strong></span> <span class='ocrx_word' id='word_1_680' title='bbox 714 4743 733 4776; x_wconf 77' lang='grc' dir='ltr'><strong><em>ι</em></strong></span> 
     </span>
    </p>
   </div>
   <div class='ocr_carea' id='block_1_93' title="bbox 194 4815 1691 4893">
    <p class='ocr_par' dir='ltr' id='par_1_93' title="bbox 194 4815 1691 4893">
     <span class='ocr_line' id='line_1_93' title="bbox 194 4815 1691 4893; baseline 0.004 -22"><span class='ocrx_word' id='word_1_681' title='bbox 194 4815 383 4873; x_wconf 87' lang='lat' dir='ltr'><strong>Omnia</strong></span> <span class='ocrx_word' id='word_1_682' title='bbox 414 4818 658 4887; x_wconf 90' lang='lat' dir='ltr'><strong>quidem,</strong></span> <span class='ocrx_word' id='word_1_683' title='bbox 692 4826 754 4872; x_wconf 90' lang='lat' dir='ltr'><strong>ut</strong></span> <span class='ocrx_word' id='word_1_684' title='bbox 797 4816 871 4873; x_wconf 88' lang='lat' dir='ltr'><strong>ita</strong></span> <span class='ocrx_word' id='word_1_685' title='bbox 902 4818 1172 4883; x_wconf 89' lang='lat' dir='ltr'><strong>dicamus,</strong></span> <span class='ocrx_word' id='word_1_686' title='bbox 1204 4818 1411 4891; x_wconf 80' lang='lat' dir='ltr'><strong>Moyses</strong></span> <span class='ocrx_word' id='word_1_687' title='bbox 1436 4820 1569 4893; x_wconf 88' lang='lat' dir='ltr'><strong>legis</strong></span> <span class='ocrx_word' id='word_1_688' title='bbox 1597 4836 1691 4877; x_wconf 89' lang='lat' dir='ltr'><strong>ca-</strong></span> 
     </span>
    </p>
   </div>
   <div class='ocr_carea' id='block_1_94' title="bbox 136 4908 1689 4984">
    <p class='ocr_par' dir='ltr' id='par_1_94' title="bbox 136 4908 1689 4984">
     <span class='ocr_line' id='line_1_94' title="bbox 136 4908 1689 4984; baseline 0.007 -23"><span class='ocrx_word' id='word_1_689' title='bbox 136 4908 280 4976; x_wconf 86' lang='lat' dir='ltr'><strong>pitula</strong></span> <span class='ocrx_word' id='word_1_690' title='bbox 332 4912 417 4967; x_wconf 92' lang='lat' dir='ltr'><strong>bis</strong></span> <span class='ocrx_word' id='word_1_691' title='bbox 451 4922 639 4981; x_wconf 89' lang='lat' dir='ltr'><strong>terque</strong></span> <span class='ocrx_word' id='word_1_692' title='bbox 668 4913 869 4982; x_wconf 89' lang='lat' dir='ltr'><strong>p0pulo</strong></span> <span class='ocrx_word' id='word_1_693' title='bbox 901 4913 1178 4983; x_wconf 66' lang='lat' dir='ltr'><strong>praacepit,</strong></span> <span class='ocrx_word' id='word_1_694' title='bbox 1211 4913 1485 4984; x_wconf 87' lang='lat' dir='ltr'><strong>frequenti</strong></span> <span class='ocrx_word' id='word_1_695' title='bbox 1518 4917 1689 4971; x_wconf 86' lang='lat' dir='ltr'><strong>tradi-</strong></span> 
     </span>
    </p>
   </div>
   <div class='ocr_carea' id='block_1_95' title="bbox 138 5001 1685 5081">
    <p class='ocr_par' dir='ltr' id='par_1_95' title="bbox 138 5001 1685 5081">
     <span class='ocr_line' id='line_1_95' title="bbox 138 5001 1685 5081; baseline 0.006 -28"><span class='ocrx_word' id='word_1_696' title='bbox 138 5001 259 5057; x_wconf 87' lang='lat' dir='ltr'><strong>tione</strong></span> <span class='ocrx_word' id='word_1_697' title='bbox 302 5004 623 5058; x_wconf 89' lang='lat' dir='ltr'><strong>memoriam</strong></span> <span class='ocrx_word' id='word_1_698' title='bbox 668 5020 857 5058; x_wconf 89' lang='lat' dir='ltr'><strong>eorum</strong></span> <span class='ocrx_word' id='word_1_699' title='bbox 903 5005 1245 5061; x_wconf 90' lang='lat' dir='ltr'><strong>auditoribus</strong></span> <span class='ocrx_word' id='word_1_700' title='bbox 1316 5009 1685 5081; x_wconf 79' lang='lat' dir='ltr'><strong>promulgatis.</strong></span> 
     </span>
    </p>
   </div>
   <div class='ocr_carea' id='block_1_96' title="bbox 136 5088 1687 5166">
    <p class='ocr_par' dir='ltr' id='par_1_96' title="bbox 136 5088 1687 5166">
     <span class='ocr_line' id='line_1_96' title="bbox 136 5088 1687 5166; baseline 0.006 -23"><span class='ocrx_word' id='word_1_701' title='bbox 136 5088 276 5150; x_wconf 81' lang='lat' dir='ltr'><strong>llulto</strong></span> <span class='ocrx_word' id='word_1_702' title='bbox 291 5095 463 5166; x_wconf 89' lang='lat' dir='ltr'><strong>magis</strong></span> <span class='ocrx_word' id='word_1_703' title='bbox 489 5104 670 5150; x_wconf 85' lang='lat' dir='ltr'><strong>tamen</strong></span> <span class='ocrx_word' id='word_1_704' title='bbox 699 5095 951 5149; x_wconf 87' lang='lat' dir='ltr'><strong>mandata</strong></span> <span class='ocrx_word' id='word_1_705' title='bbox 994 5111 1118 5165; x_wconf 65' lang='lat' dir='ltr'><strong>quae</strong></span> <span class='ocrx_word' id='word_1_706' title='bbox 1141 5099 1512 5153; x_wconf 89' lang='lat' dir='ltr'><strong>uecessariora</strong></span> <span class='ocrx_word' id='word_1_707' title='bbox 1538 5107 1687 5164; x_wconf 89' lang='lat' dir='ltr'><strong>sunt,</strong></span> 
     </span>
    </p>
   </div>
   <div class='ocr_carea' id='block_1_97' title="bbox 138 5184 1691 5258">
    <p class='ocr_par' dir='ltr' id='par_1_97' title="bbox 138 5184 1691 5258">
     <span class='ocr_line' id='line_1_97' title="bbox 138 5184 1691 5258; baseline 0.005 -21"><span class='ocrx_word' id='word_1_708' title='bbox 138 5184 255 5241; x_wconf 89' lang='lat' dir='ltr'><strong>sicut</strong></span> <span class='ocrx_word' id='word_1_709' title='bbox 275 5200 329 5242; x_wconf 92' lang='lat' dir='ltr'><strong>et</strong></span> <span class='ocrx_word' id='word_1_710' title='bbox 375 5203 616 5258; x_wconf 66' lang='lat' dir='ltr'><strong>praesens</strong></span> <span class='ocrx_word' id='word_1_711' title='bbox 669 5187 1021 5256; x_wconf 88' lang='lat' dir='ltr'><strong>mandatum;</strong></span> <span class='ocrx_word' id='word_1_712' title='bbox 1061 5197 1282 5258; x_wconf 91' lang='lat' dir='ltr'><strong>propter</strong></span> <span class='ocrx_word' id='word_1_713' title='bbox 1302 5190 1443 5257; x_wconf 91' lang='lat' dir='ltr'><strong>quod</strong></span> <span class='ocrx_word' id='word_1_714' title='bbox 1470 5200 1525 5245; x_wconf 89' lang='lat' dir='ltr'><strong>et</strong></span> <span class='ocrx_word' id='word_1_715' title='bbox 1560 5190 1691 5245; x_wconf 89' lang='lat' dir='ltr'><strong>illud</strong></span> 
     </span>
    </p>
   </div>
   <div class='ocr_carea' id='block_1_98' title="bbox 136 5280 1691 5353">
    <p class='ocr_par' dir='ltr' id='par_1_98' title="bbox 136 5280 1691 5353">
     <span class='ocr_line' id='line_1_98' title="bbox 136 5280 1691 5353; baseline 0.006 -23"><span class='ocrx_word' id='word_1_716' title='bbox 136 5290 422 5349; x_wconf 86' lang='lat' dir='ltr'><strong>proponens</strong></span> <span class='ocrx_word' id='word_1_717' title='bbox 452 5280 681 5350; x_wconf 89' lang='lat' dir='ltr'><strong>pridem,</strong></span> <span class='ocrx_word' id='word_1_718' title='bbox 741 5295 864 5334; x_wconf 91' lang='lat' dir='ltr'><strong>cum</strong></span> <span class='ocrx_word' id='word_1_719' title='bbox 916 5280 983 5334; x_wconf 87' lang='lat' dir='ltr'><strong>de</strong></span> <span class='ocrx_word' id='word_1_720' title='bbox 1031 5280 1310 5336; x_wconf 82' lang='lat' dir='ltr'><strong>sacriﬁciis</strong></span> <span class='ocrx_word' id='word_1_721' title='bbox 1351 5283 1691 5353; x_wconf 68' lang='lat' dir='ltr'><strong>praeciperet,</strong></span> 
     </span>
    </p>
   </div>
   <div class='ocr_carea' id='block_1_99' title="bbox 139 5370 1695 5445">
    <p class='ocr_par' dir='ltr' id='par_1_99' title="bbox 139 5370 1695 5445">
     <span class='ocr_line' id='line_1_99' title="bbox 139 5370 1695 5445; baseline 0.006 -25"><span class='ocrx_word' id='word_1_722' title='bbox 139 5382 241 5424; x_wconf 85' lang='lat' dir='ltr'><strong>cum</strong></span> <span class='ocrx_word' id='word_1_723' title='bbox 269 5380 324 5426; x_wconf 88' lang='lat' dir='ltr'><strong>et</strong></span> <span class='ocrx_word' id='word_1_724' title='bbox 344 5388 445 5428; x_wconf 88' lang='lat' dir='ltr'><strong>nos</strong></span> <span class='ocrx_word' id='word_1_725' title='bbox 479 5372 640 5443; x_wconf 90' lang='lat' dir='ltr'><strong>plene</strong></span> <span class='ocrx_word' id='word_1_726' title='bbox 671 5372 738 5426; x_wconf 91' lang='lat' dir='ltr'><strong>de</strong></span> <span class='ocrx_word' id='word_1_727' title='bbox 758 5370 934 5426; x_wconf 92' lang='lat' dir='ltr'><strong>hocin</strong></span> <span class='ocrx_word' id='word_1_728' title='bbox 980 5372 1161 5442; x_wconf 91' lang='lat' dir='ltr'><strong>primo</strong></span> <span class='ocrx_word' id='word_1_729' title='bbox 1190 5373 1329 5428; x_wconf 90' lang='lat' dir='ltr'><strong>libro</strong></span> <span class='ocrx_word' id='word_1_730' title='bbox 1362 5374 1527 5445; x_wconf 90' lang='lat' dir='ltr'><strong>hujus</strong></span> <span class='ocrx_word' id='word_1_731' title='bbox 1587 5374 1695 5431; x_wconf 89' lang='lat' dir='ltr'><strong>Le-</strong></span> 
     </span>
    </p>
   </div>
   <div class='ocr_carea' id='block_1_100' title="bbox 139 5461 1694 5534">
    <p class='ocr_par' dir='ltr' id='par_1_100' title="bbox 139 5461 1694 5534">
     <span class='ocr_line' id='line_1_100' title="bbox 139 5461 1694 5534; baseline 0.007 -21"><span class='ocrx_word' id='word_1_732' title='bbox 139 5461 291 5518; x_wconf 81' lang='lat' dir='ltr'><strong>vitica:</strong></span> <span class='ocrx_word' id='word_1_733' title='bbox 318 5464 793 5534; x_wconf 88' lang='lat' dir='ltr'><strong>interpretationis</strong></span> <span class='ocrx_word' id='word_1_734' title='bbox 810 5464 1169 5521; x_wconf 88' lang='lat' dir='ltr'><strong>discussimus</strong></span> <span class='ocrx_word' id='word_1_735' title='bbox 1196 5485 1208 5521; x_wconf 93' lang='lat'><strong>:</strong></span> <span class='ocrx_word' id='word_1_736' title='bbox 1239 5482 1367 5522; x_wconf 90' lang='lat' dir='ltr'><strong>ecce</strong></span> <span class='ocrx_word' id='word_1_737' title='bbox 1394 5484 1542 5524; x_wconf 89' lang='lat' dir='ltr'><strong>nunc</strong></span> <span class='ocrx_word' id='word_1_738' title='bbox 1572 5485 1694 5524; x_wconf 82' lang='lat' dir='ltr'><strong>rur—</strong></span> 
     </span>
    </p>
   </div>
   <div class='ocr_carea' id='block_1_101' title="bbox 141 5558 1689 5630">
    <p class='ocr_par' dir='ltr' id='par_1_101' title="bbox 141 5558 1689 5630">
     <span class='ocr_line' id='line_1_101' title="bbox 141 5558 1689 5630; baseline 0.006 -22"><span class='ocrx_word' id='word_1_739' title='bbox 141 5570 218 5613; x_wconf 83' lang='lat' dir='ltr'><strong>sus</strong></span> <span class='ocrx_word' id='word_1_740' title='bbox 238 5558 636 5629; x_wconf 89' lang='lat' dir='ltr'><strong>recapitulabit,</strong></span> <span class='ocrx_word' id='word_1_741' title='bbox 693 5569 754 5612; x_wconf 91' lang='lat' dir='ltr'><strong>ut</strong></span> <span class='ocrx_word' id='word_1_742' title='bbox 800 5573 901 5612; x_wconf 89' lang='lat' dir='ltr'><strong>nos</strong></span> <span class='ocrx_word' id='word_1_743' title='bbox 939 5558 1176 5614; x_wconf 90' lang='lat' dir='ltr'><strong>breviter</strong></span> <span class='ocrx_word' id='word_1_744' title='bbox 1241 5560 1689 5630; x_wconf 86' lang='lat' dir='ltr'><strong>recapitulemus,</strong></span> 
     </span>
    </p>
   </div>
   <div class='ocr_carea' id='block_1_102' title="bbox 141 5650 1687 5722">
    <p class='ocr_par' dir='ltr' id='par_1_102' title="bbox 141 5650 1687 5722">
     <span class='ocr_line' id='line_1_102' title="bbox 141 5650 1687 5722; baseline 0.003 -17"><span class='ocrx_word' id='word_1_745' title='bbox 141 5664 240 5719; x_wconf 71' lang='lat' dir='ltr'><strong>quae</strong></span> <span class='ocrx_word' id='word_1_746' title='bbox 270 5668 419 5707; x_wconf 89' lang='lat' dir='ltr'><strong>nunc</strong></span> <span class='ocrx_word' id='word_1_747' title='bbox 440 5667 538 5722; x_wconf 91' lang='lat' dir='ltr'><strong>per</strong></span> <span class='ocrx_word' id='word_1_748' title='bbox 598 5651 769 5705; x_wconf 90' lang='lat' dir='ltr'><strong>multa</strong></span> <span class='ocrx_word' id='word_1_749' title='bbox 817 5650 1075 5705; x_wconf 78' lang='lat' dir='ltr'><strong>diximus.</strong></span> <span class='ocrx_word' id='word_1_750' title='bbox 1141 5650 1479 5708; x_wconf 85' lang='lat' dir='ltr'><strong>Sacrificium</strong></span> <span class='ocrx_word' id='word_1_751' title='bbox 1538 5654 1687 5710; x_wconf 90' lang='lat' dir='ltr'><strong>enim</strong></span> 
     </span>
    </p>
   </div>
   <div class='ocr_carea' id='block_1_103' title="bbox 143 5742 1686 5815">
    <p class='ocr_par' dir='ltr' id='par_1_103' title="bbox 143 5742 1686 5815">
     <span class='ocr_line' id='line_1_103' title="bbox 143 5742 1686 5815; baseline 0.006 -21"><span class='ocrx_word' id='word_1_752' title='bbox 143 5742 351 5799; x_wconf 85' lang='lat' dir='ltr'><strong>salutare</strong></span> <span class='ocrx_word' id='word_1_753' title='bbox 378 5744 645 5800; x_wconf 87' lang='lat' dir='ltr'><strong>immolari</strong></span> <span class='ocrx_word' id='word_1_754' title='bbox 668 5744 1015 5815; x_wconf 74' lang='lat' dir='ltr'><strong>prazcipiens,</strong></span> <span class='ocrx_word' id='word_1_755' title='bbox 1074 5744 1252 5815; x_wconf 88' lang='lat' dir='ltr'><strong>ipsqu</strong></span> <span class='ocrx_word' id='word_1_756' title='bbox 1310 5756 1458 5802; x_wconf 90' lang='lat' dir='ltr'><strong>recte</strong></span> <span class='ocrx_word' id='word_1_757' title='bbox 1484 5747 1686 5814; x_wconf 72' lang='lat' dir='ltr'><strong>inurit,</strong></span> 
     </span>
    </p>
   </div>
   <div class='ocr_carea' id='block_1_104' title="bbox 201 5950 1245 6023">
    <p class='ocr_par' dir='ltr' id='par_1_104' title="bbox 201 5950 1245 6023">
     <span class='ocr_line' id='line_1_104' title="bbox 201 5950 1245 6023; baseline 0.005 -16"><span class='ocrx_word' id='word_1_758' title='bbox 201 5951 240 5983; x_wconf 83' lang='lat'><strong><em>“</em></strong></span> <span class='ocrx_word' id='word_1_759' title='bbox 267 5950 431 6009; x_wconf 76' lang='lat' dir='ltr'><strong>Exod.</strong></span> <span class='ocrx_word' id='word_1_760' title='bbox 467 5967 580 6020; x_wconf 78' lang='lat' dir='ltr'><strong>xvi,</strong></span> <span class='ocrx_word' id='word_1_761' title='bbox 617 5951 711 6007; x_wconf 76' lang='lat'><strong>26.</strong></span> <span class='ocrx_word' id='word_1_762' title='bbox 786 5953 833 5985; x_wconf 83' lang='grc'><strong>⁷⁵</strong></span> <span class='ocrx_word' id='word_1_763' title='bbox 864 5952 884 6009; x_wconf 87' lang='grc'><strong>1</strong></span> <span class='ocrx_word' id='word_1_764' title='bbox 919 5950 1061 6009; x_wconf 88' lang='lat' dir='ltr'><strong>Tim.</strong></span> <span class='ocrx_word' id='word_1_765' title='bbox 1097 5970 1157 6023; x_wconf 82' lang='grc' dir='ltr'><strong>ιι,</strong></span> <span class='ocrx_word' id='word_1_766' title='bbox 1192 5953 1245 6013; x_wconf 72' lang='grc'><strong>4.</strong></span> 
     </span>
    </p>
   </div>
   <div class='ocr_carea' id='block_1_105' title="bbox 1870 4728 3382 4806">
    <p class='ocr_par' dir='ltr' id='par_1_105' title="bbox 1870 4728 3382 4806">
     <span class='ocr_line' id='line_1_105' title="bbox 1870 4728 3382 4806; baseline -0.009 -15"><span class='ocrx_word' id='word_1_767' title='bbox 1870 4736 1998 4791; x_wconf 84' lang='lat' dir='ltr'><strong>Vult</strong></span> <span class='ocrx_word' id='word_1_768' title='bbox 2024 4734 2301 4806; x_wconf 89' lang='lat' dir='ltr'><strong>legislator</strong></span> <span class='ocrx_word' id='word_1_769' title='bbox 2329 4742 2388 4787; x_wconf 89' lang='lat' dir='ltr'><strong>ut</strong></span> <span class='ocrx_word' id='word_1_770' title='bbox 2413 4747 2515 4786; x_wconf 91' lang='lat' dir='ltr'><strong>nos</strong></span> <span class='ocrx_word' id='word_1_771' title='bbox 2546 4729 2783 4785; x_wconf 87' lang='lat' dir='ltr'><strong>invicem</strong></span> <span class='ocrx_word' id='word_1_772' title='bbox 2814 4728 3121 4797; x_wconf 87' lang='lat' dir='ltr'><strong>diligamus,</strong></span> <span class='ocrx_word' id='word_1_773' title='bbox 3179 4733 3382 4780; x_wconf 84' lang='lat' dir='ltr'><strong>amato-</strong></span> 
     </span>
    </p>
   </div>
   <div class='ocr_carea' id='block_1_106' title="bbox 1799 4821 3381 4899">
    <p class='ocr_par' dir='ltr' id='par_1_106' title="bbox 1799 4821 3381 4899">
     <span class='ocr_line' id='line_1_106' title="bbox 1799 4821 3381 4899; baseline -0.008 -15"><span class='ocrx_word' id='word_1_774' title='bbox 1799 4844 1994 4899; x_wconf 88' lang='lat' dir='ltr'><strong>resque</strong></span> <span class='ocrx_word' id='word_1_775' title='bbox 2048 4842 2347 4897; x_wconf 88' lang='lat' dir='ltr'><strong>pauperum</strong></span> <span class='ocrx_word' id='word_1_776' title='bbox 2390 4839 2495 4881; x_wconf 79' lang='lat' dir='ltr'><strong>nos</strong></span> <span class='ocrx_word' id='word_1_777' title='bbox 2547 4837 2671 4877; x_wconf 88' lang='lat' dir='ltr'><strong>esse</strong></span> <span class='ocrx_word' id='word_1_778' title='bbox 2723 4821 3018 4886; x_wconf 89' lang='lat' dir='ltr'><strong>desiderat,</strong></span> <span class='ocrx_word' id='word_1_779' title='bbox 3058 4832 3381 4889; x_wconf 89' lang='lat' dir='ltr'><strong>semperque</strong></span> 
     </span>
    </p>
   </div>
   <div class='ocr_carea' id='block_1_107' title="bbox 1796 4913 3383 4990">
    <p class='ocr_par' dir='ltr' id='par_1_107' title="bbox 1796 4913 3383 4990">
     <span class='ocr_line' id='line_1_107' title="bbox 1796 4913 3383 4990; baseline -0.007 -13"><span class='ocrx_word' id='word_1_780' title='bbox 1796 4920 2156 4990; x_wconf 86' lang='lat' dir='ltr'><strong>eleemosynis</strong></span> <span class='ocrx_word' id='word_1_781' title='bbox 2181 4919 2419 4982; x_wconf 86' lang='lat' dir='ltr'><strong>studere,</strong></span> <span class='ocrx_word' id='word_1_782' title='bbox 2455 4931 2607 4971; x_wconf 89' lang='lat' dir='ltr'><strong>nunc</strong></span> <span class='ocrx_word' id='word_1_783' title='bbox 2651 4916 2871 4986; x_wconf 89' lang='lat' dir='ltr'><strong>quidem</strong></span> <span class='ocrx_word' id='word_1_784' title='bbox 2930 4915 3122 4969; x_wconf 88' lang='lat' dir='ltr'><strong>dantes</strong></span> <span class='ocrx_word' id='word_1_785' title='bbox 3179 4913 3383 4983; x_wconf 78' lang='lat' dir='ltr'><strong>egenti-</strong></span> 
     </span>
    </p>
   </div>
   <div class='ocr_carea' id='block_1_108' title="bbox 1795 5006 3380 5081">
    <p class='ocr_par' dir='ltr' id='par_1_108' title="bbox 1795 5006 3380 5081">
     <span class='ocr_line' id='line_1_108' title="bbox 1795 5006 3380 5081; baseline -0.008 -10"><span class='ocrx_word' id='word_1_786' title='bbox 1795 5016 1919 5077; x_wconf 87' lang='lat' dir='ltr'><strong>bus,</strong></span> <span class='ocrx_word' id='word_1_787' title='bbox 1956 5028 2106 5069; x_wconf 89' lang='lat' dir='ltr'><strong>nunc</strong></span> <span class='ocrx_word' id='word_1_788' title='bbox 2133 5021 2315 5067; x_wconf 89' lang='lat' dir='ltr'><strong>autem</strong></span> <span class='ocrx_word' id='word_1_789' title='bbox 2334 5027 2446 5067; x_wconf 88' lang='lat' dir='ltr'><strong>non</strong></span> <span class='ocrx_word' id='word_1_790' title='bbox 2474 5009 2751 5081; x_wconf 79' lang='lat' dir='ltr'><strong>exigentes</strong></span> <span class='ocrx_word' id='word_1_791' title='bbox 2788 5024 2911 5079; x_wconf 56' lang='lat' dir='ltr'><strong>quas</strong></span> <span class='ocrx_word' id='word_1_792' title='bbox 2969 5006 3128 5063; x_wconf 91' lang='lat' dir='ltr'><strong>nobis</strong></span> <span class='ocrx_word' id='word_1_793' title='bbox 3154 5006 3380 5071; x_wconf 89' lang='lat' dir='ltr'><strong>debent,</strong></span> 
     </span>
    </p>
   </div>
   <div class='ocr_carea' id='block_1_109' title="bbox 1798 5097 3381 5173">
    <p class='ocr_par' dir='ltr' id='par_1_109' title="bbox 1798 5097 3381 5173">
     <span class='ocr_line' id='line_1_109' title="bbox 1798 5097 3381 5173; baseline -0.008 -10"><span class='ocrx_word' id='word_1_794' title='bbox 1798 5108 1894 5163; x_wconf 92' lang='lat' dir='ltr'><strong>sed</strong></span> <span class='ocrx_word' id='word_1_795' title='bbox 1914 5114 1968 5161; x_wconf 88' lang='lat' dir='ltr'><strong>et</strong></span> <span class='ocrx_word' id='word_1_796' title='bbox 2001 5104 2368 5161; x_wconf 86' lang='lat' dir='ltr'><strong>concedentes</strong></span> <span class='ocrx_word' id='word_1_797' title='bbox 2396 5102 2476 5158; x_wconf 90' lang='lat' dir='ltr'><strong>eis</strong></span> <span class='ocrx_word' id='word_1_798' title='bbox 2529 5100 2784 5173; x_wconf 86' lang='lat' dir='ltr'><strong>colligere</strong></span> <span class='ocrx_word' id='word_1_799' title='bbox 2832 5114 3186 5169; x_wconf 81' lang='lat' dir='ltr'><strong>quascunque</strong></span> <span class='ocrx_word' id='word_1_800' title='bbox 3246 5097 3381 5152; x_wconf 87' lang='lat' dir='ltr'><strong>reli-</strong></span> 
     </span>
    </p>
   </div>
   <div class='ocr_carea' id='block_1_110' title="bbox 1797 5190 3380 5271">
    <p class='ocr_par' dir='ltr' id='par_1_110' title="bbox 1797 5190 3380 5271">
     <span class='ocr_line' id='line_1_110' title="bbox 1797 5190 3380 5271; baseline -0.006 -16"><span class='ocrx_word' id='word_1_801' title='bbox 1797 5200 1953 5271; x_wconf 89' lang='lat' dir='ltr'><strong>quias</strong></span> <span class='ocrx_word' id='word_1_802' title='bbox 1983 5198 2228 5253; x_wconf 90' lang='lat' dir='ltr'><strong>omnium</strong></span> <span class='ocrx_word' id='word_1_803' title='bbox 2260 5197 2546 5261; x_wconf 90' lang='lat' dir='ltr'><strong>bonorum,</strong></span> <span class='ocrx_word' id='word_1_804' title='bbox 2574 5211 2697 5265; x_wconf 72' lang='lat' dir='ltr'><strong>qua:</strong></span> <span class='ocrx_word' id='word_1_805' title='bbox 2726 5210 2759 5249; x_wconf 92' lang='lat' dir='ltr'><strong>a</strong></span> <span class='ocrx_word' id='word_1_806' title='bbox 2813 5192 2925 5250; x_wconf 90' lang='lat' dir='ltr'><strong>Deo</strong></span> <span class='ocrx_word' id='word_1_807' title='bbox 2966 5193 3167 5248; x_wconf 84' lang='lat' dir='ltr'><strong>donata</strong></span> <span class='ocrx_word' id='word_1_808' title='bbox 3218 5190 3380 5246; x_wconf 88' lang='lat' dir='ltr'><strong>nobis</strong></span> 
     </span>
    </p>
   </div>
   <div class='ocr_carea' id='block_1_111' title="bbox 1799 5284 3375 5360">
    <p class='ocr_par' dir='ltr' id='par_1_111' title="bbox 1799 5284 3375 5360">
     <span class='ocr_line' id='line_1_111' title="bbox 1799 5284 3375 5360; baseline -0.006 -13"><span class='ocrx_word' id='word_1_809' title='bbox 1799 5301 1947 5358; x_wconf 88' lang='lat' dir='ltr'><strong>sunt,</strong></span> <span class='ocrx_word' id='word_1_810' title='bbox 1979 5288 2304 5360; x_wconf 89' lang='lat' dir='ltr'><strong>repererint,</strong></span> <span class='ocrx_word' id='word_1_811' title='bbox 2330 5298 2387 5343; x_wconf 92' lang='lat' dir='ltr'><strong>et</strong></span> <span class='ocrx_word' id='word_1_812' title='bbox 2426 5288 2625 5342; x_wconf 89' lang='lat' dir='ltr'><strong>imitari</strong></span> <span class='ocrx_word' id='word_1_813' title='bbox 2655 5303 2783 5343; x_wconf 89' lang='lat' dir='ltr'><strong>eum</strong></span> <span class='ocrx_word' id='word_1_814' title='bbox 2829 5286 2922 5357; x_wconf 90' lang='lat' dir='ltr'><strong>qui</strong></span> <span class='ocrx_word' id='word_1_815' title='bbox 2967 5284 3211 5347; x_wconf 83' lang='lat' dir='ltr'><strong>donavit,</strong></span> <span class='ocrx_word' id='word_1_816' title='bbox 3264 5297 3375 5338; x_wconf 90' lang='lat' dir='ltr'><strong>non</strong></span> 
     </span>
    </p>
   </div>
   <div class='ocr_carea' id='block_1_112' title="bbox 1799 5377 3376 5451">
    <p class='ocr_par' dir='ltr' id='par_1_112' title="bbox 1799 5377 3376 5451">
     <span class='ocr_line' id='line_1_112' title="bbox 1799 5377 3376 5451; baseline -0.005 -12"><span class='ocrx_word' id='word_1_817' title='bbox 1799 5394 2010 5440; x_wconf 85' lang='lat' dir='ltr'><strong>tantum</strong></span> <span class='ocrx_word' id='word_1_818' title='bbox 2031 5382 2457 5449; x_wconf 88' lang='lat' dir='ltr'><strong>misericordem,</strong></span> <span class='ocrx_word' id='word_1_819' title='bbox 2492 5382 2590 5437; x_wconf 87' lang='lat' dir='ltr'><strong>sed</strong></span> <span class='ocrx_word' id='word_1_820' title='bbox 2620 5390 2676 5436; x_wconf 91' lang='lat' dir='ltr'><strong>et</strong></span> <span class='ocrx_word' id='word_1_821' title='bbox 2702 5381 2796 5451; x_wconf 91' lang='lat' dir='ltr'><strong>qui</strong></span> <span class='ocrx_word' id='word_1_822' title='bbox 2851 5380 3037 5436; x_wconf 77' lang='lat' dir='ltr'><strong>multa:</strong></span> <span class='ocrx_word' id='word_1_823' title='bbox 3066 5377 3376 5435; x_wconf 86' lang='lat' dir='ltr'><strong>miseratio-</strong></span> 
     </span>
    </p>
   </div>
   <div class='ocr_carea' id='block_1_113' title="bbox 1793 5472 3377 5546">
    <p class='ocr_par' dir='ltr' id='par_1_113' title="bbox 1793 5472 3377 5546">
     <span class='ocr_line' id='line_1_113' title="bbox 1793 5472 3377 5546; baseline -0.004 -15"><span class='ocrx_word' id='word_1_824' title='bbox 1793 5477 1880 5531; x_wconf 90' lang='lat' dir='ltr'><strong>nis</strong></span> <span class='ocrx_word' id='word_1_825' title='bbox 1911 5485 1996 5531; x_wconf 90' lang='lat' dir='ltr'><strong>est</strong></span> <span class='ocrx_word' id='word_1_826' title='bbox 2050 5484 2215 5546; x_wconf 90' lang='lat' dir='ltr'><strong>atque</strong></span> <span class='ocrx_word' id='word_1_827' title='bbox 2243 5474 2461 5531; x_wconf 91' lang='lat' dir='ltr'><strong>dicitur.</strong></span> <span class='ocrx_word' id='word_1_828' title='bbox 2500 5472 2568 5529; x_wconf 87' lang='lat' dir='ltr'><strong>Et</strong></span> <span class='ocrx_word' id='word_1_829' title='bbox 2614 5484 2907 5544; x_wconf 87' lang='lat' dir='ltr'><strong>propterea</strong></span> <span class='ocrx_word' id='word_1_830' title='bbox 2952 5480 3243 5537; x_wconf 85' lang='lat' dir='ltr'><strong>metentes,</strong></span> <span class='ocrx_word' id='word_1_831' title='bbox 3281 5481 3377 5525; x_wconf 86' lang='lat' dir='ltr'><strong>aut</strong></span> 
     </span>
    </p>
   </div>
   <div class='ocr_carea' id='block_1_114' title="bbox 1790 5561 3373 5632">
    <p class='ocr_par' dir='ltr' id='par_1_114' title="bbox 1790 5561 3373 5632">
     <span class='ocr_line' id='line_1_114' title="bbox 1790 5561 3373 5632; baseline -0.004 -13"><span class='ocrx_word' id='word_1_832' title='bbox 1790 5564 2016 5619; x_wconf 88' lang='lat' dir='ltr'><strong>omnino</strong></span> <span class='ocrx_word' id='word_1_833' title='bbox 2044 5562 2465 5625; x_wconf 88' lang='lat' dir='ltr'><strong>vindemiantes,</strong></span> <span class='ocrx_word' id='word_1_834' title='bbox 2492 5562 2693 5617; x_wconf 89' lang='lat' dir='ltr'><strong>iterare</strong></span> <span class='ocrx_word' id='word_1_835' title='bbox 2712 5562 2905 5617; x_wconf 91' lang='lat' dir='ltr'><strong>eodem</strong></span> <span class='ocrx_word' id='word_1_836' title='bbox 2928 5570 3176 5632; x_wconf 82' lang='lat' dir='ltr'><strong>tempore</strong></span> <span class='ocrx_word' id='word_1_837' title='bbox 3202 5561 3373 5632; x_wconf 88' lang='lat' dir='ltr'><strong>ipsam</strong></span> 
     </span>
    </p>
   </div>
   <div class='ocr_carea' id='block_1_115' title="bbox 1794 5653 3376 5725">
    <p class='ocr_par' dir='ltr' id='par_1_115' title="bbox 1794 5653 3376 5725">
     <span class='ocr_line' id='line_1_115' title="bbox 1794 5653 3376 5725; baseline -0.004 -13"><span class='ocrx_word' id='word_1_838' title='bbox 1794 5672 2095 5712; x_wconf 89' lang='lat' dir='ltr'><strong>messuram</strong></span> <span class='ocrx_word' id='word_1_839' title='bbox 2152 5655 2591 5725; x_wconf 90' lang='lat' dir='ltr'><strong>vindemiamque</strong></span> <span class='ocrx_word' id='word_1_840' title='bbox 2646 5670 2757 5709; x_wconf 91' lang='lat' dir='ltr'><strong>non</strong></span> <span class='ocrx_word' id='word_1_841' title='bbox 2789 5653 3210 5725; x_wconf 59' lang='lat' dir='ltr'><strong>praecepimsed</strong></span> <span class='ocrx_word' id='word_1_842' title='bbox 3270 5667 3376 5707; x_wconf 91' lang='lat' dir='ltr'><strong>nec</strong></span> 
     </span>
    </p>
   </div>
   <div class='ocr_carea' id='block_1_116' title="bbox 1796 5748 3371 5817">
    <p class='ocr_par' dir='ltr' id='par_1_116' title="bbox 1796 5748 3371 5817">
     <span class='ocr_line' id='line_1_116' title="bbox 1796 5748 3371 5817; baseline -0.002 -11"><span class='ocrx_word' id='word_1_843' title='bbox 1796 5765 1863 5806; x_wconf 80' lang='lat' dir='ltr'><strong>ex</strong></span> <span class='ocrx_word' id='word_1_844' title='bbox 1888 5758 2002 5805; x_wconf 88' lang='lat' dir='ltr'><strong>toto</strong></span> <span class='ocrx_word' id='word_1_845' title='bbox 2023 5759 2229 5806; x_wconf 89' lang='lat' dir='ltr'><strong>metere</strong></span> <span class='ocrx_word' id='word_1_846' title='bbox 2287 5757 2383 5805; x_wconf 92' lang='lat' dir='ltr'><strong>aut</strong></span> <span class='ocrx_word' id='word_1_847' title='bbox 2411 5748 2746 5807; x_wconf 88' lang='lat' dir='ltr'><strong>vindemiare</strong></span> <span class='ocrx_word' id='word_1_848' title='bbox 2798 5750 3049 5817; x_wconf 72' lang='lat' dir='ltr'><strong>aancivit,</strong></span> <span class='ocrx_word' id='word_1_849' title='bbox 3086 5750 3183 5807; x_wconf 84' lang='lat' dir='ltr'><strong>sed</strong></span> <span class='ocrx_word' id='word_1_850' title='bbox 3204 5748 3371 5806; x_wconf 86' lang='lat' dir='ltr'><strong>relin-</strong></span> 
     </span>
    </p>
   </div>
   <div class='ocr_carea' id='block_1_117' title="bbox 1323 5953 2370 6027">
    <p class='ocr_par' dir='ltr' id='par_1_117' title="bbox 1323 5953 2370 6027">
     <span class='ocr_line' id='line_1_117' title="bbox 1323 5953 2370 6027; baseline -0.004 -14"><span class='ocrx_word' id='word_1_851' title='bbox 1323 5953 1605 6027; x_wconf 12' lang='lat' dir='ltr'><strong>&quot;rlloan.</strong></span> <span class='ocrx_word' id='word_1_852' title='bbox 1640 5971 1720 6024; x_wconf 83' lang='grc' dir='ltr'><strong>ιη,</strong></span> <span class='ocrx_word' id='word_1_853' title='bbox 1759 5954 1851 6010; x_wconf 74' lang='lat'><strong>2|.</strong></span> <span class='ocrx_word' id='word_1_854' title='bbox 1925 5955 1971 5989; x_wconf 84' lang='lat'><strong>&quot;</strong></span> <span class='ocrx_word' id='word_1_855' title='bbox 2033 5954 2148 6011; x_wconf 83' lang='lat' dir='ltr'><strong>Jac.</strong></span> <span class='ocrx_word' id='word_1_856' title='bbox 2182 5969 2253 6021; x_wconf 81' lang='lat' dir='ltr'><strong>tv,</strong></span> <span class='ocrx_word' id='word_1_857' title='bbox 2284 5953 2370 6009; x_wconf 76' lang='lat' dir='ltr'><strong>l3.</strong></span> 
     </span>
    </p>
   </div>
  </div>
