3928 6446
595 418 730 482 1023

1773 419 2134 481 HESYCHII
2169 414 2639 479 PRESBYTERI

3723 402 3816 466 102$

589 550 757 602 quere
782 535 1042 603 quasdam
1085 535 1400 590 omnimodo
1429 535 1654 606 pauperi
1686 543 1741 590 et
1770 535 2044 606 proselyto
2094 533 2162 588 de
2191 540 2238 596 Α
2265 535 2389 605 quia
2415 531 2708 602 exspectavi
2729 541 2782 584 ut
2808 531 3005 601 faceret
3029 541 3220 586 uvam,
3245 533 3299 575 et
3325 520 3456 590 fecit
3471 518 3817 586 spinas”.0ua
3888 583 3889 590 η

595 626 869 680 messione
913 635 968 681 et
1000 626 1269 681 vindemia
1300 627 1574 697 reliquias.
1607 638 1666 683 et
1715 629 1848 692 Deo,
1898 629 1988 698 qui
2057 629 2166 683 fru-

589 728 714 773 ctus
745 719 889 788 ipsos
916 718 1043 772 oriri
1075 719 1220 782 facit,
1252 719 1570 788 operatoriis
1595 720 1886 789 gratiarum
1935 719 2165 774 actioni-

593 812 694 864 bus
720 826 1096 879 compensare,
1131 825 1231 863 nec
1263 809 1372 863 ullo
1394 809 1555 862 modo
1606 810 1724 879 ejus
1773 809 2164 880 dispensationi

520 955 523 960 ,
597 901 868 973 ingratqu
900 903 1197 956 exsistere:
1228 901 1315 955 cui
1342 901 1661 970 quibusdam
1690 902 1906 971 quidem
1950 902 2165 956 divitias

588 996 716 1048 dare.
748 995 964 1063 placuit,
989 995 1108 1048 aliis
1130 1004 1313 1047 autem
1355 995 1473 1050 sine
1535 996 1720 1050 labore
1755 994 1950 1048 nutriri
1975 994 2041 1048 de
2081 1009 2166 1048 re-

593 1088 772 1157 liquiis
799 1088 1146 1142 abundantize
1181 1088 1431 1152 aliorum,
1475 1097 1535 1143 ut
1565 1098 1618 1143 et
1680 1103 1867 1147 eorum
1895 1087 1984 1157 qui
2021 1086 2166 1141 divi-

592 1191 670 1236 tes
714 1195 858 1248 sunt,
911 1183 1266 1253 dispensatio,
1293 1193 1350 1238 et
1378 1199 1678 1254 pauperum
1723 1190 1928 1252 quanta
1951 1181 2022 1235 sit
2066 1195 2165 1250 pa-

591 1272 778 1326 tientia
797 1273 1073 1341 probetur.
1104 1275 1251 1340 Quos
1280 1275 1406 1343 quia
1443 1291 1546 1329 nec
1585 1275 1710 1328 odio
1765 1273 1950 1336 habet,
2004 1287 2106 1325 nec
2135 1287 2166 1325 a

588 1379 683 1418 sua
736 1365 1077 1435 providentia
1125 1367 1341 1436 repulit,
1389 1367 1533 1436 quod
1586 1365 1804 1436 quidam
1847 1363 2167 1433 insipienter

589 1462 801 1522 putant,
856 1455 1109 1524 pauperis
1164 1465 1220 1510 et
1263 1455 1517 1527 proselyti
1569 1455 1885 1510 memoriam
1938 1452 2162 1519 faciens,

586 1543 731 1598 illico
751 1545 992 1599 subdidit
1026 1562 1040 1598 :
1337 1590 1355 1609 κ

660 1633 778 1704 Ego
820 1651 935 1687 sum
984 1634 1235 1689 Dominus
1305 1635 1441 1689 Deus
1506 1644 1693 1690 vester.
1746 1633 1986 1688 Primum
2051 1635 2169 1705 qui-

588 1725 710 1780 dem
757 1726 905 1779 illum
964 1726 1336 1792 manifestans,
1381 1727 1474 1797 qui
1537 1728 1732 1782 divites
1769 1726 1898 1782 facit
1929 1746 1941 1781 :
1969 1729 2165 1784 deinde

588 1831 714 1869 eum
769 1817 858 1885 qui
919 1833 1017 1886 pro
1051 1819 1209 1873 nobis
1256 1835 1461 1889 pauper
1521 1821 1747 1875 effectus
1787 1830 1890 1884 est,
1967 1831 2021 1876 et
2071 1823 2162 1892 qui

2267 625 2540 696 quondam
2569 633 2751 678 tamen
2782 619 3139 692 paucissimos
3209 626 3475 668 racemos
3504 609 3734 671 habebat,
3765 614 3818 664 di-

2268 731 2554 769 versorum
2627 726 2940 782 temporqu
2989 710 3195 780 justus,
3257 712 3495 781 propter
3533 716 3663 770 quos
3701 713 3820 755 etiam

2270 808 2433 863 totius
2463 807 2633 861 vinea:
2657 821 2845 860 curam
2892 817 3065 871 usque
3093 799 3392 870 quoddam
3421 805 3655 888 tempus,
3687 803 3807 888 pater
3865 859 3874 888 J

2268 898 2498 953 familias
2525 899 2691 969 gessit
2749 898 3313 952 Demmistratautem
3349 896 3408 942 et
3454 889 3557 941 hoc
3608 887 3750 940 Isaias
3774 891 3824 940 di

2267 1007 2398 1046 cens
2433 1009 2445 1043 :
2488 991 2756 1056 Quomodo
2781 991 2833 1050 ,si
2863 989 3165 1042 inveniatur
3211 997 3458 1054 granum
3505 980 3560 1031 in
3610 978 3753 1040 botro,
3794 991 3825 1032 et

2268 1087 2476 1139 dicatur
2504 1101 2519 1138 :
2545 1085 2622 1139 Ne
2653 1085 2871 1154 dissipes
2909 1083 3057 1144 illud,
3095 1079 3370 1137 quoniam
3405 1075 3720 1128 benedictum
3741 1085 3821 1137 est;
3867 1075 3874 1104 ξ

2266 1179 2342 1231 sic
2373 1178 2568 1248 faciam
2597 1185 2808 1245 propter
2839 1191 3010 1229 servos
3050 1189 3221 1235 meos,
3288 1179 3350 1223 ut
3415 1185 3525 1220 non
3579 1168 3820 1233 disperdau

2268 1280 2434 1325 totum
2458 1272 2522 1324 ⁸⁵.
2550 1270 2661 1324 Hos
2683 1285 2814 1340 ergo
2840 1251 3083 1323 racemos
3133 1263 3378 1320 sibimet
3407 1260 3658 1330 colligere
3673 1257 3816 1323 Iud-ei,

2267 1365 2396 1419 ctiu
2429 1363 2542 1418 suis
2577 1363 2780 1420 divitiis
2819 1359 3192 1416 thesaurizare
3247 1371 3371 1410 non
3437 1361 3681 1422 possunt,
3732 1353 3818 1420 quia

2267 1474 2456 1514 eorum
2478 1458 2644 1513 vitam
2673 1455 2898 1510 minime
2929 1463 3058 1507 sunt
3100 1449 3295 1512 zelati,
3348 1445 3582 1517 pauperi
3613 1453 3816 1498 autemet

2268 1565 2360 1604 eos
2391 1547 2660 1618 proselyto
2697 1545 3029 1614 relinquunt.
3063 1541 3385 1595 Nobiscum
3409 1537 3559 1590 enim
3594 1544 3710 1588 sunt
3729 1551 3816 1603 pro-

2266 1642 2466 1712 phetaz,
2504 1649 2558 1694 et
2586 1648 2848 1709 quotquot
2874 1637 3002 1707 justi
3052 1634 3200 1704 apud
3259 1632 3535 1702 populum
3587 1628 3813 1722 Judaicum
3888 1709 3889 1722 1

2267 1735 2506 1796 fuerunt,
2537 1733 2591 1786 in
2623 1741 2832 1786 tantum
2877 1739 2933 1784 ut
2983 1726 3274 1782 memoria:
3308 1739 3509 1778 eorum
3534 1739 3563 1775 a
3595 1721 3731 1774 nobis
3748 1737 3816 1773 ιιι·
3887 1725 3889 1796 λ

2269 1825 2352 1878 nis
2381 1824 2605 1895 Singulis
2634 1825 2972 1877 honorentur
3003 1833 3019 1872 :
3048 1817 3196 1888 quod
3227 1815 3386 1886 apud
3410 1815 3535 1868 illos
3569 1829 3670 1866 non
3696 1814 3756 1873 fit,
3777 1825 3813 1864 ut

590 1902 890 1972 proselytus
948 1904 1002 1957 in
1047 1913 1189 1960 terra
1238 1922 1334 1962 sua
1367 1908 1542 1963 factus
1591 1918 1674 1964 est
1717 1909 1814 1964 :in
1859 1911 1972 1966 suis
1994 1913 2160 1978 enim,

2267 1917 2639 1985 experimento
2664 1925 3024 1987 cognoscatur
3070 1914 3394 1969 veridicum
3451 1908 3688 1961 divinum
3732 1904 3812 1957 elo-

586 1992 737 2046 velut
765 1991 818 2044 in
843 1993 1054 2059 alienis,
1089 1998 1466 2067 peregrinatus
1494 2008 1596 2065 est,
1625 2015 1728 2054 nec
1761 2001 1940 2056 locum
1960 2003 2165 2060 habens

594 2082 648 2135 in
675 2090 817 2135 terra
842 2083 1144 2140 diversorii.
1187 2087 1301 2142 Non
1330 2091 1474 2145 enim
1529 2093 1786 2162 pauperis
1827 2106 1882 2148 et
1913 2094 2164 2166 proselyti

590 2174 893 2242 susciperet
929 2192 1234 2245 personam,
1275 2182 1318 2235 si
1339 2198 1432 2238 eos
1472 2194 1832 2240 aversaretur.
1875 2187 2027 2242 Unde
2068 2203 2166 2258 per

596 2265 760 2320 David
783 2268 921 2321 dixit
958 2285 971 2321 :
1007 2269 1233 2340 Propter
1262 2276 1530 2331 miseriam
1551 2280 1786 2348 inopum,
1812 2290 1858 2333 et
1917 2281 2166 2351 gemitum

591 2371 907 2426 pauperum,
938 2376 1074 2414 nunc
1127 2377 1426 2434 exsurgant,
1471 2369 1597 2421 dicit
1661 2368 1915 2423 Dominus
1940 2369 2004 2426 "’.
2060 2371 2167 2426 Sed

595 2457 880 2516 postquam
913 2451 1053 2507 hanc
1085 2455 1390 2523 reperimus
1415 2457 1701 2513 utilitatem
1743 2459 1959 2519 litterte.
2023 2460 2169 2518 inte-

595 2538 792 2594 riorem
827 2541 878 2595 in
913 2559 975 2596 ea
997 2543 1330 2602 intellectum
1363 2548 1797 2606 consideremus.
1826 2553 1962 2608 Cum
2019 2555 2167 2610 enim

590 2645 720 2706 ager
742 2635 813 2688 sit
847 2637 1102 2702 mundus,
1141 2639 1600 2706 quemadmodum
1641 2645 1800 2698 nobis
1826 2645 2077 2701 Christus
2094 2648 2171 2701 zi-

592 2727 868 2784 zaniorum
884 2731 1197 2799 parabolam
1221 2730 1587 2803 interpretans
1612 2736 1901 2803 tradidit",
1924 2755 2169 2794 messura

591 2831 723 2875 vero
746 2819 1056 2892 evangelica
1086 2822 1350 2887 doctrina,
1384 2824 1524 2878 sicut
1544 2841 1731 2881 rursus
1763 2827 1898 2882 dixit
1924 2829 2169 2899 discipu-

591 2909 658 2968 lis
679 2914 940 2968 Dominus
977 2933 989 2966 :
1037 2915 1216 2968 Messis
1253 2917 1461 2984 quidem
1493 2917 1680 2983 multa,
1711 2921 1939 2988 operarii
1996 2932 2171 2976 autem

593 3005 767 3073 pauci.
792 3005 989 3076 Rogate
1010 3023 1128 3077 ergo
1175 3007 1454 3061 Dominum
1513 3011 1712 3073 messis,
1751 3021 1806 3064 ut
1846 3013 2020 3066 mittat
2047 3030 2170 3083 ope-

596 3099 766 3152 rarios
789 3098 842 3152 in
875 3115 1088 3151 messem
1107 3116 1260 3152 suam
1287 3101 1356 3152 ⁸⁸.
1431 3099 1586 3166 Quod
1646 3118 1811 3172 opere
1855 3106 2169 3175 explanans,

595 3190 884 3245 duodecim
907 3177 1201 3259 discipulos
1227 3207 1291 3246 ex
1325 3192 1403 3246 eis
1442 3194 1782 3261 convocavit,
1838 3197 1988 3252 eteis
2030 3198 2172 3253 illico

598 3281 820 3335 verbum
855 3281 1154 3337 doetrinale
1203 3283 1494 3339 commisit.
1542 3286 1739 3355 Aperte
1795 3305 1892 3358 per
1935 3305 1997 3343 ea
2053 3306 2172 3360 quae

591 3389 740 3429 nunc
798 3374 938 3429 dicta
985 3383 1132 3440 sunt,
1181 3376 1456 3446 legislator
1505 3379 1818 3436 doctoribus
1854 3381 2166 3437 Judworum

592 3467 867 3537 praecepit,
925 3485 1265 3540 nequaquam
1309 3472 1474 3528 totius
1499 3473 1632 3544 legis
1669 3473 2170 3542 interpretationem

561 3573 688 3640 .eos
714 3568 1025 3626 attrectare,
1061 3564 1157 3618 sed
1195 3564 1392 3618 cedere
1431 3565 1675 3634 quaedam
1703 3567 1925 3636 pauperi
1957 3579 2012 3620 et
2045 3583 2174 3637 pro-

593 3651 796 3722 selyto,
828 3653 1144 3710 doctoribus
1181 3656 1431 3712 videlicet
1479 3659 1721 3728 gentium
1755 3677 1766 3712 :
1803 3676 2067 3730 pauperes
2092 3671 2174 3716 et-

593 3745 737 3798 enim
761 3746 814 3799 hi
851 3757 997 3812 sunt,
1037 3749 1162 3817 quia
1195 3749 1388 3818 spiritu
1441 3766 1706 3820 pauperes
1755 3767 1875 3806 esse
1919 3755 2174 3824 prmcepti

595 3845 744 3897 sunt.
769 3847 824 3892 et
844 3840 909 3893 ad
957 3856 1053 3896 eos
1105 3842 1384 3896 dicebatur
1419 3863 1432 3896 :
1471 3843 1620 3898 Beati
1654 3863 1909 3916 pauperes
1961 3849 2173 3917 spiritu,

592 3931 717 4000 quia
745 3935 976 4001 ipsorum
1011 3944 1084 3988 est
1141 3951 1358 4006 regnum
1390 3937 1634 3991 caelorum
1665 3940 1709 3970 ⁸²
1744 3956 1756 3990 :
1795 3941 2048 4012 proselyti
2081 3956 2176 3996 au-

597 4029 726 4084 tem,
753 4031 812 4076 ut
850 4009 994 4078 nunc
1024 4025 1350 4094 semetipsos
1384 4028 1695 4097 cogitationi
1721 4026 1951 4084 Abrahae
1981 4029 2174 4084 subin-

594 4113 854 4178 ferentes,
896 4123 950 4170 et
979 4117 1044 4170 ad
1073 4115 1241 4170 Deum
1269 4120 1591 4174 accedentes
1645 4121 1808 4176 modo
1835 4137 1934 4191 per
1988 4123 2171 4178 fidem.

595 4204 739 4274 Ergo
774 4208 876 4262 hoc
901 4210 1045 4279 quod
1075 4211 1270 4282 legitur
1307 4228 1319 4263 :
1350 4212 1473 4265 Non
1515 4212 1733 4269 occides
1763 4231 1776 4268 :
1803 4213 1922 4268 Non
1954 4215 2174 4270 adulte-

595 4299 760 4362 rabis,
799 4301 1028 4356 doceant
1055 4303 1443 4358 etJudaeorum
1496 4304 1765 4360 doctores.
1824 4305 2175 4378 Quaecunque

593 4395 776 4442 autem
802 4391 1168 4446 necessariam
1211 4391 1411 4445 habent
1436 4393 1949 4460 contemplationem
1975 4406 2031 4450 et
2085 4397 2174 4450 in-

595 4481 1042 4548 terpretationem
1069 4523 1084 4544 ,
1108 4483 1275 4537 veluti
1309 4498 1371 4537 ea
1402 4499 1522 4553 qua:
1553 4493 1681 4539 sunt
1710 4486 1778 4541 de
1808 4488 2176 4543 mundationi-

596 4572 719 4635 bus,
745 4573 814 4627 de
859 4574 1158 4642 sacrificiis,
1192 4585 1248 4632 et
1275 4577 1378 4631 alia
1401 4576 1618 4645 similia,
1643 4579 1955 4636 doctoribus
1984 4591 2039 4637 et
2065 4581 2166 4637 Ec-

595 4664 771 4720 clesiae
791 4667 1006 4721 cedant.

656 4755 726 4808 Et
751 4773 868 4826 qua:
903 4758 1145 4812 decidunt
1165 4759 1228 4814 de
1258 4777 1491 4815 messura
1551 4778 1751 4816 eorum.
1787 4762 1846 4816 Id
1881 4771 1984 4828 est,
2015 4778 2166 4832 qua-

595 4861 816 4917 cunque
845 4858 1077 4905 cernunt
1102 4866 1196 4904 eos
1243 4853 1718 4924 transgredientia,
1761 4870 1883 4924 quae
1912 4855 2166 4911 videlicet

593 4938 864 5009 ignorant.
899 4940 1054 4996 Unde
1079 4943 1224 4996 enim
1251 4953 1480 5013 possunt
1527 4945 1709 5001 dicere
1756 4945 1887 5016 legis
1940 4947 2168 5019 ﬁgurata

593 5031 872 5100 mysteria,
926 5047 1049 5086 cum
1096 5034 1215 5102 ejus
1264 5035 1547 5090 veritatem
1598 5036 1846 5092 Christus
1883 5048 2168 5108 postquam

593 5121 831 5187 advenit,
887 5125 1208 5180 tradiderit?
1233 5124 1402 5182 Vinea
1434 5137 1614 5183 autem
1663 5128 1778 5198 ipse
1807 5129 2038 5199 populus
2071 5129 2169 5184 Ju-

592 5212 832 5267 dteorum
855 5215 1154 5281 dicebatur,
1177 5218 1322 5286 quod
1340 5218 1677 5273 demonstrat
1703 5220 1847 5274 Deus
1865 5236 1961 5289 per
1976 5221 2167 5276 Isaiam

595 5297 1029 5360 dicens":Vinea
1057 5308 1194 5361 enim
1221 5308 1434 5363 Domini
1463 5310 1713 5375 Sabaoth,
1764 5313 1946 5366 domus
1994 5312 2169 5367 Israel

594 5403 691 5448 est.
728 5395 836 5450 ista
866 5396 1105 5453 fructum
1130 5400 1414 5456 mulierem
1443 5417 1551 5455 non
1574 5401 1804 5467 ferebat,
1838 5403 1890 5457 in
1923 5420 2031 5474 quo
2048 5421 2166 5460 eam

597 5489 1010 5558 reprehendens
1041 5508 1138 5562 per
1160 5492 1308 5548 Isaia:
1332 5495 1674 5564 prophetiam
1705 5497 1965 5552 Dominus
1994 5499 2165 5553 dixit:

597 5578 734 5642 Quid
768 5582 963 5651 faciam
993 5584 1156 5638 vinea:
1185 5600 1315 5639 mete
1343 5585 1513 5639 adhuc
1556 5589 1693 5656 quod
1722 5590 1769 5641 ei
1799 5604 1900 5641 non
1923 5589 2171 5658 fecerim?

668 5781 714 5810 "'
745 5779 941 5836 Psalm.
975 5800 1049 5851 ιιι,
1081 5784 1136 5838 6.
1208 5784 1254 5815 ⁸⁰
1282 5783 1470 5840 Matth.
1495 5803 1613 5851 xm,
1641 5787 1733 5842 ‘50.
1805 5788 1846 5820 "
1878 5789 2007 5843 Luc.
2041 5805 2093 5854 ι,
2121 5789 2168 5843 2.

668 5848 832 5906 Zach.
859 5869 913 5916 γ,
945 5854 998 5908 ὅ.
1075 5855 1118 5886 ⁸⁷
1149 5854 1191 5908 ll
1221 5854 1352 5916 Reg.
1380 5873 1496 5912 xm.
1572 5859 1618 5891 ιδ
1644 5858 1714 5913 ill
1747 5857 1877 5916 Rea.
1914 5875 2026 5914 χχι.
2101 5861 2146 5894 ⁸³

2267 5788 2478 5846 'Matth.
2507 5807 2560 5856 v,
2596 5792 2651 5848 ’5.

2267 5876 2309 5915 ι.
2339 5878 2423 5916 ιι..
2468 5861 2552 5916 15.

2219 5876 2309 5916 en.
2339 5878 2423 5926 XL,
2468 5876 2552 5916 ιδ.

597 5842 647 5879 ⁸⁸
666 5848 832 5906 Zach.
859 5869 913 5918 γ,
945 5854 998 5908 5.
1036 5842 1047 5851 ’
1075 5855 1118 5886 ⁸⁷
1149 5854 1191 5908 ll
1221 5854 1352 5927 Reg.
1380 5873 1496 5912 xm.
1572 5842 1618 5891 ιδ
1644 5858 1714 5913 ill
1747 5857 1877 5930 Reg.
1914 5842 2026 5914 uni.

2305 2025 2473 2062 unum.

2305 2025 2473 2062 mum.

2264 2023 2296 2079 ι]
2339 2101 2500 2155 Vens.
2545 2101 2630 2154 η.
2676 2120 2694 2152 ι
2729 2100 2848 2154 Non
2890 2099 3103 2154 facietis
3142 2097 3361 2151 furtum
3401 2113 3415 2148 :
3468 2092 3585 2146 Non
3629 2089 3808 2144 mentie-

2267 2193 2437 2247 mini:
2473 2191 2584 2247 Nec
2622 2192 2854 2260 decipiet
2882 2192 3264 2262 unusquisque
3299 2187 3614 2258 proximum
3643 2198 3770 2236 suum
3797 2201 3805 2233 :

2267 2288 2386 2342 Non
2421 2285 2736 2357 perjurahis
2765 2285 2818 2338 in
2848 2285 3066 2339 nomine
3097 2299 3224 2338 meo
3269 2298 3284 2335 :
3335 2279 3460 2334 Non
3502 2276 3698 2348 pollues
3747 2288 3811 2325 no-
3888 2276 3889 2348 ξ

2270 2393 2392 2432 men
2422 2377 2518 2431 Dei
2556 2376 2656 2431 tui.
2683 2375 2795 2447 Ego
2821 2374 3100 2430 Dominus.
3139 2392 3159 2425 ι

2340 2471 2500 2524 Fines
2544 2470 2702 2523 nobis
2755 2470 2915 2524 home
2967 2464 3418 2522 conversationis
3467 2459 3720 2528 legislator
3747 2471 3806 2508 os-

2277 2561 2473 2628 tendit,
2510 2560 2781 2630 simulque
2827 2570 2884 2614 et
2926 2569 3171 2630 peccata,
3201 2573 3378 2626 quam
3409 2555 3477 2608 ad
3532 2567 3588 2607 se
3621 2549 3804 2604 invicem

2269 2659 2504 2714 habeant
2531 2654 2934 2728 cognationem,
2961 2651 3144 2706 tradit.
3182 2650 3324 2716 Quae
3371 2646 3518 2701 enim
3554 2659 3655 2736 nos.
3681 2654 3803 2736 parva

2271 2757 2544 2818 putamus,
2572 2744 2806 2800 maxima
2834 2749 2993 2798 sunt:
3017 2739 3291 2810 siquidem
3320 2737 3379 2790 in
3421 2731 3704 2788 mendacio.
3722 2731 3803 2818 sine

2271 2816 2432 2907 gulis,
2463 2845 2520 2890 ut
2543 2836 2614 2889 ita
2637 2835 2832 2899 dicam,
2864 2834 3056 2887 diebus
3089 2829 3342 2886 solemus
3393 2823 3710 2913 delinquere,
3743 2816 3801 2913 rel

2272 2928 2410 2992 loco,
2449 2928 2532 2981 vel
2555 2926 2755 2990 studio,
2789 2923 3149 2992 similiterque
3197 2912 3570 2990 jurisjurandi
3599 2912 3803 2980 praevari-

2273 3019 2506 3073 catione.
2544 3017 2669 3072 Haec
2713 3026 2896 3070 autem
2931 3016 2982 3068 in
3031 3023 3246 3067 lautum
3303 3017 3436 3065 sunt
3471 3019 3646 3076 parva,
3689 3008 3798 3050 Itth

2272 3109 2421 3163 furto
2448 3108 2838 3178 coniungeret:
2881 3115 2937 3159 et
2967 3112 3130 3165 recte,
3164 3101 3302 3171 quia
3355 3099 3560 3153 furtum
3597 3094 3801 3178 cperatur

2200 3234 2242 3292 ο
2278 3176 2595 3271 plerumque
2657 3176 3024 3253 mendacium.
3073 3195 3312 3292 Propter
3377 3187 3522 3258 quod

2277 3268 2562 3363 propheta,
2597 3283 2788 3344 falcem
2819 3304 2982 3357 quam
3009 3284 3424 3353 contemplatus
3458 3289 3538 3334 est
3564 3268 3799 3344 longitudio

2275 3384 2362 3438 nis
2414 3383 2720 3438 cubitorum
2776 3381 2988 3452 viginti,
3055 3389 3108 3432 et
3178 3373 3492 3431 latitudinis
3549 3368 3794 3423 cubitorum

2224 3507 2229 3511 -
2275 3477 2487 3541 decem,
2521 3486 2705 3530 centra
2725 3477 2870 3528 fures
2907 3489 3047 3536 eam,
3071 3479 3124 3525 et
3155 3480 3354 3524 contra
3381 3465 3617 3536 perjuros
3643 3471 3793 3512 exacu-

2277 3579 2384 3624 tam
2420 3569 2834 3632 demonstravit,
2857 3567 2936 3621 ait
2959 3567 3140 3620 enim:
3168 3562 3506 3635 Ingredietur
3531 3557 3585 3609 in
3628 3555 3786 3606 domum

2276 3663 2428 3734 furis,
2451 3673 2500 3716 et
2537 3662 2815 3732 perjuri“.
2846 3659 2951 3714 Sed
2976 3667 3032 3713 et
3051 3657 3313 3712 omnibus
3331 3651 3564 3725 peccatis
3586 3657 3782 3714 coopera-

2277 3761 2366 3806 tur
2416 3751 2792 3812 mendacium,
2853 3762 3196 3818 nequaquam
3259 3746 3408 3800 enim
3479 3738 3773 3830 corrumperet

2278 3843 2513 3899 Thamar
2589 3847 2820 3898 Ammon
2839 3842 2914 3904 ⁸⁷,
2983 3842 3026 3896 si
3095 3837 3512 3910 corruptionem
3566 3827 3768 3885 tuendaciu

2281 3937 2443 3991 David
2502 3936 2780 4006 decipiens
2842 3932 3232 4011 praevenisset:
3309 3930 3408 3985 sed
3478 3940 3575 3980 nec
3622 3914 3772 3974 Μῦθίὶι

2277 4031 2563 4085 lsraeliten
2605 4029 2821 4084 Jezabel
2878 4027 3236 4092 occideret“,
3281 4025 3388 4079 nisi
3429 4021 3598 4075 falsam
3635 4017 3779 4065 contra

2277 4138 2404 4178 cum
2434 4137 2531 4191 per
2564 4121 2808 4173 seniores
2842 4117 3244 4172 accusationem
3275 4107 3670 4180 composuisset:
3696 4095 3778 4194 Bc:

2277 4216 2478 4270 nedixit
2530 4213 2634 4267 Deo
2679 4223 2726 4265 et
2776 4211 2904 4282 regi.
2976 4211 3040 4264 Et
3077 4209 3192 4262 haec
3248 4206 3472 4278 quidem
3525 4211 3622 4254 cum
3660 4201 3779 4244 0mm

2276 4307 2599 4371 subtilitate,
2657 4313 2866 4374 utpOIe,
2924 4301 3036 4356 Deo
3086 4301 3394 4364 sanciente,
3428 4287 3778 4380 custodiamus:

2276 4417 2398 4456 cum
2428 4400 2514 4454 his
2542 4405 2801 4453 autemet
2831 4396 2996 4458 furto,
3028 4411 3136 4448 non
3194 4395 3310 4447 solo
3359 4405 3465 4461 quo
3496 4387 3545 4438 in
3590 4384 3782 4476 Ρθ⁰ξ¹¹¹¹¹εξ

2275 4492 2514 4562 delinqui
2545 4498 2741 4561 potest,
2789 4489 2883 4542 sed
2931 4500 2985 4542 et
3032 4487 3100 4540 ab
3129 4487 3278 4539 omni
3322 4483 3428 4538 alio
3480 4475 3781 4562 nosmetipsos

2201 4590 2242 4645 υ
2271 4584 2677 4646 abstineamus,
2724 4579 2869 4650 quod
2920 4593 3004 4632 esr
3056 4578 3323 4631 malitiose
3376 4575 3513 4627 circa
3562 4565 3778 4635 Ρτ⁰³¹¹¹¹⁰⁶

2274 4685 2454 4740 agere,
2485 4669 2794 4737 malumque
2849 4666 2931 4721 eis
2959 4666 3194 4736 operari.
3255 4677 3312 4720 et
3363 4658 3528 4717 moliri
3574 4652 3780 4740 adversus

2276 4733 2371 4815 eos
2403 4769 2656 4822 mortem,
2692 4758 2779 4811 vel
2819 4756 3024 4828 fugam,
3077 4763 3172 4809 aut
3217 4757 3545 4810 servitutem,
3593 4740 3672 4838 vel.
3699 4733 3778 4787 alia

2274 4851 2469 4906 similia
2495 4850 2680 4904 dolosa
2697 4859 2860 4919 atque
2887 4848 3115 4902 nefaria.
3159 4847 3314 4904 Unde
3363 4834 3634 4906 etJoseph,
3659 4834 3708 4923 in
3728 4835 3777 4923 _5°

2273 4945 2597 5014 iujustitiam
2630 4961 2659 4998 a
2703 4943 2962 4998 fratribus
3010 4942 3231 5003 factam,
3270 4940 3467 4994 furtum
3518 4921 3766 5016 appellavit.

2269 5039 2337 5093 ad
2369 5037 2667 5108 principem
2702 5036 3108 5105 pincernarum,
3138 5036 3363 5089 dicens:
3402 5027 3638 5082 Memento
3681 5023 3774 5107 met,

2269 5147 2385 5184 cum
2415 5129 2540 5182 bene
2571 5129 2662 5182 tibi
2694 5129 2872 5199 fuerit,
2908 5136 2966 5180 ut
3000 5143 3252 5196 suggeras
3297 5125 3358 5178 de
3402 5135 3478 5174 me
3525 5111 3763 5167 Pharaoni.

2269 5233 2316 5277 et
2347 5221 2531 5276 educat
2558 5237 2636 5273 me
2661 5222 2724 5274 de
2756 5221 2853 5273 isto
2873 5236 3098 5283 carcere,
3136 5219 3260 5288 quia
3299 5219 3432 5289 furto
3459 5203 3665 5262 sublatus
3681 5201 3768 5289 sum

2269 5317 2331 5369 de
2361 5325 2502 5369 terra
2526 5313 2947 5368 Hebrazorum".
2974 5311 3285 5366 Devitemus
3318 5314 3487 5362 autem
3509 5303 3558 5351 et
3592 5279 3762 5344 menda-

2267 5406 2435 5470 cium,
2456 5405 2512 5460 in
2537 5421 2646 5476 quo
2669 5404 2887 5475 quidam
2907 5405 3008 5459 sub
3031 5403 3211 5474 specie
3231 5397 3463 5457 veritatis
3481 5380 3764 5476 delinquunt»

2269 5474 2594 5552 calumniam
2629 5474 2894 5553 facientes
2924 5496 3174 5567 proximo
3216 5491 3381 5564 magis
3429 5489 3590 5569 mente
3635 5474 3758 5569 (ιξιεφ

2275 5590 2480 5660 lingua,
2504 5589 2960 5660 quemadmodum
2993 5587 3051 5644 hi
3080 5586 3173 5659 qui
3203 5587 3449 5642 dixerunt
3469 5577 3528 5631 de
3557 5567 3742 5622 Domino

2725 5790 3061 5859 "lsa.v,7.
3138 5791 3184 5825 ”
3212 5789 3340 5846 ibid.
3411 5755 3748 5832 "lsa.i.xv.3-
