4032 6428
143 376 311 443 101⁸25

1319 375 1402 437 ΙΝ
1441 374 1882 437 LEVITICUM.
1905 398 1980 411 -
2007 374 2154 434 LIB.
2185 374 2285 436 VI.

3279 354 3422 441 1026
3477 345 3494 363 ”

137 499 345 552 Dixit:
370 494 592 550 Possum
622 493 820 549 soluere
855 494 1105 563 templum
1127 495 1240 557 hoc,
1270 501 1319 546 et
1347 494 1403 546 in
1436 492 1602 546 tribus
1633 493 1744 546 die-
1772 503 1820 556 Α
1849 493 1904 546 in
1939 492 2082 558 cibo,
2113 491 2208 546 sed
2243 501 2299 546 et
2327 505 2423 560 per
2453 491 2598 547 hunc
2616 491 2778 547 etiam
2809 490 2861 544 in
2888 491 3038 548 vita?
3066 493 3236 549 vitam
3271 493 3418 550 enim

143 596 254 644 bus
281 588 549 658 aediﬁcare
600 588 734 642 illud
749 589 817 642 9°.
864 586 1108 642 Locutus
1157 585 1336 641 fuerat
1367 584 1586 654 quidem
1628 584 1745 638 haec

145 681 454 742 Dominus,
511 681 731 750 quando
767 680 938 734 Judaei
975 679 1042 732 ad
1072 694 1196 733 eum
1247 678 1534 732 dixerunt:
1595 672 1743 740 Quod

142 777 376 846 signum
407 775 635 828 ostendis
663 775 806 827 nobis
827 773 952 842 quia
987 773 1096 827 hac
1130 771 1299 843 facis?
1328 771 1445 840 Ipse
1469 777 1649 824 autem
1677 768 1744 824 ad

144 884 261 923 eos
300 887 315 921 :
349 865 542 922 Soluite
566 865 815 934 templum
851 866 963 928 hoc,
998 875 1046 917 et
1075 865 1130 916 in
1168 863 1334 916 tribus
1377 861 1553 915 diebus
1576 859 1746 928 ludiﬁ-

145 963 293 1016 cabo
321 962 453 1016 illud
468 961 537 1013 ἰ.
589 959 696 1014 Sed
729 973 838 1012 non
893 956 1193 1012 secundum
1221 955 1366 1008 illam
1415 953 1606 1007 dicens
1643 951 1747 1006 hoc

151 1054 552 1115 intentionem,
585 1049 888 1107 secundum
933 1064 1096 1118 quam
1141 1047 1196 1102 hi
1223 1047 1316 1117 qui
1373 1045 1746 1101 testimonium

150 1157 360 1202 contra
417 1161 542 1200 eum
595 1143 820 1206 dabant,
875 1142 1179 1208 dixerunt;
1233 1140 1445 1193 Dicebat
1493 1140 1634 1191 enim
1685 1138 1748 1190 de

162 1239 368 1309 templo
402 1236 636 1306 corporis
665 1235 769 1290 sui.
796 1233 878 1288 llli
913 1243 1096 1287 autem
1128 1232 1243 1286 hate
1275 1231 1416 1285 sicut
1449 1230 1516 1285 de
1545 1229 1746 1300 templo

162 1332 322 1386 dicta
355 1330 669 1385 Judaeorum
721 1327 1132 1390 asseverabant,
1170 1325 1315 1380 unde
1351 1339 1446 1379 eos
1487 1330 1543 1380 et
1583 1321 1747 1377 falsos

164 1437 344 1482 testes
389 1427 435 1457 "
501 1424 731 1495 spiritus
767 1422 1081 1492 appellavit.
1125 1420 1231 1475 Pro
1281 1418 1525 1490 perjurio
1565 1427 1748 1472 autem

165 1519 526 1590 Septuaginta
554 1518 754 1572 edunt:
801 1515 922 1568 Non
977 1514 1212 1568 levabitis
1255 1528 1437 1566 nomen
1483 1526 1654 1565 meum
1692 1509 1748 1561 in

165 1613 451 1682 injustam.
507 1609 904 1678 Jusjurandum
961 1622 1092 1662 vero
1123 1606 1178 1661 in
1220 1605 1422 1674 injusto
1487 1611 1591 1663 est,
1639 1615 1747 1655 non

170 1705 348 1760 solum
381 1704 524 1774 quod
575 1701 982 1773 praevaricatur,
1020 1699 1114 1752 sed
1167 1697 1329 1751 etiam
1367 1695 1511 1765 quod
1549 1694 1748 1764 injuste

172 1797 496 1860 custoditur,
556 1795 724 1849 veluti
775 1793 933 1863 quale
982 1791 1114 1845 illud
1149 1789 1271 1852 fuit,
1307 1788 1452 1858 quod
1504 1785 1748 1840 Herodes

1850 585 1907 638 in
1935 582 2060 638 cibo
2081 583 2404 653 quotidiano
2425 585 2593 639 ducit.
2648 583 2788 654 Ergo
2817 593 2871 638 et
2906 583 2950 638 si
2991 584 3236 640 crastino
3283 583 3424 639 reci-6

1847 679 1984 749 piat,
2017 677 2143 747 quia
2173 677 2451 746 praeterito
2485 677 2593 742 die,
2642 677 2696 732 in
2727 693 2834 746 quo
2863 678 3097 733 laborem
3132 677 3420 744 sustinuit,

1846 770 2148 842 permansit
2166 771 2413 839 jejunus,
2442 771 2549 824 vim
2582 771 2804 840 pertulit
2833 780 2888 826 et
2920 771 3249 827 calumniam
3297 786 3423 841 pas-

1849 881 1944 922 sus
1973 874 2080 920 est.
2109 865 2175 919 Et
2198 865 2342 934 quod
2366 864 2488 919 aliis
2517 865 2818 919 subsmntia
2847 875 2949 927 est,
2985 865 3088 919 hoc
3128 873 3257 919 sunt
3281 879 3426 919 mer-

1849 955 2013 1010 cedes
2057 954 2462 1008 laborantibus:
2525 969 2653 1024 ergo
2705 964 2851 1009 recte
2891 957 2972 1009 vis
3017 953 3177 1007 etiam
3227 954 3422 1008 horum

1847 1052 2083 1123 privatio
2103 1050 2322 1106 dicitur.
2356 1048 2463 1104 Sed
2483 1059 2538 1105 et
2562 1050 2653 1119 qui
2682 1050 2956 1104 maledicit
2984 1050 3171 1113 surdo,
3194 1049 3423 1103 multum

1849 1154 2032 1210 nocet,
2064 1155 2120 1198 et
2157 1144 2247 1212 qui
2281 1143 2436 1214 ponit
2465 1159 2646 1198 coram
2683 1145 2841 1197 cmcis
2884 1143 3299 1204 oﬂ‘endiculum,
3360 1141 3417 1196 in

1848 1255 1956 1308 quo
1986 1238 2218 1308 pedibus
2248 1237 2547 1291 offendant.
2583 1237 2633 1291 ls
2681 1235 2898 1306 quidem
2952 1235 3046 1305 qui
3074 1235 3274 1290 surdus
3318 1244 3421 1295 est.

1849 1333 1977 1386 dum
2010 1331 2372 1394 maledicitur,
2412 1338 2661 1393 nocetur,
2723 1345 2830 1381 non
2872 1331 3045 1381 solum
3078 1329 3203 1398 quia
3237 1329 3304 1382 de
3357 1343 3423 1382 eo

1849 1423 2176 1487 detrahitur,
2203 1423 2296 1477 sed
2333 1421 2460 1491 quia
2491 1429 2543 1475 et
2573 1422 2885 1483 emendare,
2922 1429 3015 1473 aut
3052 1419 3170 1474 haec
3207 1434 3418 1480 cavere,

1851 1517 1908 1571 in
1939 1517 2138 1586 quibus
2190 1516 2258 1570 de
2301 1529 2367 1569 eo
2412 1512 2738 1577 detrahitur,
2783 1528 2891 1567 non
2934 1520 3133 1582 potest.
3171 1511 3275 1566 Sed
3321 1526 3423 1565 nec

1851 1624 2028 1664 caecas
2054 1608 2122 1661 ab
2147 1603 2500 1668 oﬂendiculo,
2533 1605 2676 1672 quod
2705 1604 2754 1656 ei
2791 1605 3035 1674 ponitur,
3065 1603 3338 1657 custodire
3365 1617 3425 1656 se

1849 1710 2046 1771 potest.
2078 1699 2273 1754 Evenit
2293 1706 2474 1751 autem
2500 1707 2551 1750 et
2577 1695 2706 1750 huic
2731 1705 2784 1749 et
2815 1695 2889 1748 illi
2914 1711 2977 1749 ex
3006 1702 3235 1763 utroque
3255 1709 3421 1756 mors,

1851 1808 1995 1846 ρδθυο
2034 1791 2276 1862 quidem,
2323 1789 2451 1843 dum
2502 1787 2806 1842 conteritur
2861 1801 2958 1855 per
2991 1784 3414 1839 oﬂ‘endiculum:

175 1891 300 1944 ωδε
346 1887 666 1943 ιιθτοάίδάίδ
717 1886 944 1956 iurans,
987 1882 1217 1938 Joannis
1275 1881 1532 1950 Βθυῑίδίεθ
1576 1885 1742 1946 caput
1775 1863 1817 1923 Β
1848 1885 2015 1938 surdo
2041 1893 2222 1938 autem
2251 1881 2582 1946 maledictio,
2605 1879 2757 1950 quasi
2795 1879 2862 1934 de
2891 1877 3139 1946 l‘rincipe
3158 1877 3424 1931 detraxis-

174 1983 452 2039 abscidit:
513 1980 805 2052 oportebat
851 1979 995 2032 enim
1046 1977 1151 2030 hoc
1186 1991 1310 2029 eum
1364 1973 1744 2044 jusjurandum

177 2094 287 2133 non
313 2078 575 2148 praebere,
611 2083 900 2144 postquam
938 2079 1117 2124 tamen
1141 2067 1364 2137 juravit,
1410 2081 1519 2118 non
1560 2071 1747 2119 custo-

183 2174 317 2237 dire,
350 2171 478 2242 quia
527 2170 654 2224 talia
705 2172 1062 2230 sacramenta,
1113 2177 1216 2216 nec
1261 2160 1474 2215 initium
1529 2171 1746 2212 sumere

187 2266 325 2321 Deus
349 2263 482 2327 vult,
515 2260 609 2316 sed
637 2274 740 2313 nec
793 2256 1067 2312 sumentia
1101 2254 1166 2307 ad
1211 2252 1372 2306 finem
1430 2249 1744 2320 pervenire;

195 2357 330 2409 unde
353 2356 560 2409 dicens:
584 2350 702 2405 Non
729 2349 964 2402 levabit-is
1013 2361 1198 2400 nomen
1240 2361 1411 2397 meum
1441 2345 1497 2395 in
1526 2342 1743 2411 injuste,

202 2447 435 2501 addidit:
466 2445 526 2498 Et
581 2459 686 2496 non
733 2438 1088 2510 profanabitis
1145 2452 1330 2490 nomen
1390 2433 1598 2487 Domini
1651 2430 1747 2484 Dei

202 2539 386 2603 vestri;
423 2537 553 2606 quod
582 2534 894 2604 Hieronymi
926 2530 1211 2586 transratio
1245 2527 1436 2582 edidit.

262 2631 378 2684 Non
407 2629 600 2699 pollues
630 2592 817 2680 nomen
840 2623 934 2678 Dei
958 2624 1054 2676 tui.
1087 2620 1371 2687 Quomodo
1409 2627 1589 2673 autem
1625 2615 1749 2685 quis
1776 2592 1787 2607 ’

193 2722 318 2776 illud
353 2719 622 2791 profanat,
673 2717 798 2772 dico
845 2733 859 2769 :
897 2714 950 2768 id
986 2724 1090 2774 est,
1130 2711 1268 2766 male
1295 2710 1569 2774 faciendo,
1623 2707 1748 2778 quia

185 2814 564 2885 jusjurandum
586 2809 883 2880 transgredi
917 2821 1025 2861 non
1058 2813 1256 2876 potest.
1287 2802 1449 2872 Atqui
1470 2801 1630 2866 Deus,
1653 2815 1750 2870 per

185 2925 342 2980 quem
366 2908 605 2968 intravit,
634 2907 688 2959 in
722 2913 930 2958 tantum
964 2903 1104 2956 bona
1135 2901 1271 2964 vult,
1298 2899 1448 2968 quia,
1475 2897 1577 2952 etsi
1626 2911 1749 2966 per-

184 3001 394 3054 miserit
445 2999 512 3053 de
547 2996 871 3067 quibusdam
917 2991 1199 3056 terribilia,
1247 2990 1319 3044 illi
1354 3001 1536 3043 autem
1577 2987 1749 3058 pumi-

186 3103 425 3158 tueruut,
465 3109 574 3146 non
615 3091 792 3146 tardat
816 3087 1015 3141 mutari
1078 3085 1428 3146 sententiam,
1480 3093 1749 3148 suumque

180 3201 493 3242 sertuonem
526 3200 633 3238 non
661 3183 958 3253 refragare,
980 3189 1038 3234 ut
1061 3177 1314 3248 quiddam
1344 3173 1504 3229 nobis
1531 3171 1748 3243 pietatis

179 3277 483 3339 imuendat,
501 3285 720 3344 propter
737 3273 882 3342 quod
912 3270 1155 3326 addidit:
1185 3269 1296 3339 Ego
1315 3267 1584 3320 Dominus.
1613 3264 1751 3330 Qua-

173 3367 288 3424 lis?
315 3371 384 3425 de
412 3385 520 3438 quo
563 3367 638 3422 ait
678 3365 830 3421 Jona:
882 3363 1187 3435 prophetia,
1241 3360 1457 3431 quando
1499 3357 1753 3413 Ninivita:

172 3467 588 3538 jejunaveruut,
643 3471 699 3516 et
737 3466 1049 3520 oraverunt,
1083 3468 1138 3511 et
1187 3455 1440 3526 paenituit
1485 3455 1650 3508 Deum
1686 3453 1755 3506 de

175 3560 389 3614 malitia
405 3572 569 3626 quam
588 3555 801 3609 locutus
825 3562 928 3617 est,
950 3561 1008 3605 ut
1034 3551 1238 3604 faceret
1259 3548 1359 3612 eis,
1385 3555 1440 3602 et
1469 3561 1579 3598 non
1600 3543 1750 3599 fecit.

172 3651 350 3707 Multa
379 3660 562 3704 autem
597 3660 654 3703 et
675 3647 779 3700 alia
812 3642 1126 3714 hujusmodi
1151 3641 1431 3712 prophetae
1476 3638 1749 3693 dixerunt.

257 3744 417 3800 Vens.
447 3744 535 3806 15,
570 3741 654 3796 14.
692 3758 713 3792 ι
757 3738 875 3792 Non
919 3737 1088 3792 facies
1135 3732 1462 3790 calumniam
1507 3725 1755 3798 proximo

176 3849 297 3902 tuo,
323 3852 428 3891 nec
473 3836 528 3890 vi
583 3831 860 3902 opprimes
918 3843 1064 3883 eum.
1117 3825 1235 3880 Non
1285 3819 1580 3878 morabitur
1617 3830 1757 3885 opus

177 3930 513 3988 mercenarii
566 3929 708 3996 apud
749 3921 1014 3994 te'usque
1061 3934 1244 3975 mane.
1296 3915 1412 3970 Non
1464 3910 1756 3967 maledices

178 4025 370 4087 surdo,
408 4037 512 4077 nec
544 4034 728 4074 coram
775 4032 921 4072 caaeo
979 4028 1150 4084 pones
1195 4006 1604 4069 olfendiculum,
1659 4001 1755 4057 sed

178 4117 406 4174 timebis
437 4117 606 4169 Deum
645 4122 821 4174 tuum,
849 4107 975 4178 quia
999 4121 1099 4176 ego
1129 4119 1248 4159 sum
1275 4100 1559 4156 Dominus.
1589 4115 1608 4148 ι

254 4209 419 4264 Vides
439 4203 894 4276 quemadmodum
914 4197 1170 4270 paulatim
1192 4195 1279 4248 lex
1323 4193 1442 4262 ejus
1467 4191 1557 4260 qui
1581 4190 1754 4259 legem

188 4303 416 4373 accepit,
445 4299 589 4355 colat
622 4306 880 4358 mentem,
927 4301 983 4347 et
1030 4307 1093 4346 ea
1144 4305 1266 4359 quae
1295 4287 1552 4340 videnlur
1592 4297 1755 4352 parva

191 4393 466 4464 conjungit
494 4389 723 4461 magnis,
751 4396 812 4442 ut
841 4386 1032 4440 timore
1077 4380 1314 4437 definitae
1361 4378 1418 4432 in
1460 4375 1755 4445 majoribus

187 4460 429 4556 peccatis
453 4460 652 4551 pinnae,
689 4485 742 4530 et
771 4491 799 4528 a
831 4471 1136 4526 minoribus
1165 4466 1556 4521 abstineamus.
1601 4460 1756 4517 Sicut

1850 1985 1955 2038 set,
1982 1984 2076 2028 aut
2103 1973 2247 2028 aliud
2265 1971 2540 2043 quidpiam
2570 1970 2805 2030 fecisset,
2847 1970 2988 2039 quod
3020 1969 3070 2024 ei
3125 1969 3422 2034 periculum

1852 2067 2146 2137 ingereret,
2212 2064 2562 2132 semetipsum
2597 2063 2822 2117 minime
2875 2061 3188 2131 corrigenti,
3237 2069 3291 2115 et
3321 2059 3426 2114 hoc

1849 2159 1993 2229 quod
2045 2159 2262 2212 videtur
2313 2172 2434 2210 esse
2484 2171 2736 2226 parvum,
2772 2155 2916 2224 quod
2969 2170 3000 2208 a
3052 2153 3236 2208 multis
3280 2168 3424 2221 sarpe

1851 2253 2167 2308 ludentibus
2193 2249 2548 2320 delinquitur,
2603 2250 2800 2303 transit
2840 2248 2905 2302 ad
2956 2257 3217 2302 mortem:
3281 2249 3423 2301 unde

1849 2345 2012 2398 nimis
2047 2355 2356 2413 opportune
2403 2340 2573 2394 David
2603 2340 2738 2394 dixit
2767 2355 2913 2400 eum,
2944 2339 3033 2408 qui
3076 2340 3132 2392 in
3175 2339 3424 2392 cathedra

1850 2437 2179 2509 pestilentiae,
2233 2436 2286 2489 id
2339 2443 2444 2500 est,
2487 2433 2851 2487 deridentium
2888 2447 2990 2484 non
3038 2431 3252 2484 sedit”.
3311 2429 3424 2484 Nos

1849 2538 2030 2584 autem
2064 2528 2129 2582 ad
2158 2528 2344 2582 eadem
2370 2527 2562 2580 rursirs
2596 2523 2938 2593 exsequenda
2965 2537 3269 2593 pergamus.
3302 2521 3423 2576 Non

1850 2623 1996 2678 enim
2062 2622 2238 2676 solum
2292 2619 2648 2690 pecuniarum
2687 2616 3015 2671 calumniam
3078 2625 3133 2670 et
3185 2616 3292 2670 vim
3338 2615 3426 2669 lex

1851 2714 2163 2786 prohibuit,
2186 2714 2280 2767 sed
2309 2722 2364 2766 et
2384 2727 2599 2767 omnem
2625 2710 2806 2774 aliam,
2835 2718 2889 2763 et
2916 2709 3086 2763 multo
3108 2709 3274 2780 magis
3304 2724 3424 2763 eam

1851 2821 1972 2875 qua:
2005 2812 2087 2858 est
2114 2805 2168 2857 in
2197 2803 2554 2873 spiritalibus,
2590 2811 2650 2854 ut
2698 2816 2808 2855 non
2847 2800 3068 2872 gloriam
3101 2799 3424 2869 arripiamus

1851 2897 2098 2960 alterius,
2127 2913 2231 2951 nec
2260 2901 2404 2966 quod
2435 2894 2658 2949 alterius
2699 2893 2883 2948 labore
2908 2901 3212 2948 correctum
3243 2899 3345 2952 est,
3366 2892 3422 2945 in

1851 2987 2260 3054 nobismetipsis
2293 2985 2654 3048 attrahamus,
2702 2992 2928 3053 propter
2957 2983 3098 3053 quod
3140 2992 3196 3036 et
3224 2981 3440 3036 Paulus

1851 3078 2098 3133 diccbat:
2132 3077 2249 3131 Non
2279 3079 2413 3130 enim
2455 3076 2630 3130 aliena
2657 3074 2863 3144 regula,
2901 3075 2953 3128 in
2983 3075 3061 3127 his
3091 3091 3207 3144 quo:
3227 3083 3421 3144 parata

1849 3180 1990 3234 sunt,
2028 3170 2249 3241 gloriari
2268 3170 2335 3223 ".
2369 3169 2434 3222 Et
2459 3184 2665 3233 rursus,
2691 3168 2949 3222 donatum
2981 3164 3083 3220 sibi
3105 3165 3230 3220 dicit
3264 3180 3428 3219 evan-

1853 3262 2108 3332 gelizare,
2141 3277 2251 3316 non
2288 3260 2375 3314 ubi
2410 3260 2722 3314 nominatus
2743 3268 2827 3314 cst
2854 3257 3126 3324 Christus,
3164 3271 3232 3311 ne
3263 3271 3428 3324 super

1852 3353 2073 3408 alterius
2112 3352 2522 3408 fundamentum
2554 3351 2849 3407 aedificaret
2864 3351 2930 3404 ”.
2964 3350 3204 3403 Alterum
3243 3356 3425 3400 autem

1853 3445 2077 3500 alterius
2107 3444 2480 3515 interpretatio
2502 3454 2606 3498 est.
2631 3443 2857 3498 Nolcbat
2879 3441 3021 3495 enim
3048 3439 3425 3510 przejudicare,

1855 3538 1948 3593 ubi
2003 3538 2141 3591 alter
2187 3537 2520 3606 praedicavit,
2572 3545 2628 3590 ut
2668 3551 2776 3588 non
2827 3535 3104 3587 mercedes
3161 3531 3430 3601 arriperet

1853 3631 2077 3685 alienas.
2107 3631 2181 3684 De
2220 3630 2304 3684 bis
2335 3629 2479 3684 enim
2509 3627 2848 3682 mercedibus
2872 3627 2947 3680 ait
2966 3625 3269 3695 lcgislator:
3309 3621 3430 3675 Non

1856 3725 2148 3778 morabitur
2181 3739 2308 3792 apus
2347 3722 2656 3776 mercenarii
2683 3721 2826 3788 apud
2856 3729 2904 3772 te
2940 3734 3103 3788 usque
3145 3733 3317 3770 mane.

1928 3816 2044 3871 Non
2088 3820 2197 3886 jam
2250 3814 2687 3885 praedicantibus,
2722 3811 2816 3866 sed
2864 3809 3040 3864 adhuc
3091 3809 3430 3864 discentibus

1857 3911 2121 3964 mandans
2140 3923 2247 3961 non
2281 3907 2575 3977 negligere,
2603 3920 2704 3958 nec
2733 3904 2968 3958 otiosum
2997 3903 3137 3972 apud
3169 3917 3226 3956 se
3249 3901 3429 3956 sinere

1854 4000 2134 4056 doctorale
2166 3999 2424 4062 verbum;
2465 3996 2837 4051 mercenarius
2884 3996 3028 4048 enim
3068 3994 3159 4049 Dei
3196 4001 3300 4057 est,
3336 3991 3430 4060 qui

1856 4095 2114 4164 praedicat
2169 4092 2396 4145 verbum
2460 4089 2597 4158 ejus.
2652 4087 2860 4142 Merces
2913 4095 3097 4140 autem
3171 4085 3290 4153 ejus
3345 4089 3429 4136 est

1856 4182 2145 4239 retributio
2179 4179 2604 4250 praedicationis,
2636 4176 2817 4231 veraci
2848 4176 3122 4230 existente
3156 4174 3319 4243 hujus
3347 4171 3428 4225 rei

1857 4285 1994 4331 teste
2022 4273 2212 4336 Paulo,
2250 4270 2341 4341 qui
2375 4269 2506 4324 dicit
2543 4287 2554 4320 :
2595 4267 2724 4332 Qum
2754 4276 2829 4320 est
2870 4282 2991 4336 ergo
3036 4279 3230 4317 merces
3271 4260 3430 4314 mea?

1861 4365 1922 4420 Ut
1970 4360 2315 4432 Evangelium
2384 4355 2712 4426 praedicans,
2776 4355 2888 4408 sine
2953 4361 3162 4421 sumptu
3230 4363 3426 4419 ponam

1859 4452 2202 4523 Euangelium
2228 4449 2422 4505 Christi
2437 4447 2503 4501 ’⁷.
2527 4446 2878 4516 Septuaginta
2899 4453 3078 4498 autem
3097 4443 3265 4496 edunt
3281 4459 3292 4493 :
3307 4437 3428 4492 Non

183 4538 337 4631 enim
373 4538 472 4627 eis.
496 4569 774 4625 sociantur
826 4565 882 4618 in
937 4561 1214 4624 mandato,
1269 4558 1338 4610 ita
1389 4563 1444 4609 et
1492 4554 1547 4607 in
1597 4567 1752 4623 paena
1787 4568 1829 4622 ι)
1857 4547 2080 4602 dormiet
2113 4559 2306 4597 merces
2339 4539 2650 4596 mercenarii
2682 4538 2758 4591 tui
2787 4538 2932 4606 apud
2967 4547 3036 4599 te,
3068 4549 3227 4604 usque
3253 4547 3424 4585 mane.

179 4669 504 4731 sociantur;
538 4662 663 4733 quia
696 4659 784 4730 qui
807 4657 971 4728 legem
992 4664 1158 4708 totam
1195 4648 1492 4713 servaverit,
1531 4647 1754 4716 offendat

175 4771 364 4816 autem
415 4759 470 4810 in
517 4772 639 4816 uno,
667 4755 837 4824 factus
871 4757 946 4803 est
991 4747 1223 4798 omnium
1258 4742 1458 4796 reus”.
1510 4739 1615 4794 Sed
1651 4753 1755 4792 nec

173 4856 386 4910 frustra
419 4848 708 4906 calumnia:
739 4844 846 4898 vim
890 4839 1172 4908 conjunxit
1205 4855 1218 4892 :
1245 4852 1365 4906 quae
1394 4835 1539 4888 enim
1595 4831 1754 4886 diffe-

175 4945 363 5002 rentia
389 4951 473 4997 est
497 4941 639 5009 apud
672 4952 794 4992 eum
828 4935 917 5004 qui
951 4934 1114 4986 rebus
1161 4930 1274 4983 suis
1312 4933 1480 4988 caret,
1530 4923 1651 5005 sive
1676 4923 1751 4986 vi,

174 5040 296 5094 sive
322 5033 494 5090 armis
527 5032 779 5091 forsitan,
835 5035 930 5080 aut
961 5022 1206 5095 potentia
1239 5019 1497 5090 qualibet,
1540 5015 1626 5072 vel
1656 5030 1757 5084 per

173 5126 714 5186 circumventionem
747 5119 1094 5189 judiciorum,
1127 5121 1220 5169 aut
1265 5111 1472 5175 fraude,
1501 5108 1587 5162 vel
1617 5121 1756 5177 quo-

174 5223 318 5279 libet
351 5219 457 5274 alio
488 5215 650 5271 simili
707 5213 869 5268 modo
900 5211 984 5264 his
1030 5208 1249 5262 careat?
1287 5203 1392 5259 Sed
1443 5211 1496 5255 et
1526 5199 1617 5270 qui
1668 5199 1758 5252 die

177 5318 294 5364 tota
330 5313 588 5376 operatus
613 5311 716 5366 est,
746 5308 804 5355 ut
824 5298 1095 5368 acciperet
1127 5292 1428 5353 mercedes,
1463 5305 1527 5343 ex
1560 5286 1759 5356 quibus

175 5418 309 5458 cum
336 5398 484 5462 ﬁliis,
522 5405 576 5451 et
621 5409 813 5457 more,
867 5400 922 5446 et
967 5386 1283 5459 parentibus
1319 5380 1761 5452 exspectantibus

178 5495 410 5548 easdem
431 5488 713 5544 mercedes
745 5487 972 5547 viveret,
1017 5488 1072 5535 et
1102 5494 1212 5532 non
1239 5475 1467 5545 accepit,
1504 5471 1598 5527 sed
1626 5471 1760 5526 dila-

181 5596 273 5642 tus
295 5592 405 5652 est,
423 5596 605 5639 nonne
628 5576 954 5636 calumniam
977 5583 1031 5628 et
1055 5572 1163 5628 vim
1191 5568 1429 5641 patitur?
1445 5582 1557 5622 non
1580 5565 1757 5620 solum

256 5782 308 5815 ὀ
338 5779 504 5833 Marc.
534 5793 645 5837 xw,
675 5775 764 5830 58.
869 5773 914 5805 ⁹¹
956 5769 1113 5826 Joan.
1142 5783 1204 5829 ll,
1235 5767 1321 5837 19.

1429 5765 1475 5796 θ’
1503 5761 1692 5816 Matth.
1736 5776 1847 5814 xw.

1859 4639 1998 4706 Quia
2029 4637 2177 4692 enim
2237 4632 2478 4689 dormire
2507 4630 2841 4702 negligentes
2894 4628 3171 4686 dicuntur,
3201 4623 3428 4678 demon-

1860 4739 1997 4785 strat
2025 4728 2309 4789 Dominus,
2343 4723 2623 4792 discipulis
2652 4722 2965 4775 mandatum
2996 4718 3154 4771 dans.
3185 4712 3428 4784 Vigilate,

1859 4825 1986 4896 quia
2043 4822 2256 4876 nescitis
2309 4835 2414 4887 qua
2463 4817 2591 4868 hora
2647 4814 2906 4868 Dominus
2967 4819 3132 4864 vester
3183 4815 3430 4860 venturus

1861 4927 1937 4971 est
1955 4916 2022 4968 ³⁸.
2054 4915 2161 4968 Sed
2189 4923 2241 4967 et
2269 4911 2484 4983 quando
2506 4906 2908 4966 dormientibus
2931 4901 3260 4963 hominibus,
3284 4897 3434 4957 vide-

1861 5011 1990 5064 licet
2045 5005 2484 5077 negligentibus.
2545 5001 2819 5056 seminare
2881 4995 3098 5051 dicebat
3150 4989 3431 5046 inimicum
3514 5053 3584 5076 Ἴ

1863 5100 2159 5163 zizaniam;
2193 5113 2352 5152 mane
2381 5095 2527 5150 enim
2573 5093 2815 5148 futurum
2852 5087 3110 5144 smculum
3156 5092 3260 5148 est,
3305 5081 3432 5150 quia

1862 5194 2010 5248 nocti
2040 5189 2321 5263 praesentis
2342 5189 2467 5242 vitae
2500 5184 2763 5248 succedit,
2791 5182 2954 5236 etlux
2977 5172 3436 5246 inexstinguibilis

1863 5284 1918 5338 in
1953 5299 2020 5337 eo
2045 5262 2273 5335 habitat.
2315 5278 2433 5333 Non
2476 5293 2605 5348 ergo
2643 5282 2860 5344 Oportet
2884 5271 3118 5326 otiosum
3145 5281 3264 5322 esse
3292 5262 3434 5334 apud

1863 5392 1964 5432 nos
1994 5377 2278 5430 doctorum
2325 5373 2551 5428 verbum
2603 5385 2701 5442 per
2726 5383 2886 5421 omne
2922 5366 3028 5420 hoc
3076 5372 3312 5430 tempus,
3345 5357 3433 5411 cui

1865 5467 2032 5522 futuri
2059 5465 2321 5535 temporis
2355 5478 2512 5518 mane
2536 5459 2800 5523 succedit,
2822 5457 2946 5526 quia
2975 5461 3030 5508 et
3068 5452 3124 5505 in
3172 5451 3274 5505 hoc
3303 5461 3436 5500 ava-

1865 5559 1989 5614 ritia
2013 5567 2069 5613 et
2101 5556 2366 5625 injustitia
2395 5556 2448 5608 in
2485 5552 2800 5608 doctoribus
2830 5551 3176 5607 exercentur,
3221 5551 3434 5593 merce-

1954 5759 1999 5792 ⁸³
2034 5756 2152 5811 Jac.
2179 5772 2238 5822 ιι,
2269 5755 2352 5810 10.
2457 5751 2503 5785 ³⁸
2530 5749 2672 5804 Psal.
2700 5764 2738 5813 ι,
2767 5748 2816 5801 t.
2923 5745 2969 5777 ”
2997 5743 3042 5798 li
3064 5740 3196 5797 Cor.
3239 5754 3296 5801 ι,
3347 5733 3436 5790 16.

186 5851 232 5884 ’⁸
259 5829 664 5916 sin—90'.
684 5829 697 5830 ί
725 5829 784 5880 ί⁹⁷
809 5845 833 5902 ι
861 5842 986 5918 Cor.
1013 5856 1088 5908 Ix,
1119 5837 1206 5894 18.
1280 5834 1325 5870 ⁸⁸
1359 5834 1549 5890 Matth.
1574 5848 1714 5896 χειν,
1741 5855 1751 5876 ί

1853 5839 1884 5884 :t
1915 5845 2037 5896 xxv,
2062 5829 2150 5881 15.
