4032 6462
640 380 773 445 1027
1646 384 1650 390 ·
1826 366 2196 432 HESYCHII
2235 366 2715 429 PRESBYTERI
3761 380 3857 448 ιοες

629 503 755 559 dem
790 495 1165 571 pet-dentibus,
1187 508 1311 566 qua:
1340 492 1421 547 eis
1449 506 1518 547 ex
1538 488 1789 562 proiectu
1823 488 2212 560 discipulorum
2244 493 2291 551 Α
2321 487 2423 551 nis,
2464 488 2590 559 quia
2631 487 2897 558 judicium
2929 486 3027 542 Dei
3070 498 3147 542 est
3164 488 3203 544 ⁸.
3250 487 3408 559 Ergo
3462 490 3508 543 si
3553 492 3633 547 vis
3670 511 3862 565 person;

630 595 948 651 deberetur.
1000 590 1102 643 Per
1146 586 1372 641 surdum
1401 594 1586 638 autem
1632 591 1688 636 et
1729 595 1957 645 caecum,
1994 594 2091 634 eos
2120 576 2215 647 qui
2319 579 2524 635 donare
2550 580 2814 651 potentis,
2843 595 3094 650 personae
3130 580 3225 636 Dei
3254 582 3455 637 dona:
3498 584 3664 641 donas
3707 606 3863 661 autem,

630 681 1021 740 inobedientiaa
1050 690 1107 735 et
1144 674 1467 750 ignorantia:
1509 673 1701 729 morbo
1747 671 2083 734 detinentur,
2128 669 2216 721 lex
2319 668 2366 723 si
2393 669 2459 725 ad
2484 681 2694 740 partem
2722 677 2776 723 te
2797 669 3025 739 justitiae
3048 671 3388 731 contuleris.
3421 670 3534 727 illic
3552 676 3689 728 enim
3716 677 3866 740 habet;

632 777 835 842 innuit,
875 775 943 829 ad
981 771 1129 843 quod
1162 770 1331 825 lsaias
1360 767 1530 822 dixit:
1564 764 1745 830 Surdi,
1771 763 1975 828 audite,
1999 770 2049 816 et
2070 761 2216 826 circi,
2320 760 2447 830 quia
2510 761 2696 832 justus
2738 760 2995 815 Dominus
3021 762 3303 833 justitiam
3357 764 3571 829 dilexit,
3624 772 3868 839 ωᾳιειαια,

632 870 914 926 int-nemini
932 868 1001 921 ad
1024 865 1305 920 videndum
1326 861 1395 915 ’⁸.
1439 860 1500 913 Hi
1528 875 1638 913 non
1675 855 2033 912 maledicendi
2065 863 2216 919 sunt,
2322 852 2458 905 videt
2489 852 2663 906 vultus
2718 853 2904 922 ejus“:
2963 855 3327 922 quamobrem
3380 857 3557 910 etiam
3590 875 3729 915 nunc
3765 868 3873 933 juste

635 965 731 1020 sed
762 959 1116 1023 admonendi,
1170 957 1216 1010 si
1271 965 1452 1010 tamen
1499 968 1596 1007 eos
1644 949 1893 1006 converti
1947 948 2217 1004 volumus.
2319 944 2552 1015 judicari
2586 946 2839 1014 proximo
2859 947 3142 1016 praaccpit.
3164 946 3414 1017 Oportet
3437 952 3589 1005 enim
3624 969 3715 1008 nos
3748 974 3871 1018 nosse

637 1054 795 1110 Unde
826 1060 882 1107 et
925 1050 1146 1113 Paulus,
1190 1063 1314 1102 eum
1348 1044 1441 1115 qui
1496 1044 1657 1099 docet
1700 1043 1757 1095 in
1801 1040 2221 1095 mansuetudine
2323 1039 2451 1107 quia
2481 1039 2535 1090 in
2571 1053 2671 1107 quo
2708 1037 3143 1107 judicoverimus,
3174 1040 3227 1092 in
3258 1042 3461 1094 eodem
3484 1043 3871 1111 judicabintar",

562 1122 566 1125 Δ
637 1149 835 1203 docere
863 1160 981 1208 eos,
1022 1142 1116 1211 qui
1151 1139 1557 1203 contradicunt,
1593 1135 1911 1191 doctoribus
1943 1133 2218 1198 Ecclesiae,
2328 1129 2423 1183 llis
2456 1128 2686 1185 addidit.

636 1237 955 1311 prazcepit‘.
990 1235 1099 1289 Sed
1126 1250 1230 1288 nec
1258 1232 1462 1287 oll‘endi
1502 1246 1623 1285 cum
1658 1229 1737 1282 eis
1765 1227 1898 1282 falsa
1954 1226 2220 1286 dicentes,
2399 1223 2560 1277 Vens.
2601 1222 2685 1275 16.
2727 1242 2745 1273 ι
2782 1222 2900 1277 Non
2960 1224 3071 1279 eris
3118 1225 3462 1281 criminator
3517 1238 3574 1283 et
3611 1246 3808 1289 susurro
3838 1240 3871 1291 in

638 1342 736 1386 aut
756 1338 980 1401 agentes
1010 1327 1275 1381 debemus
1304 1322 1439 1377 el‘ﬁci
1467 1338 1481 1387 ;
1510 1322 1611 1375 hoc
1631 1319 1780 1374 enim
1808 1318 2008 1373 Paulus
2036 1318 2224 1387 probi-
2326 1316 2567 1385 populis.
2617 1334 2635 1366 ι

639 1424 799 1487 bens,
838 1431 1001 1491 atque
1031 1417 1335 1488 corrigens,
1371 1414 1619 1483 scripsit:
1656 1410 1716 1466 Si
1739 1412 1855 1481 quis
1876 1412 2057 1464 uiderit
2083 1427 2222 1477 eum,
2403 1406 2517 1471 Vel,
2551 1407 2688 1461 sicut
2725 1405 3083 1479 Septuaginta
3112 1408 3321 1463 edunt:
3371 1409 3502 1463 Non
3544 1415 3810 1470 ambulabis
3838 1424 3869 1473 ξ.

641 1517 732 1588 qui
756 1515 913 1567 habet
945 1510 1323 1573 scientiam,in
1355 1506 1516 1560 idolio
1556 1505 1961 1568 recnmbentem,
2007 1519 2109 1555 non
2163 1504 2226 1556 de
2328 1498 2446 1552 dolo
2495 1500 2549 1551 in
2593 1509 2743 1569 gente
2798 1510 2914 1555 tua.
2970 1504 3090 1555 Non
3146 1503 3317 1556 stabis
3386 1515 3581 1556 contra
3626 1510 3869 1579 sanguine.

641 1602 960 1658 conscientia
996 1599 1132 1668 ejus,
1178 1613 1298 1649 cum
1337 1596 1404 1648 sit
1460 1593 1703 1662 inﬁrma,
1758 1590 2116 1659 (edi/icabitur
2156 1591 2226 1643 ad
2328 1591 2560 1658 proximi
2604 1590 2702 1643 tui.
2741 1590 2874 1645 Dolo
2927 1592 3250 1662 sanguinem
3296 1595 3627 1663 conjunxit,
3684 1600 3873 1658 ﬁdeliter

641 1694 1074 1751 manducandum
1112 1688 1463 1757 idolotltytum
1493 1688 1535 1737 '.
1585 1682 1642 1738 Si
1697 1682 1831 1753 legis
1882 1691 1991 1736 tam
2044 1681 2227 1735 littera
2332 1682 2714 1750 homicidium,
2768 1685 2913 1740 sicut
2940 1697 2996 1742 et
3035 1687 3205 1743 David
3256 1689 3445 1743 solet:
3486 1689 3667 1743 Virum
3714 1702 3871 1765 δαηῃω.

644 1805 810 1861 quam
840 1787 1035 1858 spiritu
1056 1784 1234 1855 juvari
1265 1796 1586 1853 possumus.
2260 1842 2300 1861 ἢ
2331 1792 2457 1830 num
2484 1787 2533 1831 et
2562 1780 2799 1834 dolosam
2820 1781 3215 1836 abominabitur
3254 1781 3531 1837 Dominus
3550 1785 3594 1837 τ.
3623 1786 3871 1845 Etiterum:

715 1842 887 1937 Vens:
910 1881 999 1934 15.
1042 1842 1073 1930 ι’
1098 1878 1210 1934 Nec
1259 1842 1426 1931 iacies
1480 1872 1625 1944 quod
1674 1873 1923 1943 iniquum
1969 1881 2074 1937 est,
2129 1885 2230 1925 nec
2260 1842 2302 1896 Β
2341 1871 2446 1925 Viri
2500 1875 2820 1943 sanguinum
2890 1884 2939 1929 et
3023 1876 3192 1929 dolosi
3253 1892 3368 1929 non
3430 1878 3874 1936 dimidiabuntdia

646 1967 1162 2040 injustejudicabis.
1190 1964 1301 2019 Nec
1328 1964 1651 2020 consideres
1684 1978 1970 2033 personam
2025 1976 2232 2032 panpe-
2334 1964 2518 2018 suos“.
2548 1963 2773 2019 Gladius
2809 1966 2955 2020 enim
2977 1969 3226 2022 occultus
3260 1977 3353 2022 est
3383 1969 3572 2035 dolus,
3629 1973 3762 2027 ensis
3786 1990 3873 2029 exa-

647 2063 745 2128 ris,
796 2077 898 2116 nec
964 2062 1202 2114 honores
1247 2058 1456 2112 vultum
1516 2056 1774 2127 potentis.
1830 2056 1982 2111 Juste
2046 2054 2233 2123 judica
2335 2065 2517 2121 cutus,
2549 2065 2602 2110 et
2627 2058 2803 2113 latens
2840 2058 2916 2112 ita
2948 2068 3007 2113 ut
3036 2059 3208 2114 David
3240 2076 3450 2115 rursus
3496 2062 3734 2116 diceret:
3774 2064 3874 2121 Sicut

648 2154 908 2226 proximo
951 2163 1064 2207 tuo.
1120 2150 1239 2205 Non
1285 2151 1394 2205 eris
1437 2151 1755 2204 criminator
1794 2158 1849 2203 et
1892 2161 2121 2203 susurro
2176 2146 2231 2199 in

653 2245 889 2315 populis.
921 2243 1037 2297 Non
1068 2241 1239 2297 stabis
1259 2250 1452 2296 contra
1484 2240 1805 2312 sanguinem
1846 2237 2078 2309 proximi
2131 2238 2230 2291 tui.

651 2339 765 2410 Ego
787 2337 1067 2392 Dominus.
1113 2354 1131 2386 ι

727 2427 848 2482 Non
888 2426 1506 2497 quamlibetjustitiam,
1536 2426 1633 2480 sed
1678 2429 2066 2487 summam,'et
2108 2438 2239 2494 per-

655 2516 851 2572 fectam
877 2517 1106 2581 studeri,
1156 2517 1241 2571 lex
1273 2517 1508 2571 maxime
1543 2518 1595 2570 in
1644 2518 2003 2586 praesentibus
2032 2514 2236 2571 consti-

658 2614 782 2675 tuit,
825 2622 975 2667 recto
1009 2611 1210 2665 itinere
1252 2611 1554 2680 ordineque
1602 2611 1931 2681 procedens,
1984 2621 2039 2664 ut
2089 2609 2239 2679 prius

656 2705 907 2761 videatur
969 2704 1304 2775 pauperibus
1370 2704 1547 2773 legem
1600 2705 1936 2759 constituere
1968 2745 1983 2769 ,
2040 2702 2240 2758 deinde

658 2799 1002 2869 potentibus,
1074 2813 1140 2851 ac
1194 2797 1393 2852 deinde
1443 2797 1782 2867 principatus
1831 2808 1881 2853 et
1946 2807 2241 2868 potestates

664 2892 1017 2955 habentibus,
1081 2899 1142 2945 ut
1174 2905 1272 2961 per
1328 2890 1434 2945 hoc
1465 2892 1743 2955 ostendat,
1799 2906 2087 2960 personam
2129 2906 2241 2945 non

661 2984 849 3038 deberi
895 2982 1093 3052 accipi.
1126 2980 1246 3037 Non
1296 2982 1501 3035 furtum
1549 2982 1717 3047 enim,
1769 2997 1871 3036 nec
1911 2982 2241 3037 calumniam

664 3075 869 3140 facere,
914 3090 1017 3129 nec
1063 3075 1251 3144 jurare
1305 3073 1359 3127 in
1418 3073 1660 3143 injusto,
1712 3074 1814 3127 etsi
1858 3073 2116 3129 divitibus
2158 3074 2245 3128 vel

2337 2146 2595 2201 novacula
2624 2159 2782 2202 acuta
2810 2150 2978 2219 fecisti
2999 2150 3236 2205 dolum'.
3272 2152 3390 2208 Sed
3424 2169 3539 2207 nos
3564 2153 3633 2208 ab
3650 2171 3710 2209 eo
3726 2158 3869 2211 veloci-

2336 2246 2422 2293 ter
2470 2239 2817 2306 reccdamus,
2876 2252 3311 2311 expavescentes
3370 2243 3536 2297 illum
3582 2260 3678 2313 pro
3724 2252 3869 2316 peccati

2338 2331 2558 2396 vicinia,
2577 2332 2665 2387 cui
2693 2332 2891 2387 meruit
2919 2348 3041 2389 esse
3058 2336 3422 2406 conjunctus.
3451 2335 3567 2391 Nec
3583 2347 3756 2391 contra
3781 2355 3863 2393 san-

2340 2426 2567 2496 guinem
2604 2426 2839 2496 proximi
2883 2435 3113 2493 stemus,
3168 2428 3268 2483 sed
3326 2444 3535 2483 omnes
3587 2428 3802 2495 insidias,
3838 2444 3867 2486 et

2340 2520 2651 2592 collegium,
2704 2520 2848 2590 quod
2884 2536 2985 2591 pro
3013 2521 3260 2591 qualibet
3306 2522 3605 2592 iniquitate
3632 2523 3705 2588 lit,
3746 2523 3863 2595 fugis-

2341 2631 2487 2671 mns.
2511 2614 2649 2681 Quia
2674 2614 2894 2684 quidam
2912 2617 3265 2687 singulariter
3287 2616 3523 2681 infirmi,
3540 2625 3594 2670 et
3610 2633 3700 2686 per
3723 2630 3863 2671 semet

2342 2710 2492 2781 ipsos
2530 2724 2728 2765 nocere
2770 2725 2879 2764 non
2935 2709 3205 2775 valentes,
3260 2709 3488 2764 misceri
3528 2710 3698 2763 solent
3736 2712 3858 2764 multi-

2343 2804 2547 2868 tudini,
2571 2817 2805 2858 necesse
2834 2811 2921 2858 est
2951 2815 3039 2868 ut,
3066 2803 3289 2873 quando
3315 2803 3511 2872 plures
3539 2803 3692 2856 simul
3724 2819 3860 2857 conre-

2346 2896 2536 2961 niunt,
2590 2894 2796 2949 malitia
2887 2893 3158 2948 valentior
3211 2893 3557 2948 inveniatur.
3626 2891 3714 2947 llic
3762 2891 3855 2944 enim

2346 2985 2659 3040 commodat
2708 3000 2954 3047 manum,
3014 2984 3152 3039 alter
3199 2985 3474 3055 linguam,
3524 2984 3657 3036 alius
3690 2982 3758 3036 bis
3781 2999 3857 3051 qua:

2347 3088 2583 3150 aguntur
2613 3093 2944 3133 consensum
2972 3078 3199 3149 praebet,
3242 3079 3387 3133 alter
3428 3078 3621 3141 innuit,
3646 3085 3694 3129 et
3716 3076 3759 3129 in
3781 3092 3853 3127 ma-

662 3166 981 3238 poteutibus
1007 3166 1300 3236 aliquando
1322 3165 1609 3236 contingit,
1627 3174 2003 3220 verumtamen
2024 3166 2244 3237 propria
2272 3186 2313 3243 c
2348 3175 2477 3230 litiaa
2503 3172 2917 3229 consummatur
2938 3175 3171 3229 insania.
3198 3174 3308 3229 Sed
3332 3189 3461 3229 cum
3493 3173 3577 3226 bis
3609 3172 3747 3225 etiam
3770 3170 3855 3221 illud

667 3274 972 3338 pauperum
999 3258 1404 3329 quodammodo
1434 3267 1563 3312 sunt
1583 3266 1829 3328 peccata.
1871 3256 1976 3312 Per
2007 3274 2245 3329 pauper-

670 3362 838 3409 tatem
865 3354 1014 3408 enim
1045 3352 1240 3416 furari,
1270 3361 1326 3407 et
1358 3350 1700 3416 calumniari,
1730 3362 1787 3405 et
1810 3353 2115 3423 transgredi
2146 3368 2234 3407 sa-

673 3456 960 3500 cramenta
986 3444 1239 3514 compelli
1289 3444 1568 3509 videntur,
1602 3456 1673 3497 tta
1713 3456 1775 3498 ut
1801 3451 2019 3513 sapiens
2063 3444 2151 3499 ille
2191 3446 2245 3498 in

667 3539 983 3594 Proverbiis
1017 3539 1251 3594 diceret:
1274 3539 1504 3594 Divitias
1544 3549 1593 3594 et
1618 3549 1983 3609 paupertatem
2011 3556 2074 3593 ne
2095 3539 2249 3593 dede-

668 3632 743 3685 ris
770 3633 921 3696 mihi,
954 3649 1017 3686 ne
1046 3634 1181 3703 forte
1209 3634 1437 3687 satiatus
1458 3633 1657 3687 illiciar
1682 3634 1753 3685 ad
1807 3633 2123 3712 negandum,
2156 3641 2249 3686 aut

669 3735 897 3795 egestate
934 3725 1254 3793 compulsus,
1293 3727 1459 3796 [αι-εν,
1514 3734 1562 3779 et
1611 3725 1878 3794 perjurem
1923 3742 2108 3779 nomen
2152 3726 2250 3780 Dei

670 3818 835 3874 mei'.
869 3818 935 3872 Vi
959 3827 1145 3873 autem
1176 3818 1506 3887 opprimere,
1541 3825 1595 3872 et
1624 3818 1965 3873 mercedibus
2008 3819 2246 3888 privare,

669 3917 729 3962 et
757 3906 992 3961 irridere
1022 3906 1247 3961 surdum
1273 3915 1367 3961 aut
1382 3906 1751 3976 caecum,quia
1781 3908 2026 3976 quaedam
2057 3922 2248 3962 eorum

672 4004 805 4051 sunt
828 3995 1111 4066 potentiae,
1144 3995 1392 4064 quaedam
1424 4009 1553 4048 vero
1580 3996 1817 4066 prodigae
1852 3996 2251 4064 quodammodo

675 4087 825 4152 vitae,
854 4094 910 4140 et
931 4085 1279 4151 deliciarum,
1304 4084 1687 4138 contumeliam
1721 4086 2101 4155 generantium
2126 4101 2255 4155 pec-

673 4187 818 4245 cata,
860 4179 1137 4247 praecipue
1163 4175 1416 4243 personis
1439 4175 1671 4229 divitum
1723 4185 1779 4230 et
1838 4186 2119 4244 potentum
2167 4178 2251 4231 lex

674 4270 879 4325 sanciri
911 4268 1131 4323 dicitur.
1166 4268 1463 4322 Personam
1499 4275 1682 4322 autem
1717 4267 1968 4339 accipere
2021 4269 2075 4321 in
2104 4269 2253 4337 judi-

673 4364 783 4428 cio,
810 4363 865 4417 lii
917 4364 1011 4432 qui
1061 4361 1480 4433 magistratuum
1526 4360 1822 4431 praesident
1866 4361 1950 4415 vel
2002 4361 2253 4429 judicum

678 4457 1064 4523 tribunalibus,
1084 4470 1221 4526 quos
1236 4455 1548 4526 judicantes
1578 4470 1680 4509 nec
1698 4454 1919 4524 quidem
1948 4470 2252 4525 pauperum

2348 3270 2651 3333 intuemur,
2682 3279 2742 3323 ut
2761 3285 2873 3324 non
2894 3269 3069 3324 solum
3102 3284 3226 3322 cum
3258 3268 3329 3322 de
3362 3265 3629 3336 pecuniis,
3655 3274 3732 3315 aut
3770 3261 3851 3313 aliis

2348 3361 2958 3430 similibnsjudicamus,
2983 3359 3363 3415 custodiamus
3377 3358 3603 3428 pauperi
3630 3365 3677 3409 et
3704 3352 3850 3423 potenti

2349 3457 2684 3526 aquitatem.
2713 3454 2823 3510 Sed
2853 3453 3058 3523 ubique
3091 3454 3146 3507 in
3179 3453 3331 3507 omni
3386 3450 3614 3523 judicio,
3639 3447 3748 3518 quod
3770 3460 3847 3499 non

2351 3547 2526 3601 solum
2552 3546 2695 3615 apud
2729 3545 2991 3609 tribunal,
3029 3545 3122 3599 sed
3161 3544 3215 3598 in
3269 3545 3422 3597 omni
3473 3539 3786 3603 collocatione,
3809 3544 3848 3588 et

2351 3635 2623 3692 amicabili
2652 3635 2910 3700 concilio,
2942 3644 3105 3704 atque
3135 3635 3189 3687 in
3230 3635 3486 3690 doctrina
3535 3630 3728 3701 spiritali
3765 3642 3844 3679 nia-

2352 3723 2502 3777 xime
2543 3723 2891 3795 intelligitur.
2927 3724 3303 3779 Recordemur
3324 3724 3518 3779 Jacobi
3550 3721 3744 3777 dicentis
3772 3738 3782 3771 :

2351 3818 2615 3872 introierit
2654 3819 2711 3871 in
2765 3828 3016 3872 conventu
3052 3829 3219 3871 vestro
3283 3820 3368 3872 vir
3416 3833 3633 3871 aureum
3666 3813 3831 3867 annalis

2351 3907 2562 3973 habens,
2591 3909 2647 3961 in
2668 3918 2804 3963 veste
2829 3907 3112 3977 pra'clara.
3140 3909 3475 3979 ingrediatur
3505 3916 3665 3960 autem
3704 3914 3825 3969 ειμι·

2352 4013 2445 4067 per
2484 4001 2539 4051 in
2568 4010 2705 4053 veste
2734 4000 2973 4061 sordida,
3008 3999 3297 4052 intendatis
3342 4010 3524 4053 autem
3573 3998 3636 4050 ad
3672 4010 3759 4049 eum
3785 3991 3834 4054 pi

2354 4095 2593 4148 induitur
2618 4096 2902 4165 praeclara.
2945 4106 2995 4150 et
3044 4099 3280 4152 dixeritis
3304 4115 3325 4152 :
3380 4097 3457 4151 Tu
3486 4098 3601 4150 sede
3637 4094 3701 4145 hic
3726 4097 3834 4148 bear;

2352 4184 2593 4252 pauperi.
2627 4194 2806 4236 autem
2845 4185 3086 4239 dixeritis
3110 4200 3129 4238 :
3182 4185 3257 4239 Tu
3282 4195 3365 4239 sta
3395 4185 3522 4247 illic,
3553 4191 3638 4235 aut
3671 4174 3835 4231 κόιδαὺ

2353 4274 2579 4328 scabello
2599 4276 2789 4343 pedum
2820 4293 3077 4343 meorum,
3135 4294 3303 4331 nonne
3321 4277 3579 4348 judicatis
3618 4270 3725 4339 apud
3754 4282 3834 4319 ros-

2353 4369 2618 4437 metipsos,
2650 4377 2698 4422 et
2732 4370 2859 4438 facti
2888 4371 3010 4423 estis
3037 4371 3242 4440 judices
3286 4370 3652 4441 cogitationum
3692 4362 3838 4427 iniqua-

2355 4479 2471 4516 rum
2494 4462 2578 4514 “?
2612 4460 2677 4515 Et
2708 4478 2834 4517 cum
2865 4463 2932 4516 de
2986 4464 3090 4518 hoc
3155 4464 3405 4533 quaedam
3438 4462 3538 4517 alia
3579 4459 3771 4515 dixisset,
3802 4459 3835 4502 et

676 4563 941 4619 personas
976 4556 1196 4617 oportet
1216 4547 1484 4617 accipere.
1516 4545 1687 4602 Nemo
1739 4547 1885 4601 enim
1942 4548 2053 4602 Deo
2082 4547 2251 4603 mise-
2282 4549 2327 4604 D
2355 4563 2664 4625 Opportuno
2693 4564 2939 4623 tempore
2976 4571 3233 4611 revocare
3255 4558 3321 4611 ad
3337 4555 3640 4611 memoriam
3660 4555 3835 4602 nostram

677 4640 945 4697 ricordior
997 4649 1100 4706 est,
1142 4639 1236 4709 qui
1291 4638 1603 4694 misericors
1647 4648 1704 4693 et
1742 4639 2032 4694 miserator
2081 4656 2249 4710 super

675 4753 870 4793 omnes
897 4736 1242 4807 appellatur:
1296 4743 1678 4790 verumtamen
1728 4733 1921 4804 judicii
1983 4743 2248 4805 tempore,

674 4847 1016 4903 nequaquam
1052 4831 1163 4901 jam
1197 4830 1273 4884 ita
1302 4829 1565 4900 appellari
1593 4828 1728 4893 vult,
1757 4828 1849 4881 sed
1878 4827 2081 4897 justus,
2114 4835 2251 4883 teste

675 4924 845 4979 David
868 4925 963 4995 qui
991 4924 1148 4990 dicit,
1181 4923 1324 4977 Deus
1361 4922 1530 4992 judex
1562 4921 1760 4991 justus,
1788 4920 1937 4991 fortis
1984 4930 2031 4974 et
2060 4922 2248 4992 longa-

678 5018 836 5071 nimis
855 5018 899 5070 δ.
927 5016 1038 5071 Nec
1067 5016 1287 5086 quidem
1318 5015 1561 5087 potentis
1597 5022 1813 5085 oportet
1846 5013 2099 5069 admirari
2133 5031 2252 5085 per-

610 5092 619 5101 .
678 5124 867 5164 sonam
895 5108 948 5161 in
981 5109 1208 5179 judicio,
1267 5109 1398 5178 quia
1439 5107 1550 5163 Deo
1588 5107 1769 5162 nullus
1801 5114 1887 5162 est
1943 5108 2246 5175 potentior:

676 5201 852 5271 ipsius
881 5210 1064 5256 autem
1093 5212 1176 5257 est
1198 5202 1487 5272 judicium,
1510 5201 1632 5271 ipse
1661 5201 1809 5255 enim
1829 5201 1988 5255 nobis
2003 5202 2254 5270 judican-

678 5293 850 5357 t'ibus,
878 5297 1156 5350 causantis
1184 5310 1475 5366 personam
1496 5294 1748 5363 suscipit.
1780 5292 1950 5362 Cujus
1988 5295 2066 5348 rei
2096 5296 2252 5351 testis

679 5394 765 5443 est
791 5386 935 5444 ’dem
958 5388 1167 5460 Moyses
1198 5388 1253 5442 in
1293 5387 1718 5442 Deuteronomio
1757 5386 1828 5439 ita
1861 5386 2081 5441 dicens:
2133 5388 2253 5442 Non

679 5476 922 5552 respicies
962 5493 1237 5547 personam
1280 5477 1336 5529 in
1359 5474 1604 5545 judicio;
1633 5475 1917 5528 secundum
1956 5492 2177 5544 parvum
2205 5488 2253 5530 et

679 5572 936 5628 minorem
950 5572 1239 5645 judicabis.
1269 5569 1396 5625 Non
1422 5570 1718 5641 distinguas
1758 5586 2038 5639 personam
2084 5572 2253 5626 homi-

748 5773 797 5807 "
823 5772 933 5829 lsa.
955 5786 1086 5841 xm,
1114 5775 1201 5832 18.
1315 5777 1332 5807 ¹
1362 5773 1472 5834 Tit.
1497 5762 1581 5843 ιιι,
1604 5778 1661 5834 2.
1774 5779 1794 5808 '
1819 5777 1837 5831 ι
1863 5775 1994 5831 Cor.
2016 5791 2140 5839 vm.
2170 5776 2260 5832 10.

678 5845 702 5877 ⁸
730 5843 933 5900 Psalm.
960 5861 1017 5914 x,
1045 5846 1099 5905 8.
1172 5849 1215 5883 ⁸⁸
1238 5845 1398 5905 Rom.
1434 5864 1496 5918 ιι,
1523 5849 1574 5905 l.
1650 5846 1833 5905 'Psal.
1861 5866 1918 5919 v,
1948 5848 2005 5903 7.

2337 5778 2357 5809 ⁸
2383 5776 2543 5832 Prov.
2581 5794 2705 5844 xxx,
2744 5778 2798 5832 8.

2082 5849 2104 5881 ⁸
2137 5847 2338 5905 Psalm.
2365 5865 2479 5919 xiv,
2503 5849 2595 5904 24.
2671 5852 2692 5883 ³
2726 5849 2871 5906 Psal.
2902 5866 2975 5919 LI,
3016 5850 3072 5906 4.

2357 4648 2488 4717 legis
2528 4646 2844 4700 mandatum
2873 4647 3082 4711 volens,
3117 4650 3355 4703 addidit:
3391 4649 3449 4703 Si
3473 4656 3630 4699 autem
3655 4650 3832 4711 personas

2356 4736 2609 4803 accipitis,
2632 4745 2903 4804 peccatum
2942 4738 3253 4804 operamini,
3275 4740 3364 4792 sed
3394 4737 3561 4808 arguti
3586 4753 3613 4787 a
3638 4734 3737 4799 lege,
3756 4738 3835 4779 tan-

2357 4847 2515 4900 quam
2548 4830 3035 4900 transgressores“.
3069 4830 3210 4901 Ergo
3235 4832 3384 4902 juste
3407 4834 3629 4903 judicare
3654 4821 3829 4895 proximo

2356 4918 2641 4983 debemus,
2672 4928 2728 4972 et
2768 4934 2880 4972 non
2909 4931 3074 4971 unam
3122 4920 3477 4990 eamdemque
3516 4916 3760 4972 actionem,
3795 4920 3829 4957 In

2356 5012 2524 5067 divite
2545 5012 2762 5081 quidem
2786 5012 2969 5068 dicere
2987 5014 3221 5069 bonam:
3248 5013 3302 5066 in
3326 5027 3553 5083 paupere
3566 5015 3723 5075 autem
3749 5012 3826 5050 ma-

2358 5104 2485 5170 lam,
2520 5113 2576 5158 et
2605 5105 2755 5159 hunc
2778 5120 3032 5175 arguere,
3065 5106 3218 5159 illum
3244 5116 3425 5159 autem
3467 5105 3627 5158 sinere
3660 5101 3824 5164 peccan-

2360 5206 2489 5254 tem.
2526 5198 2635 5253 Sed
2664 5214 2768 5253 nec
2824 5200 3012 5254 dolose
3045 5201 3099 5253 in
3126 5201 3343 5271 propria
3382 5209 3545 5272 gente,
3592 5193 3637 5248 id
3680 5194 3755 5249 est:
3786 5182 3821 5233 Ῑ¹¹

2358 5292 2562 5362 populo
2595 5292 2875 5346 ambulare
2910 5292 3194 5357 debemus,
3244 5309 3346 5350 nec
3393 5305 3570 5348 vexare
3611 5278 3820 5355 pOpulmS

2358 5386 2504 5440 viros
2529 5385 2631 5440 sub
2660 5388 2845 5454 specie
2877 5386 3115 5455 pietatis,
3166 5401 3346 5457 neque
3371 5394 3543 5445 contra
3584 5371 3817 5445 sanguine!"

2360 5476 2594 5548 proximi
2621 5475 2945 5543 consistere,
2990 5477 3043 5531 id
3088 5485 3193 5543 est,
3236 5494 3347 5534 non
3398 5472 3569 5533 sociari
3594 5470 3657 5523 eis
3677 5461 3745 5533 qui
3778 5460 3812 5548 in

2355 5572 2567 5628 animas
2594 5568 2826 5624 fratrum
2858 5578 3113 5640 peccant,
3147 5581 3203 5627 et
3234 5572 3491 5628 malorum
3511 5557 3749 5621 sententia.
3769 5547 3814 5601 Et

2875 5778 2897 5809 ‘
2925 5778 3071 5834 Psal.
3132 5794 3223 5839 cu,
3254 5775 3305 5829 8.

3155 5850 3198 5883 ²⁰
3218 5846 3334 5906 Jac.
3360 5863 3416 5919 ιι,
3444 5843 3537 5900 Ὴ.
