4032 6424
209 340 360 406 1029

1346 347 1430 409 IN
1471 348 1907 411 LEVITICUM.
1942 370 2013 383 -
2050 349 2198 409 LIB.
2237 351 2333 413 VI.

3339 348 3475 417 1030

198 472 343 511 cum
368 455 550 510 omnis
576 456 798 526 quidem
841 456 1227 513 mandatorum
1276 461 1488 529 justitia
1543 462 1794 518 consideo
1824 474 1866 525 Α
1896 476 1989 516 ne.
2022 460 2242 519 Vestem
2280 479 2402 535 quae
2431 478 2497 519 ex
2534 464 2745 521 duobus
2783 474 2925 523 texta
2978 476 3064 523 est
3121 482 3229 523 non
3274 469 3472 527 indue-

206 548 390 603 randa
420 549 511 616 sit,
547 550 694 603 illam
738 560 921 607 tamen
981 549 1340 606 subtilitatem
1372 570 1485 623 pra:
1537 557 1794 611 omnibus

204 642 461 707 intende,
487 642 674 697 dicens
701 644 845 697 enim
869 662 883 697 :

284 731 450 787 Vens.
492 734 577 787 17.
614 752 632 785 t
670 734 745 788 Ne
779 735 960 794 oderis
989 736 1210 795 fratrem
1252 748 1443 804 tuum,
1481 739 1708 805 addidit,
1739 738 1795 792 in

204 827 385 880 corde
426 835 539 880 tuo.
591 845 609 875 ι

285 919 428 986 Quia
459 918 780 989 frequenter
811 922 865 975 in
905 924 1156 993 personis
1195 926 1565 996 peccantium,
1602 939 1795 996 perso-

206 1028 347 1067 nam
370 1013 493 1068 odio
528 1028 623 1069 eos
653 1015 972 1071 habentium
1003 1017 1155 1072 indui
1191 1018 1593 1088 compellimur.
1637 1017 1796 1072 Unde

210 1106 420 1163 Paulus
438 1107 1021 1167 Thessalonicensibus
1053 1114 1439 1185 praecipiebat:
1475 1114 1532 1169 Si
1558 1116 1674 1185 quis
1695 1132 1797 1168 non

207 1199 393 1253 obedit
419 1199 573 1254 verbo
602 1210 795 1265 nostra,
820 1200 914 1271 per
939 1203 1214 1272 epistolam
1241 1205 1378 1258 hunc
1404 1214 1603 1266 notate,
1634 1215 1680 1258 et
1698 1222 1798 1258 non

210 1295 669 1348 commisceamini
726 1311 845 1349 cum
901 1295 1014 1362 illo,
1078 1306 1133 1349 ut
1195 1299 1631 1369 confundatur".
1685 1298 1800 1352 Hoc

212 1392 402 1441 autem
427 1385 559 1440 dum
590 1387 669 1447 ﬁt.
698 1386 809 1442 odii
841 1387 1047 1457 praebet
1095 1389 1599 1459 praesumptionem.
1654 1391 1801 1456 Quo-

213 1494 341 1532 rum
363 1478 511 1532 enim
545 1478 799 1545 aliorum,
845 1480 951 1534 nisi
982 1481 1281 1536 odientium
1310 1491 1363 1537 et
1391 1483 1795 1538 adversantium

211 1579 337 1624 est:
371 1568 491 1623 Non
518 1572 906 1626 commisceris?
949 1574 1056 1628 Sed
1094 1574 1235 1629 hanc
1260 1576 1657 1630 aversationem
1691 1593 1799 1631 non

214 1663 479 1735 prmeepit
503 1662 555 1716 in
582 1663 745 1718 corde
792 1663 930 1729 ﬁeri,
964 1664 1043 1719 ait
1076 1666 1247 1719 enim:
1291 1664 1411 1719 Non
1456 1668 1799 1722 commiscea-

216 1754 353 1807 mini
393 1755 460 1820 ei,
505 1765 563 1807 ut
614 1757 993 1826 confundatur,
1057 1765 1106 1812 et
1154 1758 1453 1812 erubescens
1502 1760 1801 1815 omnimodo

210 1847 545 1901 emendetur.
603 1847 705 1914 Qui
770 1858 954 1903 autem
1007 1850 1335 1927 emendabat
1374 1867 1498 1906 eum
1555 1853 1640 1906 cui
1689 1870 1799 1909 non

212 1939 701 2006 commiscebatur,
736 1942 1052 1996 nullatenus
1074 1958 1198 1996 eum
1227 1943 1382 1998 odire
1421 1945 1477 1998 in
1510 1945 1677 2000 corde
1700 1961 1801 2000 suo

216 2040 454 2103 poterat,
493 2033 639 2103 quod
678 2033 1009 2088 conﬁrmans
1056 2035 1221 2090 etiam
1276 2037 1379 2094 hoc
1427 2037 1680 2092 addidit:
1730 2040 1799 2092 Et

220 2125 384 2177 nolite
409 2125 562 2193 quasi
594 2124 867 2178 inimicum
896 2125 1199 2178 existimare
1228 2126 1399 2191 illum,
1434 2130 1524 2181 sed
1557 2130 1801 2199 corripite

222 2228 281 2269 ut
304 2220 522 2287 fratrem
545 2218 609 2272 ".
640 2216 872 2272 Omnem
924 2229 1105 2273 autem
1133 2221 1400 2289 justitiam
1448 2223 1693 2292 explens,
1745 2232 1802 2278 et

226 2325 325 2379 per
386 2309 620 2377 singulas
679 2310 893 2380 species
958 2311 1084 2366 vitae
1149 2313 1553 2382 quodammodo
1626 2315 1798 2385 legem

232 2417 459 2470 ponens,
488 2401 963 2458 conﬁrmationem
1009 2404 1302 2471 mandatis,
1351 2420 1514 2474 quam
1561 2417 1798 2476 oportet,

237 2493 483 2563 apponit,
537 2508 700 2563 quam
761 2493 805 2548 si
874 2495 1327 2558 custodierimus,
1380 2512 1542 2552 nemo
1598 2500 1802 2555 nostris

236 2597 436 2636 nocere
485 2583 708 2650 divitiis,
763 2599 925 2641 nemo
975 2595 1223 2641 nostrum
1274 2588 1589 2646 thesaurum
1633 2593 1799 2649 furari

228 2684 428 2744 potest.
460 2675 553 2731 Est
573 2687 756 2732 autem
785 2680 1124 2735 conﬁrmatio
1154 2682 1302 2738 haec:

297 2766 366 2820 Et
395 2768 576 2840 diliges
621 2772 871 2838 amicum,
922 2775 1057 2839 sive,
1093 2784 1152 2829 ut
1196 2777 1569 2848 Septuaginta,
1618 2783 1799 2850 proxi-

221 2878 369 2913 mum
393 2872 546 2916 tuum
592 2864 726 2917 sicut
765 2866 1009 2933 teipsum.
1046 2867 1261 2922 [labens
1292 2869 1346 2923 in
1377 2871 1592 2927 modico
1635 2883 1801 2930 totam

222 2951 423 3021 legem,
462 2962 516 3007 et
557 2970 655 3023 per
703 2971 872 3010 unum
907 2957 1005 3011 tibi
1062 2958 1166 3013 hoc
1221 2961 1561 3028 mandatum,
1618 2966 1801 3020 omnia

219 3046 505 3101 custodire
548 3046 710 3102 facile
755 3058 856 3103 est.
909 3048 1161 3106 Charitas
1216 3052 1386 3119 enim,
1446 3054 1523 3109 ait
1577 3054 1801 3123 Paulus,

218 3138 465 3203 proximo
517 3139 715 3191 malum
763 3156 866 3193 non
920 3152 1191 3211 operatur.
1252 3143 1534 3200 Plenitudo
1568 3164 1688 3220 ergo
1721 3149 1792 3203 le-
1827 3173 1871 3230 ρ

218 3229 303 3299 gis
334 3229 567 3283 charitas
593 3240 667 3283 est
686 3231 750 3286 “.
775 3230 881 3285 Sed
904 3242 959 3286 et
974 3248 1194 3288 omnem
1220 3236 1387 3291 vitam
1411 3247 1649 3293 nostram
1675 3255 1796 3295 esse

218 3322 279 3375 in
313 3323 472 3378 bonis
499 3323 644 3379 facit.
673 3323 726 3378 Si
762 3326 907 3381 enim
935 3328 1103 3399 diligo
1133 3330 1438 3398 proximum
1469 3333 1609 3387 sicut
1630 3335 1799 3405 meip—

219 3430 370 3481 sum,
404 3423 460 3469 et
490 3417 713 3471 forsitan
763 3417 901 3474 ﬁlios
931 3436 1043 3475 non
1100 3422 1365 3489 habuero,
1409 3434 1503 3477 aut
1559 3425 1796 3493 divitias,

219 3515 320 3560 aut
358 3509 633 3572 decorem,
676 3520 771 3565 aut
811 3512 1002 3565 mundi
1057 3513 1305 3583 gloriam,
1337 3525 1432 3570 attt
1477 3517 1795 3586 potentiam,

205 3601 589 3669 ,vidcoautem
612 3603 923 3672 proximum
944 3605 1259 3672 habentem,
1274 3608 1504 3678 gaudeo,
1522 3598 1797 3665 et‘nihilo-

219 3693 408 3748 minus
458 3703 712 3763 tanquam
771 3710 872 3766 ego
924 3696 1040 3750 haec
1075 3695 1326 3761 habeam,
1370 3698 1528 3753 lector
1556 3714 1686 3770 ego:
1742 3700 1799 3754 in

217 3790 316 3845 illo
344 3790 493 3845 enim
511 3801 566 3845 et
594 3806 695 3861 ego
734 3791 930 3845 habeo.
964 3790 1204 3860 ldipsum
1247 3798 1429 3845 autem
1460 3801 1515 3846 et
1548 3791 1602 3845 in
1636 3791 1799 3861 spiri-

220 3884 449 3947 talibus,
492 3884 546 3937 in
588 3884 789 3953 quibus
837 3882 1071 3937 maxime
1104 3896 1223 3937 eam
1254 3899 1375 3952 qua:
1420 3884 1487 3939 ad
1527 3885 1800 3954 proximos

218 3976 469 4047 pertinet
527 3975 879 4029 dilectionem
930 3973 1206 4028 custodire
1256 3975 1540 4039 debemus,
1592 3984 1647 4029 et
1688 3989 1799 4028 non

218 4070 472 4125 invidere
497 4069 852 4139 operantibus
870 4067 1158 4138 justitiam,
1179 4082 1282 4121 nec
1324 4068 1561 4123 morderi
1582 4069 1800 4137 quando

219 4164 313 4217 alii
350 4163 649 4217 secundum
692 4161 975 4215 Christum
1031 4159 1422 4231 gloriﬁcantur,
1478 4159 1696 4230 quando
1743 4160 1795 4213 in

220 4258 396 4312 verbo
453 4255 718 4311 doctrina:
778 4254 1199 4323 locupletantur,
1248 4252 1467 4322 quando
1521 4253 1800 4307 abundant

229 4351 428 4406 divinis
461 4349 641 4405 donis.
680 4346 790 4403 Sed
819 4346 1112 4401 imitandus
1156 4355 1240 4400 est
1281 4345 1553 4411 Christus,
1583 4346 1677 4416 qui
1741 4347 1798 4401 in

231 4453 442 4498 tantum
469 4458 573 4499 nos
621 4442 831 4505 dilexit,
867 4448 927 4493 ut
960 4438 1222 4508 apostolis
1270 4439 1475 4507 majora
1532 4439 1684 4509 signa
1713 4439 1798 4493 fa-

1896 569 1990 610 I'IS.
2039 573 2057 606 ι

1967 644 2094 701 Haec
2145 646 2544 715 quodammodo
2604 649 2672 702 ad
2733 650 2968 705 litteram
3041 652 3293 709 videntur
3351 669 3475 714 esse

1896 736 2148 803 ridicula,
2191 739 2338 793 unde
2368 755 2470 794 nec
2501 741 2573 795 ita
2603 756 2666 795 ea
2697 744 2954 798 custodiri
2999 761 3027 799 a
3086 749 3368 818 prophetis
3420 761 3477 807 et

1897 829 2235 899 spiritalibus
2280 832 2610 900 invenimus,
2663 838 3116 905 quemadmodum
3164 843 3475 902 Judaeorum

1898 922 1994 977 ﬁlii
2020 924 2235 980 inﬁrme
2277 925 2708 998 imperfecteque
2734 930 3004 1000 viventes,
3037 936 3126 1004 qui
3155 937 3236 992 lac
3267 950 3473 1006 amant,

1899 1019 1955 1064 et
1987 1012 2220 1066 solidum
2249 1014 2431 1067 cibum
2472 1030 2581 1069 non
2626 1016 2867 1086 capiunt.
2913 1020 3046 1076 Nam
3076 1025 3296 1081 intende
3345 1029 3476 1098 quid

1899 1104 1966 1157 ad
2017 1104 2191 1160 Sadoc
2229 1108 2588 1173 sacerdotem,
2638 1120 2693 1163 et
2727 1110 2935 1166 Nathan
2963 1117 3304 1185 prophetam,
3332 1130 3386 1175 et
3408 1122 3477 1176 ad

1901 1193 2153 1249 Banaiam
2190 1196 2432 1251 dicebat:
2482 1197 2669 1253 Ponite
2696 1201 2864 1268 ﬁlium
2915 1222 3087 1259 meum
3144 1206 3480 1265 Salomonem

1901 1286 1954 1337 in
1983 1285 2186 1339 mulam
2213 1304 2383 1341 meam
2405 1290 2471 1344 ".
2524 1289 2722 1344 Dicens
2752 1293 2922 1353 enim.
2988 1313 3179 1364 meam,
3241 1302 3482 1357 ostendit

1901 1380 2026 1447 quia
2066 1388 2120 1432 et
2148 1379 2265 1449 ipse
2296 1380 2348 1433 in
2382 1382 2587 1436 mulum
2623 1385 2866 1440 sedebat.
2900 1385 2956 1441 Si
3004 1398 3185 1445 autem
3230 1395 3479 1463 jumenta

1902 1474 2244 1530 commisceri
2284 1476 2509 1532 alterius
2562 1481 2779 1548 generis
2828 1481 3218 1553 animantibus,
3274 1490 3326 1544 id
3373 1500 3477 1556 est,
3528 1514 3533 1523 ε

1902 1565 2113 1617 asinum
2151 1581 2292 1635 equo
2338 1568 2684 1622 commisceri
2722 1570 2807 1624 lex
2860 1575 3056 1640 vetuit,
3090 1586 3145 1630 et
3196 1580 3483 1636 abomina~

1902 1652 2009 1708 bile
2044 1655 2146 1711 hoc
2176 1665 2315 1722 erat,
2362 1660 2652 1728 oportebat
2699 1670 2752 1715 et
2794 1677 2858 1717 ea
2892 1680 3012 1733 quae
3057 1666 3279 1734 ﬁebant,
3331 1678 3387 1725 et
3415 1688 3479 1727 ea

1902 1757 2023 1810 qua:
2074 1748 2442 1802 nascebantur
2470 1766 2537 1804 ex
2567 1751 2667 1817 eis,
2705 1754 2895 1822 procul
2947 1756 3112 1810 dubio
3153 1759 3477 1819 abominari.

1831 1830 1874 1884 B
1906 1834 2012 1888 Sed
2044 1836 2165 1889 etsi
2202 1838 2588 1893 vestimentum
2623 1856 2689 1895 ex
2754 1844 2973 1899 duobus
3022 1846 3139 1900 ﬁeri
3188 1864 3296 1903 non
3343 1854 3479 1919 vult,

1902 1926 2175 1991 quomodo
2206 1925 2425 1994 sapiens
2455 1926 2547 1981 ille
2581 1929 2649 1983 de
2672 1929 2795 1983 forti
2823 1933 3049 1988 muliere
3082 1936 3198 1990 haec
3255 1938 3309 1992 in
3346 1940 3481 1995 Pro-

1905 2016 2082 2071 verbis
2107 2017 2265 2072 dicit:
2295 2016 2502 2072 Invenit
2537 2020 2718 2076 lanam
2763 2032 2812 2076 et
2835 2023 3022 2089 linum,
3070 2039 3121 2079 et
3164 2042 3380 2096 operata
3407 2042 3483 2086 est

1902 2107 2031 2161 utile
2056 2110 2300 2163 manibus
2350 2113 2481 2174 suis.
2519 2123 2575 2168 et
2606 2130 2832 2171 rursus:
2865 2117 2951 2171 Ea:
2989 2120 3140 2188 bysso
3169 2133 3217 2174 et
3243 2141 3481 2193 purpura

1902 2197 2001 2250 sibi
2022 2199 2326 2254 vestimenta
2349 2203 2428 2256 ‘3?
2460 2202 2571 2259 Nec
2605 2205 2753 2259 enim
2791 2208 2941 2261 utilia
2977 2221 3107 2264 sunt
3135 2216 3478 2282 vestimenta,

1904 2289 2107 2344 bonum
2142 2304 2323 2347 autem
2378 2296 2759 2351 indumentum
2823 2301 2964 2368 ejus,
3010 2302 3124 2356 sive
3169 2305 3300 2359 utile
3348 2309 3481 2364 dixit

1904 2396 2024 2436 esse
2053 2384 2459 2451 vestimentum,
2496 2404 2664 2442 unum
2698 2389 2920 2458 quidem
2975 2392 3041 2445 de
3070 2393 3191 2447 lana
3240 2406 3294 2450 et
3348 2399 3477 2465 Iino,

1905 2474 2053 2529 aliud
2115 2486 2296 2529 autem
2352 2494 2540 2533 rursus
2568 2495 2634 2532 ex
2689 2480 2852 2550 bysso
2903 2492 2957 2536 et
2996 2501 3235 2555 purpura
3286 2492 3479 2545 conﬁci

1905 2568 2296 2639 intelligamus.
2362 2571 2469 2626 Sed
2526 2574 2656 2642 quid
2712 2575 2817 2629 hoc
2876 2577 2981 2640 sit,
3044 2577 3244 2635 Paulus
3295 2594 3482 2652 aperte

1903 2658 2208 2713 Corinthiis
2248 2661 2476 2716 scribit:
2507 2661 2625 2715 Non
2653 2665 2868 2731 potestis
2899 2666 3113 2721 calicem
3146 2670 3358 2725 Domini
3400 2674 3483 2726 bi-

1903 2750 2039 2815 bere,
2088 2761 2137 2804 et
2173 2751 2391 2805 calicem
2431 2754 2835 2809 dcemoniorum.
2874 2757 2993 2812 Non
3033 2765 3247 2829 potestis
3290 2782 3483 2822 mensa:

1905 2843 2001 2897 Dei
2027 2845 2360 2913 participari,
2385 2856 2434 2899 et
2464 2862 2656 2901 mensa:
2685 2850 3067 2906 dtemoniorum
3090 2855 3153 2920 ";
3177 2866 3231 2910 et
3258 2874 3478 2915 rursus:

1906 2932 2007 2998 Qui
2036 2936 2090 2987 in
2120 2935 2227 3006 lege
2243 2937 2641 3005 justiﬁcamini,
2674 2957 2706 2992 a
2730 2942 2907 3011 gratia
2930 2928 3274 3002 excidistis".
3294 2950 3483 3022 Neque

1906 3027 2052 3080 enim
2074 3025 2316 3083 Judaicis
2346 3030 2781 3098 seductionibus,
2836 3050 2940 3091 nec
2982 3041 3153 3094 errori
3199 3045 3482 3112 gentilium

1907 3130 2122 3189 oportet
2148 3119 2332 3176 ﬁdeles
2362 3124 2722 3181 commisceri.
2778 3125 3035 3185 Jumeuta
3076 3150 3228 3205 ergo,
3287 3137 3341 3192 id
3377 3150 3482 3207 est,

1906 3211 2196 3281 populares
2232 3213 2503 3280 homines,
2527 3231 2635 3271 non
2660 3220 3041 3286 permittamus
3066 3226 3291 3282 alterius
3320 3245 3487 3300 gene-

1906 3308 1983 3362 ris
2008 3308 2399 3375 animantibus,
2455 3312 2818 3381 commisceri,
2870 3316 2925 3371 id
2981 3326 3084 3384 est,
3117 3336 3224 3375 non
3289 3325 3484 3381 sectari

1906 3402 2407 3471 circumcisionem,
2451 3415 2505 3460 et
2552 3407 2842 3478 baptisma.
2895 3411 3138 3469 Alterius
3183 3415 3326 3470 enim
3370 3416 3484 3487 jugi

1906 3497 2274 3564 circumcisio,
2312 3500 2492 3570 gravis
2525 3512 2580 3555 et
2631 3503 3015 3573 importabilis,
3081 3507 3149 3562 de
3194 3524 3306 3577 quo
3349 3509 3484 3563 dixit

1908 3589 2136 3647 Petrus:
2179 3590 2316 3657 Quid
2354 3595 2570 3648 tentatis
2606 3595 2793 3661 Deum,
2832 3599 3257 3670 superimponere
3295 3602 3482 3671 jugum

1905 3685 1961 3738 in
1992 3686 2275 3741 cervicibus
2300 3687 2699 3757 discipulorum,
2718 3692 2856 3760 quod
2882 3708 2974 3745 nec
2995 3702 3171 3762 patres
3192 3695 3357 3747 nostri
3390 3710 3483 3749 nec

1908 3792 2001 3830 nos
2031 3787 2245 3845 portare
2265 3780 2533 3846 potuimus
2553 3780 2594 3811 "
2617 3780 2890 3835 ?Alterius
2909 3790 2992 3836 est
3011 3791 3192 3837 autem
3215 3784 3482 3853 baptisma

1907 3868 2133 3935 Christi,
2163 3878 2219 3924 et
2239 3869 2376 3924 levis
2397 3870 2541 3942 jugi:
2574 3872 2718 3940 quod
2743 3872 2902 3927 nobis
2926 3872 3178 3928 Christus
3204 3874 3481 3942 imposuit,

1908 3963 1988 4018 sic
2013 3964 2229 4019 dicens:
2264 3964 2449 4018 Tollite
2472 3965 2661 4035 iugum
2692 3982 2885 4018 meum.
2939 3967 3002 4020 Et
3040 3983 3255 4022 rursus:
3288 3968 3483 4039 Jugum

1908 4058 2046 4111 enim
2073 4074 2243 4111 meum
2276 4074 2436 4111 suave
2460 4066 2555 4123 est,
2580 4068 2628 4111 et
2683 4074 2812 4111 onus
2844 4075 3015 4111 meum
3051 4060 3159 4113 leve
3180 4070 3252 4113 est
3271 4063 3336 4114 ”.
3376 4060 3485 4116 Sed

1908 4164 2012 4202 nec
2046 4147 2421 4212 vincam,sive
2449 4163 2637 4219 agrum
2674 4148 2939 4202 creditum
2984 4150 3159 4215 nobis,
3196 4150 3346 4205 vario
3396 4166 3485 4206 se-

1908 4256 2028 4295 rere
2059 4241 2323 4295 debemus
2345 4239 2577 4306 semine,
2607 4250 2665 4295 ut
2690 4244 2799 4294 non
2831 4242 3103 4295 contraria
3158 4242 3357 4296 divinis
3383 4243 3483 4297 do-

1911 4334 2108 4389 ctrinis
2142 4332 2435 4387 Ecclesium
2459 4333 2775 4399 doceamus,
2829 4334 3287 4403 quemadmodum
3318 4350 3483 4404 prava

1906 4428 2181 4498 sapientes
2210 4425 2473 4491 haeretici,
2510 4426 2730 4479 Christo
2782 4424 3004 4495 nuptias
3028 4441 3123 4494 per
3156 4442 3308 4480 suam
3342 4443 3482 4497 prae-

224 4538 428 4600 cerell’
460 4551 623 4605 quam
658 4534 775 4604 ipse
806 4531 957 4594 fecit.
992 4530 1338 4585 concederet,
1374 4528 1525 4585 Unde
1573 4539 1628 4585 ει
1652 4546 1799 4585 nunc
1833 4537 1876 4592 Β
1905 4520 2134 4574 sentiam
2182 4517 2562 4584 benedicente,
2596 4527 2759 4587 atque
2808 4518 3064 4573 dicente:
3111 4518 3232 4572 Non
3276 4537 3338 4573 ea
3368 4537 3486 4589 qua:

222 4631 452 4685 dicens:
486 4629 683 4699 Diliges
705 4627 936 4679 anticum
965 4633 1131 4689 tuum,
1169 4624 1277 4677 sive
1306 4625 1601 4692 proximum
1651 4634 1799 4678 tuum

216 4726 361 4779 sicut
379 4723 621 4791 teipsum,
641 4720 849 4775 addidit
871 4736 884 4771 :
909 4718 1023 4790 Ego
1052 4718 1306 4773 Dominus
1332 4734 1350 4771 :
1371 4718 1506 4789 leges
1541 4706 1683 4772 meas
1707 4735 1800 4773 cu-

217 4816 438 4869 stodite.
471 4813 702 4879 Quando
729 4826 859 4865 vero
896 4825 999 4865 nos
1047 4809 1191 4863 Deus
1249 4808 1520 4874 dilexerit,
1562 4808 1679 4878 ipso
1713 4809 1799 4863 di-

215 4918 387 4965 cente
409 4920 699 4979 cognosce,
734 4904 811 4958 ait
847 4904 992 4958 enim
1019 4920 1033 4956 :
1064 4900 1333 4969 Majorem
1361 4901 1461 4953 hac
1486 4901 1800 4954 charitatem

215 5018 378 5056 nemo
407 5001 583 5063 habet,
616 5015 777 5071 quam
802 5009 856 5051 ut
878 4998 1114 5051 animam
1146 5012 1299 5050 suam
1341 4996 1456 5066 quis
1500 5005 1659 5063 ponat
1708 5013 1803 5062 pro

215 5094 413 5147 amicis
434 5092 625 5146 suis”.
656 5090 812 5146 Unde
835 5097 888 5144 et
914 5089 1085 5158 legem
1118 5101 1270 5143 suam
1304 5086 1630 5156 praecipuam
1681 5102 1803 5141 esse

214 5183 541 5239 dilectionis
571 5181 891 5237 mandatum
934 5178 1103 5234 dixit:
1145 5178 1250 5232 hoc
1281 5177 1369 5231 hic
1406 5176 1612 5231 addens
1657 5176 1799 5246 quod

216 5278 281 5332 in
312 5276 439 5330 aliis
466 5273 741 5329 mandatis
770 5286 880 5325 non
916 5268 1159 5339 reperies
1187 5268 1480 5337 adjectum.

294 5369 464 5424 Vens.
503 5369 589 5424 19.
629 5386 648 5419 t
691 5365 946 5420 Jumenta
974 5378 1083 5417 non
1122 5371 1211 5416 tua
1255 5360 1423 5414 facies
1461 5358 1799 5413 commisceri

218 5478 355 5519 cum
380 5462 603 5517 alterius
624 5458 839 5532 generis
878 5453 1267 5509 animantibus.
1313 5452 1538 5522 Agrum,
1566 5449 1700 5513 sive,
1740 5456 1800 5500 ttt

221 5556 605 5628 Septuaginta,
637 5555 851 5609 vineam
883 5559 1029 5604 tuam
1056 5562 1167 5601 non
1194 5560 1342 5601 seres
1369 5544 1584 5599 diverso
1629 5542 1799 5597 semi-

294 5694 347 5729 ³⁸
371 5689 415 5746 ll
436 5690 633 5746 Thess.
660 5705 740 5754 ιιι,
771 5688 861 5743 14.
941 5688 983 5720 ¹³
1002 5686 1131 5741 ibid.
1154 5684 1241 5740 15.

219 5767 268 5801 ’⁸
283 5764 455 5821 Prov.
487 5761 751 5827 xxxt,15.
855 5760 895 5791 ¹⁹
928 5758 947 5812 1
977 5757 1103 5812 Cor.
1135 5774 1189 5825 x,
1219 5754 1311 5811 20.

220 5840 377 5894 15et
398 5849 553 5910 seqq.
625 5832 670 5865 “
697 5830 856 5886 Joan.
885 5829 1087 5895 vluit.

1321 5684 1364 5716 “
1384 5682 1539 5738 Rom.
1558 5696 1677 5746 xm,
1705 5680 1794 5735 10.

1421 5754 1466 5787 ³ο
1498 5753 1616 5808 Gal.
1649 5768 1701 5819 v,
1732 5754 1785 5807 4.

1870 5678 1918 5710 ¹⁸
1944 5676 2233 5741 Joan.xtv,
2267 5674 2355 5729 12.
2406 5674 2450 5705 ¹⁶
2475 5672 2634 5727 Joan.
2675 5689 2765 5737 xv,
2800 5672 2884 5725 15.

1907 4612 2275 4681 ingrediuntur
2305 4619 2487 4663 nocent
2516 4610 2775 4663 hominem
2810 4610 3134 4679 prohibentes
3183 4612 3395 4677 nubere,
3435 4621 3484 4666 et

1907 4701 2265 4773 praecipientes
2295 4700 2545 4753 abstineri
2579 4717 2612 4753 a
2642 4700 2766 4753 cibis
2816 4714 2932 4769 qua:
2975 4698 3114 4753 Deus
3141 4701 3333 4754 creavit
3386 4702 3479 4766 eis,

1907 4796 2111 4849 sibimet
2137 4795 2431 4871 impietqtes
2453 4803 2757 4863 prwparant
2778 4794 3075 4847 mortem”.
3096 4793 3152 4846 In
3170 4793 3366 4863 quibus
3384 4809 3483 4848 ne-

1906 4886 2143 4941 cessarie
2173 4885 2473 4940 secundum
2505 4884 2857 4954 Septuaginta
2890 4883 3133 4939 subdidit
3166 4902 3179 4937 :
3221 4884 3333 4953 Ego
3364 4900 3481 4938 sum

1903 4979 2164 5033 Dominus
2194 4979 2334 5033 Deus
2361 4990 2548 5041 vester,
2584 4977 2653 5031 ab
2684 4977 2834 5031 omni
2858 4992 2956 5032 vos
3001 4976 3314 5046 hujusmodi
3351 4992 3483 5031 con-

1906 5071 2144 5124 tincntes
2172 5084 2294 5123 esse
2325 5069 2529 5123 malitia
2580 5068 2831 5138 cupiens,
2876 5075 2933 5121 et
2971 5066 3062 5137 qui
3102 5079 3199 5137 per
3234 5066 3482 5138 Evange-

1902 5164 2033 5218 lium
2065 5163 2177 5217 dixi
2227 5163 2293 5216 ad
2346 5177 2440 5217 eos
2496 5161 2589 5231 qui
2642 5160 2782 5214 male
2834 5160 3032 5231 legem,
3092 5168 3146 5213 et
3202 5158 3270 5213 ad
3324 5172 3479 5211 suam

1902 5256 2239 5309 voluntatem
2287 5252 2597 5323 accipiunt:
2653 5249 2834 5305 Nolite
2889 5252 3138 5321 judicare
3192 5249 3478 5303 secundum

1903 5349 2111 5421 faciem,
2138 5348 2227 5401 sed
2236 5347 2445 5417 justum
2464 5345 2729 5415 judicium
2750 5344 2992 5413 judicate
3007 5342 3071 5395 “.

1974 5439 2078 5493 Nec
2105 5439 2273 5492 oderis
2304 5439 2521 5507 fratrem
2545 5446 2692 5489 tuum
2717 5436 2773 5489 in
2805 5436 2955 5489 corde
3003 5445 3111 5499 tuo,
3142 5435 3231 5488 sed
3272 5433 3476 5503 publice

1902 5552 2064 5605 argue
2088 5550 2228 5598 eum,
2267 5550 2330 5587 ne
2357 5532 2549 5586 habeas
2576 5548 2732 5600 super
2764 5548 2822 5585 eo
2859 5538 3149 5601 peccatum.
3178 5525 3301 5579 Non
3331 5540 3476 5596 qua:-

2963 5670 3003 5701 ¹⁷
3027 5668 3115 5729 Ill,
3150 5665 3284 5736 Reg.
3312 5681 3351 5732 ι,
3378 5661 3469 5717 53.

1896 5749 1939 5781 ³⁸
1978 5748 2099 5804 Act.
2125 5734 2341 5816 xv,'10.
2422 5745 2468 5777 ³³
2494 5743 2682 5798 Matth.
2707 5734 2782 5809 xi,
2811 5741 2902 5809 29,
2924 5740 3012 5796 '50.
3108 5737 3154 5769 "
3185 5734 3341 5790 Marc.
3372 5749 3472 5797 vtt,
