3928 6438
560 356 691 423 1031

1748 367 2103 428 HESYCHII
2154 367 2624 429 PRESBYTERI

3672 363 3778 426 1032

560 486 640 523 res
669 468 938 534 ultionem,
970 488 1063 526 nec
1087 487 1281 525 memor
1304 471 1407 526 eris
1448 471 1665 541 injuria
1691 474 1879 527 civium
1904 485 2129 529 tuorum.
2162 487 2206 540 Α
2306 475 2580 542 Quantum
2606 475 2748 529 inter
2774 474 3082 529 libertatem
3105 482 3160 527 et
3214 470 3545 527 servitutem
3598 473 3778 529 intersit

563 561 759 631 Diliges
792 565 1021 618 amicum
1056 574 1200 619 tuum
1249 567 1381 620 sicut
1412 568 1652 635 teipsum.
1706 568 1815 639 Ego
1854 569 2125 623 Dominus.

559 654 720 726 Leges
750 674 895 710 meas
927 658 1199 711 custodite.
1234 658 1397 712 Recte
1437 660 1686 714 Christus
1740 661 1939 716 Judazis
1983 661 2131 716 dice-

557 746 651 799 bat
682 762 694 798 :
727 744 847 799 Non
881 748 1126 808 credatis,
1157 749 1280 818 quia
1310 750 1424 801 veni
1453 749 1647 803 solvere
1678 750 1862 820 legem.
1889 761 1981 803 aut
2011 768 2133 821 pro-

555 842 739 906 phetas
766 854 784 891 :
813 855 915 891 non
978 841 1093 892 veni
1145 840 1361 905 solvere,
1390 842 1480 894 sed
1530 842 1744 909 implere
1770 844 1838 894 ²⁵.
1878 841 1932 895 Si
1984 846 2127 895 enim

557 930 915 997 perscruteris
943 931 1058 984 hare
1091 932 1277 992 verba,
1330 931 1577 985 invenies
1618 941 1881 1001 quantum
1930 947 2129 987 conso-

557 1022 743 1075 nantia
768 1023 877 1076 sint
906 1023 990 1077 his
1018 1024 1288 1078 mandatis
1335 1024 1466 1095 legis
1500 1026 1806 1096 evangelica
1854 1027 2126 1095 dogmata,

558 1122 745 1183 utpote
794 1114 985 1167 eodem
1025 1113 1135 1167 Deo
1174 1121 1398 1183 utraque
1433 1114 1689 1183 loquente
1728 1131 1740 1167 :
1778 1117 1989 1170 Etenim
2039 1118 2129 1186 qui

556 1223 703 1263 nunc
746 1207 989 1267 fratrem,
1023 1208 1065 1260 si
1097 1211 1425 1275 peccaverit,
1464 1208 1867 1276 corripienduut
1925 1226 2130 1278 praece-

554 1299 656 1368 pit,
687 1299 774 1352 liic
812 1314 909 1368 per
936 1299 1225 1368 Evangelia
1255 1300 1517 1367 praecepit
1546 1317 1559 1352 :
1596 1299 1653 1353 Si
1677 1309 1851 1352 autem
1884 1317 2130 1368 peccave-

555 1390 624 1442 rit
654 1390 710 1442 in
743 1397 790 1443 le
812 1392 976 1460 frater
1006 1399 1142 1452 tuus,
1170 1391 1300 1442 vade
1323 1400 1368 1442 et
1396 1391 1596 1459 corripe
1627 1408 1743 1444 eum
1783 1392 1917 1444 inter
1953 1403 2131 1445 temet-

552 1482 727 1550 ipsum
760 1482 928 1535 solum
964 1498 981 1535 :
1016 1498 1117 1535 non
1157 1492 1439 1535 correctum
1474 1494 1669 1545 autent,
1695 1500 1871 1536 coram
1906 1501 2006 1537 uno
2041 1502 2129 1536 ar-

553 1591 672 1644 gue,
705 1583 753 1628 et
787 1591 965 1627 coram
994 1574 1121 1634 alio,
1155 1575 1341 1628 deinde
1390 1592 1569 1628 rursus
1598 1578 1651 1627 in
1708 1575 1964 1639 Ecclesia,
2013 1594 2130 1629 cum

555 1681 719 1731 neque
763 1682 938 1718 coram
987 1665 1093 1717 illis
1134 1666 1434 1733 increpatus
1471 1677 1730 1718 correctus
1758 1668 1913 1736 fuerit
1952 1668 2016 1718 ’⁸.
2065 1667 2130 1720 Ει

558 1758 647 1811 hic
672 1759 891 1827 quidem
926 1774 1050 1812 cum
1088 1758 1285 1812 dixerit
1322 1774 1336 1811 :
1373 1758 1452 1811 Ne
1484 1759 1657 1811 oderis
1692 1760 1913 1827 {ratrem
1950 1768 2124 1825 tuum,

555 1848 762 1901 addidit
790 1867 803 1901 :

624 1937 705 1991 Ne
723 1938 913 1991 habeas
935 1955 1091 2007 super
1112 1938 1204 1993 illo
1233 1950 1520 2007 peccatum.
1564 1939 1637 1993 lbi
1674 1950 1853 1994 autem
1885 1950 1939 1995 et
1982 1941 2125 2009 quod

555 2042 838 2102 peccatum
899 2033 1174 2097 Ostendit,
1217 2034 1291 2085 ait
1337 2036 1485 2085 enim
1516 2052 1528 2086 :
1556 2032 1613 2086 Si
1668 2050 1771 2085 non
1824 2035 2127 2086 dimiseritis

555 2123 868 2188 hominibus,
903 2140 995 2176 nec
1050 2123 1216 2177 Pater
1246 2134 1411 2178 vester
1462 2127 1687 2179 dimittet
1714 2126 1853 2178 vobis
1913 2138 2126 2193 peccata

554 2226 723 2270 uestra
755 2217 960 2280 ".llic,
1018 2232 1127 2270 non
1175 2233 1387 2286 (IUEBI'CS
1429 2220 1711 2283 ultionem,
1763 2236 1860 2288 per
1903 2219 2125 2272 Paulum

554 2319 737 2362 autem
765 2326 777 2361 :
809 2307 926 2361 Non
950 2310 1282 2377 vosmetipsos
1312 2311 1654 2376 vindicantes,
1692 2313 2007 2375 charissimi,
2038 2314 2129 2365 sed

555 2403 677 2454 date
696 2401 862 2454 locum
890 2402 984 2455 ira:
1010 2404 1074 2454 ³⁸.
1112 2399 1267 2454 Nunc
1299 2403 1434 2456 dixit
1457 2418 1551 2472 per
1580 2405 1712 2474 legis
1740 2405 1939 2457 librum
1973 2423 1986 2458 :
2019 2402 2128 2459 Nec

556 2506 763 2545 memor
789 2495 896 2545 eris
926 2492 1139 2561 injuriae
1161 2493 1380 2546 civium.
1403 2493 1504 2546 Per
1528 2495 1883 2564 Evangelium
1908 2505 2090 2550 autem
2112 2514 2124 2549 :

554 2584 733 2641 Omnis
763 2586 851 2655 qui
882 2586 1131 2639 irascitur
1182 2588 1338 2657 fratri
1362 2604 1475 2652 suo,
1508 2588 1628 2641 sine
1671 2604 1855 2653 causa,
1894 2606 2009 2642 reus
2055 2598 2128 2643 est

547 2678 752 2747 judicio
780 2677 871 2730 ιδ’.
906 2678 1133 2747 l’rOpter
1176 2678 1319 2747 quod
1360 2695 1452 2734 eos
1487 2682 1835 2734 cauteriatam
1885 2684 2129 2737 habentes

555 2788 708 2824 suam
725 2773 1095 2824 conscientiam
1126 2772 1170 2803 ²⁹
1219 2772 1415 2826 l’aulus
1473 2773 1794 2828 nominavit.
1826 2773 2130 2831 Vestimen-

558 2873 672 2918 tum
694 2874 876 2918 autem
900 2864 1283 2929 abominabile,
1314 2881 1378 2918 ex
1412 2866 1625 2919 duobus
1683 2876 1994 2921 contextum
2047 2870 2130 2921 in-

556 2958 694 3021 duit,
723 2959 815 3027 qui
842 2957 974 3012 dicit
998 2972 1057 3012 se
1095 2957 1374 3014 Christum
1404 2959 1650 3023 adorare,
1675 2970 1730 3014 et
1785 2962 1976 3016 adorat
2020 2963 2130 3016 dte-

557 3065 770 3113 mones,
793 3051 882 3119 qui
914 3050 1057 3103 Solis
1077 3050 1302 3118 iustitiae
1333 3065 1391 3104 se
1412 3066 1666 3105 asserens
1694 3052 1946 3118 militem,
1967 3055 2127 3108 etiam

561 3142 825 3196 visibilem
849 3143 1014 3207 hunc,
1042 3149 1098 3195 et
1123 3142 1217 3210 qui
1254 3144 1319 3196 ad
1354 3144 1717 3198 ministerium
1742 3156 2007 3201 creaturae
2035 3148 2128 3202 da-

560 3242 647 3286 tus
675 3241 759 3287 est
789 3234 954 3287 solem
990 3234 1186 3303 placat,
1219 3235 1305 3287 vel
1359 3235 1567 3304 reliqua
1621 3237 1818 3303 sidera,
1875 3248 1969 3293 aut
2025 3241 2127 3293 ali-

556 3327 687 3396 quid
720 3326 1048 3395 hujusmodi,
1079 3326 1220 3379 sicut
1246 3326 1526 3381 Manichaai
1573 3337 1628 3381 et
1653 3328 1742 3381 alii
1787 3328 1938 3382 multi
1964 3329 2130 3383 luere-

558 3422 651 3477 tici
665 3419 1048 3475 faciunt.Unde
1067 3435 1164 3489 pro
1187 3420 1416 3489 reprobo
1436 3422 2131 3485 etabominabili,Thcodo—

560 3515 672 3569 tion
691 3511 907 3567 Satanae
926 3513 1116 3577 edidit,
1132 3512 1210 3567 sic
1229 3513 1417 3581 utique
1434 3513 1720 3566 inveniens
1736 3513 1791 3565 in
1810 3513 2058 3576 Hebraeo,
2075 3524 2130 3568 et

558 3622 889 3662 conservans
908 3608 1052 3661 sicut
1078 3607 1307 3670 invenit,
1338 3607 1637 3659 utnomine
1671 3604 1888 3659 Satana:
1920 3607 2130 3676 planior

558 3698 877 3769 legislatoris
896 3697 1524 3752 elIiciturintcntio.Non
1557 3697 1669 3751 vult
1700 3699 1844 3751 enim
1868 3714 2127 3763 nos,cum

558 3792 727 3846 simus
744 3791 859 3856 Dei,
877 3791 1157 3845 diabolicis
1181 3789 1469 3843 immisceri
1487 3792 1737 3860 negotiis,
1754 3807 1927 3859 neque
1968 3792 2130 3845 simul

558 3883 898 3939 orationibus
929 3894 985 3939 et
1032 3883 1495 3938 incantationibus
1536 3899 1751 3947 vacare,
1784 3900 1886 3939 nec
1940 3886 2129 3955 phyla—

558 3978 743 4033 cteriis
814 3977 1072 4032 Ecclesia:
1147 3977 1286 4043 Dei,
1347 3986 1767 4046 sanctorumque
1840 3979 2125 4042 virorum,

557 4072 948 4126 velediverso
969 4085 1258 4140 pravorum
1314 4067 1683 4124 veneﬁcarum
1738 4069 1898 4122 simul
1957 4070 2126 4131 indui,

557 4175 614 4219 et
636 4180 700 4217 ea
723 4180 842 4233 quae
881 4171 1010 4217 sunt
1053 4161 1444 4217 dutmoniorum
1483 4161 1889 4215 circumducere
1943 4172 2129 4215 saneto

558 4257 802 4327 Spiritui,
833 4256 889 4309 in
919 4271 1046 4324 quo,
1073 4256 1146 4308 ait
1180 4249 1400 4320 Paulus,
1432 4254 1623 4325 signati
1653 4269 1841 4307 sumus
1862 4255 1928 4309 ³ο.
1960 4254 2130 4309 llecc-

558 4350 640 4403 dit
677 4348 846 4412 enim,
878 4355 1067 4409 utpote
1124 4362 1418 4416 perpessus
1455 4348 1863 4411 contumeliam,
1894 4356 1948 4400 et
1984 4348 2127 4400 obti-

558 4442 713 4497 nebit
770 4441 1083 4495 immundus
1111 4440 1339 4510 spiritus
1371 4449 1490 4506 ,ιρι
1539 4441 1772 4509 patietur
1818 4440 2127 4509 ltUjllblﬂOdl

555 4535 701 4605 quod
733 4534 862 4589 Saul
893 4531 1660 4605 pertulit’°':Spiritusautem
1692 4533 1901 4586 Domini
1958 4548 2127 4585 reces-

556 4629 626 4681 sit
674 4644 709 4681 a
760 4626 946 4691 Saule,
975 4636 1025 4680 et
1057 4625 1364 4696 exagitabat
1393 4641 1512 4678 eum
1549 4625 1767 4695 spiritus
1804 4624 1902 4677 Dei
1930 4627 2121 4678 malus.

555 4718 675 4774 Non
698 4720 825 4788 quia
856 4717 1000 4773 Deus
1024 4716 1327 4772 transmisit
1368 4716 1591 4780 malum,
1614 4715 1707 4769 sed
1745 4716 1871 4783 quia
1922 4718 2124 4784 permi-

555 4814 627 4868 sit
649 4810 900 4867 obtinere
920 4825 1049 4865 eum
1075 4810 1168 4880 qui
1190 4809 1341 4863 illum
1364 4808 1544 4879 elegit.

630 4903 792 4958 Vsus.
829 4903 1020 4958 20-22.
1049 4920 1069 4953 ι
1112 4904 1287 4958 Homo
1326 4902 1371 4954 si
1405 4898 1690 4953 dormierit
1715 4912 1841 4952 cum
1897 4898 2126 4952 muliere

554 4996 702 5049 coitu
729 4996 972 5058 seminis,
1000 5010 1120 5064 qua:
1149 4994 1215 5049 sit
1253 4992 1446 5047 ancilla
1472 4990 1633 5045 etiam
1688 4989 1908 5052 nubilis,
1940 4998 1995 5043 et
2044 4997 2125 5042 ta-

556 5103 684 5141 men
739 5088 914 5156 pretio
959 5103 1066 5140 non
1120 5086 1421 5155 redempta,
1449 5098 1553 5138 nec
1600 5082 1847 5137 libertate
1900 5082 2122 5147 donata,

554 5179 890 5248 vapulabunt
919 5182 1098 5242 ambo,
1130 5188 1184 5233 et
1213 5195 1322 5232 non
1346 5179 1667 5242 morientur,
1703 5176 1829 5245 quia
1870 5190 1981 5228 non
2024 5173 2123 5227 fuit

556 5265 748 5320 libera.
778 5268 878 5320 i’ro
922 5267 1122 5323 delicto
1172 5276 1354 5321 autem
1403 5283 1504 5321 suo
1540 5266 1736 5321 otierct
1784 5265 2015 5319 Domino
2053 5265 2121 5317 ad

554 5357 753 5412 ostium
786 5358 1118 5413 tabernaculi
1184 5359 1480 5413 testimonii
1529 5359 1776 5422 arietem,
1835 5356 2123 5424 orabitque

556 5464 655 5521 pro
679 5466 744 5506 eo
764 5452 1039 5518 sacerdos,
1066 5461 1121 5506 et
1141 5468 1237 5523 pro
1269 5452 1467 5506 delicto
1493 5452 1611 5520 ejus
1644 5466 1827 5504 coram
1872 5449 2121 5513 Domino,

555 5549 611 5596 et
631 5543 1076 5614 reprobitiabitur
1096 5544 1166 5611 ei,
1189 5526 1597 5611 dimitteturque
1624 5549 1925 5613 peccatum.
1958 5559 1978 5593 ι

661 5798 705 5829 ’⁵
726 5795 988 5865 Mattn.v,
1018 5798 1104 5851 17.
1179 5797 1225 5829 ’³
1256 5795 1442 5849 Matth.
1464 5795 1707 5857 xvttt,l5.

556 5865 704 5932 ΝΑ.
776 5866 821 5900 ³⁸
842 5868 1044 5939 Ephes.
1072 5883 1148 5934 tv,
1171 5866 1261 5921 '50.
1328 5868 1393 5900 ³ο⁶
1416 5866 1435 5919 l
1460 5868 1588 5939 lleg.
1623 5881 1733 5932 XIX,
1764 5867 1817 5921 9.

1783 5795 1827 5826 ’ν
1864 5793 2049 5848 Matth.
2071 5810 2144 5856 vt,
2175 5793 2265 5849 15.

1894 5866 1936 5899 ³¹
1957 5866 2114 5918 Rom.
2138 5880 2233 5931 vn,
2250 5867 2301 5921 4.

2230 569 2522 624 ostendere
2575 582 2676 638 per
2726 583 2791 620 ea
2816 582 2935 636 quae
2968 581 3114 619 nunc
3145 566 3289 619 dicta
3335 572 3507 628 sunt,
3548 564 3781 633 legislator

2232 662 2495 727 intendit;
2526 676 2652 715 nam
2681 661 2736 714 in
2762 675 2825 714 ea
2867 674 2987 728 qua:
3026 658 3196 711 libera
3223 666 3311 712 est
3342 656 3684 725 desponsata,
3712 658 3784 710 ad-

2232 753 2486 806 ulterium
2506 766 2625 806 esse
2647 751 2908 805 delictum
2922 750 3040 819 ejus
3060 748 3293 817 quicum
3324 762 3391 800 ea
3412 745 3702 800 fornicatus
3722 758 3787 801 est

2230 844 2443 907 asserit,
2473 842 2771 911 mortisque
2806 858 2981 911 pretia:
2996 841 3428 909 eumsubjacere
3468 838 3706 893 sancivit.
3738 838 3786 892 In
3864 888 3873 909 λ

2230 933 2425 987 ancilla
2444 942 2619 985 autem
2640 931 2823 995 nubili,
2840 932 2983 1001 quod
3005 930 3361 1000 Septuaginta
3383 927 3685 989 ediderunt,
3702 927 3787 981 Cu-

2229 1026 2400 1078 stodia
2429 1024 2648 1087 homini,
2682 1023 2731 1077 id
2763 1032 2868 1089 est,
2898 1022 3243 1091 desponsata,
3265 1019 3614 1073 absolvensa
3635 1034 3784 1087 ptem,
3866 1019 3871 1083 l

2230 1116 2723 1185 sacriﬁciumjubet
2742 1115 2939 1169 oil‘erre
2955 1129 3102 1177 eum,
3127 1112 3217 1183 qui
3237 1113 3295 1165 in
3318 1127 3445 1164 eam
3473 1112 3785 1179 peccavit,ex

2232 1209 2333 1261 hac
2360 1207 2888 1262 sensibiliservitute
2933 1204 3330 1275 intelligibilem
3379 1205 3574 1255 volens
3632 1211 3785 1255 osten-

2230 1300 2379 1353 dere.
2414 1299 2598 1367 Neque
2653 1299 2800 1353 enim
2852 1296 3112 1367 praecepit
3157 1296 3211 1349 in
3253 1294 3493 1348 ancillas
3530 1294 3782 1362 quaslibet.

2229 1401 2433 1461 quanto
2491 1391 2661 1463 magis
2722 1392 3078 1460 desponsatas
3118 1388 3386 1443 delictum
3448 1386 3785 1439 fornicationis

2229 1484 2462 1549 admitti,
2503 1484 2595 1538 sed
2630 1485 2880 1537 ancillam
2916 1484 3326 1552 desponsatam,
3365 1480 3486 1533 sive
3520 1480 3781 1533 custodiam

2232 1577 2435 1630 homini
2469 1574 2780 1629 Judtcorum
2807 1576 2937 1629 dicit
2966 1576 3322 1644 Synagugam,
3356 1588 3485 1642 quze
3510 1572 3609 1641 legi
3638 1582 3783 1623 custo~

2231 1668 2337 1721 dita
2366 1676 2469 1732 est,
2501 1682 2603 1721 nec
2635 1667 2898 1737 deSpondi
2936 1666 3173 1731 Christo,
3200 1668 3533 1735 priusquam
3579 1680 3781 1717 mort-re

2232 1742 2349 1811 tur.
2375 1760 2505 1829 legis
2550 1759 2752 1822 littera,
2784 1767 3017 1827 poterat.
3046 1758 3199 1812 Unde
3237 1768 3291 1812 et
3321 1757 3535 1812 Paulus
3565 1756 3780 1809 dicebat:

2160 1833 2200 1887 Β
2230 1847 2389 1918 Ergo,
2415 1851 2624 1918 fratres,
2656 1858 2703 1901 et
2749 1865 2835 1902 vos
2883 1850 3076 1901 mortui
3127 1850 3250 1901 estis
3302 1847 3438 1916 legi,
3487 1863 3580 1916 per
3630 1863 3779 1915 corpus

2228 1939 2439 2003 Christi,
2500 1949 2554 1992 ut
2602 1940 2717 1992 sitis
2774 1940 3013 2004 alterius,
3052 1941 3139 2009 qui
3199 1955 3262 1992 ea:
3306 1940 3541 1992 mortuis
3588 1954 3781 1989 resurre-

2225 2032 2301 2083 xit
2326 2032 2394 2086 ⁸⁸.
2426 2032 2548 2100 Ipse
2569 2041 2772 2094 autem,
2801 2032 3049 2085 ancillam
3076 2047 3195 2087 esse
3214 2031 3542 2085 Iudaeorum
3577 2027 3780 2100 Synago-

2227 2139 2369 2194 gam,
2399 2126 2512 2180 [me
2550 2126 2740 2180 dicens
2760 2126 2980 2181 docuit:
3018 2126 3154 2191 Quia
3204 2127 3483 2180 Abraham
3523 2127 3646 2178 duos
3672 2124 3779 2191 ﬁlios

2226 2220 2430 2282 habuit,
2455 2237 2615 2272 unum
2644 2235 2709 2274 ea:
2732 2220 2950 2285 ancilla,
2979 2230 3025 2273 et
3052 2237 3214 2273 unum
3234 2236 3297 2274 ea:
3319 2219 3491 2273 libera
3524 2220 3586 2271 ³².
3613 2220 3777 2273 Deinde
3886 2219 3887 2289 ξ

2228 2328 2390 2381 quam
2417 2313 2587 2365 voluit
2612 2313 2865 2367 ancillam
2916 2314 3159 2383 intelligi,
3199 2328 3493 2383 exponens
3537 2312 3775 2365 subdidit:
3886 2306 3887 2345 3

2229 2400 2355 2465 Qua:
2382 2411 2502 2455 sunt
2532 2419 2625 2470 per
2652 2402 2962 2473 allegoriam
2990 2403 3131 2455 dicta
3159 2420 3178 2466 ,'
3206 2404 3318 2456 htec
3350 2404 3495 2456 enim
3539 2412 3652 2455 sunt
3696 2406 3774 2454 duo

2231 2505 2561 2559 testamenta,
2587 2512 2748 2549 unum
2770 2498 2977 2566 quidem
3011 2514 3074 2551 ex
3121 2510 3294 2551 monte
3321 2496 3459 2551 Sina
3488 2498 3541 2550 in
3590 2500 3775 2549 servitu-

2229 2598 2331 2640 tem
2381 2603 2654 2657 generans,
2680 2588 2815 2657 quod
2867 2598 2942 2642 est
2976 2589 3139 2659 Agar.
3169 2587 3301 2642 Sina
3342 2598 3524 2641 autem
3556 2605 3687 2640 mons
3718 2598 3773 2640 est

2230 2680 2285 2731 in
2333 2679 2549 2743 Arabia,
2581 2680 2885 2748 conjunclus
2931 2682 2997 2743 ei,
3027 2698 3143 2751 qua:
3194 2698 3333 2735 nunc
3389 2690 3466 2735 est
3498 2681 3770 2739 Jerusalem.

2230 2789 2344 2841 qua:
2369 2770 2612 2825 servit/'3.
2645 2771 2782 2827 Cum
2814 2774 2915 2828 hac
2948 2788 3077 2845 ergo
3106 2775 3149 2828 si
3172 2775 3293 2844 quis
3325 2774 3612 2843 dormierit
3656 2774 3768 2828 coitu

2231 2865 2474 2931 seminis,
2512 2865 2567 2919 id
2596 2875 2700 2931 est,
2730 2865 2821 2935 qui
2862 2866 3025 2936 lmjus
3052 2868 3326 2937 particeps
3368 2868 3596 2922 etiectus
3638 2867 3770 2921 fuerit

2231 2957 2512 3023 doctrinae,
2552 2957 2607 3012 in
2669 2968 2878 3014 tantum
2926 2968 2983 3014 ut
3030 2961 3397 3033 conjungatur
3442 2962 3514 3027 ei,
3560 2970 3611 3014 ct
3650 2970 3769 3014 coeat

2231 3065 2357 3104 cum
2389 3066 2473 3115 ea,
2506 3066 2602 3121 per
2660 3052 2792 3123 legis
2831 3051 3085 3107 videlicet
3142 3055 3636 3117 conversationem,
3673 3056 3768 3123 quia

2235 3158 2402 3197 unum
2439 3144 2784 3214 reperiuntur
2835 3145 2891 3199 bi
2913 3145 3005 3215 qui
3051 3145 3155 3200 sibi
3198 3147 3478 3218 conjugali
3536 3147 3767 3200 consortio

2234 3236 2511 3290 sociantur
2534 3239 2743 3306 (semen
2773 3246 2955 3291 autem
2988 3253 3085 3307 pro
3124 3238 3417 3293 doctrinali
3449 3240 3606 3293 verbo
3628 3237 3766 3304 accipi

2234 3326 2453 3391 debere,
2490 3328 2861 3398 multipliciter
2884 3329 2941 3382 in
2976 3329 3078 3382 hoc
3112 3328 3359 3383 Levitico
3417 3329 3553 3383 libro
3598 3326 3767 3397 pridem

2234 3418 2779 3492 demonstravimus);
2827 3422 3136 3491 quicunque
3182 3439 3307 3495 ergo
3354 3434 3634 3493 antequam
3677 3421 3765 3473 haec

2235 3528 2332 3582 per
2352 3513 2643 3568 adventum
2674 3514 2877 3569 Christi
2898 3515 3241 3578 liberaretur,
3278 3517 3385 3572 huc
3412 3517 3626 3579 fecerat,
3654 3521 3764 3566 recte

2235 3621 2345 3659 non
2368 3605 2734 3660 moriebatur:
2765 3622 2890 3660 nam
2936 3616 2989 3661 et
3023 3608 3068 3661 si
3099 3609 3407 3663 secundum
3464 3608 3690 3665 litteram,
3718 3612 3775 3655 ει·

2235 3714 2342 3753 non
2397 3699 2695 3753 secundum
2728 3700 2980 3769 spiritum
3015 3701 3189 3771 legem
3238 3701 3563 3770 accipiebat,
3613 3710 3752 3765 quem-

2234 3793 2523 3847 admodum
2549 3792 2861 3848 Judreorum
2891 3794 3047 3848 docet
3088 3794 3394 3865 Synagoga,
3428 3789 3611 3847 ancilla
3644 3794 3742 3858 juste

2235 3886 2563 3948 nominatur,
2587 3886 2713 3955 quia
2756 3886 3075 3957 legislatoris
3099 3887 3463 3941 intentionem
3507 3880 3743 3955 ignorabat.

2234 3974 2420 4029 Servus
2442 3989 2642 4040 autem,
2664 3977 2805 4029 sicut
2826 3976 2961 4030 dixit
2989 3976 3256 4038 Christus,
3282 3978 3447 4029 nescit
3490 3973 3750 4025 voluntatem

2238 4068 2436 4121 domini
2475 4069 2557 4121 sui
2586 4068 2658 4132 3",
2710 4077 2764 4122 et
2810 4078 3093 4137 prOpterea
3130 4070 3452 4138 delinquere
3506 4062 3746 4120 dicebatur.

2236 4160 2719 4229 remissionemque
2748 4160 3108 4214 necessariam
3139 4160 3399 4221 habebat,
3431 4157 3544 4228 quia
3561 4149 3745 4207 domini-

2234 4268 2355 4306 cmn
2384 4262 2709 4321 praeceptum
2752 4268 2857 4306 non
2897 4254 3197 4307 secundum
3236 4254 3561 4307 dominicam
3602 4242 3750 4298 stude-

2234 4345 2325 4399 bat
2348 4346 2699 4400 voluntatem.
2739 4345 3121 4400 Verumtamen
3154 4347 3280 4415 quia
3307 4363 3421 4401 non
3464 4345 3623 4399 adhuc
3658 4342 3752 4389 eral

2235 4437 2481 4497 liberata.
2513 4446 2799 4506 propterea
2830 4439 3041 4492 occulta
3073 4448 3190 4493 erat
3230 4440 3362 4508 legis
3394 4428 3750 4501 contemplaliO-

2235 4527 2388 4583 Unde
2410 4537 2464 4582 et
2488 4537 2700 4597 tempus
2729 4529 3013 4583 videbatur
3044 4530 3242 4584 habere
3277 4525 3603 4584 conversatio
3636 4521 3751 4572 litte—

2231 4637 2324 4683 rte.
2345 4636 2445 4675 nec
2492 4629 2664 4675 morte
2694 4622 2888 4691 subjici
2929 4622 3205 4683 dicuntur,
3236 4632 3291 4676 et
3327 4619 3665 4676 visitationem
3688 4608 3752 4662 eis

2228 4712 2496 4783 promisit.
2524 4713 2661 4766 Nam
2688 4714 2833 4783 quod
2864 4723 3047 4769 nostra
3074 4714 3357 4768 translatio
3393 4713 3581 4766 habet:
3612 4705 3751 4770 γαρυ-

2228 4802 2408 4856 labuat
2455 4803 2626 4868 ambo,
2654 4806 3007 4874 Septuaginta
3061 4806 3267 4867 dicunt,
3314 4805 3541 4859 l’isitatio
3568 4797 3653 4853 erit
3675 4793 3749 4845 eis.

2226 4905 2274 4949 et
2299 4912 2402 4949 non
2432 4896 2741 4950 morientur.
2780 4895 3156 4951 Visitationem
3194 4906 3376 4952 autem
3413 4897 3488 4950 eis
3519 4882 3746 4961 promisit,

2234 4990 2283 5043 id
2318 4998 2400 5043 est
2429 5006 2458 5043 a
2490 4991 2620 5061 legis
2636 4992 2895 5046 servitute
2922 4992 3248 5047 libertatem.
3284 4994 3401 5047 Mos
3430 4989 3564 5045 enim
3592 4990 3663 5037 est
3684 4978 3748 5031 di-

2232 5086 2371 5139 vina:
2401 5086 2712 5155 Scripturae,
2743 5070 3067 5149 libertatem,
3098 5088 3451 5142 visitationem
3495 5072 3742 5151 appellari:

2230 5194 2355 5232 nam
2381 5188 2433 5232 et
2474 5173 2851 5234 liberationem
2884 5180 3166 5234 servitutis
3223 5179 3477 5251 1Egyptiae
3521 5164 3744 5225 visitatio-

2228 5286 2353 5324 nem
2387 5271 2694 5325 invenimus
2714 5271 2879 5325 Deum
2900 5273 3291 5337 nominantem,
3315 5270 3523 5342 quando
3547 5264 3605 5317 ad
3626 5258 3740 5324 M0!"

2227 5375 2322 5413 seu
2362 5360 2577 5413 dicebat
2613 5379 2623 5413 :
2662 5358 2899 5414 Convoca
2947 5363 3171 5416 seniores
3228 5363 3448 5419 filiorum
3506 5353 3654 5410 Israel
3702 5352 3738 5395 εἰ

2226 5452 2362 5504 dices
2390 5450 2458 5503 ad
2484 5467 2567 5504 eos
2599 5467 2617 5505 :
2656 5451 2906 5506 Dominus
2939 5452 3077 5508 Deus
3106 5465 3317 5525 patrum
3361 5461 3617 5508 vestrorum
3659 5452 3738 5503 αρ·

2227 5545 2403 5611 paruit
2436 5545 2583 5611 mihi,
2616 5545 2753 5600 Deus
2776 5546 3064 5613 Abraham,
3117 5558 3166 5603 et
3199 5548 3336 5603 Deus
3368 5549 3526 5608 Isaac,
3547 5547 3590 5592 el
3626 5533 3735 5585 De“

2925 5797 2988 5828 ἐ·
3020 5796 3206 5852 Matth.
3242 5816 3293 5864 γ,
3324 5799 3408 5851 22.
3503 5790 3542 5821 ¹⁹
3569 5784 3586 5837 ι
3617 5776 3727 5864 Ti")-

2342 5795 2385 5827 ’⁸
2415 5794 2572 5848 Rom.
2602 5812 2699 5860 xu,
2732 5796 2819 5851 l9.
2925 5797 2988 5828 ἐ·
3020 5796 3206 5852 Matth.
3242 5816 3293 5864 v,
3324 5799 3408 5851 9.2.
3503 5794 3542 5821 "
3571 5794 3586 5837 ι
3618 5794 3722 5859 HJ".

2380 5866 2422 5898 "
2446 5865 2561 5920 Gal.
2587 5865 2769 5925 tv,22.
2851 5868 2897 5900 ³⁸
2920 5868 3052 5925 ibid.
3080 5868 3270 5924 25-25.
3348 5869 3389 5899 -“
3408 5866 3523 5919 Luc.
3550 5868 3634 5909 xu.
3662 5844 3722 5895 ιδ·

2380 5866 2422 5898 ³³
2446 5865 2561 5920 Gal.
2587 5883 2661 5932 tv,
2678 5865 2769 5920 22.
