4032 6420
175 395 335 467 1033
393 363 395 366 ⁴

1315 399 1397 459 IN
1448 397 1885 460 LEVITICUM.
1921 421 1994 433 -·
2030 399 2178 459 LIB.
2215 399 2316 461 Vl.

3298 407 3434 472 101M:

168 513 371 578 Jucob,
394 514 566 570 dicens
592 532 609 570 :
651 515 876 570 Visitans
907 519 1112 572 visitavi
1140 533 1227 572 vos
1283 526 1332 570 et
1355 517 1459 570 vidi
1509 531 1758 587 qurecun-
1789 529 1832 580 Α
1861 523 2007 568 ctum
2047 515 2249 570 bonum
2279 516 2588 575 Iudaeorum
2619 519 2876 590 populum
2899 528 3026 576 ante
3056 520 3270 601 Domini
3296 541 3438 595 prae-

168 624 285 677 que
317 619 589 661 evenerunt
610 610 747 662 vobis
770 610 826 661 in
855 609 1102 679 Afgypto,
1136 619 1183 662 et
1219 609 1328 662 dixi
1354 622 1371 659 :
1404 606 1657 660 Liberabo
1673 623 1759 659 vos

167 714 247 751 ea:
276 701 616 766 oppressione
640 699 1005 770 .Egyptiorum
1037 701 1101 753 ³⁸.
1131 702 1329 769 Aperte
1353 716 1480 770 ergo
1510 717 1606 769 per
1628 716 1760 770 prae-

169 801 397 843 sentem
431 791 600 860 legem
633 792 853 845 visitare
883 808 976 845 eos
1036 791 1282 861 permisit
1313 807 1409 861 per
1435 791 1636 846 Christi
1691 791 1758 844 li-

165 882 614 946 berationem,de
639 899 741 952 qua
758 883 1040 938 manifeste
1061 884 1346 939 Zacharias
1360 899 1457 954 per
1475 883 1760 938 Canticum

165 989 346 1027 suum
373 974 506 1029 dixit
539 993 551 1028 :
585 973 894 1029 Benedictus
945 977 1192 1028 Dominus
1232 975 1372 1029 Deus
1415 975 1603 1038 Israel,
1634 976 1758 1044 quia

167 1065 436 1130 uisitauit,
459 1075 510 1119 et
558 1067 678 1119 fecit
741 1068 1147 1135 redemptionem
1174 1068 1337 1136 plebis
1360 1083 1471 1122 sua:
1504 1068 1570 1120 ³⁸.
1622 1067 1762 1123 Dicit

167 1157 328 1210 enim
355 1157 730 1212 liberationem
767 1175 930 1227 quam
971 1160 1226 1214 Christus
1273 1160 1329 1213 in
1369 1159 1655 1221 sacriﬁcio,
1703 1167 1760 1212 et

168 1249 492 1318 evangelica
552 1251 992 1314 conversatione,
1021 1252 1210 1306 Judazo
1240 1253 1496 1322 primum,
1527 1261 1581 1306 et
1635 1261 1760 1320 post

173 1338 287 1392 hoc
308 1338 514 1402 Graeco,
532 1341 830 1394 secundum
849 1341 993 1409 quod
1013 1341 1150 1396 dixit
1167 1341 1475 1410 Apostolus,
1490 1339 1755 1410 praestitit.

173 1430 273 1483 Ait
295 1431 440 1484 enim
463 1431 530 1484 de
559 1430 852 1501 Evangelio
873 1433 1018 1501 quod
1042 1450 1072 1486 a
1098 1433 1326 1486 Domino
1351 1434 1614 1486 donatum
1637 1440 1754 1486 est:

177 1520 355 1574 Virtus
387 1521 481 1574 Dei
507 1531 581 1576 est
611 1522 668 1574 in
694 1522 918 1576 salutem
940 1525 1081 1576 onmi
1105 1525 1354 1584 credenti,
1381 1523 1566 1577 Juda'o
1587 1523 1757 1591 primo

173 1623 224 1665 et
291 1611 470 1667 Graeco
497 1613 562 1666 ³⁷.
594 1614 710 1667 Non
765 1616 1065 1669 secundum
1109 1615 1342 1685 aliquam
1400 1630 1755 1684 personarum

173 1709 572 1775 acceptionem,
597 1707 692 1761 sed
721 1707 846 1776 quia
875 1707 1033 1776 primi
1064 1706 1238 1762 Judaii
1263 1709 1402 1762 hanc
1423 1707 1651 1762 salutem
1700 1713 1756 1761 et

177 1797 570 1862 liberationem,
607 1809 794 1869 utpote
845 1800 1008 1854 etiam
1045 1799 1180 1854 alios
1213 1800 1554 1865 seducentes,
1590 1802 1754 1857 habe-

1867 607 2094 660 sentiam
2147 608 2408 676 potuisse.
2455 609 2563 664 Cur
2609 611 2756 665 enim
2807 612 3044 667 triennio
3074 613 3309 670 fructum
3357 618 3440 672 eis

1867 696 2042 752 onmis
2068 697 2197 766 ligni
2227 714 2338 753 non
2359 715 2479 755 esse
2505 702 2750 757 esibilem
2791 703 3039 759 dicebat?
3061 705 3166 760 Sed
3197 722 3296 763 nec
3329 708 3440 762 ullo

1866 791 2027 844 modo
2048 792 2332 854 mundum,
2356 793 2447 848 sed
2483 804 2539 848 et
2586 795 2993 851 inundationem
3039 791 3244 868 ‘quarto
3293 817 3440 855 anno

1867 885 2228 960 necessariam
2263 887 2575 942 habentem.
2609 891 2674 944 Et
2702 907 2820 960 qua:
2846 893 2960 946 haec
2987 902 3106 947 erat
3134 895 3440 949 mundatio?

1865 973 1982 1028 Non
1999 955 2277 1045 'aspersio,
2309 993 2418 1030 non
2454 978 2802 1045 sacriﬁcium,
2839 996 2946 1034 non
2977 983 3121 1037 aliud
3157 983 3437 1053 quidpiam

1867 1065 2200 1136 hujusmodi,
2223 1069 2383 1138 quale
2421 1069 2527 1123 alio
2566 1069 2686 1124 loco
2709 1073 3009 1128 secumlum
3044 1075 3283 1129 litteram
3348 1075 3436 1128 lex

1866 1160 2140 1228 praecepit.
2167 1161 2308 1231 Ergo
2336 1173 2494 1216 vocat
2529 1164 2838 1218 necessarie
2893 1165 2962 1219 ad
3024 1164 3438 1236 contemplatio-

1865 1261 1990 1302 nem
2025 1250 2273 1318 spiritus,
2303 1267 2426 1307 eum
2457 1255 2550 1322 qui
2575 1270 2682 1308 nou
2710 1256 2885 1310 solum
2930 1258 3178 1312 meditari
3235 1258 3435 1328 legem,

1864 1337 1960 1392 sed
2010 1348 2065 1392 et
2091 1338 2309 1409 aliquod
2369 1357 2434 1396 ex
2481 1359 2542 1396 ea
2565 1345 2845 1414 percipere
2865 1348 3211 1403 commodum
3261 1349 3432 1419 cupit.

1865 1427 2088 1484 Terram
2112 1448 2243 1502 ergo
2281 1434 2424 1489 Deus
2478 1435 2591 1501 dat,
2625 1452 2788 1506 quam
2843 1439 3020 1508 ipsum
3077 1439 3207 1496 dare
3255 1442 3431 1505 decet,

1863 1522 1918 1577 id
1946 1531 2051 1586 est,
2082 1525 2322 1580 divinam
2351 1527 2712 1597 Scripturam,
2745 1546 2867 1600 quae
2908 1535 3170 1587 virtutum
3216 1532 3432 1589 fructus

1861 1613 1986 1679 fert,
2015 1631 2136 1684 quae
2168 1617 2332 1672 habet
2362 1617 2504 1673 illam
2534 1619 2724 1684 vitam,
2744 1630 2800 1676 et
2821 1621 2974 1687 colit,
3003 1624 3119 1679 sive
3148 1634 3430 1694 operatur,

1860 1720 2024 1775 quam
2075 1706 2242 1762 David
2270 1709 2449 1764 colere
2483 1720 2538 1765 et
2578 1714 2789 1780 operari
2821 1715 3111 1784 promittit,
3142 1717 3236 1772 ubi
3281 1718 3431 1772 enim

1865 1794 1972 1853 Deo
2028 1799 2241 1868 placere
2291 1807 2460 1874 magis
2520 1803 2704 1868 homo,
2745 1819 2908 1874 quam
2931 1805 2986 1858 in
3035 1806 3326 1870 mandatis,
3375 1816 3434 1862 et

177 1889 307 1942 bant
336 1889 718 1948 necessariam.
741 1890 880 1944 Cum
936 1891 1019 1944 his
1041 1891 1134 1960 qui
1191 1891 1410 1956 dormit,
1435 1891 1489 1944 id
1514 1900 1616 1953 est,
1662 1892 1753 1961 qui
1786 1884 1830 1942 Β
1857 1890 2116 1958 operibus
2154 1892 2314 1948 bouis
2342 1904 2559 1964 potest:
2599 1896 2697 1964 Ait,
2720 1897 2866 1951 enim
2903 1913 2917 1949 :
2955 1897 3180 1952 Placebo
3207 1897 3432 1952 Domino

178 1981 388 2045 miscet,
443 1991 504 2036 ut
552 1982 782 2037 seminis
812 1998 1020 2038 eorum
1069 1991 1124 2037 et
1181 1982 1442 2038 doctrin-.e
1489 1983 1757 2054 particeps

175 2075 456 2138 eﬁiciatur,
490 2075 616 2130 huic
643 2091 740 2145 per
769 2075 1096 2130 sacriﬁcium
1129 2084 1421 2145 praestatur
1466 2075 1752 2130 remissio:

176 2168 268 2220 sed
295 2182 391 2236 per
416 2165 648 2229 Christi,
687 2167 791 2222 hac
839 2167 987 2222 enim
1046 2166 1371 2222 sacriﬁcium
1421 2165 1753 2236 signiﬁcans,

180 2258 402 2310 arietem
434 2273 533 2326 pro
563 2267 785 2327 peccato
838 2258 1094 2328 praecepit
1137 2257 1345 2323 oﬂ‘erri,
1373 2266 1429 2312 et
1487 2274 1585 2326 per
1636 2257 1757 2328 ejus

184 2349 502 2404 oblationem
532 2350 875 2404 sacerdotem
923 2351 1227 2418 deprecari.
1263 2348 1396 2414 Quis
1446 2349 1517 2402 sit
1571 2358 1753 2404 autem

194 2441 300 2503 hic,
327 2441 416 2507 qui
447 2457 540 2510 pro
569 2442 717 2495 omni
768 2440 970 2495 mundo
998 2441 1340 2510 “deprecatus
1370 2449 1477 2504 est,
1533 2451 1590 2495 et
1633 2441 1754 2510 quis

192 2534 350 2600 aries,
373 2534 463 2602 qui
499 2549 589 2602 pro
623 2544 846 2602 peccato
893 2533 1140 2597 offertur,
1179 2543 1234 2588 et
1279 2549 1376 2588 cur
1401 2541 1526 2587 ante
1554 2533 1751 2586 ostium

191 2624 508 2678 tabernaculi
585 2625 878 2679 testimonii
988 2625 1056 2679 ad
1129 2625 1452 2681 sacriﬁcium
1523 2626 1753 2682 deduca-

180 2726 284 2775 tur.
339 2717 434 2771 sed
463 2727 518 2772 et
573 2718 703 2786 quid
751 2717 970 2786 proprie
999 2718 1194 2773 debeat
1217 2719 1440 2786 intelligi
1469 2727 1750 2788 peccatum

174 2808 374 2870 delicti,
404 2825 468 2864 ea
503 2825 623 2880 quae
651 2809 718 2864 de
744 2810 1026 2865 sacriﬁciis
1076 2811 1204 2865 olim
1246 2811 1458 2865 sancita
1517 2822 1664 2876 sunt,
1698 2821 1753 2864 et

171 2902 416 2970 exposita
440 2911 804 2971 perscrutans,
844 2904 1092 2957 invenies
1126 2901 1402 2956 Christum
1434 2901 1488 2955 in
1525 2902 1624 2967 eis,
1651 2918 1746 2956 ve-

171 2992 249 3046 lut
283 2993 335 3045 in
373 2993 608 3064 imagine
640 2994 926 3066 ﬁguratum
959 3012 972 3050 :
1011 2993 1103 3062 qui
1130 3009 1226 3063 per
1256 3008 1473 3048 crucem
1502 2993 1745 3047 immola-

169 3095 277 3146 tus,
309 3101 436 3140 cum
458 3085 577 3144 aliis
603 3087 858 3142 omnibus
893 3088 1132 3156 peccatis
1158 3085 1324 3140 etiam
1375 3085 1478 3140 hoc
1522 3085 1746 3155 ignovit,

167 3177 313 3246 quod
347 3177 662 3233 Judzeorutn
690 3178 964 3234 commisit
996 3178 1247 3248 populus,
1283 3186 1338 3231 et
1364 3177 1412 3231 is
1441 3177 1532 3244 qui
1556 3186 1672 3232 erat
1697 3177 1750 3231 ei

166 3272 360 3325 mistus
385 3289 452 3326 ex
481 3272 752 3342 gentibus,
785 3269 1063 3339 quietiam
1100 3270 1340 3326 dormire
1381 3286 1506 3324 cum
1551 3271 1628 3325 eis
1669 3270 1749 3324 di-

164 3366 328 3426 citur,
365 3367 534 3435 legem
559 3381 667 3418 non
697 3365 994 3421 secundum
1029 3364 1391 3420 intentionem
1425 3364 1749 3434 legislatoris

162 3457 507 3525 accipiendo.
532 3455 656 3512 Haec
676 3465 857 3512 autem
883 3472 990 3511 non
1013 3456 1322 3526 importune
1365 3457 1417 3510 in
1446 3457 1550 3510 hoc
1601 3456 1745 3518 loco,

163 3548 262 3601 sed
296 3548 405 3602 imo
438 3547 602 3603 nimis
625 3556 934 3618 opportuno
955 3557 1220 3618 tempore,
1247 3565 1356 3618 quo
1381 3549 1620 3618 iumenta
1639 3564 1747 3605 non

161 3647 450 3707 oporteret
498 3638 720 3694 alterius
775 3639 992 3710 generis
1033 3639 1300 3706 jumentis
1349 3640 1640 3710 conjungi,
1693 3640 1747 3694 id

162 3742 269 3787 est.
301 3747 413 3784 non
443 3733 634 3786 liceret
662 3747 755 3785 eos
775 3731 866 3800 qui
887 3731 988 3786 sub
1008 3732 1194 3801 jugum
1218 3731 1343 3786 facti
1372 3741 1497 3786 sunt
1522 3732 1744 3797 Christi,

162 3824 459 3879 Judaicum
485 3825 672 3894 jugum
700 3824 998 3894 suscipere,
1034 3824 1376 3894 signiﬁcavit.
1404 3824 1748 3881 Conﬁrmans

166 3917 313 3971 enim
365 3917 488 3980 hoc,
521 3915 806 3985 praesentia
863 3915 1124 3980 subdidit,
1158 3931 1256 3984 per
1307 3932 1450 3985 qua}.
1484 3918 1742 3982 ostendit,

167 4011 290 4079 quia
312 4017 370 4063 et
413 4018 543 4064 ante
573 4010 863 4063 adventum
905 4009 1130 4073 Christi,
1154 4010 1467 4079 quicunque
1527 4020 1745 4066 extero-

168 4117 286 4155 rmn
319 4101 427 4155 illis
460 4101 934 4164 commiscebatur,
959 4115 1096 4169 opus
1127 4101 1363 4155 habebat
1393 4101 1746 4171 intelligibilis

164 4194 356 4249 arietis
384 4194 652 4249 sacriﬁcio
685 4195 750 4248 ad
783 4193 1227 4262 propitiationem
1251 4208 1425 4260 suam,
1455 4196 1744 4250 conferens

170 4286 300 4340 illud
326 4295 528 4352 mente,
563 4296 616 4339 et
636 4286 954 4341 describens
974 4285 1118 4351 apud
1142 4286 1501 4356 semetipsum
1531 4304 1627 4356 per
1677 4289 1741 4343 ﬁ-

173 4392 337 4445 guras
367 4377 667 4433 veritatem.
697 4376 785 4431 Sic
811 4375 958 4430 enim
1000 4391 1108 4430 non
1137 4375 1313 4430 solum
1340 4392 1448 4442 non
1486 4379 1743 4433 condem-

170 4467 294 4522 nari
319 4483 379 4521 ex
413 4469 736 4523 obveniente
765 4467 867 4522 sibi
915 4467 1182 4522 servitute
1214 4466 1452 4522 Judaicae
1522 4469 1737 4536 litterae,

1859 1981 1912 2034 in
1937 1982 2145 2052 regione
2203 1985 2434 2040 vivorum
2461 1986 2525 2040 ³⁸.
2563 1987 2640 2042 De
2691 1989 2890 2058 quibus
2933 1990 3050 2060 ipse
3100 1990 3237 2045 dicit
3276 2007 3290 2044 :
3328 1990 3431 2056 Qui

1856 2089 1975 2126 vero
1991 2084 2287 2141 exspectant
2305 2067 2608 2140 Dominum,
2633 2081 2937 2136 hwreditate
2966 2084 3298 2150 possidebunt
3326 2095 3432 2138 ter-

1857 2183 1971 2220 ram
1993 2168 2060 2220 ³⁹.
2092 2167 2455 2224 Possidebuut
2478 2173 2624 2226 enim
2656 2174 2870 2242 plenam
2903 2173 2996 2228 Dei
3046 2176 3240 2246 spiritu
3279 2176 3428 2232 Scri—

1859 2268 2094 2326 pturam,
2125 2271 2180 2314 et
2201 2277 2320 2331 (jure
2349 2278 2414 2317 ex
2453 2279 2518 2318 ea
2552 2276 2683 2320 sunt
2711 2267 2870 2329 bona,
2909 2267 3002 2336 qui
3034 2268 3202 2322 Deum
3229 2284 3429 2340 exspe-

1856 2359 2029 2413 ctant,
2081 2353 2172 2421 qui
2229 2355 2630 2420 mandatorum,
2661 2373 2782 2427 qua:
2824 2357 2876 2411 in
2931 2374 2995 2413 ea
3051 2361 3425 2423 continentur,

1856 2442 2275 2499 retributionem
2308 2446 2596 2513 promittit.
2637 2446 2788 2502 l-lauc
2821 2458 3018 2502 terram
3052 2450 3261 2520 ingredi
3303 2452 3428 2520 qui-

1853 2532 1977 2587 dem
2009 2533 2100 2588 ﬁlii
2137 2533 2450 2590 Judaeormn
2513 2538 2768 2608 praecepti
2807 2547 2954 2604 sunt,
2994 2552 3052 2594 et
3097 2549 3428 2611 acceperunt

1855 2627 2080 2694 priores.
2114 2626 2276 2682 Primi
2321 2631 2464 2684 enim
2542 2646 2724 2686 sacras
2784 2645 3144 2704 susceperunt
3199 2636 3423 2700 litteras,

1853 2726 2076 2786 propter
2103 2718 2247 2787 quod
2282 2728 2339 2772 et
2388 2717 2594 2788 lignum
2654 2720 2798 2790 quod
2855 2721 2939 2776 edi
2966 2731 3168 2791 potest,
3199 2722 3255 2778 id
3317 2734 3423 2783 est.

1852 2808 2125 2869 mandata,
2157 2825 2276 2878 qua:
2300 2811 2556 2875 diximus,
2584 2811 2828 2880 plantare
2855 2813 3110 2881 praecepti
3170 2821 3317 2878 sunt,
3369 2813 3425 2866 hi

1836 2890 2066 2967 'quidem
2094 2914 2188 2954 eas
2246 2901 2591 2964 meditantes,
2619 2903 2672 2956 hi
2711 2913 2892 2957 autem
2926 2911 2983 2958 et
3039 2904 3422 2973 praedicantes.

1850 2993 1986 3056 Quia
2017 2993 2162 3046 enim
2198 2993 2520 3063 plantationi
2569 2993 2836 3064 lignorum
2869 2995 3150 3050 meditatio
3175 2996 3328 3067 legis,
3370 3007 3426 3052 et

1851 3083 2160 3153 praedicatio
2185 3095 2406 3155 propter
2438 3101 2564 3140 eum
2594 3088 2918 3156 profectum,
2946 3087 3038 3158 qui
3078 3103 3179 3157 per
3242 3099 3425 3158 patres

1851 3176 2120 3243 provenit,
2148 3176 2499 3238 assimilatur,
2550 3179 2676 3234 audi
2707 3179 2877 3235 David
2905 3181 3179 3236 dicentem
3216 3203 3229 3236 :
3269 3183 3336 3237 Et
3369 3185 3424 3237 in

1852 3267 1960 3336 lege
1983 3268 2096 3337 ejus
2140 3270 2480 3323 meditabitur
2512 3271 2596 3325 die
2611 3287 2674 3324 ac
2699 3281 2870 3327 nocte.
2903 3273 2973 3326 Et
3006 3275 3104 3328 erit
3165 3283 3422 3345 tanquam

1851 3359 2070 3430 lignum,
2127 3362 2264 3430 quod
2305 3361 2606 3428 plantatum
2634 3373 2707 3417 est
2739 3380 2884 3418 secus
2938 3366 3186 3420 decursus
3245 3383 3420 3434 aqua-

1848 3469 1968 3505 rum
1996 3453 2062 3509 ⁸⁸³.
2102 3452 2300 3506 Paulus
2326 3453 2470 3508 enim
2502 3454 2571 3509 de
2599 3456 2981 3524 praedicatione
3008 3472 3170 3526 quam
3225 3455 3422 3526 praedi-

1847 3545 1988 3599 cavit
2009 3544 2304 3600 Corinthiis
2326 3548 2544 3616 scripsit
2571 3564 2586 3599 :
2619 3543 2730 3617 Ego
2762 3547 3018 3616 plantavi,
3043 3548 3229 3616 Apollo
3271 3549 3418 3620 riga-

1848 3639 1940 3697 vit,
1977 3639 2065 3691 sed
2123 3637 2258 3692 Deus
2295 3640 2671 3693 incrementum
2733 3640 2874 3693 dedit
2897 3641 2962 3695 δι.
3000 3639 3108 3695 Sed
3163 3641 3419 3696 mandata

1847 3732 2064 3799 quidem
2104 3730 2242 3785 bona
2272 3730 2436 3784 nimis
2466 3740 2642 3794 erant,
2678 3741 2898 3800 propter
2926 3731 3070 3801 quod
3109 3741 3164 3785 et
3211 3732 3416 3801 lignum

1846 3821 2035 3876 esibile
2061 3821 2364 3890 appellavit.
2397 3822 2478 3875 Illi
2537 3831 2718 3876 autem
2772 3823 2936 3878 modo
2980 3839 3090 3893 quo
3120 3823 3414 3887 debebant,

1846 3926 1956 3966 non
1987 3912 2352 3980 operabantur
2384 3912 2685 3966 secundum
2733 3911 2971 3968 litteram
3025 3914 3141 3983 lege
3177 3922 3414 3968 utentes.

1846 4003 1976 4057 Erat
2001 4020 2130 4073 ergo
2181 4017 2370 4058 eorum
2424 4003 2650 4069 fructus,
2683 4005 2929 4074 operatio
2972 4005 3221 4061 videlicet
3281 4007 3417 4078 legis

1848 4094 2083 4148 triennio
2105 4093 2403 4148 immunda.
2429 4095 2568 4148 Dicit
2596 4104 2779 4150 autem
2837 4096 3160 4162 triennium,
3193 4111 3226 4151 a
3273 4105 3416 4152 tem-

1844 4200 1976 4255 pore
2006 4184 2138 4255 legis
2164 4200 2336 4254 usque
2357 4185 2425 4240 ad
2444 4185 2607 4240 David
2644 4196 2877 4257 tempus,
2899 4198 2952 4242 et
2978 4203 3007 4241 a
3041 4187 3211 4243 David
3243 4205 3418 4259 usque

1844 4275 1910 4327 ad
1959 4273 2493 4342 transmigrationem
2551 4273 2878 4342 Babyloniae,
2909 4286 2965 4330 et
3002 4293 3032 4331 a
3063 4277 3418 4348 transmigra-

1845 4365 1992 4419 tione
2062 4363 2367 4435 Babylonia:
2442 4365 2726 4434 usquead
2780 4366 3075 4421 adventura
3133 4367 3344 4432 Domini
3400 4385 3415 4421 :

1842 4457 1922 4513 sic
1981 4457 2127 4512 enim
2174 4465 2230 4510 et
2299 4456 2587 4512 Mattbmus
2643 4458 2891 4512 distinxit
2945 4460 3013 4514 “.
3096 4458 3234 4524 Quia
3289 4475 3419 4531 ergo

163 4560 264 4615 sed
293 4559 453 4614 etiam
507 4560 725 4614 liberari
772 4560 841 4613 ab
869 4574 955 4622 ea,
989 4568 1046 4613 et
1071 4574 1102 4612 a
1163 4568 1340 4614 morte
1401 4559 1738 4616 inﬁdelitatis

1853 4556 2032 4617 quarto
2093 4547 2196 4601 hoc
2253 4562 2418 4611 anno,
2470 4562 2689 4602 omnem
2745 4547 2982 4601 fructum
3037 4548 3208 4618 ipsius
3257 4550 3415 4620 legis,

159 4653 482 4723 spiritaliter
505 4654 678 4726 legem
744 4654 1043 4723 accipiens,
1068 4662 1125 4707 et
1165 4652 1429 4708 sacriﬁcia
1487 4655 1606 4724 ejus
1671 4654 1740 4709 ad

155 4749 446 4803 Christum
475 4747 742 4810 referens,
774 4753 1013 4815 poterat.

233 4839 398 4893 Vens.
433 4838 620 4893 93-25.
661 4857 680 4890 ι
708 4837 938 4904 Quando
973 4837 1200 4908 ingressi
1251 4834 1463 4890 fueritis
1517 4847 1737 4899 terram,

151 4940 210 4986 et
260 4924 642 5000 plantaveritis
700 4930 757 4984 in
809 4945 873 4984 ea
937 4929 1080 5000 ligna
1131 4927 1430 4998 pomifera,
1477 4926 1740 4981 auferetis

152 5022 429 5092 praeputia
463 5038 672 5077 eorum.
694 5020 860 5076 Poma
906 5036 1030 5089 quae
1094 5020 1422 5090 germinant,
1460 5018 1740 5072 immunda

149 5124 324 5167 erunt
359 5112 534 5179 vobis,
573 5127 675 5168 nec
701 5111 874 5167 edetis
906 5125 973 5164 ex
1013 5109 1112 5164 eis.
1145 5107 1350 5176 Quarto
1388 5124 1533 5162 anno
1561 5108 1740 5163 omnis

151 5205 376 5258 fructus
399 5218 584 5258 eorum
603 5201 1029 5258 sanctiﬁcabitur
1045 5201 1296 5256 laudabili
1317 5199 1742 5264 Domino.Quino
1771 5267 1775 5274 ‘

152 5307 216 5350 to
240 5306 427 5351 autem
457 5312 602 5351 anno
627 5312 738 5350 non
776 5295 1072 5351 comedetis
1112 5294 1339 5355 fructus,
1407 5307 1741 5362 congregan—

151 5398 244 5442 tes
261 5402 425 5456 poma
455 5399 575 5458 qua:
588 5388 888 5456 proferunt.
913 5386 1023 5457 Ego
1042 5385 1314 5440 Dominus
1340 5383 1479 5437 Deus
1502 5388 1732 5436 vester.»

235 5478 531 5533 Permanet
585 5479 641 5532 in
691 5477 996 5533 intentione
1044 5477 1205 5531 etiam
1240 5491 1386 5530 nunc
1447 5474 1741 5544 legislator,

152 5588 328 5642 quam
359 5572 545 5626 habuit
586 5572 760 5642 prius,
791 5571 914 5624 aliis
965 5571 1146 5624 verbis
1200 5569 1633 5639 praecedentibus
1671 5567 1743 5620 si-

156 5663 314 5718 milia
357 5665 629 5728 sanciens,
665 5665 957 5718 ostendens
987 5664 1204 5732 quidem
1252 5678 1351 5713 nec
1384 5661 1583 5714 habere
1627 5659 1742 5713 fru-

232 5800 279 5831 ³⁵
311 5799 482 5853 Exod.
515 5814 598 5862 ιιι,
625 5797 711 5851 16.
815 5798 860 5829 ³⁵
897 5797 1029 5851 Luc.
1054 5813 1094 5865 ι,
1126 5797 1214 5850 68.
1323 5797 1365 5827 ³⁷
1390 5795 1547 5847 Boni.
1583 5810 1618 5858 l,
1663 5793 1743 5848 l6.

154 5870 213 5935 ἓ,
245 5872 304 5924 ’5.
380 5872 425 5900 ⁵¹
463 5868 483 5922 Ι
517 5868 644 5922 Cor.
679 5884 762 5930 ιιι,
804 5868 857 5920 ﬁ.
938 5869 983 5897 "
1019 5867 1205 5921 Matth.
1233 5866 1319 5931 1,1
1357 5881 1508 5934 seqq.

457 5965 732 6024 Ps'rnoc.
773 5963 890 6022 Gn.
928 5962 1112 6024 XClll

1845 4647 2091 4692 sanctum
2111 4647 2166 4691 et
2185 4637 2453 4691 laudabile
2486 4637 2715 4692 Domino
2743 4639 3164 4704 commendavit,
3197 4654 3305 4692 non
3335 4649 3418 4692 ta-

1845 4745 1970 4784 men
2005 4729 2089 4784 vel
2124 4740 2252 4784 tunc
2281 4729 2473 4784 esibile
2503 4729 2629 4783 illud
2664 4745 2785 4784 esse
2839 4729 3044 4785 Iudaeis
3080 4732 3312 4793 dixerat,
3350 4732 3418 4784 il-

1846 4821 1934 4874 lud
1969 4820 2088 4874 sine
2116 4821 2294 4890 aliqua
2321 4821 2659 4876 dubitatione
2703 4821 2972 4891 probavit,
3006 4837 3112 4892 qua
3149 4821 3315 4877 totius
3337 4822 3420 4875 le-

1847 4913 1928 4983 gis
1959 4912 2191 4976 fructus,
2223 4913 2278 4967 in
2332 4914 2572 4968 adventu
2627 4915 2840 4969 Domini
2887 4926 2969 4970 est
2997 4933 3008 4974 :
3041 4915 3214 4986 Hujus
3269 4916 3419 4970 enim

1848 5015 2083 5076 tempus,
2148 5007 2448 5060 secundum
2494 5006 2743 5061 ordinem
2794 5017 3100 5078 temporum
3162 5008 3419 5078 superius

1847 5097 2250 5149 nominalormn
2307 5111 2484 5149 annus
2549 5105 2696 5150 recte
2752 5098 3124 5152 nominabitur
3167 5108 3414 5167 quartus,

1847 5194 2067 5239 sanctus
2096 5185 2351 5240 laudabili
2388 5186 2515 5240 Deo.
2546 5187 2682 5252 Quia
2704 5185 2956 5243 Christus
2993 5204 3117 5244 eum
3171 5189 3418 5244 fructife-

1849 5293 1970 5331 rum
2024 5276 2273 5341 faciebat,
2327 5280 2782 5348 quemadmodum
2840 5290 3051 5350 oportet
3113 5281 3275 5336 etiam
3317 5295 3419 5336 nos

1848 5373 2172 5433 fructiﬁcare
2220 5374 2441 5430 docens.
2481 5377 2648 5431 Recte
2701 5392 2830 5448 ergo
2890 5390 3110 5432 sanctus
3157 5386 3292 5440 erat,
3330 5386 3417 5430 ut-

1849 5476 1975 5536 potc
1999 5482 2028 5520 a
2068 5466 2266 5521 Sancto
2287 5477 2598 5522 sanctorum
2631 5468 2926 5538 perfectus.
2968 5469 3074 5524 Sed
3108 5479 3163 5524 et
3227 5469 3417 5522 lauda-

1851 5563 2014 5616 bilis:
2068 5563 2246 5617 omnia
2277 5564 2421 5617 enim
2477 5579 2597 5631 quae
2651 5563 2903 5618 Christus
2941 5576 3217 5633 operatur,
3277 5565 3416 5616 bona

1851 5656 1990 5708 fama
2027 5663 2345 5723 suntatque
2375 5656 2633 5726 gloriosa,
2670 5659 2742 5710 ita
2781 5665 2838 5709 ut
2867 5656 3028 5709 etiam
3081 5656 3148 5708 ab
3191 5654 3418 5723 ingratis

3111 5787 3154 5817 “
3192 5785 3332 5840 Psal.
3379 5802 3415 5851 ι,

1839 5792 1882 5826 ’⁸
1916 5789 2058 5844 Psal.
2083 5804 2224 5854 cxtv,
2255 5788 2307 5841 9.
2429 5790 2472 5824 ⁸³
2509 5788 2706 5842 Psalm.
2741 5804 2927 5851 xxxvn,
2961 5787 3013 5840 9.

3030 5951 3102 6012 33
