4032 6462
640 457 777 521 1035

1820 432 1871 491 li
1882 424 2183 490 ESYCHII
2221 412 2700 483 PBESBYTERI

3753 390 3855 454 1036

643 500 777 521 Ιυυυ

636 564 839 623 ,Ιυὼείε
866 557 1254 633 gloriﬁcentur.
1286 549 1422 604 Cum
1484 544 1629 598 enim
1681 536 2035 611 paralyticum
2082 546 2211 601 por-
2239 537 2286 592 Α
2316 524 2607 581 admodum
2672 518 2838 573 ﬁliam
2880 515 2936 569 lli
2967 512 3148 568 facere
3186 508 3633 565 εοηδυετετυῐην
3661 500 3744 567 qui
3769 502 3859 553 W-

2053 625 2061 633 .
2132 623 2181 633 ..-
2317 619 2327 633 ι
2417 616 2428 626 -
2452 632 2457 633 ,
2481 631 2487 633 _
2510 631 2521 633 _
2568 614 2781 633 _.-_,a._...
2838 621 3017 633 "Annua
3071 608 3295 633 npnnlur
3317 594 3475 633 (Iuntl
3511 594 3614 633 lum
3676 589 3859 633 gentm.

640 670 846 716 tantem
867 623 1038 724 super
1060 652 1318 705 humeros
1353 640 1635 713 grabatum
1688 633 1979 693 vidissent,
2011 623 2211 697 glori/i-

642 754 831 808 cabant
874 718 1062 808 Deum,
1087 738 1363 813 quitatem
1397 740 1707 803 potestatem
1729 726 1952 781 dedisset
1989 718 2214 776 homini-

643 847 736 899 bus
767 843 835 895 ⁸³.
867 838 1022 894 Unde
1045 849 1154 889 non
1183 827 1528 900 simpliciter,
1561 824 1657 879 sed
1684 818 1957 878 laudabile
1983 815 2217 869 Domino

643 935 878 990 fructum
911 929 1057 983 hunc
1095 925 1181 978 lex
1238 916 1549 990 appellavit.
1578 912 1819 967 Necdum
1872 916 2054 990 autem
2104 913 2220 958 erat

646 1024 847 1096 populo
871 1016 1095 1081 esibilis,
1128 1010 1361 1068 necdum
1387 1008 1534 1063 enim
1580 1004 1671 1059 hic
1705 999 2001 1056 secundum
2029 978 2219 1065 'spiri-

649 1129 763 1171 tum
789 1110 993 1169 Christi
1031 1102 1500 1163 conversationem
1525 1098 1756 1166 adeptus
1779 1094 1956 1147 fuerat
1988 1089 2121 1143 :sed
2166 1088 2221 1140 in

646 1221 790 1263 anno
809 1204 1021 1274 quinto,
1049 1200 1105 1255 in
1128 1196 1424 1269 apostolica
1448 1190 1707 1248 videlicet
1752 1183 2122 1258 generatione,
2159 1181 2224 1235 il-

649 1301 758 1355 line
781 1298 927 1354 enim
950 1296 1066 1366 ipse
1092 1292 1406 1347 Iudaeorum
1442 1283 1702 1357 populus,
1733 1282 1787 1335 id
1817 1288 1921 1342 est,
1956 1277 2008 1331 hi
2033 1275 2125 1345 qui
2157 1290 2225 1328 ex

648 1394 731 1449 eis
784 1389 1156 1451 crediderunt,
1204 1390 1259 1437 et
1296 1387 1488 1452 gentes
1526 1390 1740 1435 omnes,
1794 1370 2040 1426 esibilem
2094 1367 2228 1437 legis

650 1484 911 1543 fructum,
942 1476 1315 1548 operationem
1352 1471 1603 1527 videlicet
1655 1468 1985 1523 habuerunt.
2024 1462 2089 1515 Et
2142 1476 2230 1515 se-

651 1574 890 1641 cundum
919 1569 1274 1640 Septuaginta
1324 1564 1556 1635 adiectio
1616 1562 1890 1615 fructuum
1931 1557 2065 1626 legis
2112 1561 2231 1608 erat

651 1666 874 1736 populo,
906 1666 959 1718 id
1003 1670 1085 1717 est
1124 1662 1336 1714 lucrum
1401 1667 1456 1711 et
1493 1655 1863 1710 commodum.
1908 1649 2040 1716 Quae
2085 1646 2229 1700 enim

651 1762 953 1827 operantur
999 1753 1153 1823 prius
1211 1749 1332 1803 sine
1377 1748 1550 1811 lucro,
1602 1744 1872 1799 inutiliter
1908 1748 2229 1809 operantur.

655 1849 802 1902 Bene
827 1855 1009 1901 autem
1036 1840 1360 1913 adiectionis
1405 1840 1491 1893 lex
1523 1836 1842 1892 memoriam
1892 1832 2020 1886 facit
2068 1828 2234 1884 verbo

655 1940 973 2004 convenire,
1003 1936 1149 2007 quod
1178 1934 1314 1989 dixit
1363 1931 1626 1986 Dominus
1666 1928 1720 1981 in
1753 1924 2085 1994 Evangelia:
2120 1921 2234 1990 ipse

656 2032 804 2087 enim
835 2036 951 2084 erat
975 2068 989 2090 ,
1025 2026 1117 2096 qui
1177 2026 1292 2078 haec
1319 2032 1376 2075 et
1405 2022 1495 2074 illa
1549 2018 1787 2073 dicebat.
1820 2014 1974 2070 Omni
2024 2012 2233 2065 habenti

658 2122 873 2177 dabitur
887 2129 936 2175 et
963 2118 1244 2188 adjicietur
1264 2116 1328 2168 ιδ.
1347 2114 1673 2181 Quicunque
1698 2118 1902 2173 autem,
1927 2113 2235 2175 utoportet,

660 2225 818 2273 vetus
850 2221 998 2268 tenet
1022 2219 1425 2270 testamentum,
1453 2206 1502 2261 ei
1548 2213 1602 2258 et
1633 2217 1835 2257 novum
1866 2198 2142 2269 adjicitur,
2184 2206 2241 2251 et

661 2323 761 2379 per
790 2307 894 2360 hoc
918 2303 971 2358 ei
994 2301 1201 2358 esibilis
1237 2300 1402 2354 etiam
1427 2297 1638 2352 fructus
1679 2289 1993 2348 testamenti
2042 2288 2241 2343 veteris

665 2399 965 2453 invenitur.

738 2491 899 2546 Vsus.
923 2487 1112 2543 26-28.
1151 2506 1168 2538 ‹
1204 2482 1325 2540 Non
1360 2480 1661 2537 comedetis
1691 2492 1913 2535 carnem
1955 2492 2080 2532 cum
2116 2488 2243 2530 san-

667 2582 852 2652 guine,
879 2594 992 2633 non
1020 2573 1445 2649 augurabimini,
1475 2587 1581 2626 nec
1597 2568 1961 2625 observabitis
2011 2567 2242 2632 somnia,

667 2690 771 2730 nec
804 2674 856 2727 in
879 2672 1171 2727 rotundum
1193 2667 1431 2721 tondetis
1466 2678 1701 2724 comam,
1743 2674 1845 2715 nec
1891 2657 2092 2713 radetis
2126 2658 2248 2711 bar-

668 2767 815 2829 bam,
842 2773 896 2817 et
922 2776 1088 2831 super
1108 2766 1323 2812 mortuo
1352 2769 1461 2808 non
1487 2749 1738 2806 incidetis
1760 2761 1981 2801 carnem
2012 2755 2249 2798 vestram

672 2871 849 2927 neque
872 2855 1088 2924 figuras,
1114 2858 1170 2905 et
1190 2848 1440 2920 stigmata
1470 2843 1684 2900 facietis
1716 2840 1892 2896 vobis.
1925 2837 2037 2908 Ego
2068 2837 2251 2924 Domi:

672 2964 802 3004 nus.
846 2966 864 2997 υ
2237 2910 2250 2924 ’

746 3039 829 3094 Ab
856 3034 1007 3091 omni
1040 3031 1311 3087 fermento
1332 3023 1552 3082 malitiae
1586 3019 1850 3077 mundum
1878 3030 2001 3072 esse
2040 3013 2255 3069 fidelem

677 3134 813 3197 vult,
845 3139 899 3184 et
923 3133 1213 3198 preptcrea
1243 3133 1390 3174 nunc
1416 3114 1634 3187 quidem
1666 3109 1969 3182 prohibeta
1991 3106 2256 3162 servitute

678 3224 813 3296 legis
864 3221 1076 3282 litterae,
1108 3224 1163 3270 et
1218 3211 1502 3267 Judaieam
1551 3203 1855 3260 doctrinam
1917 3200 2257 3256 demonstrat

2314 616 2528 673 barieas
2565 614 2787 667 student
2834 621 3039 667 comas,
3070 608 3295 674 propter
3316 594 3476 668 quod
3511 594 3616 647 hoc
3676 589 3863 660 Septua-

2315 711 2463 785 ginta
2489 707 2696 776 σισόην,
2724 701 2948 757 forsitan
3005 707 3224 769 propter
3270 688 3718 762 magnitudinem
3767 708 3870 745 con-

2316 780 2603 860 cursorum
2656 796 2979 867 capillorum
3028 788 3479 860 appellaverunt.
3526 780 3644 835 Non
3699 796 3875 853 oportet

2318 905 2504 950 autem
2533 892 2637 945 hoc
2668 885 2808 945 ﬁeri.
2834 882 2929 938 sed
2952 887 3242 935 contentos
3273 888 3411 929 esse
3442 868 3774 923 naturalibus
3809 886 3873 923 or-

2320 986 2616 1045 namentis,
2650 977 2788 1033 nihil
2841 973 3150 1043 exquirere,
3207 966 3316 1022 nisi
3352 963 3553 1019 forsan
3617 960 3877 1017 Creatorem

2322 1077 2527 1148 aliquid
2557 1072 2857 1142 indiguisse
2877 1068 2942 1122 ad
2969 1061 3372 1136 perﬁciendum
3437 1054 3646 1109 animal
3693 1069 3878 1108 accusa-

2324 1187 2467 1228 mus.
2497 1169 2605 1224 Sed
2635 1180 2737 1220 nec
2758 1161 3043 1218 cincinnos
3073 1153 3285 1210 nutrire
3309 1152 3374 1205 in
3407 1148 3681 1203 honorem
3722 1145 3878 1201 damo-

2325 1282 2479 1330 num,
2511 1260 2723 1332 capillis
2750 1256 2869 1311 aliis
2897 1252 3172 1312 fortiores,
3198 1254 3256 1300 et
3294 1244 3417 1298 hoc
3441 1254 3649 1293 vovere
3674 1255 3688 1290 :
3715 1240 3883 1291 student

2327 1359 2471 1414 enim
2507 1356 2613 1410 hoc
2634 1348 2850 1423 pagani,
2888 1353 3052 1415 caput
3080 1350 3392 1413 puerorum
3430 1331 3641 1387 offerre
3671 1330 3880 1384 daemoni-

2328 1454 2449 1507 bus.
2486 1447 2640 1504 Unde
2660 1445 2728 1500 de
2751 1444 2855 1498 hoc
2883 1437 3122 1494 maxime
3146 1439 3376 1503 oportet
3420 1425 3613 1496 putari
3658 1424 3879 1494 legislau»

2330 1559 2445 1600 rem
2469 1539 2788 1613 praecipere.
2820 1532 2927 1587 Sed
2958 1544 3063 1584 nec
3090 1525 3312 1581 barbam
3368 1519 3579 1573 radere
3606 1515 3687 1569 vel
3731 1530 3876 1569 secun-

2331 1610 2866 1704 dnm'Septuaginta
2910 1632 3265 1689 corrumpere
3312 1613 3529 1670 faciem
3574 1610 3785 1664 barbae:
3817 1626 3879 1662 net:

2334 1731 2603 1786 incisuras
2630 1725 2687 1779 in
2716 1733 2949 1792 corpore
2978 1714 3083 1770 sibi
3115 1712 3299 1768 facere
3329 1723 3437 1763 eos
3458 1704 3560 1775 qui
3605 1703 3731 1757 fient
3767 1717 3878 1772 supra

2334 1832 2582 1879 mortuos
2611 1818 2796 1881 etiam,
2822 1814 2929 1867 hoc
2959 1808 3107 1864 enim
3137 1804 3333 1876 pagani
3369 1806 3795 1855 consueverunt.
3823 1799 3877 1850 Sic

2266 1902 2308 1957 Β
2338 1914 2485 1971 enim
2507 1910 2672 1981 afﬂigi
2711 1919 2878 1977 supra
2914 1910 3158 1957 mortuos
3187 1901 3441 1967 oportet,
3479 1900 3545 1944 ut
3588 1902 3689 1942 nec
3740 1888 3878 1941 faciem

2339 2007 2520 2071 laedat,
2562 1980 2664 2058 nec
2694 2012 2893 2069 corpus
2930 1998 3265 2059 corrumpat,
3297 2001 3327 2040 a
3352 1983 3569 2055 quibus
3603 1995 3701 2034 nos
3732 1980 3879 2033 Paulus

2340 2098 2637 2171 prohibens
2692 2093 2768 2148 ait
2798 2109 2813 2145 :
2848 2086 2987 2143 Nolo
3014 2100 3102 2138 vos
3128 2082 3403 2153 ignorare,
3474 2076 3692 2146 fratres,
3718 2081 3765 2124 ut
3815 2089 3881 2125 ποι

2342 2165 2743 2248 contristemini,
2774 2181 2908 2235 sicut
2935 2187 2981 2231 et
3018 2174 3193 2230 caeteri
3220 2172 3309 2242 qui
3329 2185 3487 2237 spem
3528 2182 3634 2219 non
3663 2165 3820 2217 habent
3836 2166 3876 2216 “.

2344 2283 2477 2338 Nam
2507 2277 2788 2350 quodlibet
2815 2286 3027 2334 eorum,
3046 2283 3168 2339 qua:
3196 2264 3469 2336 praedicta
3493 2267 3626 2314 sunt
3650 2273 3790 2328 agere
3808 2273 3875 2309 non

2345 2384 2430 2431 est
2461 2388 2614 2444 spem
2651 2370 2854 2425 habere
2912 2357 3335 2420 resurrectionis
3393 2363 3753 2413 mortuorum,
3792 2352 3871 2419 quia

2348 2443 2605 2537 tanquam
2640 2461 2745 2515 illis
2775 2454 3068 2525 corruptis,
3103 2449 3437 2518 semetipsos
3466 2443 3733 2511 dissipant
3768 2453 3873 2509 atque

2348 2536 2729 2627 corrumpunt.
2769 2547 3031 2605 Prohibet
3078 2543 3333 2615 stigmata
3388 2536 3513 2592 fieri
3580 2536 3633 2590 in
3686 2550 3867 2603 corpore,

2352 2652 2594 2721 undique
2648 2644 2861 2701 decoris
2896 2638 3173 2711 legislator
3216 2647 3411 2690 curam
3479 2643 3692 2700 gerens,
3721 2635 3767 2680 et
3800 2642 3866 2677 nos

2351 2718 2662 2799 concedens
2709 2736 2859 2792 abuti
2907 2745 3073 2788 carne
3129 2728 3183 2781 in
3243 2724 3499 2795 quolibet
3556 2718 3863 2797 horuui;qua

2351 2835 2571 2907 quidem
2615 2830 2718 2902 ipsi
2758 2833 2984 2887 nocent,
3030 2831 3205 2876 totum
3242 2794 3437 2871 autem
3486 2810 3680 2866 animal
3724 2794 3863 2862 ftedun

2354 2901 2609 2983 reddunt.
2640 2901 2942 2975 tlomedere
2971 2914 3118 2971 enim
3151 2925 3318 2979 super
3349 2915 3591 2969 montes,
3641 2901 3764 2972 quod
3806 2902 3863 2953 Se

2357 3018 2640 3093 ptuaginta
2676 3014 2734 3067 in
2766 3011 2924 3067 initio
2976 3003 3261 3078 praesentis
3306 2999 3448 3071 legis
3495 3003 3784 3069 posuerunt,
3805 3008 3864 3061 pro

2358 3089 2426 3169 eo
2455 3089 2603 3182 quod
2622 3114 2807 3162 nostra
2836 3102 3004 3158 editio
3029 3098 3215 3162 habet,
3244 3094 3367 3149 Non
3390 3089 3668 3146 comedetis
3688 3103 3779 3139 cum
3790 3101 3862 3137 san-

2362 3206 2535 3279 guine,
2574 3208 2796 3274 propter
2828 3211 2924 3252 eos
2960 3192 3054 3263 qui
3093 3190 3365 3245 idolorum
3403 3182 3763 3239 festivitatibus
3786 3194 3864 3231 coit

680 3267 813 3296 ηδ.-
1117 3267 1160 3270 -_

680 3314 950 3375 inutilem.
976 3310 1129 3365 Nunc
1158 3314 1339 3361 autem
1373 3315 1565 3356 rursus
1592 3297 1657 3353 ad
1683 3308 1925 3351 errorem
1973 3292 2257 3364 gentilium
2283 3267 2327 3327 (ἶ
2361 3267 3008 3363 ξυειίἐἶιηι’ρτοιιίι)ιιίι,
3030 3287 3148 3340 Hoc
3196 3282 3343 3337 enim
3395 3289 3455 3334 ει
3513 3274 3643 3332 Osee
3678 3285 3861 3328 εοευεεης

682 3420 991 3468 sermonem
1034 3401 1219 3465 vertit,
1266 3410 1446 3466 neque
1499 3390 1646 3447 enim
1696 3388 1902 3453 omnia,
1945 3401 2066 3455 quae
2114 3398 2263 3438 nunc

686 3504 850 3558 vetita
884 3509 1032 3561 sunt,
1064 3494 1355 3549 studentur
1382 3507 1396 3545 :
1425 3487 1624 3558 quippe
1646 3499 1769 3539 cum
1815 3497 1925 3536 non
1948 3480 2124 3536 solum
2154 3480 2265 3534 sint

687 3594 931 3657 ridicula,
967 3589 1063 3645 sed
1118 3586 1279 3641 etiam
1321 3590 1377 3636 et
1431 3580 1593 3634 noxia
1638 3575 1989 3632 studentibus
2023 3589 2107 3639 ea,
2144 3587 2266 3643 qua:

687 3687 921 3744 maxime
962 3678 1198 3736 ostendit
1227 3673 1613 3736 Ecclesiastes;
1647 3669 1723 3723 ait
1753 3668 1899 3722 enim
1924 3686 1937 3722 :
1958 3665 2059 3730 Qui
2091 3666 2268 3719 obser-

690 3790 778 3836 uat
804 3787 1031 3839 ventum,
1063 3788 1165 3825 non
1205 3770 1428 3823 seminat
1463 3780 1476 3816 :
1512 3774 1560 3819 et
1602 3763 1691 3835 qui
1734 3761 2026 3815 considerat
2057 3759 2264 3825 nubem,

690 3886 961 3941 nunquam
991 3873 1141 3920 metet
1171 3862 1238 3919 ⁵⁵.
1266 3856 1564 3929 Augurium
1601 3870 1728 3926 ergo
1774 3868 1883 3907 non
1938 3852 2112 3907 solum
2168 3866 2268 3903 vox

692 3967 809 4023 avis
848 3963 1141 4035 cujuslibet
1170 3966 1265 4013 aut
1300 3955 1513 4009 volatus
1543 3946 1802 4018 appellat,
1836 3945 1928 4014 qui
1960 3943 2047 3997 vel
2078 3942 2268 4011 prohi-

692 4063 788 4117 bet
825 4074 855 4112 a
888 4055 1118 4126 quadam
1148 4052 1363 4105 actione
1393 4044 1479 4098 vel
1520 4057 1641 4096 eam
1668 4037 1964 4093 studiosius
2006 4035 2273 4089 admonet

695 4151 1123 4212 accelerandam,
1153 4145 1246 4200 sed
1273 4152 1328 4196 et
1354 4138 1522 4211 signis
1548 4136 1625 4191 uti
1656 4131 2020 4203 loquentium,
2045 4136 2272 4198 practer-

696 4246 984 4309 euntium,
1031 4237 1408 4295 obviantium,
1454 4240 1508 4285 et
1558 4224 1916 4297 quorumdam
1968 4222 2022 4275 in
2080 4219 2273 4273 itinere

696 4334 1103 4396 obvenientium
1154 4323 1632 4387 oiiendiculorum,
1691 4317 1988 4383 taliumque
2044 4311 2273 4366 aliorum

697 4442 805 4488 est.
857 4430 938 4484 Ab
988 4424 1178 4480 avibus
1235 4420 1381 4474 enim
1443 4426 1731 4484 augurum,
1784 4408 1881 4463 sed
1931 4417 1984 4461 et
2042 4406 2273 4459 aliorum

699 4718 898 4763 sertam
929 4706 997 4759 ab
1030 4698 1343 4756 hominibus
1372 4692 1516 4747 viam
1556 4686 1739 4759 egredi
1781 4692 1876 4738 aut
1903 4681 2085 4735 avium
2126 4680 2278 4734 vola-

702 4808 838 4861 tum,
870 4805 961 4849 aut
999 4805 1161 4847 voces
1188 4786 1376 4858 quales
1402 4782 1512 4836 sint
1554 4783 1987 4849 perserutentur,
2020 4779 2079 4825 ut
2107 4785 2171 4824 ex
2202 4770 2281 4824 eis

703 4895 1201 4961 cognoscant.quae
1258 4880 1437 4933 futura
1500 4881 1646 4927 sunt.
1680 4869 1834 4936 Quod
1891 4879 2148 4922 accusare
2199 4870 2283 4918 est

704 4981 898 5043 Deum,
930 4977 1057 5046 quia
1084 4990 1147 5029 ea
1179 4985 1299 5041 qua:
1329 4963 1561 5029 homini,
1589 4978 1748 5033 quem
1798 4956 2095 5015 secundum
2127 4970 2281 5009 suam

705 5075 997 5144 imaginem
1028 5068 1269 5125 omnium
1293 5061 1607 5119 animalium
1640 5057 1937 5130 principem
1979 5052 2281 5115 constituit,

706 5164 1007 5227 abscondit,
1040 5171 1095 5217 et
1146 5159 1215 5213 ab
1247 5157 1324 5211 eis
1362 5152 1634 5224 quispiam
1692 5150 1870 5210 discit,
1903 5163 2023 5216 qua:
2077 5159 2180 5199 nec
2218 5142 2286 5197 ab

710 5253 1045 5327 spiritalibus
1076 5250 1229 5310 viris,
1261 5248 1355 5302 sed
1388 5262 1493 5300 nec
1518 5260 1548 5297 a
1578 5244 1708 5303 Deo,
1767 5240 1859 5309 qui
1907 5241 2011 5293 illis
2061 5238 2285 5300 revelat,

711 5355 892 5420 potest
912 5346 1145 5403 discere,
1182 5342 1325 5396 sicut
1376 5339 1453 5402 hi,
1485 5322 1581 5406 qui
1612 5336 1666 5388 in
1694 5333 1953 5404 praedicto
1989 5346 2174 5385 errore
2204 5343 2291 5383 se-

712 5438 860 5496 ducti
888 5445 1038 5498 sunt.
1066 5434 1418 5489 arbitrantur.
1454 5428 1679 5497 Insuper
1707 5440 1809 5481 nec
1838 5439 2049 5479 comam
2107 5423 2160 5476 in
2203 5437 2295 5475 ro.

713 5532 945 5589 tundum
975 5527 1221 5589 tondere,
1253 5524 1306 5579 id
1354 5530 1459 5586 est,
1496 5535 1606 5574 non
1651 5519 1841 5572 radere
1882 5516 1937 5569 in
1999 5513 2292 5568 rotundum

714 5632 991 5695 aspectum
1023 5618 1236 5689 capitis,
1255 5616 1395 5672 sicut
1427 5621 1483 5668 et
1506 5610 1865 5684 Symmachus
1893 5607 2080 5667 edidit,
2096 5622 2290 5677 quem-

785 5822 833 5854 “
857 5820 1050 5877 Matth.
1086 5833 1165 5881 nt,
1200 5816 1253 5870 8.

2307 4637 2353 4693 D

1354 5814 1399 5846 “
1435 5811 1629 5867 Matth.
1667 5826 1797 5871 xxv,
1837 5807 1907 5861 29
2003 5807 2048 5838 ⁸³
2080 5804 2260 5859 Eccle.
2282 5819 2355 5867 ιι,
2389 5798 2443 5857 4.

2361 3391 2624 3464 populum
2664 3385 3001 3446 Judmorum,
3059 3377 3235 3433 dixit:
3269 3372 3511 3442 Spiritus
3553 3365 3863 3439 fornicationem

2365 3454 2566 3554 accepit
2590 3495 2696 3541 eos,
2726 3487 2773 3530 et
2800 3470 3046 3546 fornicati
3071 3475 3191 3522 sunt
3220 3482 3251 3519 a
3288 3464 3401 3519 Deo
3436 3478 3554 3516 suo.
3585 3458 3724 3528 Super
3752 3454 3862 3508 certi-

2370 3593 2480 3631 cem
2504 3571 2758 3626 montium
2797 3567 3063 3620 incensum
3096 3557 3404 3620 adolebant,
3432 3563 3481 3609 et
3510 3567 3656 3619 super
3672 3546 3782 3601 colles
3799 3560 3861 3595 sa-

2367 3666 2676 3736 criﬁcabant
2731 3659 2796 3713 ⁵⁷.
2820 3656 2930 3712 Sed
2974 3652 3255 3707 videamus
3283 3656 3491 3718 praeter
3545 3643 3779 3707 haecque
3799 3650 3859 3687 nos

2364 3763 2554 3833 iubeat
2576 3770 2769 3813 cavere
2800 3770 2814 3807 :
2840 3750 3141 3808 secundum
3189 3742 3496 3816 spiritalem
3536 3730 3851 3801 Contemplatio-

2369 3871 2494 3909 nem
2529 3869 2636 3908 non
2689 3848 2976 3905 comedere
3005 3859 3169 3914 super
3212 3849 3455 3901 mentes,
3490 3835 3541 3889 id
3592 3842 3683 3894 est,
3728 3828 3841 3895 coga-

2374 3947 2611 4001 tionibus
2642 3940 2891 4013 superbis
2918 3954 3027 3992 non
3077 3934 3248 4006 pasci,
3286 3933 3356 3987 de
3392 3930 3589 4000 quibus
3614 3923 3747 3978 lsaias
3773 3918 3838 3969 ait:

2372 4039 2551 4095 Omnis
2585 4006 2731 4090 mons
2759 4043 2806 4088 et
2835 4031 2978 4086 collis
3010 4026 3381 4082 humiliabitur
3415 4023 3480 4075 ⁸⁸.
3528 4018 3637 4073 Non
3670 4006 3848 4082 augurari.

2374 4148 2484 4186 non
2517 4126 2807 4198 auspicari,
2840 4133 2900 4179 ut
2921 4138 3029 4178 non
3054 4118 3404 4175 intendentes
3448 4115 3696 4167 daemones
3723 4113 3851 4156 secun-

2373 4225 2503 4279 dum
2532 4236 2719 4276 eorum
2747 4218 3081 4273 voluntatem
3116 4212 3386 4273 vivamus,
3406 4219 3583 4274 neque
3599 4202 3852 4256 cornostrum

2376 4314 2689 4370 volucribus
2719 4310 3017 4371 tradamus,
3049 4321 3171 4374 quae
3195 4301 3421 4372 rapiunt
3448 4310 3625 4353 semen
3660 4284 3811 4359 pietatis
3833 4292 3851 4329 ι

2378 4405 2557 4470 nobis,
2599 4403 2741 4458 sicut
2772 4399 3037 4454 Dominus
3084 4397 3141 4449 in
3182 4392 3463 4464 parabolis
3494 4376 3768 4454 evangelicis
3802 4370 3853 4424 di-

2380 4499 2461 4553 xit
2484 4498 2552 4550 δ’.
2583 4494 2806 4551 Comam
2833 4506 2944 4545 non
2978 4488 3271 4544 tondamus
3306 4501 3323 4539 :
3359 4483 3447 4539 vel
3481 4481 3610 4535 sicut
3629 4464 3852 4542 Septuagin-

2384 4600 2436 4645 ta
2466 4590 2654 4660 σισόην
2690 4587 2757 4640 de
2781 4584 2993 4655 capillis
3050 4581 3266 4653 capitis,
3300 4595 3411 4633 non
3454 4574 3705 4631 faciamus.
3730 4554 3853 4627 Capilii

2383 4683 2529 4739 enim
2573 4679 2746 4735 nostri
2799 4693 2899 4748 pro
2939 4673 3388 4746 cogitationibus,
3436 4664 3751 4733 accipiuntur,
3772 4662 3849 4719 ραν

2383 4786 2506 4846 pter
2545 4773 2691 4843 quod
2731 4771 2869 4826 dixit
2890 4737 3195 4823 Dominus:
3229 4764 3401 4819 Vestri
3441 4760 3668 4814 autemet
3718 4737 3839 4840 cupii“

2386 4866 2572 4935 capitis
2601 4880 2777 4917 omnes
2801 4862 3067 4915 numerati
3098 4868 3217 4913 sunt
3244 4859 3312 4911 ⁸ο.
3356 4853 3459 4925 Ipsi
3481 4850 3609 4906 enim
3645 4830 3848 4907 ulpolei"'

2385 4960 2514 5022 dici,
2548 4967 2603 5013 et
2632 4956 2795 5012 corda
2816 4954 3103 5019 scrutanti,
3128 4960 3425 5013 numeratae
3469 4949 3586 5001 sunt
3609 4942 3760 4991 omnes
3795 4934 3850 4973 νιν

2386 5062 2513 5107 ειτω
2564 5047 2941 5119 cogitationes.
2995 5016 3113 5099 Non
3170 5051 3386 5113 oportet
3442 5050 3560 5103 ergo
3610 5039 3686 5081 eas
3716 5016 3847 5119 πεῖιξτε

2387 5141 2718 5215 quempiam.
2752 5139 2838 5194 vel
2861 5144 3174 5201 concutere,
3208 5133 3303 5189 sed
3336 5145 3437 5185 nec
3485 5124 3659 5181 offerre
3697 5102 3849 5215 diabcllvc.

2394 5194 2799 5308 quod‘faciunt
2845 5230 3091 5301 quidam,
3127 5194 3182 5282 et
3239 5226 3307 5281 de
3362 5214 3675 5278 sensibilibus
3714 5194 3848 5265 62pm“

2396 5329 2603 5384 crinem
2638 5325 2952 5389 offerentes,
2981 5322 3123 5377 sicut
3147 5319 3402 5389 superius
3452 5311 3670 5368 diximus.
3697 5296 3848 5389 lusqu

2396 5438 2508 5477 "0“
2528 5426 2764 5490 οβοτῐεῑ.
2797 5417 2940 5472 sicut
2975 5413 3346 5486 praediximus,
3378 5407 3579 5465 barbam
3611 5373 3849 5490 radere?"

2399 5469 2508 5477 ”“”“
2533 5469 2764 5490 Τ⁷“””“¹
2800 5469 2932 5472 *ί-ίν
2975 5469 2989 5486 ι
3335 5469 3344 5474 .

2399 5514 2702 5571 secundum
2753 5508 3108 5581 Septuaginta
3142 5515 3488 5573 corrumpere
3524 5469 3845 5581 faciemﬂbarb:

2399 5607 2525 5676 quia
2548 5567 2898 5675 perfectionis
2920 5567 3115 5654 nostrae
3149 5567 3380 5669 signum-
3407 5589 3555 5647 barba
3587 5586 3667 5635 est.
3689 5567 3845 5624 γὲηυιεε

2536 5802 2584 5832 ⁸⁸
2612 5798 2850 5854 lThess.
2874 5815 2950 5863 tv,
2982 5798 3071 5853 12.
3165 5796 3210 5827 ⁸⁷
3236 5792 3374 5848 Osee
3405 5806 3474 5852 tv,
3514 5780 3582 5839 12.
3609 5772 3671 5828 ιδ·
3729 5755 3835 5808 ⁸⁸¹³³¹

715 5909 807 5952 ιι..
840 5873 940 5947 ίῗ
970 5893 1015 5923 ⁵⁸
1039 5873 1238 5944 Μειιὶιι.
1270 5886 1517 5950 15111.19;
1563 5883 1696 5938 Luc.
1734 5895 1823 5941 XL,
1853 5878 1943 5932 24.
2008 5880 2052 5912 δ’
2098 5878 2288 5930 Matth.
2318 5889 2371 5936 ι,
2408 5873 2499 5927 '50.
