4032 6418
184 389 328 459 103Ἱ

1322 394 1405 457 ΙΝ
1444 393 1881 460 LEVITICUM.
1911 425 1978 433 -
2014 398 2159 460 LIB.
2204 399 2307 462 VI.

3302 399 3437 467 1038

176 519 367 565 autem
398 507 683 581 designant
711 524 897 565 veram
938 522 1178 568 nostram
1208 511 1600 585 perfectionem
1628 530 1763 584 quas
1792 526 1837 578 Α
1866 514 2066 585 loquos,
2098 526 2145 567 et
2172 515 2411 583 veneﬁcis
2428 530 2532 569 non
2574 514 2966 587 adjungamini,
3024 524 3081 570 ut
3122 514 3439 585 polluamini

176 602 543 673 incongruum
575 613 659 657 est
713 594 1064 674 corrumpere
1097 615 1389 676 operantes
1438 622 1547 661 non
1609 623 1756 670 vero,

176 695 283 750 sed
309 696 412 751 sub
435 695 569 751 falso
592 705 648 751 et
679 695 804 751 ﬁcto
829 697 1035 752 habitu.
1068 696 1179 753 Nec
1232 698 1528 753 incisiones
1581 698 1762 753 facere

176 798 351 853 super
394 785 632 839 animam
686 786 892 841 bonum
918 788 1081 842 estin
1130 803 1397 858 corpore:
1434 800 1562 844 sunt
1614 790 1760 844 enim

176 877 594 943 delectationes,
620 894 741 948 qua:
769 879 836 933 ad
890 881 1190 935 nocendam
1220 881 1457 937 animam
1516 882 1765 938 incidunt

176 983 406 1038 corpus,
437 978 493 1021 et
523 979 899 1039 corrumpunt.
934 969 1040 1026 Sed
1066 980 1122 1025 et
1144 971 1415 1042 stigmata,
1446 972 1499 1027 id
1527 982 1631 1033 est.
1658 989 1764 1028 ma-

177 1059 245 1115 lae
275 1060 533 1115 doctrinae
562 1061 836 1132 dogmata,
883 1063 1009 1132 quia
1052 1063 1342 1129 inhaerent,
1366 1073 1422 1119 et
1464 1064 1764 1136 inﬁguntur

175 1153 380 1205 anima:
407 1167 504 1222 per
549 1153 794 1221 quaedam
849 1154 1236 1218 blandimenta,
1268 1155 1355 1209 vel
1399 1156 1760 1226 syllogismos,

176 1244 270 1298 vel
298 1244 784 1315 quemlibetalium
848 1247 1065 1301 modum
1113 1247 1430 1302 docentium
1492 1248 1763 1319 intelliga-

176 1352 325 1391 mus.
366 1335 629 1408 Praecepit
654 1353 783 1409 ergo
808 1338 966 1393 nobis
992 1339 1077 1392 lex
1120 1348 1176 1394 et
1230 1341 1300 1394 ab
1345 1340 1429 1395 his
1462 1340 1761 1404 abstinere,

174 1430 308 1497 quia
340 1428 604 1498 impressa
634 1429 720 1484 vel
779 1430 1057 1495 immersa,
1086 1430 1229 1486 sicut
1260 1431 1440 1487 solent
1487 1431 1758 1503 stigmata,

174 1521 469 1577 diﬂiculter
505 1523 810 1578 abolentur.

253 1614 417 1668 Vsus.
446 1613 536 1669 ‘29.
571 1632 590 1665 ι
629 1614 708 1669 Ne
738 1615 1033 1685 prostituas
1061 1616 1225 1671 ﬁliam
1278 1626 1447 1682 tuam,
1492 1626 1550 1672 ut
1579 1629 1760 1674 conta-

171 1725 425 1764 minetur
455 1723 619 1774 terra,
644 1719 701 1765 et
732 1711 1020 1780 impleatur
1047 1713 1284 1781 piaculo.
1322 1731 1340 1763 ι

254 1800 311 1855 Si
338 1800 484 1855 enim
514 1811 698 1872 patres
714 1818 854 1873 quos
904 1814 1120 1872 oportet
1155 1804 1294 1859 ﬁlios
1320 1805 1638 1871 emendare,
1690 1806 1758 1860 ad

1864 607 1921 662 in
1942 608 2032 661 eis.
2066 604 2178 677 Ego
2204 623 2319 661 sum
2356 606 2611 661 Dominus
2638 606 2780 661 Deus
2810 616 2999 663 vester.
3036 606 3268 662 Maxima
3319 608 3438 663 dia—

1867 698 2025 752 bolici
2063 698 2282 762 erroris,
2334 707 2388 753 et
2421 698 2630 754 fraudis
2684 698 2917 768 species,
2971 699 3441 770 ventriloquorum

1864 799 1951 845 est
1978 788 2289 859 exquisitio.
2334 790 2493 846 Unde
2525 800 2581 845 et
2611 790 2810 846 Paulus
2857 791 3093 860 puellam
3125 792 3440 857 inveniens,

1863 882 2117 953 Spiritum
2154 882 2445 937 habentem
2477 882 2761 953 Pythonis,
2809 883 3057 953 quamvis
3111 884 3443 939 daamonium

1866 988 2059 1043 magna
2092 973 2159 1027 de
2191 973 2309 1043 ipso
2338 982 2392 1028 et
2416 972 2525 1027 Sila
2554 974 2892 1043 prtedicaret,
2941 982 2997 1029 et
3054 975 3263 1031 diceret
3297 993 3310 1029 :
3375 976 3445 1030 lli

1865 1064 2096 1117 homines
2117 1065 2252 1118 servi
2276 1064 2371 1118 Dei
2403 1065 2591 1118 excelsi
2619 1073 2758 1129 sunt,
2811 1067 2901 1136 qui
2952 1068 3269 1120 annuntiant
3304 1070 3445 1122 vobis

1864 1156 2006 1210 viam
2036 1156 2275 1210 veritatis
2301 1156 2375 1221 “;
2413 1157 2614 1210 malum
2635 1166 2811 1212 tamen
2844 1158 3095 1227 spiritum
3129 1158 3442 1228 increpans,

1863 1248 2142 1320 eliugavit.
2162 1248 2463 1304 Pessimum
2514 1259 2599 1303 est
2651 1250 2816 1304 etiam
2847 1258 2901 1303 et
2950 1250 3206 1305 veneficis
3264 1252 3448 1305 adhae-

1865 1357 2005 1407 rere,
2037 1341 2164 1411 quia
2194 1342 2504 1396 dremonum
2558 1340 2905 1396 inimicorum
2959 1343 3137 1407 nobis,
3171 1353 3229 1398 et
3275 1345 3448 1415 pesti-

1866 1433 2099 1489 lentium
2134 1432 2357 1487 nomina
2378 1432 2590 1487 dicunt.
2619 1432 2721 1499 Qui
2746 1433 2846 1487 etsi
2898 1434 2963 1488 ad
2990 1435 3157 1489 breve
3198 1446 3438 1505 tempus.

1865 1534 1925 1581 ut
1944 1526 1996 1579 in
2024 1539 2263 1580 errorem
2284 1524 2522 1589 mittant,
2550 1524 2803 1579 videntur
2817 1526 3029 1595 operari
3052 1528 3276 1596 aliquid,
3299 1527 3444 1597 quod

1864 1618 1930 1671 ad
1957 1617 2294 1687 corporalem
2321 1616 2612 1672 sanitatem
2634 1616 2741 1671 vile
2763 1626 2818 1672 et
2836 1633 3088 1688 parvum,
3103 1621 3261 1690 quale
3280 1623 3443 1677 etiam

1867 1710 2107 1780 imperiti
2129 1709 2327 1765 medici
2358 1710 2573 1780 operari
2611 1718 2859 1779 possunt,
2922 1722 3295 1767 verumtamen
3345 1729 3447 1770 nec

1868 1802 1972 1857 hoc
2008 1811 2069 1856 ut
2101 1801 2250 1865 boni,
2316 1816 2495 1871 neque
2556 1812 2612 1856 ut
2643 1801 2782 1856 bene
2836 1803 3081 1859 volentes
3130 1805 3447 1861 hominibus

177 1891 603 1948 fornicationem
632 1909 736 1949 nos
766 1894 1080 1959 hortantur,
1127 1906 1482 1965 provocantes
1538 1906 1633 1951 ant
1678 1897 1760 1950 vi-
1793 1891 1833 1946 Β
1862 1900 2177 1962 operantur,
2207 1891 2301 1946 sed
2329 1892 2383 1945 in
2421 1892 2889 1949 servitutemillos
2938 1895 3181 1967 redigere
3203 1905 3257 1951 et
3288 1898 3449 1953 aDeo

176 1995 372 2040 ventes
398 1986 648 2055 turpiter,
680 1996 741 2041 ut
760 1986 862 2057 ipsi
882 1989 951 2042 ad
980 1989 1339 2043 imitationem
1369 1988 1763 2060 parentum,ad

182 2080 387 2134 malum
410 2080 726 2146 illiciantur,
764 2081 999 2150 piaculo,
1046 2082 1134 2136 vel
1191 2085 1493 2137 secundum
1531 2084 1764 2154 Septua-

182 2171 746 2243 ginta,fornicatione
776 2182 918 2227 terra
954 2174 1278 2243 completur,
1329 2183 1386 2229 et
1430 2176 1497 2230 ad
1537 2191 1760 2230 omnem

185 2261 423 2331 speciem
460 2261 754 2332 impietatis
782 2264 1019 2332 proﬁcit,
1053 2265 1178 2333 quia
1225 2280 1321 2320 eos
1339 2266 1431 2335 qui
1457 2267 1764 2321 eruditores

190 2369 314 2409 esse
354 2355 678 2419 debuerunt,
735 2356 803 2410 ad
863 2356 1064 2409 malum
1115 2357 1269 2426 pueri
1294 2360 1617 2430 paedagogos
1666 2358 1762 2413 ha-

197 2446 349 2501 bent.
404 2446 503 2503 Sed
547 2462 651 2503 nec
700 2448 941 2502 animam
990 2459 1257 2516 nostram,
1298 2466 1417 2520 qua:
1446 2451 1601 2505 nobis
1655 2452 1763 2505 ﬁlia

200 2539 468 2608 nuigenita
494 2548 592 2600 est,
638 2539 710 2592 ita
732 2548 789 2593 ut
812 2538 978 2595 David
1018 2540 1228 2596 diceret
1256 2559 1269 2595 :
1301 2541 1492 2596 Libera
1523 2560 1555 2596 a
1595 2542 1763 2595 leoni-

193 2631 290 2685 bus
313 2634 515 2685 unicam
546 2648 719 2687 meum
748 2632 793 2665 ⁸¹
827 2650 840 2687 :
873 2642 928 2688 et
970 2649 984 2685 :
1042 2634 1120 2689 De
1147 2651 1309 2689 manu
1351 2638 1498 2690 canis
1545 2637 1759 2691 unicam

188 2740 361 2777 meam
394 2724 461 2790 ",
502 2726 922 2794 prostituamus,
961 2742 993 2780 a
1045 2726 1156 2782 Deo
1182 2727 1326 2782 illam
1371 2728 1764 2784 discessionem

183 2816 467 2880 docentes,
491 2832 560 2871 ne
592 2816 897 2872 fornicante
944 2817 1125 2871 anima
1178 2817 1484 2874 fornicetur
1537 2829 1595 2875 et
1641 2834 1764 2875 cor-

181 2922 311 2977 pus.
345 2907 460 2963 Hoc
484 2909 628 2964 enim
662 2918 828 2975 terra,
858 2920 1044 2981 utpote
1075 2912 1220 2981 quod
1276 2912 1344 2967 de
1391 2922 1533 2967 terra
1582 2922 1762 2969 ortum

178 3009 288 3064 est,
312 3009 369 3054 et
407 3001 461 3054 in
494 3010 693 3056 terram
723 3010 1050 3069 revertetur,
1085 3004 1409 3074 appellatur.

256 3090 327 3146 Et
354 3092 639 3163 impleatur
667 3094 899 3163 piaculo,
930 3095 1018 3149 vel
1045 3096 1189 3151 sicut
1212 3095 1763 3169 Septuaginta,adul-

175 3184 339 3237 terio.
365 3183 528 3239 Ebrio
555 3184 756 3255 quippe
782 3199 1017 3248 sessore,
1052 3201 1227 3256 equus
1250 3186 1495 3251 defertur
1522 3188 1577 3241 in
1630 3204 1765 3257 pra:-

173 3289 335 3344 (eps.
372 3275 418 3330 A
451 3275 562 3331 Deo
591 3275 882 3333 recedente
925 3278 1127 3344 anima,
1153 3280 1335 3334 omnis
1372 3279 1633 3349 iniquitas
1669 3280 1766 3334 do-

173 3365 428 3420 minatur
451 3368 505 3420 in
537 3382 786 3438 corpore.
1212 3356 1217 3359 ’

258 3457 422 3513 Vens.
451 3461 539 3516 30.
580 3479 600 3513 ‹
639 3460 877 3517 Sabbata
921 3478 1041 3518 mea
1071 3464 1365 3529 custodite,
1418 3474 1475 3518 et
1513 3474 1767 3521 sanctua-

170 3551 328 3607 riunt
361 3569 543 3608 meum
572 3556 821 3611 metuite.
848 3555 957 3627 Ego
977 3556 1265 3611 Dominus.
1305 3575 1324 3607 ι

259 3645 414 3699 Sicut
477 3662 584 3701 uno
638 3647 937 3702 essistente
987 3649 1207 3718 speciali
1235 3648 1492 3715 Sabbato,
1534 3649 1766 3719 septima

170 3734 443 3788 videlicet
460 3735 567 3800 die,
602 3751 763 3791 omne
790 3737 938 3791 aliud
966 3738 1270 3808 legitimum
1297 3740 1496 3793 osuum
1558 3739 1767 3795 Sabha-
1805 3785 1814 3803 .

176 3836 300 3880 tum
330 3827 656 3897 appellatur,
684 3829 729 3883 si
759 3846 883 3883 cum
912 3831 1184 3901 generalis
1227 3831 1297 3884 sit
1324 3812 1680 3886 Tibstinentia
1735 3849 1765 3887 a

167 3918 353 4007 ’alo,
380 3920 484 3974 hoc
514 3921 661 3974 enim
692 3937 883 3977 revera
901 3922 1087 3977 studet
1133 3922 1413 3993 legislator
1442 3924 1764 3988 Sabhatum,

178 4018 240 4063 et
261 4025 363 4079 per
392 4010 605 4082 singula
635 4027 863 4081 quaeque
916 4012 1173 4067 recedere
1203 4011 1361 4065 nobis
1387 4026 1417 4064 a
1445 4012 1587 4065 malo
1623 4028 1767 4081 prte-

179 4106 350 4175 eepit.
383 4104 497 4159 Hoc
527 4105 673 4159 enim
704 4105 955 4171 fulciens,
988 4104 1233 4159 addidit:

255 4197 639 4252 Sanctuarium
686 4215 861 4252 meum
895 4198 1131 4253 metuite.
1190 4196 1285 4251 Vel
1337 4195 1481 4251 sicut
1537 4196 1767 4266 Septua-

185 4288 357 4359 ginta,
374 4287 571 4343 Sancta
595 4305 711 4343 mea
738 4289 1018 4342 timebitis:
1039 4287 1165 4358 quia
1190 4288 1650 4357 quemadmodum
1674 4302 1762 4351 eo,

191 4380 287 4449 qui
318 4396 421 4447 quo
442 4380 646 4435 debent
668 4381 829 4436 modo
849 4380 1119 4436 accedunt
1144 4381 1211 4435 ad
1259 4396 1341 4443 ea,
1400 4381 1762 4445 sanctilicent,

187 4470 276 4526 sic
309 4470 361 4525 bi
407 4474 495 4542 qui
531 4474 731 4543 inique,
774 4481 1111 4543 praesumunt
1146 4472 1203 4527 in
1242 4474 1342 4538 eis,
1379 4482 1435 4527 et
1462 4488 1570 4527 non
1607 4473 1764 4542 prius

1785 3118 1809 3147 ι

1794 3237 1837 3296 (Ξ

1866 1997 2120 2053 separare
2170 1983 2472 2052 cupientes.
2526 1982 2632 2038 Sed
2692 1999 2796 2039 nec
2835 1986 3221 2056 ventriloquos,
3256 1988 3309 2041 id
3342 1998 3446 2055 est,

1866 2074 2029 2130 falsos
2057 2075 2351 2145 prophetas
2380 2091 2690 2145 sequamur,
2734 2077 2826 2146 qui
2866 2079 3087 2133 nomine
3133 2080 3230 2134 Dei
3266 2081 3444 2137 aliena

1863 2180 1895 2219 a
1927 2166 2038 2221 Deo
2064 2167 2281 2231 docent,
2315 2176 2371 2222 et
2400 2169 2731 2238 prophetant
2764 2186 2777 2221 :
2809 2171 2900 2240 qui
2946 2172 3271 2243 ventriloqui
3304 2173 3451 2244 juste

1865 2257 2139 2323 dicuntur,
2166 2260 2318 2328 quasi
2353 2259 2676 2331 intelligibili
2723 2271 2909 2316 ventre
2934 2263 3017 2317 sui
3056 2265 3255 2329 cordis,
3289 2265 3448 2319 fabu-

1866 2350 1944 2403 las
1974 2351 2256 2419 quasdam,
2290 2350 2344 2405 id
2368 2361 2470 2415 est,
2501 2351 2662 2406 falsas
2704 2351 2998 2417 doctrinas,
3036 2363 3091 2409 et
3134 2356 3449 2427 prophetias

1866 2443 2226 2513 proferentes,
2283 2443 2352 2498 de
2400 2446 2598 2513 quibus
2650 2462 2747 2515 per
2791 2446 3132 2502 Ezechielem
3191 2449 3450 2505 Dominus

1866 2536 2036 2589 dixit:
2074 2536 2159 2590 Va:
2185 2536 2448 2605 prophetis
2499 2538 2869 2605 insipientibus
2918 2540 3008 2607 qui
3034 2551 3324 2610 sequuntur
3344 2543 3451 2610 spi-

1866 2631 2030 2683 ritum
2067 2646 2222 2684 suum
2253 2632 2320 2684 '5".
2346 2630 2484 2685 lliet
2514 2629 2762 2693 veneﬁci,
2800 2641 2861 2687 ut
2916 2633 3009 2703 qui
3061 2648 3186 2688 cum
3246 2634 3454 2689 blandi-

1865 2731 2051 2777 mento
2081 2722 2337 2792 quodam,
2374 2732 2428 2777 et
2477 2721 2667 2777 fraude
2716 2723 2907 2781 domos
2952 2725 3338 2797 ingredientes,
3395 2736 3452 2783 et

1864 2813 2105 2883 captivas
2132 2813 2396 2867 ducentes
2423 2812 2772 2867 mulierculas
2803 2825 3057 2870 oneratas
3083 2818 3341 2886 peccatis,
3372 2817 3452 2872 si-

1862 2914 1955 2959 cut
1981 2904 2056 2958 ait
2085 2905 2283 2959 Paulus
2304 2904 2369 2969 ⁸⁸,
2395 2913 2541 2959 recte
2569 2904 2945 2975 appellantur:
2973 2905 3031 2961 in
3054 2908 3140 2965 bis
3164 2924 3292 2980 ergo
3306 2925 3452 2980 pra:-

1865 2997 2009 3067 cepit
2044 3012 2155 3052 non
2183 2995 2369 3067 pollui.
2403 2996 2658 3051 Polluunt
2706 2997 2853 3052 enim
2911 3013 3198 3055 sermones
3258 3016 3450 3058 eorum

1864 3104 1960 3144 eos
1997 3088 2088 3159 qui
2118 3088 2196 3143 eis
2227 3088 2508 3143 obediunt.
2558 3089 2713 3145 Unde
2760 3098 2816 3145 et
2876 3090 3082 3147 addidit
3122 3108 3135 3143 :
3177 3092 3284 3162 Ego
3330 3111 3449 3148 sum

1873 3182 2128 3235 Dominus
2162 3182 2299 3235 Deus
2324 3192 2511 3235 vester.
2571 3183 2671 3236 Per
2719 3182 3087 3253 cvangelicam
3143 3183 3449 3239 doctrinam

1870 3274 2060 3328 dicens
2093 3290 2106 3325 :
2141 3276 2406 3327 Attendite
2439 3275 2520 3328 his
2567 3275 2659 3345 qui
2688 3277 2901 3329 veniunt
2962 3276 3031 3328 ad
3057 3292 3144 3328 vos
3187 3276 3241 3329 in
3290 3278 3451 3330 vesti-

1871 3368 2056 3419 mentis
2085 3367 2279 3432 ovium,
2338 3366 2658 3421 intrinsecus
2715 3376 2891 3421 autem
2942 3376 3061 3421 sunt
3115 3367 3221 3438 lupi
3284 3384 3453 3437 rapa-

1868 3474 1951 3512 ces
1968 3459 2033 3513 ⁵⁷.

1941 3550 2104 3607 Vens.
2135 3552 2224 3607 5‘3.
2260 3572 2278 3605 ε
2307 3552 2502 3608 Coram
2552 3569 2690 3608 cano
2720 3554 2896 3623 capite
2929 3569 3214 3625 consurge,
3246 3564 3302 3609 et
3348 3555 3454 3609 ho-

1869 3659 2001 3697 nora
2037 3659 2322 3712 personam
2348 3645 2496 3699 senis
2519 3655 2571 3699 et
2598 3647 2728 3699 time
2761 3644 3047 3699 Dominum
3074 3646 3243 3701 Deum
3275 3657 3447 3704 tuum.

1870 3738 1981 3808 Ego
2005 3753 2126 3792 sum
2164 3737 2446 3792 Dominus.
2488 3757 2506 3787 ι

1943 3827 2153 3884 Bonum
2184 3840 2269 3885 est
2288 3831 2532 3899 quidem,
2569 3838 2625 3884 et
2647 3844 2771 3883 eum
2802 3832 2894 3900 qui
2912 3831 3025 3901 jam
3084 3832 3152 3887 ad
3195 3832 3454 3889 canitiem

1869 3923 2117 3993 pervenit
2140 3923 2430 3987 honorare,
2462 3924 2628 3978 habet
2684 3923 2832 3977 enim
2865 3933 3082 3994 tempus
3109 3926 3313 3996 aliquid
3334 3943 3453 3980 am-

1870 4017 2011 4086 plius
2031 4016 2222 4084 procul
2248 4016 2413 4070 dubio
2449 4017 2516 4070 ad
2543 4018 2908 4087 prudentiam,
2957 4020 3053 4073 sed
3084 4029 3139 4074 et
3190 4021 3452 4075 honorem

1868 4122 2031 4177 quem
2098 4107 2534 4177 provectioribus
2591 4108 2991 4178 impendimus,
3062 4128 3171 4165 non
3237 4127 3452 4183 quoque

1867 4216 1896 4253 a
1931 4199 2601 4265 minoribusmerebimur,
2649 4211 2811 4271 atque
2848 4217 2914 4255 ex
2953 4203 3058 4257 hoc
3089 4205 3223 4258 ordo
3278 4205 3454 4259 bonus

1868 4292 2033 4345 vitam
2066 4300 2312 4345 nostram
2340 4290 2396 4343 in
2426 4291 2713 4346 honestate
2750 4292 3086 4357 custodiens,
3136 4292 3293 4348 nobis
3324 4310 3453 4363 pro-

1868 4383 2101 4454 lligatur.
2128 4383 2337 4437 Canum
2371 4390 2574 4446 autem,
2599 4397 2729 4438 vere
2786 4397 2997 4448 senem,
3051 4385 3104 4438 id
3165 4394 3268 4449 est,
3327 4401 3453 4439 eum

1866 4477 2127 4548 intellige,
2158 4476 2226 4531 de
2254 4490 2364 4545 quo
2385 4475 2461 4530 ait
2483 4474 2725 4546 Moyses:
2750 4474 3025 4546 Interroga
3056 4485 3258 4544 patrem
3283 4488 3452 4537 tuum,

180 4564 513 4634 semetipsos
557 4566 717 4620 sorde
765 4565 985 4619 malitia;
1031 4573 1286 4635 purgant,
1353 4574 1518 4634 atque
1577 4565 1658 4619 sic
1696 4564 1763 4619 ad
1798 4600 1841 4655 υ
1871 4579 1917 4624 et
1948 4568 2285 4622 annuntiabit
2310 4567 2682 4632 tibi;seniores
2721 4577 2856 4630 tuos,
2882 4578 2930 4619 et
2952 4569 3122 4621 dicent
3140 4569 3233 4621 tibi
3259 4567 3455 4622 ".Sed

175 4655 392 4710 munda
427 4657 716 4723 accedunt,
745 4666 1127 4726 corrumpunt,
1153 4657 1269 4711 sive
1324 4657 1669 4727 disperdunt,
1701 4657 1768 4712 si-

172 4757 277 4803 cut
315 4747 523 4815 Nadab,
566 4759 621 4803 et
642 4748 805 4815 Abiu,
838 4758 893 4803 et
928 4748 1021 4802 lilii
1052 4748 1193 4803 Heli.
1246 4748 1403 4803 Unde
1450 4757 1505 4802 et
1565 4748 1766 4803 Paulus

170 4841 246 4895 de
274 4841 367 4895 his
395 4842 487 4911 qui
522 4841 977 4911 ineircumspecte
1012 4841 1239 4913 mystica
1272 4842 1606 4912 percipiunt,
1634 4843 1768 4896 θιὼ-ι

166 4934 321 4987 didit
352 4951 365 4985 :
396 4933 679 5003 Propterea
709 4934 861 4987 multi
893 4935 946 4988 in
979 4935 1121 4989 vobis
1149 4934 1365 5004 inﬁrmi,
1394 4946 1439 4989 et
1462 4934 1764 5002 imbecilles,

162 5035 221 5080 et
258 5026 537 5079 dormiunt
563 5026 801 5080 multi”.
841 5025 996 5081 Unde
1023 5037 1076 5081 et
1112 5043 1260 5080 nunc
1304 5026 1579 5097 lcgislator
1615 5028 1769 5082 addi-

163 5115 301 5169 dit:
367 5113 477 5186 Ego
518 5116 794 5181 Dominus,
831 5117 883 5170 id
939 5126 1040 5182 est,
1092 5128 1336 5181 sanctus,
1395 5118 1525 5173 etin
1563 5119 1767 5172 sanctis

167 5207 467 5273 habitans,
524 5217 581 5263 et
641 5210 951 5266 necessario
1012 5211 1235 5281 exigens
1298 5219 1612 5265 sanctorum
1644 5212 1767 5264 vin-

171 5298 413 5353 dictam.

259 5390 424 5445 Vsus.
446 5392 506 5446 5t
521 5432 535 5446 .
575 5412 593 5445 ‹
623 5391 735 5448 Nec
754 5393 1045 5450 declinetis
1083 5394 1151 5449 ad
1182 5410 1385 5466 magos,
1407 5409 1513 5449 nec
1534 5394 1602 5449 ab
1624 5392 1770 5448 ario-

171 5480 250 5534 lis
287 5480 496 5551 aliquid
536 5484 915 5547 sciscitemini,
944 5494 1001 5539 ut
1033 5486 1348 5555 polluamini
1374 5502 1473 5556 per
1493 5502 1611 5540 eos.
1650 5504 1669 5537 ι

250 5573 611 5646 Septuaginta
649 5586 830 5632 autem
858 5577 1026 5632 edunt
1059 5594 1072 5629 :
1124 5576 1244 5633 Non
1268 5579 1547 5648 sequimini
1568 5579 1768 5633 ventri-

252 5778 299 5813 ⁸¹
328 5778 471 5834 Psal.
514 5795 695 5844 xxxrv,
734 5779 822 5833 l7.
898 5781 942 5811 ⁵¹
978 5778 1120 5835 Psal.
1158 5779 1383 5843 xxr,2l.

170 5866 274 5917 ιιι,
307 5850 361 5904 6.
442 5851 485 5882 ⁵⁷
514 5850 704 5905 Matth.
734 5867 829 5917 vn,
880 5850 963 5906 15.
1043 5852 1091 5883 "
1119 5850 1275 5905 Deut.
1302 5866 1473 5917 χχχιι,
1507 5852 1558 5904 7.

1459 5779 1511 5811 ⁵⁸
1545 5779 1564 5832 l
1596 5780 1721 5833 Cor.
1761 5795 1838 5842 ιι,
1863 5779 1951 5831 50.
2028 5777 2073 5809 ’δ
2094 5778 2215 5833 Act.
2250 5793 2363 5841 xvt,
2402 5777 2488 5831 l7.

1635 5852 1676 5881 δ’
1716 5849 1735 5903 ι
1770 5850 1909 5905 Tim.
1949 5866 2005 5917 ν,
2031 5848 2120 5904 n.

1876 4672 1931 4718 et
1958 4661 2157 4716 Paulus
2191 4676 2203 4713 :
2243 4660 2541 4729 Presbyteri
2562 4659 2763 4727 duplici
2818 4659 3011 4713 honore
3042 4660 3188 4730 digni
3217 4660 3454 4713 habean-

1876 4766 1983 4819 tur,
2019 4753 2251 4807 maxime
2270 4754 2360 4823 qui
2389 4751 2637 4805 laborant
2664 4752 2720 4805 in
2739 4753 2892 4805 verbo
2914 4761 2960 4805 et
2985 4751 3225 4806 doctrina
3258 4752 3325 4805 ⁸⁸.
3347 4751 3454 4807 Sed

1875 4856 1930 4901 et
1961 4846 2148 4900 Daniel
2178 4860 2302 4899 cum
2329 4852 2475 4900 esset
2496 4858 2651 4914 puer,
2698 4853 2754 4898 et
2782 4844 2996 4913 judices
3038 4852 3201 4913 atque
3228 4844 3455 4916 presby-

1875 4950 2022 4994 teros
2049 4937 2234 5009 populi
2256 4936 2629 4991 criminantes.
2667 4935 2973 4991 Susannam
2998 4944 3270 5004 argueret,
3302 4935 3455 4990 dice-

1875 5033 2007 5086 bant
2028 5032 2115 5085 alii
2141 5028 2440 5100 presbyteri
2470 5047 2483 5084 :
2526 5028 2668 5090 Veni,
2701 5029 2822 5082 sede
2844 5028 2897 5080 in
2924 5029 3095 5081 medio
3120 5038 3376 5092 nostrum,
3405 5037 3453 5082 et

1876 5128 1925 5172 et
1949 5120 2209 5172 annuntia
2245 5118 2410 5178 nobis,
2437 5118 2562 5188 quia
2600 5117 2693 5171 tibi
2721 5118 2859 5170 Deus
2879 5117 3019 5170 dedit
3042 5118 3285 5170 horwrem
3304 5135 3453 5172 sene-

1876 5214 2029 5266 elutis
2064 5212 2108 5242 ⁶⁰
2152 5228 2166 5263 :
2202 5220 2262 5264 ut
2306 5210 2707 5275 ostenderetur,
2760 5209 2884 5279 quia
2948 5209 3228 5280 sapientiae
3286 5211 3456 5280 magis

1874 5318 2035 5373 quam
2086 5301 2259 5355 retatis
2292 5309 2376 5355 est
2403 5300 2719 5371 presbyterii
2742 5300 2992 5371 dignitas.

1953 5390 2230 5455 Vens.33,
2260 5390 2348 5445 54.
2380 5410 2399 5442 ι
2439 5391 2495 5445 Si
2548 5389 2871 5444 habitaverit
2932 5392 3142 5446 advena
3203 5390 3258 5443 in
3314 5398 3454 5443 terra

1878 5486 2075 5549 vestra,
2106 5493 2158 5536 et
2185 5490 2430 5537 moratus
2460 5482 2625 5537 fuerit
2648 5483 2791 5535 inter
2822 5498 2937 5547 vos,
3001 5498 3070 5538 ne
3114 5482 3455 5552 exprobretis

1878 5577 1948 5643 ei,
1981 5576 2079 5632 sed
2100 5576 2172 5630 sit
2201 5576 2343 5631 inter
2374 5591 2470 5629 vos
2498 5575 2653 5646 quasi
2692 5574 2964 5648 indigena,
2990 5585 3045 5629 et
3067 5574 3299 5646 diligetis
3326 5588 3453 5627 eum

2580 5779 2624 5810 ⁸⁸
2660 5778 2855 5833 Ezech.
2889 5796 3007 5845 nu,
3039 5778 3092 5835 5.
3167 5780 3212 5812 ⁸⁸
3233 5779 3279 5834 ll
3311 5779 3454 5839 Tim.

2196 5849 2242 5880 ⁸⁰
2275 5850 2410 5908 Dan.
2439 5864 2557 5916 xnt,
2583 5850 2671 5906 50.
