4032 6410
676 371 814 438 1039

1871 363 2231 424 IIESYCHII
2271 361 2746 423 PRESBYTERI

3747 372 3838 439 10m

673 490 826 560 quasi
856 487 1216 558 vosmetipsos
1253 504 1267 541 :
1305 483 1505 539 Fuistis
1530 483 1678 538 enim
1707 491 1761 536 et
1796 497 1894 536 vOs
1919 483 2144 536 advenae
2198 481 2253 534 in
2288 492 2328 547 Α
2357 494 2452 538 aut
2502 484 2610 539 alio
2663 483 2909 553 quolibet
2947 483 3112 538 modo
3171 480 3607 536 contrahentibus
3647 502 3840 549 mensuu-

675 595 818 641 terra
839 577 1078 651 AZgypti.
1118 580 1229 650 Ego
1263 577 1525 632 Dominus
1565 574 1707 628 Deus
1742 583 1939 628 vester.
1983 592 2002 624 ι

744 668 971 724 Terram
1031 669 1188 723 nobis
1260 683 1290 720 a
1343 667 1454 720 Deo
1509 665 1690 718 datam
1725 705 1740 728 ,
1798 678 1920 718 esse
1982 662 2252 718 culturam

674 764 980 826 virtutum,
1037 761 1345 828 bonamque
1410 758 1530 822 ejus
1590 755 1896 810 doctrinam
1933 795 1948 818 ,
1999 755 2256 823 superius

672 855 928 909 diximus.
962 852 1016 907 Si
1043 852 1165 922 quis
1180 860 1361 904 autem
1405 849 1474 904 ad
1508 850 1646 902 lianc
1673 847 1966 901 accesserit
2021 847 2250 910 advena,

671 944 922 999 videlicet
957 943 1144 997 volens
1172 941 1414 996 converti
1437 940 1502 993 ad
1532 947 1773 992 nostram
1802 938 1983 996 ﬁdem,
2009 928 2070 990 et
2097 944 2254 990 terrae

673 1033 818 1086 illius
842 1031 976 1086 civis
1002 1031 1297 1095 conscribi,
1321 1031 1388 1085 de
1419 1045 1525 1100 qua
1555 1029 1755 1083 Paulus
1799 1029 1875 1083 ait
1907 1047 1919 1082 :
1946 1027 2252 1081 Accessistis

671 1125 742 1177 ad
777 1123 904 1177 Sion
933 1132 1250 1184 montem,et
1273 1123 1344 1175 ad
1370 1123 1634 1175 civitatem
1664 1121 1760 1175 Dei
1789 1122 2003 1174 viventis
2032 1121 2255 1174 Jerusa-

672 1218 772 1270 lem
804 1217 1080 1281 cazlestem,
1114 1225 1162 1269 et
1188 1215 1475 1269 multorum
1498 1215 1725 1268 millium
1784 1213 2092 1285 angelorum
2145 1214 2253 1283 fre-

672 1313 962 1383 quentiam,
994 1321 1042 1365 et
1076 1309 1366 1364 Ecclesium
1421 1309 1828 1379 primitivorum,
1856 1309 1944 1378 qui
1973 1309 2255 1377 conscripti

671 1416 789 1459 sunt
815 1405 870 1458 in
897 1403 1035 1458 ccelis
1068 1402 1134 1457 “.
1157 1432 1226 1441 —
1247 1401 1366 1455 Non
1404 1401 1701 1472 aﬁligamus
1731 1417 1874 1463 eum,
1903 1401 1957 1455 id
1983 1410 2087 1465 est,
2141 1416 2254 1454 non

673 1513 960 1570 gravemus
999 1505 1188 1552 contra
1220 1511 1346 1550 eum
1401 1495 1614 1565 jugum,
1653 1502 1713 1547 ut
1752 1493 1912 1547 modo
1965 1495 2149 1564 genito
2201 1502 2258 1547 et

672 1591 886 1645 noviter
911 1589 1154 1643 credenti
1184 1587 1430 1659 graviora
1471 1587 1724 1640 mandata
1770 1585 2136 1655 imponamus,
2198 1595 2256 1639 ut

672 1701 780 1740 non
810 1683 950 1738 sicut
980 1682 1236 1737 Pharisaei
1258 1690 1314 1735 et
1339 1681 1545 1734 Scriba:
1586 1694 1899 1749 peccemus,
1931 1693 2070 1747 quos
2089 1694 2255 1730 accu-

671 1796 798 1834 sans
828 1778 1086 1833 Dominus
1109 1776 1322 1831 dicebat
1355 1793 1368 1828 :
1393 1774 1634 1844 Alligant
1661 1789 1822 1827 onera
1849 1775 2034 1842 gravia
2083 1781 2130 1826 et
2156 1773 2256 1824 im-

2353 575 2554 629 dantur
2586 584 2636 630 cl
2670 575 2931 645 pondera.
2965 573 3423 644 quemadmodum
3477 575 3609 646 leges
3637 578 3834 647 judimuti

2353 666 2457 721 bus
2495 686 2508 722 :
2535 669 2678 723 unde
2707 669 2774 722 de
2806 683 2916 722 non
2939 667 3188 722 faciendo
3217 667 3272 721 in
3293 667 3502 737 justum
3528 669 3724 737 judicio,
3737 677 3850 732 etiam

2353 759 2424 813 de
2467 775 2576 813 non
2608 759 2964 818 immutandis
2990 759 3210 814 stateris
3237 769 3292 812 et
3348 759 3681 828 ponderibus,
3710 781 3784 820 sex
3818 784 3850 822 ei

2355 849 2425 904 de
2483 849 2742 912 sextario,
2799 849 3049 904 modiove
3102 850 3358 904 habendo
3415 851 3580 919 justo,
3611 854 3654 906 id
3694 868 3775 918 est,
3811 866 3854 914 de

2354 946 2503 1003 omni
2533 959 2792 1000 mensura
2819 944 2933 999 vini
2974 953 3068 998 aut
3091 944 3197 999 olei
3247 943 3478 999 addidit.
3515 946 3591 1000 Ab
3641 953 3761 1005 omni
3792 960 3846 1011 uti

2354 1053 2464 1108 que
2492 1035 2780 1106 injustitia,
2809 1052 2931 1105 qua:
2959 1051 3090 1107 ergo
3131 1036 3442 1106 proximum
3473 1038 3681 1107 geritur.
3712 1051 3793 1096 tam
3823 1049 3856 1101 in

2355 1131 2678 1199 majoribus,
2703 1145 2866 1200 quam
2896 1130 2953 1184 in
3002 1129 3310 1184 minoribus
3355 1130 3614 1200 praecepit
3653 1135 3856 1192 abstinui.

2356 1223 2508 1289 dum,
2533 1224 2658 1292 quia
2693 1222 2841 1290 quod
2875 1221 3140 1291 injustum
3189 1230 3292 1285 est,
3328 1222 3534 1291 ubique
3575 1223 3856 1284 abominabile

2356 1324 2477 1371 est:
2514 1315 2691 1385 placet
2719 1323 2905 1369 autem
2953 1315 3065 1369 Deo
3112 1329 3333 1384 semper
3362 1314 3511 1382 quod
3570 1315 3748 1386 justum
3793 1335 3854 1377 est

2357 1407 2802 1477 PrcetereaSquod
2825 1407 2981 1462 diviti
3004 1406 3281 1476 possessio
3313 1407 3455 1477 agri,
3497 1417 3552 1461 et
3596 1409 3763 1464 domus
3796 1427 3853 1472 est

2358 1499 2463 1554 hoc
2486 1499 2710 1570 pauperi
2735 1513 2992 1554 mensura
3019 1499 3153 1556 vini,
3187 1507 3242 1552 et
3271 1498 3463 1561 tritici,
3505 1508 3560 1553 et
3601 1501 3738 1569 panis
3774 1519 3854 1571 poi»

2357 1593 2460 1648 dus
2489 1599 2592 1657 est,
2617 1600 2676 1646 et
2697 1591 2802 1645 alia
2835 1605 2904 1644 ex
2928 1589 3129 1660 quibus
3173 1591 3340 1644 vitam
3371 1591 3720 1656 quotidianam
3747 1597 3856 1652 ducit

2360 1681 2470 1737 Sed
2521 1698 2624 1737 nec
2646 1681 2912 1752 iniustum
2960 1681 3016 1734 in
3041 1680 3249 1751 judicio
3277 1681 3482 1735 mentis
3512 1683 3762 1747 iaciamus,
3800 1704 3858 1742 nec

2358 1790 2646 1830 mensuras
2670 1784 2726 1829 et
2756 1784 2990 1830 stateras
3043 1774 3186 1844 ejus,
3245 1791 3368 1844 qua:
3412 1777 3716 1832 naturaliter
3760 1783 3858 1835 nobis

671 1871 980 1941 portabilia,
1015 1882 1063 1923 et
1093 1878 1291 1938 ponunt
1335 1883 1491 1934 super
1517 1865 1757 1918 humeros
1810 1864 2102 1927 hominum,
2151 1863 2252 1932 ipsi
2287 1850 2328 1910 Β
2359 1870 2520 1925 insita
2543 1878 2631 1925 est,
2671 1868 2919 1940 justitim,
2983 1883 3405 1938 cor-rumpamus
3448 1870 3604 1925 aliter
3645 1881 3860 1935 nostra,”

673 1975 852 2018 autem
885 1963 1050 2033 digito
1071 1979 1166 2016 suo
1193 1978 1293 2014 non
1328 1960 1510 2015 volunt
1556 1975 1617 2012 ea
1648 1973 1851 2011 movere
1878 1959 1942 2010 θ’.
1971 1956 2092 2011 Non
2122 1972 2254 2027 ergo

672 2052 721 2108 ei
753 2052 847 2122 qui
879 2052 1092 2107 accedit
1119 2051 1186 2105 ad
1217 2051 1400 2116 ﬁdem,
1429 2051 1531 2105 hoc
1580 2050 1862 2113 facientes,
1899 2058 1955 2104 et
2005 2049 2252 2118 qmedam

675 2144 861 2216 legalis
896 2144 963 2198 ab
993 2159 1059 2198 eo
1084 2143 1382 2214 exigentes,
1416 2142 1719 2214 allligamus
1747 2157 1894 2196 cum.
1933 2141 2014 2194 Sit
2071 2150 2253 2194 autem

675 2236 830 2290 nobis
884 2235 1026 2290 sicut
1090 2235 1340 2306 indigena
1389 2237 1480 2304 qui
1538 2235 1781 2289 nutritus
1811 2245 1894 2289 est
1931 2233 2140 2298 infide,
2200 2243 2255 2288 et

674 2331 846 2384 erevit
875 2329 928 2382 in
951 2329 1170 2399 pietate.
1197 2327 1351 2382 Unde
1380 2338 1435 2381 et
1457 2328 1651 2382 Petrus
1705 2329 1807 2382 hoc
1835 2328 2121 2382 evidenter
2138 2342 2258 2380 san-

675 2425 843 2486 ciens,
875 2424 943 2478 ad
973 2439 1068 2478 eos
1093 2423 1187 2492 qui
1207 2422 1463 2476 volebant
1491 2422 1881 2476 circumcidere
1912 2422 1979 2476 de
2003 2420 2258 2491 gentibus

674 2517 1025 2572 credentibus
1070 2516 1285 2571 (licebat
1317 2532 1330 2567 :
1365 2514 1502 2580 Quid
1527 2516 1740 2569 tentatis
1773 2513 2056 2567 Dominum
2086 2515 2257 2582 impo-

677 2610 1003 2680 nerejugum
1055 2626 1212 2680 super
1251 2611 1472 2664 cervices
1523 2606 1923 2675 discipulorum,
1972 2607 2109 2676 quod
2166 2623 2258 2659 nec

674 2713 850 2772 patres
883 2702 1057 2767 vestri,
1095 2718 1187 2755 nec
1212 2718 1304 2754 nos
1339 2701 1604 2770 potuimus
1664 2708 1878 2769 portare
1907 2700 1988 2750 "‘t
2014 2698 2109 2752 sed
2160 2713 2258 2767 per

677 2798 902 2866 gratiam
931 2795 1061 2849 Iesu
1087 2793 1292 2849 Christi
1315 2793 1589 2847 credimus
1639 2792 1856 2856 salvari,
1887 2792 2029 2846 sicut
2056 2792 2152 2845 illi.
2199 2790 2254 2845 In

677 2891 783 2942 hoc
806 2903 937 2958 ergo
963 2900 1410 2954 unumquemque
1445 2888 1734 2947 advenam,
1765 2884 1881 2938 sive
1912 2893 1974 2937 ut
1997 2883 2139 2937 LXX
2171 2883 2256 2936 di-

677 2990 826 3045 cunt,
876 2980 1219 3048 proselytum,
1250 2979 1391 3031 sicut
1421 2977 1785 3046 nosmetipsos
1832 2977 2140 3046 diligamus,
2202 2986 2260 3031 ut

678 3076 766 3128 illa
797 3073 1175 3142 praecipiamus
1192 3071 1272 3126 eis
1304 3079 1534 3132 tantum,
1567 3085 1665 3139 per
1693 3085 1833 3137 quos
1862 3069 2254 3137 nosmetipsos,

677 3169 720 3222 si
751 3183 814 3221 ea
845 3166 1108 3238 gerimus,
1141 3163 1336 3219 salvari
1381 3162 1681 3218 credimus.
1715 3162 1854 3216 Num
1881 3163 1984 3217 etsi
2022 3163 2257 3233 amplius

679 3260 940 3331 temporis
965 3259 1032 3314 ab
1063 3259 1146 3312 his
1175 3258 1268 3328 qui
1292 3273 1439 3311 nunc
1463 3256 1532 3310 ad
1550 3255 1709 3310 ﬁdem
1742 3255 2032 3320 accedunt,
2068 3271 2171 3309 nos
2202 3256 2256 3309 in

677 3351 782 3406 fide
810 3351 892 3420 pia
927 3351 1211 3412 habemus,
1235 3356 1615 3405 verumtamen
1633 3356 1689 3402 et
1717 3362 1820 3402 nos
1856 3363 1923 3402 ex
1950 3347 2263 3402 infidelibus

678 3460 888 3509 sumus,
931 3455 1026 3497 aut
1052 3458 1152 3496 nos
1184 3443 1284 3512 ipsi
1347 3443 1498 3512 prius
1547 3441 1862 3497 inﬁdelibus
1909 3442 2258 3508 exsistentes,

677 3545 772 3591 aut
799 3537 866 3591 de
899 3537 1098 3591 talibus
1120 3536 1286 3606 geniti
1309 3536 1576 3605 patribus,
1603 3544 1659 3589 et
1685 3550 1878 3589 omnes
1903 3534 2125 3590 advena:
2154 3535 2262 3589 fui-

679 3645 801 3683 mus
831 3630 886 3682 in
941 3637 1087 3682 terra
1127 3629 1367 3698 1Egypti,
1402 3628 1456 3682 id
1499 3637 1603 3691 est,
1661 3627 1716 3681 in
1759 3627 2028 3682 diabolico
2075 3644 2262 3684 errore

677 3730 730 3774 et
761 3719 1007 3774 doctrina
1038 3719 1410 3772 tenebrarum.
1435 3717 1702 3789 Egyptus
1731 3719 1876 3772 enim
1903 3723 2145 3784 tenebrtc,
2177 3721 2260 3774 \el

680 3813 975 3866 obscuritas
1009 3810 1420 3879 interpretatur.
1451 3810 1592 3880 Ergo
1617 3809 1780 3866 nimis
1803 3813 2102 3866 secundum
2121 3820 2260 3866 teni-

681 3920 784 3974 pus
813 3903 1023 3958 addidit
1056 3922 1070 3956 :

748 3997 860 4066 Ego
914 3995 1170 4050 Dominus
1204 3993 1342 4048 Deus
1373 4004 1562 4048 vester.
1617 3994 1674 4048 ld
1707 4003 1810 4057 est,
1840 3995 1933 4062 qui
1965 4004 2015 4049 et
2046 4012 2145 4050 vos
2191 3997 2261 4051 ab

679 4105 865 4144 errore
882 4088 1118 4158 suscepi,
1153 4088 1219 4142 de
1252 4102 1361 4156 quo
1394 4086 1591 4139 Paulus
1621 4085 1795 4140 dixit:
1827 4085 2092 4141 Conclusit
2121 4087 2258 4142 Deus

678 4181 855 4234 omnia
897 4180 990 4234 sub
1029 4178 1422 4240 incredulitate,
1454 4186 1510 4230 ut
1564 4178 1804 4232 omnibus
1847 4181 2160 4233 misereatur
2191 4183 2256 4234 “.

748 4271 911 4326 Vsus.
942 4273 1132 4327 35-57.
1178 4291 1197 4322 ‹
1226 4269 1403 4324 Nolite
1453 4268 1634 4324 facere
1665 4270 1909 4338 iniquum
1943 4271 2166 4339 aliquid,
2205 4270 2258 4324 in

671 4365 898 4434 judicio,
927 4363 979 4418 in
1012 4364 1215 4435 regula,
1251 4363 1305 4415 in
1330 4362 1589 4431 pondere,
1625 4361 1681 4414 in
1712 4377 1991 4414 mensura.
2043 4364 2259 4416 Statera

671 4457 907 4524 jnsta,et
930 4471 1083 4525 aequa
1116 4454 1227 4509 sint
1257 4454 1521 4524 pondera.
1551 4452 1744 4507 Justus
1777 4451 2013 4516 modius,
2037 4467 2258 4521 tequus-

2356 1963 2594 2034 proximi
2637 1973 2866 2032 peccata
2897 1962 3228 2032 judicantcs,
3263 1963 3344 2015 ait
3379 1962 3526 2015 enim
3548 1962 3860 2020 Dominus:li

2355 2073 2458 2128 quo
2474 2057 2682 2127 judicio
2725 2055 3090 2124 judicaveritis
3143 2053 3528 2122 judicabimini
3568 2071 3586 2107 :
3635 2064 3679 2108 et
3717 2058 3759 2108 in
3799 2076 3860 2126 qui

2357 2165 2605 2204 mensura
2634 2149 2797 2202 mensi
2831 2147 3060 2218 fueritis,
3112 2147 3361 2200 metietur
3382 2145 3526 2200 vobis
3550 2147 3615 2198 ⁸³.
3642 2147 3771 2213 Quod
3791 2151 3860 2218 ipse

2357 2239 2748 2311 interpretans,
2781 2239 3246 2309 quemadmodum
3274 2237 3504 2292 deberet
3535 2238 3755 2310 intelligi,
3779 2249 3859 2294 sul.-

2356 2333 2496 2388 didit
2537 2352 2549 2387 :
2595 2333 2733 2398 Quid
2757 2343 2936 2386 autem
2960 2332 3102 2385 vides
3124 2333 3386 2402 festucam
3442 2333 3498 2385 in
3559 2335 3694 2386 oculo
3738 2337 3858 2403 fratris

2359 2429 2459 2490 tul,
2492 2426 2695 2480 trabem
2719 2435 2916 2489 autem,
2946 2440 3063 2494 qua:
3090 2425 3145 2477 in
3175 2425 3329 2477 oculo
3353 2435 3446 2476 tuo
3469 2437 3569 2489 est,
3593 2442 3684 2477 non
3705 2427 3859 2479 vida“?

2357 2518 2475 2573 Sed
2508 2534 2610 2572 nec
2640 2518 2694 2572 in
2719 2517 3077 2588 ponderibus,
3114 2525 3170 2570 et
3216 2516 3444 2570 statcris
3481 2527 3536 2571 et
3563 2520 3792 2571 mensuris
3812 2523 3854 2572 di

2359 2612 2500 2666 vinis
2526 2626 2844 2674 noceamus,
2871 2611 2967 2665 sed
3004 2611 3181 2678 justas
3239 2619 3500 2672 stateras,
3532 2621 3587 2663 et
3632 2626 3852 2672 mensuras,

2358 2712 2416 2758 et
2438 2702 2700 2772 pondera,
2737 2702 2788 2756 id
2813 2711 2920 2762 est,
2955 2702 3102 2772 leges
3125 2701 3428 2770 Scriptura:
3452 2701 3644 2757 divina:
3669 2705 3853 2757 custodii-

2363 2809 2507 2856 mus,
2541 2794 2862 2849 nullatenus
2893 2795 2975 2847 eis
3001 2802 3284 2856 stateram,
3314 2801 3414 2847 aut
3445 2794 3649 2864 pondus
3670 2797 3856 2864 superim-

2360 2894 2630 2955 ponentes
2669 2885 2950 2954 proprium
2989 2901 3001 2936 :
3041 2894 3097 2939 et
3125 2899 3305 2954 neque
3350 2885 3457 2940 hoc
3493 2885 3631 2954 quod
3657 2887 3852 2948 Pbarisri,

2360 2979 2652 3047 patiamur,
2675 2980 2744 3032 de
2762 2977 2960 3046 quibus
2977 2977 3033 3030 in
3055 2978 3368 3050 Evangeliis
3394 2979 3650 3033 Dominus
3673 2979 3852 3033 dicebat.

2361 3068 2537 3135 Quare
2562 3071 2997 3140 transgredimini
3030 3072 3287 3124 mandata
3339 3071 3458 3137 Dei,
3516 3084 3706 3141 propter
3744 3077 3853 3126 tradi-

2364 3164 2528 3217 tiones
2560 3172 2758 3230 vestras
2784 3163 2866 3215 '7?
2892 3162 3047 3216 Illum
3069 3163 3214 3217 enim
3236 3165 3304 3218 ad
3338 3166 3649 3219 memoriam
3671 3177 3852 3228 nostram,

2361 3258 2455 3327 qui
2489 3259 2604 3312 inec
2637 3257 2852 3312 locutus
2887 3268 2989 3320 est,
3020 3260 3106 3312 lex
3137 3273 3426 3322 revocans,
3448 3258 3701 3311 subdidit:

2432 3348 2546 3419 Ego
2577 3349 2835 3403 Dominus
2865 3351 3004 3404 Deus
3028 3361 3209 3414 vester,
3241 3351 3334 3420 qui
3364 3351 3527 3404 eduxi
3577 3367 3655 3404 vos
3673 3351 3723 3402 de
3763 3361 3853 3402 tem
3931 3348 3933 3398 !

2360 3440 2601 3512 (Egypti.
2631 3441 2898 3496 Custodite
2929 3443 3105 3495 omnia
3124 3453 3393 3512 prwcepta
3432 3458 3568 3505 mea,
3601 3450 3645 3495 et
3689 3443 3854 3494 universa

2351 3532 2587 3600 judicia,
2637 3542 2684 3586 et
2738 3532 2896 3603 facite
2933 3550 3017 3586 ea.
3074 3532 3439 3603 Septuaginta
3499 3543 3668 3587 autem
3701 3531 3852 3585 edunt:

2361 3625 2579 3680 Omnem
2607 3625 2769 3694 legem
2791 3642 2986 3690 meam,
3012 3636 3059 3679 et
3092 3627 3270 3678 omnia
3319 3636 3589 3696 praecepta
3635 3639 3757 3679 mea:
3783 3623 3852 3691 £90

2362 3717 2636 3770 Dominus.
2671 3718 2976 3788 Duplicant,
3017 3719 3126 3788 lt‘go
3151 3719 3438 3780 Dominus,
3465 3729 3526 3774 ut
3557 3727 3608 3773 tu
3637 3733 3845 3788 cognosce-

2362 3826 2470 3874 res,
2499 3811 2626 3880 quia
2656 3812 2746 3880 qui
2784 3826 2885 3865 nos
2913 3811 2980 3865 de
3018 3820 3162 3865 terra
3187 3811 3409 3883 Egypti
3441 3813 3696 3867 sensibilis
3711 3811 3832 3869 eduxit,

2362 3912 2493 3958 tunc
2522 3903 2696 3974 legem
2719 3904 2876 3966 dans,
2901 3903 3018 3972 ipse
3047 3919 3194 3957 nunc
3217 3905 3284 3958 de
3327 3907 3381 3957 in
3394 3905 3648 3974 telligibili
3695 3903 3835 3970 Egi.

2363 3996 2718 4066 Evangelium
2749 3995 3054 4065 praedicans
3108 3995 3377 4053 liberavit.
3450 3994 3601 4050 Unde
3648 4005 3843 4065 postquam

2359 4088 2495 4142 dixit
2520 4087 2820 4142 secundum
2853 4086 3213 4158 Septuaginta
3243 4105 3256 4141 :
3307 4089 3582 4143 Custodite
3609 4103 3761 4142 omnem
3793 4084 3842 4135 le-

2359 4199 2475 4253 gem
2499 4198 2692 4245 meam,
2712 4181 3000 4250 oportebat
3027 4181 3296 4246 suﬁicere,
3321 4183 3510 4236 omnia
3533 4184 3665 4236 enim
3676 4183 3730 4234 lex
3743 4193 3846 4231 coni-

2359 4274 2644 4344 plectitur,
2669 4273 2878 4328 addidit
2925 4283 3108 4328 autem
3139 4290 3152 4326 :
3188 4273 3254 4328 Et
3291 4277 3476 4328 omnia
3505 4283 3726 4346 praecepta
3742 4284 3847 4326 mea.“

2359 4366 2715 4436 nonjudicia,
2744 4375 2838 4420 aut
2853 4366 3292 4436 justiﬁcationes,
3342 4377 3443 4422 aut
3474 4365 3757 4427 testimonia,
3772 4375 3849 4431 qua

2360 4459 2440 4513 sic
2473 4459 2736 4528 appellari
2767 4475 2867 4529 per
2918 4459 3092 4531 legem
3141 4459 3308 4528 Moysi
3360 4468 3749 4518 consueverunt,
3790 4456 3851 4507 sed

672 4565 779 4618 que
841 4548 1132 4603 sextarius.
1205 4548 1316 4618 Ego
1374 4546 1637 4600 Dominus
1700 4545 1842 4597 Deus
1901 4553 2113 4608 vester,
2162 4544 2254 4612 qui
2289 4560 2624 4624 Dprwcepta
2671 4567 2804 4609 mea.
2849 4550 3165 4617 evangelica
3222 4551 3479 4604 mandata
3539 4549 3852 4604 demonstrans,

674 4643 834 4694 eduxi
856 4657 952 4696 vos
980 4642 1048 4697 de
1067 4649 1212 4695 terra
1231 4639 1472 4711 Arlgypti.
1516 4637 1802 4693 Custodite
1832 4635 2016 4690 omnia
2049 4650 2256 4705 praece-

675 4744 764 4802 pta
794 4749 936 4798 mea,
967 4741 1022 4788 et
1052 4733 1306 4786 universa
1351 4729 1579 4801 judicia,
1603 4737 1657 4784 et
1690 4727 1850 4782 facite
1874 4741 1958 4781 ea.
1997 4725 2107 4797 Ego
2164 4725 2261 4780 Do-

674 4827 873 4880 minus.
915 4843 934 4874 ι

747 4919 953 4973 Similis
999 4927 1083 4973 est
1139 4917 1305 4972 etiam
1360 4917 1479 4971 haec
1533 4915 1746 4970 sanctio
1800 4912 2254 4984 praecedentibus,

674 5011 892 5079 quando
915 5018 1036 5079 post
1054 5011 1264 5064 lucrum
1282 5008 1476 5062 litterae
1492 5007 1614 5076 ejus
1636 5005 1801 5061 etiam
1832 5004 2083 5074 spiritum
2115 5019 2258 5074 pras-

676 5101 896 5156 scrutati
921 5100 1206 5156 fuerimus.
1234 5099 1351 5153 Non
1388 5113 1517 5170 ergo
1555 5096 1673 5152 fieri
1709 5105 1962 5165 Oportere
1994 5095 2258 5163 injustutn

677 5193 730 5248 in
759 5191 986 5260 judicio,
1022 5191 1076 5244 in
1107 5189 1546 5260 prtecedentibus
1587 5186 1866 5258 praecepit,
1908 5201 2052 5239 nunc
2073 5195 2259 5240 autem

677 5299 778 5338 nec
801 5283 853 5336 in
881 5285 1152 5337 mensuris
1176 5282 1378 5351 injuste
1433 5296 1613 5351 agere,
1639 5295 1741 5334 nec
1772 5279 2108 5347 inponderc,
2158 5293 2262 5331 nec

677 5376 731 5429 in
763 5375 979 5430 stateris
996 5374 1255 5444 praecepit
1289 5390 1302 5427 :
1341 5388 1411 5426 ne
1438 5372 1577 5426 forte
1617 5371 1701 5424 bis
1733 5371 1884 5440 ipsis,
1927 5385 2048 5439 quae
2105 5369 2260 5439 quasi

677 5467 894 5523 termini
917 5476 1047 5522 sunt
1070 5467 1316 5536 justitiaa,
1370 5464 1439 5519 ad
1479 5463 1802 5532 injustitiam
1851 5472 2088 5516 utamur.
2150 5461 2257 5518 Pro

674 5559 920 5614 terminis
944 5559 1092 5614 enim
1115 5558 1361 5629 justiti-.e,
1405 5555 1790 5620 vendentibus,
1839 5565 1896 5611 et
1923 5555 2254 5622 ementibus,

2364 4658 2488 4712 qua:
2511 4658 2578 4696 ex
2611 4643 2935 4696 auctoritate
2964 4642 3230 4697 Dominus
3261 4642 3538 4712 praecepit.

2959 4800 3185 4857 CAPUT
3227 4800 3342 4856 XX.

2439 4916 2601 4973 Vsus.
2634 4919 2749 4975 1-5.
2791 4939 2808 4970 ε
2849 4919 3195 4988 Locutusque.
3242 4927 3329 4972 est
3355 4911 3679 4970 Dominusad
3696 4910 3849 4977 Moysen

2366 5011 2556 5066 dicens
2593 5010 2761 5066 :Hiec
2791 5014 3015 5081 loquere
3043 5011 3166 5066 filiis
3191 5011 3357 5066 Israel
3388 5028 3400 5065 :
3461 5008 3622 5063 Homo
3664 5003 3721 5058 de
3769 4997 3849 5054 filiis

2365 5099 2551 5165 Israel,
2583 5109 2638 5155 et
2667 5102 2735 5156 de
2759 5101 3004 5166 advenis,
3029 5102 3121 5172 qui
3175 5097 3424 5156 habitant
3451 5102 3503 5154 in
3520 5095 3684 5159 Israel,
3711 5091 3746 5146 si
3770 5086 3849 5157 quis

2363 5193 2576 5248 dederit
2597 5195 2664 5248 de
2687 5195 2899 5249 semine
2929 5210 3030 5249 suo
3061 5195 3205 5250 idolo
3267 5195 3497 5259 Molocb,
3528 5199 3681 5247 morte
3708 5181 3847 5240 moria-

2365 5292 2473 5337 tur.
2521 5285 2762 5355 Populus
2793 5295 2954 5341 terra:
2985 5287 3251 5358 lapidabit
3275 5303 3421 5352 eum,
3479 5297 3532 5340 et
3576 5297 3664 5352 ego
3710 5285 3846 5347 pomm

2364 5374 2558 5430 faciem
2620 5393 2794 5432 meam
2846 5389 3035 5433 contra
3077 5379 3246 5444 illum,
3305 5377 3664 5444 succidamque
3687 5381 3782 5425 eum
3803 5363 3846 5414 de

2367 5467 2547 5521 medio
2563 5471 2749 5539 populi
2775 5470 2882 5534 sui,
2911 5487 2977 5525 eo
3017 5472 3166 5541 quod
3219 5471 3430 5526 dederit
3467 5469 3532 5524 de
3565 5463 3740 5521 semine
3777 5466 3846 5508 suo

2364 5559 2599 5628 Moloch,
2658 5573 2714 5617 et
2734 5565 3189 5619 containinaverit
3218 5563 3572 5620 sanctuarium
3597 5567 3763 5614 meum.
3802 5558 3845 5598 ³ο

748 5763 788 5793 ⁶¹
821 5763 988 5818 Hebr.
1011 5779 1109 5823 xu,
1142 5762 1346 5830 22,25.
1423 5762 1468 5793 ⁶¹
1503 5761 1690 5818 Matth.
1735 5779 1890 5828 xxiii,
1919 5763 1972 5818 4.
2048 5763 2234 5834 ⁸³ἶΑει.
2271 5779 2337 5817 xv

2271 5765 2475 5819 “.10.
2557 5745 3022 5828 “Roul.xt,2'2.
3100 5767 3144 5798 οι
3175 5766 3363 5821 Matth.
3396 5780 3485 5830 vn,
3513 5763 3562 5816 2.
3629 5745 3838 5809 “ibidi-

673 5835 714 5865 ⁶⁷
759 5834 950 5889 Matth.
984 5851 1076 5900 xv,
1093 5835 1148 5888 5.
