4032 6448
168 437 305 502 1041
1319 435 1401 495 ΙΝ
1437 433 1760 496 LEVITICI

1847 433 1878 494 l.
1911 454 1981 466 —
2019 430 2169 490 LIB.
2203 429 2304 490 VI.
3295 415 3439 480 1042

157 551 426 622 polluerit
457 565 656 605 nomen
685 557 937 604 sanctum
960 563 1164 604 meum.
1188 548 1330 615 Quid
1357 549 1402 604 si
1465 547 1749 619 negligens
1777 555 1822 608 Α
1852 543 2214 606 consuetudo,
2250 550 2306 596 et
2333 541 2417 595 his
2435 540 2528 611 qui
2552 540 2608 594 in
2654 553 2842 594 errore
2899 536 3117 591 illorum
3171 534 3432 589 labeban—

157 647 403 714 populus
451 651 629 705 terrae,
681 650 736 694 et
786 643 940 710 quasi
1001 643 1402 712 parvipendens
1455 641 1746 710 imperium
1857 645 1964 699 tur,
2001 637 2068 691 de
2095 635 2294 705 quibus
2341 634 2486 688 Deus
2521 650 2615 703 per
2663 631 2860 687 Oscam
2899 629 3034 685 dicit
3083 646 3096 681 :
3157 626 3292 693 Quia
3345 626 3434 679 isti

155 749 370 798 meum,
389 733 657 788 dimiserit
689 733 986 799 hominem,
1015 735 1109 802 qui
1143 733 1380 788 deditde
1401 733 1613 787 semine
1643 746 1746 786 suo
1853 746 1972 783 cum
2001 728 2302 798 fornicariis
2329 726 2822 795 corrumpebantur,
2858 734 2905 777 et
2941 739 3060 775 cum
3123 720 3436 791 effeminatis

159 827 402 890 .‘iioloch,
437 840 540 880 nec
563 825 797 880 voluerit
818 825 969 878 illum
1003 825 1275 890 occidere,
1310 841 1510 896 ponam
1550 824 1748 880 faciem
1850 820 2248 890 sacriﬁcabant,
2274 819 2464 889 polluit
2493 818 2591 872 Dei
2643 829 2826 871 sancta
2849 817 2913 870 θ’.
2953 813 3273 881 Quomodo?
3307 811 3436 881 quia

158 933 346 971 meam
376 932 544 986 super
583 915 864 969 hominem
895 916 1065 981 illum,
1116 924 1172 970 et
1196 916 1576 988 cognationem
1607 914 1747 984 ejus,
1851 913 2262 984 polluitnomen
2293 920 2541 967 sanctum
2569 910 2709 980 ejus.
2744 908 2815 964 Ut
2847 908 2994 962 enim
3032 905 3322 976 imaginem
3340 903 3436 958 Dei

158 1011 551 1079 succidamque
581 1008 780 1078 ipsum,
807 1019 862 1064 et
892 1024 1084 1064 omnes
1120 1009 1213 1079 qui
1245 1016 1647 1063 consenserunt
1674 1006 1747 1070 ei,
1853 1005 2164 1078 percipiens
2199 1005 2361 1058 homo
2382 1003 2577 1065 sancti,
2611 1012 2666 1058 et
2700 1003 2755 1056 in
2787 1001 2992 1056 sanctis
3019 998 3436 1069 requiescentis,

161 1113 229 1158 ut
292 1103 694 1158 fornicarentur
749 1118 872 1157 cum
947 1102 1154 1158 Molucb
1204 1103 1272 1158 de
1317 1101 1498 1156 medio
1563 1097 1750 1172 populi
1854 1107 2079 1154 sanctus
2104 1107 2254 1152 recte
2284 1107 2339 1152 et
2390 1097 2765 1152 sanctilicatus
2793 1095 2890 1159 illi,
2922 1093 3080 1162 cujus
3113 1093 3278 1146 habet
3302 1091 3440 1144 ima-

161 1196 277 1253 sui.
311 1214 330 1246 ι
1855 1190 2057 1261 ginem,
2079 1188 2302 1244 dicitur.
2340 1188 2688 1242 Contaminat
2721 1202 2871 1257 ergo,
2895 1195 2951 1240 et
2987 1183 3178 1254 polluit
3239 1197 3440 1237 nomen

237 1284 410 1353 Cujus
446 1283 522 1336 rei
543 1283 715 1353 gratia
744 1283 811 1337 de
839 1282 1036 1337 iisdem
1095 1283 1202 1346 bis,
1256 1292 1311 1337 et
1339 1292 1424 1337 ter
1458 1281 1751 1352 aliquando
1856 1285 1994 1353 ejus,
2013 1282 2109 1352 qui
2131 1282 2180 1338 ei
2206 1282 2355 1337 dedit
2380 1281 2692 1348 imaginem,
2733 1288 2788 1334 et
2839 1295 2936 1348 per
2966 1279 3107 1331 hanc
3137 1277 3312 1345 ipsum
3347 1273 3441 1342 qui

163 1378 255 1431 lex
295 1376 573 1447 praecepit,
593 1375 909 1446 frequenter
949 1378 1003 1431 in
1035 1377 1473 1447 praecedentibus
1490 1377 1751 1440 diximus,
1857 1373 2238 1436 sanctiﬁcavit,
2262 1373 2429 1442 quiet
2456 1371 2704 1441 spiritum
2741 1370 2862 1424 vita:
2922 1371 2970 1422 ci
3001 1384 3064 1422 cx
3123 1383 3220 1421 sua
3272 1366 3444 1436 gratia

162 1470 296 1540 quia
320 1479 540 1540 pr0pter
579 1470 899 1524 memoriam
925 1470 1220 1541 legentium
1256 1472 1360 1525 hoc
1384 1471 1565 1524 faciat.
1597 1469 1754 1524 Unde
1856 1463 2172 1527 irtsulllavit,
2201 1464 2324 1532 quia
2358 1463 2555 1532 spiritu
2585 1462 2750 1524 malo,
2805 1472 2861 1515 et
2915 1463 3150 1514 adverso
3181 1457 3294 1511 Deo
3329 1471 3446 1509 cor-

165 1562 336 1616 ctiam
367 1562 736 1631 recapitulans
754 1562 1006 1617 mandata
1036 1578 1177 1618 nova
1203 1563 1452 1633 quaedam
1483 1563 1564 1616 eis
1590 1561 1758 1621 inter-
1860 1557 2150 1627 rumpitur,
2199 1565 2254 1609 et
2307 1554 2643 1608 Dominicam
2704 1551 2994 1620 imaginem
3036 1551 3093 1604 in
3134 1550 3444 1603 daemonum

169 1652 341 1715 serit,
398 1661 454 1705 ut
478 1667 588 1706 non
623 1651 899 1723 superﬂua
943 1652 1195 1708 videatur
1250 1654 1428 1724 legum
1476 1651 1754 1722 repetitio,
1860 1647 2182 1702 servitutem
2208 1644 2424 1715 redigit,
2464 1644 2810 1714 regalemque
2838 1640 3184 1710 margaritam
3209 1655 3238 1692 a
3265 1640 3446 1707 porcis

169 1751 226 1796 et
251 1737 607 1812 inquisitione
629 1757 919 1810 novorum,
943 1743 1108 1797 etiam
1141 1742 1508 1799 anterioribus
1553 1742 1760 1797 studio-
1860 1740 2127 1811 permittit
2162 1738 2349 1809 pollui.
2389 1737 2538 1791 Idem
2578 1745 2666 1790 est
2690 1744 2745 1789 et
2773 1734 3020 1804 quisquis
3037 1733 3103 1786 de
3123 1730 3446 1802 cognatione

170 1834 288 1889 sius
323 1833 689 1889 intendamus.
723 1834 895 1905 Hujus
917 1836 992 1890 rei
1025 1835 1194 1906 gratia
1223 1836 1468 1890 actiones
1496 1827 1756 1904 quasdam
1863 1843 1917 1887 et
1947 1833 2015 1887 de
2046 1833 2295 1888 doctrina
2320 1847 2416 1886 sua
2451 1831 2694 1884 avaritiae
2718 1828 2899 1892 oﬂ‘ert,
2927 1837 2983 1881 et
3035 1827 3100 1879 ad
3157 1823 3446 1877 avaritiam

172 1925 232 1980 in
268 1925 560 1995 praeteritis
601 1926 926 1995 prohibens,
981 1941 1174 1997 pinnas
1229 1943 1418 1982 earum
1443 1928 1632 1991 tacuit,
1695 1938 1754 1983 ut
1788 1909 1829 1965 Β
1855 1929 2116 1997 operibus
2142 1938 2235 1981 aut
2253 1925 2434 1980 verbis
2465 1924 2966 1984 consuefaciteun't,
3008 1919 3101 1990 qui
3123 1931 3448 1988 quocunque

169 2034 296 2090 quae
325 2017 398 2073 sit
433 2019 572 2084 hinc,
592 2021 676 2074 vel
693 2022 868 2092 qualis
899 2031 1227 2092 quaerentes,
1263 2037 1325 2075 ea
1354 2039 1474 2091 quze
1525 2023 1756 2078 inferius
1857 2019 2020 2076 modo
2074 2017 2378 2087 discipulus
2437 2017 2580 2086 ejus,
2645 2015 2730 2069 vel
2779 2023 3044 2084 cognatus
3085 2020 3191 2073 est,
3221 2023 3444 2063 servum

172 2111 378 2175 sancit,
423 2121 776 2168 scrutemur:
826 2114 884 2169 in
929 2114 1016 2169 bis
1047 2115 1195 2169 enim
1247 2131 1438 2186 plenas
1503 2117 1756 2181 inseruit,
1859 2131 1984 2170 eum
2017 2114 2350 2190 daemonum,
2382 2111 2640 2166 devotum
2697 2108 2859 2164 idolis
2889 2108 3005 2162 sive
3067 2112 3449 2159 consecratum

175 2221 313 2275 quas
337 2217 469 2260 tunc
497 2207 866 2276 praetermisit.
901 2207 1039 2263 Olim
1080 2223 1211 2280 ergo
1249 2211 1548 2277 prohibens
1577 2211 1644 2264 de
1670 2225 1760 2276 se-
1860 2209 2200 2278 militemque
2230 2206 2451 2277 maligni
2478 2204 2738 2275 principis
2759 2203 2924 2270 hujus
2949 2198 3130 2255 saeculi
3163 2196 3404 2251 elﬁciens
3434 2211 3446 2245 ε

181 2298 329 2352 mine
355 2313 453 2352 suo
473 2297 701 2364 Muloch,
730 2299 843 2354 sive
869 2300 1171 2355 secundum
1209 2302 1568 2373 Septuaginta
1595 2301 1760 2356 Prin-
1861 2301 2040 2356 Radix
2064 2301 2203 2355 enim
2229 2300 2465 2353 omnium
2513 2297 2776 2351 malorum
2829 2295 3056 2348 avaritia
3080 2293 3161 2357 7°;
3216 2306 3332 2361 qua:
3376 2296 3450 2342 est

190 2390 293 2458 cipi
326 2391 457 2444 dari.
493 2390 621 2444 Erat
643 2401 824 2446 autem
858 2394 965 2448 hoc
994 2393 1121 2446 idoli
1165 2395 1451 2464 cujusdam
1507 2395 1588 2448 vel
1649 2394 1762 2450 dze-
1864 2393 2127 2447 idolorum
2153 2395 2374 2447 servitus
2399 2394 2467 2445 7‘.
2497 2391 2739 2445 Dicimus
2783 2399 2963 2443 autem
2998 2388 3102 2441 hoc
3168 2385 3346 2454 ipsum
3397 2389 3452 2434 et

200 2484 380 2536 monis
410 2500 619 2550 nomen,
648 2487 950 2541 secundum
1013 2488 1159 2556 quod
1217 2486 1534 2558 Stephanus
1599 2492 1766 2544 Amos
1865 2495 2056 2540 contra
2088 2501 2183 2540 eos
2215 2485 2306 2554 qui
2340 2482 2668 2539 adulterium
2703 2481 2922 2540 docent,
2973 2483 3329 2548 suggerentes
3351 2488 3449 2526 ne-

200 2576 493 2631 introduxit
549 2579 822 2634 dicentem
857 2598 870 2634 :
935 2580 1003 2633 Et
1064 2581 1328 2650 recepistis
1369 2583 1767 2636 labernaculnm
1867 2580 2029 2634 farias
2066 2580 2332 2643 actiones,
2361 2578 2653 2634 suadentes
2695 2574 3116 2645 turpitudinem,
3143 2571 3472 2641 polluentes.

196 2667 416 2730 Maloea,
441 2678 487 2722 et
511 2672 654 2724 sidus
691 2672 787 2726 Dei
832 2675 990 2727 vestri
1038 2673 1349 2742 Remplram,
1381 2675 1580 2743 ﬁguras
1637 2693 1768 2746 quas
1869 2685 2059 2729 sancta
2085 2675 2199 2740 Dei,
2234 2675 2286 2728 id
2318 2683 2425 2736 est,
2481 2674 2820 2745 signatorum
2871 2670 2982 2724 Deo
3025 2682 3279 2737 corpora,
3317 2676 3452 2734 que-

187 2760 405 2829 fecistis,
440 2772 498 2815 ut
527 2765 759 2819 adoretis
787 2783 874 2820 eas
901 2769 967 2821 ⁸⁸.
1018 2767 1176 2821 Nunc
1205 2783 1334 2838 ergo
1364 2768 1598 2837 idipsum
1657 2785 1772 2824 rur-
1870 2785 1990 2822 rum
2025 2784 2156 2823 caro
2181 2768 2442 2837 templum
2473 2767 2591 2831 Dei,
2635 2775 2692 2820 et
2715 2765 2950 2835 Spiritus
2977 2761 3152 2816 sancti
3182 2768 3266 2814 est
3299 2755 3454 2811 habi-

187 2864 284 2904 sus
317 2861 655 2915 contestans,
685 2857 888 2923 quibus
915 2858 1096 2914 verbis
1125 2875 1282 2913 orsus
1311 2860 1382 2914 sit
1410 2862 1629 2930 exordia
1669 2861 1765 2915 bu-
1872 2851 2131 2915 taculum.
2173 2857 2330 2914 Unde
2368 2868 2426 2914 et
2478 2859 2725 2928 polluere
2775 2867 2919 2912 recte
2945 2869 3145 2909 nomen
3205 2860 3452 2906 sanctum

179 2939 275 3008 ius
297 2941 434 3013 legis
460 2947 707 3002 andislis.
1872 2955 2151 3014 dicuntur,
2187 2953 2302 3006 sive
2333 2952 2638 3007 secundum
2666 2951 3044 3020 Septuaginta,
3091 2943 3454 3032 sanctiﬁcato-

233 3035 594 3104 -Locutusque
626 3050 702 3094 est
725 3041 982 3097 Dominus
1042 3045 1114 3098 ad
1140 3045 1345 3114 Moysen
1376 3047 1549 3101 dicens
1579 3067 1598 3105 :
1647 3049 1772 3104 Haec
1873 3065 2010 3111 rum,
2040 3047 2169 3117 quia
2203 3064 2273 3101 ex
2295 3062 2426 3110 uno,
2463 3055 2558 3100 aut
2587 3046 2821 3107 duobus,
2847 3051 2940 3096 aut
2982 3040 3229 3111 pluribus
3273 3037 3455 3090 forsan

185 3127 403 3196 loquere
429 3131 554 3197 ﬁliis
578 3131 768 3188 Israel.
799 3135 952 3200 Quod
979 3135 1330 3209 Septuaginta
1367 3141 1681 3206 ediderunt,
1724 3152 1772 3196 et
1876 3138 2360 3205 abominabilibus,
2397 3139 2642 3192 omnium
2687 3145 3002 3190 sanctorum
3038 3131 3128 3186 Dei
3185 3149 3198 3183 :
3256 3129 3347 3198 qui
3400 3127 3456 3179 in

182 3220 317 3288 [iliis
332 3221 504 3276 Israel
545 3224 772 3294 loquere.
808 3225 927 3280 Non
974 3227 1077 3282 hoc
1111 3229 1315 3284 dictum
1352 3241 1438 3285 est
1461 3233 1617 3302 quasi
1681 3234 1771 3287 alii
1802 3273 1844 3328 ο
1876 3247 1944 3283 eo
1971 3228 2343 3292 crediderunt,
2368 3239 2422 3284 et
2453 3229 2716 3294 ﬁdelium,
2755 3223 3199 3281 manifestissime
3247 3220 3457 3328 alioalii-

185 3313 427 3368 fuissent
463 3316 664 3384 quibus
692 3319 1054 3386 praecedentia
1108 3331 1380 3387 sanxerat,
1430 3325 1523 3377 sed
1584 3335 1774 3379 osten-
1803 3309 1844 3328 ν
1880 3322 2063 3377 nabile
2085 3337 2289 3376 nomen
2311 3330 2368 3376 et
2397 3322 2827 3376 contaminatum
2887 3318 3030 3370 inter
3063 3314 3310 3369 [nomines
3338 3309 3455 3365 elli-

185 3405 329 3459 dens
366 3406 493 3474 quia
529 3407 633 3462 hoc
667 3410 955 3476 personale
988 3412 1300 3465 mandatum
1334 3424 1621 3482 propterea
1640 3430 1773 3468 con-
1879 3414 2041 3477 citur,
2073 3413 2198 3468 talia
2224 3422 2281 3468 et
2310 3413 2378 3467 de
2403 3413 2616 3467 caeteris
2641 3409 3064 3478 conjicientibus
3095 3407 3182 3460 his
3207 3406 3297 3475 qui
3323 3404 3458 3457 foris

184 3507 275 3551 tra
318 3513 514 3553 omnes
567 3500 832 3564 dilatavit,
885 3503 1010 3572 quia
1063 3515 1348 3573 peccatum
1401 3516 1590 3562 contra
1629 3508 1776 3577 quod
1879 3515 2030 3569 sunt,
2067 3505 2124 3559 in
2155 3505 2616 3574 qualiaquosdam
2644 3503 2900 3557 viderunt
2937 3499 3293 3554 luxuriantes.
3323 3495 3459 3548 Pro-

184 3591 677 3647 comminationem
708 3606 1032 3664 praesentem
1092 3597 1336 3665 protulit,
1386 3607 1598 3652 tantum
1657 3599 1776 3654 aliis
1884 3607 2066 3664 pterea
2099 3613 2192 3651 eos
2225 3597 2319 3666 qui
2348 3597 2426 3651 sic
2453 3596 2594 3649 mala
2648 3605 2704 3649 et
2750 3591 3135 3648 abominabilia
3178 3587 3459 3659 operibus,

185 3685 590 3740 exsecrabilius
611 3695 716 3752 est,
752 3697 809 3742 ut
834 3688 936 3741 alia
969 3689 1188 3758 quidem
1231 3699 1454 3759 peccata
1478 3692 1622 3746 solos
1647 3708 1777 3761 pcc-
1881 3700 1977 3744 aut
2014 3693 2195 3746 verbis
2227 3693 2446 3754 docent,
2469 3706 2579 3746 non
2595 3691 2760 3746 unius
2788 3690 3066 3760 przecepit,
3095 3688 3192 3742 sed
3215 3686 3459 3740 omnium

184 3787 386 3831 cantes
423 3794 548 3834 reos
578 3779 754 3849 pmnis
782 3781 1084 3842 adicerent,
1127 3781 1232 3836 hoc
1259 3791 1442 3836 autem
1471 3791 1526 3836 et
1561 3800 1656 3836 eos
1685 3784 1778 3854 qui
1882 3784 2065 3852 puniri
2094 3784 2382 3838 manibus:
2417 3790 2608 3852 utpote
2630 3780 3155 3836 omniuminimicus
3184 3788 3240 3834 et
3269 3778 3464 3831 adver-

189 3869 556 3939 neglexerunt
587 3883 925 3939 peccantem,
948 3874 1298 3943 judicetnque
1329 3875 1398 3939 ei,
1430 3875 1523 3929 sed
1554 3884 1609 3930 et
1637 3876 1779 3929 ulto-
1884 3875 2060 3928 sarius
2115 3885 2170 3928 et
2200 3877 2449 3929 omnium
2510 3875 2717 3946 gloriae,
2777 3874 2926 3929 sicut
2980 3873 3298 3943 praedictum
3355 3877 3461 3935 est,

195 3975 332 4024 rem,
355 3976 466 4014 non
494 3963 669 4017 solum
690 3964 962 4034 principes
990 3965 1195 4035 populi,
1215 3967 1310 4021 sed
1331 3976 1386 4021 et
1415 3976 1578 4022 totam
1599 3968 1775 4039 Syna-
1884 3976 2168 4022 nocentes.

195 4069 388 4124 gogarn
422 4096 436 4118 ,
473 4065 530 4109 et
563 4058 822 4126 populum
871 4059 1019 4112 facit.
1076 4057 1309 4129 Papulas
1369 4061 1536 4126 cnim,
1577 4061 1774 4130 inquit,
1956 4058 2104 4125 Quod
2145 4059 2189 4113 si
2235 4059 2497 4128 negligens
2547 4059 2769 4127 populus
2818 4066 2992 4120 terrae,
3025 4068 3073 4111 et
3118 4056 3270 4126 quasi
3315 4055 3464 4123 parui

197 4157 356 4201 terrea
377 4147 636 4217 lapidabit
665 4167 804 4203 eum.
837 4150 947 4204 Nec
982 4151 1065 4205 his
1098 4160 1395 4206 contentus
1420 4152 1628 4206 addidit
1656 4167 1671 4205 :
1886 4155 2113 4224 pendens
2141 4153 2417 4220 imperium
2453 4166 2624 4203 meum
2647 4150 2900 4204 dimiserit
2929 4151 3210 4209 hominem,
3246 4149 3336 4218 qui
3371 4147 3466 4200 de-

270 4237 340 4291 Et
387 4255 480 4310 ego
502 4256 695 4307 ponunt
723 4243 916 4310 faciem
961 4259 1133 4296 meam
1167 4252 1351 4296 contra
1382 4243 1553 4309 illum,
1612 4245 1783 4296 succi-
1887 4247 2022 4299 derit
2055 4245 2118 4298 de
2153 4249 2348 4297 semine
2386 4260 2480 4296 suo
2506 4241 2724 4306 Moloch,
2756 4259 2847 4295 nec
2876 4241 3097 4294 voluerit
3139 4239 3289 4293 illum
3327 4240 3466 4292 occi-

205 4328 431 4397 damque
459 4345 578 4383 eum
614 4332 677 4384 de
700 4331 871 4384 medio
893 4331 1073 4400 populi
1121 4333 1224 4385 sui.
1279 4333 1381 4386 Per
1435 4333 1541 4386 hoc
1593 4349 1784 4387 omnes
1888 4340 2028 4392 dere.
2065 4337 2119 4390 ld
2148 4351 2251 4401 est,
2278 4337 2321 4391 si
2353 4336 2428 4399 lii,
2460 4336 2551 4405 qui
2591 4335 2811 4388 enutriti
2845 4343 2973 4388 sunt
3003 4334 3057 4387 in
3089 4333 3339 4396 scientia,
3367 4348 3468 4386 ne-

211 4421 507 4489 erigens,et
523 4438 826 4492 provocans
848 4435 1036 4479 contra
1052 4426 1304 4493 eum,qui
1322 4426 1448 4480 talia
1464 4426 1782 4480 commisit:
1889 4430 2157 4502 glexerint
2194 4445 2319 4483 cum
2351 4430 2442 4498 qui
2491 4429 2614 4482 talia
2644 4428 2802 4481 docet
2839 4446 2853 4481 :
2893 4427 3009 4480 lia-c
3043 4433 3127 4480 est
3158 4425 3302 4480 enim
3345 4440 3469 4479 vera

207 4512 306 4564 sed
337 4520 390 4566 et
412 4522 670 4568 terrorem
698 4515 962 4581 indicens,
996 4516 1039 4571 si
1071 4516 1429 4587 neglexerint,
1462 4525 1516 4571 et
1538 4532 1648 4569 non
1661 4533 1784 4571 cum
1891 4533 1946 4578 et
1969 4532 2117 4576 recta
2145 4532 2308 4578 terra,
2338 4522 2405 4575 de
2430 4537 2535 4590 qua
2565 4521 2640 4574 ait
2667 4521 2830 4574 David
2865 4537 2878 4573 :
2909 4519 3138 4588 Spiritus
3165 4530 3284 4572 tuus
3309 4519 3470 4571 bonus

202 4603 390 4658 studio
420 4599 748 4674 praeceptam
781 4623 1000 4676 pcenam
1060 4609 1256 4663 suis'in
1289 4625 1408 4664 eam
1437 4611 1786 4665 exercuerim
1823 4648 1864 4702 ο
1893 4615 2110 4669 deducet
2153 4630 2234 4666 me
2279 4615 2334 4667 in
2383 4625 2578 4666 terram
2624 4623 2820 4666 rectam
2849 4614 2917 4665 τ’.
2963 4611 3101 4678 Quia
3144 4612 3346 4665 malum
3387 4620 3474 4666 est

201 4697 482 4762 manibus,
541 4709 726 4768 utpote
777 4701 832 4753 in
887 4709 1096 4755 tantum
1168 4701 1308 4756 irato
1371 4703 1504 4767 Deo,
1558 4711 1618 4756 ut
1676 4703 1792 4772 ipse
1826 4697 1856 4702 ⁷
1894 4707 2130 4761 maxime
2158 4706 2263 4759 tale
2297 4715 2576 4774 peccatum
2616 4721 2724 4758 non
2755 4705 3000 4774 exsequi.
3033 4704 3172 4770 Quid
3209 4715 3292 4760 est
3327 4707 3472 4775 quod

195 4798 398 4859 aperte
433 4793 749 4860 praedictam
794 4794 1123 4850 sententiam
1170 4805 1360 4850 contra
1418 4811 1543 4850 eum
1599 4795 1788 4861 ferret,
1894 4797 2178 4867 sequitur?
2213 4799 2277 4850 Et
2327 4814 2482 4866 super
2505 4797 2868 4867 cognationem
2911 4797 3046 4866 ejus.
3089 4796 3195 4851 Eos
3228 4798 3320 4866 qui
3359 4809 3475 4851 stu-

193 4898 305 4936 cur
325 4883 545 4937 autem?
1895 4892 2029 4942 dent
2084 4887 2338 4941 videlicet
2395 4885 2612 4949 similia,
2653 4885 2744 4954 qui
2795 4887 3008 4957 cognati
3065 4896 3195 4942 sunt
3252 4896 3477 4958 propter

275 4973 419 5040 Quia
437 4977 500 5030 de
527 4979 723 5033 semine
755 4994 850 5032 suo
879 4979 1020 5032 dedit
1049 4977 1274 5042 Moloch,
1313 4986 1370 5032 ut
1409 4979 1793 5034 contaminaret
1895 4979 2310 5034 similitudinem
2340 4976 2571 5031 actionis
2602 4985 2658 5030 et
2688 4975 2972 5030 doctrinas.

191 5069 577 5122 sanctuarium
627 5086 822 5135 meum,
873 5080 922 5124 et
974 5070 1229 5139 pollueret
1303 5087 1492 5123 nomen
1553 5082 1794 5124 sanctum
1966 5071 2352 5140 Succidamque
2393 5070 2642 5138 ipsumet
2676 5085 2850 5121 omnes
2883 5068 2972 5138 qui
3003 5077 3370 5123 consenserunt
3405 5069 3475 5132 ei,

196 5175 408 5212 meum.
434 5159 757 5230 Quicunque
784 5160 931 5215 enim
979 5161 1150 5215 ﬁlium
1202 5170 1298 5214 aut
1343 5169 1658 5231 cognatum,
1702 5169 1797 5215 aut
1898 5175 1954 5217 ut
1989 5165 2376 5234 fornicarentur
2423 5176 2542 5214 cum
2579 5160 2779 5216 Moloch
2825 5162 2890 5214 de
2937 5161 3104 5214 medio
3150 5163 3332 5232 populi
3370 5163 3474 5215 sui.

193 5248 562 5317 discipulum,
592 5261 689 5305 aut
735 5253 995 5315 amicum,
1041 5258 1136 5305 aut
1183 5266 1566 5320 quemcunque
1593 5251 1663 5305 de
1696 5267 1796 5306 suo
1897 5253 2018 5308 Non
2051 5253 2228 5306 solum
2268 5251 2508 5306 minatus
2544 5259 2628 5304 est
2658 5250 2856 5319 punire
2895 5266 3010 5314 eos,
3040 5252 3131 5321 qui
3168 5254 3361 5306 dicunt
3391 5254 3478 5308 vel

197 5341 446 5406 semine,
481 5342 568 5398 vel
587 5344 932 5414 cognatione,
987 5353 1081 5397 aut
1112 5344 1381 5409 doctrina,
1414 5344 1652 5414 principi
1693 5360 1796 5398 δειξ-
1899 5345 2107 5402 faciunt
2135 5347 2257 5408 hoc,
2284 5353 2339 5398 et
2365 5352 2654 5413 propterea
2681 5351 2942 5414 cognatos
2974 5354 3118 5397 recte
3147 5345 3476 5406 nominatos,

197 5435 321 5488 culi
355 5435 538 5504 hujus,
562 5436 653 5506 qui
683 5453 832 5492 nunc
882 5446 1138 5506 operatur
1181 5437 1238 5490 in
1314 5438 1436 5493 ﬁliis
1485 5437 1800 5492 dillidentiaa
1899 5439 1998 5494 sed
2045 5447 2100 5493 et
2148 5429 2566 5494 consentientes
2600 5436 2670 5498 ei,
2710 5436 2762 5490 id
2813 5445 2897 5490 est
2943 5437 3338 5492 concordantes
3386 5447 3480 5492 aut

199 5527 452 5593 dederit,
475 5546 682 5585 vovens
712 5547 835 5584 eum
853 5539 910 5585 et
943 5545 1272 5585 consecratis
1293 5530 1651 5596 daemonibus,
1709 5529 1799 5585 hic
1901 5539 2314 5592 concurrentes,
2356 5537 2452 5582 aut
2492 5528 2962 5582 communicantes
2994 5528 3255 5597 operibus
3288 5543 3477 5582 eorum

201 5621 441 5691 quidem
475 5623 544 5677 ad
573 5639 728 5679 sacra
759 5624 1102 5688 daemonum,
1136 5623 1272 5677 alter
1291 5634 1476 5683 autem
1506 5625 1668 5679 mista
1716 5625 1798 5680 vi-
1904 5621 2281 5683 infructuosis,
2313 5621 2454 5673 sicut
2489 5619 2690 5673 Paulus
2717 5619 2853 5674 dixit
2885 5619 2949 5672 ⁷³.
2982 5619 3179 5673 Malum
3213 5628 3296 5672 est
3331 5619 3479 5672 enim

203 5713 299 5768 rili
331 5714 690 5786 muliebrique
715 5715 848 5784 vita,
876 5725 1165 5784 utrumque
1225 5715 1372 5768 enim
1414 5727 1531 5770 erat
1574 5718 1796 5788 paganis
1906 5714 2223 5787 permittere
2252 5721 2348 5765 aut
2375 5711 2686 5768 consentire
2714 5712 2879 5765 etiam
2909 5725 3024 5774 eos,
3050 5710 3139 5779 qui
3169 5709 3302 5762 foris
3331 5719 3477 5769 sunt,

283 5856 332 5888 εδ
357 5857 522 5912 Amos
550 5875 604 5924 v,
630 5859 735 5923 26;
770 5860 890 5915 Act.
917 5875 1013 5925 vn,
1046 5858 1132 5912 4'5.
1229 5859 1271 5891 ⁸³
1314 5859 1451 5915 Osee
1485 5875 1557 5922 tv,
1589 5860 1676 5916 Η.
1779 5862 1796 5891 ⁷

207 5930 258 5962 ⁷³
292 5926 497 5982 Enhes.
527 5945 579 5982 v.
618 5927 703 5982 il.

1892 5856 2032 5911 Tim.
2093 5871 2166 5919 vi,
2203 5854 2297 5918 l0;
2399 5851 2435 5881 ⁷¹
2467 5850 2668 5918 Ephes.
2707 5867 2756 5913 v,
2789 5851 2842 5904 ii.
2943 5851 2986 5879 7’
3023 5849 3160 5904 Psal.
3195 5861 3355 5912 cum“,
3394 5847 3472 5902 l0.

339 5942 497 5997 pnes.
527 5945 579 5994 v,
618 5942 637 5981 ι
656 5942 703 5982 ι.
