3928 6410
623 426 757 493 1043

1821 430 2180 491 IIESYCIII!
2224 430 2697 491 PRESBYTERI

3723 430 3821 494 lilii

618 545 878 599 fornicari
913 560 942 599 a
975 544 1105 611 Deo,
1140 555 1194 600 et
1226 544 1506 600 adhaerere
1545 543 1867 615 intelligibili
1913 544 2147 615 principi
2183 561 2199 598 :
2231 549 2275 604 Α
2306 560 2398 597 nos
2429 561 2550 598 vero
2576 545 2763 607 lutum,
2791 552 2837 596 et
2870 552 2923 595 tu
2949 541 3099 610 fictor
3136 547 3334 604 noster,
3368 548 3417 593 et
3446 556 3597 609 opera
3624 557 3821 597 manuum

620 637 794 691 multo
825 637 996 707 magis
1027 647 1212 692 autem
1244 636 1311 693 de
1342 638 1522 692 medio
1553 637 1757 707 populi.
1788 636 1901 692 Hoc
1934 645 2019 691 est
2056 637 2202 691 enim

622 738 797 783 totum
839 745 1061 801 gregem
1109 730 1252 801 lupis
1292 729 1539 795 credere,
1572 738 1627 785 et
1671 744 1862 784 omnes
1900 743 2031 785 oves
2076 728 2206 783 feris

623 824 839 878 tradere
871 841 884 877 :
918 823 1187 894 siquidem
1218 825 1287 879 de
1326 824 1504 879 medio
1528 823 1717 895 populi
1746 822 1982 879 inimicis
2013 838 2206 894 rapere

622 916 1011 984 permittimus,
1054 926 1150 971 aut
1196 917 1243 971 si
1294 932 1518 971 manum
1572 916 1903 987 porrigimus
1949 915 2203 986 rapienti.

623 1004 728 1071 Qui
760 1007 906 1062 enim
952 1008 1229 1063 consentit
1262 1024 1275 1061 :
1308 1016 1364 1063 et
1396 1017 1540 1063 tacet
1578 1022 1838 1063 accusare
1877 1023 2002 1063 eum
2042 1023 2206 1077 quem

624 1115 854 1170 arguere
884 1114 1112 1155 necesse
1147 1109 1250 1164 est,
1288 1102 1373 1157 vel
1404 1101 1720 1168 admonere,
1752 1100 1837 1155 vel
1869 1101 2155 1171 increpare
2187 1120 2202 1158 :

625 1188 715 1243 hic
748 1204 857 1243 non
896 1189 1067 1261 fugiet
1100 1191 1347 1247 divinum
1383 1191 1674 1261 judicium.
1708 1190 1869 1246 Ponit
1903 1200 2084 1246 autem
2123 1191 2207 1245 fa-

625 1280 764 1335 ciem
809 1297 965 1336 suam
1019 1298 1186 1354 snper
1231 1300 1355 1339 eum
1405 1283 1549 1340 Deus
1596 1283 1742 1338 illam
1781 1284 1850 1339 de
1892 1300 1998 1354 qua
2040 1284 2208 1340 David

624 1370 842 1427 dicebat
868 1390 882 1427 :
918 1373 1096 1428 Vultus
1122 1384 1299 1429 autem
1326 1375 1539 1429 Domini
1567 1392 1725 1444 super
1762 1376 2011 1447 facientes
2039 1378 2207 1441 mala,

624 1472 683 1517 ut
712 1466 981 1532 disperdat
1027 1468 1091 1520 de
1129 1476 1270 1520 terra
1303 1468 1615 1521 memoriam
1648 1484 1826 1521 eorum
1857 1468 1923 1524 ⁷⁸⁸.
1959 1469 2076 1524 Νοη
2108 1488 2209 1525 so—

626 1556 738 1609 lum
766 1573 895 1627 ergo
924 1558 1017 1627 qui
1068 1559 1193 1613 talia
1241 1559 1468 1626 faciunt,
1497 1560 1594 1615 sed
1640 1569 1696 1614 et
1729 1561 1821 1630 qui
1858 1563 2213 1617 consentiunt
2252 1600 2255 1605 ι

624 1644 974 1707 facientibus,
1008 1647 1157 1701 sicut
1182 1645 1460 1702 Romanos
1506 1646 1705 1701 Paulus
1744 1648 1991 1704 scribens
2023 1666 2211 1720 repre-

626 1736 903 1790 hendebat
955 1737 1056 1791 sub
1104 1733 1268 1806 poena
1301 1738 1366 1804 ⁷³,
1399 1754 1521 1807 qua:
1564 1752 1710 1791 nunc
1756 1738 1898 1793 dicta
1946 1749 2030 1794 est
2063 1756 2092 1794 a
2135 1742 2205 1795 le-

627 1827 906 1897 gislature,
941 1827 1273 1883 efﬁciuntur.

699 1917 861 1973 Vens.
894 1920 1008 1974 6-8.
1058 1940 1075 1972 ι
1113 1921 1308 1976 Anima
1355 1938 1476 1991 quae
1516 1922 1876 1979 declinaverit
1917 1925 1982 1978 ad
2026 1941 2210 1996 magos

626 2020 684 2065 et
731 2013 797 2066 ad
847 2012 1070 2078 ariolos,
1103 2026 1157 2068 et
1209 2014 1474 2069 fornicata
1515 2014 1701 2081 fuerit,
1737 2032 1860 2071 cum
1899 2018 1979 2073 eis
2010 2034 2206 2088 ponam

625 2104 821 2159 faciem
873 2122 1048 2161 meam
1098 2117 1285 2162 contra
1331 2125 1473 2171 eam,
1505 2120 1560 2164 et
1601 2110 1922 2167 interﬁciant
1963 2113 2107 2168 illam
2142 2114 2209 2171 de

626 2198 809 2253 medio
840 2200 1045 2269 populi.
1079 2201 1531 2267 Sauctilicamini,
1557 2212 1612 2257 et
1650 2213 1825 2259 estote
1856 2206 2052 2271 Sancti,
2084 2208 2209 2276 quia

626 2306 727 2361 ego
753 2292 1012 2347 Dominus
1044 2294 1187 2347 Deus
1213 2306 1414 2349 vester.
1447 2296 1732 2351 Custodite
1757 2307 2025 2369 praecepta
2066 2316 2204 2364 mea,

626 2396 684 2440 et
716 2385 876 2440 facite
906 2401 991 2449 ea,
1021 2402 1119 2457 ego
1150 2385 1410 2441 Dominus
1442 2388 1534 2456 qui
1568 2389 1850 2444 sanetilico
1884 2407 2003 2445 vos.
2042 2410 2062 2443 ι

697 2475 814 2531 Non
868 2478 1248 2549 qualecunque
1303 2489 1587 2549 peccatum
1642 2496 1763 2537 esse
1816 2482 2089 2539 declinare
2140 2483 2209 2538 ad

626 2586 833 2641 magos,
888 2570 1003 2626 sive
1062 2580 1120 2626 ut
1169 2570 1333 2635 LXX,
1386 2573 1760 2645 uentriloquos,
1804 2578 1889 2630 vel
1937 2577 2209 2633 veneﬁcos

628 2661 979 2729 praediximus
1025 2679 1039 2717 :
1083 2662 1137 2715 in
1194 2672 1426 2732 utroque
1473 2664 1617 2717 enim
1669 2680 1699 2719 a
1750 2666 1861 2721 Deo
1916 2669 2204 2737 receditur,

627 2751 742 2806 sive
772 2750 1061 2806 seusibiles
1088 2752 1418 2823 Pytltonicos
1452 2767 1507 2811 et
1538 2757 1831 2823 veneﬁcos,
1857 2760 1974 2815 sive
2004 2762 2209 2816 intelli-

626 2841 819 2910 gibiles
853 2842 1023 2907 dicas,
1050 2842 1104 2897 id
1137 2854 1243 2907 est,
1276 2858 1370 2899 eos
1394 2846 1487 2915 qui
1538 2848 1760 2904 nomine
1790 2849 1884 2904 Dei
1917 2849 2047 2905 falsa
2082 2868 2211 2921 pro-

626 2935 872 3004 phetant,
919 2934 1263 3005 deceptores,
1312 2947 1369 2991 et
1424 2937 1756 3003 adulatores,
1809 2941 1901 3010 qui
1953 2944 2211 2999 veneﬁcis

629 3029 976 3083 sermonibus
1025 3031 1243 3086 auditus
1292 3030 1589 3087 multorum
1647 3046 2029 3107 corrumpunt,
2080 3046 2139 3093 ut
2178 3052 2209 3092 a

626 3120 853 3181 veritate
905 3121 1130 3192 quidem
1183 3122 1403 3178 auditus
1461 3132 1732 3192 avertant,
1778 3126 1845 3182 ad
1895 3127 2106 3184 fabulas
2155 3138 2210 3185 et

626 3228 867 3268 errorem
908 3223 1326 3278 convertuntur,
1368 3226 1424 3272 et
1461 3230 1747 3291 propterea
1785 3236 1989 3290 ponere
2015 3221 2207 3277 faciem

626 3322 779 3361 suam
810 3307 998 3376 iudex,
1036 3316 1091 3362 et
1128 3308 1443 3377 disperdere
1472 3326 1568 3366 eos
1598 3314 1665 3367 de
1697 3314 1896 3383 popqu
1932 3329 2032 3369 suo
2058 3329 2210 3371 com-

628 3401 867 3454 minatus
896 3409 999 3455 est.
1032 3400 1253 3456 Addidit
1279 3412 1462 3457 autem
1494 3421 1507 3457 :

699 3491 1140 3559 Sunctiﬁcamini,
1180 3502 1231 3547 et
1282 3504 1443 3547 estote
1484 3497 1675 3550 sancti.
1724 3496 2033 3553 Ostendens
2083 3502 2211 3571 quia

626 3592 893 3653 quotquot
924 3584 1044 3638 illos
1069 3584 1244 3639 secuti
1284 3596 1435 3651 sunt,
1469 3588 1656 3655 polluti
1686 3600 1830 3655 sunt,
1854 3601 1907 3645 et
1931 3592 2213 3647 abomina-

627 3674 785 3739 biles,
821 3684 985 3743 atque
1033 3674 1322 3739 immundi,
1378 3686 1569 3746 utpote
1612 3681 1705 3751 qui
1754 3683 2212 3740 abominabilibus

627 3767 830 3833 verbis,
872 3777 925 3822 et
949 3767 1133 3837 pravis
1156 3754 1501 3841 dogmatibus
1530 3787 1950 3831 consenserunt.
1984 3778 2211 3848 Insuper

626 3859 837 3915 addidit
870 3878 882 3912 :

698 3951 968 4005 Custodite
1000 3963 1259 4021 pracepta
1301 3969 1419 4008 mea
1453 3966 1501 4009 et
1529 3958 1687 4027 facile
1723 3976 1805 4012 ea.
1854 3958 2209 4017 Manifestans

628 4058 683 4100 et
730 4062 825 4113 per
873 4046 995 4108 hoc,
1032 4045 1178 4114 quod
1230 4047 1730 4116 praevaricationem
1783 4052 1856 4106 illi
1904 4064 2210 4125 praecepto-

628 4154 747 4191 rum
782 4138 876 4191 Dei
924 4137 1177 4199 doceant,
1223 4137 1338 4193 sive
1379 4140 1551 4211 legem
1599 4144 1852 4205 doceant,
1884 4146 1998 4200 sive
2026 4145 2206 4202 divina

628 4246 687 4284 se
726 4230 1073 4300 interpretari
1118 4230 1375 4287 mandata
1416 4234 1641 4303 ﬁngant,
1677 4244 1732 4289 et
1762 4250 2051 4306 pr0pterea
2090 4254 2205 4304 eos,

625 4333 683 4379 et
711 4338 970 4393 sequaces
997 4338 1189 4379 eorum
1225 4334 1527 4380 aversatur.
1579 4327 1686 4382 Sed
1721 4338 1776 4383 et
1819 4330 2041 4385 brevem
2075 4345 2208 4386 con-

627 4418 929 4475 clusionem
962 4414 1144 4470 verbis
1177 4416 1404 4479 addidit,
1433 4416 1625 4472 dicens
1658 4435 1671 4471 :

700 4511 810 4581 Ego
844 4509 1116 4571 Dominus,
1154 4502 1243 4579 qui
1275 4509 1544 4577 sanctiﬁco
1578 4526 1684 4564 vos.
1723 4508 1774 4564 ld
1807 4520 1909 4578 est,
1946 4528 2043 4567 cur
2081 4528 2203 4569 cum

2309 645 2523 688 tuarum
2556 650 2731 687 ontnes
2765 648 2857 685 nos
2884 632 2951 687 ⁷⁷.
2998 629 3164 684 Recte
3215 644 3351 701 ergo
3398 628 3689 698 quicunque
3723 635 3823 700 patri

2308 727 2565 789 detrahit.
2599 726 2694 781 sed
2725 735 2781 782 et
2822 726 3005 791 matri,
3042 731 3218 777 morte
3268 721 3529 775 multatus
3560 729 3655 774 est.
3688 720 3825 792 Ingra-

2310 822 2399 867 tus
2432 824 2516 868 est
2557 813 2703 868 enim
2735 818 2964 875 naturae,
3001 816 3058 863 et
3098 805 3487 863 benefactores
3527 806 3829 876 blasphemi,

2309 924 2407 978 per
2434 922 2573 977 quos
2602 921 2631 959 a
2663 904 2775 960 Deo
2805 919 2927 960 esse
2957 900 3354 972 percipientes,
3387 906 3445 953 et
3474 913 3569 969 per
3592 914 3715 967 quos
3745 915 3831 952 me-

2309 1002 2522 1056 diantes
2559 996 2801 1070 generati
2850 1011 3059 1057 sumus,
3091 1003 3147 1048 et
3174 992 3406 1063 injuriat
3431 989 3686 1045 Creatoris
3712 1006 3831 1061 erga.

2308 1109 2400 1156 na,
2432 1101 2493 1146 ut
2518 1091 2730 1146 labores
2760 1104 2896 1160 quos
2928 1089 3207 1158 patiuntur
3237 1086 3294 1140 in
3330 1092 3518 1138 nostra
3545 1084 3828 1154 generatione

2310 1195 2608 1247 taceamus,
2634 1198 2758 1236 nam
2786 1182 2911 1251 quia
2934 1180 3225 1235 maximam
3257 1191 3478 1247 poenam
3507 1182 3683 1229 contra
3706 1174 3826 1236 hunc,

2309 1277 2399 1346 qui
2444 1275 2755 1345 lmjusmodi
2788 1284 2889 1341 est,
2928 1274 2979 1328 id
3011 1280 3096 1327 est
3126 1280 3365 1326 mortem
3403 1268 3668 1339 praecepit,
3694 1278 3826 1322 osten~

2308 1370 2468 1435 dens,
2500 1371 2627 1440 quia
2680 1369 2834 1423 valde
2881 1376 3047 1431 recte,
3090 1376 3146 1420 et
3190 1362 3589 1418 rationabiliter
3629 1361 3762 1415 talem
3790 1377 3827 1417 se

2311 1479 2487 1533 poena:
2522 1462 2808 1532 scripsisse
2839 1459 3192 1523 sententiam,
3220 1455 3431 1511 subdit.

2382 1554 2535 1608 Patri
2582 1555 2844 1624 matrique
2877 1552 3168 1613 maledixit,
3200 1549 3421 1619 sanguis
3463 1547 3571 1616 ejus
3606 1546 3690 1599 erit
3721 1562 3827 1614 super

2312 1665 2447 1703 eum.
2492 1646 2587 1701 Vel
2621 1647 2764 1702 sicut
2796 1644 2960 1706 LXX,
2986 1662 3105 1699 reus
3135 1654 3211 1697 est
3246 1643 3319 1695 ad
3348 1639 3761 1710 satisfaciendum.
3783 1640 3825 1691 de

2315 1758 2492 1812 paena:
2526 1739 2900 1812 magnitudine
2931 1738 3269 1793 mentionem
3305 1744 3361 1789 et
3397 1732 3824 1803 recapitulationem

2318 1834 2527 1890 faciens
2560 1835 2791 1905 peccati.
2841 1832 2901 1886 Si
2944 1846 3073 1903 ergo
3117 1830 3237 1885 lucc
3276 1829 3330 1881 in
3364 1842 3450 1888 eo,
3479 1825 3566 1895 qui
3609 1824 3824 1879 sensibiles

2320 1928 2598 1982 maledixit
2619 1936 2824 1998 patres,
2849 1925 3020 1979 multo
3048 1923 3219 1993 magis
3249 1920 3345 1990 qui
3373 1918 3695 1989 blaspliemat
3716 1916 3825 1969 Clui-

2317 2030 2484 2084 stum,
2522 2020 2638 2090 ipse
2669 2019 2815 2073 enim
2856 2033 2957 2071 nos
2991 2014 3312 2087 spiritaliter
3343 2008 3680 2082 regeneravit.
3711 2008 3824 2077 Igitur

2316 2114 2405 2182 qui
2452 2111 2573 2181 ejus
2616 2110 2958 2180 mysterium,
2993 2116 3047 2160 et
3082 2104 3309 2177 gratiam
3351 2100 3570 2171 injuriat
3597 2097 3824 2166 baptisma-

2318 2207 2417 2269 tis,
2470 2220 2579 2259 non
2633 2202 2892 2257 obediens
2942 2199 3062 2255 voci
3116 2195 3421 2251 Dominicze
3473 2190 3579 2245 :Si
3622 2190 3718 2260 quis
3755 2205 3821 2239 tua

2317 2298 2475 2368 fuerit
2508 2304 2844 2367 regeneratus
2874 2310 2937 2347 ea:
2965 2308 3104 2363 aqua
3132 2300 3180 2344 et
3212 2289 3427 2358 spiritu,
3461 2301 3559 2338 non
3588 2282 3764 2336 intrabit
3786 2282 3821 2331 is

2316 2404 2533 2453 reauum
2583 2387 2826 2441 caelorum
2857 2385 2927 2449 ⁷⁸,
2961 2384 3051 2437 hic
3102 2390 3279 2435 morte
3329 2376 3586 2433 morietur
3630 2373 3817 2444 pessima.

2316 2483 2585 2536 alienatus
2631 2496 2660 2534 a
2703 2494 2871 2552 regno
2918 2478 3202 2539 cwlorum,
3235 2483 3292 2528 et
3324 2482 3538 2527 aeternae
3564 2469 3675 2523 vita:
3700 2467 3816 2520 detri-

2316 2585 2560 2631 mentum
2607 2574 2906 2637 sustinens,
2939 2570 3032 2641 qui
3082 2577 3137 2623 et
3171 2574 3462 2637 propterea
3503 2575 3620 2615 reus
3648 2566 3729 2619 est,
3756 2557 3814 2624 qui

2314 2669 2647 2739 praedicante
2702 2665 2952 2729 Domino,
3009 2671 3063 2717 et
3114 2659 3448 2731 praedicante
3489 2652 3614 2708 nihil
3656 2651 3811 2705 durum.

2315 2778 2419 2818 nec
2457 2777 2640 2834 grave,
2676 2775 2854 2829 neque
2890 2757 3038 2828 quod
3087 2751 3375 2823 temporis,
3406 2758 3461 2804 et
3506 2744 3729 2803 materia,
3754 2750 3814 2834 aut

2315 2832 2482 2919 artis,
2544 2862 2639 2908 aut
2701 2850 3005 2921 disciplinae
3064 2854 3289 2917 egeret,
3360 2841 3451 2896 sed
3517 2832 3811 2893 tantummodo

2315 2944 2505 3000 mundi
2562 2941 2767 3008 cordis,
2817 2950 2873 2995 et
2927 2937 3073 3002 ﬁdei,
3123 2936 3228 2990 istc
3283 2940 3479 3005 sponte
3527 2929 3623 2983 hoc
3668 2925 3810 2979 donum

2316 3048 2599 3096 aversatus
2626 3046 2731 3094 est.

2388 3127 2551 3185 Vens.
2585 3128 2671 3183 l0.
2714 3146 2731 3179 ι
2766 3124 2824 3181 Si
2869 3121 3173 3178 mt‘ecltatus
3218 3116 3343 3188 quis
3376 3111 3535 3169 fuerit
3562 3122 3669 3164 cum
3694 3117 3807 3158 uxore

2316 3222 2560 3287 alterius,
2616 3230 2671 3275 et
2716 3216 3039 3274 adulterium
3099 3206 3493 3282 perpetraverit
3540 3216 3647 3260 cum
3691 3209 3805 3251 uxore

2318 3314 2548 3385 proximi
2600 3313 2705 3379 sui,
2740 3320 2916 3369 morte
2955 3307 3223 3363 moriatur
3268 3311 3323 3360 et
3375 3299 3604 3356 mmchus
3632 3302 3677 3348 et
3702 3288 3805 3344 adul-

2316 3418 2511 3463 tera.»
3485 3484 3491 3485 γ

2388 3500 2501 3555 Nec
2529 3508 2719 3555 contra
2745 3497 2890 3552 hunc
2916 3494 3072 3560 dura,
3096 3492 3190 3549 sed
3220 3491 3333 3545 imo
3361 3484 3524 3557 magis
3550 3477 3685 3535 nimis
3706 3477 3804 3543 iusta

2314 3593 2524 3649 exstitit
2566 3592 2676 3647 lex.
2718 3590 2854 3645 Cum
2904 3589 3094 3643 liceret
3144 3584 3295 3639 enim
3345 3576 3602 3652 propriam
3640 3576 3799 3664 uxorettt

2315 3688 2537 3750 habere,
2573 3682 2873 3754 corrumpit
2912 3680 3138 3735 alterius
3172 3697 3185 3731 :
3226 3691 3352 3732 cum
3395 3673 3571 3727 liceret
3606 3663 3652 3718 in
3684 3663 3795 3753 casti.-

2315 3790 2422 3835 tatc
2475 3778 2703 3842 nubere,
2738 3784 2794 3830 et
2852 3775 2905 3829 in
2962 3769 3397 3829 sanctiﬁcatione
3450 3756 3651 3833 propria:
3686 3760 3783 3802 uron

2313 3867 2617 3922 secundum
2669 3867 2839 3935 legem
2891 3861 3130 3923 misceri,
3163 3860 3217 3914 in
3254 3850 3623 3927 impudicitiam
3648 3849 3778 3936 el

2314 3960 2624 4030 ruptionem
2655 3928 2881 4013 alterius
2916 3956 3178 4010 miscetur
3202 3950 3381 4013 uxori,
3411 3955 3464 4001 et
3494 3938 3677 4006 dissipat
3696 3928 3782 4030 filio-1

2311 4067 2432 4106 rum
2458 4048 2861 4115 successiones,
2896 4046 3233 4113 dubiumque
3276 4035 3511 4096 mulieris
3542 4036 3720 4101 parum],
3744 4015 3790 4069 ad

2311 4159 2472 4212 quem
2508 4142 2801 4214 pertineat,
2834 4140 2982 4195 facit.
3014 4136 3120 4192 Sed
3150 4144 3207 4191 et
3251 4141 3522 4206 postquam
3549 4121 3664 4179 dixit,
3696 4127 3789 4164 ma-

2312 4238 2494 4291 c/tatus
2525 4237 2683 4307 fuerit
2716 4251 2835 4288 cum
2862 4248 3023 4286 uxore
3051 4230 3293 4293 alterius,
3326 4222 3520 4281 addidit
3543 4233 3563 4309 :_
3641 4300 3650 4309 '

2380 4328 2449 4382 Et
2478 4327 2813 4381 adulteratus
2838 4323 2997 4395 fuerit
3026 4338 3143 4375 cum
3168 4335 3334 4373 ua‘ore
3358 4307 3566 4387 proximi
3587 4300 3665 4395 sui.
3687 4292 3791 4391 Tall'

2310 4435 2472 4491 quam
2521 4419 2659 4473 alter
2704 4418 2775 4472 sit
2817 4392 2928 4481 ille,
2958 4415 3095 4469 alter
3123 4421 3307 4467 autem
3348 4407 3433 4462 hic
3460 4396 3584 4491 quod

2311 4470 2624 4563 iiullatenus
2666 4470 2927 4576 possunt;
2954 4501 3046 4572 qui
3099 4498 3400 4555 secundum
3440 4490 3640 4544 litteram
3672 4470 3791 4576 solam

626 4605 712 4661 his
747 4604 839 4673 qui
870 4603 975 4656 alia
1007 4609 1197 4657 contra
1231 4617 1407 4657 meam
1435 4602 1627 4672 legem,
1652 4612 1747 4657 aut
1782 4620 1959 4660 meam
1998 4606 2205 4661 doctri-
2237 4606 2282 4663 D
2311 4603 2483 4673 legem
2514 4600 2789 4671 accipiunt
2822 4616 2835 4651 ε
2869 4597 2964 4652 εὲἀ
2994 4595 3279 4650 invenient
3306 4590 3379 4645 illi
3408 4584 3490 4655 (llli
3516 4578 3573 4634 ad
3598 4564 3790 4673 morale?

625 4710 751 4749 nam
785 4694 997 4757 dicunt,
1036 4692 1505 4763 corrumpemiui?
1537 4692 1647 4761 Ego
1687 4696 1833 4749 enim
1866 4712 1985 4751 sum
2022 4696 2205 4753 Domi-

624 4803 751 4853 nus,
782 4786 877 4856 qui
910 4800 1007 4840 vos
1036 4785 1337 4847 sanctiﬁco,
1370 4793 1425 4838 et
1458 4785 1642 4839 nullus
1673 4784 1979 4853 hominum,
2018 4805 2122 4845 nec
2159 4791 2202 4844 si

624 4879 948 4948 prOphetam
972 4891 1030 4931 se
1061 4891 1183 4930 esse
1204 4876 1367 4939 dicat,
1391 4891 1493 4930 nec
1518 4876 1561 4929 si
1592 4878 1892 4947 quamlibet
1920 4881 2203 4937 scientiam

623 4968 928 5039 promittat,
958 4967 1064 5021 nisi
1097 4966 1259 5028 forte,
1283 4982 1404 5035 qua:
1432 4982 1551 5021 mea
1575 4980 1705 5025 sunt
1730 4970 1949 5035 dixerit,
1974 4980 2029 5026 et
2057 4988 2086 5027 a
2118 4987 2205 5028 me

624 5060 917 5129 acceperit,
946 5068 1003 5113 et
1027 5073 1183 5112 meus
1214 5057 1447 5127 Spiritus
1478 5059 1533 5113 in
1564 5076 1631 5116 eo
1658 5072 1913 5131 operatus
1943 5065 2131 5120 fuerit.

698 5153 857 5207 Vens.
890 5153 945 5207 9.
984 5170 1002 5202 ι
1036 5151 1141 5217 Qui
1182 5151 1524 5207 maledixerit
1576 5156 1717 5224 patri
1772 5172 1873 5211 suo
1920 5166 1976 5211 et
2020 5158 2202 5224 matri,

623 5252 800 5299 morte
847 5241 1132 5295 moriatur.
1179 5240 1283 5306 Qui
1332 5242 1470 5311 patri
1524 5245 1795 5315 matrique
1838 5244 2201 5311 maledixerit,

590 5378 593 5379 ν
624 5349 849 5405 sanguis
883 5335 1003 5402 ejus
1035 5334 1104 5386 sit
1141 5349 1307 5403 super
1336 5351 1484 5389 cum.
1526 5354 1545 5387 ι

695 5426 825 5481 Sive
854 5435 913 5480 ut
958 5426 1119 5493 LXX,
1151 5444 1271 5480 reas
1302 5436 1396 5491 est,
1443 5436 1505 5483 ut
1546 5428 1652 5483 hoc
1695 5443 1894 5483 nomen
1925 5428 1992 5482 ad
2023 5430 2200 5500 ipsum

625 5520 797 5575 lteum
848 5520 1137 5575 referatur.
1198 5520 1489 5577 Malaclrias
1536 5521 1681 5575 enim
1733 5521 1870 5577 dixit
1906 5539 1919 5575 :
1953 5522 2205 5594 Nunquid

621 5630 727 5669 non
777 5613 913 5673 Deus
972 5631 1104 5669 unus
1160 5616 1279 5685 fecit
1336 5616 1457 5669 vos?
1496 5615 1731 5685 nunquid
1773 5625 1925 5686 pater
1970 5619 2203 5671 omnium

620 5718 789 5764 vester
824 5709 906 5761 ⁷θῖ
934 5709 1002 5763 Et
1037 5723 1232 5763 rursus
1264 5726 1278 5763 :
1310 5708 1551 5775 Domine,
1606 5717 1758 5777 pater
1812 5718 1985 5764 noster
2024 5726 2077 5762 es
2123 5721 2199 5774 tu,

696 5843 737 5912 Ϊξ
762 5842 904 5912 Dsal.
939 5859 1131 5907 χχχιιι,
1166 5839 1250 5899 l7.
1327 5838 1375 5879 τ’
1405 5841 1563 5900 Rom.
1598 5861 1635 5912 1,
1666 5845 1754 5900 52.

623 5907 668 5943 ⁸⁸
694 5908 737 5965 ιι
765 5911 888 5968 Cor.
916 5928 994 5978 xi,
1024 5913 1078 5967 2.

1833 5847 1878 5878 "
1914 5844 2142 5902 Malach.
2169 5863 2234 5911 tt,
2270 5846 2352 5899 10.

2311 4663 2649 4750 ἰηῖειιροιιιιῐι
2680 4702 2737 4747 et
2765 4690 3285 4760 contemplationem
3318 4676 3588 4754 spiritalem
3607 4663 3789 4760 currunt.

2307 4788 2584 4854 Quantum
2634 4801 2766 4857 ergo
2818 4783 3080 4839 sensibile
3137 4776 3458 4836 adulterium
3510 4754 3789 4857 Πιίιιυίηξδξξ

2311 4836 2520 4934 lautum
2552 4887 2636 4933 est
2669 4836 3011 4947 idtelligibile
3040 4874 3304 4929 deterius.
3354 4867 3478 4923 Nam
3507 4836 3787 4947 illic-amuli!

2307 4983 2488 5026 autem
2520 4969 2733 5041 spiritui
2777 4942 3162 5024 contumeliam
3192 4964 3395 5018 faciunt
3429 4973 3442 5010 :
3468 4960 3517 5007 el
3543 4946 3590 5041 lli
3617 4942 3785 5041 hgm'f‘f:

2307 5064 2380 5117 illi
2411 5028 2596 5118 autem
2634 5061 2736 5133 ipsi
2769 5060 2899 5126 Deo,
2931 5060 2999 5114 de
3038 5057 3239 5129 quibus
3282 5054 3441 5110 Oseas
3470 5039 3621 5098 dixit:
3651 5028 3786 5133 Οξτξηξξ

2307 5157 2671 5209 adulterantes
2713 5154 2865 5225 quasi
2913 5151 3148 5205 clibanus
3186 5158 3447 5203 succensus
3472 5153 3501 5190 α
3532 5124 3783 5249 “illum”;

2422 5247 2429 5249 _
2612 5246 2655 5249 __
2737 5244 2747 5249 -
2787 5244 2800 5249 -
2846 5243 2859 5249 -
2955 5242 2966 5249 .
3098 5240 3109 5249 .
3212 5240 3262 5249 ..-
3304 5234 3411 5249 "an,
3452 5225 3706 5249 ---..nnnci

2306 5247 2461 5301 corde
2488 5262 2583 5299 suo
2612 5246 2680 5299 "’.
2722 5216 3066 5299 Adulterium
3097 5234 3421 5310 intelligibile
3447 5227 3671 5310 accusans
3696 5225 3714 5310 τ’

2304 5339 2453 5392 omni
2497 5337 2644 5393 enim
2690 5336 2891 5407 populo
2934 5334 3247 5390 Iudaeorum
3273 5304 3381 5385 boc
3410 5304 3779 5411 εοωιιξίίξθδξξυξς

2312 5395 2708 5501 εοττυῐηρθηῑθ.
2749 5395 2922 5501 legem
2974 5427 3215 5499 legisque
3254 5423 3501 5493 dogmata.

2306 5539 2437 5592 ergo
2465 5487 2610 5577 illi-us
2636 5522 2760 5586 viri,
2792 5487 2860 5577 de
2886 5537 2994 5592 quo
3019 5487 3094 5575 Su
3123 5487 3356 5574 i’aulus':
3382 5494 3608 5573 Πεδροηάί

2308 5616 2438 5677 viro.
2470 5615 2723 5684 virginem
2761 5623 2962 5666 castam
2993 5612 3231 5666 exhibere
3260 5604 3447 5663 Christo
3464 5595 3524 5657 ⁸⁸,
3548 5576 3779 5684 Ψίθθδίίιυῗ

2308 5707 2611 5774 mulierem,
2660 5707 2913 5763 videlicet
2956 5706 3275 5768 Ecclesiam,
3317 5700 3377 5755 de
3415 5705 3505 5763 qua
3541 5679 3653 5737 idem
3688 5669 3771 5717 ειι·

3319 5838 3365 5893 5,
3444 5826 3481 5859 το
3499 5820 3613 5876 Osee
3638 5816 3708 5864 vn,
3734 5792 3770 5846 ‘-

2432 5844 2476 5877 "
2502 5844 2605 5900 lsa.
2638 5861 2777 5911 thv,
2814 5845 2864 5900 8.
2945 5847 2990 5880 ⁷³
3020 5844 3180 5902 Joan.
3217 5859 3290 5907 Ill,
