3928 6450
63 399 214 467 1045

1279 410 1362 471 ΙΝ
1402 409 1842 473 LEVITICUM.
1874 433 1945 445 -
1982 409 2130 471 LIB.
2162 410 2262 471 VI.

3262 410 3398 475 1046

61 521 207 584 Viri,
244 524 529 598 diligite,
562 530 803 582 mulieres
842 536 1061 593 vestras,
1101 528 1255 615 sicut,
1283 538 1331 582 et
1371 526 1607 585 Christus
1638 529 1720 581 di-
1748 534 1793 588 Α
1819 526 2175 597 delinquitur,
2217 527 2347 582 illud
2394 536 2576 583 autem
2612 528 2667 583 in
2711 527 2878 583 ﬁlium
2913 544 2945 583 a
2979 538 3157 599 patre.
3199 527 3404 586 Similis

58 614 197 667 (erit
250 616 699 677 I'Icrlesiam“.
747 621 814 676 Et
862 637 1094 677 rursus:
1126 614 1412 691 Propterea
1460 621 1716 690 relinquet

55 709 226 760 homo
264 722 527 777 patrem
555 724 602 767 et
631 723 876 780 matrem,
912 725 960 769 et
998 716 1279 769 adhaerebit
1319 716 1474 770 uxori
1511 731 1639 775 siue.
1668 724 1717 768 et

56 809 226 852 erant
292 804 431 857 duo
491 808 546 860 in
588 823 747 860 carne
790 824 918 862 una.
967 807 1368 863 Sacramentum
1414 818 1592 862 autem
1626 810 1720 863 hoc

60 911 359 961 magnum
399 909 515 952 est.
555 898 666 969 Ego
696 909 873 954 autem
903 901 1018 954 dico
1050 902 1106 955 in
1133 900 1341 957 Christo
1371 913 1418 956 et
1459 904 1513 957 in
1542 903 1721 958 Eccle-

60 983 147 1037 sia
183 984 267 1037 ⁸³.
322 984 665 1043 Μωςιιειιυδ
712 999 895 1045 autem
935 990 1115 1045 verbis
1157 991 1428 1060 turpibus,
1469 992 1721 1048 dissemi-

65 1093 215 1131 nans
243 1078 308 1131 in
341 1094 432 1134 ea
465 1082 773 1137 doctrinam
805 1082 1103 1152 propriam,
1122 1094 1303 1137 etnon
1329 1083 1553 1147 Christi,
1580 1084 1721 1140 sicut

71 1170 145 1222 ait
194 1168 484 1240 Paulus,
513 1176 680 1244 turpis
716 1174 848 1228 lucri
872 1175 1048 1245 gratia
1078 1175 1146 1237 ⁸³,
1178 1204 1251 1215 -
1278 1184 1441 1229 morte
1464 1176 1723 1230 moriatur

80 1275 117 1315 et
165 1264 461 1319 machus
505 1282 555 1320 et
596 1267 861 1320 adultera.
896 1266 954 1320 ld
998 1276 1104 1329 est,
1129 1267 1217 1337 qui
1263 1267 1497 1321 alienum
1530 1283 1713 1338 super-

78 1354 344 1409 seminat
388 1359 661 1423 verbum,
705 1368 763 1415 et
803 1360 1069 1426 Ecclesia,
1101 1376 1222 1429 quae
1261 1361 1315 1414 in
1350 1362 1475 1415 talia
1519 1362 1722 1432 patitur

81 1447 410 1505 seminari.
458 1451 616 1505 Hanc
644 1452 813 1517 enim,
847 1452 988 1507 sicut
1017 1452 1278 1517 diximus,
1311 1468 1532 1508 uxorem
1566 1454 1725 1508 intel-

80 1539 368 1608 ﬁgamus.
432 1540 685 1597 Primum
732 1544 953 1613 quidem
1008 1543 1124 1598 veri
1176 1544 1422 1615 conjugis
1472 1545 1727 1600 videlicet

83 1630 335 1695 Christi,
398 1634 617 1689 deinde
667 1647 723 1689 et
772 1636 1061 1707 conjugem
1112 1636 1252 1705 ejus,
1296 1638 1381 1692 cui
1434 1654 1465 1692 a
1509 1636 1727 1694 Christo

85 1726 313 1779 credita
353 1737 467 1782 est
498 1726 741 1783 Ecclesia
794 1728 1117 1791 sacerdotis,
1150 1738 1245 1784 aut
1284 1729 1424 1785 forte
1463 1730 1721 1785 doctoris.

89 1818 409 1887 Quotquot
470 1821 617 1875 enim
662 1821 968 1877 :emulando
1015 1822 1316 1886 Christum,
1357 1830 1412 1877 et
1456 1823 1522 1877 ad
1564 1838 1723 1878 suum

94 1910 293 1964 odium
354 1913 610 1966 verbum
666 1923 1063 1983 corrumpunt,
1118 1914 1261 1970 circa
1319 1915 1724 1987 naufragantes,

97 1999 241 2054 sicut
274 1999 640 2071 Hymenaeus
672 2012 726 2057 et
757 2003 1079 2069 Alexander,
1112 2020 1250 2075 quos
1284 2005 1508 2061 tradidit
1533 2005 1731 2061 Paulus

101 2092 336 2146 Satanae
356 2091 448 2125 ⁸³·
469 2132 485 2156 ,
510 2101 570 2146 nt
620 2093 897 2148 discerent
935 2110 1049 2148 non
1077 2095 1485 2165 blasphemare,
1536 2097 1729 2151 horum

103 2184 475 2239 adulterium
514 2186 569 2239 in
604 2201 891 2255 personam
922 2185 1126 2241 Christi
1159 2196 1461 2257 reputatur.
1484 2186 1732 2254 Quicun-

107 2292 216 2346 que
250 2287 473 2332 autem
509 2278 856 2332 aemulatione
889 2278 1195 2335 hominum.
1223 2281 1314 2349 qui
1345 2280 1605 2351 regendas
1629 2281 1732 2334 Ec-

109 2369 318 2424 clesias
352 2380 502 2425 sunt
531 2370 732 2433 sortiti,
756 2371 861 2425 tale
886 2372 1167 2442 quidpiam
1196 2372 1423 2437 faciunt,
1451 2382 1512 2428 ut
1539 2388 1731 2429 eorum

118 2464 456 2519 doctrinam
500 2466 792 2529 subruaut,
832 2467 977 2536 quod
1011 2465 1212 2522 Paulus
1240 2468 1609 2524 Alexandrum
1649 2469 1732 2525 fe-

120 2556 261 2610 cisse
320 2557 479 2609 dixit
518 2557 790 2617 aerarium.
830 2560 907 2612 ait
952 2559 1098 2614 enim
1128 2578 1142 2614 :
1169 2560 1467 2616 Alexander
1510 2563 1732 2617 wrarius

128 2648 297 2699 multa
340 2647 501 2701 mala
539 2648 665 2701 mihi
694 2650 940 2712 ostendit,
986 2650 1162 2704 reddet
1192 2651 1240 2703 ei
1274 2650 1525 2705 Dominus
1549 2669 1734 2706 secun-

132 2745 252 2791 dum
303 2756 484 2809 opera
534 2757 654 2806 sua,
700 2757 853 2810 quem
901 2750 949 2795 et
997 2751 1055 2794 tu
1091 2743 1286 2805 devita,
1334 2742 1556 2796 multum
1595 2744 1735 2797 enim

140 2834 327 2886 restitit
350 2834 537 2888 verbis
559 2836 749 2887 nostris
778 2834 846 2889 “.
875 2836 1080 2889 Horum
1108 2836 1434 2891 adulterium
1466 2837 1520 2890 in
1549 2836 1733 2907 proxi-

147 2939 287 2977 mum
320 2933 643 2993 reputatur,
668 2941 792 2979 cum
835 2926 1117 2980 sacerdote
1158 2926 1427 2991 videlicet,
1462 2926 1577 2982 sive
1606 2943 1735 2983 con-

155 3015 399 3082 ductore,
433 3027 661 3088 propter
697 3019 855 3087 cujus
888 3020 1310 3084 aemulationem,
1346 3020 1412 3074 ad
1448 3020 1608 3075 talem
1653 3022 1735 3073 in—

159 3107 415 3176 justitiam
481 3110 851 3182 progreditur.
901 3111 1007 3167 Sed
1054 3121 1111 3165 et
1160 3112 1323 3182 hujus
1371 3127 1531 3181 pruna
1588 3127 1735 3167 mors

1819 630 2001 673 autem
2035 619 2289 690 impietas
2320 632 2401 676 est
2434 622 2603 676 ﬁlium
2634 624 2805 693 patris
2836 624 2919 677 sui
2949 623 3251 687 denudare,
3286 623 3405 679 sive

1819 709 2106 765 dilfamare
2143 721 2449 780 peccatum,
2480 728 2605 766 cum
2646 721 2699 766 et
2734 713 2834 782 ipsi
2872 714 2925 766 in
2967 712 3239 767 similibus
3265 713 3407 767 deli-

1820 805 2062 875 querint.
2119 803 2201 858 Ad
2255 821 2394 874 quos
2442 805 2643 860 Paulus
2678 805 2892 860 dicebat
2940 823 2954 859 :
3003 805 3232 874 Propter
3272 806 3410 876 quod

1820 898 2191 952 inexcusabilis
2237 914 2310 961 es,
2343 914 2372 950 o
2408 897 2563 952 homo
2590 898 2758 951 omnis
2796 899 2885 968 qui
2921 897 3139 967 judicas
3162 915 3181 963 ;
3205 900 3261 952 in
3307 916 3409 969 quo

1822 990 1962 1044 enim
1986 990 2154 1044 alium
2170 990 2408 1059 judicas,
2434 992 2655 1061 teipsum
2682 992 3022 1056 condemnas,
3052 994 3237 1046 eadem
3270 993 3409 1045 enim

1824 1080 1960 1151 agis,
1993 1089 2040 1133 et
2067 1080 2287 1149 judicas
2316 1080 2386 1134 ⁸⁸.

1899 1172 2062 1226 Vens.
2117 1172 2201 1227 15.
2238 1191 2255 1223 ι
2292 1170 2397 1239 Qui
2453 1172 2739 1228 dormierit
2791 1190 2915 1229 cum
2971 1174 3214 1230 masculo
3262 1175 3408 1230 coitu

1826 1263 2085 1330 femineo,
2123 1262 2354 1333 uterqu'e
2404 1276 2662 1335 operatus
2706 1276 2789 1322 est
2834 1267 3007 1332 nefas,
3058 1278 3235 1323 morte
3278 1282 3410 1321 mo-

1825 1357 2037 1411 riantur
2067 1375 2081 1413 :
2116 1358 2188 1411 sit
2217 1364 2442 1428 sanguis
2472 1375 2663 1414 eorum
2694 1375 2861 1431 super
2889 1376 3003 1415 eos.
3041 1379 3059 1411 ι

1896 1448 2033 1515 Quia
2079 1448 2278 1519 injuria
2322 1458 2531 1505 natura:
2568 1460 2655 1505 est
2688 1451 2793 1506 hoc
2822 1461 3131 1522 peccatum,
3169 1452 3411 1507 ostendit

1826 1551 1935 1595 tam
1979 1541 2193 1596 novitas
2218 1540 2358 1609 ejus,
2391 1557 2557 1612 quam
2599 1542 2832 1598 facinus.
2874 1544 3018 1616 Ergo
3060 1559 3168 1599 non
3209 1544 3409 1599 frustra

1824 1649 2042 1705 poenam
2075 1634 2130 1687 in
2163 1634 2258 1688 illo
2292 1634 2486 1688 mortis
2516 1634 2599 1689 lex
2635 1634 2903 1691 decernit.
2945 1636 3056 1690 Nos
3090 1645 3274 1690 autem
3307 1636 3413 1690 hu-

1822 1726 2059 1795 jusmodi
2094 1735 2150 1780 et
2187 1726 2377 1781 auditu
2415 1742 2754 1783 aversamur.
2801 1729 3103 1784 Caveamus
3132 1738 3315 1785 autem
3358 1738 3411 1784 et

1826 1834 1951 1873 eum
1997 1819 2087 1889 qui
2141 1818 2299 1874 fortis
2350 1829 2434 1874 est
2484 1820 2688 1884 anima,
2729 1830 2892 1891 atque
2936 1820 3059 1875 ideo
3107 1821 3412 1890 appellatur

1830 1910 2135 1976 masculus,
2183 1909 2268 1965 vir
2322 1910 2467 1965 enim
2520 1910 2722 1981 ubique
2778 1912 2831 1965 in
2886 1912 3072 1967 divina
3128 1910 3411 1979 Scriptura

1830 2007 2106 2079 perfectus
2130 2007 2423 2063 virtutibus
2451 2009 2788 2072 nominatur,
2818 2009 2965 2064 unde
2990 2017 3043 2063 et
3070 2007 3270 2062 Paulus
3298 2007 3411 2065 ait:

1828 2101 2005 2155 Donec
2058 2117 2399 2157 occurramus
2448 2118 2625 2156 omnes
2674 2103 2733 2155 in
2784 2103 2958 2156 virum
3010 2102 3320 2171 perfectum,
3358 2102 3415 2155 in

1829 2209 2107 2261 personam
2157 2194 2331 2247 atatis
2378 2194 2725 2263 plenitudinis
2774 2192 2972 2249 Christi
3006 2194 3075 2250 ⁸⁷.
3113 2192 3414 2249 Cavcamus

1830 2300 1961 2356 ergo
1994 2283 2178 2339 verbis
2226 2284 2544 2357 incongruis
2576 2285 2917 2350 etfeminare,
2952 2285 3038 2341 vel
3081 2285 3412 2348 actionibus,

1830 2389 1886 2435 et
1921 2379 2222 2434 dissolvere
2260 2381 2425 2451 hujus
2458 2380 2655 2435 anima:
2695 2380 2976 2446 virtutem,
3017 2380 3145 2435 dum
3192 2395 3315 2434 cum
3348 2396 3415 2433 co

1831 2467 2085 2523 videlicet
2112 2478 2169 2524 et
2195 2485 2297 2525 nos
2328 2469 2717 2524 dissolvantur.
2748 2470 3044 2534 Utriusque
3073 2469 3243 2535 enim,
3272 2469 3415 2524 sicut

1832 2555 2035 2622 cernis,
2078 2572 2239 2626 poma
2276 2572 2424 2611 mors
2458 2564 2561 2611 est.

1904 2646 2068 2704 Vens.
2123 2648 2210 2703 H.
2251 2666 2271 2699 ι
2315 2646 2417 2714 Qui
2469 2662 2634 2718 supra
2684 2663 2910 2704 uxorem
2962 2648 3151 2714 ﬁliam,
3197 2648 3416 2703 duxerit

1833 2749 2064 2795 matrem
2115 2741 2258 2811 ejus,
2312 2742 2493 2796 scelus
2547 2751 2807 2812 operatus
2850 2751 2953 2807 est,
3000 2742 3158 2796 vivus
3203 2741 3416 2796 ardebit

1832 2846 1957 2885 cum
1989 2829 2093 2894 eis,
2129 2846 2233 2885 nec
2286 2832 2629 2902 permanebit
2679 2839 2890 2887 tantum
2940 2831 3097 2888 nefas
3137 2832 3192 2886 in
3234 2832 3415 2887 medio

1834 2922 2023 2979 vestri.
2066 2942 2086 2974 ι

1905 3012 2078 3067 Nimis
2110 3020 2260 3067 recte
2298 3012 2377 3067 sic
2412 3027 2612 3067 saevam
2642 3026 2859 3083 poenam
2897 3010 3021 3066 huic
3062 3010 3300 3065 minatus
3330 3018 3416 3064 est

1836 3104 2056 3169 delicto,
2086 3119 2182 3159 eos
2214 3104 2364 3159 enim
2406 3104 2495 3174 qui
2536 3119 2604 3159 ex
2648 3114 2822 3159 matre
2852 3102 3017 3175 geniti
3051 3112 3196 3170 sunt,
3230 3103 3299 3158 ab
3329 3105 3416 3157 his

174 3210 244 3254 est
271 3204 467 3273 ;quia,
504 3204 608 3257 etsi
665 3220 773 3259 non
830 3205 1141 3274 specialiter
1191 3214 1379 3259 contra
1429 3204 1730 3269 Christum,
1761 3236 1804 3293 ο
1836 3198 1927 3267 qui
1959 3212 1990 3251 a
2021 3196 2129 3251 ﬁlia
2153 3197 2323 3269 geniti
2352 3207 2501 3263 sunt,
2524 3210 2647 3252 cum
2676 3212 2819 3251 unus
2846 3197 2914 3251 sit
2938 3207 3112 3267 pater,
3142 3196 3415 3251 incertum

179 3302 335 3349 tamen
357 3305 554 3350 contra
580 3296 857 3351 hominem
885 3298 1243 3362 contendens,
1263 3298 1507 3367 corrupit
1530 3297 1733 3352 Christi

175 3400 292 3454 opus
335 3403 672 3458 gregemque
727 3387 1021 3458 dispersit,
1074 3399 1298 3459 propter
1355 3389 1498 3459 quod
1555 3389 1736 3445 socius

166 3480 269 3545 ejus
307 3479 555 3535 eﬁicitur
591 3495 787 3550 poenas,
814 3480 1127 3552 quicunque
1164 3482 1234 3536 ab
1266 3496 1333 3536 eo
1372 3482 1647 3551 corrumpi
1677 3497 1737 3537 se

162 3571 377 3639 patitur.

225 3662 388 3719 Vens.
430 3665 623 3720 11-12.
672 3683 691 3717 ι
729 3664 832 3731 Qui
868 3665 1150 3720 dormierit
1184 3681 1307 3720 cum
1341 3682 1579 3721 noverca
1613 3683 1734 3734 sua,

160 3764 207 3809 et
248 3756 582 3812 revelaverit
627 3757 982 3827 ignominiam
1028 3758 1200 3827 patris
1244 3759 1350 3822 sui,
1390 3768 1569 3813 morte
1620 3776 1738 3814 mo-

163 3849 366 3904 riantur
418 3849 615 3910 ambo,
666 3848 889 3920 sanguis
934 3864 1123 3902 eorum
1179 3849 1249 3903 sit
1301 3865 1466 3918 super
1515 3865 1629 3904 eos.
1680 3850 1738 3905 Si

164 3939 270 4005 quis
320 3938 618 3993 dormierit
664 3953 789 3992 cum
846 3954 989 3992 nuru
1029 3954 1160 3999 sua,
1212 3947 1442 4007 uterque
1497 3940 1739 3995 morian-

169 4039 257 4093 tur,
282 4032 417 4101 quia
456 4033 636 4087 scelus
664 4032 873 4102 operati
906 4039 1051 4096 sunt,
1077 4034 1296 4103 sanguis
1324 4049 1512 4087 eorum
1546 4034 1615 4088 sit
1644 4050 1739 4089 su-

166 4137 248 4190 per
277 4141 392 4179 eos.
414 4144 434 4175 ι

228 4213 376 4267 Dicta
418 4223 551 4267 sunt
588 4213 705 4267 haec
740 4212 795 4267 in
828 4215 933 4268 hoc
957 4214 1180 4269 Levitici
1211 4214 1349 4269 libro
1375 4231 1405 4269 a
1438 4216 1740 4286 legislature

174 4305 437 4371 superius,
472 4305 567 4358 sed
601 4305 710 4359 illic
763 4305 980 4373 quidem
1011 4324 1023 4359 :
1060 4304 1180 4358 Non
1214 4305 1466 4360 reuelabis
1506 4308 1740 4377 turpitu-

181 4394 330 4448 dinem
359 4396 536 4465 patris
570 4396 647 4448 tui
677 4405 725 4448 et
760 4392 969 4459 matris,
1007 4413 1099 4449 nec
1133 4399 1350 4463 sororis,
1383 4406 1431 4450 et
1467 4415 1652 4461 nurus,
1687 4410 1741 4453 ct

181 4486 497 4555 reliquorum
547 4503 644 4556 per
700 4487 946 4541 ordinem
1001 4487 1141 4543 dixit
1168 4490 1235 4554 ⁸⁸,
1275 4491 1494 4559 quando
1540 4501 1593 4546 et
1640 4508 1741 4546 nos

1837 3299 1925 3346 est
1955 3300 2137 3345 utrum
2168 3290 2387 3355 fratres,
2417 3306 2485 3345 an
2517 3290 2818 3345 avunculus
2850 3298 3102 3361 oporteat
3129 3288 3412 3359 appellari.

1836 3383 1971 3437 Nam
1997 3398 2120 3437 cum
2152 3391 2307 3453 pater
2334 3398 2480 3437 unus
2508 3383 2599 3446 sit,
2625 3383 2823 3437 fratres
2846 3397 2940 3437 eos
2973 3382 3115 3454 cogit
3134 3380 3413 3437 :estimari.

1838 3474 1915 3528 Ex
1949 3474 2162 3529 duabus
2203 3481 2384 3527 autem
2425 3474 2764 3543 parientibus
2801 3489 2925 3528 cum
2966 3489 3072 3527 una
3111 3474 3184 3529 sit
3218 3482 3414 3537 mater,

1837 3566 1942 3621 alia
1979 3566 2109 3631 ﬁlia,
2147 3566 2449 3621 avunculus
2480 3567 2603 3628 hos,
2629 3566 2721 3637 qui
2756 3575 2929 3620 matre
2959 3574 3089 3621 sunt
3126 3565 3316 3636 geniti,
3348 3566 3418 3620 ab

1839 3659 1925 3713 his
1958 3659 2051 3729 qui
2084 3659 2193 3712 nati
2232 3668 2362 3714 sunt
2396 3659 2465 3713 de
2505 3658 2636 3723 ﬁlia,
2660 3658 2936 3728 compellit
2978 3658 3278 3713 necessitas
3322 3674 3419 3728 ap-

1840 3749 2029 3819 pellari
2067 3768 2080 3804 :
2116 3758 2174 3804 et
2213 3749 2317 3804 hoc
2362 3748 2583 3820 quidem
2627 3748 2784 3804 valde
2828 3749 3133 3804 secundum
3186 3750 3419 3803 litteram

1840 3840 2165 3904 custoditur,
2193 3850 2250 3896 et
2269 3848 2495 3896 cavetur
2518 3841 2827 3911 huiusmodi
2854 3842 3063 3896 incerta
3087 3841 3418 3905 commistio,

1840 3933 2161 4003 generisque
2216 3934 2486 3989 confusio.
2552 3934 2689 4002 Quia
2742 3933 2922 3989 omnis
2976 3934 3186 4004 peccati
3246 3943 3421 3989 mater

1840 4026 2286 4095 concupiscentia
2313 4036 2417 4089 est.
2461 4035 2678 4097 oportet
2706 4034 2761 4081 et
2792 4027 2895 4081 hoc
2934 4027 3249 4096 praecaveri,
3280 4035 3339 4081 ut
3376 4028 3421 4081 si

1844 4135 1947 4189 qua
2000 4120 2159 4175 nobis
2220 4120 2428 4190 peccati
2485 4120 2933 4191 concupiscentia
2985 4121 3083 4185 sit,
3136 4136 3309 4191 usque
3351 4120 3423 4175 ad

1843 4213 1985 4266 hanc
2043 4220 2275 4279 stemus,
2306 4221 2363 4265 et
2410 4227 2520 4265 non
2572 4212 2622 4267 ei
2678 4212 3076 4282 conjungamus
3125 4212 3418 4267 actionem.

1841 4305 1945 4370 Qui
1975 4315 2155 4359 autem
2182 4304 2485 4375 conjungit,
2529 4305 2583 4358 in
2625 4305 2747 4376 igne
2775 4304 3148 4369 succenditur,
3180 4321 3287 4359 non
3334 4320 3425 4359 so-

1843 4398 1954 4452 lum
1986 4406 2167 4452 autem
2198 4398 2337 4467 ipse,
2360 4398 2456 4452 sed
2487 4407 2540 4453 et
2568 4397 2903 4452 desiderium
2933 4397 3166 4467 peccati,
3199 4396 3424 4467 insuper

1843 4499 1899 4545 et
1942 4491 2084 4545 actio
2133 4491 2268 4561 ipsa.
2301 4490 2421 4556 Quo
2469 4490 2634 4561 igne?
2679 4490 2747 4545 de
2786 4506 2894 4560 quo
2946 4490 3082 4545 dixit
3124 4490 3372 4545 Christus
3407 4508 3422 4543 :

174 4574 274 4631 hare
300 4587 667 4648 exponentes,
702 4594 810 4633 non
853 4579 1029 4633 solum
1060 4580 1235 4649 turpis
1272 4593 1649 4652 cognatorum,
1679 4594 1733 4639 et
1767 4580 1812 4635 D
1847 4579 2028 4649 Ignem
2060 4583 2177 4636 ueni
2212 4584 2420 4635 mittere
2442 4582 2498 4635 in
2520 4591 2683 4646 terra,
2717 4591 2768 4635 et
2789 4582 2901 4634 volo
2926 4592 2982 4635 ut
3012 4582 3332 4635 accendatur
3351 4581 3421 4646 ⁸⁸,

169 4672 378 4727 nefariae
428 4672 827 4726 commistionis
882 4672 1279 4728 aversationem
1323 4675 1493 4745 legem
1545 4677 1737 4746 przeci-

167 4778 308 4832 pere,
346 4764 447 4819 sed
487 4774 542 4818 et
579 4765 645 4819 de
694 4780 802 4820 non
842 4766 1167 4832 rcvelandis,
1203 4782 1323 4836 qua:
1362 4769 1736 4838 cognovimus,

168 4871 336 4928 neque
400 4857 748 4913 diﬂ'amaudis
816 4859 1155 4925 carnalium,
1222 4860 1587 4929 spiritalium,
1656 4864 1742 4918 vel

169 4957 520 5019 cognatorum
573 4950 815 5019 peccatis
854 4950 996 5006 dicta
1044 4965 1166 5005 esse
1218 4953 1589 5021 exposuimus.
1642 4954 1742 5009 llic

168 5050 343 5096 autem
392 5042 558 5108 Deus,
611 5043 658 5096 si
709 5044 1002 5108 dormierit,
1052 5045 1261 5099 addidit
1300 5063 1312 5098 :
1351 5045 1501 5100 illum
1551 5048 1742 5117 procul

168 5132 324 5190 dubio
355 5134 634 5191 deducens
663 5136 731 5191 ad
762 5138 1024 5199 medium,
1062 5139 1155 5207 qui
1189 5139 1437 5193 eamdem
1470 5140 1741 5196 actionem

171 5240 409 5294 pravam,
446 5242 607 5297 quam
655 5229 963 5299 proximum
1002 5231 1183 5301 egisse
1231 5232 1504 5302 cognovit,
1548 5232 1745 5287 nihilo-

173 5321 343 5377 minus
398 5323 546 5393 agit,
602 5339 705 5378 nec
755 5325 965 5394 peccati
1021 5326 1334 5380 societatem
1394 5327 1743 5390 erubescens,

176 5414 329 5468 etiam
368 5415 451 5469 sic
478 5415 698 5470 exsistit
726 5416 972 5487 proditor
999 5416 1052 5469 in
1081 5433 1188 5485 quo
1223 5426 1278 5471 et
1304 5421 1495 5473 mortis
1527 5434 1743 5488 pmuam

178 5504 442 5575 legislator
472 5495 621 5562 recte
648 5507 917 5563 deﬁnivit.
956 5508 1101 5563 Bene
1138 5518 1318 5563 autem
1351 5526 1601 5565 noverca:
1642 5528 1746 5564 nu-

181 5613 288 5652 rum
325 5600 633 5669 conjunxit,
660 5602 787 5670 quia
838 5601 940 5655 hoc
984 5600 1203 5671 quidem
1255 5601 1308 5655 in
1361 5611 1513 5672 patre
1563 5620 1592 5657 a
1635 5604 1744 5658 ﬁlio

246 5802 283 5834 "
312 5803 523 5860 Coloss.
553 5820 635 5870 ιιι,
670 5804 756 5860 19.

879 5804 923 5834 ⁸¹
957 5801 1158 5872 Ephes.
1182 5819 1237 5866 τ,
1270 5803 1333 5858 51
1392 5803 1479 5858 '52.

188 5869 226 5904 "
252 5872 417 5931 Levit.
450 5869 663 5942 xvin,7
704 5889 851 5945 seqq.

936 5874 981 5907 "
1009 5874 1168 5929 Rom.
1201 5888 1262 5940 ιι,
1298 5876 1352 5927 1.

1606 5803 1653 5834 ⁸³
1685 5804 1791 5857 Tit.
1826 5801 1977 5859 1.1!.

1426 5875 1467 5905 "
1503 5873 1704 5944 Ephcs.
1735 5890 1808 5937 tv,
1840 5874 1920 5927 l3.
1994 5873 2034 5903 “'
2065 5871 2196 5926 Luc.
2229 5885 2325 5934 xu,
2386 5870 2464 5923 lt).

1842 4676 1896 4730 id
1940 4684 2022 4729 est
2056 4675 2587 4731 administrationem
2623 4674 2871 4745 spiritus,
2905 4674 2995 4744 qui
3038 4674 3187 4738 ipsos
3226 4666 3423 4743 pecca-

1843 4776 1989 4823 tores
2020 4768 2088 4823 de
2115 4768 2300 4823 medio
2329 4767 2558 4832 auferet,
2587 4782 2887 4837 eorumque
2921 4774 3161 4836 peccata.
3196 4764 3254 4819 Si
3284 4766 3424 4820 enim

1842 4861 2055 4931 spiritu,
2094 4860 2171 4915 ait
2219 4859 2441 4925 Paulus,
2490 4861 2632 4931 facta
2682 4860 2859 4913 carnis
2908 4859 3254 4928 mortiﬁcetis,
3284 4860 3424 4913 vive-

1846 4954 1913 5006 tis
1939 4952 2006 5005 ⁸⁸.

1916 5042 2081 5099 Vsus.
2116 5043 2201 5110 15,
2237 5042 2323 5098 16.
2359 5062 2377 5096 ‹
2411 5041 2513 5109 Qui
2546 5057 2667 5097 cum
2699 5042 2971 5111 iumento,
3004 5050 3061 5097 et
3094 5059 3293 5114 pecore
3331 5058 3428 5101 co.-

1842 5136 1990 5203 ierit,
2023 5146 2197 5192 morte
2236 5136 2504 5190 moriatur
2539 5152 2552 5189 :
2590 5150 2757 5205 pecus
2784 5150 2999 5205 quoque
3030 5136 3326 5191 occidetur.
3362 5134 3430 5189 Et

1846 5228 2061 5293 mulier,
2090 5244 2210 5299 qua:
2242 5228 2595 5283 succubuerit
2623 5228 2893 5298 jumento,
2932 5228 3096 5285 simul
3131 5229 3428 5285 interﬁcie-

1848 5330 1938 5376 tur
1966 5337 2089 5375 cum
2123 5336 2210 5376 eo.
2247 5321 2479 5392 Sanguis
2510 5336 2697 5375 eorum
2732 5337 2896 5391 super
2921 5338 3036 5377 eos.
3074 5341 3093 5375 ι

1920 5413 2098 5468 Nimia
2139 5420 2328 5468 contra
2368 5411 2625 5482 populum
2673 5411 2987 5466 Judaeorum
3017 5412 3291 5486 legislator
3321 5410 3428 5465 uti-

1854 5515 1943 5561 tur
1983 5506 2346 5571 districtione,
2376 5505 2505 5575 quia
2543 5503 2597 5556 iu
2630 5510 2843 5557 tantum
2890 5503 3079 5573 iniqui,
3108 5513 3274 5573 atque
3304 5501 3430 5556 lilii-

1852 5598 1965 5654 dini
2001 5597 2171 5654 dediti
2200 5606 2376 5665 erant,
2404 5605 2464 5650 ut
2493 5596 2562 5650 ad
2594 5606 2808 5650 exteras
2838 5595 3002 5653 etiam
3037 5591 3429 5662 “oncupiscen-

2076 5799 2146 5830 ⁸³⁸
2181 5801 2198 5853 1
2232 5799 2375 5854 Tini.
2420 5815 2475 5862 ι.
2511 5798 2607 5861 20;
2731 5796 2777 5827 ⁸⁸
2808 5794 2848 5848 ll
2898 5792 3020 5847 Tim
3062 5809 3112 5847 tv
3148 5832 3163 5857 ,
3203 5791 3297 5855 14,
3351 5789 3433 5844 l5.

2543 5869 2585 5901 ⁸⁹
2626 5865 2784 5921 lion}.
2816 5882 2930 5930 vm,
2963 5865 3042 5917 15.
