3928 6454
542 399 682 469 105:7

1718 408 2078 468 HESYCHII
2126 408 2595 468 PRESBYTER!

3666 391 3775 455 1048

540 514 642 566 tias
685 512 1024 574 aberrarent,
1060 521 1118 568 et
1161 524 1448 584 propterea
1501 530 1623 569 cum
1675 518 2116 586 qumtrupedihus
2145 524 2190 578 Α
2218 528 2404 588 spectu
2455 520 2684 572 horum?
2734 516 2814 592 Ut.
2851 519 3013 572 unius
3056 529 3221 584 pretia
3261 507 3456 566 caeteri
3498 505 3777 574 pudicitiam

538 604 664 669 viri,
699 603 1052 674 mulierisque
1084 607 1485 662 commistionis
1517 607 1847 662 mentionem
1882 607 2110 674 faciens,

540 695 734 750 mortis
786 709 908 749 esse
958 696 1270 766 hujusmodi
1309 712 1527 768 pinnam
1573 699 1987 754 demonstravit.
2036 701 2116 755 Tu

539 800 740 857 autem,
774 792 1003 848 forsitan
1053 789 1381 862 superﬂuam
1423 809 1547 848 esse
1587 794 1834 852 ﬁdelibus
1870 798 2012 852 hanc
2042 797 2119 849 le-

541 901 660 955 gem
690 886 992 956 judicabis;
1029 900 1206 956 neque
1255 885 1424 948 enim,
1471 887 1673 957 inquis,
1719 898 1882 959 egent
1931 890 2120 958 hujus~

541 978 688 1031 modi
734 978 858 1048 jure
901 979 1134 1034 censeri.
1180 977 1298 1033 Non
1343 989 1524 1034 autem
1571 989 1655 1035 est
1698 981 1992 1052 superﬂua,
2027 982 2120 1036 sed

543 1069 709 1123 nimis
738 1070 857 1140 ejus
897 1085 996 1124 nos
1036 1069 1228 1139 iuvare
1261 1070 1520 1140 spiritalis
1562 1081 1743 1142 potest
1781 1075 2118 1151 contempla-

543 1159 620 1213 tio
649 1177 662 1213 :
693 1159 738 1213 si
773 1159 1168 1231 quadrupedia,
1194 1161 1505 1231 voluptates
1537 1179 1754 1234 pravas,
1781 1175 1837 1220 et
1864 1167 2119 1221 deorsum

547 1256 746 1301 terram
775 1259 1099 1308 contuentes
1139 1249 1509 1322 intelligamus
1545 1270 1560 1310 :
1594 1261 1780 1323 utpote
1823 1256 1972 1309 omni
2017 1257 2122 1308 liu-

543 1341 704 1390 mana
752 1350 1004 1396 carentes
1060 1338 1274 1394 actione
1321 1355 1335 1392 :
1379 1351 1435 1395 et
1488 1351 1778 1412 propterea
1829 1345 2123 1414 appellatas

545 1427 938 1497 quadrupedia,
979 1443 1106 1496 quia
1150 1431 1524 1501 quadrupedia
1575 1450 1790 1496 manus,
1838 1435 1977 1490 sicut
2023 1437 2122 1490 ho—

546 1516 742 1582 mines,
782 1533 892 1570 non
939 1518 1160 1584 habent,
1199 1528 1359 1590 atque
1389 1522 1512 1576 ideo
1540 1524 1772 1578 maxima
1807 1537 1991 1580 nostra
2028 1541 2124 1579 co-

547 1610 804 1677 gnatione
858 1621 1068 1666 carent.
1123 1611 1446 1684 Quicunque
1495 1631 1624 1686 ergo
1660 1615 1761 1681 vir,
1794 1627 1888 1671 aut
1929 1619 2126 1672 mulier

547 1699 614 1752 ad
652 1700 989 1770 alienigenas
1030 1703 1339 1773 voluptates
1385 1706 1443 1760 in
1487 1716 1694 1763 tantum
1742 1709 2030 1771 incumbit,
2065 1719 2125 1764 ut

549 1805 619 1844 ne
647 1793 863 1860 quidem
897 1807 995 1861 per
1031 1793 1296 1849 desidiam
1339 1797 1409 1852 ab
1450 1797 1533 1852 eis
1581 1799 1847 1870 capiatur,
1880 1801 1976 1855 sed
2012 1800 2121 1856 imo

2220 612 2447 666 disea‘nt.
2479 613 2808 681 lnterempto
2844 621 3023 663 autem
3067 615 3404 684 peccatore,
3438 607 3496 653 et
3532 608 3779 666 peccatum

2218 704 2378 757 simul
2427 704 2630 767 interit,
2665 699 3119 772 quemadmodum
3163 693 3360 752 semel
3395 693 3450 746 in
3501 689 3781 761 praeceden-

2220 794 2364 847 tibus
2393 792 2650 846 diximus.

2292 883 2455 938 Vens.
2508 883 2594 938 18.
2643 901 2660 932 ι
2703 881 2806 948 Qui
2845 879 3040 934 coierit
3088 893 3219 933 cum
3272 872 3518 929 muliere
3567 870 3621 925 in
3663 870 3784 923 ﬂuxu

2221 984 2520 1037 menstruo,
2563 983 2619 1027 et
2661 971 2989 1028 revelaverit
3029 967 3448 1039 turpitudinem
3495 965 3632 1032 ejus,
3671 963 3788 1030 ipsa-

2221 1081 2326 1135 que
2373 1065 2650 1134 aperuerit
2695 1064 2902 1119 fontem
2954 1061 3244 1134 sanguinis
3289 1057 3382 1113 sui
3421 1053 3785 1110 interﬁcientur

2221 1157 2380 1211 ambo
2413 1157 2480 1210 de
2512 1157 2690 1211 medio
2717 1157 2899 1226 p0puli
2933 1157 3033 1210 sui.
3069 1174 3086 1206 ι

2291 1250 2331 1301 Α
2394 1257 2728 1304 menstruata
2783 1248 3047 1303 abstineri
3099 1245 3401 1317 legislator
3453 1257 3567 1296 non
3619 1238 3781 1295 frustra

2222 1342 2496 1411 prmcepit,
2523 1342 2618 1397 sed
2645 1341 2921 1396 hominem
2948 1340 3183 1394 suadens
3211 1338 3285 1392 ad
3317 1333 3641 1406 pudicitiam
3663 1334 3784 1385 casti-

2222 1434 2454 1502 tatisque
2476 1448 2597 1488 cum
2619 1432 2953 1504 diligentiam
2974 1432 3198 1495 habere,
3220 1445 3294 1483 ex
3319 1443 3433 1498 qua
3462 1425 3781 1480 sanctiﬁcatio

2221 1526 2505 1596 provenit,
2551 1524 2745 1578 nolens
2787 1535 2842 1578 et
2888 1523 2942 1577 in
2987 1521 3151 1576 modo
3203 1534 3517 1590 porcorum
3561 1518 3782 1572 continue

2222 1613 2542 1668 mulieribus
2568 1613 2806 1679 misceri,
2834 1622 2890 1666 et
2917 1613 2982 1666 ad
3009 1623 3379 1666 communem
3411 1613 3780 1675 corruptionem

2221 1721 2434 1767 vacare,
2469 1705 2562 1759 sed
2607 1721 2674 1759 ex
2718 1713 2903 1760 coacta
2951 1703 3290 1757 abstinentia
3333 1715 3501 1754 usum
3540 1698 3707 1752 facere
3730 1700 3781 1751 ad

2225 1796 2636 1850 continentiam.
2684 1796 2790 1851 Sed
2825 1795 3289 1864 quemadmodum
3331 1790 3582 1860 disperdi
3620 1805 3703 1844 eos
3732 1793 3781 1844 de

547 1881 705 1936 valde
735 1884 814 1937 eis
837 1884 1127 1949 cohaereat,
1157 1895 1212 1940 et
1233 1902 1360 1941 cum
1386 1887 1468 1942 eis
1492 1897 1668 1955 coeat,
1701 1899 1762 1944 ut
1789 1892 2122 1946 commistio-
2150 1861 2197 1920 Β
2225 1888 2424 1957 populo
2470 1903 2569 1942 suo
2619 1888 2878 1957 prmeepit
2897 1929 2911 1944 .
2967 1903 3090 1941 cum
3146 1885 3551 1956 purgationem
3588 1883 3634 1936 ei
3654 1923 3666 1944 ,
3708 1884 3779 1949 qui

547 1987 676 2026 nem
708 1989 830 2027 cum
865 1981 946 2029 eis
979 1975 1296 2032 diuturnam
1337 1987 1394 2034 et
1429 1989 1866 2049 perseverantem
1900 1983 2118 2047 habeat,

551 2079 678 2118 reus
704 2075 788 2120 est
818 2065 886 2129 is,
921 2067 1017 2136 qui
1066 2069 1188 2124 talis
1233 2079 1335 2133 est,
1368 2071 1552 2125 morti.
1590 2072 1689 2128 llic
1722 2084 1808 2130 est
1843 2074 1987 2128 enim
2019 2090 2121 2128 ne-

547 2154 808 2210 fariarum
843 2157 1127 2214 libidinum
1161 2160 1304 2227 ﬁnis,
1334 2164 1426 2231 qui
1467 2166 1819 2230 operantibus
1845 2182 1938 2222 eas
1962 2167 2122 2237 puni-

551 2247 643 2313 tis,
681 2257 827 2303 recte
875 2250 976 2320 ipsi
1027 2251 1191 2306 etiam
1249 2254 1385 2306 mori
1438 2256 1715 2310 dicuntur.
1760 2258 1942 2327 Neque
1972 2262 2120 2313 enim

550 2353 648 2407 per
677 2354 734 2393 se
764 2340 1144 2404 subsistentes,
1178 2345 1304 2412 quia
1339 2345 1484 2397 nulla
1517 2357 1600 2399 est
1628 2348 1834 2416 peccati
1865 2349 2121 2403 substan-

554 2429 625 2483 tia
663 2430 717 2484 in
760 2433 1162 2500 peccatoribus,
1199 2445 1517 2504 operantur,
1544 2439 1744 2508 quibus
1779 2450 1956 2495 tamen
1994 2457 2123 2510 per-

551 2522 698 2588 ditis,
732 2535 789 2578 et
826 2525 957 2591 ipsa}
983 2527 1144 2581 simul
1171 2538 1421 2597 pereunt.

623 2614 785 2672 Vnus.
827 2617 912 2672 17.
949 2637 968 2670 α
1004 2619 1105 2685 Qui
1154 2623 1426 2691 acceperit
1472 2639 1715 2679 sororem
1765 2642 1918 2681 suam
1958 2627 2121 2682 ﬁliam

552 2710 727 2780 patris
767 2711 874 2775 sui,
903 2711 988 2766 vel
1025 2712 1189 2768 ﬁliam
1225 2714 1415 2768 matris
1457 2731 1590 2781 suae,
1632 2725 1688 2771 et
1719 2718 1918 2773 viderit
1946 2720 2124 2789 turpi-

555 2799 798 2854 tudinem
841 2801 979 2871 ejus,
1017 2802 1215 2872 illaque
1260 2806 1610 2873 conspexerit
1659 2807 1843 2862 fratris
1891 2810 2124 2880 ignomi-

554 2889 723 2953 niam,
759 2891 1023 2946 nefariam
1075 2909 1189 2948 rem
1244 2897 1454 2965 operati
1503 2907 1632 2952 sunt
1665 2914 1684 2952 :
1713 2900 2032 2955 occidentur
2070 2901 2124 2956 in

555 2997 854 3055 conspectu
911 2987 1133 3056 populi,
1188 3003 1255 3042 eo
1309 2989 1455 3058 quod
1512 2991 1905 3060 turpitudinem
1970 3009 2125 3048 suam

556 3087 747 3132 mutuo
824 3078 1187 3134 revelaverint
1263 3090 1320 3135 et
1404 3083 1701 3152 portabunt
1785 3084 2126 3156 iniquitatem

556 3186 730 3226 suam.
767 3189 786 3222 ι

627 3259 934 3318 Tolerabile
980 3277 1100 3318 esse
1140 3265 1266 3329 hoc,
1303 3279 1335 3318 a
1373 3265 1559 3319 multis
1607 3268 1924 3336 putabatur,
1971 3285 2127 3323 soro-

558 3359 709 3414 ribus
739 3359 860 3413 ﬁliaa
891 3359 1080 3429 patris,
1117 3360 1202 3413 vel
1249 3359 1372 3414 ﬁliae
1411 3361 1600 3416 matris
1629 3361 1867 3424 misceri,
1913 3363 2040 3432 quia
2075 3370 2131 3416 et

556 3451 828 3505 Abraham
859 3450 925 3505 de
953 3448 1082 3504 Sara
1116 3451 1331 3507 dicebat
1363 3470 1376 3506 :
1409 3450 1570 3506 Soror
1607 3469 1723 3506 utea
1760 3463 1834 3506 est
1864 3470 1929 3506 ea:
1954 3462 2126 3521 patre,

557 3549 607 3593 et
646 3556 748 3593 non
775 3556 839 3594 ex
865 3549 1036 3594 matre
1078 3540 1146 3594 ὀ.
1187 3539 1341 3606 Quod
1393 3542 1615 3612 quidem
1664 3559 1776 3597 non
1815 3545 2130 3600 omnimodo

557 3629 636 3685 sic
665 3638 766 3691 est,
797 3629 938 3684 sicut
962 3630 1162 3685 habere
1186 3639 1409 3700 putatur
1438 3632 1664 3686 historia
1696 3652 1709 3688 :
1735 3649 1860 3688 nam
1893 3650 2008 3699 eos,
2035 3635 2128 3704 qui

557 3737 624 3775 ex
653 3719 830 3775 Thare
858 3730 1012 3790 patre
1049 3722 1319 3777 Abraham
1358 3724 1528 3794 geniti
1571 3733 1716 3787 sunt,
1753 3724 1963 3796 Moyses
2001 3741 2129 3779 nar-

557 3829 703 3877 rans,
737 3829 1002 3884 nusquam
1044 3813 1194 3870 Sara:
1237 3815 1568 3870 mentionem
1619 3816 1766 3881 fecit,
1797 3819 1942 3886 quod
1985 3817 2030 3871 si
2073 3827 2130 3873 et

556 3903 730 3959 sorori
787 3919 898 3960 suae
954 3906 1225 3960 Abraham
1282 3907 1484 3975 nupsit,
1532 3917 1658 3962 ante
1719 3919 1902 3963 tamen
1963 3925 2126 3978 quam

555 4005 910 4066 cognosceret
956 3995 1147 4052 Deum.
1191 3997 1388 4053 Malum
1422 4007 1504 4054 est
1536 4015 1663 4070 ergo
1690 4001 1969 4056 sororibus
1997 4016 2130 4055 con-

551 4086 688 4157 jugii
727 4087 985 4142 societate
1024 4088 1262 4157 misceri,
1291 4091 1436 4145 unde
1461 4101 1518 4146 et
1545 4091 1674 4146 illud
1706 4093 1791 4146 lex
1824 4093 2125 4163 prohibuit.

554 4178 691 4234 Cum
734 4195 864 4252 ergo
913 4182 1028 4238 hzec
1069 4183 1148 4238 sic
1191 4199 1250 4239 se
1298 4185 1553 4250 habeant,
1587 4188 1898 4242 nullatenus
1927 4205 1957 4243 a
1988 4205 2129 4259 prte-

554 4271 699 4326 dicta
771 4275 1234 4344 contemplatione
1296 4279 1637 4333 recedamus.
1710 4279 2128 4349 Turpitudinem

555 4370 738 4416 autem
766 4365 968 4419 sororis
994 4381 1060 4421 ex
1090 4375 1266 4436 patre,
1295 4377 1391 4423 aut
1428 4385 1492 4423 ex
1524 4380 1715 4432 matre,
1754 4386 1940 4426 revera
1976 4371 2128 4426 illum

557 4453 803 4524 intellige
846 4455 1055 4518 videre,
1085 4466 1140 4512 et
1172 4459 1443 4528 accipere,
1475 4461 1569 4530 qui
1605 4471 1816 4532 turpem
1857 4463 2126 4519 actionem

2155 3215 2197 3271 ο

2220 1977 2479 2032 dormivit
2517 1993 2639 2031 cum
2669 1985 3024 2040 menstruata,
3052 1976 3315 2045 superius
3345 1973 3650 2032 indixisset,
3675 1973 3781 2024 dixit

2220 2073 2364 2125 enim
2400 2089 2412 2124 :
2448 2069 2508 2124 Si
2561 2070 2743 2122 coierit
2799 2086 2918 2122 cum
2976 2086 3037 2123 ea
3095 2069 3176 2122 vir
3239 2079 3486 2135 tempore
3544 2065 3778 2132 sanguinis

2222 2161 2578 2222 menstrualis,
2615 2162 2914 2214 immundus
2941 2160 3038 2212 erit
3067 2170 3268 2228 septem
3297 2159 3489 2211 diebus
3518 2156 3584 2208 ".
3613 2155 3778 2207 Deinde

2222 2269 2318 2323 per
2360 2253 2494 2318 haec,
2532 2253 2914 2322 purgationum
2955 2251 3218 2306 sacriﬁcia
3258 2264 3501 2303 narrans
3528 2246 3771 2302 subdidit:

2221 2347 2332 2401 Ista
2366 2358 2439 2401 est
2481 2346 2564 2402 lea:
2593 2348 2705 2417 ejus
2736 2348 2824 2418 qui
2857 2349 3059 2416 ﬂuxum
3093 2345 3319 2399 seminis
3371 2343 3595 2412 patitur,
3639 2350 3680 2393 et
3705 2341 3771 2407 qui

2221 2441 2499 2510 polluitur,
2533 2449 2580 2493 et
2611 2454 2726 2508 quae
2767 2437 3040 2508 sanguinis
3081 2437 3294 2506 ﬂuxum
3337 2433 3546 2502 patitur
3577 2431 3628 2483 in
3658 2447 3773 2482 meu-

2212 2534 2382 2587 struis
2436 2533 2565 2592 suis,
2602 2542 2650 2585 et
2703 2531 2961 2598 iri/luxum
3012 2529 3226 2582 seminis
3275 2526 3520 2594 patiente
3566 2523 3618 2574 in
3658 2522 3772 2589 ﬂant

2183 2635 2316 2680 'suo
2370 2623 2603 2678 masculo
2651 2632 2697 2676 et
2750 2623 2944 2692 femina
2982 2622 3048 2674 θ’.
3090 2618 3156 2674 Ει
3209 2619 3373 2681 viro,
3424 2615 3471 2670 si
3530 2612 3770 2668 dormierit

2224 2735 2349 2774 cum
2375 2725 2735 2778 menstruata,
2763 2715 2842 2769 sic
2872 2712 3086 2783 purgari
3126 2721 3181 2766 et
3221 2713 3400 2773 hunc,
3429 2709 3567 2763 sicut
3593 2715 3645 2760 et
3667 2705 3771 2758 alios

2226 2829 2334 2866 non
2366 2810 2546 2881 puniri
2589 2811 2725 2862 vult.
2770 2807 2910 2877 Ergo
2939 2804 3385 2874 contemplemur
3419 2807 3767 2856 menstruatam

2227 2902 2510 2973 gentilium
2539 2899 2883 2970 sapientiam.
2919 2898 3078 2967 longe
3106 2896 3258 2950 enim
3288 2910 3320 2949 a
3349 2895 3462 2948 Deo
3492 2900 3593 2954 est,
3622 2889 3701 2942 sed
3729 2896 3771 2940 et

2227 2990 2295 3042 de
2338 2987 2523 3041 volatu
2564 2987 2768 3050 avium,
2809 3001 2973 3040 cursu
3007 2985 3252 3038 siderum
3295 2994 3351 3038 et
3395 2979 3649 3036 mensuris
3672 2976 3763 3030 ρωιὶ

2229 3081 2417 3136 dicens
2447 3091 2611 3150 atque
2649 3081 2872 3135 docens.
2908 3078 3042 3132 Cum
3079 3079 3180 3131 hac
3221 3094 3360 3147 ergo
3403 3074 3679 3144 pessimum
3703 3079 3767 3122 est

2230 3172 2491 3238 dormire,
2527 3172 2579 3226 id
2605 3181 2689 3226 est
2721 3171 2976 3226 delectari
3014 3171 3070 3224 in
3099 3187 3182 3232 ea,
3213 3181 3274 3223 et
3306 3168 3400 3222 diu
3441 3166 3597 3225 coire,
3621 3162 3700 3216 sed
3724 3167 3764 3213 et

2231 3265 2494 3329 revelare,
2517 3274 2574 3319 et
2602 3265 2776 3334 palam
2809 3264 3075 3333 prolerre,
3112 3261 3512 3330 turpitudinem
3538 3257 3660 3324 ejus,
3681 3261 3764 3306 tnt-

2229 3357 2410 3412 dendo
2443 3371 2566 3423 eas,
2609 3371 2730 3425 qua:
2759 3355 2903 3425 apud
2942 3370 3060 3408 eam
3096 3362 3261 3417 sunt,
3297 3355 3490 3406 teletas
3513 3357 3564 3401 et
3591 3357 3762 3400 errores

2227 3465 2366 3520 quos
2394 3449 2578 3514 habet,
2612 3459 2667 3502 et
2701 3448 2904 3502 fontem
2953 3447 3118 3501 toti-us
3154 3446 3369 3501 erroris
3403 3447 3757 3511 exponentem:

2227 3541 2355 3611 quia
2381 3541 2468 3596 his
2493 3541 2805 3611 publicatis,
2835 3540 3035 3594 revelat
3065 3550 3120 3592 et
3151 3540 3270 3608 ipsa
3299 3538 3503 3592 ﬂuxum
3533 3529 3755 3600 sanguinis

2229 3629 2335 3696 sui,
2361 3630 2412 3684 id
2442 3639 2526 3684 est
2554 3645 2618 3684 ea
2646 3645 2765 3699 qua:
2803 3638 2932 3683 sunt
2960 3629 3027 3682 de
3055 3627 3346 3682 sacriﬁciis
3386 3627 3634 3680 idolorum
3655 3619 3750 3672 sub-

2230 3723 2585 3778 introduccns
2617 3741 2629 3776 :
2661 3731 2886 3791 propter
2933 3722 3076 3790 quod
3129 3736 3241 3774 non
3293 3715 3604 3788 simpliciter
3632 3709 3739 3768 dixit,

2228 3814 2624 3882 interﬁcientur,
2657 3814 2753 3868 sed
2784 3815 2991 3868 addidit
3022 3831 3034 3866 :

2303 3908 2376 3960 De
2405 3908 2576 3962 medio
2598 3907 2776 3976 populi
2796 3908 2896 3961 sui.
2925 3905 3044 3968 Vel,
3088 3905 3398 3960 secundum
3427 3899 3581 3964 LXX,
3608 3913 3654 3950 at
3675 3909 3735 3964 9(-

2229 4017 2349 4056 nere
2375 4019 2488 4056 suo.
2523 4001 2658 4068 Quia
2683 4002 2773 4071 qui
2805 4001 3131 4071 sapientiam
3160 3999 3328 4054 tradit
3359 3996 3633 4068 gentilium,
3653 4001 3743 4055 quzﬁ

2227 4096 2612 4164 praavaricatur
2645 4107 2890 4147 errorem
2936 4100 3206 4153 nostrum,
3255 4101 3316 4144 et
3347 4088 3604 4143 scientiam
3627 4080 3737 4147 ejus.

2227 4194 2284 4239 et
2325 4185 2602 4254 pietatem,
2662 4198 2772 4238 non
2812 4192 2894 4238 est
2942 4185 3151 4252 justum
3203 4183 3318 4252 jam
3376 4189 3436 4233 ut
3495 4172 3738 4230 nominetur

2229 4279 2393 4333 homo
2425 4297 2438 4332 :
2473 4278 2568 4331 sed
2597 4285 2651 4330 et
2678 4276 2913 4344 imagine
2948 4274 3044 4328 Dei
3076 4274 3462 4342 semetipsum,
3503 4257 3744 4356 ignoranth

2227 4372 2568 4435 Creatorem,
2602 4369 2876 4440 privavit;
2909 4376 2966 4422 et
2993 4367 3115 4421 ideo
3161 4364 3491 4420 interﬁcitur
3521 4358 3578 4412 de
3602 4351 3744 4446 medio

2229 4461 2454 4532 populo,
2509 4460 2625 4516 sive
2654 4461 2721 4514 de
2747 4475 2946 4530 genere
2989 4473 3110 4521 suo,
3145 4467 3204 4511 ut
3251 4472 3364 4509 non
3393 4455 3498 4523 jam
3531 4445 3746 4515 sapientia

555 4563 584 4598 a
617 4555 769 4614 patre
813 4557 907 4602 aut
949 4557 1140 4613 matre,
1173 4550 1224 4604 id
1254 4558 1358 4617 est,
1404 4552 1458 4606 in
1497 4568 1603 4622 qua
1635 4561 1788 4622 pater
1827 4563 1920 4610 aut
1951 4566 2127 4610 mater
2159 4549 2202 4603 Ι)
2233 4551 2566 4614 nominetur.
2613 4549 2709 4604 86d
2751 4558 2936 4604 careat
2978 4549 3124 4618 Ψιοά
3176 4547 3372 4602 habuit
3399 4544 3527 4599 [315°
3566 4532 3745 4591 nomine

553 4637 801 4708 deliquit,
833 4655 942 4693 non
976 4640 1151 4695 solum
1186 4643 1352 4706 videt,
1384 4643 1479 4697 sed
1509 4652 1564 4698 et
1591 4644 1809 4714 accipit,
1843 4661 1942 4714 per
1970 4646 2126 4699 simi-

554 4727 659 4784 lem
690 4738 746 4784 et
785 4747 968 4800 parem
994 4735 1264 4788 actionem
1296 4751 1310 4788 :
1342 4743 1398 4789 et
1430 4735 1671 4790 nefarius
1708 4743 1794 4790 est
1845 4736 1932 4791 hic
1963 4753 1976 4789 :
2016 4753 2123 4791 non

555 4821 730 4875 solum
759 4831 1127 4892 perscrutans,
1151 4840 1270 4895 qua:
1300 4841 1409 4880 non
1437 4827 1698 4896 oportuit,
1731 4829 1826 4883 sed
1853 4837 1907 4884 et
1935 4845 2127 4899 super-

555 4913 848 4974 :ndiﬂcans,
883 4923 938 4968 et
986 4915 1327 4987 conjungens
1371 4932 1430 4971 se
1472 4927 1792 4988 perpetrata:
1823 4934 1853 4972 a
1886 4920 2128 4988 parenti-

556 5003 658 5058 bus
690 5003 962 5072 pravitati.
997 5004 1128 5070 Qure
1158 5022 1312 5061 soror
1341 5008 1479 5078 ejus,
1509 5008 1663 5078 quasi
1706 5011 1858 5079 pravi
1893 5012 2130 5078 pravitas

556 5097 879 5165 appellatur.
926 5098 1033 5152 Sed
1066 5111 1120 5154 et
1156 5111 1212 5154 ut
1241 5101 1332 5170 qui
1361 5101 1664 5157 diﬂ'amavit
1694 5119 1835 5165 eam,
1868 5112 1922 5158 et
1959 5105 2132 5159 disse-

558 5188 808 5252 minavit,
839 5190 1060 5244 latentia
1088 5191 1234 5245 enim
1265 5193 1559 5262 plurimum
1593 5204 1876 5261 parentum
1910 5207 2129 5263 peccata

558 5279 844 5334 tliﬂamant
878 5282 993 5346 lilii,
1023 5285 1241 5352 quando
1294 5295 1464 5356 agunt
1510 5287 1728 5340 similia.
1780 5288 1936 5342 Unde
1985 5289 2133 5342 hunc

557 5371 649 5440 qui
702 5373 826 5428 talis
875 5385 978 5437 est.
1029 5376 1266 5445 disperdi
1321 5377 1375 5430 in
1429 5386 1726 5445 conspectu
1774 5378 1980 5446 populi,
2023 5379 2127 5442 vel,

559 5463 700 5518 sicut
730 5463 889 5530 LXX,
923 5467 977 5520 in
1015 5479 1291 5536 conspectu
1329 5468 1562 5536 ﬁliorum
1599 5470 1802 5538 generis
1833 5471 1936 5530 sui,
1967 5470 2016 5522 id
2046 5481 2129 5524 est

558 5555 868 5612 videntibus
901 5559 1104 5613 similia
1141 5559 1522 5628 cogitantibus,
1554 5561 1811 5630 praecepit
1845 5579 1856 5613 :
1898 5561 1949 5614 hi
1982 5563 2128 5616 enim

561 5648 652 5703 ﬁlii
683 5652 899 5718 generis
927 5653 1048 5722 ejus
1077 5661 1222 5707 recte
1250 5653 1524 5708 dicuntur.
1554 5653 1666 5708 Cur
1693 5664 1874 5708 autem
1907 5655 1960 5708 in
2000 5672 2126 5710 con—

627 5852 672 5883 "
696 5853 832 5910 Gen.
864 5871 953 5920 xx,
993 5855 1078 5910 12.
1157 5856 1200 5890 "
1225 5857 1397 5914 Levit.
1432 5875 1526 5927 xv,
1555 5859 1643 5914 ‘23.
1719 5859 1761 5890 ⁹¹
1796 5857 1925 5913 ibid.
1959 5858 2047 5924 59.,
2071 5857 2161 5914 35.

2230 4654 2393 4713 atque
2442 4642 2591 4709 ﬁcto,
2630 4652 2768 4698 teste
2819 4642 3009 4708 Paulo,
3051 4642 3143 4712 qui
3178 4642 3293 4696 ait:
3336 4636 3588 4708 Sapientia
3621 4626 3746 4695 hui“

2232 4736 2433 4798 mundi,
2461 4735 2686 4789 stultitia
2721 4745 2794 4789 est
2825 4736 2968 4804 apud
3008 4734 3174 4789 Deum
3209 4736 3279 4789 ³⁸.

2301 4824 2464 4880 Vens.
2506 4827 2591 4881 19.
2649 4846 2667 4877 ι
2715 4825 3126 4896 Turpitudinem
3178 4834 3478 4880 matertera:
3519 4825 3568 4872 et
3596 4810 3742 4907 amitis

2235 4927 2344 4974 tua:
2382 4934 2493 4972 non
2545 4918 2954 4988 discooperies:
3007 4919 3100 4988 qui
3152 4919 3257 4972 hoc
3304 4913 3504 4975 fecerit,
3547 4909 3735 4999 ignomi-

2237 5012 2382 5065 niam
2413 5010 2595 5065 carnis
2629 5025 2742 5065 sua:
2770 5010 3028 5076 nudavit;
3061 5011 3357 5081 portabunt
3396 5003 3544 5060 ambo
3572 4995 3736 5061 inidui‘

2235 5111 2400 5159 tatem
2429 5119 2604 5158 suam.
2638 5121 2656 5155 ι

2301 5195 2412 5252 Nec
2461 5196 2740 5252 sororibus
2797 5197 3058 5268 praecepit
3102 5212 3290 5252 eorum
3331 5191 3539 5266 quinos
3570 5187 3734 5252 Βθηυθ·

2235 5296 2382 5352 runt,
2438 5291 2804 5349 commisceri,
2854 5297 2964 5342 tam
3012 5299 3233 5358 propter
3279 5280 3651 5358 generationes.
3687 5271 3729 5317 ul

2235 5395 2342 5432 non
2376 5380 2802 5444 confundantur,
2845 5397 3007 5450 quam
3037 5390 3097 5436 ut
3117 5387 3497 5452 competentem
3526 5374 3729 5422 reveren-

2232 5476 2360 5529 tiam
2389 5474 2706 5544 parentihus
2731 5491 3138 5538 conservemus,
3177 5485 3390 5546 propter
3423 5481 3507 5522 eos
3531 5469 3578 5515 et
3601 5471 3626 5508 a
3651 5464 3722 5546 δοῖ

2231 5566 2448 5620 roribus
2509 5582 2698 5619 eorum
2761 5567 3146 5621 abstinentes:
3220 5564 3358 5635 quod
3411 5553 3628 5614 similiter
3679 5545 3722 5591 ει

2230 5657 2529 5710 secundum
2580 5656 2830 5726 spiritum
2875 5657 3161 5727 intelligas,
3215 5666 3273 5710 ut
3319 5666 3417 5708 non
3463 5642 3610 5700 solum
3653 5641 3722 5682 νε·

2241 5859 2286 5889 "
2317 5857 2336 5913 l
2363 5856 2489 5913 Cor.
2530 5874 2608 5923 tu,
2649 5858 2733 5913 19.

3865 973 3878 1064 Ῑ
