3928 6418
74 403 216 466 10i9

1235 414 1320 474 IN
1364 413 1811 475 LEVITICUM.
1839 437 1905 447 --
1949 414 2094 474 LIB.
2125 415 2224 474 VI.

3227 415 3284 478 ll"
3296 420 3365 483 50

68 520 263 574 lentur
295 533 605 589 parentum
629 536 848 595 peccata
882 525 1121 593 silentio,
1150 537 1208 584 et
1233 532 1520 585 tradantur
1540 533 1682 586 o‘bli-
1712 533 1758 588 A
1788 529 1924 584 mori
1978 534 2256 602 pra-cepit,
2299 532 2416 586 sine
2453 532 2577 586 ﬁliis
2606 543 2787 587 autem
2843 533 2963 586 illos
3012 533 3146 586 mori
3206 536 3358 588 dicit.

68 611 243 673 vioni,
277 615 392 674 sed
447 625 499 670 et
526 632 742 681 eorum,
781 620 874 689 qui
913 621 993 675 eis
1022 622 1210 676 sociati
1246 633 1395 690 sunt,
1445 625 1590 679 unde
1626 632 1682 678 et

62 717 264 755 eorum
303 702 520 761 fratres
546 723 668 762 esse
697 709 977 764 dicuntur.
1010 713 1285 769 Sileamus
1326 726 1510 770 autem
1554 717 1682 770 illo-

65 807 183 844 rum
221 807 499 863 peccata,
525 800 650 868 quia
681 800 904 857 nudatis
930 802 1056 867 illis,
1103 806 1273 862 latere
1299 823 1400 863 nec
1426 818 1681 878 parentes

63 896 336 953 possunt,
373 891 530 945 unde
557 892 631 947 ait
657 912 670 948 :

131 978 528 1047 Ignominiam
579 988 753 1041 carnis
801 1003 910 1042 sine
945 991 1181 1044 nudavit.
1229 991 1329 1058 Qui
1358 1003 1540 1048 autem
1577 998 1680 1051 hoc

67 1076 310 1140 faciunt,
350 1079 450 1133 cui
481 1096 660 1150 paena:
699 1084 1132 1140 submittuntur?
1163 1087 1466 1144 Portabunt
1490 1093 1674 1155 ambo,

69 1167 285 1232 inquit,
355 1169 711 1240 iniquitatem
770 1191 945 1229 suam.
1004 1176 1149 1231 LXX
1205 1188 1388 1236 autem
1445 1183 1672 1246 addunt,

76 1258 172 1307 sine
225 1256 381 1324 ﬁliis
442 1263 750 1318 morientur.
807 1264 947 1332 Quia
1007 1270 1098 1338 qui
1156 1285 1266 1323 non
1314 1272 1546 1327 invicem
1576 1291 1674 1329 sua

74 1348 325 1414 poiulcra
379 1365 624 1421 portant,
664 1359 759 1411 sed
800 1360 1084 1415 diﬂ'amant
1123 1372 1285 1433 atque
1317 1365 1678 1422 disseminant

74 1447 474 1505 cognatorum,
523 1453 631 1498 tam
668 1450 966 1503 secundum
1011 1467 1230 1506 carnem
1282 1469 1444 1524 quam
1478 1472 1676 1510 secun-

72 1531 192 1582 dum
259 1535 543 1601 spiritum
578 1551 821 1606 peccata,
855 1543 974 1597 sine
1007 1547 1301 1602 virtutibus
1351 1551 1671 1616 morientur,

75 1638 184 1689 qua:
235 1635 332 1679 est
399 1629 635 1695 pessima
690 1634 972 1689 sterilitas.
1013 1636 1134 1692 Filii
1161 1642 1364 1694 etenim
1409 1659 1508 1697 nos
1538 1653 1677 1698 tem-

75 1731 198 1781 pore
229 1718 452 1786 judicii
499 1738 609 1776 non
673 1725 904 1793 juvant,
953 1730 1186 1786 virtutes
1234 1745 1416 1788 autent
1456 1737 1669 1804 juvant,

77 1823 305 1872 quarum
353 1829 531 1868 causa
565 1816 821 1872 videlicet
860 1837 1206 1886 coronamur,
1253 1841 1482 1893 quarum
1513 1830 1671 1881 steri-

79 1899 220 1954 litate
267 1905 531 1960 animum
590 1920 856 1978 aegrotare
909 1913 1278 1970 miserrimum
1337 1928 1438 1972 est.
1478 1919 1672 1974 Ornari

79 2005 250 2048 autem
293 1998 624 2068 hujusmodi
671 2004 904 2060 ﬁliorum
948 2010 1321 2077 generatione,
1350 2013 1677 2068 beatitudini

80 2097 172 2138 est.
197 2089 270 2143 Et
314 2091 437 2146 hoc
470 2103 559 2146 est
594 2111 718 2150 cum
754 2099 893 2153 Isaia
929 2101 1135 2156 dicere.
1171 2103 1215 2156 Α
1243 2105 1380 2174 facie
1415 2115 1528 2168 tua,
1566 2106 1676 2159 Do-

79 2179 245 2262 minet
294 2187 663 2250 concepimus,
703 2199 752 2242 et
792 2193 945 2260 quasi
972 2195 1352 2260 parturivimns
1385 2207 1431 2250 et
1465 2202 1673 2267 peperi-

83 2285 186 2321 mus
204 2273 476 2337 spiritum
510 2277 718 2336 salutis.
767 2280 1039 2348 justitiam
1080 2301 1183 2337 non
1216 2288 1434 2354 fecimus
1481 2292 1536 2342 in
1566 2301 1674 2343 ter-

84 2360 211 2411 ra”.
250 2359 317 2413 Et
364 2363 486 2418 hare
513 2364 786 2437 intelligis,
817 2382 873 2424 et
907 2387 1027 2440 quae
1059 2377 1512 2445 subsequuntur:

149 2451 304 2507 Vens.
340 2455 443 2518 20,
471 2455 562 2509 21.
599 2475 616 2508 ι
655 2458 758 2525 Qui
791 2463 981 2516 coierit
1009 2480 1131 2518 cum
1159 2483 1326 2522 uxore
1352 2472 1551 2539 patrui,
1585 2476 1671 2529 vel

87 2547 328 2601 avunculi
383 2550 492 2613 sui,
517 2559 571 2604 et
597 2555 925 2612 revelavcrit
950 2557 1300 2630 ignominiam
1332 2567 1673 2636 cognationis

92 2651 223 2730 suae,
272 2643 588 2708 portabunt
649 2649 810 2702 ambo
866 2661 1148 2719 peccatum
1204 2673 1403 2723 suum,
1461 2662 1668 2730 absque

95 2726 257 2784 liberis
304 2733 642 2789 morientur.
691 2737 793 2803 Qui
825 2741 1042 2799 duxerit
1078 2763 1302 2802 uxorem
1335 2750 1526 2805 fratris
1559 2726 1665 2815 sui,

100 2834 196 2873 rem
223 2822 355 2878 fecit
383 2825 653 2893 illicitam,
687 2832 1082 2900 turpitudinem
1131 2839 1312 2894 fratris
1342 2843 1426 2897 Siti
1456 2845 1668 2899 revela-

103 2913 180 2974 ιιι,
200 2915 410 2986 absque
445 2919 570 2974 ﬁliis
598 2935 782 2980 erunt.
829 2945 848 2976 ι

165 3005 409 3065 Ostendit
468 3029 598 3084 ergo
651 3017 928 3088 legislator
972 3024 1098 3090 quia
1157 3028 1394 3083 maxime
1425 3030 1662 3086 ﬁliorum

117 3112 247 3154 causa
298 3119 334 3156 a
429 3104 695 3164 Creatore
772 3113 1034 3169 societate
1109 3120 1342 3190 percipit
1416 3133 1664 3180 naturam

127 3194 354 3294 coniungi,
407 3215 475 3253 ea
521 3204 720 3274 quippe
750 3224 871 3276 quae
911 3226 1055 3266 nunc
1086 3221 1339 3286 tanquam
1381 3220 1664 3275 abomina-

130 3285 654 3365 biliaincongruaquc
705 3303 1001 3369 prohibuit.
1034 3306 1128 3362 Est
1171 3311 1315 3364 enim
1352 3329 1539 3369 revera
1578 3316 1663 3370 in-

111 3563 330 3622 misceri:
364 3581 423 3623 et
452 3571 567 3626 haec
595 3574 652 3628 in
685 3577 788 3630 alia
825 3590 976 3647 parte
1019 3581 1173 3652 legis,
1207 3586 1259 3640 id
1287 3598 1388 3650 est,
1431 3592 1483 3644 in
1523 3593 1663 3647 libro

110 3652 533 3727 Deuteronomii,
591 3678 701 3719 non
757 3668 932 3723 solum
999 3677 1278 3744 praecepit,
1341 3681 1436 3735 sed
1495 3684 1660 3740 etiam

108 3755 361 3821 compulit,
400 3755 638 3812 dicens:
694 3761 922 3824 Quando
977 3766 1332 3824 habitaverint
1377 3775 1568 3833 fratres
1589 3779 1662 3831 si-

113 3843 212 3907 mul,
253 3857 305 3900 et
353 3865 491 3903 unus
531 3867 595 3904 ea:
640 3853 716 3906 eis
760 3855 954 3926 absque
1007 3859 1182 3914 liberis
1215 3876 1448 3920 mortuus
1477 3871 1658 3938 fuerit,

115 3951 214 3991 tuor
235 3941 475 4011 defuncti
502 3959 602 3996 non
623 3947 776 3999 nubet
808 3947 984 4013 alteri,
1015 3953 1107 4004 sed
1129 3955 1348 4020 accipiet
1395 3976 1512 4013 eam
1543 3964 1658 4032 fra-

121 4035 316 4102 terejns,
368 4043 421 4086 et
461 4036 732 4090 suscitabit
779 4055 951 4093 semen
1003 4044 1186 4111 fratris
1230 4049 1314 4101 sui
1331 4050 1396 4102 ”.
1463 4054 1528 4106 Et
1576 4054 1658 4111 his

115 4118 296 4177 similia.
329 4124 473 4177 Cum
502 4133 686 4178 autem
730 4125 899 4182 frater
927 4145 1037 4184 non
1073 4133 1259 4198 fuerit,
1287 4148 1382 4193 aut
1408 4155 1654 4198 avuncu-

112 4209 216 4303 lum,
262 4226 360 4270 aut
413 4231 537 4269 eutn
589 4218 824 4287 qualiter
873 4231 958 4277 est
1000 4240 1065 4278 ex
1103 4228 1273 4294 patris
1302 4235 1652 4303 cognatione,

113 4302 278 4397 ducere
302 4308 590 4364 mulierem
613 4310 858 4368 defuncti
883 4315 1003 4370 sine
1023 4318 1146 4374 ﬁliis
1164 4326 1441 4393 praecepit.
1457 4302 1653 4397 quem?

115 4395 365 4488 admodum
414 4411 470 4455 et
515 4400 658 4456 Booz
718 4403 865 4460 Ruth
925 4411 1229 4466 secundum
1259 4413 1431 4484 legem
1453 4395 1652 4488 cogna-

113 4487 250 4546 tionis
290 4493 581 4564 accepit".
627 4496 718 4551 Sic
763 4498 1007 4555 libidinis
1062 4504 1281 4572 quidem
1325 4487 1652 4582 causafugit

1785 625 2082 679 secundum
2126 625 2266 679 LXX
2313 627 2580 680 duntaxat
2623 628 2986 696 interpretum
3036 626 3357 690 editionem,

1784 727 1843 772 ut
1883 733 1989 771 non
2044 727 2328 787 reputetur
2362 721 2442 772 eis
2492 719 2726 772 ﬁliorum
2759 717 3056 779 successio,
3093 733 3196 770 nec
3233 718 3364 771 ﬁliis

1782 825 1935 864 suam
1968 811 2276 880 relinquant
2311 811 2707 866 hatreditatem.
2742 810 2857 865 Hoc
2904 820 3085 864 autem
3119 809 3383 864 ostendit‘

1781 899 1945 953 etiam
1995 898 2354 967 Symmachus
2399 899 2568 953 edens
2615 898 2852 967 planius,
2885 897 2978 951 sed
3021 908 3074 950 et
3107 895 3360 949 Theodo-

1782 993 1916 1056 tion,
1951 990 2044 1059 qui
2071 1005 2170 1059 pro
2193 1005 2258 1042 eo
2284 990 2429 1058 quod
2455 989 2661 1043 dictum
2694 997 2795 1053 est,
2833 989 2942 1040 sine
2972 987 3097 1055 ﬁliis
3125 988 3357 1040 morien-

1779 1092 1886 1146 tur,
1917 1084 2120 1136 —sine
2165 1082 2290 1151 ﬁliis
2349 1091 2520 1143 erunt,
2584 1090 2814 1151 uterque
2849 1081 3162 1134 ediderunt.
3198 1079 3355 1132 Unde

1779 1185 1835 1232 et
1883 1177 2182 1247 spiritalem
2217 1175 2726 1244 interpretationem
2758 1186 2814 1228 et
2859 1173 3247 1228 resolutionem
3279 1174 3368 1226 si-

1780 1270 1961 1324 niilcm
1997 1268 2163 1322 habet
2186 1266 2579 1337 superioribus.

1851 1363 2011 1418 Vens.
2045 1362 2135 1416 22.
2176 1380 2194 1412 ε
2230 1361 2513 1414 Custodite
2554 1360 2699 1427 leges
2729 1373 2899 1417 meas,
2933 1366 3094 1426 atque
3123 1357 3349 1426 judicia,

1779 1463 1834 1507 et
1861 1453 2020 1506 facite
2047 1467 2133 1511 ea,
2166 1466 2235 1504 ne
2251 1461 2305 1504 et
2336 1466 2430 1503 vos
2475 1457 2692 1503 evomat
2726 1458 2870 1502 terra
2901 1463 3063 1518 quam
3097 1446 3353 1500 intraturi

1778 1546 1908 1599 estis
1928 1552 1983 1597 et
2013 1541 2266 1596 habituri.
2303 1558 2321 1591 ι

1848 1636 1965 1690 Non
1996 1635 2156 1689 nobis
2211 1632 2410 1688 sufﬁcit
2463 1640 2671 1702 partem
2706 1633 2995 1702 quamdam
3029 1647 3354 1686 conservare

1777 1730 1930 1801 legis,
1987 1744 2088 1782 nec
2141 1743 2310 1781 unum
2349 1727 2569 1781 aliudve
2626 1728 2938 1781 mandatum
2965 1727 3031 1780 ad
3058 1727 3354 1780 correctio—

1777 1839 1902 1877 nem
1941 1823 2064 1876 vita:
2094 1837 2375 1890 peragere,
2418 1820 2512 1874 sed
2540 1819 2723 1873 omnia
2749 1827 3020 1888 praecepta
3060 1828 3115 1872 et
3147 1819 3358 1887 judicia

1778 1918 2052 1972 custodire
2080 1931 2303 1970 necesse
2352 1916 2636 1978 habemus,
2681 1927 3019 1982 qtmcunque
3045 1928 3075 1964 a
3107 1912 3216 1965 Deo
3239 1912 3358 1980 jus-

1778 2022 1871 2060 sus
1917 2006 2193 2076 legislator
2247 2003 2486 2072 scripsit.
2540 2003 2665 2056 llaec
2692 2003 2839 2054 enim
2879 1999 3011 2053 dicit
3057 2010 3352 2069 praecepta,

1775 2103 1860 2155 vel
1907 2102 1976 2154 de
2024 2101 2222 2170 quibus
2269 2099 2386 2167 ipse
2431 2096 2690 2151 dubitans
2736 2095 3044 2164 inquirebat
3077 2095 3270 2153 Deum,
3302 2102 3364 2148 ct.

1776 2195 1868 2247 illo
1897 2193 2086 2246 didicit
2120 2192 2424 2259 iudicante,
2459 2189 2600 2242 sicut
2625 2189 2678 2240 in
2712 2187 2854 2240 ﬁlios
2881 2187 3198 2241 lsraelitidis
3230 2201 3356 2239 mii-

1774 2287 1942 2349 lieris,
1994 2287 2086 2354 qui
2139 2286 2354 2340 locutus
2406 2292 2491 2336 est
2525 2282 2955 2350 blaSphemiam:
3010 2281 3157 2350 leges
3208 2280 3358 2334 enim

1775 2397 1895 2449 qua:
1935 2381 2007 2434 ita
2058 2380 2280 2448 prolatae
2331 2388 2478 2436 sunt,
2521 2376 2726 2443 judicia
2780 2376 3049 2428 ninninat.
3103 2374 3205 2428 Per
3237 2375 3356 2428 haec

1774 2480 1950 2525 autem
2015 2481 2180 2526 totam
2233 2473 2373 2525 hanc
2404 2472 2574 2542 legem
2627 2471 2864 2525 breviter
2913 2470 3363 2540 significaviLde-

1773 2579 1880 2633 qua
1927 2563 2066 2616 nihil
2111 2573 2330 2632 oportet
2375 2563 2698 2633 transgredi,
2745 2573 2803 2616 ut
2837 2578 2946 2616 non
2997 2561 3268 2629 ejiciatur,
3299 2561 3352 2615 id

1773 2667 1855 2710 est
1884 2658 2197 2725 projiciatur
2219 2657 2619 2727 prawaricator.
2647 2655 2758 2709 Hoc
2789 2665 2873 2709 est
2899 2656 3046 2709 enim
3073 2670 3348 2714 evomere,

1771 2747 1916 2814 quod
1965 2756 2021 2799 et
2043 2745 2426 2816 Symmachus,
2461 2743 2716 2797 similiter
2745 2753 2800 2797 et
2843 2743 3183 2797 Theodotion
3212 2742 3354 2810 abji-

1770 2854 1897 2892 cere
1930 2839 2121 2893 edidit.
2155 2839 2345 2893 Evomi
2393 2850 2599 2902 autem,
2647 2838 2824 2892 unde?
2870 2836 2943 2890 De
2981 2845 3122 2890 terra
3157 2835 3353 2889 videli-

1769 2941 1876 2991 cet.
1906 2933 1961 2986 in
1991 2949 2095 3002 qua
2124 2948 2226 2988 nos
2289 2936 2431 2986 Deus
2466 2932 2736 2986 introduci
2774 2931 3043 3001 promittit
3071 2947 3084 2983 :
3137 2946 3259 3000 quae
3285 2929 3358 2982 sit

1769 3035 1950 3080 autem
1981 3027 2116 3091 haec,
2157 3042 2220 3078 ex
2270 3026 2727 3094 subsequentibus
2760 3024 2929 3077 disce.

1841 3121 2006 3176 Vens.
2037 3122 2126 3186 25,
2167 3120 2255 3174 ‘24.
2298 3139 2316 3171 ι
2354 3118 2531 3174 Nolite
2584 3120 2864 3173 ambulare
2898 3120 2950 3172 in
2977 3116 3233 3186 legitimis
3260 3130 3356 3168 na-

1771 3216 2002 3277 tionum,
2031 3229 2166 3284 quas
2196 3229 2296 3283 ego
2325 3213 2655 3281 expulsurus
2687 3229 2806 3267 sum
2838 3221 2965 3265 ante
3008 3226 3125 3265 vos.
3157 3210 3355 3263 Omnia

1773 3307 1918 3361 enim
1976 3307 2091 3362 haec
2129 3306 2377 3361 fecerunt
2406 3315 2460 3360 et
2488 3306 2836 3359 abominatus
2867 3320 2989 3358 sum
3024 3318 3138 3357 eos.
3185 3300 3351 3356 Vobis

1772 3401 1918 3455 enim
1948 3401 2160 3470 loquor,
2193 3399 2467 3469 possidete
2517 3411 2715 3453 terram
2748 3414 2957 3462 eorum,
3007 3414 3166 3468 quam
3212 3399 3355 3452 dabo

1770 3493 1926 3548 vobis
1977 3493 2031 3546 in
2066 3492 2480 3547 litereditatem:
2533 3500 2732 3545 terram
2783 3491 3042 3545 fluentem
3102 3491 3238 3544 lacte
3299 3499 3354 3544 et

1770 3586 1951 3640 melle.
1989 3586 2100 3656 Ego
2133 3585 2393 3639 Dominus
2418 3583 2563 3640 Deus
2588 3594 2792 3649 vester,
2835 3584 2925 3654 qui
2965 3584 3211 3653 separavi
3257 3601 3354 3636 vos

1769 3697 1798 3734 ιι
1833 3680 2044 3734 caeteris
2070 3680 2307 3750 populis.
2351 3699 2370 3730 ι

1836 3772 1960 3825 Non
2016 3773 2191 3825 solum
2253 3771 2317 3824 ad
2346 3769 2564 3825 Judmos
2622 3769 2739 3823 hinc
2773 3768 2918 3822 dicta
2973 3776 3102 3821 sunt
3161 3766 3251 3836 qui
3286 3767 3355 3820 ab

1769 3863 2023 3917 omnibus
2057 3863 2309 3934 gentibus
2339 3872 2560 3931 propter
2589 3860 3070 3914 circumcisionem
3098 3867 3152 3912 et
3184 3858 3347 3929 Moysi

1767 3955 1941 4026 legem
1972 3963 2254 4024 separatos
2293 3969 2352 4008 se
2381 3969 2502 4008 esse
2556 3951 2812 4018 credunt,
2851 3951 2943 4004 sed
2976 3959 3030 4004 et
3064 3951 3130 4003 ad
3160 3965 3351 4002 omnes

1765 4049 1856 4118 qui
1897 4049 2166 4103 accedunt
2200 4047 2407 4102 servire
2437 4047 2545 4100 Deo
2573 4065 2586 4100 :
2615 4047 2716 4099 bos
2751 4045 2899 4099 enim
2928 4044 3207 4097 ambulare
3236 4059 3351 4095 ma-

1763 4144 1908 4196 xime
1937 4141 1990 4194 in
2024 4140 2266 4211 gentium
2296 4139 2536 4209 legitima
2565 4154 2674 4192 non
2703 4138 2825 4192 licet
2859 4155 2872 4190 ε
2902 4138 3145 4207 gentium
3170 4145 3351 4187 autem

1761 4237 1881 4290 sine
1912 4234 2218 4294 nationum,
2247 4231 2521 4302 quarum?
2550 4229 2695 4295 Quas
2717 4245 2819 4300 ego
2851 4229 3179 4298 expulsurus
3208 4243 3354 4287 sum,

1760 4327 1859 4391 ait,
1906 4333 2032 4378 ante
2072 4338 2206 4378 vos:
2238 4321 2383 4391 quod
2412 4321 2594 4375 caeteri
2637 4321 2998 4388 interpretum
3030 4319 3353 4379 ediderunt,

1759 4432 1890 4485 quas
1916 4414 2071 4484 ejicio
2100 4430 2191 4484 ego
2218 4431 2251 4465 a
2277 4412 2414 4483 facie
2465 4421 2660 4465 vestra.
2695 4408 2834 4463 LXX
2881 4418 3086 4472 autem,
3123 4425 3153 4460 a
3186 4408 3349 4467 vobis,

1757 4509 1812 4567 id
1842 4516 1925 4560 est
1952 4506 2238 4561 daemonia.
2276 4503 2400 4557 Haec
2429 4502 2578 4556 enim
2610 4519 2639 4555 a
2685 4501 2822 4555 facie
2847 4501 3088 4554 ﬁdelium
3144 4500 3353 4568 expulit

108 4592 428 4678 Fagnaforum
469 4587 934 4652 commisuonemv
987 4597 1414 4666 societatemque
1459 4604 1643 4670 prohi-
1686 4623 1730 4678 υ
1757 4599 2090 4655 dominantia
2141 4597 2245 4661 eis,
2296 4596 2448 4666 prius
2479 4611 2604 4649 cum
2653 4595 2705 4648 in
2746 4594 3029 4662 impietate
3077 4595 3348 4661 persiste-

106 4668 192 4727 bct.
233 4675 460 4741 Quando
505 4687 690 4732 autem
736 4696 928 4737 rursus
959 4694 1175 4752 oportet
1202 4668 1651 4751 tribulationibus

103 4765 358 4823 sublevare
387 4769 476 4824 vel
506 4770 742 4837 casibus,
778 4777 1039 4845 praecepit
1082 4786 1138 4832 et
1170 4780 1286 4833 vult
1312 4798 1325 4834 :
1351 4792 1405 4836 et
1429 4787 1653 4856 nuptias

102 4866 186 4907 non
230 4858 285 4911 in
336 4859 641 4928 pollutione
683 4864 1073 4932 corruptionis,
1118 4867 1215 4921 sed
1240 4869 1308 4923 ad
1341 4877 1653 4930 successio-

101 4958 201 5001 nem
247 4952 466 5020 generis
503 4952 822 5010 hominibus
850 4959 1129 5029 praecepit,
1164 4973 1391 5032 propter
1416 4969 1560 5036 quod
1593 4979 1650 5025 et

101 5050 200 5138 eum
225 5044 317 5112 qui
345 5044 425 5100 sic
455 5046 737 5111 miscetur,
762 5047 880 5103 sine
908 5050 1033 5104 filiis
1064 5054 1202 5107 mori
1237 5060 1534 5128 praecepit;
1577 5062 1651 5118 ait

102 5137 241 5226 enim,
265 5142 460 5206 absque
480 5137 608 5204 ﬁliis
645 5150 798 5193 erunt
828 5158 846 5194 :
871 5144 999 5211 quia
1040 5144 1276 5201 ﬁliorum
1311 5154 1650 5219 procreatio—

103 5223 168 5271 uis
196 5223 384 5295 legem,
440 5229 584 5283 male
629 5229 850 5296 utendo,
882 5234 1188 5291 confundit.
1221 5237 1361 5304 Quid
1406 5259 1536 5315 ergo
1566 5253 1652 5300 est

103 5318 215 5370 mori
240 5319 354 5373 sine
378 5321 549 5376 ﬁliis?
581 5339 683 5379 rec
711 5325 855 5380 enim
879 5327 981 5382 hac
1004 5329 1120 5400 lege
1139 5348 1383 5400 quazrere
1413 5339 1650 5395 maxime

105 5413 443 5468 necessarium
485 5425 591 5479 est,
641 5426 824 5472 utrum
861 5419 1000 5476 ﬁlios
1045 5438 1232 5479 eorum
1259 5429 1350 5496 qui
1383 5433 1647 5488 uxoribus

105 5496 300 5558 fratrum
327 5509 831 5580 avunculorumque
875 5527 1203 5582 nupserunt,
1239 5519 1477 5576 interimi
1504 5540 1644 5593 prae-

105 5596 302 5685 φρει-ιι,
349 5610 404 5654 et
438 5603 711 5671 quomodo
741 5605 849 5659 ait:
887 5605 1004 5659 Non
1034 5611 1321 5665 morientur
1349 5625 1527 5682 patres
1551 5633 1645 5685 pro

109 5682 225 5752 ﬁliis,
254 5704 342 5744 nec
382 5692 483 5761 ﬁlii
533 5709 628 5761 pro
672 5695 911 5762 patribus
933 5695 1016 5751 '7?
1069 5697 1174 5756 Sed
1206 5703 1519 5761 nullatenus
1548 5682 1645 5763 eos

165 5889 314 5947 "lsa.
339 5909 481 5962 xxvi,
515 5893 599 5950 l8.
677 5897 722 5928 "‘
747 5897 903 5954 Deut.
929 5917 1051 5966 xxv,

1216 5904 1260 5936 ³⁵
1288 5905 1453 5961 ιὶιιιῒι.
1489 5924 1570 5972 ιιι,
1611 5909 1633 5963 1
1677 5923 1826 5978 seqq.

1755 4701 1898 4755 rent,
1949 4697 2004 4744 et
2033 4703 2135 4743 nec
2175 4703 2319 4742 unus
2359 4687 2476 4749 uni,
2529 4685 2625 4740 sed
2661 4685 2818 4738 multi
2854 4685 2947 4738 uni
2989 4684 3351 4737 dominaban-

1755 4791 1866 4836 tur.
1904 4780 2060 4848 Quod
2092 4781 2289 4850 probat
2337 4779 2502 4833 Maria
2536 4779 2876 4849 Magdalene,
2911 4777 2980 4832 de
3006 4794 3112 4846 qua
3140 4787 3349 4845 septem

1755 4875 1917 4944 ejecit
1959 4873 2250 4936 dtemonia,
2285 4882 2341 4928 et
2374 4873 2464 4943 qui
2505 4874 2723 4927 vinctus
2761 4882 2880 4927 erat
2921 4875 3164 4934 catenis;
3213 4870 3349 4926 dicit

1757 4966 1901 5021 enim
1932 4966 1980 5020 ei
2008 4984 2023 5020 :
2055 4965 2213 5035 Legio
2245 4981 2434 5018 nomen
2461 4974 2536 5018 est
2571 4966 2714 5029 milii,
2753 4965 2877 5034 quia
2911 4963 3063 5017 multi
3093 4962 3345 5016 sumus”.

1756 5061 1883 5115 Hinc
1930 5075 2060 5129 ergo
2121 5071 2244 5129 qum
2295 5059 2380 5113 lex
2425 5059 2727 5129 prohibuit,
2779 5058 2847 5112 ab
2898 5058 3020 5111 aliis
3059 5057 3350 5111 commissa

1755 5158 1904 5214 sunt,
1949 5159 2043 5204 aut
2084 5150 2186 5220 ipsi
2216 5166 2314 5220 per
2348 5167 2407 5204 se
2446 5151 2757 5221 agentibus,
2794 5158 2888 5203 aut
2935 5149 2991 5202 in
3027 5149 3347 5202 hominibus

1755 5243 2151 5314 Operantibus:
2214 5252 2439 5312 pr0pter
2490 5258 2628 5312 quos
2684 5260 2779 5297 eos
2829 5243 2974 5297 Deus
3005 5241 3350 5295 abominatus

1753 5346 1858 5402 est,
1913 5347 1968 5392 et
2029 5353 2130 5392 nos
2183 5337 2238 5390 in
2291 5337 2666 5392 hmreditatem
2715 5337 2934 5391 illorum
2967 5336 3267 5390 introduxit
3294 5335 3347 5387 in

1756 5440 1958 5484 terram
2010 5428 2270 5483 liuentem
2300 5429 2384 5484 lac
2417 5438 2472 5483 et
2503 5431 2632 5484 mel.
2666 5428 2785 5483 Non
2825 5428 2984 5493 dixit,
3027 5428 3344 5489 habentem,

1754 5532 1813 5577 ut
1843 5523 1910 5577 de
1941 5522 2045 5577 hac
2075 5522 2320 5577 sensibili
2358 5531 2503 5576 terra
2533 5523 2793 5591 accipias,
2826 5521 2972 5590 quod
3001 5520 3208 5574 dictum
3238 5527 3344 5581 est,

1752 5615 1847 5669 sed
1889 5617 2157 5684 ﬂuentem.
2211 5613 2343 5680 Quin
2376 5625 2463 5670 est
2507 5626 2688 5670 autem
2724 5626 2868 5669 terra
2897 5627 3018 5683 qua:
3045 5611 3127 5665 lac
3153 5621 3209 5665 et
3234 5615 3340 5668 mel

1754 5706 1920 5761 ﬂuat?
1977 5707 2208 5762 Delicias
2269 5707 2434 5780 igitur
2460 5707 2595 5763 dicit
2643 5708 2812 5762 futuri
2846 5709 3053 5777 szeculi,
3089 5722 3144 5768 et
3191 5711 3334 5766 bona

1905 5907 1948 5940 ⁸⁷
1980 5907 2135 5963 Deut.
2170 5925 2314 5975 sitv,
2355 5908 2436 5964 16.
2516 5909 2559 5942 ³⁸
2593 5908 2756 5964 Marc.
2789 5927 2842 5978 γ,
2865 5911 2920 5968 9.
