4032 6440
664 388 803 457 105*.
1849 384 2216 447 HESYCHII
2251 380 2730 443 PRESBYTERI
3725 386 3804 447 ιω

655 521 778 581 qme
826 507 987 563 nobis
1032 506 1173 563 Deus
1222 515 1346 577 post
1386 504 1843 561 resurrectionem
1891 513 2237 560 mortuorum
2269 509 2312 564 Α
2340 510 2567 557 scuntur
2608 499 2937 565 actionibus,
2975 497 3077 553 etsi
3110 496 3353 551 ﬁdelium
3416 494 3607 565 ﬁngant
3632 498 3809 561 habitu

657 605 857 670 donat;
925 618 1045 671 qua!
1102 602 1183 655 lac
1241 610 1298 655 et
1335 600 1440 654 mel
1489 598 1803 669 appellavit,
1834 597 1963 667 quia
1995 614 2061 652 eo
2100 597 2237 651 nihil
2340 604 2400 650 ut
2446 594 2712 650 immundi
2776 592 3010 663 separati
3062 599 3306 654 suut,et
3350 590 3494 644 inter
3534 592 3814 653 immundam.

656 705 741 751 est
770 694 992 751 suavius
1021 695 1076 748 in
1103 694 1188 749 his
1209 693 1407 764 quibus
1436 707 1584 746 nunc
1607 692 1813 746 utimur
1867 690 2028 756 cibis,
2059 705 2239 760 neque
2339 689 2527 745 stincti
2560 698 2709 752 sunt,
2741 704 2771 741 a
2800 701 3033 757 quorum
3063 700 3166 739 nos
3196 683 3522 738 omnimodo
3563 686 3692 741 malis
3714 692 3821 745 abs“.

656 789 893 844 dulcius.
944 787 1052 843 Sed
1081 796 1137 843 et
1169 787 1288 841 sine
1316 784 1504 840 labore
1551 800 1764 849 eorum,
1814 783 1970 839 cibus
1999 793 2083 838 est
2118 784 2241 837 nul-
2339 796 2471 835 nere
2503 779 2779 836 desiderat
2827 786 3054 848 propter
3078 775 3222 846 quod
3249 774 3501 828 addidit:

657 883 763 936 lius
791 881 1127 951 operationis
1155 880 1241 934 vel
1270 878 1687 949 praeparationis
1715 891 1880 949 egens
1904 894 1919 931 :
1951 876 2062 931 illic
2092 877 2239 931 enim
2411 872 2575 928 Eritis
2598 871 2767 925 sancti
2789 870 2936 933 mihi,
2970 868 3093 936 quia
3128 883 3220 938 ego
3249 877 3471 920 sanctus
3500 883 3607 919 sum
3634 867 3825 929 Dominus,

658 975 799 1028 bona
830 974 1008 1027 futura
1037 972 1221 1027 saeculi
1269 972 1387 1027 sine
1422 971 1609 1027 labore
1637 978 1803 1026 erunt
1828 969 2009 1039 aliquo
2031 969 2119 1024 vel
2149 969 2243 1025 do-
2340 964 2444 1032 Qui
2495 965 2669 1019 forma
2700 961 2855 1018 vobis
2879 958 3316 1016 conversationis
3375 956 3603 1013 eﬁectus
3647 976 3755 1027 sum,
3774 986 3825 1033 qm

656 1068 793 1131 lore,
832 1067 1034 1122 nullius
1065 1066 1254 1131 studii,
1304 1065 1509 1119 nullius
1537 1074 1857 1134 apparatus,
1884 1063 2090 1117 nullius
2116 1077 2243 1133 Ope-
2344 1067 2554 1114 tantum
2602 1064 2884 1111 aversatus
2932 1068 3054 1107 sum
3112 1062 3355 1112 terrena,
3403 1059 3467 1104 ut
3523 1066 3618 1105 nec
3654 1053 3827 1111 trabem

658 1161 886 1217 rationis
920 1161 1157 1231 egentia.
1191 1160 1261 1214 Et
1296 1159 1420 1229 quis
1447 1158 1608 1214 nobis
1635 1158 1753 1212 haec
1786 1157 1901 1223 det,
1937 1165 2129 1227 aperte
2161 1171 2243 1212 se-
2343 1168 2451 1223 quo
2500 1151 2823 1206 reclinarem
2864 1156 3049 1218 caput,
3103 1147 3198 1216 qui
3255 1147 3427 1200 etiam
3473 1146 3607 1200 meis
3635 1147 3825 1219 diSCipOitj

656 1252 877 1321 quentia
904 1252 1070 1306 verba
1100 1250 1428 1323 legislatoris
1455 1249 1775 1305 ostendunt.
2343 1242 2595 1298 mandavi
2620 1259 2633 1294 :
2688 1240 2810 1294 Non
2852 1239 3165 1310 possideatis
3196 1254 3397 1291 aurum
3433 1252 3593 1305 neque
3621 1253 3825 1306 argentm,

728 1344 842 1415 Ego
874 1345 1132 1400 Dominus
1173 1345 1310 1399 Deus
1343 1354 1526 1409 vester,
1562 1344 1651 1414 qui
1690 1341 1935 1412 separavi
1973 1356 2060 1394 vos
2085 1357 2117 1393 a
2145 1354 2245 1393 caa-
2346 1354 2507 1408 neque
2529 1353 2598 1391 ws
2624 1338 2679 1389 in
2701 1335 2845 1388 zonis
2872 1335 3074 1397 vestris,
3110 1350 3212 1387 non
3244 1350 3435 1403 peram
3460 1335 3514 1385 in
3546 1334 3642 1397 via,
3669 1342 3825 1394 necem

659 1438 784 1491 teris
814 1438 1038 1506 populis.
1074 1437 1187 1492 Hoc
1225 1445 1409 1491 autem
1442 1434 1698 1489 Christus
1749 1433 1876 1489 fecit
1902 1451 1916 1486 :
1948 1432 2064 1502 ipse
2094 1430 2243 1485 enim
2347 1432 2568 1492 tunicas,
2599 1444 2761 1499 neque
2790 1427 3171 1490 calceamenta,
3214 1442 3386 1496 neque
3408 1426 3659 1495 virgam'.
3687 1428 3733 1480 ln
3766 1442 3827 1484 ill;-

658 1528 713 1581 in
761 1527 1069 1599 Evangeliis
1109 1529 1179 1583 ab
1217 1528 1476 1583 omnibus
1524 1526 1778 1597 gentibus
1804 1541 1915 1581 non
1950 1524 2125 1579 solum
2157 1523 2245 1577 in-
2346 1533 2460 1578 tum
2484 1538 2612 1593 ergo
2638 1537 2827 1577 eorum
2867 1536 2988 1591 quae
3019 1520 3076 1574 in
3116 1529 3261 1575 terra
3292 1526 3525 1589 repunt,
3560 1520 3682 1575 nihil
3701 1538 3825 1579 cosse

660 1619 1055 1690 telligibilibus,
1108 1621 1205 1675 sed
1254 1619 1631 1682 sensibilibus,
1697 1616 1986 1688 distinguit
2028 1631 2125 1671 eos
2151 1614 2246 1685 qui
2347 1632 2477 1688 pere
2504 1626 2597 1671 aut
2623 1631 2783 1687 agere
2806 1615 3008 1670 studet.

659 1711 716 1765 in
749 1728 875 1766 eum
930 1712 1193 1778 credunt;
1237 1713 1314 1767 ait
1357 1711 1544 1766 enim:
1578 1710 1659 1765 Ne
1689 1711 1944 1779 cogitetis,
1981 1710 2245 1763 dicentes:
2419 1710 2582 1764 Vens.
2613 1708 2704 1763 2'7.
2752 1725 2771 1758 ι
2820 1707 2935 1769 Vir,
2983 1706 3101 1761 sive
3146 1705 3368 1767 mulier,
3414 1704 3473 1757 in
3506 1704 3829 1775 quibusPnhe.

659 1802 799 1869 Quid
822 1806 1201 1860 comedemus?
1249 1815 1342 1859 aut
1376 1806 1505 1876 quid
1560 1805 1832 1860 bibemus?
1885 1812 1980 1856 aut
2021 1818 2121 1872 quo
2148 1817 2249 1855 ve-e
2287 1875 2294 1876 ί
2348 1802 2524 1867 uicus,
2557 1802 2643 1857 vel
2690 1799 3042 1855 divinationis
3082 1798 3250 1854 fuerit
3298 1796 3557 1867 spiritus,
3605 1808 3748 1851 morte
3774 1818 3832 1853 tm-

659 1897 921 1950 stiemur?
964 1897 1073 1951 [nec
1099 1907 1276 1951 autem
1300 1875 1478 1951 omnia
1514 1905 1690 1967 gentes
1713 1896 1984 1966 inquirunt
2004 1896 2070 1947 ’9.
2101 1892 2243 1964 Ergo
2277 1875 2319 1933 Β
2348 1895 2577 1959 riantur,
2623 1893 2895 1963 lapidibus
2937 1892 3174 1947 obruent
3201 1904 3317 1945 eos.
3356 1888 3596 1959 Sanguis
3636 1903 3778 1942 eorum
3802 1908 3830 1946 et:

661 1996 848 2056 aperte
878 2004 980 2043 nos
1029 1998 1312 2057 separatos
1355 2003 1480 2043 esse
1514 2004 1545 2042 a
1589 1988 1846 2059 gentibus
1884 1987 2021 2053 vult,
2073 1987 2246 2042 subli-
2350 2002 2515 2056 super
2540 1986 2679 2039 illos.
2722 2004 2742 2037 ι

662 2082 890 2136 miorem
921 2082 1182 2136 sectando
1208 2082 1701 2137 conversationem.
2420 2079 2535 2133 Hoc
2570 2079 2745 2149 ipsum
2775 2076 3137 2148 Pythonicum
3174 2089 3319 2137 esse,
3351 2072 3442 2127 vel
3494 2071 3733 2133 divinum,
3758 2074 3829 2133 sive,

736 2173 902 2229 Vens.
933 2174 1022 2238 25,
1056 2175 1147 2228 26.
1186 2194 1204 2226 ι
1242 2175 1503 2244 Separate
1538 2190 1668 2246 ergo
1702 2182 1759 2229 et
1799 2189 1897 2230 vos
1937 2174 2248 2244 iumentum
2292 2206 2304 2223 ν
2350 2181 2412 2226 ut
2436 2169 2599 2237 LXX,
2651 2172 3058 2232 incantatorem,
3104 2166 3287 2221 nimia:
3342 2163 3647 2234 iniquitatis
3678 2170 3831 2231 estzqa

663 2267 928 2320 mundum
957 2267 1025 2321 ab
1065 2266 1370 2331 immundo,
1402 2282 1556 2321 avem
1611 2267 1870 2321 mundam
1908 2268 1976 2320 ab
2005 2266 2251 2320 immun-
2351 2266 2496 2321 enim
2533 2264 2656 2319 talis
2681 2273 2787 2329 est,
2819 2272 2876 2317 et
2905 2263 3022 2332 ipse
3054 2267 3353 2331 corruptus
3400 2265 3513 2319 est,
3544 2266 3597 2311 et
3623 2256 3735 2310 alios
3763 2272 3830 2325 pro

662 2357 752 2412 da.
796 2356 875 2412 Ne
923 2358 1178 2427 polluatis
1226 2358 1438 2413 animas
1482 2367 1695 2414 vestras
1734 2359 1789 2412 in
1832 2373 2052 2428 pecore,
2105 2366 2162 2413 et
2195 2356 2251 2411 in
2351 2356 2437 2411 cul
2461 2356 2627 2411 dubio
2672 2356 2726 2409 in
2774 2370 2872 2409 sua
2909 2354 3198 2423 iniquitate
3227 2348 3554 2419 corrumpit.
3600 2348 3729 2403 Unde
3758 2366 3827 2416 pre

663 2450 879 2513 avibus,
924 2458 980 2505 et
1026 2450 1241 2505 cunctis
1290 2465 1411 2519 qua:
1439 2457 1730 2505 moventur
1766 2450 1823 2504 in
1847 2459 2014 2514 terra,
2042 2458 2099 2503 et
2128 2463 2252 2519 qua:
2351 2447 2495 2517 cepit
2520 2447 2792 2516 lapidibus
2834 2461 2960 2500 eum
2986 2445 3169 2508 obrui,
3200 2443 3331 2513 quia
3364 2456 3475 2495 nec
3516 2440 3740 2495 sensibile
3763 2443 3827 2509 quia

663 2541 819 2597 vobis
843 2542 1056 2597 ostendi
1085 2557 1209 2598 esse
1239 2543 1469 2612 polluta.
1515 2543 1681 2598 Eritis
1725 2543 1898 2599 sancti
1933 2544 2092 2608 mihi,
2124 2543 2251 2613 quia
2353 2543 2586 2613 agimus,
2631 2542 2726 2597 sed
2761 2541 2978 2596 fabulas
3008 2540 3077 2596 de
3107 2538 3298 2603 corde,
3343 2534 3518 2591 veluti
3550 2533 3827 2604 superﬂuens

663 2642 888 2687 sanctus
929 2650 1049 2688 sum
1083 2648 1183 2704 ego
1216 2633 1479 2689 Dominus
1519 2642 1576 2689 et
1608 2633 1859 2704 separavi
1889 2647 1988 2688 vos
2016 2648 2047 2686 a
2077 2647 2253 2703 popu-
2353 2650 2521 2689 vanos
2572 2648 2876 2695 sermones,
2931 2632 3019 2688 vel
3071 2631 3323 2702 quaedam
3389 2626 3549 2699 quasi
3603 2627 3826 2680 incanum

666 2724 751 2786 lis.
788 2732 850 2777 ut
878 2724 1075 2779 essetis
1101 2724 1230 2778 mei.
1271 2742 1291 2775 ι

2270 2750 2273 2755 ·
2353 2729 2747 2793 blandimenta,
2797 2726 3117 2797 incongruis
3165 2724 3543 2780 doctrinarum
3590 2721 3822 2774 sermonis

734 2817 1012 2880 Jumenta,
1063 2817 1179 2873 sive
1228 2831 1448 2888 pecora,
1490 2815 1619 2887 quia
1657 2816 1949 2887 p0pulares
1998 2816 2252 2871 homines
2354 2820 2661 2883 studemus,
2708 2827 2769 2873 ut
2797 2802 3165 2889 popularium,
3197 2816 3312 2870 sive
3344 2812 3665 2883 simplicium
3692 2812 3824 2864 sedili“?

666 2910 934 2981 intelligat
959 2910 1076 2975 lex;
1128 2909 1370 2965 volatilia
1414 2920 1596 2965 autem
1641 2910 2126 2978 contemplatores,
2158 2909 2253 2979 qui
2355 2929 2478 2968 mus
2500 2915 2739 2977 auditus,
2788 2914 2857 2969 ad
2892 2912 3214 2967 nutriendos
3247 2919 3477 2965 ventres
3515 2916 3721 2969 nostros,
3740 2918 3822 2973 atqu.

665 3003 735 3057 ad
762 3004 1153 3058 sublimitatem
1182 3012 1379 3059 vacant
1424 3003 1690 3067 scientiae,
1718 3011 1905 3073 aperte
1932 3018 1963 3056 a
1990 3003 2170 3066 nobis,
2199 3011 2255 3057 et
2355 3006 2575 3077 explere
2606 3016 2825 3061 nostras
2867 3006 3177 3076 voluptates
3211 3005 3348 3060 alias
3379 3004 3578 3058 talibus
3617 3004 3823 3071 exquisiti-

667 3112 793 3150 cum
823 3096 1025 3165 quibus
1060 3096 1348 3166 oportebat
1373 3096 1779 3165 Scripturarum
1812 3095 2251 3166 probationibus,
2355 3100 2519 3155 nibus
2547 3099 2851 3170 cupientes.
2887 3099 3088 3169 Aperte
3136 3098 3285 3152 enim
3318 3096 3671 3167 intelligibiles
3712 3094 3821 3163 Pythi-

666 3197 947 3244 ostensum
970 3198 1073 3253 est,
1106 3205 1231 3245 cum
1265 3189 1333 3244 de
1364 3188 1645 3244 sacriﬁciis
1677 3196 1734 3243 et
1775 3188 1913 3243 cibis
1954 3189 2257 3259 quadrupc-
2281 3236 2323 3295 Ο
2357 3170 2513 3247 nicos
2565 3200 2622 3247 et
2679 3206 2880 3262 pravos
2936 3191 3304 3246 incantatores
3362 3187 3625 3243 Romanis
3675 3188 3821 3241 scriben'

666 3280 799 3336 dum
847 3281 1260 3352 volatiliumque
1288 3282 1617 3345 diceremus,
1652 3281 1778 3351 quia
1816 3281 1999 3337 omnis
2024 3281 2253 3352 popula-
2284 3280 2323 3295 ν
2356 3283 2557 3339 Paulus
2613 3299 2710 3338 vas
2758 3283 3042 3339 electionis
3080 3282 3353 3352 expressit
3384 3300 3397 3336 :
3456 3280 3691 3351 Rogamus
3723 3291 3819 3329 ante:

668 3376 744 3430 ris
782 3376 1022 3430 mundus
1064 3386 1289 3447 propter
1331 3376 1738 3446 simplicitatem
1771 3393 1802 3431 a
1832 3376 2082 3447 pluribus
2105 3375 2258 3446 judi—
2357 3390 2465 3441 vos,
2503 3375 2715 3445 fratres,
2752 3383 2808 3427 ut
2840 3374 3119 3428 observetis
3148 3390 3235 3427 eos
3275 3373 3368 3444 qui
3417 3370 3722 3425 dissensiones
3753 3369 3822 3417 inter

666 3478 847 3533 catur,
869 3470 1229 3538 similiterque
1257 3476 1314 3522 et
1344 3469 1437 3539 qui
1465 3470 1533 3524 ad
1565 3468 1848 3524 scientiam
1891 3468 2130 3524 divinam
2166 3483 2258 3523 se-
2359 3485 2446 3523 vos
2475 3479 2525 3522 et
2561 3467 2871 3538 oﬂ’endicula
2912 3478 3103 3536 prwter
3149 3468 3449 3521 doctrinam
3491 3480 3638 3535 quam
3664 3478 3728 3514 vos
3745 3462 3816 3511 diti-

672 3560 937 3630 tnetipsos
994 3561 1210 3615 tradere
1258 3569 1423 3631 atque
1474 3577 1741 3631 occupare
1778 3562 2057 3615 videntur.
2099 3560 2258 3627 Quod
2359 3562 2521 3626 cistis,
2569 3562 2792 3632 faciunt,
2824 3570 2872 3615 et
2902 3560 3159 3614 declinate
3185 3559 3250 3613 ab
3274 3560 3350 3614 eis
3375 3560 3416 3613 i.
3456 3557 3559 3624 Qui
3597 3564 3734 3610 autem
3766 3554 3818 3603 sint

674 3670 786 3708 non
840 3655 915 3708 ita
962 3670 1020 3709 sc
1054 3655 1220 3710 habet
1253 3674 1267 3709 :
1319 3665 1540 3728 oportet
1583 3658 1729 3712 enim
1766 3657 2087 3727 p0pularem
2132 3673 2261 3727 pru-
2359 3654 2439 3719 hi,
2473 3654 2528 3707 in
2567 3654 3031 3723 subsequentibus
3058 3652 3396 3722 esplanavit:
3431 3651 3502 3705 Hi
3549 3650 3667 3703 enim
3695 3644 3810 3700 Desit»

671 3748 892 3801 dentem
925 3764 1046 3803 esse
1076 3749 1129 3801 in
1163 3750 1337 3815 bono;
1369 3751 1423 3803 in
1452 3749 1595 3804 malo
1627 3758 1832 3816 autem,
1856 3749 1997 3804 sicut
2029 3749 2104 3803 ait
2130 3748 2262 3803 Pau-
2360 3758 2538 3801 nostro
2576 3747 2777 3803 Christo
2817 3763 2919 3800 non
2969 3746 3217 3811 serviunt,
3246 3746 3335 3799 sed
3379 3762 3477 3799 suo
3525 3742 3689 3804 ventri,
3720 3750 3801 3799 ait

674 3839 815 3904 lus‘,
875 3840 1198 3910 simplicem.
1245 3840 1341 3897 llic
1370 3841 1517 3896 enim
1547 3842 1639 3913 qui
1676 3842 1801 3897 talis
1853 3850 1970 3907 est,
2020 3843 2261 3899 mundus
2360 3840 2537 3893 dulces
2590 3856 2871 3905 sermones,
2924 3848 2973 3894 et
3020 3840 3442 3905 benedictiones,
3489 3838 3709 3893 seducunt
3728 3840 3791 3883 ira

673 3940 790 3997 est;
842 3932 933 4002 qui
975 3940 1156 3986 autem
1205 3933 1326 3987 talis
1366 3949 1473 3988 non
1510 3944 1614 3998 est,
1651 3933 1971 3988 immundus
2001 3942 2107 3989 est.
2153 3932 2260 3988 Sed
2361 3933 2712 3986 innocentium
2736 3932 2777 3987 ⁸.
2814 3931 2954 4004 Ergo
2983 3932 3123 3987 bene
3152 3932 3233 3986 eis
3257 3933 3536 4004 legislator
3563 3928 3707 3985 dixit:

677 4033 731 4077 et
787 4024 877 4093 qui
924 4024 1365 4094 contemplandis
1425 4024 1624 4081 divinis
1670 4033 1849 4089 vacat,
1886 4026 2261 4080 necessarium
2431 4021 2661 4091 Sanguis
2693 4039 2875 4078 eorum
2911 4023 2979 4077 sit
2998 4039 3156 4091 super
3184 4039 3287 4078 eos.
3331 4023 3475 4088 Quia
3502 4022 3551 4076 vi
3585 4019 3805 4083 corrumpat!

679 4120 844 4173 habet
868 4120 1132 4174 mundum
1184 4136 1297 4183 cor,
1348 4120 1715 4190 mundamque
1742 4119 2165 4181 conscientiam,
2209 4128 2263 4174 et
2363 4115 2647 4186 populum.

679 4210 837 4262 ﬁdem
870 4226 980 4262 non
1028 4211 1230 4263 lictam.
1280 4208 1382 4275 Qui
1424 4219 1605 4264 autem
1646 4210 1766 4263 haec
1808 4224 1917 4263 non
1948 4209 2173 4270 habent,
2207 4208 2263 4263 in
2956 4206 3185 4262 CAPUT
3218 4207 3357 4262 XXI.

677 4300 988 4369 vaniloquia
1036 4308 1453 4365 convertuntur,
1496 4317 1598 4353 non
1629 4298 1979 4367 intelligentes
2014 4315 2178 4370 neque
2201 4299 2264 4352 de
2435 4298 2599 4356 Vens.
2628 4300 2748 4356 1-4.
2806 4319 2825 4352 ι
2858 4300 3115 4370 Dixitque
3148 4299 3414 4355 Dominus
3441 4298 3508 4354 ad
3541 4286 3808 4365 Moysenzltr

677 4393 865 4461 quibus
929 4392 1232 4463 loquuntur,
1286 4410 1448 4463 neque
1475 4393 1537 4446 de
1573 4392 1760 4462 quibus
1805 4393 2093 4461 afﬁrmant,
2123 4391 2263 4447 sicut
2364 4409 2533 4463 quere
2561 4393 2630 4448 ad
2666 4392 2998 4456 sacerdotes,
3039 4393 3179 4448 ﬁlios
3212 4392 3415 4457 Aaron,
3463 4400 3517 4446 et
3546 4388 3670 4443 dices
3694 4382 3811 4435 adsis.

680 4482 745 4535 ad
775 4480 1123 4537 Timotheum
1166 4484 1429 4553 scriptum
1462 4487 1606 4539 est'.
1662 4483 1979 4539 Necessarie
2032 4499 2163 4555 ergo
2209 4492 2265 4538 et
2365 4486 2444 4539 Ne
2472 4486 2880 4541 contaminetur
2902 4485 3160 4540 sacerdos
3205 4484 3260 4538 in
3292 4484 3556 4539 mortibus
3578 4478 3812 4534 ciriumsuo-

682 4577 878 4630 horum
904 4576 1227 4645 illorumque
1259 4576 1493 4631 mundos
1533 4576 1777 4646 separari
1811 4577 2075 4646 praecepit
2101 4583 2265 4645 atque
2300 4592 2342 4647 ί)
2372 4591 2513 4639 rum,
2544 4575 2649 4631 nisi
2678 4585 2886 4631 tantum
2919 4576 2973 4630 in
2996 4576 3426 4647 consanguineis
3458 4583 3548 4629 aut
3576 4562 3814 4641 propinquis:

682 4608 878 4630 ιιυιυιιι
904 4608 1227 4645 ιιιυιιιιιηιυῦ
1260 4608 1493 4631 ιιιυιιυυο
1533 4608 1777 4646 δῠμιυαιι
1815 4608 2075 4646 μιωυῡμιι
2101 4608 2265 4645 αιιμιῦ
2300 4608 2342 4647 υ
2374 4608 2513 4639 ιυΙΙΙο
2544 4608 2649 4631 ιιιθι
2680 4608 2886 4631 baut.qu
2919 4608 2973 4630 III
2996 4608 3426 4647 ιυιιθαιιδιιιιιῠιο
3458 4608 3548 4629 du.
3577 4608 3813 4641 P'Vf”'"l""
3860 4608 3861 4691 ‘

681 4668 1011 4733 immundos,
1048 4677 1107 4722 ut
1132 4668 1201 4722 ab
1239 4668 1322 4723 his
1350 4668 1742 4733 abstineamus,
1777 4669 1885 4723 illis
1914 4670 2268 4726 commiscea-
2370 4666 2421 4721 id
2445 4676 2550 4729 est,
2579 4682 2745 4737 super
2770 4674 2945 4737 patre,
2974 4682 3039 4721 ac
3066 4675 3262 4731 matre,
3289 4676 3345 4721 et
3372 4666 3505 4727 ﬁlio,
3533 4672 3579 4718 et
3605 4654 3814 4716 ﬁlia.lralre

681 4779 823 4817 mur.
880 4762 987 4816 Sed
1036 4761 1263 4816 multam
1316 4761 1642 4831 sapientiam
1683 4777 1839 4816 suam
1895 4762 2058 4817 etiam
2116 4779 2267 4819 nunc
2370 4773 2587 4828 Quoque
2620 4770 2675 4812 et
2699 4774 2885 4814 sorore
2910 4760 3137 4831 virgine,
3167 4776 3289 4829 quae
3319 4776 3429 4814 non
3479 4764 3555 4812 est
3580 4761 3708 4821 nupta
3727 4746 3814 4799 ῖῐῖοτ

682 4852 954 4922 legislator
1000 4851 1275 4915 ostendit,
1326 4850 1394 4905 de
1438 4850 1888 4921 quadrupedibus
1940 4850 2163 4920 quidem
2211 4858 2269 4905 et
2373 4850 2471 4906 sed
2553 4866 2656 4907 nec
2716 4852 2770 4906 in
2833 4854 3084 4924 principe
3153 4854 3337 4924 populi
3395 4852 3477 4908 sui
3541 4834 3811 4905 contaminati-

683 4944 995 4999 volatilibus
1049 4946 1125 4998 ita
1196 4943 1561 5015 distinguens,
1619 4943 1674 4997 in
1735 4944 2023 5014 reptilibus
2075 4953 2261 4999 autem
2376 4949 2483 4995 tur.
2525 4961 2543 4993 ι

682 5045 840 5090 terra:
869 5052 980 5090 non
1008 5036 1102 5098 ita,
1136 5044 1334 5091 cuncta
1360 5035 1506 5091 enim
1526 5050 1647 5105 quae
1676 5044 1970 5091 moventur
2000 5036 2055 5089 in
2098 5047 2263 5100 terra,
2312 5057 2324 5067 ο
2446 5034 2585 5089 LXX
2625 5045 2828 5104 autem,
2886 5037 3006 5093 Non
3034 5038 3298 5108 polluetur
3335 5056 3399 5092 ex
3427 5037 3579 5093 subito
3631 5033 3673 5084 in
3702 5018 3809 5091 ρυναέθ

682 5130 963 5185 immunda
1018 5140 1148 5185 sunt
1176 5149 1189 5185 :
1224 5129 1326 5196 Qui
1361 5140 1575 5186 terrena
1616 5128 1873 5186 videlicet
1912 5130 2078 5199 sapit,
2109 5130 2267 5200 cujus
2372 5146 2488 5195 suo,
2514 5131 2581 5184 ad
2608 5132 3032 5203 profanationem
3064 5150 3237 5187 suam.
3259 5132 3464 5187 Littera
3495 5127 3713 5199 quidema
3734 5125 3809 5166 mor

685 5225 829 5279 Deus
853 5230 1045 5277 venter
1088 5232 1193 5288 est,
1244 5223 1339 5293 qui
1381 5238 1593 5278 veneno
1653 5224 1894 5293 pascitur
1941 5225 2268 5279 constituta-
2376 5232 2592 5277 tuorum
2648 5224 3035 5292 pollutionibus
3087 5227 3278 5295 fugere
3324 5222 3607 5280 sacerdotes
3630 5205 3803 5284 ριέθεεβίίι

685 5332 806 5369 rum
838 5314 892 5368 in
924 5314 1148 5383 pulvere
1177 5315 1535 5384 voluptatum.
1572 5315 1646 5369 De
1678 5315 1811 5384 ipsis
1859 5316 2150 5385 siquidem,
2189 5317 2265 5371 si-
2377 5316 2472 5369 sed
2504 5332 2613 5371 non
2651 5318 2768 5371 haec
2791 5326 2875 5372 est
2900 5318 3036 5388 legis
3065 5294 3320 5381 intentio,
3346 5331 3518 5388 neque
3537 5312 3593 5367 de
3622 5309 3696 5361 hoc
3717 5294 3799 5388 Ιθὲίξ

682 5418 774 5465 cut
812 5408 1014 5472 cernis,
1044 5407 1361 5462 indistincte
1392 5416 1598 5473 narrat,
1630 5406 1857 5461 dicens:
2378 5407 2519 5461 lator
2588 5409 2887 5477 proposuit,
2943 5385 3039 5465 sed
3068 5410 3272 5479 aliquid
3322 5385 3494 5479 majus
3535 5391 3746 5459 intellexit.
3774 5385 3801 5433 6

761 5498 826 5552 Et
865 5500 1066 5553 cunctis
1118 5515 1237 5571 qua:
1286 5508 1559 5553 moventur
1612 5500 1669 5553 in
1707 5509 1871 5563 terra,
1906 5509 1953 5553 et
1988 5518 2105 5571 qua:
2131 5503 2270 5556 vobis
2376 5502 2517 5570 quod
2554 5502 2722 5557 nimis
2768 5503 2834 5559 de
2869 5505 3246 5559 sacerdotibus
3278 5500 3564 5558 necessarie
3601 5488 3801 5571 dicerem:

684 5595 887 5647 ostendi
933 5611 1041 5649 esse
1082 5593 1304 5663 polluta.
1354 5592 1494 5666 Ergo
1539 5609 1731 5650 onmes
1767 5594 1858 5665 qui
1907 5596 2141 5651 terrenis
2172 5614 2268 5666 pa-
2374 5595 2500 5664 quia
2532 5595 2676 5651 enim
2713 5596 2859 5667 ipsos
2886 5598 3176 5668 inspicere,
3207 5598 3425 5669 quando
3450 5591 3669 5665 neglig!!!"
3692 5566 3797 5647 P09“!f

690 5791 803 5915 18⁸³
846 5789 1028 5845 Matth.
1064 5810 1135 5854 vt,
1166 5793 1251 5845 iii.
1334 5794 1345 5821 ¹
1378 5792 1532 5848 Rem.
1557 5806 1667 5859 ινι,
1699 5791 1779 5847 19.
1853 5791 1910 5848 Ἰ
1939 5792 2078 5849 Tim.
2114 5811 2148 5859 t,
2182 5794 2235 5858 6,
2273 5795 2282 5810 '

2198 5794 2235 5858 ἰ,
2273 5795 2321 5848 7.
2401 5797 2419 5825 ³
2450 5796 2637 5853 Matth.
2673 5814 2725 5863 κ,
2760 5797 2820 5863 9;
2849 5796 2975 5853 Luc.
3007 5816 3078 5865 ix,
3106 5800 3158 5853 3.
3234 5803 3251 5832 δ
3285 5787 3639 5861 nomn-1,17.
3690 5768 3790 5826 ’Μ’
