4032 6436
190 420 220 483 Ῑ
235 425 353 488 053

1368 438 1450 498 ΙΝ
1485 439 1924 500 LEVITICUM.
1959 461 2025 475 -·
2064 444 2206 501 LlB.
2248 443 2348 503 VI.

3350 442 3485 509 1051

182 554 449 613 peccata,
478 546 700 604 dicitur.
730 554 1032 609 secundum
1068 557 1211 627 quod
1248 557 1298 610 in
1344 556 1483 612 Osee
1525 556 1791 625 scriptum
1824 570 1867 617 Α
1898 561 2298 628 subsequenter
2340 558 2570 625 addidit,
2611 560 2913 614 secundum
2952 534 3119 622 LXX,
3155 574 3259 611 non
3293 560 3484 628 pollui-

177 645 321 691 est:
358 635 581 691 Peccata
606 640 786 709 populi
816 645 919 697 mei
953 650 1248 710 comedunt,
1285 659 1335 703 et
1363 652 1433 704 ad
1456 651 1791 721 iniquitatem

174 742 384 782 eorum
438 730 776 787 sublevabunt
821 736 1031 792 animas
1084 743 1318 798 eorum‘.
1392 743 1513 798 Non
1570 744 1789 814 quidem

173 822 406 887 omnia,
442 838 789 895 quacunque
829 830 1065 898 populus
1128 843 1339 901 peccat,
1392 834 1529 903 ipsis
1574 844 1793 905 oportet

170 910 484 982 imputari,
549 916 646 970 sed
703 917 1034 976 intendenda
1096 932 1180 977 est
1234 924 1325 978 illa
1381 926 1451 980 ab
1505 925 1793 981 Ezechiele

170 1008 469 1077 propheta
524 1008 667 1064 dicta
704 1011 941 1067 divisio:
983 1014 1091 1068 Fili
1124 1017 1371 1082 hominis,
1403 1020 1790 1088 speculatorem

168 1099 319 1152 dedi
350 1109 398 1153 te
436 1100 613 1155 domui
652 1102 846 1171 Israel,
878 1114 926 1160 et
955 1108 1136 1161 audies
1161 1109 1225 1162 de
1256 1126 1346 1163 ore
1396 1128 1510 1165 meo
1555 1111 1787 1175 verbum,

168 1198 236 1240 et
277 1192 621 1246 annuntiabis
649 1195 725 1247 eis
764 1212 829 1249 ea:
862 1214 983 1252 me:
1026 1199 1071 1251 si
1094 1199 1296 1254 dicente
1321 1217 1401 1254 me
1440 1201 1512 1254 ad
1537 1202 1782 1271 impium,

168 1278 365 1336 ﬂlorte
387 1284 643 1349 morieris,
679 1302 784 1340 non
827 1291 1225 1344 annuntiaveris
1285 1293 1352 1355 ei,
1387 1309 1554 1363 neque
1574 1293 1780 1349 locutus

170 1373 382 1441 fueris,
436 1386 493 1429 ut
540 1386 811 1432 avertatur
857 1398 889 1433 a
920 1382 1005 1435 via
1041 1398 1137 1435 sua
1187 1384 1373 1453 impia,
1406 1394 1455 1437 et
1476 1386 1639 1449 vivat,
1680 1388 1789 1455 ipse

173 1465 393 1534 impius
428 1469 481 1521 in
527 1469 807 1539 iniquitate
831 1490 933 1525 sua
964 1475 1235 1539 morietur,
1264 1478 1575 1546 sanguinem
1600 1486 1784 1531 autem

172 1555 313 1623 ejus
331 1558 396 1609 de
448 1575 608 1611 manu
638 1569 727 1613 tua
757 1563 1050 1632 requiram.
1091 1562 1150 1619 Si
1185 1574 1365 1618 autem
1406 1574 1462 1618 tu
1493 1568 1787 1619 annuntia-

173 1649 328 1701 veris
364 1651 543 1719 impio,
580 1661 630 1704 et
667 1650 759 1705 ille
786 1668 888 1706 non
927 1655 1085 1724 fuerit
1120 1671 1393 1709 conversus
1420 1656 1485 1709 ab
1515 1656 1788 1724 impietate

175 1758 313 1806 sua,
352 1753 401 1797 et
431 1744 516 1796 via
541 1761 637 1797 sua
673 1746 857 1813 impia,
899 1747 1010 1817 ipse
1044 1748 1254 1817 quidem
1284 1749 1339 1801 in
1373 1748 1658 1819 iniquitate
1686 1766 1785 1803 sua

180 1836 470 1899 morietur,
522 1846 577 1889 tu
626 1847 805 1891 autem
846 1840 1081 1892 animam
1133 1849 1279 1893 tuam
1324 1840 1619 1895 liberasti".
1672 1841 1787 1895 Hoc

1895 660 1981 703 tur
2040 652 2212 705 subito
2259 653 2314 704 in
2342 651 2534 721 populo
2577 668 2709 714 suo,
2746 652 2814 705 ad
2844 653 3266 723 profanationem
3306 668 3481 705 suam.
3571 682 3579 688 ν

1893 739 2032 806 Quid
2073 756 2171 811 per
2199 741 2300 796 hoc
2328 743 2646 805 ostendens,
2678 742 2782 795 nisi
2810 742 2935 811 quia
2969 742 3228 811 polluitur
3255 742 3476 810 quidem

1893 842 1948 888 et
1981 833 2039 887 in
2080 833 2282 903 populo
2327 842 2587 903 peccante
2634 833 2908 898 sacerdos,
2957 832 3055 886 sed
3112 847 3221 885 non
3255 832 3485 885 subito?

1893 922 2024 990 Quae
2081 932 2267 978 autem
2308 924 2577 979 accedunt
2634 923 2690 978 iu
2758 923 3037 979 extraneis
3098 923 3290 991 culpae,
3365 922 3483 975 haec

1892 1031 2003 1069 non
2064 1015 2207 1069 illico
2261 1016 2601 1070 sacerdotem
2658 1015 3057 1079 contaminant,
3115 1015 3210 1068 sed
3262 1012 3481 1082 quando

1890 1109 1994 1179 ipsi
2050 1109 2270 1178 quidem
2323 1108 2728 1177 permanserint
2757 1106 2813 1159 in
2866 1105 3125 1176 peccatis,
3168 1105 3480 1158 sacerdotes

1890 1211 2075 1256 autem
2123 1216 2223 1256 eos
2282 1216 2476 1256 curare
2543 1198 2905 1271 neglexerint.
2987 1198 3215 1268 Insuper
3297 1197 3481 1251 subito

1890 1292 2161 1362 quispiam
2193 1306 2430 1362 peccans
2463 1291 2531 1345 de
2578 1291 2804 1360 populo,
2844 1290 3002 1343 venia
3042 1289 3267 1359 dignum
3299 1302 3481 1340 sacer-

1889 1385 2094 1449 dotem,
2136 1393 2325 1454 utpote
2372 1383 2737 1454 ignorantem,
2789 1382 2951 1446 facit;
2998 1390 3242 1451 tempore
3294 1389 3478 1433 autem

1888 1475 2051 1545 longo
2076 1484 2438 1544 praeparatum
2474 1483 2761 1543 peccatum
2807 1471 3177 1533 committens,
3207 1470 3389 1524 locum
3422 1467 3476 1521 ei

1889 1565 2062 1621 venia:
2087 1581 2198 1619 non
2218 1564 2435 1634 reliquit
2458 1582 2471 1618 :
2500 1564 2789 1634 oportebat
2819 1561 2966 1616 enim
2992 1562 3330 1616 sacerdotem
3363 1575 3478 1614 non

1889 1658 2158 1729 ignorare,
2192 1657 2238 1711 si
2286 1664 2468 1711 tamen
2531 1656 2824 1727 diligenter
2858 1656 3058 1725 populo
3108 1653 3474 1723 praesedissvt,

1889 1758 2143 1819 essetque
2179 1749 2446 1804 sollicitus
2493 1747 2769 1817 quomodo
2823 1747 2936 1812 hic,
2974 1746 3249 1816 quomodo
3299 1746 3387 1798 ille
3417 1759 3477 1799 se

1891 1841 2138 1904 haberet,
2190 1849 2373 1894 utrum
2435 1847 2644 1894 starent
2680 1855 2749 1891 an
2793 1846 3075 1899 nutarent,
3113 1847 3172 1892 ut
3218 1846 3478 1892 nutantes

179 1933 379 1979 autem
408 1925 670 1995 apertius,
704 1928 800 1981 sed
833 1936 889 1982 et
910 1928 1165 1984 subtilius
1195 1930 1252 1983 in
1282 1930 1535 2000 praesenti
1567 1930 1785 2001 legisla-
1819 1905 1859 1960 Β
1887 1934 2126 1989 fulciret.
2156 1931 2222 1987 Hi
2264 1933 2411 1988 enim
2448 1933 2540 2002 qui
2597 1932 2784 1987 subito
2817 1932 3043 1996 cadunt,
3076 1946 3171 1985 eos
3197 1931 3287 2001 qui
3330 1946 3474 1999 prae-

185 2024 278 2069 tor
319 2016 618 2085 exposuit:

262 2105 329 2159 In
364 2108 637 2173 mortibus,
669 2107 861 2179 inquit,
888 2124 991 2161 non
1021 2110 1447 2163 contaminentur
1481 2109 1619 2163 inter
1649 2108 1785 2163 cives

186 2214 334 2253 suos.
370 2198 431 2252 In
459 2200 701 2269 quibus?
750 2200 809 2255 in
837 2202 1194 2271 peccantibus
1229 2201 1502 2267 videlicet,
1543 2202 1634 2271 qui
1666 2202 1785 2272 pol-

192 2292 405 2347 lutione
457 2294 821 2363 complentur,
887 2301 945 2350 et
1004 2294 1125 2350 aliis
1192 2295 1409 2365 quidem
1479 2296 1781 2350 secundum

199 2387 457 2453 quosdam
487 2388 677 2442 modos
708 2388 1025 2459 pollutionis
1058 2397 1316 2443 auctores
1346 2390 1502 2455 fiunt,
1539 2390 1779 2443 maxime

207 2486 389 2530 tamen
430 2478 805 2533 sacerdotibus
846 2487 901 2533 et
931 2478 1273 2545 doctoribus,
1317 2481 1536 2549 quando
1567 2495 1661 2534 eos
1690 2494 1782 2534 ne-

207 2569 473 2638 glexerint.
510 2568 892 2625 Verumtamen
925 2570 980 2625 in
1016 2572 1122 2636 his,
1150 2574 1246 2637 ait,
1294 2589 1404 2627 non
1433 2572 1780 2627 contamina-

204 2671 296 2713 tur
345 2661 394 2714 in
446 2662 712 2716 mortibus
762 2663 965 2718 civium
1017 2680 1263 2729 suorum,
1322 2666 1374 2720 id
1422 2675 1527 2729 est,
1561 2666 1779 2734 quando

193 2755 332 2808 nihil
359 2756 560 2810 inventi
582 2756 805 2823 fuerint,
826 2759 969 2828 quod
997 2762 1077 2814 eis
1115 2760 1456 2829 expediebat,
1503 2760 1775 2820 omisisse.

187 2846 289 2898 sed
319 2846 419 2914 ipsi
447 2846 666 2915 quidem
690 2847 835 2915 quod
866 2849 934 2901 ad
964 2864 1023 2903 se
1049 2850 1313 2917 pertinuit
1344 2849 1561 2913 fecisse,
1594 2858 1649 2903 et
1682 2849 1775 2904 Dei

186 2933 367 3005 legem
416 2936 775 3005 praedicasse:
837 2938 915 2992 illi
971 2948 1155 2993 autem
1212 2941 1461 2995 nolentes
1511 2940 1770 3004 obedire,

184 3041 425 3086 mortem
478 3033 698 3087 sibimet
747 3034 1131 3090 conduxerunt
1195 3036 1598 3091 inobedientiaz.
1655 3034 1774 3089 Non

181 3138 326 3192 ergo
370 3124 424 3178 in
457 3124 542 3178 his
586 3125 676 3195 qui
716 3136 963 3195 praesunt
1015 3127 1356 3197 polluuntur,
1405 3128 1501 3182 sed
1553 3128 1606 3181 in
1646 3143 1775 3197 pro-

180 3214 398 3284 piuquo
442 3224 499 3268 et
544 3215 793 3284 proximo
846 3230 967 3282 suo,
1023 3216 1077 3269 in
1130 3229 1287 3286 patre
1313 3224 1369 3271 et
1398 3217 1452 3270 in
1488 3225 1681 3283 matre,
1716 3216 1771 3269 in

181 3310 321 3364 ﬁliis
351 3317 405 3364 et
453 3309 687 3375 filiabus,
737 3310 794 3363 in
851 3309 1023 3365 fratre
1053 3320 1110 3365 et
1142 3325 1329 3366 sorore
1386 3309 1618 3381 virgine,
1653 3326 1778 3380 qua:

180 3418 302 3458 non
337 3412 419 3458 est
443 3413 614 3474 nupta
649 3403 790 3458 viro.
826 3402 1055 3473 Oportet
1084 3404 1233 3459 enim
1284 3403 1623 3459 sacerdotem
1657 3401 1783 3456 dili-

178 3493 431 3562 gentiam
464 3493 725 3548 adhibere
749 3502 804 3548 et
830 3494 1033 3563 populo
1065 3502 1124 3548 ut
1148 3508 1260 3548 non
1286 3500 1498 3563 peccet,
1522 3492 1619 3550 sed
1646 3508 1784 3562 prae-

180 3588 353 3653 cipue
384 3588 565 3642 domui
598 3603 712 3643 suaa
742 3597 798 3642 et
820 3588 1105 3658 cognatis;
1148 3596 1373 3657 propter
1406 3587 1553 3656 quod
1581 3585 1784 3640 Paulus

176 3681 304 3734 ait:
339 3678 467 3734 Hac
482 3681 727 3750 praecipe,
793 3689 850 3733 ut
899 3679 1375 3747 ir’reprehensibiles
1414 3680 1539 3733 sint.
1574 3678 1633 3733 Si
1667 3679 1783 3748 quis

182 3789 369 3826 a...em
422 3789 659 3834 suorum,
689 3783 735 3826 et
762 3773 991 3826 maxime
1010 3773 1435 3836 domesticorum,
1467 3788 1651 3825 curam
1681 3789 1784 3826 non

180 3866 365 3927 habet,
407 3865 563 3933 ﬁdem
620 3864 849 3935 negavit,
908 3874 956 3918 et
1007 3871 1081 3917 est
1131 3864 1332 3932 inﬁdeli
1391 3863 1676 3917 deterior“.
1718 3865 1785 3918 Et

186 3973 421 4012 rursus:
474 3955 531 4011 Si
560 3966 735 4011 autem
791 3958 905 4027 quis
943 3972 1053 4010 sum
1101 3957 1281 4010 domui
1333 3971 1553 4025 prteesse
1599 3958 1780 4021 nescit,

186 4051 450 4120 quomodo
490 4048 736 4102 Ecclesia:
787 4048 885 4102 Dei
921 4064 1103 4102 curam
1126 4048 1418 4102 habebit”?
1450 4048 1511 4102 ln
1546 4048 1684 4113 filio,
1720 4055 1777 4103 et

189 4142 322 4195 filia.
365 4148 418 4196 ι·
469 4141 657 4206 fratre,
686 4149 741 4196 et
767 4156 958 4197 sorore
1002 4141 1231 4212 virgine,
1265 4140 1523 4196 videlicet
1544 4155 1784 4210 peccan-

191 4234 339 4287 tibus
360 4274 375 4296 ,
398 4232 710 4287 necessarie
737 4232 994 4287 sacerdos
1028 4232 1320 4303 polluitur:
1357 4241 1544 4302 utpote
1570 4232 1664 4302 qui
1689 4233 1785 4288 de-

199 4327 287 4379 bet
319 4326 579 4396 quotidie,
630 4326 725 4381 sed
752 4333 805 4379 et
847 4325 997 4380 omni
1024 4327 1180 4389 hora,
1209 4340 1273 4380 ea
1301 4341 1421 4395 quae
1445 4325 1513 4379 ad
1548 4325 1779 4379 salutem

202 4419 474 4487 pertinent
525 4434 620 4474 eos
658 4419 954 4483 instruere,
1016 4427 1072 4472 et
1124 4418 1347 4488 vigilare
1389 4419 1533 4473 circa
1574 4434 1693 4481 eos.
1723 4428 1785 4473 ut

196 4527 305 4565 non
338 4521 560 4581 peccent
582 4512 702 4566 talia
735 4527 857 4581 qua:
878 4518 1054 4566 morte
1078 4520 1208 4565 sunt
1232 4510 1416 4580 digna.
1453 4510 1568 4565 Hoc
1597 4520 1781 4567 autem

1886 2034 2015 2080 sunt
2069 2025 2188 2079 sine
2243 2025 2402 2095 culpa
2458 2024 2685 2088 faciunt,
2737 2021 3195 2092 quemadmodum
3240 2019 3476 2090 procella

1884 2118 2273 2189 gubernantes,
2330 2132 2397 2172 ex
2439 2116 2735 2186 improviso
2772 2115 3195 2185 superveniens.
3250 2113 3318 2167 Et
3344 2127 3476 2182 pro-

1879 2219 2069 2283 pterea
2096 2224 2204 2262 non
2235 2210 2373 2263 dixit
2397 2209 2735 2264 sacerdotem
2768 2207 2951 2261 subito
2987 2206 3041 2259 in
3065 2205 3270 2275 populo
3301 2204 3474 2274 pollui

1881 2301 1948 2355 ad
1995 2300 2433 2371 profanationem
2484 2316 2659 2355 suam.
2704 2298 2822 2352 Non
2862 2299 3065 2353 frustra
3095 2304 3279 2351 autem
3312 2297 3473 2350 addi-

1880 2393 1961 2448 dit
2005 2396 2447 2465 profanationem,
2517 2393 2613 2447 sed
2664 2393 2795 2446 illud
2846 2408 2946 2462 per
2980 2392 3083 2445 hoc
3117 2391 3347 2445 verbum
3382 2390 3472 2444 in-

1878 2500 2086 2538 nitens:
2138 2485 2265 2553 quia
2303 2483 2522 2553 quando
2552 2482 2809 2537 sacerdos
2840 2481 3123 2551 polluitur,
3168 2480 3471 2534 secundum

1880 2576 2193 2646 praedictam
2236 2591 2479 2641 causam,
2526 2574 2710 2644 populi
2740 2572 2952 2643 peccati
2981 2572 3258 2634 videlicet,
3288 2570 3463 2639 negli-

1879 2683 2012 2739 gens
2034 2676 2088 2722 et
2116 2684 2226 2722 non
2256 2683 2422 2737 agens
2462 2682 2583 2736 quae
2612 2666 2788 2719 modis
2824 2664 3077 2718 omnibus
3126 2662 3471 2717 sacerdotem

1878 2761 2183 2831 oportebat,
2215 2758 2496 2829 profanus,
2536 2758 2588 2811 id
2621 2770 2705 2811 est
2734 2756 2916 2811 nudus
2944 2752 3235 2809 sacerdotii
3276 2751 3462 2821 digni-

1878 2860 1989 2906 tate
2040 2852 2315 2906 invenitur
2378 2865 2523 2904 unus
2574 2858 2629 2903 et
2685 2848 2800 2916 ipse
2858 2847 2926 2901 de
2955 2845 3181 2899 multis:
3246 2842 3467 2914 profani

1877 2945 2024 2999 enim
2080 2945 2133 2998 lii
2184 2944 2276 3013 qui
2329 2958 2438 2997 non
2487 2950 2617 2996 sunt
2665 2938 2989 2995 sanetilicati
3061 2937 3362 2998 dicuntur,
3416 2942 3473 2989 et

1877 3038 2109 3093 multum
2165 3044 2334 3102 recte,
2395 3034 2522 3104 quia
2580 3048 2645 3087 ea
2676 3047 2797 3103 qua:
2830 3040 2959 3086 sunt
3014 3030 3318 3087 sacerdotis
3360 3044 3470 3084 non

1875 3130 2141 3200 legerunt.

1950 3220 2110 3275 Vens.
2144 3221 2219 3276 5.,
2243 3239 2261 3272 ι
2298 3220 2418 3274 Νοη
2444 3218 2642 3273 radent
2665 3226 2851 3287 caput,
2874 3232 2981 3271 nec
3006 3216 3259 3281 barbam,
3290 3229 3471 3285 neque

1886 3314 1938 3368 in
1978 3313 2236 3368 carnibus
2256 3311 2371 3367 suis
2399 3311 2603 3366 facient
2628 3310 2918 3365 incisuras.
2958 3327 2977 3360 ι

1956 3404 2115 3461 Vinci
2160 3421 2191 3459 a
2243 3403 2623 3460 sacerdotibus
2686 3403 2852 3457 etiam
2910 3400 3188 3455 tristitiam
3234 3415 3353 3469 quae
3402 3400 3471 3457 de

1882 3510 2059 3556 morte
2084 3499 2226 3556 solet
2254 3499 2537 3566 accedere,
2566 3499 2654 3553 lex
2681 3506 2832 3553 recte
2865 3496 3132 3567 praecipit,
3156 3507 3345 3568 utpote
3376 3498 3470 3567 qui

1884 3600 1940 3646 et
1962 3591 2064 3661 ipsi
2090 3606 2243 3660 spem
2275 3590 2401 3645 vitae
2424 3590 2620 3644 futurae
2647 3589 2851 3643 habent
2872 3596 2929 3642 et
2957 3588 3215 3657 populum
3248 3589 3467 3644 docent.

1885 3681 1995 3736 Sed
2024 3689 2177 3736 extra
2206 3681 2324 3736 haec
2354 3695 2464 3735 non
2497 3679 2675 3734 solum
2706 3678 2762 3732 in
2795 3676 3035 3747 propriis
3062 3677 3301 3746 peccatis
3330 3678 3472 3747 vigi-

1882 3774 1997 3829 lare
2026 3789 2124 3829 eos
2162 3782 2218 3829 et
2244 3782 2458 3828 mentes
2485 3772 2690 3826 habere
2718 3785 2901 3835 sanas,
2932 3770 3026 3824 sed
3056 3770 3218 3823 etiam
3242 3770 3295 3822 in
3337 3770 3473 3824 alie-

1882 3867 1990 3933 nis,
2019 3866 2074 3920 in
2104 3866 2188 3920 his
2203 3881 2323 3936 quae
2336 3879 2487 3919 nunc
2513 3864 2656 3918 dicta
2686 3871 2836 3926 sunt,
2856 3862 3143 3917 evidenter
3170 3862 3414 3931 praecipit
3438 3880 3451 3916 :

1881 3960 2156 4029 quomodo
2186 3967 2394 4021 autem,
2445 3956 2615 4011 disce.
2654 3954 2832 4024 Caput
2886 3962 2942 4008 et
2968 3954 3133 4009 barba
3186 3954 3467 4022 sapientia:

1883 4061 2052 4107 estet
2092 4050 2447 4121 perfectionis
2494 4058 2700 4103 nostrae
2751 4046 3004 4116 signum:
3037 4055 3264 4116 propter
3321 4046 3468 4115 quod

1882 4152 2047 4214 caput
2075 4152 2327 4197 nostrum
2364 4140 2670 4210 appellatur
2707 4138 2980 4205 Christus,
3016 4139 3072 4193 in
3118 4155 3226 4208 quo
3274 4153 3468 4209 sapere

1883 4238 2150 4292 habemus
2211 4235 2448 4290 maxima
2504 4248 2733 4304 quaeque
2784 4243 2949 4303 atque
3004 4233 3270 4304 perfecta,
3329 4241 3468 4288 teste

1884 4329 2071 4395 Paulo,
2102 4330 2195 4399 qui
2226 4330 2393 4386 dicit:
2436 4329 2610 4383 Donec
2642 4344 2982 4383 occurramus
3013 4344 3188 4381 omnes
3217 4328 3272 4379 in
3296 4328 3466 4380 virum

1881 4425 2201 4494 perfectum,
2251 4432 2300 4477 et
2352 4438 2652 4477 mensuram
2694 4422 2871 4476 (etatis
2923 4420 3264 4487 plenitudinis
3315 4419 3467 4474 Chri-

1882 4517 1950 4571 sti
1983 4517 2047 4570 ³ο.
2079 4516 2248 4571 Recte
2277 4522 2459 4570 autem
2491 4524 2545 4571 et
2574 4515 2741 4569 barba
2780 4514 3049 4585 signiﬁcat
3073 4514 3464 4583 perfectionem

188 4608 370 4675 ipsum
403 4605 459 4659 in
495 4615 649 4675 patre
692 4612 748 4659 et
779 4605 833 4658 in
866 4613 1039 4658 matre
1085 4604 1494 4674 intelligendum
1549 4614 1652 4659 est.
1688 4605 1778 4659 Fi-
1811 4607 1857 4664 D
1883 4605 2189 4676 sapientiae,
2226 4605 2463 4659 alterum
2524 4614 2706 4659 autem
2764 4603 3203 4673 intelligentiam,
3244 4602 3369 4669 quia
3410 4601 3465 4653 in

184 4697 327 4750 lium
358 4697 559 4766 quippe
592 4697 869 4751 doctorem
895 4695 1067 4766 patris
1096 4695 1397 4765 matrisque
1421 4698 1777 4752 sacerdotalis

178 4790 427 4860 dignitas
454 4789 601 4844 facit.
638 4789 836 4843 Dicens
863 4788 1083 4858 quidem
1123 4802 1396 4852 sororem,
1423 4803 1539 4857 quia
1562 4805 1667 4841 non
1698 4797 1776 4842 est

179 4890 357 4950 nupta
383 4881 773 4947 viro,ostendit
796 4896 895 4950 per
914 4880 1074 4945 hanc,
1093 4880 1242 4949 quia,
1266 4878 1311 4933 si
1343 4880 1560 4950 cognati
1590 4895 1777 4934 sacer-

174 4974 349 5028 dotes
380 4973 700 5043 semetipsos
747 4972 1143 5041 separaverint,
1173 4978 1228 5025 et
1270 4970 1467 5024 domus
1502 4971 1772 5039 quodam-

176 5064 356 5119 modo
387 5064 489 5118 alia
520 5064 840 5132 semetipsos
878 5069 1192 5132 separantes
1231 5059 1357 5115 facti
1387 5060 1615 5122 fuerint,
1644 5061 1772 5113 nul-

176 5158 297 5210 lam
356 5155 638 5225 patiuntur
694 5156 750 5207 in
808 5154 1160 5223 peccantibus
1229 5152 1314 5205 his
1394 5151 1776 5222 pollutionem.

176 5247 447 5314 Quandiu
477 5257 660 5301 autem
689 5247 770 5300 eis
795 5246 1096 5311 adhaerent,
1142 5243 1569 5315 propinquitatis
1599 5252 1654 5296 et
1683 5259 1777 5296 co-

178 5338 466 5410 gnationis
521 5339 694 5409 legem
754 5336 1226 5401 custodientibus,
1286 5334 1777 5390 contaminationis

178 5443 388 5483 eorum
438 5436 582 5482 recte
620 5426 910 5497 participes
941 5426 1271 5488 elIiciuntur,
1326 5427 1452 5496 quia
1492 5440 1592 5479 nec
1621 5425 1773 5495 igno-

180 5532 317 5570 rare
360 5531 549 5569 eorum
603 5524 845 5585 peccata,
912 5522 1101 5583 utpote
1151 5514 1611 5579 cohabitantium,
1642 5529 1771 5584 pos-

179 5619 344 5674 sunt,
370 5613 514 5681 quod
558 5612 638 5667 eis
677 5621 734 5666 et
780 5610 1263 5666 contaminationis
1316 5627 1543 5666 causam
1602 5611 1767 5681 parit.

179 5704 355 5759 Unde
404 5720 532 5775 ergo
585 5704 772 5760 dicens
818 5702 966 5773 quod
1015 5702 1071 5757 in
1124 5702 1208 5757 his
1257 5704 1768 5760 contaminarentur

255 5882 281 5914 ⁸
310 5881 450 5938 Osee
489 5899 561 5948 tv,
595 5884 647 5939 8.
718 5887 737 5916 ⁷
777 5885 971 5940 Ezech.
1015 5901 1092 5953 nt,
1130 5887 1314 5943 17-19.

1394 5891 1413 5919 ⁸
1459 5891 1475 5945 Ι
1513 5891 1651 5947 Tim.
1687 5910 1737 5955 v,
1775 5893 1824 5946 7.

1879 4696 1966 4752 his
1990 4695 2081 4765 qui
2113 4696 2182 4750 ad
2225 4695 2521 4766 iuvenilem
2578 4700 2850 4750 venerunt
2903 4704 3141 4757 aetatem,
3182 4692 3295 4761 jam
3343 4705 3464 4759 quae

1879 4797 2011 4843 sunt
2032 4787 2184 4841 utilia
2212 4786 2353 4841 scire
2380 4787 2691 4841 valentibus
2714 4785 2882 4841 barba
2912 4784 3173 4839 nascitur.
3195 4783 3463 4848 Quoniam

1876 4896 2004 4950 ergo
2037 4888 2284 4933 mortuos
2312 4887 2628 4949 peccatores
2678 4892 2791 4932 non
2822 4878 2997 4933 solum
3038 4876 3326 4937 Dominus,
3366 4875 3463 4929 sed

1874 4980 1929 5024 et
1962 4968 2163 5025 Paulus
2183 4971 2439 5040 appellat,
2466 4986 2590 5025 cum
2618 4970 2754 5025 dicit
2777 4989 2790 5024 :
2824 4969 2892 5023 Et
2919 4985 3038 5021 cum
3073 4983 3297 5021 essemus
3319 4982 3464 5021 mor-

1881 5064 1959 5116 tui
1984 5064 2213 5131 peccatis
2238 5063 2451 5125 nostris,
2480 5062 2867 5130 conviviﬁcavit
2909 5077 3001 5114 nos
3029 5058 3311 5115 Christo“.
3342 5057 3460 5113 Non

1876 5162 2095 5222 oportet
2147 5152 2447 5208 sacerdotis
2496 5150 2732 5206 maxime
2789 5160 2960 5219 caput
3007 5160 3102 5204 aut
3131 5151 3300 5204 barba
3345 5150 3462 5203 radi

1878 5260 2047 5315 super
2094 5253 2395 5309 mortuum,
2429 5244 2483 5299 id
2536 5253 2620 5298 est
2656 5258 2822 5313 super
2860 5251 3227 5312 peccatorem.
3275 5241 3463 5311 Neque

1875 5337 2021 5392 enim
2043 5346 2263 5407 oportet
2287 5337 2668 5409 cogitationes,
2705 5354 2827 5407 qua:
2854 5338 2998 5391 sicut
3035 5335 3213 5405 capilli
3237 5344 3463 5388 ornatus

1881 5439 2011 5485 sunt
2042 5431 2255 5499 capitis.
2287 5438 2342 5484 et
2372 5430 2501 5500 ipsa:
2527 5441 2754 5485 ornatus
2777 5438 2906 5484 sunt
2936 5437 3139 5484 nostra:
3159 5426 3460 5496 sapientite,

1879 5523 2098 5592 quando
2116 5532 2298 5576 tamen
2320 5531 2451 5576 sunt
2474 5522 2739 5576 ordinatae
2768 5531 2933 5591 atque
2964 5522 3181 5583 sobriae,
3207 5520 3462 5575 sacerdo-

1881 5623 1987 5670 tem
2014 5627 2367 5683 eorrumpere
2400 5614 2505 5667 alio
2526 5623 2810 5683 peccante,
2842 5614 2938 5668 sed
2966 5625 3293 5667 conservare
3318 5609 3461 5664 inte-

1887 5721 2038 5778 gras,
2064 5714 2122 5760 ut
2149 5705 2642 5776 possitexbortari,
2665 5707 2972 5770 obsecrare,
2997 5718 3245 5775 arguere,
3278 5702 3457 5757 incre-

1906 5892 1925 5921 9
1962 5890 1980 5945 l
2011 5892 2148 5946 Tim.
2185 5909 2265 5958 tit,
2295 5892 2347 5947 5.
2429 5891 2689 5961 “Ephes.
2730 5909 2801 5956 tv,
2844 5891 2924 5946 l3.
3004 5892 3040 5927 "
3072 5889 3268 5960 Ephes.
3303 5905 3357 5951 ιι.
3392 5889 3441 5942 5.
