3928 6432
553 417 696 481 1055

550 625 674 695 psit.
715 626 910 695 Argue,
944 627 1176 695 increpa,
1231 625 1442 678 obsecra
1491 629 1546 675 in
1576 623 1717 674 omni
1769 621 2026 690 patientia
2079 626 2127 670 et

548 693 874 768 doctrina“.
908 693 1194 781 Quomodo
1226 722 1408 768 autem
1439 715 1543 766 hoc
1584 711 1694 774 ﬁat,
1738 710 2010 764 subdidit:
2051 707 2129 762 Tu

549 814 724 858 autem
756 805 938 875 vigila,
982 805 1037 857 in
1069 803 1308 857 omnibus
1357 803 1562 866 labora,
1608 818 1735 871 opus
1784 802 1867 870 [ac
1903 815 2126 863 evange-

550 896 683 950 listw
703 898 764 949 ⁸³.
801 897 940 967 Ergo
980 898 1232 951 sacerdOs
1259 897 1350 964 qui
1383 912 1488 948 non
1516 896 1834 949 exhortatur
1867 902 1923 947 et
1953 893 2131 959 arguit

551 997 894 1056 peccantem,
924 1003 1033 1040 non
1058 986 1366 1056 vigilat;qui
1392 996 1571 1039 autem
1591 1001 1698 1038 non
1719 985 1921 1053 vigilat,
1939 981 2128 1035 radere

550 1091 712 1148 caput
738 1087 792 1133 et
823 1079 1044 1132 barbam
1087 1080 1386 1132 secundum
1439 1079 1696 1132 virtutem
1745 1076 2129 1146 praedictorum

551 1179 698 1223 recte
725 1168 943 1222 dicitur.
968 1168 1073 1223 Sed
1097 1184 1274 1238 neque
1304 1168 1486 1222 facere
1522 1169 1575 1222 in
1608 1183 1774 1222 carne
1809 1183 1906 1221 sua
1939 1167 2127 1220 conci-

551 1262 733 1336 siones
761 1277 926 1330 super
954 1273 1168 1316 mortuo
1192 1261 1532 1315 sacerdotem
1561 1261 1738 1325 decet,
1793 1259 1846 1313 id
1902 1269 1985 1313 est
2019 1273 2129 1312 non

549 1350 900 1404 scandalizari
945 1352 998 1404 in
1037 1359 1343 1420 peccatore,
1383 1366 1488 1406 nec
1536 1350 1821 1405 offendere
1871 1359 2131 1418 peet‘ante

549 1441 752 1510 aliquo,
787 1458 965 1512 neque
989 1443 1268 1497 carnalem
1291 1459 1354 1497 ex
1389 1442 1494 1497 hoc
1523 1459 1741 1497 sumere
1779 1442 2126 1511 sapientiam,

547 1534 616 1586 ad
683 1535 980 1588 illicitatem
1030 1535 1226 1588 similis
1289 1535 1611 1605 iniquitatis.
1669 1533 1910 1589 lneisura
1981 1533 2131 1588 enim

550 1627 816 1696 sapientia
837 1628 1018 1682 carnis
1041 1639 1157 1682 est:
1185 1629 1332 1697 quod
1359 1629 1427 1682 de
1457 1628 1679 1693 Judasis,
1717 1629 1809 1698 qui
1839 1629 2133 1683 carnaliter

549 1721 742 1773 vivunt
763 1730 820 1773 et
844 1720 1064 1789 sapiunt
1095 1728 1335 1783 terrena,
1367 1721 1445 1775 ait
1466 1721 1695 1776 Paulus:
1753 1720 1927 1776 Videte
1952 1738 2129 1786 canes,

548 1813 716 1867 videte
743 1811 909 1864 malos
931 1814 1218 1881 operarios,
1245 1815 1412 1866 videte
1445 1815 1786 1868 concisionem
1806 1815 1871 1869 ”.

622 1904 783 1958 Vens.
817 1904 870 1958 6.
918 1923 938 1955 ‹
972 1906 1157 1959 Sancti
1188 1917 1353 1960 erunt
1372 1907 1482 1960 Deo
1503 1923 1604 1962 suo
1659 1915 1716 1961 et
1741 1923 1849 1961 non
1879 1907 2130 1976 polluent

550 2010 751 2048 nomen
781 1995 922 2064 ejus.
963 1995 1252 2050 lnccnsum
1285 1998 1430 2051 enim
1469 1997 1684 2052 Domini
1725 2008 1780 2053 et
1809 2015 1979 2069 panes
2034 2000 2130 2054 Dei

549 2088 636 2143 sui
664 2088 938 2154 oll'erunt;
974 2090 1172 2144 etideo
1201 2090 1372 2143 sancti
1408 2099 1588 2144 erunt.
1641 2110 1660 2142 ι

619 2177 907 2244 Quomodo
934 2182 1180 2251 polluant
1219 2183 1532 2238 sacerdotes
1587 2200 1787 2238 nomen
1820 2185 1934 2249 Dei,
1963 2184 2130 2239 Mala-

548 2271 704 2327 cbias
732 2275 1000 2342 propheta
1031 2276 1314 2344 exposuit:
1352 2275 1445 2329 vos
1471 2279 1789 2339 sacerdotes,
1821 2279 1911 2349 qui
1931 2279 2130 2347 pollui-

547 2365 615 2417 tis
647 2381 833 2418 nomen
861 2383 1055 2429 meum,
1085 2377 1134 2420 et
1176 2368 1385 2421 dixistis
1413 2385 1432 2421 :
1473 2372 1540 2423 In
1565 2386 1665 2439 quo
1697 2369 1979 2439 polluimus
2037 2373 2131 2425 te?

548 2457 744 2526 oﬂ'ertis
765 2474 922 2525 super
943 2459 1118 2513 altare
1148 2477 1322 2514 meum
1359 2478 1551 2532 pauent
1577 2461 1831 2530 pollutum
1853 2464 1918 2516 ¹⁵.
1951 2463 2017 2516 Et
2047 2464 2130 2518 his

547 2551 746 2604 similia
767 2553 976 2606 addens
1021 2553 1295 2609 subdidit:
1349 2555 1572 2624 Propter
1619 2556 1757 2624 quod
1797 2556 1841 2608 si
1897 2555 2130 2624 oﬂ'eratis

547 2660 742 2699 ciccum
774 2647 844 2699 ad
876 2647 1276 2707 immolandum.
1313 2665 1484 2703 nonne
1515 2648 1716 2701 malum
1739 2659 1833 2712 est,
1861 2651 1976 2703 etsi
2005 2650 2130 2720 0ῆέ-

549 2736 688 2789 ratis
713 2752 730 2790 :
755 2737 1003 2790 claudum
1035 2750 1083 2791 et
1103 2739 1434 2810 languidum,
1459 2757 1629 2793 nonne
1644 2741 1844 2794 malum
1867 2753 1941 2796 est
1961 2743 2041 2795 “?
2067 2743 2131 2796 Et

549 2843 772 2882 rursus:
801 2833 1056 2897 Magnum
1087 2841 1160 2885 est
1185 2849 1368 2885 nomen
1415 2850 1583 2886 meum
1613 2835 1668 2886 in
1696 2835 1953 2904 gentibus,
2001 2837 2132 2889 dicit

547 2921 824 2983 Dominus,
855 2939 942 2976 vos
969 2933 1146 2977 autem
1176 2925 1434 2994 polluistis
1478 2927 1611 2979 illud
1641 2929 1693 2979 in
1724 2943 1783 2980 eo
1831 2932 1969 2997 quod
1995 2929 2130 2981 dici-

548 3013 634 3075 tis,
673 3017 854 3066 Mensa
897 3014 1110 3067 Domini
1139 3018 1343 3069 deserta
1393 3026 1468 3069 est
1490 3019 1552 3069 ”.
1603 3016 1743 3087 Ergo
1799 3019 1852 3071 in
1905 3028 2128 3087 peccato

548 3103 942 3157 sacriﬁciorum
973 3105 1064 3158 Dei
1087 3123 1285 3160 nomen
1329 3107 1582 3175 polluunt
1616 3109 1943 3162 sacerdotes.
1975 3107 2128 3164 Unde

547 3210 672 3248 cum
721 3195 993 3266 legislator
1031 3198 1300 3252 dixisset:
1334 3198 1454 3251 Non
1486 3199 1720 3268 polluent
1763 3217 1951 3253 nomen
1991 3200 2122 3270 ejus,

549 3303 657 3341 non
679 3288 879 3343 frustra
909 3289 1136 3354 addidit,
1160 3291 1438 3345 Incensum
1467 3293 1608 3346 enim
1636 3293 1868 3358 Domini,
1889 3303 1935 3345 et
1967 3309 2128 3361 panes

551 3378 648 3432 Dei
678 3379 762 3431 sui
795 3380 1037 3448 offerunt.
1072 3379 1168 3434 Vel
1203 3381 1342 3436 sicut
1375 3382 1534 3448 LXX,
1569 3382 1704 3448 Quia
1748 3386 1846 3453 ipsi
1900 3385 2129 3451 offerunt

549 3471 812 3537 sacriﬁcia
843 3471 940 3524 Dei
957 3488 976 3534 ;
1012 3489 1132 3541 qua-
1165 3489 1275 3526 non
1313 3484 1522 3529 tantum
1573 3476 1639 3530 de
1668 3477 2130 3532 irrationabilibus

552 3561 763 3626 bestiis,
792 3573 1059 3630 quantum
1086 3567 1152 3619 de
1178 3567 1537 3622 rationalibus
1583 3569 1876 3638 praecipere
1913 3569 2130 3640 legisla-

554 3664 727 3708 torcm
751 3665 807 3709 et
853 3657 1177 3726 prophetam
1213 3670 1390 3727 putes.
1421 3661 1686 3714 Pollutam
1728 3661 1875 3715 enim
1905 3663 2036 3716 dicit
2075 3671 2132 3718 et

549 3746 792 3800 ostendit
841 3747 1051 3802 Domini
1110 3765 1357 3804 mensam
1392 3753 1649 3807 sacerdos
1707 3754 1796 3807 ille
1834 3755 1922 3823 qui
1958 3755 2026 3809 ab
2065 3771 2130 3810 ea

551 3853 646 3890 eos
674 3838 767 3905 qui
799 3838 1086 3908 iniquitate
1123 3845 1330 3911 peccati
1365 3844 1554 3913 polluti
1583 3855 1728 3909 sunt,
1755 3862 1862 3900 non
1885 3847 2131 3916 pnccipit

549 3929 861 3994 abstinuere,
925 3933 1021 3986 sed
1083 3934 1376 3990 indiscrete
1439 3937 1697 3992 terribilia
1751 3940 2022 4008 permittit
2071 3951 2128 3993 et

549 4033 738 4077 sancta
767 4024 1046 4095 contingi;
1105 4026 1172 4079 de
1212 4027 1412 4095 quibus
1461 4031 1536 4082 ait
1577 4030 1814 4085 Paulus:
1857 4032 1958 4095 Qui
2024 4049 2128 4085 non

548 4119 796 4171 discernit
823 4119 1316 4188 corpus,judicium
1357 4120 1457 4173 sibi
1489 4124 1772 4177 manduca!
1806 4134 1853 4177 et
1906 4126 2033 4178 bibit
2059 4127 2122 4180 ¹⁸.

548 4208 755 4264 OlTeret
787 4221 970 4264 autem
1005 4222 1060 4266 et
1093 4211 1348 4266 claudum
1383 4219 1448 4267 ad
1479 4215 1670 4277 altare,
1720 4219 1812 4288 qui
1849 4219 2124 4273 inlidelem

547 4304 614 4356 ad
647 4304 1013 4358 ministerium
1045 4307 1337 4374 provehit;
1371 4308 1453 4362 sic
1503 4307 1647 4362 enim
1685 4310 1931 4363 inﬁdeles
1978 4312 2124 4365 Elias

548 4397 838 4453 Thesbites
900 4400 1223 4469 appellavit,
1298 4403 1517 4472 quando
1589 4403 1792 4458 Iudaeis
1861 4405 2118 4459 diccbat:

553 4492 822 4563 Usquequo
845 4492 1157 4547 claudicatis
1186 4494 1240 4547 in
1269 4505 1547 4566 utramque
1573 4506 1777 4563 partem
1797 4497 1838 4528 ¹⁹
1862 4498 1884 4549 ?
1905 4497 2119 4551 C.ccum

1745 408 2110 470 HESYCHII
2149 405 2623 466 PRESBYTER!

550 549 704 602 pare,
734 531 1044 602 seem
1073 535 1217 600 quod
1251 530 1454 586 paulus
1482 529 1548 584 ad
1595 527 1948 582 Timotheum
1990 524 2130 580 scri-
2159 527 2205 582 Α
2237 535 2402 589 neque
2441 521 2906 574 comntunicatveris
2937 521 3158 588 peccatis
3211 519 3423 572 alienis
3461 534 3480 571 :

3701 406 3806 470 1055

3522 522 3807 590 temetipsum

2231 623 2436 666 castum
2477 613 2768 666 custodi“.
2807 613 2950 683 Ergo
2985 628 3146 667 causa
3206 610 3503 665 castitatis
3540 621 3596 665 et
3643 618 3810 667 sancti-

2231 707 2498 763 ﬁcationis
2532 716 2619 762 est
2652 679 2944 772 sacerdoti,
2977 707 3032 761 in
3090 707 3252 760 nullo
3317 705 3706 775 praedictorum
3731 726 3812 762 nu-

2229 815 2321 856 SCB
2333 816 2374 853 I‘l
2386 839 2399 852 .

2304 888 2464 946 Vens.
2513 889 2632 944 7-8.
2673 907 2694 942 α
2751 887 3004 944 Scortum
3055 899 3111 946 et
3134 890 3246 945 vile
3305 891 3683 959 prostibulum
3726 912 3814 952 non

2230 983 2392 1038 ducet
2424 998 2671 1048 uxorem,
2702 997 2803 1036 nec
2825 998 2944 1036 eam
2968 999 3089 1053 qua:
3118 983 3430 1053 repudiata
3459 993 3548 1036 est
3571 1000 3601 1037 a
3630 988 3812 1052 marito,

2229 1077 2356 1145 quia
2383 1084 2730 1130 consecratus
2759 1086 2842 1128 est
2875 1076 2986 1130 Deo
3015 1091 3135 1140 suo,
3154 1085 3208 1131 et
3244 1092 3434 1146 panes
3456 1079 3810 1146 propositionis

2230 1165 2441 1220 oﬂeret.
2475 1171 2558 1220 Sit
2585 1183 2714 1236 ergo
2740 1177 2984 1228 sanctus,
3027 1169 3154 1238 quia
3177 1175 3240 1222 et
3284 1183 3396 1236 ego
3443 1178 3670 1223 sanctus
3714 1186 3807 1224 sum

2232 1257 2514 1322 Dominus,
2547 1261 2640 1328 qui
2670 1259 2953 1314 sanctiﬁco
2975 1275 3092 1314 vos.
3132 1279 3152 1310 ι

2301 1348 2560 1404 Mirabilis
2581 1359 2664 1404 est
2691 1365 2930 1420 praesens
2955 1350 3162 1406 sanctio
3192 1351 3256 1405 in
3287 1348 3442 1404 LXX
3472 1351 3807 1415 translatione,

2230 1440 2355 1510 quia
2396 1441 2538 1495 idem
2592 1443 2907 1497 mandatum
2957 1442 3010 1495 in
3061 1451 3371 1512 personam
3424 1442 3729 1508 multorum,
3766 1456 3804 1499 et

2232 1550 2420 1589 rursus
2450 1535 2501 1588 in
2547 1536 2727 1589 medio
2759 1535 3060 1604 proferens,
3111 1536 3472 1599 advocavit;
3514 1535 3580 1590 Et
3618 1538 3805 1590 manife-

2232 1633 2376 1678 stum
2416 1626 2604 1694 procul
2633 1625 2800 1680 dubio
2828 1641 2895 1680 ex
2926 1626 3029 1680 hoc
3059 1637 3164 1690 est,
3195 1627 3359 1696 quod
3395 1627 3468 1681 de
3503 1627 3803 1684 multitudine

2232 1716 2451 1786 quidem
2482 1717 2827 1772 sacerdotum
2853 1720 3133 1788 praecepit,
3162 1720 3220 1773 in
3269 1734 3456 1773 unum
3503 1729 3678 1773 autem
3715 1736 3803 1773 om-

2233 1808 2384 1861 nium
2421 1808 2902 1864 sanctiﬁcationem
2945 1811 3190 1876 deduxit,
3226 1811 3404 1865 aiunt
3445 1811 3593 1864 enim
3619 1811 3801 1865 :Jlalic-

2235 1915 2343 1952 rem
2373 1901 2692 1953 meretricem
2723 1910 2772 1953 et
2795 1903 3077 1972 profanam
3108 1919 3211 1955 non
3242 1903 3546 1972 accipient,
3589 1912 3643 1955 et
3675 1904 3802 1971 paulo

2232 1999 2374 2059 post,
2409 1989 2634 2046 Sanctus
2657 1996 2755 2047 erit
2775 2011 2792 2048 :
2813 2004 2866 2048 et
2888 2010 3100 2059 rursus,
3126 1994 3503 2062 Sanctiﬁcabo
3528 2011 3659 2053 eum,
3680 1995 3798 2063 quasi

2231 2084 2300 2137 de
2329 2083 2433 2138 illis
2475 2085 2606 2139 dicit
2643 2086 2733 2155 qui
2764 2087 2947 2150 unius,
2991 2087 3044 2141 id
3071 2095 3157 2141 est
3211 2087 3367 2141 illius
3411 2087 3505 2155 qui
3541 2087 3796 2140 secundum

2231 2177 2476 2232 ordinem
2521 2179 2918 2235 Melchisedech
2952 2179 3330 2235 ministrantis
3367 2179 3610 2234 alliciam
3651 2194 3798 2233 susce-

2225 2281 2429 2338 perunt
2466 2288 2478 2324 :
2507 2271 2657 2326 illum
2691 2273 2837 2327 enim
2870 2282 2927 2327 et
2954 2273 3070 2342 ipsa
3109 2275 3299 2326 textus
3352 2274 3527 2326 verba
3571 2273 3682 2327 sine
3709 2272 3792 2326 dil-

2231 2362 2470 2418 ﬁcultate
2499 2365 2826 2435 signiﬁcant,
2864 2365 3007 2419 sicut
3040 2374 3194 2419 extra
3224 2373 3484 2418 nostram
3526 2365 3792 2418 translatio-

2231 2471 2354 2510 nem
2381 2457 2543 2511 etiam
2577 2458 2756 2512 caeteri
2785 2458 3146 2527 interpretum
3169 2458 3562 2512 ostenderunt.
3594 2456 3790 2518 Etenim,

2230 2550 2375 2617 quod
2432 2548 2573 2603 LXX
2597 2551 2880 2612 dixerunt,
2914 2551 3066 2604 Dona
3103 2551 3328 2604 Domini
3387 2551 3488 2604 Dei
3527 2551 3675 2604 vestri
3707 2551 3790 2617 ipse

2229 2643 2424 2711 o/feret.
2455 2643 2526 2696 illi
2545 2643 2863 2697 ediderunt:
2887 2641 3024 2708 Quia
3055 2660 3220 2714 partes
3259 2643 3360 2697 Dei
3395 2645 3475 2696 tui
3497 2644 3602 2712 ipsc
3627 2643 3780 2711 offeret.

2229 2732 2386 2787 Nullo
2416 2735 2576 2786 modo
2608 2743 2788 2788 autem
2819 2735 3034 2805 ignoras
3067 2736 3196 2804 quia
3232 2735 3634 2790 Melchisedech
3664 2734 3781 2787 obla-

2232 2828 2433 2881 tionem
2463 2835 2518 2880 et
2549 2827 2912 2882 sacerdotium
2944 2829 2997 2881 in
3031 2829 3268 2897 panibus
3293 2829 3621 2899 possidebat.
3647 2826 3777 2879 Pron-

2229 2925 2312 2970 ter
2348 2917 2489 2984 quod
2541 2926 2595 2971 et
2624 2918 2854 2972 Abrahae
2891 2934 3061 2988 panes
3109 2935 3312 2990 gerens
3344 2928 3401 2973 et
3474 2919 3666 2978 vinum,
3687 2929 3778 2983 qua:

2227 3015 2383 3060 erant
2416 3007 2569 3078 signa
2608 3009 2727 3077 ejus
2758 3009 3066 3075 sacerdotii,
3104 3011 3392 3066 occurrit:
3427 3009 3636 3080 gerebat
3659 3006 3772 3058 enim

2228 3097 2518 3169 imaginem
2567 3099 2790 3163 Christi,
2835 3101 2902 3155 de
2939 3117 3047 3171 quo
3086 3101 3258 3156 David
3313 3111 3526 3171 patrem
3569 3097 3773 3151 exhibuit

2228 3190 2286 3244 in
2309 3193 2596 3261 prophetia
2626 3193 2897 3248 dicentem
2929 3211 2942 3246 :
2976 3193 3049 3247 Tu
3082 3212 3135 3248 es
3165 3193 3435 3248 Sacerdos
3463 3195 3514 3245 in
3538 3201 3768 3248 internum,

2229 3283 2511 3337 secundum
2569 3285 2803 3339 ordinent
2856 3285 3225 3341 Melchisedech
3267 3289 3337 3341 “.
3389 3287 3554 3353 Cujus
3587 3291 3635 3336 et
3659 3291 3772 3334 nunc

2232 3374 2502 3445 legislator
2531 3377 2622 3430 hic
2641 3377 2961 3447 dignitatem
2989 3395 3098 3432 non
3142 3379 3326 3434 solum
3368 3393 3561 3448 panum
3601 3388 3766 3427 memo-

2232 3465 2366 3519 riam
2409 3466 2614 3523 faciens
2640 3469 2879 3523 ostendit
2915 3487 2928 3523 :
2961 3470 3057 3524 sed
3095 3479 3150 3524 et
3183 3467 3580 3538 subsequentia
3619 3463 3763 3524 verba,

2230 3557 2276 3612 si
2293 3574 2355 3613 ea
2365 3575 2481 3613 rum
2497 3561 2750 3616 subtilius
2763 3562 3009 3617 ordinem
3027 3564 3403 3624 attendamus,
3425 3561 3524 3614 hoc
3537 3557 3763 3611 evidenter

2229 3647 2484 3711 innuunt.
2511 3653 2636 3721 quia
2675 3655 3020 3708 sacerdotum
3047 3655 3415 3710 sanctiﬁcatio
3453 3652 3518 3705 ad
3543 3649 3754 3703 Christum

2228 3740 2422 3802 tendit,
2447 3758 2557 3796 non
2578 3744 2752 3797 solum
2770 3746 2893 3813 quia
2920 3747 2988 3800 ab
3005 3745 3383 3802 eo'sacerdotii
3412 3745 3576 3814 legem
3596 3749 3640 3792 et
3659 3753 3739 3790 wo-

2229 3829 2358 3884 dum
2387 3844 2735 3902 acceperunt,
2771 3836 2867 3891 sed
2897 3838 3023 3906 quia
3064 3838 3466 3893 sacriﬁciorum
3495 3850 3604 3904 qua:
3624 3834 3670 3886 ab
3683 3830 3737 3882 eis

2229 3924 2553 3992 oli'ernntur,
2607 3936 2769 3996 atque
2824 3930 3183 3992 oblationem,
3235 3931 3361 4003 ipse
3419 3930 3554 3999 apud
3592 3933 3743 3996 Patrem

2229 4014 2496 4070 mediator
2531 4025 2633 4071 est.
2660 4019 2729 4072 Et
2749 4029 3033 4089 propterea
3062 4021 3175 4074 ait:

2299 4132 2574 4184 Incensum
2621 4133 2760 4185 enim
2789 4131 3004 4186 Domini
3047 4144 3095 4186 et
3121 4151 3288 4204 panes
3323 4135 3420 4188 Dei
3453 4133 3528 4186 sui
3553 4129 3738 4198 afﬁrm"-

2227 4218 2353 4275 Sive
2377 4223 2672 4276 secundum
2701 4222 2870 4277 LXX:
2898 4224 3045 4278 Dona
3069 4226 3284 4280 Domini
3308 4227 3463 4281 vestri
3489 4226 3576 4290 ipse
3592 4218 3742 4287 oﬂ'erel-

2225 4313 2336 4368 Cur
2361 4324 2543 4369 autem
2570 4316 2776 4371 addidit
2801 4336 2814 4372 :
2841 4316 2924 4372 Sit
2943 4335 3064 4390 ergo
3093 4332 3329 4386 sanctus,
3347 4321 3469 4392 quia
3493 4327 3537 4371 et
3565 4328 3638 4382 ego
3657 4321 3746 4362 sum

2226 4419 2438 4460 sanctus
2471 4407 2747 4474 Dominus,
2771 4409 2861 4479 qui
2904 4412 3174 4480 sanctifico
3206 4415 3335 4467 vos?
3364 4413 3479 4465 Non
3513 4408 3640 4465 dixit.
3669 4398 3749 4465 QUi

2225 4498 2503 4553 sanctiﬁco
2551 4507 2638 4562 te,
2689 4515 2758 4553 ne
2789 4500 2926 4554 forte
2959 4502 3235 4556 existimes
3288 4503 3436 4557 illum
3479 4487 3747 4552 sanctiﬁcan'

544 4595 601 4638 ct
627 4586 851 4639 surdum
883 4587 1156 4655 provehit,
1188 4587 1281 4656 qui
1316 4588 1700 4644 inobedientize
1746 4589 1830 4643 vel
1862 4589 2120 4658 ignoran-
2155 4631 2200 4686 υ
2224 4592 2315 4661 qui
2342 4593 2483 4646 dona
2519 4593 2583 4646 ad
2614 4592 2851 4658 Patrem,
2882 4605 2941 4647 ut
2967 4595 3233 4650 mediator
3271 4597 3479 4656 oﬁ‘eret,
3520 4587 3602 4644 sed
3645 4598 3746 4636 ιωι·

546 4676 634 4728 tiae.
667 4674 760 4729 Dei
807 4675 1001 4730 morbo
1055 4676 1393 4731 laborantem
1446 4678 1737 4747 producit;
1793 4679 1861 4733 de
1915 4681 2116 4748 quibus

541 4771 709 4825 Isaias
741 4771 912 4824 Deum
954 4787 1112 4836 suum
1140 4772 1440 4827 introduxit
1469 4772 1774 4827 dicentem:
1813 4773 1991 4836 Sardi,
2020 4792 2121 4827 au-

543 4862 670 4926 dite,
713 4872 761 4914 et
808 4862 949 4926 caeci,
1001 4861 1296 4933 intelligite.
1349 4861 1476 4927 Quis
1530 4880 1718 4927 caecus,
1769 4865 1882 4918 nisi
1932 4865 2122 4920 Servus

543 4955 723 5006 meus?
766 4964 813 5006 et
852 4955 968 5024 quis
1013 4957 1221 5020 surdus,
1275 4957 1376 5009 nisi
1419 4959 1489 5010 ad
1539 4975 1692 5027 quem
1735 4959 1942 5012 nuntios
1983 4977 2121 5014 meos

543 5047 664 5101 misi
681 5047 764 5099 ὀἳ
793 5047 1021 5112 Quando
1057 5064 1186 5121 ergo
1222 5053 1322 5107 bos
1345 5053 1437 5122 qui
1479 5053 1615 5107 tales
1649 5063 1800 5117 sunt,
1824 5054 2024 5108 oll'crre
2051 5056 2117 5109 ad

543 5139 712 5193 altare
750 5149 804 5193 et
831 5142 1108 5211 suscipere
1140 5145 1426 5216 mysticum
1461 5145 1824 5200 ministerium
1865 5148 2133 5203 sacerdos

546 5231 912 5299 proposuerit,
944 5249 1125 5290 nonne
1180 5236 1597 5304 polluitnomen
1650 5237 1747 5289 Dei
1775 5237 1894 5291 sui?
1940 5254 2120 5308 neque

543 5322 690 5376 enim
725 5323 828 5376 erit
871 5325 920 5378 ei
979 5326 1082 5381 hoc
1130 5328 1254 5382 sine
1319 5328 1609 5382 maledicto
1644 5337 1699 5382 et
1741 5329 2118 5396 detractione,

547 5423 734 5485 utpote
764 5415 853 5485 qui
884 5418 1201 5472 ministrare
1252 5419 1362 5473 Deo
1395 5420 1567 5475 malos
1606 5421 1873 5490 prazcipit.
1925 5420 2032 5475 Sed
2067 5433 2123 5476 et

549 5509 666 5576 ipse
689 5519 912 5564 sanctus
941 5512 1066 5577 erit,
1099 5515 1168 5566 ab
1195 5512 1280 5566 his
1311 5528 1368 5566 se
1391 5513 1716 5579 continens;
1749 5515 1891 5583 quod
1921 5524 2123 5569 osten-

547 5602 627 5656 dit
669 5603 874 5659 Paulus
907 5604 1133 5661 dicens:
1177 5605 1373 5659 Munus
1421 5607 1522 5658 cito
1555 5607 1751 5659 nemini
1789 5607 2119 5676 imposueris,

2229 4684 2468 4752 ctiﬁcans
2492 4702 2598 4750 vos,
2630 4685 2879 4740 videlicet
2902 4685 2994 4755 qui
3019 4687 3070 4740 in
3099 4688 3218 4757 ejus
3244 4689 3462 4759 ﬁguram
3493 4675 3747 4737 sacerdotes

2230 4779 2485 4834 Ecclesiae
2520 4781 2794 4835 constituti
2827 4791 2975 4835 sunt.
3017 4781 3156 4848 Quid
3184 4798 3312 4854 ergo
3339 4792 3547 4836 necesse
3573 4765 3746 4827 eratsic

2227 4873 2391 4926 verba
2417 4873 2688 4935 connecti,
2709 4882 2802 4927 aut
2825 4890 2986 4944 quain
3011 4876 3240 4930 omnino
3274 4877 3432 4930 habet
3459 4873 3742 4930 consequen-

2227 4964 2357 5018 tiam
2406 4965 2590 5017 talium
2616 4964 2842 5034 prolatio
2871 4967 3160 5020 verborum
3185 4967 3239 5021 in
3265 4962 3588 5023 translatione
3603 4948 3740 5007 LXX:

2185 5063 2187 5066 '
2226 5053 2452 5108 Sanctus
2501 5056 2618 5119 erit,
2667 5056 2788 5124 quia
2838 5066 3050 5110 sanctus
3098 5075 3234 5122 sum,
3283 5074 3371 5130 ego
3415 5051 3636 5106 Dominus
3671 5037 3740 5130 ᾳιιξ

2227 5147 2496 5215 sancti/ica
2551 5164 2637 5201 vos
2674 5149 2699 5201 ?
2739 5147 3000 5218 Superius
3047 5151 3196 5204 enim
3243 5139 3650 5207 sanctiﬁcationis
3697 5129 3733 5182 εί

2229 5239 2599 5294 testimonium
2627 5240 2910 5309 pratbitum
2936 5251 3038 5304 est,
3062 5243 3200 5297 sicut
3222 5239 3453 5313 pnedicti
3473 5230 3730 5290 ediderunt.

2228 5333 2505 5387 dicentes:
2537 5334 2673 5396 Quia
2703 5344 2914 5388 sanctus
2937 5346 3012 5388 est
3039 5336 3256 5390 Domino
3288 5337 3386 5391 Deo
3411 5346 3513 5386 suo.
3542 5323 3730 5390 Quomo-

2228 5426 2298 5480 do
2332 5441 2460 5496 ergo
2507 5440 2698 5479 rursus
2729 5426 2942 5488 inferet,
2987 5427 3055 5481 Et
3083 5427 3423 5498 sanctiﬁcabis
3451 5411 3729 5476 eum?Dmm

2231 5517 2367 5570 enim
2399 5517 2605 5570 Domini
2636 5517 2730 5570 Dei
2758 5518 2914 5571 vestri
2945 5517 3053 5586 ipse
3098 5521 3292 5588 offeret.
3338 5515 3450 5570 Tria
3495 5518 3605 5574 ergo
3639 5499 3725 5550 Ιιίευ

2231 5623 2328 5677 per
2363 5623 2425 5662 ca
2454 5624 2573 5678 quae
2602 5609 2741 5665 dicta
2772 5619 2898 5662 sunt
2922 5611 3176 5675 ostendit,
3213 5612 3262 5665 id
3289 5617 3364 5666 est
3395 5603 3505 5675 quia
3529 5589 3726 5650 Christus

628 5804 666 5831 "
695 5803 738 5854 ll
765 5802 907 5872 Tim.
950 5819 1024 5866 tv,
1065 5801 1120 5855 2.
1191 5802 1234 5833 ¹³
1262 5802 1392 5857 ibid.
1439 5802 1490 5853 εἰ.
1571 5801 1611 5832 ¹⁸⁶
1642 5800 1872 5872 Philipp.
1915 5805 2072 5870 111,2.

2231 5805 2596 5861 Μοιις.ριι.ι.7.
2673 5807 2712 5836 ιε
2741 5805 2868 5860 ibid.
2898 5806 2950 5860 8.
3032 5809 3070 5838 ι’
3103 5807 3235 5863 ibid.
3280 5807 3356 5861 ll.
3427 5790 3718 5850 "lCorJl.

549 5868 640 5925 BJ.
718 5874 759 5904 ’⁸
792 5873 856 5926 ιιι
892 5871 1020 5944 Reg.
1049 5889 1204 5937 xvni,
1236 5872 1326 5926 21.
1405 5873 1450 5903 ¹⁰
1477 5873 1579 5927 lsa.
1618 5889 1724 5939 ut,
1769 5868 1965 5933 {8.19.

2046 5878 2086 5906 "
2117 5877 2135 5929 l
2166 5874 2308 5930 Tini.
2345 5895 2394 5941 v,
2420 5877 2505 5944 22.
2581 5876 2629 5908 "
2673 5875 2807 5930 i‘sal.
2841 5892 2947 5943 ους,
2974 5877 3025 5930 4.
