3928 6442
83 398 102 460 1
117 402 238 464 057

1261 407 1343 466 ΙΝ
1383 405 1820 467 LEVITICUM.
1866 429 1934 442 —
1970 406 2118 465 LIB.
2154 407 2255 466 VI.

3257 405 3397 469 1053

69 520 424 576 secundum
449 520 590 590 quod
634 530 718 577 est
755 521 920 587 Deus,
955 530 1009 575 et
1031 531 1252 577 sanctus
1279 533 1385 583 est,
1421 539 1453 576 a
1499 532 1694 577 semet—
1733 530 1776 584 Α
1807 521 2172 592 legitimorum
2200 523 2476 590 praedicet,
2501 536 2602 576 nec
2654 531 2837 575 utatur
2860 522 2940 575 eis
2965 521 3166 590 quibus
3192 522 3279 575 illa
3304 537 3395 575 se-

68 614 196 678 ipso
209 612 730 668 Sanctiﬁcationem
745 613 953 667 habens
969 614 1083 678 ,sed
1099 623 1154 667 et
1170 629 1268 668 nos
1281 613 1702 678 sanctiﬁcamus;

66 700 138 753 de
167 716 294 768 quo
336 701 486 756 dixit
509 703 707 756 Paulus
741 721 754 754 :
795 702 897 767 Qui
939 703 1236 770 sanctiﬁcat
1259 713 1308 756 et
1337 705 1427 773 qui
1461 705 1705 772 sanctiﬁ-

66 803 299 856 cantur,
359 812 434 848 ea:
491 812 594 848 uno
635 811 812 849 omnes
845 795 912 848 ’³.
969 794 1074 848 Sed
1116 796 1204 849 ille
1244 796 1465 865 quidem
1512 815 1542 850 a
1593 795 1705 851 Deo

68 900 254 937 unum
309 886 506 940 solum
555 884 752 951 Filius,
786 887 881 942 sed
912 897 969 942 et
991 886 1086 942 Dei
1124 897 1342 951 natura,
1378 903 1481 944 nos
1523 898 1703 943 autem

66 976 251 1046 gratia
290 995 309 1042 ;
377 989 608 1049 propter
659 979 804 1050 quod
852 981 943 1036 ille
985 981 1204 1050 quidem
1239 982 1558 1046 sanctiﬁcat,
1605 996 1706 1036 nos

69 1074 263 1120 autem
288 1071 736 1136 sanctiﬁcamur;
757 1072 1056 1126 secundum
1072 1082 1252 1126 autem
1270 1075 1413 1142 quod
1432 1073 1702 1128 iuearnari

69 1159 116 1210 ei
147 1158 411 1225 placuit,
436 1169 492 1215 et
517 1177 626 1216 non
657 1163 835 1216 solum
860 1163 1214 1224 sacriﬁcium,
1255 1165 1348 1218 sed
1374 1173 1430 1218 et
1457 1166 1704 1234 pontifex

78 1249 214 1316 ﬁeri,
242 1255 576 1308 secundum
603 1256 706 1310 hoc
738 1254 979 1317 Patrem,
1009 1265 1063 1310 et
1093 1257 1405 1318 Dominum,
1439 1266 1495 1312 et
1533 1258 1704 1311 Deum

80 1343 292 1398 habere
347 1346 580 1410 dicitur,
623 1349 764 1403 sicut
799 1348 918 1416 ipse
958 1349 1025 1403 ad
1059 1349 1280 1403 Mariam
1332 1349 1703 1420 Magdelenam

81 1435 210 1489 dixit
248 1454 264 1490 :
306 1437 465 1492 Vade
499 1439 570 1493 ad
603 1442 794 1510 fratres
837 1456 974 1494 meos
1001 1451 1051 1494 et
1085 1442 1169 1494 dic
1214 1443 1288 1495 eis
1318 1457 1336 1495 :
1369 1443 1604 1496 Asceudo
1632 1443 1705 1498 ad

81 1528 318 1583 Patrem
356 1549 559 1596 meum,
582 1544 629 1586 et
649 1532 869 1588 Putrem
894 1544 1139 1598 vestrum,
1169 1535 1241 1588 ad
1262 1534 1428 1588 Deum
1455 1552 1627 1589 meum
1653 1545 1705 1590 et

86 1623 250 1676 Deum
279 1634 532 1680 vestrum
557 1627 624 1692 ³³⁵,
652 1636 707 1681 et
734 1635 1022 1696 prapterea
1051 1627 1128 1680 ait
1157 1645 1170 1680 :

145 1714 293 1778 Quia
318 1727 552 1770 sanctus
573 1727 649 1771 est
671 1719 896 1772 Domino
924 1717 1029 1772 Deo
1059 1735 1172 1772 suo.
1199 1718 1430 1774 Sanctus
1457 1731 1542 1774 est
1563 1720 1704 1776 sicut

83 1804 242 1873 Deus,
280 1808 539 1863 Domino
567 1819 749 1864 autem
783 1809 896 1864 Deo
927 1811 1046 1879 ejus
1076 1819 1134 1864 ut
1159 1812 1344 1866 homo.

148 1899 360 1968 Propte
383 1919 405 1952 r
429 1903 567 1970 quod
603 1912 651 1956 et
679 1903 1033 1970 sanctiﬁcabis
1067 1920 1207 1969 eum,
1240 1905 1380 1957 dona
1426 1904 1565 1958 enim
1591 1903 1698 1956 Do-

87 1994 210 2045 mini
236 1993 344 2046 Dei
383 1996 539 2047 vestri
566 1997 674 2064 ipse
702 1997 901 2065 offeret.
940 1995 1046 2050 Sed
1073 2003 1128 2050 et
1157 1997 1281 2066 quia
1308 1997 1364 2051 in
1390 1997 1510 2066 ejus
1531 1996 1700 2067 ﬁgura

15 2110 22 2119 -
89 2085 172 2154 qui
199 2086 271 2139 ab
300 2102 393 2140 eo
419 2089 772 2142 constituitur
794 2088 1108 2143 sacerdotes
1133 2089 1462 2155 ministrant,
1489 2090 1546 2144 in
1567 2090 1701 2160 ipsis

91 2190 139 2233 et
173 2181 243 2234 ab
292 2181 449 2250 ipsis
478 2182 806 2236 sanctiﬁcari
862 2181 1078 2249 dicitur,
1139 2191 1194 2237 et
1237 2191 1526 2252 propterea
1575 2200 1699 2239 cum

95 2275 256 2326 semel
285 2273 560 2337 dixisset,
594 2271 821 2327 Sanctus
851 2284 950 2339 est,
985 2274 1198 2330 addidit
1241 2283 1422 2330 tamen
1452 2274 1701 2344 Sanctifi-

97 2367 227 2416 cabis
260 2381 426 2429 eum,
453 2374 510 2420 et
538 2381 754 2428 rursus,
785 2363 1017 2420 Sanctus
1048 2367 1168 2422 erit.
1203 2365 1487 2432 Quomodo
1517 2377 1698 2422 autem

103 2475 191 2510 nos
220 2474 368 2510 eum
419 2459 762 2514 sanctiﬁcare
807 2459 1150 2528 possumus?
1200 2459 1354 2514 Unde
1405 2471 1500 2514 aut
1530 2476 1558 2513 a
1590 2477 1700 2531 quo

102 2552 603 2607 sanctiﬁcationem
636 2552 921 2616 habentes,
957 2553 1252 2608 ostendens
1281 2553 1486 2608 addidit
1515 2573 1528 2608 :

167 2644 301 2708 Quia
360 2657 576 2698 sanctus
612 2661 706 2715 ego
733 2661 851 2698 sum
903 2644 1160 2723 Dominus
1205 2646 1543 2714 sanctiﬁcans
1588 2663 1695 2700 eos.

112 2731 162 2784 Si
199 2749 332 2802 ergo
375 2750 409 2788 a
456 2734 570 2788 Deo
613 2735 794 2789 datam
853 2736 1014 2790 nobis
1057 2736 1544 2791 sanctiﬁcationem
1596 2753 1698 2793 nos

117 2827 320 2880 sacerdo
335 2835 426 2881 tes
464 2826 855 2891 custodiamus,
889 2827 1294 2884 sanctiﬁcamus
1319 2845 1417 2898 per
1455 2840 1696 2884 nostram

121 2917 603 2972 sanctiﬁcationem
634 2933 760 2973 eum
787 2919 880 2988 qui
919 2929 1142 2974 sanctus
1183 2921 1486 2975 secundum
1533 2931 1697 2976 natu-

125 3025 220 3064 ram
246 3020 360 3076 est,
392 3011 452 3065 in
481 3011 643 3066 nobis
670 3011 956 3076 duntaxat,
982 3013 1110 3081 quia
1141 3012 1198 3066 in
1237 3012 1615 3069 conformibus
1641 3025 1697 3069 et

134 3101 473 3174 participibus
534 3103 654 3174 ejus
699 3103 884 3174 gloriae
945 3103 1118 3157 voluit
1177 3105 1532 3170 sanctiﬁcari,
1593 3108 1695 3161 hac

1808 611 2048 664 cundum
2077 610 2308 664 litteram
2335 612 2591 666 utebatur
2626 629 2639 664 :
2670 611 2721 666 id
2750 621 2853 674 est,
2880 623 2941 665 ut
2998 626 3174 679 neque
3223 612 3394 664 sacri-

1807 705 1926 760 ﬁcia
1949 704 2368 766 irrationalium,
2403 716 2459 759 et
2511 705 2920 775 purilicationes
2969 703 3284 767 sensibiles,
3337 704 3392 757 iu

1806 797 2008 866 quibus
2041 797 2397 866 intelligihilia
2431 798 2634 852 credita
2668 807 2815 862 sunt,
2847 811 3032 866 agant.

1882 888 2049 943 Vens.
2073 890 2122 943 9.
2169 908 2188 940 ι
2225 887 2533 942 Sacerdotis
2592 888 2697 942 tilia
2727 889 2772 944 si
2827 887 3173 958 deprehensa
3230 887 3395 942 fuerit

1807 980 1861 1034 in
1885 990 2099 1050 stupro,
2139 990 2195 1035 et
2219 981 2507 1036 violaverit
2535 972 2736 1037 nomen
2788 981 2959 1052 patris
3008 981 3113 1047 sui,
3164 979 3398 1035 ﬂammis

1806 1078 2089 1124 exurctur.
2123 1088 2141 1119 ι

1877 1156 2056 1211 Grave
2081 1166 2166 1210 est
2188 1155 2405 1226 quidem
2433 1157 2599 1212 etiam
2619 1157 2850 1212 cuilibet
2882 1156 2998 1211 viro
3017 1156 3278 1211 fornicari
3329 1155 3395 1209 li-

1807 1247 1958 1313 liam,
2022 1247 2259 1302 maxime
2305 1257 2488 1303 tamen
2549 1250 2872 1312 sacerdotis,
2909 1249 3035 1318 quia
3090 1249 3395 1304 secundum

1805 1335 1950 1405 quod
1974 1335 2110 1389 dixit
2138 1335 2336 1390 Paulus
2363 1355 2375 1390 :
2427 1336 2640 1404 Oportet
2691 1340 2986 1392 sacerdotes
3034 1339 3171 1406 ﬁlios
3201 1339 3398 1390 habere

1803 1427 2038 1481 subditos
2069 1444 2188 1481 cum
2209 1430 2354 1482 omni
2380 1430 2624 1482 castitate
2652 1431 2718 1495 ³ο,
2766 1430 2842 1484 ita
2893 1440 2954 1484 ut
3018 1446 3128 1483 non
3179 1430 3396 1484 dicatur

1806 1521 1875 1576 de
1905 1536 1972 1576 eo
2003 1521 2147 1591 quod
2169 1521 2415 1591 sequitur
2447 1541 2460 1578 :
2518 1521 2576 1577 Si
2629 1525 2750 1592 quis
2803 1541 2913 1577 sua:
2946 1525 3127 1576 domui
3171 1540 3393 1593 prteesse

1805 1613 1987 1674 nescit,
2011 1613 2268 1682 quomodo
2297 1613 2546 1666 Ecclesia:
2567 1614 2663 1667 Dei
2692 1631 2875 1669 curam
2899 1617 3106 1670 habebit
3141 1616 3218 1668 a“P
3256 1615 3392 1670 Pro-

1813 1715 2008 1776 pterea
2032 1703 2345 1760 Judaeorum
2376 1704 2657 1777 Synagoga
2689 1722 2798 1762 non
2821 1707 2998 1762 solum
3027 1724 3183 1771 uxor,
3213 1709 3305 1761 sed
3336 1715 3396 1762 et

1805 1796 1913 1851 ﬁlia
1941 1796 2034 1851 Dei
2057 1797 2324 1867 appellata
2345 1799 2401 1850 in
2420 1799 2700 1868 prophetis
2725 1799 3022 1854 invenitur.
3053 1799 3158 1852 Sed
3176 1807 3391 1852 utrum-

1804 1906 1912 1960 que
1971 1891 2088 1960 ipsa
2128 1891 2450 1960 depravatis,
2500 1891 2720 1962 indigna
2784 1893 2942 1948 donis
2998 1892 3270 1961 apparuit,
3333 1900 3395 1945 et

1807 1990 2103 2054 propterea
2125 1984 2301 2037 aliena
2338 1983 2479 2038 facta
2499 1995 2617 2049 est;
2647 1985 2718 2039 ita
2754 1994 2812 2038 ut
2860 1985 3002 2039 Deus
3048 1999 3145 2052 per
3195 1983 3388 2037 Isaiam

1804 2075 2012 2130 diceret
2048 2091 2062 2127 :
2096 2075 2437 2142 Relinquetur
2461 2077 2574 2145 ﬁlia
2603 2076 2730 2131 Sion
2787 2079 2924 2132 sicut
2956 2078 3317 2130 umbraculvm
3334 2079 3388 2129 in

1802 2169 1976 2233 vinea,
2005 2177 2053 2222 et
2075 2169 2210 2222 sicut
2233 2171 2499 2239 tugurium
2530 2171 2586 2222 in
2615 2174 2997 2230 cucumerario.
3022 2182 3069 2224 et
3106 2175 3240 2223 sicut
3261 2172 3388 2222 civi-

1804 2269 1887 2312 tas
1909 2275 2025 2329 qua:
2041 2268 2283 2313 vastatur
2305 2261 2370 2313 ³⁸.
2405 2260 2523 2330 Ipsa
2562 2260 2842 2329 profanata
2876 2271 2931 2316 et
2961 2263 3258 2316 adulterata
3280 2271 3382 2315 est.

1802 2352 1878 2406 De
1903 2353 2006 2406 hac
2027 2351 2274 2408 invenies
2311 2353 2600 2406 Dominum
2641 2369 2744 2424 per
2792 2356 3132 2424 prophetiam
3161 2355 3214 2407 in
3247 2357 3385 2408 Osca

1803 2444 2077 2497 dicentem
2112 2462 2126 2496 :
2157 2443 2304 2497 Filiis
2329 2443 2441 2510 ejus
2469 2460 2569 2496 non
2605 2445 2909 2507 miserebor,
2933 2445 3058 2514 quia
3089 2446 3189 2513 ﬁlii
3221 2445 3387 2514 forni-

1803 2537 2027 2588 cationis
2052 2545 2192 2600 sunt,
2221 2537 2346 2604 quia
2362 2536 2624 2605 fornicata
2655 2545 2730 2589 est
2759 2547 2931 2590 mater
2955 2554 3133 2590 eorum
3160 2538 3237 2601 ³³;
3259 2553 3387 2592 nam

1801 2635 1857 2680 et
1885 2626 2006 2696 igne
2045 2635 2236 2680 exusta
2272 2636 2377 2680 est.
2416 2626 2569 2691 Quod
2630 2626 2945 2681 manifestat
3000 2629 3282 2697 templum,
3331 2638 3396 2683 et
3471 2613 3476 2624 ’

1800 2716 1994 2772 civitas
2022 2717 2139 2772 lucc
2166 2716 2471 2772 Jerusalem
2503 2717 2748 2787 antiqua,
2778 2718 2963 2774 adhuc
2981 2721 3386 2773 ostendensin-

1801 2809 1980 2863 cendii
2008 2810 2289 2878 reliquias.
2323 2809 2466 2879 Ergo
2490 2824 2614 2863 vera
2630 2819 2686 2863 et
2713 2809 3116 2881 irrel'ragabilis
3164 2820 3250 2865 est
3273 2811 3390 2878 spl-

1803 2902 1980 2956 ritalis
2025 2902 2160 2972 legis
2209 2902 2602 2972 contemplatio
2659 2920 2674 2956 :
2751 2917 2931 2971 neque
2993 2903 3140 2957 enim
3212 2904 3392 2958 solum

1802 3013 2065 3052 succensa
2093 3006 2200 3060 est,
2223 2998 2319 3053 sed
2379 3000 2680 3054 secundum
2727 3000 2874 3069 quod
2897 3001 2974 3052 ait
3001 3000 3084 3054 lex
3141 2999 3390 3054 funditus

1797 3104 1984 3149 exusta
2009 3102 2113 3148 est.

142 3191 592 3246 tnusiormatione
641 3207 773 3247 usus
817 3201 922 3254 est,
975 3194 1130 3263 quasi
1178 3193 1405 3264 ﬁgurate
1436 3203 1490 3250 et
1521 3197 1697 3268 typicc
1724 3214 1768 3272 ο
1872 3187 2035 3242 Vnus.
2074 3187 2253 3242 10-12.
2288 3207 2306 3239 ι
2338 3187 2680 3250 Pontifex,id
2715 3197 2801 3243 est
2826 3189 3081 3243 sacerdos
3114 3189 3388 3245 maximus

152 3282 350 3352 loquens.
389 3282 804 3339 Verumtamen
836 3300 932 3340 eos
961 3286 1054 3355 qui
1084 3288 1493 3342 sanctiﬁcantur
1520 3290 1589 3344 ab
1614 3305 1698 3356 eo,

151 3383 345 3428 scortum
376 3382 444 3428 et
469 3373 577 3428 vile
607 3373 971 3443 prostibulum
996 3374 1197 3430 ducere
1225 3390 1334 3428 non
1356 3377 1488 3438 vult,
1513 3387 1703 3446 aperte

142 3476 291 3520 contra
326 3467 651 3522 Judieorum
697 3466 1034 3538 Synagogam
1062 3468 1354 3522 intendens
1384 3487 1397 3522 :
1423 3485 1543 3538 quae
1571 3471 1700 3540 quia
1734 3486 1736 3488 ·

137 3560 367 3613 meretrix
421 3567 528 3621 est,
570 3559 697 3612 audi
742 3559 1034 3613 Dominum
1079 3560 1134 3614 in
1197 3560 1336 3615 Isaia
1382 3561 1696 3616 dicentem:

133 3648 375 3714 Quomodo
397 3653 546 3720 facta
580 3663 659 3706 est
696 3653 944 3705 meretrix
967 3653 1150 3706 civitas
1187 3653 1360 3722 ﬁdelis
1392 3653 1518 3708 Sion
1547 3657 1702 3724 plena

126 3744 285 3811 judicii
295 3749 322 3801 ?
336 3745 371 3800 ,Ι
381 3746 563 3799 ustilia
577 3745 830 3798 habitavit
846 3745 898 3798 in
919 3761 1001 3807 ea,
1017 3761 1151 3798 nunc
1161 3755 1337 3799 autem
1349 3746 1618 3801 homicida:
1631 3751 1700 3806 ³³.

135 3837 215 3892 Sed
237 3849 285 3894 et
333 3840 392 3893 in
422 3838 601 3892 Osca:
644 3839 712 3893 Et
733 3840 977 3909 auferam
1031 3839 1430 3909 fornicationem
1484 3842 1599 3908 ejus
1644 3843 1698 3894 in

140 3933 274 3984 medio
315 3933 461 4000 ejus,
511 3940 559 3983 et
608 3930 934 3985 adulterium
977 3930 1093 3998 ejus
1152 3930 1217 3982 de
1267 3932 1437 3983 medio
1479 3931 1697 3985 uberum

144 4023 303 4090 ejus".
349 4024 588 4092 Insuper
636 4031 691 4077 et
739 4023 908 4078 David
959 4023 1220 4092 prmdicat
1263 4024 1696 4092 profanationem

144 4114 270 4185 hujus
296 4136 310 4182 ;
342 4120 425 4172 ait
469 4117 615 4171 enim
637 4115 747 4170 Deo
791 4113 900 4186 [de
929 4113 1073 4186 eo
1121 4113 1428 4184 Profanasti
1465 4117 1518 4168 in
1553 4127 1695 4170 terra

137 4212 446 4261 sanctitatem
475 4208 608 4276 ejus,
649 4207 954 4260 destruxisti
986 4223 1164 4260 omnes
1210 4208 1468 4260 macerias
1496 4207 1692 4276 ejus".

141 4296 491 4353 Sauctiﬁcatio
560 4307 744 4351 autem
805 4295 1140 4360 Judaaorum,
1191 4295 1468 4366 Synagoga
1509 4313 1695 4350 eorum

146 4396 242 4440 erat
267 4387 448 4456 porcul
480 4386 649 4440 dubio
676 4405 690 4440 :
728 4385 784 4438 in
814 4385 936 4454 ipsa
965 4385 1110 4439 enim
1139 4394 1257 4438 erat
1286 4393 1341 4439 et
1368 4385 1694 4440 sacriﬁcium

147 4475 472 4544 tabernaculi,
519 4479 712 4547 inqua
747 4492 935 4530 eorum
967 4469 1486 4531 eonsummahantur
1515 4477 1693 4547 legiti-

1807 3281 1953 3336 inter
1996 3280 2194 3336 fratres
2249 3298 2396 3346 suos,
2459 3297 2626 3352 super
2647 3282 2804 3352 cujus
2849 3291 3012 3352 caput
3070 3283 3251 3360 fusum
3303 3295 3390 3338 est

1806 3373 2085 3428 unctionis
2105 3373 2305 3440 oleum,
2331 3383 2388 3429 et
2416 3375 2575 3444 cujus
2608 3389 2802 3429 manus
2838 3374 2890 3427 iu
2918 3375 3226 3429 sacerdotio
3257 3391 3390 3429 con-

1805 3477 2032 3520 secratae
2062 3475 2210 3529 sunt,
2243 3467 2580 3536 vestitusque
2609 3477 2691 3520 est
2711 3468 2918 3522 sanctis
2940 3469 3388 3537 vestibus,caput

1805 3575 1964 3612 suum
1991 3575 2098 3612 non
2129 3560 2482 3627 discooperit,
2515 3560 2842 3614 vestimenta
2867 3577 2962 3614 sua
2997 3576 3107 3614 non
3147 3561 3384 3625 scindet,

1804 3659 1860 3704 et
1893 3651 1957 3703 ad
1992 3666 2155 3705 omne
2197 3662 2471 3705 mortuum
2501 3667 2609 3704 non
2644 3653 2981 3721 ingrediatur
3003 3654 3250 3707 omnino.
3278 3655 3388 3708 Su-

1804 3758 1901 3811 per
1936 3752 2091 3811 patre
2117 3757 2334 3811 quoque
2365 3757 2484 3802 suo,
2513 3751 2606 3795 aut
2641 3754 2813 3797 matre
2844 3759 2954 3797 non
2990 3744 3389 3798 contaminahi-

1805 3844 1913 3900 tur,
1959 3850 2062 3889 nec
2089 3835 2402 3905 egredietur
2425 3836 2492 3890 de
2510 3835 2736 3898 sanctis,
2766 3851 2834 3890 ne
2894 3836 3103 3906 polluat
3131 3848 3387 3892 sanctua-

1805 3927 1942 3980 rium
1985 3927 2219 3991 Domini,
2246 3929 2372 3999 quia
2397 3929 2577 3983 oleum
2611 3938 2814 3984 sancta:
2875 3930 3154 3986 unctionis
3175 3933 3267 3987 Dei
3303 3933 3394 3987 sui-

1803 4034 1968 4087 super
1997 4035 2122 4072 eum
2153 4030 2257 4074 est.
2286 4021 2396 4089 Ego
2424 4019 2704 4075 Dominus.
2745 4039 2764 4073 ι

1872 4111 2006 4176 Quis
2037 4121 2122 4166 est
2143 4112 2400 4166 sacerdos
2428 4128 2658 4181 magnus
2684 4111 2831 4166 inter
2861 4112 3059 4173 fratres
3106 4129 3256 4179 suos,
3281 4114 3385 4169 nisi

1802 4206 1992 4273 utique
2025 4205 2202 4259 illcde
2233 4221 2344 4274 quo
2397 4205 2536 4260 dixit
2570 4205 2778 4260 David:
2831 4205 3058 4275 Magnus
3107 4205 3393 4273 Dominus,

1800 4307 1848 4350 et
1882 4314 2075 4368 magna
2100 4297 2266 4351 virtus
2294 4299 2430 4368 ejus,
2459 4307 2508 4351 et
2524 4298 2805 4368 sapientia:
2831 4299 2947 4366 ejus
2981 4314 3082 4350 non
3112 4309 3185 4353 est
3205 4315 3388 4354 nume-

1798 4407 1890 4444 rus
1912 4392 1977 4444 ³⁵.
2011 4390 2144 4456 Quis
2173 4391 2321 4446 enim
2369 4393 2630 4446 virtutem
2683 4393 2804 4461 ejus
2838 4392 3210 4454 considerare,
3263 4393 3385 4462 quis

1799 4500 2096 4539 numerare
2150 4484 2477 4554 sapientiam
2521 4494 2616 4539 aut
2658 4485 3130 4554 comprehendere
3170 4486 3386 4555 potest?

139 4582 227 4626 ma.
256 4571 372 4641 ipsa
420 4580 592 4625 estet
643 4569 928 4637 repudiata
968 4585 998 4622 a
1046 4569 1174 4633 Deo,
1220 4577 1474 4637 tanquam
1515 4587 1544 4621 ιι
1579 4570 1693 4623 viro
1727 4589 1769 4641 ι)
1798 4576 1946 4646 quia,
1977 4592 2102 4630 cum
2137 4577 2282 4630 Deus
2306 4577 2376 4630 sit
2401 4586 2625 4648 propter
2646 4577 3108 4646 dispensationem
3136 4587 3382 4630 actorum

137 4676 232 4727 suo,
279 4665 372 4734 qui
423 4665 475 4717 ei
536 4680 633 4733 per
658 4663 982 4717 electionem
1038 4661 1122 4716 vir
1153 4661 1331 4714 factus
1358 4662 1553 4714 fuerat.
1587 4661 1695 4714 Sed

136 4759 236 4824 quia
268 4767 461 4829 postea
496 4773 617 4811 eam
669 4756 995 4826 culpabilem
1039 4754 1264 4824 reperit,
1297 4763 1586 4824 propterea
1612 4770 1700 4808 re-

135 4854 379 4918 pudiavit,
410 4852 538 4922 quia
561 4849 787 4905 omnino
815 4849 986 4918 ejecta
1016 4858 1117 4903 est.
1139 4845 1339 4902 Vocem
1363 4846 1511 4910 audi,
1533 4861 1697 4916 quam

132 4947 250 5000 Usee
287 4944 518 5016 protulit
549 4960 563 4996 :
593 4941 845 4997 Judicate
875 4951 1099 4996 matrem
1159 4950 1409 5006 vestram,
1436 4941 1697 5008 judicate,

132 5038 237 5090 :uia
263 5039 379 5106 ipsa
413 5052 518 5090 non
544 5052 677 5090 uxor
705 5051 845 5091 mea.
875 5043 923 5088 et
949 5050 1041 5104 ego
1079 5049 1180 5086 non
1208 5034 1290 5086 vir
1315 5033 1430 5102 ejus
1462 5033 1529 5086 ³⁸.
1560 5033 1698 5087 Audi

133 5138 292 5186 autem
323 5137 380 5184 et
395 5143 560 5199 quam
595 5127 763 5181 Isaias
819 5127 1084 5196 propheta
1123 5125 1350 5181 tradidit
1381 5143 1394 5178 :
1441 5123 1530 5179 Sic
1575 5125 1702 5178 dicit

137 5220 367 5276 Dominus
395 5239 414 5276 :
440 5220 570 5287 Quis
589 5231 662 5274 est
681 5221 763 5274 hic
795 5219 998 5272 libellus
1025 5220 1230 5287 repudii
1286 5219 1474 5273 matris
1519 5229 1704 5273 vestra:

134 5328 218 5379 quo
237 5316 413 5370 dimisi
445 5312 789 5369 eam"?Ubi
817 5323 1002 5368 autem
1041 5321 1126 5366 est
1157 5313 1446 5381 repudium
1471 5321 1528 5366 et
1566 5311 1700 5366 mis-

137 5407 592 5463 sio?manifestum
625 5416 709 5462 est
731 5406 860 5476 quia
890 5420 1028 5460 uxor
1057 5414 1175 5460 erat
1205 5405 1273 5460 de
1302 5420 1410 5474 qua
1441 5406 1558 5460 haec
1613 5404 1699 5458 di—

137 5496 290 5552 cebat.
315 5498 436 5552 Non
471 5497 587 5553 vult
613 5513 743 5569 ergo
765 5514 886 5552 eam
930 5513 1156 5552 uxorem
1203 5497 1542 5552 sacerdotem
1600 5498 1697 5552 du-

139 5601 260 5656 cere,
296 5602 354 5647 ut
383 5608 495 5646 non
557 5592 939 5662 aliquaeorum
984 5606 1105 5661 qua:
1125 5591 1194 5646 ad
1243 5607 1364 5648 eam
1421 5591 1700 5662 pertinent

198 5746 236 5776 ’³
257 5748 421 5804 Hebr.
446 5765 510 5813 ιι,
551 5749 636 5802 Η.
749 5749 795 5782 ’⁸
832 5748 988 5804 Joan.
1021 5765 1106 5804 xx.
1140 5748 1226 5801 l7.

142 5812 178 5843 ”
209 5817 301 5872 lsa.
330 5835 384 5884 1.,
411 5819 462 5872 1.
545 5820 630 5874 ιοι
665 5819 806 5874 Tim.
849 5834 933 5886 ιιι,
969 5820 1022 5872 4.
1099 5818 1139 5848 ⁸¹
1167 5819 1300 5873 ibid.
1330 5820 1383 5873 5.

144 5888 337 5952 “1,50.

1337 5724 1390 5780 "‘-
1413 5748 1516 5803 lsa.
1556 5765 1593 5813 ι,
1621 5747 1710 5802 2|.

1461 5819 1504 5850 ³²
1543 5819 1647 5872 lsa.
1681 5833 1718 5883 ι,
1746 5816 1800 5872 8.

1799 4685 1898 4738 pro
1927 4669 2090 4724 nobis
2115 4669 2526 4738 mysteriorum,
2558 4670 2722 4726 etiam
2739 4671 2996 4724 sacerdos
3027 4670 3258 4724 eﬁ‘eclus
3277 4680 3380 4725 est.

1801 4759 1970 4815 Recte
1997 4777 2127 4831 ergo
2158 4761 2246 4814 hic
2277 4777 2508 4832 magnus
2535 4762 2812 4825 sacerdos,
2845 4771 3035 4830 utpote
3054 4761 3145 4832 qui
3168 4772 3378 4817 seruet-

1801 4850 1980 4919 ipsum
2039 4866 2136 4920 pro
2175 4850 2334 4905 nobis
2380 4851 2614 4905 hostiam
2667 4860 2724 4906 et
2777 4851 3109 4906 oblationem
3152 4851 3378 4915 obtulit,

1803 4941 2130 5011 appellatur.
2179 4943 2411 5012 Propter
2469 4943 2618 5010 quod
2679 4951 2735 4997 et
2779 4958 2970 4998 servos
3019 4943 3218 4998 fratres
3253 4958 3381 4997 suos

1805 5033 1986 5089 dicere
2019 5049 2212 5102 passus
2245 5043 2349 5098 est,
2387 5034 2437 5087 id
2470 5043 2554 5089 est
2585 5044 2823 5096 sanctos,
2877 5034 2969 5103 qui
3004 5050 3223 5104 semper
3262 5035 3384 5103 ejus

1801 5125 2008 5180 faciunt
2053 5127 2416 5180 voluntatem.
2473 5127 2562 5180 Ait
2615 5128 2803 5181 enim:
2849 5125 3159 5197 Quicunque
3204 5127 3382 5198 fecerit

1798 5217 2120 5271 voluntatem
2150 5216 2332 5271 Patris
2362 5219 2485 5278 mei,
2515 5218 2605 5272 ille
2638 5234 2784 5271 meus
2811 5227 2860 5271 et
2897 5219 3086 5286 frater,
3114 5228 3162 5271 et
3210 5234 3380 5281 soror,

1799 5321 1848 5363 et
1874 5320 2044 5363 mater
2064 5319 2139 5363 est
2162 5312 2228 5364 ⁸³.
2265 5308 2444 5380 Super
2479 5311 2644 5378 hujus
2679 5319 2844 5380 caput
2889 5312 3070 5365 oleum
3105 5313 3384 5365 unctionis

1799 5402 2033 5456 eﬂusum
2067 5412 2170 5466 est,
2203 5403 2270 5457 de
2301 5418 2410 5472 quo
2444 5403 2614 5458 dixit:
2647 5403 2805 5457 Sedes
2836 5413 2949 5469 tua,
2989 5403 3146 5468 Deus,
3198 5406 3250 5456 in
3281 5421 3382 5456 sm-

1782 5497 1978 5549 culum
2008 5497 2209 5574 saeculi,
2238 5498 2385 5566 virga
2413 5507 2552 5549 recta
2580 5506 2676 5557 est,
2700 5497 2848 5565 virga
2880 5498 3026 5566 regni
3057 5498 3155 5550 tui.
3186 5497 3384 5547 Dilexi-

1807 5593 1876 5645 sti
1909 5591 2184 5662 justitiam
2207 5599 2255 5644 et
2283 5591 2441 5644 odisti
2475 5591 2833 5660 iniquitatem,
2852 5598 3130 5656 propterea
3159 5587 3304 5639 una-it
3334 5595 3382 5638 ts

2998 5740 3043 5772 ’⁸
3065 5740 3204 5792 Osee
3231 5756 3288 5798 ιι,
3323 5739 3377 5792 2.

1788 5747 1834 5778 "
1864 5745 2002 5803 Osee
2031 5763 2091 5811 ιι,
2116 5747 2169 5801 2.
2261 5746 2304 5776 ’⁷
2329 5743 2466 5799 Psal.
2495 5760 2758 5801 txxxvm.
2795 5741 2885 5796 40.
2998 5741 3043 5772 ³⁸
3065 5741 3204 5792 ()seo
3231 5756 3288 5798 ιι,
3323 5741 3350 5791 ﬂ

1789 5858 1800 5862 _
1903 5818 1948 5849 ³⁸
1980 5816 2117 5862 Osee
2166 5832 2223 5862 ιι-
2255 5819 2308 5862 Α-
2343 5815 2394 5862 ii-
2485 5815 2528 5846 ³⁵
2561 5814 2699 5862 Psal.
2737 5830 2913 5862 (λιιι.
2943 5813 2994 5862 5.
3105 5810 3150 5841 ³³
3185 5812 3350 5862 Matth

1903 5818 1948 5849 ⁸⁸
1980 5816 2117 5871 Osee
2165 5832 2224 5881 ιι,
2255 5819 2308 5879 4,
2343 5815 2394 5870 5.
2485 5815 2528 5846 ”
2559 5814 2699 5868 Psal.
2737 5830 2913 5876 cxui,
2943 5813 2994 5866 5.
