4032 6410
652 375 787 439 1059

1822 380 2179 441 HESYCHII
2248 382 2721 449 PRESBYTERI

3737 410 3834 477 1060

650 495 809 555 Deus,
857 466 1142 553 Deusduus
1166 488 1277 543 oleo
1298 489 1518 551 lwtitiw,
1547 502 1659 558 pra:
1685 490 2015 543 consortibus
2040 491 2143 543 tuis
2162 491 2227 544 ³⁸.
2261 500 2307 554 Α
2333 494 2569 549 animam
2604 511 2733 567 ergo
2761 505 3054 559 mortuam,
3082 499 3166 554 vel
3196 500 3259 555 ad
3280 516 3442 558 omne
3477 520 3739 582 mortuum,
3759 540 3838 582 non

648 582 1055 637 Coneordantia
1118 581 1247 635 huic
1302 581 1403 651 legi
1457 580 1671 645 dicens,
1712 595 1822 634 non
1884 580 2061 635 solum
2104 582 2227 651 quia

651 674 925 729 unctionis
963 681 1192 741 uterque
1222 672 1542 726 memoriam
1574 671 1725 732 facit,
1746 671 1841 727 sed
1862 672 1988 741 quia
2014 673 2154 727 sicut
2175 682 2231 727 et

651 768 842 831 David,
878 766 1149 820 excellere
1176 765 1533 833 semetipsum
1565 765 1619 817 in
1657 765 1772 833 ipsa
1822 766 2082 820 unctione
2116 768 2229 819 suis

646 859 1015 929 participibus
1066 867 1425 927 protestatur.
1478 856 1636 921 Quod
1692 858 1842 911 enim
1898 858 2057 922 dixit,
2120 872 2229 926 pra:

644 951 1032 1020 participibus,
1093 964 1259 1019 super
1321 949 1617 1019 participes
1684 958 1809 1003 tuos
1868 949 1988 1003 sine
2047 950 2229 1018 aliqua

645 1044 927 1097 dubietate
994 1041 1345 1112 intelligitur:
1418 1042 1499 1093 sic
1560 1056 1682 1094 eum
1738 1040 1903 1093 etiam
1954 1040 2230 1111 legislator

644 1137 937 1190 maximum
961 1134 1095 1189 dixit
1134 1133 1279 1187 inter
1304 1133 1503 1187 fratres
1554 1148 1710 1196 suos,
1766 1131 1818 1185 id
1850 1141 1935 1186 est
1977 1132 2228 1201 superio-

646 1244 783 1283 rem.
843 1226 1002 1293 Quod
1060 1236 1246 1281 autem
1302 1226 1540 1279 maxime
1596 1224 1652 1277 in
1707 1223 1964 1293 praesenti
2014 1233 2229 1292 oportet

645 1319 847 1375 intueri
893 1318 1158 1384 historia,
1204 1332 1328 1371 cum
1391 1316 1689 1371 secundum
1735 1315 1873 1369 LXX
1928 1316 2225 1370 editionem

643 1413 843 1467 addere
876 1410 1177 1473 debuisset,
1215 1409 1299 1462 cui
1332 1409 1547 1478 effusum
1575 1419 1646 1461 est
1687 1425 1841 1477 super
1868 1417 2025 1477 caput
2054 1408 2226 1461 oleum

647 1506 928 1567 unctionis,
962 1517 1071 1556 non
1119 1502 1200 1556 sic
1234 1502 1345 1555 ait:
1399 1502 1514 1563 sed,
1555 1502 1817 1554 maximus
1859 1506 1920 1553 de
1974 1502 2224 1571 fratribus

644 1600 778 1669 ejus,
803 1597 893 1668 qui
916 1596 1095 1665 effudit
1125 1611 1282 1662 super
1305 1602 1462 1661 caput
1494 1593 1628 1661 ejus.
1660 1592 1799 1657 Quia
1831 1595 1973 1647 enim
2021 1592 2223 1648 Christi

644 1707 774 1745 caro
804 1698 907 1754 est,
951 1702 1074 1757 qua:
1131 1686 1376 1755 suscepit
1425 1687 1738 1740 unctionem
1790 1686 1841 1739 in
1876 1688 2220 1756 semetipsam

644 1781 1059 1838 communicatae
1090 1779 1207 1835 sive
1232 1779 1398 1833 unita:
1421 1779 1747 1833 divinitatis.
1793 1779 1873 1832 Ex
1902 1781 2002 1834 hac
2039 1790 2219 1835 autem

641 1889 809 1929 carne
830 1874 1028 1929 fratres
1058 1872 1179 1941 ejus
1216 1879 1271 1925 et
1309 1871 1524 1943 cognati
1569 1871 1747 1925 effecti
1796 1887 2002 1926 sumus.
2053 1871 2219 1925 Recte

645 1968 723 2021 ait
753 1967 1019 2036 pontifex,
1052 1966 1106 2019 id
1134 1974 1240 2030 est,
1267 1964 1524 2019 sacerdos
1554 1965 1824 2019 maximus
1855 1965 1996 2019 inter
2023 1964 2220 2019 fratres

643 2075 793 2124 suos,
854 2074 1022 2128 super
1069 2058 1229 2127 cujus
1285 2064 1451 2127 caput
1506 2057 1740 2111 ellusum
1801 2067 1885 2111 est
1948 2057 2220 2111 unctionis

641 2154 853 2217 oleum,
878 2161 939 2204 ut
964 2159 1155 2220 aperte
1198 2151 1512 2204 inveniatur
1548 2148 1651 2204 hoc
1708 2151 1855 2219 quod
1911 2149 2218 2218 intelligen-

640 2244 770 2298 dum
800 2252 903 2309 est,
929 2242 1202 2297 maximus
1234 2243 1377 2296 inter
1418 2241 1634 2306 fratres,
1669 2241 1719 2294 id
1743 2250 1849 2304 est,
1879 2242 2060 2294 carnis
2080 2254 2215 2293 suae.

642 2335 762 2404 Ipsa
797 2343 883 2389 est
910 2335 1057 2388 enim
1091 2349 1213 2403 quae
1239 2334 1483 2403 suscepit
1513 2333 1783 2387 unctionis
1830 2333 2009 2387 oleum
2052 2332 2216 2400 hujus

638 2425 961 2488 sacerdotis,
1006 2433 1062 2478 et
1092 2432 1443 2478 consecratas
1473 2423 1644 2477 fuisse
1698 2440 1913 2487 manus,
1965 2424 2103 2487 sive,
2158 2431 2217 2477 ut

637 2516 801 2581 LXX,
830 2525 1221 2569 consummatus
1248 2531 1344 2586 per
1373 2515 1553 2570 crucis
1589 2516 1948 2571 conﬁxionem
1982 2516 2214 2570 manife-

636 2620 780 2665 stum
812 2620 919 2665 est.
953 2609 1109 2663 Tunc
1135 2610 1284 2663 enim
1309 2608 1772 2678 quemadmodum
1806 2609 1862 2662 hi
1894 2609 1985 2677 qui
2017 2624 2212 2664 secun-

635 2703 764 2757 dum
796 2702 969 2773 legem
1006 2712 1137 2756 sunt
1161 2702 1496 2764 sacerdotes,
1534 2701 1592 2755 in
1641 2702 1905 2771 sanguine
1934 2702 2108 2765 vituli,
2158 2710 2214 2756 et

636 2796 824 2851 arietis
861 2796 1343 2860 consummabant,
1399 2797 1515 2850 sive
1572 2797 1966 2850 consecrabant
2021 2812 2214 2851 manus

637 2904 796 2944 suas:
839 2889 920 2943 sic
944 2897 999 2943 et
1022 2889 1139 2957 ipse
1164 2889 1387 2958 pr0prio
1417 2888 1685 2959 sanguine
1714 2904 1841 2944 suas
1868 2905 2061 2943 manus
2083 2906 2213 2945 con-

635 2982 875 3038 secravit
904 2983 1016 3037 sive
1039 2983 1461 3038 consummavit.
1503 2984 1577 3037 De
1598 2998 1706 3052 quo
1731 2983 1808 3038 ait
1848 2983 2079 3039 Paulus:
2110 2983 2212 3049 Qui

637 3092 755 3131 cum
795 3086 924 3129 esset
952 3074 1147 3141 Filius,
1188 3076 1372 3129 didicit
1403 3093 1466 3130 ea:
1487 3077 1565 3131 his
1595 3094 1712 3148 qua:
1739 3094 1925 3146 passus
1953 3088 2049 3141 est,
2094 3080 2213 3132 obe-

636 3169 911 3226 dientiam.
946 3178 993 3222 et
1022 3178 1411 3222 consummatus
1443 3170 1613 3239 factus
1637 3180 1710 3223 est
1757 3171 1992 3224 omnibus
2015 3170 2211 3224 obtem-

635 3261 943 3331 perantibus
978 3261 1095 3325 sibi,
1154 3276 1315 3314 causa
1364 3261 1551 3314 salutis
1595 3271 1800 3315 ceternae
1851 3263 2146 3332 appellatus
2178 3282 2211 3318 α

634 3351 745 3404 Deo
802 3349 1066 3420 Pontifex,
1113 3349 1274 3418 juxta
1336 3350 1572 3403 ordinem
1634 3350 2000 3406 Melchisedech
2031 3353 2096 3408 ³⁷.
2146 3353 2213 3406 Ει

638 3457 867 3497 rursus:
912 3442 1137 3495 Decebat
1170 3443 1309 3495 enim
1342 3458 1480 3506 eum,
1518 3452 1730 3512 propter
1757 3460 1907 3513 quem
1941 3447 2139 3510 omnia,
2163 3455 2212 3498 et

634 3551 729 3605 per
753 3551 903 3600 quem
934 3535 1136 3594 omnia,
1167 3535 1291 3603 quia
1327 3533 1520 3587 multos
1546 3534 1682 3602 ﬁlios
1716 3536 1771 3588 in
1804 3535 2024 3605 gloriam
2043 3540 2213 3591 addu-

632 3634 804 3688 xerat,
847 3634 1112 3677 auctorem
1147 3625 1335 3678 salutis
1378 3641 1558 3678 eorum
1604 3643 1697 3694 per
1747 3629 2039 3695 passionem
2093 3646 2214 3682 con-

632 3731 903 3768 summare
922 3714 990 3766 ³⁸.
1027 3714 1127 3767 Hic
1148 3723 1204 3768 et
1237 3715 1578 3771 vestimentis
1605 3716 1711 3770 illis
1742 3718 1964 3773 indutus
1985 3728 2066 3773 est
2090 3737 2211 3790 qua:

638 3806 808 3859 David
882 3806 937 3860 in
1000 3806 1229 3860 Psalmis
1290 3808 1583 3862 cantabat:
1642 3808 1896 3864 Dominus
1938 3814 2207 3882 regnavit,

635 3901 872 3952 decorem
894 3898 1085 3963 induit,
1115 3899 1286 3951 induit
1314 3898 1568 3953 Dominus
1595 3901 1975 3971 fortitudinem,
1999 3915 2047 3957 et
2075 3921 2211 3972 pra:-

636 3991 796 4043 cinxit
828 4008 883 4044 se
924 3991 1198 4045 virtute”.
1245 3991 1343 4044 Hic
1377 4002 1541 4061 caput
1578 4008 1740 4047 suum
1772 4009 1891 4049 non
1922 3996 2210 4065 discoope-

638 4083 764 4147 ruit,
792 4098 895 4137 nec
925 4082 1253 4136 vestimenta
1286 4100 1384 4149 sua
1416 4084 1678 4140 concidit.
1702 4085 1879 4156 Caput
1914 4102 2070 4141 suum
2097 4104 2207 4142 non

632 4176 1036 4244 discooperuit,
1103 4176 1229 4245 quia
1275 4192 1306 4230 a
1362 4175 1521 4231 Patre
1571 4193 1693 4245 suo,
1745 4179 1838 4249 qui
1882 4180 2002 4249 ejus
2046 4191 2210 4251 caput

634 4267 962 4336 appellatur,
996 4284 1098 4323 nec
1128 4268 1414 4339 passiones
1444 4271 1625 4324 carnis
1653 4272 1932 4325 sustinens
1982 4288 2208 4341 separa-

635 4368 743 4411 tur.
770 4358 875 4412 Sed
897 4375 999 4415 nec
1029 4362 1356 4416 vestimenta
1379 4362 1673 4428 conscidit,
1707 4363 1759 4417 id
1794 4373 1879 4419 est
1904 4365 2118 4420 carnis:
2143 4380 2207 4419 ex

634 4468 743 4517 quo
782 4451 928 4505 enim
984 4454 1209 4509 verbum
1255 4469 1384 4509 caro
1442 4454 1645 4510 factum
1706 4463 1811 4520 est,
1860 4456 2002 4511 inest
2060 4466 2206 4512 totus

2339 584 2722 656 ingredietur:
2753 589 2903 658 quia,
2940 591 3046 644 etsi
3079 592 3322 647 omnium
3374 609 3589 664 peccata
3632 616 3841 678 portabit,

2332 687 2712 733 verumtamen
2744 679 3062 750 impollutus
3097 694 3401 751 permanet,
3445 699 3619 747 etnec
3652 704 3842 766 gentium

2332 768 2576 837 peccatis
2625 769 2915 838 polluitur.
2958 769 3034 825 De
3070 773 3157 827 his
3213 774 3362 828 enim
3415 783 3696 839 secundum
3738 790 3843 848 LXX

2331 860 2479 914 omni
2533 860 2731 915 animae
2762 871 3011 928 mortuae,
3042 873 3233 935 utpote
3256 876 3451 922 contra
3512 886 3687 931 omnes
3714 883 3845 941 ell‘usa

2332 952 2611 1021 impietate
2634 964 2690 1009 et
2728 954 3039 1011 idololatria
3066 958 3287 1015 dicitur.

2400 1047 2469 1101 Et
2501 1064 2593 1100 nec
2618 1063 2773 1114 super
2810 1058 2961 1116 patre
2982 1060 3032 1104 et
3054 1062 3243 1105 matre.
3280 1052 3462 1124 Super
3482 1060 3718 1127 populum
3739 1068 3850 1123 vide-

2330 1138 2463 1193 licet
2500 1139 2841 1205 Judaeorum,
2880 1158 2944 1195 ex
2971 1143 3174 1212 quibus
3203 1154 3289 1200 est.
3338 1150 3634 1205 secundum
3657 1172 3847 1226 carnem,

2329 1240 2385 1287 et
2416 1243 2704 1302 propterea
2737 1235 3050 1304 appellatur
3082 1238 3203 1307 ejus
3233 1248 3393 1309 pater
3414 1252 3471 1297 et
3493 1254 3683 1302 mater:

2401 1323 2889 1391 Contaminabitur,
2938 1344 3030 1381 nec
3074 1329 3140 1383 de
3180 1333 3381 1385 sanctis
3437 1338 3729 1404 egredietur.
3766 1344 3844 1399 Etsi

2328 1418 2713 1486 peccatoribus
2729 1420 3170 1477 condescendere
3200 1424 3385 1496 elegit,
3424 1442 3694 1496 permanet
3711 1444 3843 1491 tamen

2327 1519 2572 1576 sanctus,
2604 1521 2661 1564 et
2687 1512 2742 1564 in
2775 1514 2981 1567 sanctis
3014 1516 3329 1584 requiescit,
3355 1527 3413 1574 et
3453 1537 3481 1574 a
3516 1526 3705 1580 sanctis
3725 1530 3843 1596 quiin

2327 1601 2466 1656 ctelo
2519 1612 2651 1657 sunt
2699 1605 2906 1674 angelis
2936 1605 3330 1663 circumdatur.
3395 1610 3503 1667 Sed
3548 1630 3645 1670 nec
3692 1621 3847 1687 polluet

2326 1696 2703 1749 Sanctuarium
2731 1696 2967 1765 Domini,
3010 1700 3135 1769 quia
3174 1701 3357 1757 oleum
3388 1715 3591 1763 sancta:
3629 1714 3843 1770 unctionis

2329 1786 2423 1839 Dei
2457 1786 2541 1840 sui
2570 1803 2739 1857 super
2766 1803 2833 1843 eo
2877 1797 2982 1843 est.
3042 1792 3187 1863 Ergo
3224 1797 3327 1848 etsi
3364 1796 3566 1853 videris
3608 1818 3719 1855 cum
3757 1822 3843 1861 cum

2330 1878 2666 1946 publicanis,
2730 1888 2787 1934 et
2838 1896 2962 1935 cum
3022 1886 3407 1941 meretricibus
3466 1905 3840 1961 conversantem,

2321 1970 2594 2025 dicentem
2626 1975 3009 2043 peccatoribus
3035 1995 3048 2031 :
3096 1977 3213 2031 Non
3244 1982 3364 2033 veni
3393 1987 3755 2053 vocnrejnslos,
3780 1994 3843 2043 sed

2320 2074 2619 2133 peccatores
2655 2066 2709 2119 in
2741 2069 3183 2136 pwnitentiam“,
3218 2081 3401 2127 tamen
3437 2075 3489 2128 in
3517 2079 3657 2131 nulla
3695 2082 3839 2138 horum
3932 2074 3933 2138 l

2319 2158 2806 2221 contaminabitur.
2844 2163 3075 2219 actionis
3126 2166 3272 2219 enim
3305 2183 3498 2222 eorum
3527 2172 3673 2227 mala:
3715 2178 3838 2241 parti-

2320 2258 2450 2315 ceps
2480 2262 2590 2301 non
2622 2247 2876 2303 ellicitur.

2395 2336 2538 2393 Unde
2562 2352 2664 2389 non
2698 2338 2884 2406 polluit
2915 2343 3280 2397 sanctuarium
3317 2344 3431 2401 Dei.
3484 2348 3534 2404 Id
3553 2362 3647 2417 est,
3702 2354 3834 2425 Spiri-

2318 2436 2431 2481 tum
2452 2437 2724 2495 sanctum,
2765 2431 2833 2485 de
2872 2432 2994 2501 ipso
3025 2435 3171 2489 enim
3202 2435 3278 2491 ait
3319 2455 3333 2490 :
3393 2439 3529 2505 Quia
3565 2445 3719 2500 oleum
3752 2466 3835 2502 san.

2316 2530 2413 2574 cta:
2437 2523 2695 2577 unctionis
2719 2523 2818 2578 Dei
2850 2527 2933 2578 sui
2968 2543 3125 2595 super
3169 2547 3248 2583 eo.
3278 2530 3627 2591 Concordans
3660 2548 3705 2593 et
3751 2542 3853 2612 ipse‘

2314 2612 2381 2667 de
2406 2612 2625 2669 Christo
2654 2615 2810 2672 Isaia:
2837 2619 3017 2673 verbis
3042 2636 3057 2674 :
3088 2618 3321 2691 Spiritus
3364 2625 3574 2680 Domini
3604 2646 3739 2698 super
3760 2651 3828 2697 me,

2314 2717 2528 2777 prapter
2553 2709 2693 2776 quod
2720 2710 2869 2762 unxit
2895 2727 2975 2763 me
2991 2712 3057 2776 ",
3084 2712 3323 2783 Spiritus
3354 2726 3536 2772 autem
3564 2722 3774 2788 pollutio,
3792 2727 3825 2778 id

2315 2807 2419 2862 est,
2456 2799 2659 2869 injuria
2696 2808 2750 2855 et
2775 2801 3138 2867 contristatio,
3188 2816 3273 2861 est
3308 2809 3493 2863 omnis
3539 2814 3721 2879 peccati
3748 2816 3809 2883 ραι

2315 2890 2471 2955 lutio,
2492 2900 2713 2961 propter
2738 2894 2886 2963 quod
2918 2903 2972 2949 et
2994 2894 3195 2951 Paulus
3241 2914 3271 2952 a
3321 2904 3561 2969 peccatis
3607 2905 3823 2961 abstinen-

2314 2981 2441 3035 tiam
2468 2984 2670 3038 docens
2699 2984 2915 3041 dicebat
2968 3009 2983 3044 :
3055 2988 3235 3044 Nolite
3266 2995 3580 3049 contristare
3628 2997 3823 3067 Spiritui

2313 3084 2555 3127 sanctum
2579 3076 2757 3141 Dei,in
2772 3095 2872 3147 quo
2886 3082 3081 3148 signati
3099 3085 3219 3137 estis
3238 3085 3291 3137 in
3303 3087 3393 3140 die
3407 3089 3739 3156 redemptionis
3776 3086 3819 3142 “.

2237 3180 2281 3239 ο
2315 3166 2406 3221 Sic
2453 3168 2521 3221 de
2568 3170 2806 3224 maximo
2854 3174 3142 3229 sacerdote
3200 3192 3309 3231 non
3373 3180 3544 3233 solum
3587 3182 3823 3250 praeceden-

2313 3260 2387 3313 tia
2424 3260 2709 3332 intelliges,
2728 3265 2821 3317 sed
2843 3274 2897 3318 et
2914 3267 3325 3337 subsequentia.
3350 3270 3461 3326 Nec
3494 3275 3629 3327 enim
3661 3275 3818 3328 incom-

2314 3352 2610 3422 paticntem
2639 3357 2928 3424 quemdam
2964 3369 3017 3412 et
3047 3360 3473 3417 immansuetum
3501 3381 3635 3422 eum.
3654 3367 3726 3434 qui
3741 3367 3817 3434 pri-

2314 3460 2436 3499 mus
2490 3449 2747 3501 sacerdos
2783 3456 2897 3515 est,
2958 3449 3236 3521 legislator
3280 3456 3434 3520 vult,
3476 3465 3533 3510 ut
3576 3457 3634 3510 ad
3668 3458 3813 3511 nullum

2314 3546 2588 3593 mortuum
2641 3541 2882 3607 accedat,
2946 3544 3041 3597 sed
3065 3546 3297 3601 suadere
3344 3549 3502 3603 nobis
3552 3551 3672 3613 vult,
3730 3552 3812 3619 quia

2312 3639 2459 3709 tayta
2521 3634 2897 3699 sanctificatio,
2944 3652 3048 3705 qua
3104 3640 3352 3707 pontifex
3388 3643 3535 3697 indui
3556 3643 3738 3708 dicitur,
3767 3644 3809 3696 de

2312 3728 2652 3776 mortuorum
2673 3722 2881 3778 visione
2899 3727 3255 3794 pollueretur.

2393 3811 2552 3868 Vens.
2594 3816 2784 3871 15-15.
2836 3837 2855 3869 r
2904 3818 3015 3890 Ego
3076 3821 3364 3889 Dominus,
3421 3826 3666 3897 virginem
3703 3826 3794 3881 ducet

2312 3920 2556 3972 uxorem,
2584 3908 2803 3963 viduam
2847 3920 2902 3966 et
2937 3914 3272 3983 repudiatam
3301 3928 3359 3972 et
3388 3920 3650 3974 sordidam
3698 3929 3795 3987 atque

2312 4001 2655 4056 meretricem
2684 4018 2796 4057 non
2818 4004 3003 4066 ducet.
3034 4009 3129 4062 sed
3175 4011 3414 4079 puellam
3439 4013 3505 4067 de
3544 4013 3709 4082 papula
3738 4025 3813 4067 suo.

2311 4106 2380 4145 ne
2409 4095 2760 4149 commisceat
2781 4098 3005 4167 stirpem
3042 4102 3255 4169 generis
3287 4106 3371 4158 sui
3408 4106 3567 4177 vulgo
3582 4106 3795 4178 gentisne,

2309 4182 2436 4250 quia
2467 4199 2566 4256 ego
2591 4185 2854 4242 Dominus
2878 4191 2970 4259 qui
2989 4193 3271 4248 sanctiﬁco
3292 4212 3440 4251 eum.
3474 4216 3493 4248 ι

2382 4274 2633 4346 Seipsum
2655 4294 2777 4334 esse
2810 4281 3194 4351 legislatorem,
3231 4297 3286 4341 et
3325 4288 3644 4359 impletorem
3687 4288 3803 4355 hujus

2310 4368 2604 4422 sanctionis
2626 4371 2861 4426 maxime
2894 4376 3204 4432 ostendens.
3244 4379 3355 4448 Ego
3391 4382 3626 4433 Dominus
3666 4392 3803 4431 neces-

2310 4460 2454 4513 sarie
2489 4462 2717 4526 addidit,
2742 4466 2919 4534 qualis
2939 4476 3142 4533 autem,
3180 4471 3622 4543 subsequentibus
3642 4470 3805 4527 edocuit

635 4559 749 4597 sua:
770 4545 943 4609 carni,
975 4555 1029 4600 et
1062 4563 1341 4617 nunquam
1372 4547 1443 4602 ab
1468 4563 1553 4609 ea,
1595 4563 1700 4602 nec
1739 4564 1769 4601 a
1797 4549 2077 4613 cruciﬁxa,
2102 4565 2204 4604 nec
2236 4532 2279 4586 θ
2311 4552 2506 4605 verbis.

634 4652 664 4689 a
712 4638 945 4706 sepulta,
999 4653 1102 4694 nec
1167 4640 1314 4694 aliud
1357 4641 1639 4710 quodlibet
1690 4656 1886 4711 passa,
1941 4643 2088 4711 quod
2143 4643 2211 4699 ad

636 4736 886 4781 naturam
909 4739 1151 4783 nostram
1183 4733 1443 4799 pertinet,
1468 4748 1529 4786 se
1563 4732 1816 4788 abscidit.

704 4818 770 4871 Et
819 4822 889 4872 ad
926 4836 1078 4874 omne
1130 4831 1393 4875 mortuum
1436 4838 1539 4875 non
1588 4824 1930 4891 ingredietur.
1987 4822 2210 4878 Omnino

630 4924 786 4974 super
809 4918 958 4977 patre
985 4926 1187 4980 quoque
1206 4927 1299 4963 suo
1332 4920 1381 4964 et
1414 4922 1584 4965 matre
1618 4929 1721 4966 non
1741 4913 2204 4969 contaminabitur.

635 5001 772 5055 LXX
795 5016 976 5058 autem
1002 5006 1223 5060 dicunt:
1256 5004 1426 5074 Super
1455 5024 1660 5060 omnem
1680 5012 1916 5062 animam
1942 5020 2205 5064 mortuam

634 5111 735 5147 non
766 5096 1109 5165 ingredietur.
1157 5097 1440 5163 Quomodo
1481 5108 1665 5154 autem
1717 5101 1898 5154 anima
1951 5102 2202 5165 moritur,

632 5200 756 5239 cum
824 5186 895 5240 sit
951 5188 1170 5241 condita
1237 5189 1609 5243 immortalis?
1676 5190 1816 5243 Audi
1880 5194 2205 5261 prophetam

632 5274 940 5329 dicentem:
975 5276 1166 5330 Anima
1200 5294 1317 5347 quce
1365 5281 1677 5347 peccaverit,
1713 5282 1829 5348 ipsa
1860 5284 2200 5347 morietur",

632 5367 937 5437 impietatis
964 5368 1150 5439 utique
1175 5380 1370 5435 morte,
1396 5372 1514 5425 hazc
1530 5382 1615 5426 est
1642 5373 1790 5427 enim
1816 5374 2010 5428 animae
2034 5390 2201 5439 mors,

629 5476 794 5530 quam
824 5461 1064 5517 maxime
1102 5473 1292 5534 gentes
1326 5479 1501 5534 passa:
1548 5475 1698 5529 sunt,
1730 5481 1852 5535 qua:
1883 5482 1987 5522 nec
2028 5468 2201 5539 legem

634 5554 749 5617 ltci,
792 5569 893 5608 nec
923 5554 1083 5609 aliam
1128 5557 1249 5625 ejus
1297 5556 1580 5610 scientiam
1642 5558 1970 5613 habuerunt.
2024 5557 2202 5631 Super

708 5756 756 5787 ⁸⁸
781 5755 922 5812 Psal.
945 5777 1091 5823 xuv,
1136 5762 1185 5824 7,
1220 5761 1271 5818 8.
1349 5764 1390 5795 ³⁷
1424 5763 1587 5819 llebr.
1631 5783 1684 5830 ν,
1720 5766 1772 5831 8,
1804 5770 1857 5823 9.
1916 5771 1959 5803 ³⁸
1993 5771 2159 5827 Hebr.
2191 5790 2250 5841 ιι,
2282 5776 2368 5829 10.

719 5826 806 5881 5‘2.
870 5834 913 5862 δ’
945 5831 1047 5887 lsa.
1078 5848 1186 5900 LXI,
1226 5833 1248 5886 l
1277 5851 1293 5901 ;
1320 5834 1448 5890 Luc.
1485 5853 1557 5903 tv,
1597 5839 1679 5891 18.
1753 5839 1797 5869 ⁸³
1821 5841 2019 5909 Ephes.
2049 5858 2122 5909 tv,
2153 5846 2242 5900 30.
2318 5847 2362 5877 ⁵⁸

2009 5884 2019 5897 υ
2049 5884 2122 5911 IV,
2153 5884 2242 5900 ννσ

630 5840 685 5891 γ,
719 5826 806 5881 5‘2.
870 5834 913 5862 δ’
945 5831 1047 5887 lsa.
1078 5848 1186 5900 LXI,
1226 5833 1248 5886 l
1277 5851 1293 5901 ;
1320 5834 1448 5890 Luc.
1485 5853 1557 5903 tv,
1597 5826 1679 5891 l8;

2388 4642 2653 4714 Virginem
2699 4654 2850 4701 ducet
2879 4666 3095 4704 uxorem
3144 4654 3208 4707 de
3227 4658 3418 4722 populo
3466 4675 3570 4711 suo.
3594 4658 3715 4721 Sive,
3761 4664 3802 4707 ut

2309 4733 2471 4800 LXX,
2490 4736 2553 4789 de
2576 4754 2761 4807 genere
2780 4755 2893 4802 suo,
2924 4743 3046 4810 quia
3078 4760 3251 4815 genus
3282 4750 3476 4804 Christi
3504 4760 3694 4820 pmpter
3712 4765 3801 4803 car-

2307 4842 2433 4880 nem
2461 4844 2623 4883 omne
2640 4831 2922 4887 hominum
2938 4850 3109 4904 genus
3135 4853 3277 4904 esse,
3303 4844 3517 4897 cuilibet
3538 4853 3712 4898 certum
3724 4849 3798 4899 est.

2309 4917 2399 4971 hic
2430 4936 2498 4973 ex
2530 4920 2631 4975 hac
2660 4939 2884 4979 uxorem
2916 4928 3200 5000 virginem,
3235 4934 3289 4987 id
3332 4945 3431 4999 est,
3463 4935 3718 4990 Ecclesiam
3761 4933 3799 4984 in

2306 5025 2429 5063 eum
2470 5012 2807 5070 credentium
2836 5018 3010 5084 duxit,
3032 5023 3100 5077 de
3132 5041 3237 5094 qua
3264 5026 3457 5082 Paulus
3483 5029 3699 5083 dicebat:
3723 5026 3796 5079 Dc-

2303 5105 2492 5171 spondi
2521 5122 2606 5159 vos
2637 5109 2729 5160 uni
2767 5110 2877 5163 viro
2902 5113 3155 5185 virginem
3184 5129 3382 5175 castam
3425 5123 3637 5176 exhibere
3682 5116 3795 5175 Chri-

2301 5203 2380 5247 sto
2409 5198 2474 5249 “.

2379 5290 2599 5347 Viduam
2630 5305 2678 5349 et
2700 5301 3035 5365 repudiatam
3052 5312 3100 5355 et
3131 5286 3429 5372 sordidam,
3486 5317 3625 5378 atque
3670 5318 3789 5357 mert‘

2310 5383 2491 5437 tricem
2522 5402 2626 5439 non
2655 5390 2824 5443 ducet.
2862 5392 3172 5450 Judseorum
3207 5399 3524 5473 Synagogam
3550 5399 3724 5453 viduam
3749 5393 3786 5444 in

2310 5480 2594 5547 Prophelis
2662 5488 2986 5555 appellatam
3049 5493 3319 5559 novimus,
3367 5497 3427 5551 ad
3462 5509 3605 5565 quam
3650 5486 3783 5544 dixit:

2311 5568 2538 5627 Tondere
2560 5586 2608 5630 et
2638 5580 2807 5646 gaude
2829 5598 2986 5650 super
3007 5584 3143 5653 ﬁlios
3171 5597 3285 5642 tuos
3327 5600 3527 5654 teneros,
3569 5586 3703 5641 dilata
3732 5577 3781 5630 υί-

2520 5776 2655 5831 Psal.
2685 5796 2813 5855 can,
2849 5782 2897 5836 l.
2955 5786 3001 5815 ⁸ο
3026 5787 3223 5844 Ezech.
3248 5806 3392 5855 xvm,
3418 5788 3496 5843 20.
3568 5785 3604 5815 ⁸¹
3630 5774 3770 5834 "3“":

2318 5847 2362 5877 “
2386 5846 2431 5901 ll
2457 5847 2580 5902 Cor.
2615 5866 2687 5917 xi,
2710 5852 2763 5905 2.
