4032 6434
231 429 269 494 1
284 436 394 500 061
1391 435 1469 494 ΙΝ
1512 434 1844 495 LEVITICI

1942 480 1951 495 .
1984 457 2052 467 -
2097 431 2244 491 LIB.
2284 430 2386 490 VI.
3392 433 3525 499 1062

225 553 516 604 diritatem
543 559 689 603 tuam
720 550 852 602 sicut
873 547 1065 619 Aquila
1102 547 1167 600 “.
1197 546 1304 601 Sed
1335 556 1391 600 ct
1419 547 1486 599 de
1514 548 1714 617 populo
1744 546 1841 601 Ju-
1871 557 1912 607 Λ
1949 545 2042 613 qui
2063 543 2371 597 offeruntur
2397 544 2451 595 in
2483 541 2811 607 sanctuario,
2851 543 2922 598 ita
2950 545 3234 613 duntaxat,
3271 555 3330 600 ut
3382 551 3525 603 intra

222 640 524 704 decorum,
607 639 721 693 sive
768 638 1053 709 proditore
1089 636 1249 700 Juda,
1306 637 1613 691 communis
1691 636 1838 691 enim
1940 636 2120 690 velum
2150 650 2259 689 non
2286 634 2641 705 ingrediatur,
2660 650 2763 691 nec
2789 637 3011 692 accedat
3059 638 3124 691 ad
3176 639 3365 705 altare,
3398 644 3526 711 quia

220 742 451 783 eorum
490 740 573 783 est
606 728 885 797 iniquitas,
920 727 1051 782 dicit
1082 743 1095 780 :
1122 727 1284 780 Fiant
1302 725 1403 795 ﬁlii
1434 727 1549 796 ejus
1592 726 1835 798 orphani,
1942 726 2209 781 maculam
2237 726 2422 791 habet,
2451 738 2507 781 et
2544 728 2921 783 contaminare
2954 744 3064 783 non
3092 731 3253 785 debet
3274 742 3528 788 sanctua-

220 831 303 873 ει
330 838 463 875 uxor
488 822 601 890 ejus
630 822 789 874 vidua
816 821 883 885 ⁸⁸,
932 819 1107 890 ipsam
1164 828 1348 873 autem
1401 820 1739 890 repudiatam
1784 826 1840 874 et
1944 815 2084 869 rium
2115 830 2319 879 meum,
2352 830 2454 885 ego
2488 815 2757 871 Dominus
2786 817 2880 886 qui
2912 819 3196 873 sanctiﬁco
3231 834 3346 874 vos.
3396 839 3414 871 ι

220 914 480 969 viduam
508 914 810 969 secundum
834 928 898 967 ea
918 928 1039 982 quae
1055 922 1184 966 ante
1220 911 1502 980 paululum
1538 912 1681 966 dicta
1710 920 1841 966 sunt
2015 906 2071 959 Si
2096 906 2398 961 secundum
2433 907 2670 961 litteram
2710 908 2853 963 hanc
2906 910 3248 965 sanctionem
3276 911 3527 981 accipere

220 1002 631 1075 intelligimus.
668 1003 971 1074 Repudiata
1010 1013 1093 1058 est
1146 1003 1294 1057 enim
1326 1019 1356 1057 a
1408 1003 1503 1057 Dei
1553 1003 1838 1069 societate,
1940 998 2301 1066 voluerimus,
2333 999 2607 1068 quomodo
2660 999 2988 1070 legislaloris
3034 1017 3154 1056 esse
3180 1002 3333 1072 juxta
3374 1004 3528 1057 vide-

221 1110 383 1152 cum
410 1098 573 1152 idolis
610 1095 910 1160 fornicans,
935 1105 1156 1166 propter
1173 1096 1318 1165 quod
1350 1110 1470 1149 eam
1502 1096 1557 1149 in
1585 1098 1840 1168 conjugio
1942 1090 2090 1145 bitur
2112 1089 2378 1144 intentio?
2413 1090 2601 1160 Neque
2650 1091 2797 1145 enim
2839 1092 3121 1148 voluntate
3169 1110 3265 1147 sua
3302 1096 3527 1150 maculae

221 1189 515 1258 accipere
547 1202 661 1242 non
681 1188 907 1257 patitur,
928 1196 985 1241 ut
1039 1187 1309 1257 intelligas
1346 1188 1473 1256 quia
1531 1203 1651 1241 eam
1710 1202 1843 1241 con—
1945 1180 2265 1235 hominibus
2296 1181 2577 1236 eveniunt.
2637 1181 2924 1247 Quomodo
2970 1200 3100 1256 ergo
3156 1201 3268 1241 non
3337 1187 3529 1240 incon-

222 1280 793 1348 versationem,quae
824 1278 881 1332 in
911 1277 1122 1331 umbris
1173 1287 1227 1330 et
1281 1277 1471 1348 ﬁguris
1518 1286 1602 1332 est
1657 1278 1843 1347 prohi-
1943 1288 2136 1344 gruum
2167 1283 2251 1327 est
2284 1273 2341 1327 in
2377 1275 2482 1333 hi8.
2514 1289 2635 1343 quae
2651 1285 2846 1344 sponte
2876 1291 2985 1330 non
3038 1279 3210 1345 ﬁunt,
3260 1281 3521 1333 sacerdo—

230 1373 406 1436 huit,
429 1380 485 1427 et
516 1373 571 1425 in
597 1372 748 1426 nullo
770 1370 822 1425 ei
854 1368 1266 1425 communicare
1330 1374 1445 1423 vult
1494 1370 1615 1433 hos,
1646 1370 1739 1440 qui
1789 1371 1840 1426 ei

242 1472 595 1536 exspectant
613 1480 711 1534 per
742 1462 911 1518 vitam
940 1463 1161 1529 bonam,
1215 1461 1489 1532 ﬁdemque
1540 1462 1838 1518 cohaerere.

246 1555 428 1612 Unde
468 1571 594 1612 cum
648 1555 817 1610 semel
872 1554 1096 1609 dixisset
1135 1569 1151 1609 :
1206 1553 1451 1608 Puellam
1480 1554 1734 1624 virginem
1779 1555 1843 1608 de

233 1649 451 1720 populo
482 1664 596 1713 suo,
628 1648 736 1701 sive
757 1661 942 1717 genere
963 1661 1061 1699 suo
1111 1645 1357 1714 accipiet,
1393 1659 1502 1699 non
1550 1653 1842 1700 contentus

240 1744 383 1807 fuit,
403 1740 675 1797 subdidit:
718 1739 963 1804 Viduam,
997 1748 1044 1793 et
1063 1738 1387 1792 meretricem
1426 1747 1476 1791 et
1504 1738 1843 1807 repudiatam

242 1851 363 1888 non
388 1834 629 1903 accipiet.
662 1832 977 1887 Secundum
1007 1830 1152 1886 LXX
1184 1839 1367 1885 autem
1400 1848 1414 1885 :
1468 1830 1731 1901 Virginem
1779 1833 1843 1885 de

246 1944 449 1999 genere
472 1943 567 1981 suo
593 1926 835 1995 accipiet,
864 1933 925 1979 ut
941 1925 1179 1995 primum
1201 1924 1336 1979 illud
1358 1922 1580 1994 quidem
1600 1924 1668 1979 de
1690 1924 1840 1978 omni

255 2020 532 2091 intelligas
556 2018 813 2073 Ecclesiae
828 2033 1059 2088 corpore
1102 2031 1118 2069 :
1169 2017 1275 2073 hoc
1308 2027 1491 2072 autem
1514 2017 1840 2084 secundum,

256 2112 330 2166 de
353 2110 539 2165 anima
569 2109 741 2164 omni.
777 2108 1248 2175 Quemadmodum
1279 2108 1429 2164 enim
1487 2109 1720 2164 societas
1774 2111 1842 2164 ﬁ-

259 2205 485 2266 delium.
522 2203 601 2258 sic
621 2212 677 2257 et
698 2203 882 2257 anima
927 2202 1359 2272 uniuscujusque
1390 2216 1595 2271 sponsa
1633 2204 1756 2270 Dei,
1787 2212 1842 2259 et

264 2298 520 2353 Ecclesia:
575 2305 676 2351 est.
730 2296 840 2351 Cur
918 2304 1103 2350 autem
1145 2294 1530 2365 desponsatam
1582 2296 1685 2350 sibi
1729 2313 1840 2351 non

266 2391 384 2446 vult
413 2390 733 2461 participem
783 2387 902 2443 ﬁeri
949 2386 1195 2443 iudaice
1245 2387 1670 2455 conversationi,
1726 2388 1842 2458 ipse

270 2482 535 2537 subiniert
566 2498 581 2536 :

339 2577 421 2632 Ne
445 2576 767 2630 commisceat
784 2575 1002 2643 stirpem
1023 2575 1225 2644 generis
1244 2574 1348 2627 sui.
1416 2574 1610 2645 Vulgo,
1665 2574 1842 2645 gentis

265 2683 400 2722 suae.
426 2665 563 2721 LXX
603 2674 825 2720 autem:
856 2663 923 2718 Et
943 2681 1046 2718 non
1072 2664 1376 2735 profanabit
1427 2681 1604 2719 semen
1646 2665 1702 2718 in
1746 2680 1840 2733 ρο-

255 2762 385 2829 pulo
400 2777 514 2813 suo.
541 2759 681 2830 Ergo
713 2757 1018 2829 proianatio
1050 2756 1289 2813 ﬁdelium
1315 2766 1421 2819 est,
1466 2756 1523 2811 hi
1553 2756 1844 2811 enimsunt

254 2867 449 2907 semen
472 2860 526 2906 et
552 2850 707 2920 plebs
748 2848 919 2904 nostri
961 2847 1275 2913 sacerdotis,
1312 2846 1552 2902 Judaicis
1598 2847 1844 2902 moribus

254 2945 475 2998 sociati.
502 2944 569 2997 Et
603 2949 891 3012 propterea
912 2940 1117 2995 Paulus
1134 2940 1351 2995 dicebat
1382 2953 1393 2987 ε
1436 2938 1696 2993 Evacuati
1722 2940 1844 2993 estis

251 3038 483 3101 Christo,
501 3037 589 3107 qui
610 3037 665 3088 in
682 3035 791 3106 lege
809 3033 1203 3103 justiﬁcamini,
1232 3050 1265 3087 a
1293 3032 1469 3104 gratia
1498 3033 1763 3086 excidistis
1775 3032 1841 3087 ⁸⁷.

257 3131 357 3185 llis
382 3130 644 3184 Subdidit.

331 3222 445 3294 Ego
473 3222 726 3276 Dominus
752 3222 841 3292 qui
864 3220 1135 3289 sancti/ica
1189 3236 1327 3274 eum.
1369 3218 1429 3273 Id
1458 3226 1562 3285 est,
1589 3226 1841 3288 propter-
1868 3245 1911 3304 ο

255 3330 326 3371 ea
355 3331 494 3384 opus
528 3329 641 3368 non
671 3314 836 3368 habet
882 3314 1015 3384 legis
1045 3312 1266 3383 ﬁguras,
1303 3326 1407 3366 nec
1432 3311 1719 3376 sacriﬁcia,
1738 3328 1839 3368 nec

259 3407 693 3480 puriﬁcationes,
727 3407 985 3477 quoniam
1035 3420 1137 3475 ego
1174 3405 1438 3459 Dominus
1458 3420 1558 3473 pro
1587 3405 1842 3461 omnibus

260 3504 376 3559 illis
407 3512 461 3558 et
497 3502 820 3557 sacriﬁcium
851 3499 1074 3562 eﬁicior,
1101 3508 1157 3553 et
1214 3496 1555 3568 puriﬁcatio;
1584 3504 1637 3551 et
1667 3496 1841 3566 quod-

259 3610 482 3665 cunque
511 3592 712 3649 dixeris
735 3592 1009 3663 pertinere
1049 3590 1114 3644 ad
1145 3590 1305 3643 aliam
1338 3587 1841 3643 sanctiﬁcationem.

260 3689 370 3755 Qui
400 3694 602 3752 autem,
637 3683 856 3754 quando
888 3682 1084 3743 viduae,
1115 3689 1171 3735 et
1210 3679 1535 3744 meretricis,
1593 3686 1648 3733 et
1677 3694 1844 3748 repu-

260 3781 426 3835 diata:
450 3776 784 3832 mentionem
809 3766 960 3837 fecit,
1011 3772 1132 3837 has,
1178 3771 1374 3840 inquit,
1426 3785 1538 3824 non
1590 3770 1841 3840 accipiet,

258 3873 499 3929 dicimus
526 3870 697 3925 ethoc
725 3869 793 3923 de
835 3865 1217 3923 haareticorum
1240 3863 1633 3919 conventiculis
1679 3864 1839 3934 legis-

261 3965 494 4020 latorem
552 3961 755 4016 dixisse
784 3978 798 4013 :
829 3959 1065 4013 viduatae
1105 3955 1402 4010 suntenim
1435 3954 1530 4008 Dei
1592 3954 1843 4019 scientia,

260 4064 489 4129 propter
506 4052 651 4125 quod
677 4061 731 4107 et
753 4068 783 4105 a
811 4051 1027 4121 piorum
1061 4046 1445 4102 communione
1463 4047 1673 4116 expulsi
1693 4056 1840 4115 sunt,

260 4151 363 4207 sed
391 4160 446 4203 et
472 4148 815 4203 fornicamur
875 4142 1192 4212 incongruis
1227 4150 1281 4195 et
1316 4140 1538 4195 nefariis
1576 4141 1845 4211 dogmati-

261 4247 389 4300 bus.
416 4243 559 4313 Ergo
591 4248 736 4295 recte
758 4236 977 4291 viduam
1002 4235 1318 4305 praeposuit,
1358 4233 1653 4287 secundam
1682 4247 1842 4301 repu-

266 4338 491 4396 diutam.
525 4333 744 4387 tertiam
765 4328 1106 4383 meretricem
1136 4326 1381 4380 subdidit
1419 4326 1609 4379 liaruni
1636 4324 1844 4378 nullam

274 4429 381 4485 sibi
410 4426 665 4482 Dominus
697 4422 764 4478 ad
810 4421 1124 4476 societatem
1163 4418 1331 4482 ducit,
1356 4426 1416 4471 ut
1443 4431 1552 4471 non
1601 4415 1846 4485 polluant

270 4524 507 4578 ﬁdelium
544 4534 755 4584 semen,
786 4515 914 4586 quia
963 4521 1300 4583 corrumpunt
1348 4527 1513 4565 mores
1534 4511 1692 4564 bonos
1743 4509 1847 4563 cal-

266 4617 447 4686 loquia
480 4613 625 4668 mala
663 4611 730 4664 ⁸⁸.

335 4706 500 4762 Vens.
535 4703 723 4760 16-23.
760 4720 780 4753 α
812 4700 1160 4767 Locutusque
1198 4704 1283 4750 est
1308 4692 1572 4750 Dominus
1600 4692 1669 4748 ad
1702 4691 1847 4762 Moy-

258 4813 366 4854 sen
395 4798 605 4854 dicens.
635 4795 885 4864 Loquere
912 4791 980 4845 ad
1005 4790 1187 4842 Aaron
1220 4804 1235 4843 :
1285 4785 1456 4841 Homo
1510 4785 1580 4862 de
1636 4783 1845 4839 semine

257 4904 361 4949 tuo
393 4908 492 4963 per
531 4889 765 4945 familias
791 4887 885 4956 qui
925 4881 1178 4939 habuerit
1217 4879 1484 4933 maculam
1517 4892 1627 4931 non
1652 4875 1846 4931 offeret

263 5000 445 5058 panes
472 4980 702 5036 Domino
723 4977 836 5032 Deo
867 4990 965 5031 suo
994 4988 1067 5027 ne
1116 4972 1340 5026 accedat
1371 4969 1440 5023 ad
1475 4967 1845 5022 ministerium

264 5080 414 5149 ejus.
447 5075 505 5131 Si
524 5088 704 5130 caecus
730 5069 912 5133 fuerit,
958 5066 1004 5122 si
1066 5063 1311 5127 claudus,
1380 5061 1494 5115 sive
1537 5075 1706 5129 parvo
1759 5060 1846 5149 vel

260 5148 479 5242 grandi,
508 5166 596 5221 vel
630 5171 774 5219 torto
806 5175 959 5223 naso,
995 5157 1041 5211 si
1071 5155 1243 5210 fracto
1280 5151 1420 5222 pede
1450 5150 1535 5204 vel
1568 5164 1755 5214 manu,
1795 5148 1844 5242 si

263 5240 488 5334 gibbus,
508 5262 555 5317 si
581 5261 784 5330 lippus,
819 5256 866 5311 si
894 5251 1205 5323 albuginem
1256 5244 1539 5301 habensin
1571 5242 1751 5334 oculo,
1798 5240 1843 5295 si

262 5333 451 5428 jugem
480 5353 740 5417 scabiem,
772 5348 817 5404 si
849 5343 1223 5416 impetiginem
1244 5339 1301 5392 in
1317 5350 1571 5428 corpore,
1593 5334 1680 5389 vel
1715 5333 1845 5428 her-

265 5423 481 5500 niosus.
526 5442 717 5497 Omnis
757 5438 851 5510 qui
902 5433 1154 5491 habuerit
1204 5429 1471 5485 maculam
1515 5426 1583 5479 de
1636 5423 1842 5478 semine

265 5542 454 5593 Aaron
502 5532 823 5597 sacerdotis,
865 5544 977 5584 non
1021 5524 1245 5580 accedet
1277 5521 1475 5576 oﬂ'erre
1494 5516 1703 5572 hostias
1739 5514 1845 5569 Do-

267 5631 446 5699 mino,
480 5644 581 5686 nec
598 5641 767 5701 panes
788 5626 899 5680 Deo
926 5636 1048 5686 suo,
1071 5625 1325 5674 vescetur
1357 5623 1540 5669 tamen
1587 5609 1841 5681 panibus,

343 5814 389 5845 "
413 5811 572 5866 Mich.
599 5828 639 5871 ι,
676 5807 763 5861 16.
866 5804 912 5837 ⁸⁸
939 5803 1082 5857 Psal.
1130 5814 1281 5871 cvni,
1313 5796 1365 5849 9.

267 5902 430 5950 cxtv,
456 5888 508 5938 8.
584 5884 627 5914 ⁵¹
664 5880 837 5948 lkeg.
871 5892 983 5941 xw,
1013 5876 1063 5928 7.

1464 5795 1506 5825 ⁸⁷
1533 5794 1703 5848 Calai.
1735 5810 1789 5852 ν,
1829 5789 1884 5842 4.

1155 5870 1198 5901 ¹¹
1228 5854 1364 5923 Gen.
1404 5881 1589 5932 vam,
1620 5864 1704 5920 10.
1779 5861 1825 5893 ⁸³
1854 5856 1996 5912 Psal.
2025 5870 2155 5921 xvii,
2190 5854 2275 5908 46.

1945 1373 2055 1418 teni
2077 1365 2145 1419 ab
2176 1364 2354 1419 oliicio
2384 1366 2597 1435 repelli.
2630 1364 2771 1431 Quid
2804 1375 2987 1422 autem
3015 1379 3069 1423 et
3122 1370 3166 1424 si
3240 1371 3365 1440 quis
3423 1372 3527 1426 hoc

1944 1455 2126 1525 ipsum
2154 1457 2290 1527 legis
2318 1472 2656 1527 cognoscens
2712 1470 3079 1530 praeceptum,
3134 1464 3403 1518 sacerdoti
3437 1465 3525 1517 in-

1944 1551 2139 1604 videns
2159 1592 2173 1616 ,
2198 1550 2503 1605 membrum
2539 1550 2658 1620 ejus
2677 1592 2691 1616 ,
2718 1566 2941 1606 manum
2964 1595 2979 1619 ,
3027 1555 3113 1609 vel
3171 1556 3363 1625 pedem
3384 1599 3398 1623 ,
3431 1566 3528 1610 aut

1944 1644 2164 1697 oculum
2184 1682 2199 1705 ,
2221 1650 2318 1697 aut
2348 1641 2550 1711 aliquid
2580 1642 2726 1696 aliud
2748 1643 3020 1697 attriveril
3041 1686 3055 1709 ,
3083 1655 3178 1700 aut
3212 1647 3255 1700 si
3276 1663 3528 1718 pugnans

1944 1743 2132 1789 contra
2163 1734 2588 1805 alienigenas,et
2611 1749 2709 1804 pro
2732 1736 2935 1791 sanctis
2961 1736 3056 1791 Dei
3083 1749 3356 1807 armatus,
3382 1758 3523 1811 pra:-

1944 1842 2064 1883 esse
2079 1828 2228 1883 enim
2249 1828 2406 1883 bellis
2432 1827 2743 1882 sacerdotes
2764 1829 2818 1881 in
2850 1829 3275 1888 Deuteronomio
3295 1834 3360 1888 ι’.
3375 1834 3525 1905 Moy-

1944 1935 2032 1974 ses
2063 1921 2356 1990 praicepit,
2400 1921 2601 1974 vulnus
2636 1921 2879 1990 accepit,
2915 1937 2981 1975 ex
3015 1937 3124 1991 quo
3157 1926 3413 1994 quaelibet
3475 1929 3525 1982 ei

1943 2027 2012 2066 ex
2039 2013 2560 2082 praedictismaculis
2593 2014 2868 2077 eveniret,
2925 2023 3157 2084 putasne
3192 2017 3388 2088 dignus
3408 2029 3527 2072 erat

1942 2113 2168 2174 pmpter
2198 2105 2303 2160 hoc
2331 2105 2397 2159 de
2428 2094 2731 2159 sacerdotio
2761 2108 3131 2161 removeri?ln
3153 2119 3363 2164 tantum
3377 2115 3522 2165 enim

1944 2211 2055 2249 non
2106 2204 2234 2249 sunt
2280 2211 2568 2266 corporum
2601 2197 2825 2250 maculae
2878 2198 3272 2255 abominabiles
3300 2202 3431 2265 Deo,
3466 2213 3525 2255 ut

1945 2288 2235 2341 Dominum
2292 2288 2601 2342 illuminare
2652 2304 2831 2342 caecos
2870 2289 3037 2343 David
3098 2290 3304 2346 diceret
3334 2293 3401 2345 ιο.
3464 2293 3519 2346 Si

1942 2378 2409 2449 pulchritudinem
2448 2395 2556 2433 non
2588 2378 2772 2450 elegit,
2828 2395 2929 2433 nec
2972 2380 3253 2433 robustum
3300 2396 3520 2451 corpus,

1943 2485 2046 2522 nec
2075 2469 2220 2538 quod
2242 2469 2613 2524 videturbene
2660 2469 2920 2538 positum;
2973 2478 3034 2523 ut
3083 2471 3152 2525 ad
3211 2470 3519 2526 Samuelem

1941 2560 2149 2616 diceret
2193 2562 2262 2616 de
2293 2562 2500 2631 majore
2559 2560 2671 2615 ﬁlio
2712 2559 2885 2624 Jesse,
2954 2561 3077 2630 quia
3140 2564 3377 2632 Speciem
3411 2564 3523 2616 Deo

1942 2653 2160 2723 placere
2181 2662 2508 2723 putaverat:
2560 2653 2680 2707 Non
2736 2655 2980 2723 respicies
3039 2656 3110 2707 ad
3165 2655 3366 2710 vultum
3409 2657 3523 2724 ejus

1945 2760 2109 2815 neque
2139 2745 2211 2797 ad
2242 2744 2579 2798 altitudinem
2604 2753 2827 2799 statum
2854 2744 2990 2813 ejus,
3050 2746 3301 2814 quoniam
3353 2748 3522 2816 abjeci

1944 2853 2063 2892 eum
2096 2837 2165 2890 ³⁸.
2193 2836 2359 2907 Atqui
2389 2852 2485 2891 rex
2511 2852 2620 2891 non
2648 2836 2905 2892 sacerdos
2962 2846 3082 2891 erat
3138 2839 3231 2907 qui
3289 2841 3524 2910 ungeba-

1947 2939 2069 2997 tur;
2104 2931 2216 3002 regi
2244 2938 2425 2985 autem
2460 2930 2768 2985 necessaria
2806 2940 2927 2986 erat
2951 2931 3163 3001 species
3211 2941 3265 2986 et
3307 2933 3522 3004 magni-

1946 3024 2077 3079 tudo
2114 3024 2380 3094 corporis.
2416 3022 2525 3078 Sed
2582 3023 2711 3093 quid
2750 3021 2838 3078 his
2882 3023 3133 3078 addidit?
3196 3022 3305 3078 Nec
3360 3024 3521 3094 juxta

1946 3116 2198 3168 intuitum
2219 3115 2442 3169 hominis
2472 3115 2676 3184 judico.
2719 3115 2892 3169 Homo
2918 3116 3064 3169 videt
3086 3131 3148 3170 ea
3168 3132 3288 3186 quas
3310 3125 3521 3185 patent,

1947 3206 2091 3260 Deus
2110 3216 2292 3260 autem
2318 3206 2560 3259 intuetur
2601 3220 2692 3260 cor
2730 3221 2745 3271 ',
2781 3222 2876 3260 cor
2916 3206 3060 3259 enim
3121 3215 3412 3273 scrutatur,
3475 3210 3523 3262 si

1945 3299 2213 3354 maculam
2243 3299 2460 3364 habeat,
2493 3307 2549 3353 et
2569 3315 2663 3353 eos
2688 3298 2783 3368 qui
2803 3299 3131 3354 immaculati
3154 3309 3282 3354 sunt
3316 3301 3520 3365 animo,

1944 3390 2046 3446 hos
2067 3391 2274 3446 electos
2304 3391 2514 3461 judicat
2545 3409 2559 3446 :
2586 3406 2682 3445 eos
2710 3398 2894 3445 autem
2911 3392 3003 3461 qui
3031 3392 3298 3446 maculam
3320 3392 3375 3446 in
3400 3394 3522 3447 ani-

1942 3499 2033 3539 ma
2061 3484 2285 3549 habent,
2312 3484 2590 3553 reprobat.
2654 3481 2711 3537 Si
2752 3483 2899 3537 enim
2950 3482 3154 3538 malum
3214 3492 3298 3538 est
3372 3485 3524 3538 clau-

1943 3575 2127 3630 dicare
2159 3575 2410 3644 pedibus,
2430 3580 2526 3627 aut
2546 3574 2734 3629 oculos
2760 3573 3005 3627 inﬁrmos
3035 3574 3258 3640 habere;
3295 3583 3393 3629 eta
3410 3574 3524 3629 Deo

1944 3675 2221 3737 separant,
2246 3666 2522 3736 quomodo
2552 3666 2721 3731 Isaac,
2790 3667 3065 3735 quomodo
3098 3666 3266 3721 Jacob
3288 3668 3524 3739 caligare

1944 3758 2190 3829 permisit
2215 3765 2272 3811 et
2300 3757 2532 3812 salutem
2568 3758 2794 3827 perdere
2850 3757 3117 3812 visionis?
3142 3759 3344 3812 etenim
3371 3759 3525 3814 Isaac

1942 3862 2051 3901 non
2072 3848 2328 3921 cognovit
2353 3848 2542 3908 Jacob,
2590 3849 2732 3903 Esau
2766 3847 3061 3920 ﬁngentem
3098 3865 3409 3919 personam.
3449 3851 3524 3904 De

1941 3939 2108 3998 Jacob
2134 3952 2317 3998 autem
2350 3943 2552 3998 dictum
2583 3955 2698 3998 est:
2735 3942 2884 3999 Oculi
2907 3942 3077 3998 Israel
3106 3944 3399 4015 caligavere
3413 3961 3525 4015 prce

1943 4036 2110 4090 nimia
2138 4045 2425 4099 senectute,
2459 4041 2507 4089 el
2535 4036 2677 4090 clare
2704 4036 2879 4090 videre
2909 4052 3011 4089 non
3056 4039 3347 4106 poterat".
3387 4037 3523 4092 Pro-

1944 4133 2127 4195 pterea
2159 4136 2213 4179 et
2238 4141 2385 4181 nunc
2408 4125 2684 4197 legislator
2718 4128 2799 4182 sic
2850 4125 3169 4182 indistincte
3212 4128 3279 4183 de
3309 4132 3521 4185 macula

1943 4212 2117 4264 sancit
2139 4211 2325 4267 dicens
2345 4213 2489 4267 enim
2514 4231 2527 4267 :
3424 4209 3429 4214 ’

2019 4306 2191 4361 Homo
2217 4308 2280 4361 de
2309 4310 2504 4361 semine
2528 4318 2618 4361 tuo
2679 4310 2768 4378 qui
2833 4309 3077 4364 habuerit
3124 4311 3410 4366 maculam.
3458 4312 3523 4368 Et

1943 4415 2068 4456 cum
2096 4416 2203 4455 non
2230 4400 2570 4456 distinxisset
2603 4401 2803 4469 locum,
2868 4401 3013 4456 illico
3050 4402 3293 4457 subdidit
3323 4420 3338 4457 :
3396 4401 3520 4456 Non

1944 4496 2119 4564 offeret
2149 4509 2309 4562 partes
2340 4493 2450 4547 Deo
2500 4510 2595 4547 suo
2643 4509 2736 4547 nec
2787 4496 2996 4548 accedet
3043 4496 3115 4548 ad
3173 4496 3521 4550 ministerium

1874 4596 1920 4652 ι)
1949 4586 2083 4655 ejus.
2119 4583 2262 4640 LXX
2285 4594 2464 4639 autem
2495 4584 2684 4639 dicunt
2710 4601 2722 4635 :
2754 4585 2817 4638 In
2850 4601 2951 4655 quo
2976 4587 3134 4656 fuerit
3167 4587 3399 4652 macula,
3418 4604 3522 4641 non

1945 4677 2360 4731 accedetVides
2390 4678 2536 4747 quia,
2570 4678 2625 4730 in
2658 4693 2768 4746 quo
2797 4678 2954 4742 dixit,
2981 4694 3089 4731 non
3153 4679 3204 4733 in
3252 4693 3519 4750 corpore,

1944 4771 1997 4824 in
2033 4770 2193 4824 nobis
2224 4779 2405 4823 autem
2436 4770 2657 4838 pr0prie
2694 4771 2817 4834 hoc,
2850 4770 2997 4838 quod
3033 4770 3085 4824 in
3118 4771 3299 4825 anima
3333 4782 3521 4827 nostra

1942 4872 2046 4931 est,
2085 4878 2206 4917 esse
2228 4862 2450 4916 dicitur.
2492 4863 2635 4932 Ergo
2656 4862 2909 4916 claudum
2928 4862 3081 4929 dicit,
3111 4864 3254 4917 viam
3280 4863 3375 4919 Dei
3398 4880 3521 4919 cor-

1942 4962 2306 5023 rumpentem,
2330 4952 2423 5021 qui
2456 4967 2523 5006 ex
2545 4960 2720 5021 parte,
2748 4952 2931 5006 divina
2961 4953 3235 5019 mandata,
3261 4964 3316 5007 et
3348 4953 3521 5026 legem

1945 5044 2231 5109 subvertit,
2260 5042 2331 5097 de
2353 5042 2552 5112 quibus
2578 5043 2633 5096 in
2662 5042 2890 5097 Psalmis
2920 5043 3049 5098 dicit
3088 5062 3101 5097 :
3170 5044 3297 5097 Filii
3357 5028 3520 5099 alieni

1945 5135 2151 5189 mentiti
2176 5144 2295 5187 sunt
2318 5133 2467 5197 mihi,
2498 5133 2598 5201 ﬁlii
2620 5132 2783 5187 alieni
2824 5134 3266 5201 inveteraverunt,
3297 5144 3344 5188 et
3366 5136 3516 5189 cluu-

1944 5231 2249 5284 dicaverunt
2283 5244 2315 5281 a
2345 5228 2544 5281 semitis
2583 5228 2693 5281 suis
2720 5228 2786 5280 ⁸³.
2832 5226 3302 5292 Quemadmodum
3372 5230 3519 5283 enim

1944 5320 2125 5375 claudi
2168 5334 2312 5374 unus
2376 5331 2473 5387 pes
2513 5331 2682 5371 sanus
2734 5331 2856 5372 esse
2920 5317 3155 5384 videtur,
3181 5319 3317 5374 alter
3337 5327 3518 5373 autem

1948 5413 2220 5469 claudicat
2255 5430 2268 5465 :
2328 5410 2409 5465 sic
2453 5420 2508 5466 et
2545 5411 2710 5480 hujus
2761 5425 2931 5464 unum
2983 5410 3258 5480 quidpiam
3301 5410 3519 5465 interim

1950 5520 2144 5561 sanum
2176 5518 2298 5558 esse
2323 5501 2558 5567 videtur,
2583 5503 2843 5572 gloriatur
2882 5505 3030 5558 enim
3060 5504 3265 5557 servire
3292 5518 3351 5556 se
3386 5500 3517 5555 Deo.

1954 5601 2111 5656 Aliud
2133 5609 2315 5655 autem
2343 5595 2615 5651 inﬁrmum
2649 5606 2754 5664 est,
2785 5597 2914 5652 dum
2945 5605 3259 5667 corrumpat
3306 5611 3518 5665 praeva-

3296 5778 3339 5810 ⁸ο
3374 5776 3516 5833 Psal.

1974 5784 2065 5837 “l
2099 5782 2220 5837 Cor.
2263 5800 2352 5845 xv,
2394 5784 2483 5836 53.
2577 5781 2622 5812 δ’
2646 5780 2803 5834 Deut.
2841 5796 2931 5846 xx,
2977 5779 3002 5832 1
3039 5794 3190 5847 seqq.
