3928 6432
562 423 700 485 1063

1753 428 1802 486 1-1
1815 427 2116 487 ESYCHII
2157 423 2627 485 PRESBYTERI

3739 425 3838 489 1064

559 539 822 591 ricatioue
869 538 1039 608 legem
1096 537 1500 604 mandatorum,
1560 555 1681 609 quae
1747 540 2147 610 transgreditur
2175 547 2218 602 Α
2248 535 2340 605 qui
2373 535 2658 588 scientiam
2682 549 2744 588 ex
2767 533 3002 604 quodam
3028 543 3296 591 tumore,
3322 530 3420 583 vel
3455 529 3587 584 vitae
3616 536 3838 600 pravitate

560 631 944 686 intentionem.
975 630 1168 684 Ctecus
1205 639 1306 695 est,
1342 632 1434 699 qui
1467 647 1533 684 ex
1572 641 1681 685 tota
1706 632 2010 702 ignorantia
2042 631 2138 685 Dei

559 721 810 772 morhtun
841 720 1091 782 sustinet,
1143 721 1395 774 etlucem
1421 722 1668 775 veritatis
1695 722 1976 775 intendere
2026 737 2136 774 non

558 813 719 864 valet.
752 813 976 880 Propter
1006 812 1150 880 quod
1191 813 1259 866 de
1304 812 1506 867 Judaeis
1567 812 1827 868 Dominus
1881 811 2134 866 dicebat:

553 905 733 958 Cacus
769 921 901 958 creco
934 906 979 958 si
1008 906 1259 958 ducatum
1294 909 1547 973 praebeat,
1612 905 1766 958 ambo
1832 906 1884 956 in
1935 907 2138 974 foveam

554 996 750 1046 cadunt
786 995 854 1046 ⁵⁸.
901 994 1043 1048 Naso
1085 996 1364 1064 propriqu
1413 1009 1495 1050 est
1558 995 1797 1048 odorari.
1851 994 1964 1048 Hoc
2008 1009 2137 1064 ergo

556 1105 709 1153 sano,
760 1088 898 1141 bene
961 1089 1085 1156 quis
1140 1090 1422 1152 odoratur,
1473 1088 1747 1142 terebrato
1806 1097 1990 1142 autem
2052 1086 2136 1140 vel

557 1189 828 1242 truncato,
861 1196 970 1233 non
999 1181 1138 1234 bene
1163 1181 1288 1250 quis
1341 1181 1622 1247 odoratur,
1645 1180 1834 1249 quales
1855 1188 1984 1234 sunt
2012 1179 2137 1249 qui-

553 1273 677 1326 dam
695 1273 890 1342 quibus
921 1274 1059 1326 mala
1087 1274 1322 1342 placent,
1368 1283 1593 1344 propter
1645 1274 1750 1327 hoc
1777 1272 1901 1342 quia
1932 1272 2135 1327 malum

556 1367 762 1420 habent
787 1366 1181 1436 cogitationum
1212 1368 1522 1422 odoratum.
1581 1365 1723 1431 Quia
1746 1366 1892 1420 enim
1919 1365 2135 1419 odorari

551 1455 736 1510 divina
772 1453 1054 1525 Scriptura
1079 1457 1132 1509 in
1173 1472 1259 1522 eo,
1278 1457 1423 1526 quod
1442 1457 1700 1526 placitum
1743 1456 1927 1522 fuerit,
1987 1457 2134 1512 acci-

552 1562 684 1614 pere
733 1546 892 1611 solet,
943 1546 1074 1600 audi
1127 1546 1295 1600 David
1350 1547 1624 1601 dicentem
1669 1547 1734 1601 ad
1757 1546 2020 1601 Saulem:
2075 1546 2134 1600 Si

552 1638 810 1691 Dominus
841 1639 1026 1692 incitat
1080 1647 1129 1692 te
1193 1640 1471 1692 adversum
1497 1655 1579 1691 me
1637 1640 1885 1692 adoretur
1933 1639 2133 1708 sacriﬁ-

551 1730 690 1782 cium
718 1731 784 1782 ⁵⁵.
812 1731 879 1784 Et
913 1745 1128 1793 rursus,
1156 1731 1373 1798 quando
1420 1729 1533 1784 Noe
1561 1730 1883 1796 immolavit,
1908 1732 1984 1785 ait
2014 1748 2027 1783 :
2063 1733 2131 1785 Et

552 1824 802 1877 odoratus
824 1835 897 1877 est
931 1824 1188 1877 Dominus
1213 1825 1354 1878 Deus
1398 1830 1612 1878 odorem
1642 1825 1926 1879 suavitatis
1955 1827 2024 1879 “.
2071 1826 2129 1879 ltt

2241 629 2578 682 vulneratam
2622 627 2845 689 habent,
2877 628 2946 680 ab
2973 625 3056 678 his
3106 625 3220 694 qui
3252 623 3607 693 ignorantia:
3651 623 3841 681 inﬁrmi-

2242 730 2404 776 tatem
2437 721 2739 789 patiuntur,
2765 720 2903 773 nihil
2952 718 3266 781 differunt,
3302 730 3500 778 usque
3530 715 3659 768 dum
3695 727 3842 771 tumo-

2242 826 2355 865 rem
2409 811 2582 876 illum,
2619 822 2712 866 aut
2771 813 2896 866 vita:
2943 814 3296 880 pravitatem
3355 809 3678 878 detergunt.
3725 810 3841 866 Licet
3880 841 3881 880 θ

2239 902 2385 956 enim
2420 903 2503 958 eis
2544 911 2673 958 tunc
2701 920 2831 957 sano
2860 903 2959 965 uti,
3009 909 3066 956 et
3095 900 3338 956 mundo
3410 900 3582 953 oculo
3613 900 3835 956 scientia.

2236 991 2430 1064 Jugem
2477 997 2714 1049 scabiem
2755 997 3034 1050 detractor
3092 995 3288 1048 habet
3329 1010 3346 1047 :
3408 992 3837 1061 quemadmodum

2237 1086 2382 1139 enim
2422 1087 2657 1156 pessima
2687 1087 2898 1142 scabies
2921 1087 3259 1150 demolitur,
3297 1085 3384 1138 ita
3414 1084 3700 1138 detractor
3715 1088 3832 1139 fatile
3880 1075 3881 1112 ἶ

2239 1188 2585 1246 provocatur.
2613 1179 2962 1250 Impetigines
3019 1179 3359 1233 fornicator
3400 1175 3600 1235 habet,
3654 1177 3833 1229 macula:

2237 1269 2384 1324 enim
2420 1281 2621 1339 apertze
2671 1281 2800 1325 sunt
2858 1268 3443 1342 impetigocorporis.
3500 1267 3826 1333 Quemadmo-

2235 1361 2367 1418 dum
2388 1367 2535 1420 enim
2561 1365 2844 1418 fornicatio
2861 1364 3076 1428 animat,
3103 1372 3162 1419 et
3198 1363 3480 1432 corporis
3513 1363 3671 1414 testis
3687 1363 3825 1420 unius.

2237 1460 2536 1514 secundum
2565 1456 2725 1520 LXX,
2763 1467 2845 1513 est
2885 1459 3077 1513 doctor
3134 1458 3240 1528 qui
3279 1457 3456 1520 dicit,
3494 1465 3552 1509 et
3592 1471 3696 1508 non
3712 1457 3819 1524 agit:

2237 1565 2422 1605 creare
2448 1551 2593 1604 enim
2628 1549 2785 1613 ﬁlios,
2821 1550 2914 1620 qui
2947 1551 3068 1604 talis
3097 1557 3217 1613 est,
3288 1564 3418 1603 non
3467 1557 3670 1618 potest.
3716 1548 3819 1611 Qui-

2235 1658 2451 1713 cunque
2477 1659 2607 1714 ergo
2634 1659 2798 1697 unam
2860 1644 3262 1714 praedictarum
3327 1643 3612 1698 maculam
3673 1641 3813 1698 habet.

2232 1734 2373 1788 dona
2428 1735 2538 1788 Deo
2585 1734 2804 1795 oﬂ'erre,
2840 1743 2934 1788 aut
2977 1733 3260 1788 sacrificia
3309 1747 3435 1785 non
3469 1740 3672 1800 potest,
3726 1732 3818 1798 quia

2234 1825 2638 1879 immaculatum
2686 1841 2806 1880 esse
2827 1836 2883 1880 et
2919 1827 3101 1879 animo
3170 1826 3551 1879 sacerdotem
3591 1834 3810 1891 Oportet:

553 1916 816 1984 placeudo
843 1926 1022 1971 autem
1055 1926 1349 1986 utrumque
1380 1935 1534 1973 sacra
1592 1918 1874 1988 Scriptura
1899 1921 2129 1990 accepit.
2167 1899 2205 1952 Β
2235 1935 2397 1988 quem
2437 1919 2576 1972 sicut
2606 1917 2816 1989 Moyses
2841 1917 3132 1972 duodecim
3154 1916 3413 1971 maculis
3449 1916 3706 1969 mundum
3724 1932 3813 1969 esse

552 2009 725 2064 Incisa
749 2011 1012 2073 auricula,
1055 2014 1302 2066 auditum
1332 2013 1400 2066 ad
1431 2013 1864 2066 inobedientiam
1912 2028 2129 2067 secans.

552 2103 946 2157 Contritionem
982 2117 1162 2159 autem
1200 2123 1415 2171 manus,
1451 2116 1507 2160 et
1529 2106 1913 2160 contritionem
1965 2107 2132 2176 pedes

553 2194 753 2248 habent
782 2195 878 2260 illi,
907 2196 976 2251 de
1004 2200 1201 2267 quibus
1244 2197 1408 2251 David
1461 2198 1724 2267 psallebat
1750 2217 1762 2252 :
1812 2197 1929 2251 Non
1956 2199 2131 2251 veniat

551 2288 678 2340 mihi
705 2304 794 2357 pes
823 2291 1098 2358 superbiae.
1128 2301 1176 2344 et
1211 2307 1400 2344 manus
1430 2292 1723 2358 peccatoris
1773 2306 1874 2343 non
1927 2300 2130 2343 moveat

550 2392 632 2428 me
660 2377 739 2440 ⁸⁷;
773 2376 1364 2448 videiicetdiripientis,
1409 2383 1524 2433 sive
1577 2379 1837 2432 volantis.
1874 2379 2011 2448 Ergo
2037 2395 2130 2431 su-

549 2467 776 2535 perbum
799 2477 853 2521 et
887 2483 1111 2521 avarum
1133 2485 1227 2538 per
1256 2470 1358 2522 hoc
1386 2468 1661 2539 legislator
1687 2467 1973 2537 signiﬁcat.
1999 2466 2129 2521 Gib-

549 2558 650 2613 bus
675 2571 778 2622 est,
806 2575 970 2630 grave
1002 2559 1184 2615 ferens
1232 2571 1580 2630 peccatorum
1619 2561 1853 2629 pondus,
1922 2570 1976 2614 et
2029 2561 2131 2614 hoc

549 2663 658 2702 non
685 2651 895 2716 videns,
923 2650 1050 2720 quia
1087 2660 1233 2706 retro
1276 2661 1359 2705 est
1386 2653 1667 2722 gibborum
1708 2653 1988 2721 congeries
2009 2669 2129 2720 qua:

545 2744 616 2796 ab
633 2743 713 2797 eis
746 2744 969 2798 minime
990 2742 1255 2797 cernitur.
1290 2745 1365 2798 De
1387 2745 1584 2813 quibus
1618 2743 1672 2796 in
1729 2743 1982 2813 parabula
2000 2744 2131 2797 dici-

546 2844 658 2898 tur,
686 2852 852 2904 quam
887 2836 1164 2892 rexlsrael
1187 2848 1378 2893 contra
1409 2854 1591 2908 regem
1649 2838 1818 2908 Syriae
1849 2852 1980 2892 usus
2010 2848 2124 2892 est:

547 2935 688 2998 Quid
717 2945 966 3001 operatur
991 2936 1230 3004 gibbosus
1260 2936 1412 3006 quasi
1458 2937 1670 2989 rectus?

618 3026 838 3097 Lippus,
867 3038 914 3080 et
943 3028 1244 3099 albuginem
1271 3028 1465 3081 habens
1508 3028 1562 3080 in
1605 3027 1772 3080 oculo.
1805 3025 1907 3093 Qui
1941 3027 2127 3081 oculos

544 3121 704 3175 laesos
729 3130 784 3176 et
807 3122 1084 3175 inﬁrmum
1109 3122 1285 3176 visum
1310 3121 1534 3186 habent,
1558 3121 1791 3175 dicimus
1820 3136 1944 3173 esse
2005 3137 2122 3186 eos,

542 3214 632 3284 qui
670 3215 871 3268 habent
901 3215 1119 3284 quidem
1152 3214 1247 3268 Dei
1274 3214 1577 3278 scientiam,
1642 3213 1737 3268 sed
1791 3223 2123 3283 corruptam,

542 3306 736 3376 quales
766 3305 1136 3375 suntqnidam
1177 3305 1269 3374 qui
1303 3303 1560 3358 inﬂantur
1592 3321 1606 3355 :
1642 3305 1710 3359 de
1735 3305 1934 3374 quibus
1992 3304 2127 3359 dixit

549 3403 746 3456 Paulus
775 3420 786 3454 :
819 3400 878 3456 Si
909 3402 1026 3472 quis
1053 3401 1212 3453 aliter
1233 3402 1398 3463 docet,
1446 3409 1494 3452 et
1523 3415 1623 3452 non
1655 3400 1936 3469 acquiescit
1981 3399 2128 3452 sanis

543 3495 867 3549 sermonibus
907 3494 1117 3546 Domini
1147 3493 1310 3545 nostri
1339 3493 1464 3545 Jesu
1490 3491 1707 3552 Christi,
1743 3502 1789 3546 et
1832 3493 1878 3544 ei
1934 3493 2127 3562 quise-

543 3587 770 3639 cundum
797 3587 1046 3653 pietatem
1078 3593 1151 3637 est
1174 3584 1446 3647 doctrina},
1483 3584 1732 3652 superbus
1774 3583 1906 3636 nihil
1934 3584 2124 3646 sciens,

541 3681 631 3733 sed
654 3679 910 3747 languens
933 3678 1070 3730 circa
1105 3677 1411 3746 qurestiones
1443 3686 1491 3729 et
1542 3693 1744 3745 pugnas
1759 3676 2033 3731 verborum
2057 3680 2123 3732 ⁸⁸.

547 3767 639 3822 Vel
673 3768 748 3820 illi
778 3767 1175 3837 intelliguntur,
1206 3766 1296 3835 qui
1329 3767 1613 3821 scientiam
1653 3768 1763 3821 vita
1833 3770 2123 3839 repellunt.

541 3862 768 3932 Suﬂ‘usio
790 3868 993 3922 autem,
1017 3861 1160 3928 quod
1188 3860 1375 3928 Aquila
1437 3859 1626 3922 edidit,
1657 3860 1916 3929 quianon
1947 3864 2126 3916 omni-

544 3957 644 4009 bus
665 3963 828 4024 patet.
863 3953 957 4006 svd
985 3952 1113 4004 solis
1140 3950 1316 4005 doctis
1368 3951 1614 4015 medicis,
1641 3952 1694 4005 in
1720 3962 1934 4007 tumore
1981 3965 2126 4007 recte

541 4047 807 4114 accipitur
849 4063 860 4096 :
893 4060 1070 4113 neque
1095 4045 1240 4098 enim
1267 4043 1335 4097 ab
1362 4044 1614 4098 onmibus
1653 4045 1831 4114 passio
1852 4045 1988 4110 haec,
2031 4048 2126 4101 sed

542 4154 572 4192 a
604 4139 732 4193 solis
757 4138 860 4191 illis
883 4137 972 4207 qui
1005 4137 1186 4192 sciunt
1221 4137 1532 4190 discernere
1589 4152 1709 4205 qua:
1769 4138 1836 4191 ad
1887 4138 2124 4191 animam

539 4233 899 4302 pertinerent,
918 4229 1280 4298 cognoscitur.
1308 4228 1773 4294 Quemadmodum
1797 4241 1978 4286 autem
2007 4233 2122 4286 suf-

538 4324 688 4377 Iusio
719 4323 896 4378 visum
932 4321 1153 4392 pupillae
1185 4321 1336 4392 tegit,
1368 4321 1446 4375 sic
1478 4323 1808 4392 arrogantia,
1866 4333 1922 4378 et
1960 4325 2124 4380 elatio

534 4415 868 4471 circumfusa
900 4415 1115 4476 animae,
1143 4415 1431 4468 obscuram
1472 4414 1591 4484 ejus
1631 4415 1915 4469 scientiam
1969 4416 2118 4471 facit.

537 4509 746 4578 Albugo
774 4506 1057 4570 autem,in
1091 4503 1304 4564 vita.'et
1364 4508 1802 4563 conversationis
1859 4510 2122 4578 pravitate

2235 2011 2515 2082 praecepit,
2566 2019 2644 2065 tot
2690 2025 2783 2065 eas
2833 2013 2978 2064 enim
3035 2011 3306 2065 invenies
3360 2009 3666 2063 secundum
3704 2007 3807 2062 LXX

2232 2105 2634 2167 dcnutncratas,
2697 2104 2778 2157 sic
2799 2114 2855 2157 et
2913 2103 3114 2156 Paulus
3161 2102 3485 2156 duodecim
3524 2115 3807 2154 conservare

2233 2213 2379 2261 etim,
2413 2197 2504 2265 qui
2533 2196 2902 2250 sacerdotium
2951 2196 3259 2250 sortiturus
3288 2208 3404 2258 est,
3441 2195 3692 2265 praecepit
3744 2195 3804 2246 di-

2233 2306 2364 2344 cens
2430 2305 2444 2342 :
2507 2287 2724 2357 Oportet
2785 2290 3082 2357 episcopum
3126 2288 3657 2358 irreprehe’nsibilem
3703 2303 3798 2348 esse,

2233 2386 2370 2436 sicut
2393 2382 2486 2436 Dei
2512 2384 2923 2451 dispensatorem
2949 2381 3016 2432 ⁶⁰.
3052 2379 3192 2446 Quis
3237 2389 3434 2433 autem
3494 2378 3794 2448 irreprehen-

2232 2474 2425 2535 sibilis,
2498 2473 2601 2527 nisi
2661 2472 3016 2541 impollutus?
3066 2471 3287 2526 Deinde
3349 2470 3503 2524 unde
3557 2470 3794 2538 colligatur

2239 2565 2786 2636 irreprehensibilem
2815 2580 2940 2619 eum
2981 2580 3125 2627 esse,
3175 2580 3209 2618 a
3273 2563 3539 2632 qualibus
3586 2561 3786 2619 maculis,

2231 2664 2324 2710 aut
2346 2657 2693 2727 passionibus
2724 2656 2986 2719 carendo,
3019 2657 3072 2709 in
3115 2656 3602 2724 subsequentibus
3641 2661 3787 2706 osten-

2231 2751 2331 2804 dit.
2375 2748 2496 2802 Non
2525 2750 2824 2820 superbum,
2846 2766 2950 2802 non
2978 2751 3328 2815 iracundum,
3373 2764 3478 2801 non
3495 2747 3781 2802 vinolentum,

2232 2859 2334 2896 non
2359 2858 2740 2913 percussorem,
2771 2858 2872 2895 non
2904 2843 3070 2911 turpis
3106 2841 3249 2895 lucri
3302 2841 3573 2910 cupidum,
3618 2839 3693 2891 sed
3717 2841 3779 2887 hu-

2230 2937 2497 3008 spitalem,
2522 2937 2821 3007 benignum,
2841 2945 3066 2998 castum,
3093 2935 3342 3006 justum,
3365 2943 3622 2992 sanctum,
3651 2931 3778 2982 conti-

2231 3040 2432 3083 nentem
2466 3028 2864 3096 amplectentem
2892 3044 3032 3091 eum,
3071 3028 3162 3096 qui
3205 3027 3506 3081 secundum
3532 3017 3773 3076 doctrinam

2233 3132 2329 3182 est,
2359 3121 2562 3191 ﬁdelem
2583 3135 2872 3173 sermonem
2901 3120 2966 3173 ⁸⁸.
3022 3119 3334 3172 Duodecim
3372 3133 3500 3187 ergo
3521 3118 3687 3182 etipse
3703 3129 3772 3164 cu-

2232 3215 2434 3269 stodire
2460 3213 2797 3268 sacerdotem
2820 3212 2956 3277 vult,
2993 3221 3048 3266 et
3072 3213 3444 3281 quamobrem
3473 3211 3519 3263 ei
3559 3216 3766 3261 tantast:-

2229 3307 2595 3377 perimponat,
2629 3305 2680 3357 in
2719 3305 3153 3374 praecedentibus
3176 3304 3327 3357 dixit
3358 3321 3372 3356 :
3436 3301 3631 3370 Oportet
3665 3298 3766 3348 enim

2227 3399 2524 3468 episcopum
2559 3394 3062 3466 irreprehensibilem
3091 3411 3225 3459 esse,
3277 3395 3416 3447 sicut
3467 3390 3557 3443 Dei
3601 3388 3762 3452 dispen-

2227 3502 2475 3545 satorem.
2505 3491 2605 3554 Qui
2623 3497 2808 3542 autem
2874 3488 3153 3558 dispensat
3201 3502 3332 3557 quae
3386 3485 3476 3539 Dei
3499 3490 3626 3538 sunt,
3659 3488 3761 3544 opus

2231 3584 2390 3637 habet
2419 3597 2537 3647 eos,
2560 3596 2791 3651 quorum
2819 3581 3167 3650 dispensator
3203 3588 3318 3644 est,
3345 3575 3621 3632 virtutibus
3651 3585 3752 3640 pne-

2228 3677 2426 3729 cedcre
2461 3691 2475 3727 :
2510 3689 2635 3727 nam
2677 3674 2953 3742 quomodo
2999 3673 3121 3727 illos
3158 3673 3511 3742 dispensare,
3541 3661 3746 3736 quomodo

2227 3767 2517 3836 disponere
2539 3764 2781 3835 poterit?
2801 3763 2939 3829 Quia
2970 3773 3155 3817 autem
3207 3763 3493 3834 legislator
3522 3754 3730 3811 comedere

2227 3861 2295 3914 de
2330 3859 2537 3913 sanctis
2563 3857 2844 3928 princepit,
2895 3856 3376 3926 unamquamlibet
3436 3850 3727 3922 praedictarum

2228 3952 2563 4008 macularum
2607 3951 2921 4014 habentem,
2964 3950 3105 4003 intra
3131 3949 3320 4002 velum
3341 3956 3514 4002 tamen
3538 3938 3730 3995 etaltarei

2225 4061 2425 4116 corpus
2456 4043 2950 4108 videlicetChristi,
2988 4043 3255 4096 accedere
3290 4057 3400 4095 non
3452 4031 3672 4108 praecepit.
3695 4023 3734 4077 id

2225 4149 2310 4193 est
2341 4139 2670 4191 ministrare.
2693 4137 2783 4190 Sic
2809 4146 2864 4190 et
2893 4138 2995 4190 hoc
3019 4135 3252 4188 forsitan
3275 4136 3332 4189 in
3369 4126 3586 4185 Ecclesiis
3606 4122 3725 4173 iuve-

2225 4232 2350 4286 nies
2390 4229 2676 4292 custodiri,
2706 4231 2749 4283 si
2780 4231 2903 4298 quis
2937 4229 3080 4283 enim
3128 4227 3461 4297 approbatus
3511 4214 3638 4272 fuerit
3664 4223 3730 4262 sa-

2224 4323 2532 4386 cerdotum,
2568 4321 2838 4375 maculam
2869 4320 3128 4374 habuisse
3157 4316 3456 4388 aliquando
3474 4309 3646 4367 animm,
3689 4305 3730 4350 ⁸⁸

2223 4417 2291 4470 ab
2324 4431 2387 4469 ea
2412 4416 2663 4478 cessavit,
2700 4416 2904 4468 sanctis
2959 4412 3176 4483 quidem
3234 4407 3608 4466 communicare
3649 4406 3731 4448 non

2225 4507 2571 4578 prohibetur,
2606 4507 2914 4562 ministrare
2944 4517 3126 4560 autem
3186 4508 3336 4561 hunc
3391 4501 3476 4573 qui
3526 4495 3622 4550 talis
3651 4496 3727 4547 est,

538 4601 824 4670 accipitur,
850 4601 977 4670 quia
1039 4599 1296 4653 omnibus
1350 4600 1522 4654 oculis
1576 4610 1764 4671 aperte
1818 4602 1932 4656 haec
1982 4603 2123 4658 inest
2153 4617 2198 4673 ι)
2228 4615 2336 4652 non
2370 4599 2520 4666 licet,
2550 4615 2651 4654 nec
2675 4599 2742 4653 ad
2773 4599 2952 4653 velum
2996 4599 3278 4662 accedere,
3307 4607 3361 4652 et
3409 4595 3473 4649 ad
3499 4592 3654 4646 altare,
3690 4578 3729 4632 id

539 4695 739 4764 passio.
770 4694 912 4747 sicut
938 4693 1136 4748 etvita:
1162 4693 1399 4763 pravitas
1442 4695 1606 4748 latere
1636 4711 1740 4747 non
1783 4703 2121 4767 potest,qua:

539 4788 800 4842 subvertit
836 4786 926 4840 Dei
969 4786 1272 4852 scientiam,
1305 4786 1405 4840 etsi
1457 4787 1656 4841 habere
1693 4803 1752 4841 se
1778 4804 1896 4842 eam
1933 4790 2118 4859 hi,qui

540 4894 702 4946 prave
726 4878 938 4938 vivunt,
957 4876 1275 4947 glorientur.
1310 4877 1511 4932 Paulus
1540 4879 1740 4932 ctenim
1766 4879 1831 4932 de
1849 4880 1931 4934 his
1946 4880 2114 4934 dixit:

537 4971 637 5032 Qui
667 4969 1046 5038 rouﬁtenturse
1077 4988 1224 5025 nosse
1255 4972 1440 5031 Deum,
1473 4973 1625 5041 factis
1645 4983 1818 5025 autem
1839 4985 2029 5043 negant
2049 4976 2114 5028 “9.

538 5062 639 5126 Qui
659 5072 839 5115 autem
897 5077 1003 5116 non
1052 5063 1252 5117 l‘rustra
1301 5064 1446 5134 lippo
1502 5065 1665 5118 etiam
1716 5081 1831 5129 eos,
1863 5067 1952 5134 qui
1995 5068 2110 5122 haec

539 5157 683 5206 circa
717 5153 999 5207 scientiam
1032 5157 1333 5225 patiuntur,
1359 5171 1763 5225 comparamus,
1800 5159 1926 5212 hinc
1981 5176 2111 5214 con-

536 5245 733 5314 jiciens
754 5246 997 5301 invenies
1024 5264 1211 5302 eorum
1253 5249 1421 5302 vitam
1455 5251 1546 5319 qui
1597 5249 1952 5305 suliusion'cm
2013 5269 2110 5322 pa-

541 5338 770 5404 tiuntur,
795 5349 888 5394 aut
911 5340 1239 5411 albuginem.
1274 5340 1424 5396 Oculi
1457 5343 1674 5412 quidem
1720 5343 1889 5412 aperti
1943 5360 2107 5414 appa-

541 5437 684 5496 rent,
715 5430 917 5484 similes
947 5441 1128 5485 autem
1156 5443 1303 5494 sunt,
1328 5435 1569 5502 quandiu
1606 5434 1975 5498 inﬁrtnantur,
2005 5454 2113 5492 cte-

540 5521 620 5574 cis
649 5537 663 5575 :
688 5523 784 5577 sed
813 5525 1030 5593 quando
1061 5526 1252 5578 salvati
1277 5524 1503 5590 fuerint,
1546 5528 1758 5598 purgati
1801 5546 1829 5582 a
1857 5531 2114 5599 praedicta

539 5614 814 5682 passione,
841 5616 920 5670 uti
949 5616 1140 5683 oculis,
1168 5617 1309 5672 sicut
1331 5628 1384 5673 et
1409 5620 1547 5686 sani,
1582 5631 1830 5690 possunt.
1854 5622 1945 5676 Sic
1976 5635 2028 5676 et
2059 5625 2115 5679 hi

612 5815 666 5888 ξ’*-
688 5815 1019 5888 Matth._xv,
1048 5817 1130 5871 Η».
1217 5818 1264 5851 ³⁸
1293 5820 1313 5873 Ι
1343 5818 1476 5888 Reg.
1502 5838 1649 5883 xxvi,
1688 5821 1773 5878 19.

541 5886 694 5950 l,ll.i.
767 5884 1023 5940 “lTim.
1053 5904 1134 5954 ιιι,
1166 5889 1222 5942 2.
1304 5891 1346 5920 ει
1384 5884 1512 5944 ibid.
1548 5893 1597 5958 3,
1637 5895 1687 5946 4.

1858 5824 1905 5856 ⁸⁸
1925 5822 2062 5878 Gen.
2113 5841 2228 5889 vm,
2255 5826 2344 5880 2i.

1762 5894 1807 5925 "
1841 5893 2004 5948 llebr.
2047 5911 2163 5961 xm,
2192 5898 2280 5953 10.

2225 4701 2329 4753 est,
2370 4691 2437 4745 ad
2459 4706 2660 4760 corpus
2693 4691 2930 4756 Domini,
2949 4699 3008 4744 ut
3032 4691 3151 4761 ejus
3175 4688 3524 4745 ministerium
3537 4679 3708 4752 peragat

2225 4785 2338 4837 lloc
2355 4783 2502 4837 enim
2532 4786 2712 4837 velum
2744 4785 2984 4839 etaltare
3010 4786 3212 4840 Paulus
3247 4782 3476 4838 llehrieis
3508 4771 3721 4828 scribens,

2222 4876 2424 4930 decuit.
2452 4875 2715 4930 Habemus
2740 4877 2935 4939 altare,
2966 4879 3029 4932 de
3062 4895 3164 4946 quo
3216 4876 3471 4931 comedere
3519 4881 3604 4920 non
3645 4860 3718 4910 Ita-

2219 4969 2335 5022 bent
2362 4977 2669 5036 potestatem
2718 4970 2790 5032 hi,
2821 4969 2910 5038 qui
2941 4969 3276 5022 tabernaculo
3291 4964 3560 5022 deserviunt
3580 4954 3635 5012 ".
3656 4948 3716 5002 τί·

2221 5063 2417 5118 delicet
2449 5063 2715 5117 Dominici
2737 5064 3001 5132 corporis.
3037 5063 3151 5117 Hoc
3184 5065 3327 5117 enim
3351 5054 3719 5120 .lutlaeispl"’l”‘3r

2220 5157 2652 5210 incredulitatem
2689 5165 2740 5210 et
2773 5157 3090 5210 servitutem
3142 5157 3330 5212 litterae
3358 5153 3426 5207 uti
3468 5161 3562 5201 non
3603 5139 3710 5192 lict’l-

2219 5252 2331 5308 Hoc
2387 5253 2562 5322 ipsum
2605 5262 2786 5306 autem
2816 5262 2870 5306 et
2915 5255 3091 5308 velum
3135 5253 3260 5312 dici,
3303 5250 3366 5304 ab
3419 5245 3522 5314 ipso
3556 5237 3707 5292 disce:

2223 5347 2488 5402 Habentes
2522 5365 2644 5420 ergo
2676 5351 3046 5420 confidentiam
3091 5351 3147 5403 in
3178 5340 3704 5403 introitum.sanctarum.

2218 5457 2310 5517 per
2339 5441 2573 5494 velamen
2603 5441 2667 5501 ⁸⁸.
2699 5441 2750 5495 id
2783 5450 2866 5496 est
2887 5457 3105 5496 carnem
3138 5443 3273 5510 ejus.
3318 5436 3391 5491 Ad
3468 5431 3554 5483 hoc
3573 5420 3704 5517 solum

2219 5535 2308 5604 qui
2331 5535 2595 5588 maculam
2622 5535 2780 5590 habet
2805 5535 3022 5602 animae,
3048 5553 3154 5590 non
3176 5533 3465 5608 ingreditur.
3487 5508 3700 5608 Quamull'

2220 5626 2367 5678 rem?
2397 5625 2533 5690 Quia
2554 5626 2819 5686 maculam
2870 5628 3070 5694 habet,
3109 5638 3164 5683 et
3197 5643 3298 5682 non
3329 5621 3472 5679 debet
3493 5615 3698 5669 contuim-

2445 5828 2488 5857 ⁸⁷
2516 5826 2655 5882 Psal.
2697 5843 2856 5894 xxxv,
2889 5830 2980 5884 9.2.
3069 5832 3154 5886 ⁵³1
3189 5832 3321 5886 Tim,
3358 5817 3486 5886 “,5.
3551 5810 3586 5842 "
3609 5801 3684 5858 Tit.

2359 5897 2401 5927 “
2427 5895 2590 5951 l-lebr.
2628 5914 2680 5964 ι,
2707 5900 2791 5951 l9.
