4032 6456
189 330 380 398 1065

1378 339 1461 400 ΙΝ
1501 337 1941 400 LEVITICUM.
1981 364 2051 375 -
2083 341 2230 401 LIB.
2272 343 2369 404 VI.

3360 350 3496 421 1066

182 462 368 506 nare
396 451 764 506 sanctuarium
789 468 990 519 meum,
1015 454 1403 510 eontaminatio
1418 456 1563 511 enim
1597 465 1816 511 sancto-
1844 464 1892 521 Α
1918 464 2141 523 cogunt,
2182 468 2238 512 et
2273 468 2466 527 putare
2511 450 2658 530 quod
2684 462 3017 532 superﬂuum
3068 465 3140 521 sit
3193 466 3287 523 Dei
3336 471 3497 525 mini-

182 554 375 607 rum,
408 555 569 612 atque
609 544 804 614 injuria
833 556 933 611 est,
957 548 1089 603 tales
1118 548 1185 603 ad
1228 548 1591 603 ministerium
1609 548 1815 612 oﬂ‘erri,

182 628 267 685 in
296 635 507 704 quibus
531 636 755 691 oﬁ'endit
780 640 1030 708 populus.
1063 646 1117 693 et
1147 641 1236 710 qui
1272 651 1609 711 cognoscunt
1628 656 1820 697 eorum

181 728 494 793 nlaculas,
519 729 974 785 scandalizantur.
1020 732 1245 802 Propter
1274 734 1417 802 quod
1457 742 1513 787 et
1545 732 1744 787 Paulus
1773 733 1819 764 “

184 820 603 875 testimonium
638 823 841 877 bonum
882 824 1104 889 habere,
1138 811 1206 880 ab
1256 826 1341 880 his
1383 826 1474 895 qui
1520 826 1650 881 foris
1668 836 1814 890 ειιιιι,

183 914 569 969 sacerdotem
622 916 755 970 vult.
810 915 921 971 Lex
964 928 1145 972 autem
1192 919 1550 985 conﬁrmavit,
1593 935 1657 974 ea
1696 936 1816 989 quae

182 1000 373 1057 dicta
398 1015 548 1071 sunt,
578 1021 642 1060 ex
662 1023 728 1061 eo
749 1009 893 1078 quod
923 1010 1057 1064 dixit
1092 1028 1104 1063 :

282 1095 413 1165 Ego
469 1098 722 1153 Dominus
788 1102 877 1170 qui
920 1103 1191 1171 sancti/ica
1220 1120 1329 1157 vos.
1370 1102 1664 1175 Egoquis?
1720 1105 1812 1175 qui

184 1190 487 1258 praecipio
513 1200 569 1244 et
604 1192 821 1247 mando.
859 1193 1087 1266 Perfecti
1140 1205 1320 1260 estote,
1369 1198 1814 1266 quemadmodum

184 1286 253 1328 el
287 1277 467 1332 Pater
493 1290 658 1333 vester
693 1281 911 1335 cmlestis
938 1284 1197 1353 perfectus
1235 1294 1311 1338 est
1338 1285 1403 1337 ⁸³.
1446 1285 1506 1337 In
1525 1300 1633 1354 quo
1665 1285 1811 1338 enim

185 1370 441 1424 macula
471 1371 721 1427 licetuna
752 1374 1138 1442 prmdictarum
1173 1383 1278 1436 est,
1309 1375 1396 1428 hic
1426 1390 1535 1429 non
1567 1384 1652 1429 est
1684 1390 1814 1444 per-

189 1458 424 1517 fectus.

292 1553 467 1609 Vens.
497 1555 587 1610 24.
619 1574 638 1605 ‹
673 1555 910 1611 Locutus
929 1566 1014 1612 est
1045 1573 1172 1629 ergo
1212 1560 1425 1630 Moyses
1454 1559 1520 1614 ad
1548 1560 1727 1613 Aaron
1756 1570 1814 1615 et

196 1644 366 1699 ﬁlios
391 1647 532 1715 eius,
557 1656 611 1701 et
640 1648 708 1701 ad
738 1664 954 1703 omnem
1002 1649 1167 1706 Israel
1198 1662 1393 1705 cuncta
1416 1668 1537 1721 quae
1563 1652 1669 1706 sibi
1692 1652 1813 1707 fue-

195 1746 349 1791 rant
382 1739 663 1808 imperata.
702 1758 721 1791 ι

1920 548 2170 612 stcrium,
2197 558 2252 604 et
2272 550 2506 618 justitia,
2532 553 3497 627 etjudicium.QuantumveroDeus.

1920 639 2034 694 sive
2064 641 2341 704 sacerdos,
2366 642 2480 699 sive
2509 644 2600 697 ﬁlii
2636 646 2775 715 ejus,
2810 648 2861 702 id
2887 658 2973 703 est
2993 649 3249 721 discipuli
3295 669 3492 723 pecea-

1919 730 2179 785 verintin
2208 734 2729 800 sancta,irascatur,
2771 738 3070 794 ostendunt
3123 756 3188 795 ea
3207 758 3330 811 qua:
3382 743 3499 798 Heli

1916 830 1971 875 et
1996 822 2118 875 ﬁliis
2146 823 2265 892 ejus
2324 825 2693 894 contigerunt.
2728 826 3021 897 Propterea
3053 830 3295 885 subdidit
3330 850 3343 886 :
3386 832 3498 903 Ego

1915 913 2196 980 Dominus,
2221 917 2359 971 dices
2391 920 2461 970 ad
2484 934 2589 970 eos.
2626 919 2735 990 Ego
2766 919 3047 979 Dominus.
3078 922 3169 992 qui
3203 922 3403 979 irascor
3417 924 3501 979 vi-

1915 1006 2131 1071 delicet,
2165 1016 2221 1062 et
2240 1008 2481 1064 vindico.
2515 1009 2658 1076 Quid
2680 1020 2863 1066 autem
2896 1012 3078 1067 dixit?

1989 1094 2137 1147 Dices
2176 1096 2246 1148 ad
2277 1112 2361 1149 eos
2391 1106 2439 1150 et
2469 1108 2698 1167 posteros
2728 1116 2944 1153 eorum:
2980 1101 3163 1156 Omnis
3210 1104 3380 1167 homo,
3410 1103 3499 1173 qui

1914 1190 2187 1243 accesserit
2226 1191 2291 1243 de
2337 1192 2499 1261 stirpe
2553 1202 2746 1257 vestra,
2802 1195 2873 1247 ad
2912 1211 2974 1248 ea
3028 1211 3145 1264 quw
3193 1202 3497 1248 consecrata

1912 1291 2053 1345 sunt,
2112 1291 2160 1335 et
2210 1298 2327 1353 qui:
2390 1284 2689 1337 obtulerunt
2710 1285 2809 1354 ﬁlii
2834 1285 3003 1340 Israel
3033 1287 3276 1348 Domino,
3306 1288 3361 1339 in
3396 1302 3498 1355 quo

1913 1381 1986 1425 est
2037 1373 2395 1439 immunditia,
2454 1376 2644 1444 peribit
2695 1393 2876 1430 corant
2941 1378 3183 1432 Domino.
3238 1378 3349 1449 Ego
3380 1394 3494 1431 sum

1913 1462 2188 1517 Dominus.
2250 1465 2492 1520 Primum
2549 1467 2773 1537 quidem
2841 1469 3069 1524 seminis
3142 1469 3499 1524 sacerdotalis

1911 1556 2233 1611 memoriam
2272 1555 2505 1623 faciens,
2555 1569 2745 1629 aperte
2795 1561 2929 1614 illud
2976 1560 3324 1631 signiﬁcavit,
3372 1562 3498 1631 quia

1910 1662 2019 1701 non
2074 1649 2251 1703 solum
2308 1651 2690 1717 sacerdotem,
2738 1654 2835 1709 sed
2886 1669 3106 1708 omnem
3184 1662 3497 1709 sanctorum

1909 1740 2242 1807 ministrum,
2271 1743 2435 1797 etiam
2478 1744 2523 1799 si
2560 1754 2763 1799 sortem
2819 1746 2874 1799 in
2905 1747 2985 1801 eis
3017 1746 3265 1800 ultimam
3300 1747 3499 1801 habeat

294 1830 432 1895 Qua:
470 1832 731 1887 suntbaac
746 1848 866 1901 quae
894 1832 1107 1887 locutus
1155 1835 1270 1890 est?
1295 1834 1372 1890 Ea
1401 1835 1647 1891 videlicet
1689 1851 1809 1905 qua:
1841 1819 1884 1874 Β
1909 1841 1966 1886 et
2026 1835 2405 1902 novissimam,
2458 1848 2787 1907 praesentem
2810 1839 3003 1909 jubeat
3027 1840 3367 1894 sanctionem
3396 1856 3497 1895 cu-

205 1922 487 1990 praedicta
514 1930 661 1990 sunt,
695 1940 817 1993 qua:
839 1925 979 1980 Deus
1027 1925 1243 1996 quidem
1269 1926 1334 1981 ad
1355 1926 1571 1998 Moysen
1596 1927 1809 1982 locutus

212 2027 331 2081 est,
354 2014 566 2085 Moyses
617 2025 802 2070 autem
845 2017 1049 2083 Aaron,
1077 2026 1131 2072 et
1154 2017 1277 2072 ﬁliis
1300 2018 1438 2087 ejus,
1480 2029 1536 2073 et
1584 2018 1804 2089 populo,

214 2108 372 2163 sicut
394 2108 691 2164 ostendunt
719 2123 781 2163 ea
828 2124 949 2178 qure
978 2124 1125 2165 nunc
1173 2111 1312 2164 lecta
1343 2120 1489 2175 sunt,
1533 2110 1755 2165 tradidit
1791 2126 1805 2163 :

219 2214 341 2253 non
366 2198 566 2255 (rustra
600 2200 716 2255 hare
746 2201 863 2270 lege
886 2200 1275 2273 distinguente,
1305 2200 1402 2255 sed
1453 2209 1511 2254 ut
1562 2199 1811 2271 Moyseos

226 2293 545 2363 dignitatem
571 2295 1004 2362 commendaret,
1031 2304 1085 2350 et
1111 2295 1426 2349 ostenderet
1453 2306 1661 2365 aperte,
1681 2293 1810 2363 quia

237 2385 357 2439 aliis
384 2386 597 2455 quidem
626 2402 817 2456 pauca.
847 2387 949 2457 ipsi
981 2404 1109 2442 vero
1134 2388 1318 2443 omnia
1339 2386 1810 2457 Deusloqueretur

244 2486 459 2545 propter
483 2476 597 2545 ejus
634 2476 919 2545 justitiam,
952 2486 1007 2531 et
1057 2476 1344 2546 imaginem
1384 2490 1547 2545 quam
1591 2474 1811 2545 gerebat

249 2569 465 2623 Christi.
492 2568 746 2623 Similiter
779 2578 837 2623 et
872 2584 973 2625 nos
1012 2568 1214 2625 docens
1238 2569 1440 2623 habere
1456 2565 1811 2629 mentem,ad

242 2674 567 2731 quiscunque
587 2661 822 2729 majores
851 2669 907 2716 et
934 2660 1287 2731 perfectiores
1314 2658 1566 2723 dixerint,
1628 2657 1809 2712 scien-

236 2762 363 2822 tes,
439 2754 565 2824 quia
644 2756 901 2809 continue
980 2753 1082 2823 ipsi
1166 2768 1403 2824 superna
1490 2752 1810 2823 operatione

228 2847 510 2902 fruuntur.

838 2938 1067 2995 CAPUT
1092 2939 1259 2995 XXII.

302 3032 467 3089 Vens.
489 3034 595 3089 I-3.
635 3053 653 3086 ι
690 3032 929 3089 Locutus
943 3049 1158 3103 quoque
1186 3041 1271 3088 est
1296 3031 1557 3087 Dominus
1577 3030 1645 3086 ad
1662 3029 1811 3100 Moy-

221 3141 353 3190 sen,
390 3127 618 3181 dicens:
652 3126 898 3195 Loquere
950 3126 1019 3183 ad
1063 3126 1262 3188 Aaron,
1301 3134 1357 3181 et
1380 3125 1447 3179 ad
1478 3124 1618 3179 ﬁlios
1665 3123 1805 3193 ejus,
1835 3165 1877 3223 Ο

220 3228 289 3273 ιιι
319 3226 549 3273 caveant
603 3219 670 3273 ab
730 3219 959 3287 bisquze
1006 3225 1325 3272 consecrata
1391 3222 1521 3270 sunt
1575 3214 1808 3269 ﬁliorum

218 3312 425 3376 Israel,
447 3320 503 3365 et
540 3327 648 3365 non
687 3310 1062 3365 contaminent
1106 3323 1307 3364 nomen
1349 3306 1811 3362 sanctiﬁcatorum

219 3407 391 3470 mihi,
419 3422 539 3477 qua:
562 3407 662 3476 ipsi
693 3407 951 3463 offerunt.
985 3403 1095 3474 Ego
1141 3401 1419 3455 Dominus.
1472 3400 1569 3452 Dic
1595 3398 1661 3452 ad
1693 3412 1811 3459 eos,

220 3508 284 3555 et
310 3500 379 3554 ad
410 3510 654 3569 posteros
682 3516 869 3553 eorum
901 3517 915 3552 :
953 3496 1143 3553 Omnis
1184 3495 1347 3559 homo
1369 3493 1458 3562 qui
1520 3489 1813 3546 accesserit

218 3595 298 3649 de
322 3594 491 3663 stirpe
522 3601 722 3653 vestra.
750 3593 817 3646 ad
851 3607 914 3646 ea
942 3607 1062 3661 qua:
1089 3596 1405 3645 consecrata
1437 3594 1583 3648 sunt,
1623 3590 1678 3639 et
1693 3598 1813 3653 quae

220 3688 548 3742 obtulerunt
580 3687 672 3740 ﬁlii
702 3686 867 3739 Israel
899 3685 1143 3746 Domino,
1190 3683 1246 3737 in
1295 3696 1403 3750 quo
1452 3688 1537 3733 est
1572 3678 1814 3731 immun-

219 3778 391 3844 ditia,
432 3778 631 3847 peribit
658 3792 841 3831 coram
882 3775 1128 3829 Domino.
1157 3773 1268 3844 Ego
1299 3788 1421 3826 sum
1466 3769 1749 3823 Dominus.
1790 3785 1809 3817 ι

306 3869 446 3924 Nam
498 3868 891 3938 qualiscunque
933 3866 1166 3935 dignitas
1210 3862 1497 3918 sacerdotii
1521 3869 1623 3921 est.
1685 3858 1815 3915 huic

224 3961 383 4016 enim
404 3969 551 4013 sorte
574 3961 757 4013 datum
791 3968 892 4022 est,
928 3966 986 4012 ut
1013 3956 1275 4011 mediator
1302 3956 1374 4010 sit
1403 3955 1545 4009 inter
1570 3952 1740 4008 Deum
1758 3960 1816 4006 et

226 4050 507 4105 homines.
537 4049 599 4103 Et
629 4066 725 4119 per
753 4050 892 4103 hanc
936 4063 1106 4118 genus
1146 4056 1391 4100 nostrum
1441 4044 1683 4100 Creatori
1724 4058 1813 4097 re-

227 4140 576 4203 conciliatur,
612 4142 667 4193 in
699 4140 879 4210 lingua
904 4138 1241 4193 sacerdotum
1278 4151 1451 4190 nexus
1483 4133 1817 4190 etabsolutio

230 4241 547 4289 nostrorum
577 4240 921 4302 peccatorum
950 4230 1217 4286 consistit.
1237 4228 1486 4283 Ostendit
1506 4236 1688 4281 autem
1707 4223 1819 4278 Ma-

235 4325 443 4380 Iachias
465 4334 685 4393 quanta:
710 4322 992 4393 dignitatis
1016 4321 1377 4383 sitsacerdos,
1412 4328 1467 4373 et
1495 4334 1617 4388 quin
1649 4318 1718 4371 ab
1749 4331 1816 4370 eo

243 4427 519 4487 oporteant
545 4415 875 4485 exspectari.
902 4413 1042 4479 Quia
1068 4413 1262 4474 Labia,
1302 4411 1497 4480 inquit,
1529 4410 1817 4464 sacerdotis

1909 1924 2135 1980 stodire.
2198 1928 2395 1984 Dicens
2453 1939 2660 1997 autem,
2713 1932 2778 1985 de
2820 1932 2983 1999 stirpe
3014 1942 3206 1995 vestra,
3257 1933 3500 1987 ostendit

1909 2017 2054 2084 quod
2104 2034 2322 2088 semper
2350 2022 2632 2077 custodire
2676 2023 2780 2077 hoc
2830 2033 3083 2093 oporteat
3114 2034 3449 2094 praeceptum
3479 2043 3495 2079 :

1909 2119 1969 2164 ut
2016 2112 2110 2181 qui
2162 2114 2555 2169 immunditiam
2600 2120 2655 2171 in
2684 2119 2960 2189 semetipso
2990 2119 3140 2171 habet
3173 2119 3387 2185 animae,
3419 2117 3501 2172 sic

1908 2202 2056 2257 enim
2082 2202 2222 2260 LXX
2252 2206 2444 2271 edunt,
2474 2223 2582 2262 non
2624 2210 2801 2264 solum
2851 2210 3158 2264 ministerio
3184 2218 3238 2264 et
3273 2211 3500 2281 mystico

1909 2291 2085 2348 otIicio
2117 2310 2175 2349 se
2218 2296 2514 2364 abstineat,
2557 2301 2652 2354 sed
2686 2316 2789 2356 nec
2826 2309 3012 2372 tangat
3058 2318 3122 2354 ea
3158 2317 3280 2370 qua:
3315 2301 3498 2357 oblata

1909 2393 2060 2450 sunt,
2095 2400 2275 2456 neque
2307 2389 2376 2443 de
2403 2389 2484 2444 eis
2512 2400 2694 2445 sumat
2722 2409 2736 2445 :
2789 2393 3027 2447 mundus
3053 2392 3198 2447 enim
3233 2393 3302 2447 ad
3332 2410 3498 2447 mun-

1908 2476 1976 2531 da
2007 2477 2171 2533 debet
2205 2482 2491 2536 accedere.
2525 2481 2581 2536 Si
2626 2483 2748 2555 quis
2775 2492 2959 2538 autem
3002 2500 3114 2538 non
3150 2484 3230 2539 sic
3260 2486 3494 2549 accedit,

1911 2570 2110 2639 peribit
2135 2586 2321 2627 coram
2360 2574 2613 2641 Domino,
2641 2591 2968 2648 semperque
2992 2578 3139 2632 hunc
3167 2580 3311 2632 Deus
3341 2592 3497 2632 aver-

1910 2671 2085 2729 satur,
2131 2666 2283 2721 etab
2333 2667 2485 2722 omni
2533 2670 2750 2739 repellit
2778 2670 3201 2740 participatione
3260 2681 3316 2727 et
3340 2687 3490 2727 com—

1910 2756 2171 2812 munione
2202 2759 2449 2829 spiritus.
2483 2759 2598 2816 Hoc
2630 2771 2816 2817 autem
2850 2764 3112 2816 aversatio
3150 2764 3370 2833 proprie
3403 2764 3495 2819 hic

1910 2845 2249 2919 intelligitur,
2288 2850 2435 2918 quod
2466 2850 2608 2905 LXX
2632 2851 2845 2917 dicunt,
2880 2853 3060 2921 perire
3091 2869 3275 2908 coram
3306 2854 3491 2909 Domi-

1909 2956 2005 3006 no,
2031 2950 2170 2996 teste
2207 2941 2396 3006 David,
2436 2943 2529 3014 qui
2561 2945 2673 2998 ait:
2711 2945 2831 2999 Non
2878 2956 3089 2999 avertas
3133 2947 3322 3016 facient
3346 2956 3495 3000 tuam

1910 3050 1944 3087 a
1971 3051 2071 3100 me,
2100 3044 2149 3088 et
2192 3033 2453 3105 Spiritum
2479 3048 2721 3091 sanctum
2756 3048 2904 3093 tuum
2927 3056 2990 3093 ne
3023 3041 3240 3109 auferas
3262 3056 3294 3092 a
3323 3056 3404 3093 me
3428 3042 3491 3093 ιτ.

1911 3129 1972 3183 In
2002 3130 2086 3185 his
2119 3140 2301 3186 autem
2332 3148 2460 3187 vera
2489 3133 2689 3188 animae
2716 3133 2972 3203 perditio,
3013 3134 3131 3188 sive
3160 3132 3492 3187 extermina-

1914 3219 1987 3273 tio
2014 3230 2116 3284 est,
2152 3221 2203 3275 id
2234 3232 2318 3276 est
2363 3223 2471 3285 illa,
2522 3224 2591 3278 de
2626 3239 2734 3293 qua
2773 3223 3039 3278 Dominus
3084 3224 3140 3277 in
3189 3223 3498 3294 Evangeliis

1913 3312 2167 3369 dicebat:
2196 3314 2387 3369 Timete
2410 3333 2550 3380 eum,
2591 3317 2681 3385 qui
2716 3325 2882 3385 potest
2915 3326 2963 3368 et
3008 3317 3245 3368 animam
3287 3324 3335 3368 et
3375 3330 3497 3367 cor-

1910 3420 2007 3472 pus
2031 3410 2242 3475 perdere
2271 3407 2326 3459 in
2353 3408 2583 3478 gelienna
2607 3408 2671 3462 ⁸⁸.
2714 3408 2856 3478 Ergo
2911 3423 3033 3465 non.
3063 3408 3267 3461 frustra
3303 3406 3498 3460 subdi-

1913 3496 2032 3550 dit:
2066 3496 2180 3567 Ego
2219 3497 2490 3550 Dominus.
2535 3496 2641 3576 sed
2690 3496 3008 3558 ostendens.
3060 3497 3186 3566 quia
3239 3496 3332 3565 qui
3378 3496 3496 3549 haec

1915 3588 2084 3653 dicit,
2144 3590 2259 3659 ipse
2323 3597 2409 3642 est
2463 3587 2557 3657 qui
2611 3588 2762 3643 solus
2806 3589 3051 3643 animam
3105 3590 3335 3657 perdere
3394 3602 3495 3658 po-

1917 3690 2049 3736 test.

1992 3768 2153 3828 Vsus.
2184 3771 2303 3828 4P8.
2343 3791 2362 3823 ‹
2407 3770 2585 3826 Homo
2638 3770 2706 3825 de
2736 3768 2947 3823 semine
2971 3768 3174 3832 Aaron,
3210 3766 3300 3836 qui
3334 3767 3499 3820 fuerit

1915 3864 2184 3933 leprosus,
2220 3872 2314 3916 aut
2342 3862 2559 3932 patiens
2584 3860 2788 3915 ﬂuxum
2824 3858 3070 3919 seminis.
3105 3874 3216 3911 non
3248 3866 3498 3911 vescetur

1915 3956 1982 4010 de
2022 3954 2106 4007 bis
2139 3968 2261 4021 quae
2299 3952 2635 4006 sanctiﬁcata
2668 3959 2797 4005 sunt
2838 3951 2996 4014 mihi,
3046 3952 3221 4005 donec
3248 3958 3495 4006 sanetur.

1916 4045 2019 4112 Qui
2067 4046 2306 4115 tetigerit
2339 4045 2681 4098 immundum
2713 4058 2879 4112 super
2915 4050 3157 4109 mortuo,
3205 4052 3261 4096 et
3289 4058 3353 4097 ex
3390 4059 3499 4112 quo

1915 4137 2226 4208 egredietur
2254 4151 2438 4190 semen
2477 4135 2632 4205 quasi
2658 4135 2857 4198 coitus,
2880 4142 2935 4188 et
2960 4135 3052 4203 qui
3085 4134 3258 4205 tangit
3280 4134 3495 4203 reptile,

1916 4238 1973 4283 et
2004 4228 2285 4297 quodlibet
2328 4227 2672 4281 immundum
2702 4226 2860 4295 cujus
2899 4235 3076 4280 tactus
3099 4235 3182 4280 est
3220 4226 3496 4291 sordidus.

1918 4320 2232 4374 immundus
2270 4319 2375 4373 erit
2413 4333 2584 4386 usque
2632 4318 2699 4371 ad
2735 4332 3047 4387 vesperum,
3084 4326 3139 4371 et
3172 4333 3279 4371 non
3314 4332 3499 4385 vesce-

1921 4420 2007 4465 tur
2035 4411 2102 4464 de
2137 4411 2223 4464 his
2263 4425 2383 4478 quae
2436 4408 2777 4463 sanctiﬁcata
2807 4416 2953 4462 sunt.
3004 4407 3110 4461 Sed
3140 4423 3264 4461 cum
3305 4407 3499 4462 laverit

240 4509 532 4564 custodiunt
560 4507 856 4564 scientiam.
881 4515 928 4557 et
963 4504 1124 4574 legem
1157 4503 1436 4572 exquirunt
1468 4516 1531 4553 ea:
1552 4516 1641 4552 ore
1666 4499 1803 4568 ejus,
1846 4509 1888 4562 1)
1917 4519 2138 4558 carnem
2177 4519 2329 4557 suam
2364 4520 2521 4571 aqua,
2560 4511 2615 4556 et
2640 4502 2965 4556 occubuerit
3007 4501 3109 4566 sol,
3168 4512 3300 4557 tunc
3340 4519 3497 4557 mun-

232 4602 364 4671 quia
386 4600 602 4672 angelus
633 4599 843 4652 Domini
901 4598 1226 4651 exercituum
1283 4604 1355 4647 est
1396 4592 1461 4649 ⁵⁸.
1523 4590 1817 4661 Propterea

226 4710 360 4750 eum
385 4695 469 4747 his
486 4708 605 4762 qua;
633 4701 759 4745 ante
775 4689 981 4744 sancita
1015 4695 1143 4741 sunt
1159 4685 1225 4739 de
1242 4682 1637 4748 sacerdotibus,
1654 4682 1817 4735 etiam

226 4791 353 4845 haec
376 4789 659 4859 praecepit.

304 4881 543 4935 Caveant
572 4881 636 4933 ab
661 4879 738 4932 his
751 4893 867 4949 qua:
892 4884 1197 4929 consecrata
1221 4882 1342 4926 sunt
1376 4872 1610 4939 ﬁliorum
1628 4870 1815 4928 Israel,

220 4982 281 5027 et
314 4989 418 5025 non
438 4972 791 5025 contaminent
828 4984 1015 5022 nomen
1043 4966 1496 5034 sanctiﬁcatorum
1523 4964 1670 5024 mihi,
1704 4978 1820 5033 qua:

220 5066 335 5133 ipsi
363 5065 606 5133 offerunt.
635 5061 690 5115 Si
726 5070 908 5118 autem
942 5059 1031 5115 isti
1082 5056 1545 5119 abominabiliter,
1576 5064 1630 5108 et
1670 5055 1819 5107 inor-

223 5157 441 5221 dinate,
472 5168 525 5211 et
548 5165 699 5210 extra
718 5170 935 5208 onmem
1008 5151 1416 5223 religiositatem
1447 5146 1635 5218 populi
1664 5147 1819 5201 obla-

225 5250 503 5310 tionibus,
535 5258 591 5302 et
622 5247 705 5300 bis
735 5262 856 5315 qua:
880 5259 1208 5315 quocunque
1266 5241 1427 5294 modo
1484 5237 1815 5292 sanctiﬁcata

224 5340 561 5404 oﬁ'eruntur,
602 5338 979 5393 contaminant
1026 5352 1226 5391 nomen
1287 5332 1752 5388 sanctiﬁcatormn
1799 5350 1811 5385 :

228 5434 353 5489 sive
381 5434 681 5488 secundum
711 5430 871 5491 LXX.
918 5445 1104 5481 nomen
1153 5438 1396 5480 sanctum
1446 5426 1539 5479 Dei
1576 5424 1812 5495 primum

230 5524 459 5594 quidem
491 5526 687 5594 ipsum,
724 5520 895 5589 utqui
930 5534 1025 5572 eos
1085 5519 1221 5573 tales
1283 5519 1508 5589 elegerit
1556 5517 1812 5587 blasphe-

234 5632 391 5674 mare
415 5617 596 5680 faciet,
621 5616 813 5671 deinde
837 5621 890 5667 et
940 5611 1199 5681 populum
1229 5610 1505 5665 offendere
1532 5611 1585 5664 in
1606 5610 1809 5667 sanctis

310 5795 355 5829 “
374 5794 400 5854 Ι
421 5793 562 5851 Tim.
590 5808 668 5857 lu,
691 5793 743 5845 7.
819 5793 862 5822 ⁸⁵
888 5790 1077 5844 Matth.
1102 5808 1152 5853 v,
1188 5788 1275 5841 48.
1336 5789 1380 5819 “
1410 5787 1637 5841 Malach.
1663 5802 1723 5849 ιι,
1756 5784 1807 5840 7.

620 5890 891 5950 PATROL.
933 5886 1053 5949 Gn.
1100 5883 1321 5948 XCIII.

1886 5785 1929 5816 ⁸⁷
1970 5784 2112 5838 I’sal.
2152 5799 2204 5849 1.,
2241 5784 2323 5838 15.

1919 4596 2079 4648 datus
2103 4604 2353 4648 vescetur
2381 4594 2449 4647 de
2472 4593 2846 4657 sanctiﬁcatis,
2877 4593 3003 4661 quia
3027 4594 3183 4647 cibus
3219 4593 3366 4649 illius
3390 4604 3494 4648 est.

1919 4686 2262 4741 Mortieinum
2295 4693 2349 4740 et
2370 4695 2587 4754 captum
2624 4701 2655 4739 a
2688 4685 2861 4739 bestia
2892 4700 3001 4738 non
3049 4684 3358 4747 comedent.
3398 4700 3500 4739 nec

1920 4781 2232 4850 polluentur
2258 4779 2313 4832 in
2342 4779 2443 4831 eis.
2484 4780 2594 4847 Ego
2629 4793 2749 4831 sum
2787 4777 3072 4830 Dominus.
3122 4796 3141 4829 ι

1991 4874 2162 4941 Cujus
2217 4872 2435 4941 quidem
2498 4872 2747 4941 leprosus
2792 4868 3288 4940 signiﬁcationem,
3343 4870 3499 4939 cujus

1920 4971 2103 5017 autem
2159 4962 2386 5016 seminis
2441 4959 2645 5014 ﬂuxum
2690 4961 2905 5029 patiens
2953 4967 3125 5029 gerat,
3156 4960 3252 5013 sed
3287 4968 3342 5012 et
3373 4960 3499 5029 quis

1920 5058 2125 5109 ﬂuxum
2186 5054 2415 5108 seminis
2457 5069 2554 5122 per
2597 5052 2868 5106 somnium
2918 5052 3179 5121 patiatur,
3212 5062 3268 5106 et
3294 5053 3499 5123 polluat

1923 5162 2072 5208 eum,
2105 5147 2174 5200 de
2209 5163 2316 5212 quo
2344 5146 2481 5209 ﬂuit,
2522 5146 2647 5214 quis
2676 5146 2747 5197 sit
2787 5143 2879 5213 qui
2911 5153 3141 5214 tangens
3178 5147 3369 5215 reptile
3394 5146 3499 5199 im-

1924 5238 2188 5292 mundum
2222 5237 2508 5307 polluitur,
2558 5235 2740 5289 omnia
2789 5234 2945 5287 nobis
2979 5245 3034 5289 et
3072 5237 3371 5290 secundum
3407 5250 3498 5288 or-

1922 5331 2105 5385 dinem
2140 5332 2413 5400 superius.
2442 5330 2494 5382 in
2527 5328 2751 5397 hisquae
2782 5327 2849 5381 ad
2881 5327 2998 5381 haec
3022 5329 3321 5397 pertinent,
3356 5329 3495 5381 dicta

1921 5433 2073 5477 sunt.
2118 5422 2409 5477 Praesentis
2440 5432 2621 5475 autem
2665 5420 2798 5490 legis
2829 5419 3067 5473 intentio
3103 5435 3230 5473 vere
3257 5419 3495 5472 admira-

1919 5516 2062 5579 bilis,
2104 5524 2160 5569 et
2199 5515 2448 5569 lidelibus
2488 5513 2637 5567 omni
2688 5513 2935 5567 custodia
2963 5512 3124 5583 digna
3161 5520 3263 5565 est.
3300 5511 3499 5566 Come-

1918 5610 2049 5663 dere
2082 5609 2230 5662 enim
2262 5617 2450 5661 sancta
2485 5606 2720 5676 pollutus
2753 5620 2925 5674 usque
2966 5604 3094 5659 dum
3131 5600 3497 5669 mundentur,

2400 5784 2443 5815 ⁶⁸
2473 5780 2663 5837 Matth.
2686 5798 2739 5848 χ,
2770 5780 2859 5836 28.

3065 5864 3141 5929 34
