4032 6410
689 298 822 365 1067

1890 296 2253 359 HESYCHII
2296 295 2777 359 PRESBYTERI

3753 310 3847 376 lilii

682 432 792 471 non
847 416 982 481 vult,
1028 417 1122 472 sed
1174 431 1276 471 nec
1314 415 1540 470 omnino
1572 429 1667 469 eos
1717 429 1816 484 per
1864 414 2257 470 abstinentiam
2292 419 2334 476 Α
2366 414 2546 483 prosis
2594 414 2737 468 dicta
2779 420 2929 476 sunt,
2982 422 3037 468 et
3086 413 3309 468 seminis
3343 414 3540 469 [tantm
3566 421 3851 491 patientibus.

681 511 994 579 prohibere.
1030 510 1322 579 Pr0pterea
1355 525 1504 573 eum,
1539 510 1629 578 qui
1657 524 1765 561 uno
1790 507 2032 577 quolibet
2062 509 2255 562 horum

680 603 920 672 pollutus
951 613 1052 665 est,
1088 604 1177 658 hic
1201 603 1542 656 enumeravit
1572 602 1910 656 immundum
1943 617 2064 656 esse
2088 616 2258 669 usque

680 695 746 749 ad
773 711 1079 765 vesperum.
1116 697 1301 750 dicens
1327 713 1339 747 :

750 787 868 843 Non
924 797 1152 842 vescetur
1181 789 1244 840 de
1275 787 1375 847 his.
1423 803 1539 857 qua:
1589 788 1919 856 sanctiﬁcata
1955 798 2107 841 sunt:
2169 790 2256 841 sed

679 892 798 929 cum
840 877 1025 930 laverit
1078 892 1288 929 carnem
1331 893 1485 929 suam
1517 893 1681 943 aqua,
1720 887 1769 931 et
1799 878 2099 930 occubuerit
2154 877 2252 931 sol.

677 967 977 1039 Vesperum
1025 977 1080 1022 et
1129 984 1382 1023 occasum
1414 969 1567 1033 solis,
1605 968 2029 1039 paenitentiam;
2059 984 2253 1038 aquam

674 1078 807 1118 vero
837 1077 942 1131 qua
972 1077 1091 1115 eam
1124 1061 1289 1125 lavet,
1324 1061 1617 1132 lacrymam
1647 1062 1837 1116 dicens
1864 1080 1876 1115 :
1927 1063 1995 1117 de
2030 1079 2136 1131 qua
2171 1062 2255 1117 di-

672 1155 751 1207 xit
788 1151 950 1206 David
983 1172 994 1205 :
1027 1150 1234 1205 Lavabo
1256 1151 1595 1222 persingulas
1629 1161 1800 1205 noctes
1825 1152 2011 1205 lectum
2039 1170 2254 1207 meum:

675 1243 921 1313 lacrymis
948 1253 1173 1297 stratum
1210 1261 1379 1296 meum
1408 1243 1588 1313 rigabo
1613 1246 1679 1297 θ’.
1738 1245 2095 1299 ldem‘autem
2131 1259 2253 1301 ves-

673 1351 879 1405 peram.
922 1335 1002 1388 sic
1054 1335 1210 1389 nobis
1244 1335 1644 1405 paenitentiam,
1688 1348 1743 1390 et
1789 1338 2045 1408 gaudium
2087 1355 2150 1393 ex
2188 1353 2252 1392 ea

672 1426 999 1497 signiﬁcavit
1029 1447 1041 1480 :
1081 1428 1161 1479 Ad
1188 1443 1459 1496 vesperum
1487 1428 1847 1482 demorabitur
1892 1432 2068 1499 ﬂetus,
2104 1441 2151 1484 et
2182 1432 2252 1483 ad

671 1521 991 1592 matutinum
1043 1520 1315 1572 lcetitia".
1375 1519 1606 1584 Quando
1658 1534 1788 1590 ergo
1827 1521 2079 1592 lacrymis
2129 1523 2252 1592 quis

669 1589 1004 1679 poeriitentiae
1050 1611 1270 1665 ablutus
1317 1610 1481 1664 fuerit
1510 1652 1524 1675 ,
1574 1619 1704 1666 tunc
1732 1589 1953 1667 sancta-
1979 1589 2247 1679 comedet,

667 1701 791 1771 quia
827 1702 980 1770 panis
1015 1703 1134 1771 ejus
1185 1710 1269 1755 est
1294 1701 1403 1762 ille,
1452 1702 1519 1757 de
1546 1717 1654 1772 quo
1700 1704 1959 1759 Dominus
1987 1704 2038 1758 in
2068 1704 2249 1760 Evan-

668 1794 821 1861 geliis
880 1793 1093 1847 dicebat
1125 1810 1137 1845 ε
1174 1792 1239 1845 Et
1296 1794 1448 1861 panis
1492 1811 1645 1864 quem
1680 1811 1772 1864 ego
1796 1795 1950 1859 dabo,
1981 1812 2105 1848 caro
2134 1814 2248 1852 mea

667 1886 827 1939 est".
873 1885 1024 1950 Quod
1057 1894 1110 1938 et
1148 1901 1294 1940 nunc
1348 1886 1502 1955 panis
1550 1888 1870 1941 memoriam
1922 1886 2147 1952 faciens,
2198 1899 2252 1943 et

666 1992 805 2047 quos
858 1984 1112 2047 oporteat
1167 1977 1235 2031 de
1286 1992 1353 2032 eo
1408 1977 1699 2033 comedere
1730 1979 2096 2049 distinguens,
2149 1982 2248 2036 ad-

665 2071 843 2125 didit:

734 2162 1074 2215 Morticinum
1103 2173 1151 2215 et
1189 2172 1399 2230 captum
1444 2180 1477 2215 ιι
1514 2164 1676 2216 bestia
1719 2180 1820 2217 non
1852 2165 2117 2218 comedent
2159 2181 2250 2218 nec

665 2255 966 2324 polluantur
1014 2255 1068 2306 in
1099 2255 1193 2307 eis.
1223 2254 1334 2324 Ego
1367 2271 1482 2308 sum
1526 2254 1801 2308 Dominus.
1836 2257 1909 2311 Ut
1954 2257 2059 2312 hoc
2101 2259 2247 2327 quod

668 2349 874 2401 dictum
918 2355 1038 2400 est:
1075 2347 1185 2416 Ego
1220 2345 1496 2410 Dominus,
1554 2363 1677 2402 cum
1717 2349 1930 2413 audias,
1976 2349 2248 2421 intelligas

669 2440 817 2493 hunc
848 2440 1118 2493 dicentem
1142 2458 1155 2493 :
1186 2439 1296 2509 Ego
1326 2456 1441 2493 sum
1472 2442 1646 2508 panis,
1675 2443 1766 2511 qui
1793 2443 1856 2496 de
1881 2443 2005 2497 coelo
2034 2446 2247 2498 descen-

666 2533 805 2585 di".
838 2532 944 2587 Per
990 2531 1340 2586 morticinum
1372 2540 1581 2596 autem,
1613 2543 1669 2588 et
1694 2550 1723 2588 a
1754 2533 1927 2589 bestia
1963 2547 2245 2606 captorum

656 2624 1115 2695 prohibitionem,
1148 2641 1257 2679 non
1286 2636 1541 2695 oportere
1573 2642 1778 2682 mensa:
1823 2628 2159 2699 participari,
2191 2640 2247 2685 et

652 2734 866 2773 mensa:
904 2719 1303 2774 daemoniorum
1358 2721 1653 2790 praecepit;
1689 2722 1745 2775 in
1786 2722 1890 2776 this
1917 2725 2063 2776 enim
2116 2732 2246 2778 sunt

662 2827 791 2865 vere
834 2813 1147 2877 morticina,
1201 2822 1255 2867 et
1287 2828 1317 2866 a
1344 2813 1537 2867 bestiis
1578 2824 1759 2884 capta.
1811 2814 1949 2881 Quia
1984 2816 2133 2870 enim
2166 2816 2244 2871 si-

648 2904 774 2957 mul
830 2918 1074 2968 sanctus,
1119 2905 1279 2958 simul
1310 2915 1364 2959 et
1396 2906 1633 2960 nutritor
1664 2907 1988 2962 substantia:
2042 2917 2244 2964 nostrae

666 2995 1020 3066 intelligihilis
1053 2997 1347 3065 praedictus
1383 2998 1542 3066 panis
1576 3007 1679 3062 est,
1718 3013 1819 3052 nec
1843 3000 2087 3068 pollutus
2115 3017 2239 3055 eum

660 3088 949 3156 percipere
982 3090 1260 3158 praecepit,
1296 3105 1396 3143 nec
1427 3105 1618 3145 rursus
1640 3091 1932 3146 mundatos
1963 3092 2240 3162 prohiberi
2270 3109 2313 3168 ρ

664 3183 798 3235 vult.
847 3180 1148 3250 Utrumque
1186 3183 1335 3236 enim
1379 3182 1538 3251 plane
1589 3192 1644 3238 et
1688 3183 1891 3238 Paulus
1932 3185 2190 3254 praecepit
2226 3202 2238 3237 :

662 3272 963 3343 Quicunque
1018 3276 1157 3328 enim
1204 3275 1439 3329 comedet
1491 3293 1716 3346 panem,
1771 3287 1819 3331 et
1862 3277 1996 3331 bibet
2026 3278 2243 3331 calicem

646 3367 879 3419 t'Domini
908 3364 1163 3438 indigne,’
1194 3385 1314 3422 reus
1346 3370 1444 3423 erit
1486 3372 1716 3441 corporis
1751 3381 1798 3425 et
1828 3371 2100 3443 sanguinis
2134 3369 2243 3424 Do-

661 3459 876 3514 mini".
914 3457 1051 3513 Ecce
1082 3460 1182 3513 iste
1213 3470 1298 3514 est
1335 3461 1571 3529 pollutus
1609 3471 1663 3517 et
1716 3462 2049 3518 immundus.
2086 3463 2242 3519 Hunc

642 3552 805 3605 «enim
842 3551 1101 3621 intelligis
1140 3554 1457 3609 omnimodo
1500 3555 1723 3626 indigne
1777 3556 2179 3623 comedentem,
2209 3573 2239 3612 a

660 3653 971 3696 sanctorum
1007 3643 1342 3712 prohibitum
1388 3646 1823 3715 participatione.
1869 3647 2009 3713 Quid
2056 3658 2238 3703 autem

658 3735 745 3788 his
802 3736 1050 3789 addidit?
1088 3734 1272 3791 Probet
1305 3749 1482 3791 autem
1543 3756 1597 3792 se
1634 3739 1808 3801 homo.
1839 3749 1887 3794 et
1914 3741 1990 3794 sic
2015 3744 2078 3795 de
2102 3759 2239 3811 pane

656 3826 748 3880 illo
774 3828 915 3892 edat,
952 3838 999 3881 et
1016 3828 1088 3882 de
1112 3829 1276 3883 calice.
1297 3830 1513 3885 bibat“.
1535 3831 1637 3897 Qui
1661 3842 1846 3887 autem
1877 3837 2236 3905 semetipsum

638 3919 869 3987 probat.
934 3919 976 3973 si
1042 3922 1249 3991 peccati
1310 3922 1410 3975 sibi
1474 3924 1729 3977 conscius
1755 3934 1862 3988 est,
1894 3934 1949 3979 et
1981 3925 2238 3995 pollutio-

654 4024 779 4062 nem
815 4009 1012 4065 animte
1052 4026 1110 4065 se
1157 4010 1361 4065 habere
1409 4011 1594 4076 sentit,
1629 4012 1860 4080 poenitet
1891 4013 2011 4067 sine
2043 4014 2230 4068 dubio.

655 4100 722 4155 Et
751 4112 870 4169 post
903 4104 1283 4170 pmriitentiam
1317 4105 1385 4158 de
1420 4120 1561 4174 pane
1602 4105 1921 4172 comedere,
1956 4114 2012 4160 et
2045 4106 2234 4160 bibere

630 4209 846 4246 rursus
880 4195 946 4248 de
976 4195 1146 4248 calice
1182 4204 1372 4249 sancto
1417 4204 1473 4250 et
1508 4196 1809 4266 ‘impolluto
1832 4205 2038 4266 potest.
2075 4195 2231 4263 Quod

632 4294 834 4340 autem
872 4286 1186 4356 frequenter
1215 4288 1282 4342 de
1322 4288 1425 4343 hac
1491 4290 1775 4343 sanctione
1832 4289 2091 4353 diximus,
2125 4289 2232 4344 dici

651 4388 705 4431 et
731 4394 877 4433 nunc
906 4382 1274 4434 necessarium
1299 4392 1402 4447 est,
1427 4382 1646 4452 prodest
1674 4384 1820 4436 enim
1853 4383 2223 4448 audientibus,

650 4472 702 4524 id
734 4480 835 4525 est.
868 4472 992 4540 quia
1040 4473 1285 4541 leprosos
1332 4483 1384 4528 et
1429 4474 1655 4528 seminis
1710 4473 1916 4527 ﬂuxum
1954 4473 2226 4543 patientes

648 4564 938 4617 sensibiles
986 4564 1258 4634 lcgislator
1291 4581 1401 4619 non
1437 4565 1806 4631 abominetur,
1839 4580 2021 4635 neque
2076 4565 2224 4619 enim

646 4656 975 4718 voluntarie,
1032 4658 1124 4710 sed
1184 4658 1341 4711 inviti
1395 4659 1536 4711 hanc
1579 4658 1889 4728 passionem
1930 4656 2224 4723 sustinent,

646 4748 738 4800 sed
807 4764 901 4802 eos
958 4749 1047 4817 qui
1096 4750 1332 4803 animam
1378 4751 1688 4820 'Ieprosam,
1751 4757 1846 4804 aut
1900 4749 2101 4803 ﬂuxum
2134 4764 2224 4804 se-

645 4840 806 4894 minis
839 4842 1134 4909 patientem
1170 4842 1393 4897 habent.
1428 4841 1725 4913 Propterea
1760 4842 1989 4898 dicens:

716 4930 988 4997 Leprosus,
1021 4942 1069 4984 et
1102 4933 1303 5001 ﬂuxum
1329 4935 1541 4988 seminis
1570 4937 1796 5002 patiens,
1833 4954 1936 4991 non
1962 4950 2217 5006 vescetur,

643 5022 804 5075 donec
833 5034 1068 5078 sanetur.
1103 5022 1387 5089 Quomodo
1422 5035 1699 5097 oporteret
1725 5029 1827 5084 hoc
1855 5030 2104 5105 intelligi,
2140 5035 2223 5088 itt-

642 5122 948 5183 terpretans
981 5116 1228 5171 addidit:
1276 5117 1377 5183 Qui
1418 5120 1645 5187 tetigerit
1686 5120 2016 5177 immundum
2062 5142 2221 5195 super

642 5219 925 5272 mortuum,
952 5208 1065 5263 sive
1085 5212 1384 5265 secundum
1410 5210 1572 5277 LXX,
1593 5228 1797 5267 omnem
1824 5216 2218 5271 immunditiam

640 5300 867 5361 anima’,‘
914 5301 1275 5356 immunditiue
1309 5312 1491 5357 autem
1532 5304 1751 5367 animae,
1798 5317 2019 5375 peccata
2062 5324 2214 5376 sunt,

547 5418 551 5422 -
636 5405 865 5455 quarum
924 5392 1169 5460 quadam
1240 5392 1469 5460 leprosze
1527 5401 1678 5459 sunt,
1731 5395 2213 5463 qumdamﬂuxum

636 5478 863 5533 seminis
892 5480 1183 5551 patientes,
1233 5480 1376 5535 sicut
1405 5498 1434 5536 a
1469 5483 1648 5549 nobis,
1683 5484 1736 5538 in
1767 5485 1853 5540 his
1879 5502 1999 5556 quae
2033 5488 2100 5543 de
2136 5489 2214 5545 le-

2362 505 2722 575 approbatum
2757 514 2858 560 est.
2905 506 2968 561 Et
2999 522 3190 561 rursus
3218 506 3406 561 dicens
3434 529 3445 560 :

2430 600 2500 650 Et
2522 613 2585 650 ea:
2598 613 2699 667 quo
2724 599 3017 667 egredietur
3030 614 3201 651 semen
3223 600 3371 667 quasi
3394 600 3567 661 coitus,
3585 614 3628 655 et
3646 607 3721 671 qui
3741 618 3859 678 tanp't

2362 688 2545 756 reptile
2570 697 2619 742 et
2643 689 2904 758 quodlibet
2926 690 3279 744 immundum.
3303 691 3455 759 cujus
3485 702 3641 746 tactus
3663 708 3723 749 est
3739 706 3863 755 sardi.

2360 780 2479 832 dus.
2514 779 2581 834 Ut
2612 780 2706 834 tibi
2732 780 2896 834 etiam
2932 781 3095 849 hujus
3151 781 3528 835 manifestaret
3576 784 3865 857 intellectum,

2359 882 2758 942 consequenter
2808 874 3110 927 secundum
3173 873 3317 927 LXX
3364 876 3599 928 addidit:
3628 878 3714 930 Aut
3744 898 3865 949 supra

2356 965 2638 1028 hominem,
2666 966 2721 1018 in
2763 982 2865 1035 quo
2894 966 3189 1036 inquinavit
3224 966 3395 1029 illum,
3424 971 3685 1023 secundum
3716 991 3867 1029 omnem

2355 1057 2748 1111 immunditiam
2784 1058 2969 1128 ipsius.
3038 1060 3118 1112 Ad
3156 1075 3487 1128 quamquam
3542 1062 3708 1115 horam
3756 1082 3865 1122 extra
3935 1057 3937 1113 ἶ

2356 1148 2594 1202 animam
2634 1149 3039 1203 immunditiam
3102 1159 3196 1203 aut
3268 1151 3619 1219 pollutionem
3680 1159 3863 1214 tradidit.

2358 1243 2463 1298 Sed
2502 1254 2559 1299 ut
2598 1243 3013 1314 intelligibiliter
3038 1245 3299 1315 accipias,
3335 1262 3459 1316 qua:
3487 1248 3598 1316 ipse
3630 1256 3863 1309 secundum

2355 1337 2591 1391 litteram
2658 1345 2883 1407 propter
2946 1337 3260 1393 Judaeorum
3343 1341 3601 1394 duritiam
3659 1353 3861 1413 exposuit,

2354 1438 2639 1497 propterea
2680 1429 2949 1483 subinl‘ert
2980 1430 3113 1492 haec,
3141 1446 3204 1484 ex
3237 1432 3437 1500 quibus
3482 1434 3862 1503 signiﬁcationem

2355 1520 2451 1573 tibi
2479 1520 2570 1574 det
2620 1521 3027 1590 contemplativi
3076 1522 3320 1591 spiritus.
3362 1524 3500 1578 Illud
3531 1537 3697 1579 autem
3721 1531 3861 1583 uitelli-

2352 1627 2481 1681 gere
2535 1613 2631 1667 tibi
2685 1615 2918 1667 maxime
2972 1616 3211 1669 mandati
3263 1617 3432 1685 hujus
3493 1617 3622 1688 legis
3666 1622 3777 1675 utile
3812 1638 3864 1679 est

2353 1714 2517 1775 atque
2562 1706 2779 1775 iuvans,
2821 1707 2968 1776 quod
3004 1723 3116 1762 non
3151 1708 3297 1763 solos
3354 1711 3681 1777 sacerdotes,
3725 1718 3797 1770 sed
3828 1732 3859 1773 et

2354 1807 2546 1849 omnes
2604 1794 3001 1858 ministrantes,
3046 1812 3153 1851 non
3216 1813 3555 1864 praesumere
3610 1802 3719 1856 sine
3761 1818 3861 1857 metu

2356 1881 2679 1939 Sanctorum
2710 1886 3111 1955 perceptionem
3145 1889 3290 1950 vult,
3336 1890 3643 1961 intuerique
3670 1896 3860 1949 traditam

2352 1988 2382 2027 a
2417 1973 2533 2044 lege
2567 1976 3001 2042 distinctionem,
3029 1994 3149 2047 qua:
3190 1980 3525 2048 paenitentes
3548 1983 3744 2050 quidem
3770 2002 3861 2053 pra-

2350 2065 2588 2135 cepitad
2617 2078 2804 2121 sancta
2833 2070 3116 2132 accedere,
3158 2080 3285 2125 ante
3331 2081 3517 2125 autem
3557 2075 3860 2143 paenitentiam

2351 2156 2625 2224 prohibet.
2663 2158 2767 2223 Qui
2803 2168 2985 2213 autem
3014 2175 3080 2214 ex
3119 2162 3329 2216 semine
3370 2174 3499 2217 sunt
3527 2167 3694 2219 Aaron
3724 2182 3857 2221 sacer-

2349 2248 2514 2311 dotis,
2545 2251 2806 2319 quoniam
2834 2252 3116 2307 Christum
3150 2269 3271 2308 esse
3311 2266 3562 2309 nostrum
3590 2260 3857 2314 sacerdotem

2348 2343 2606 2407 didicisti,
2640 2354 2696 2400 et
2730 2346 2895 2416 hujus
2925 2345 3153 2417 ﬁguram
3187 2349 3372 2401 Aaron
3422 2364 3628 2418 gerere,
3669 2352 3769 2404 illos
3805 2358 3854 2405 in.

2349 2436 2557 2507 te'lliges
2612 2437 2732 2492 sine
2788 2438 2969 2508 aliqua
3029 2440 3328 2503 dubietate,
3413 2424 3506 2509 qui
3581 2442 3853 2510 baptismatis

2348 2529 2692 2598 adoptionem
2726 2530 2950 2595 habent,
2982 2540 3037 2585 et
3075 2547 3283 2595 semen,
3338 2536 3657 2603 cegnatique
3687 2538 3847 2603 ejtts,t‘l

2346 2636 2511 2677 omne
2542 2624 2685 2691 quod
2719 2623 2926 2678 dixeris
2966 2625 3032 2679 ad
3079 2625 3531 2695 conjunctionem
3584 2627 3711 2695 ejus,
3755 2640 3851 2682 νεαρ

2346 2715 2713 2785 appellantur.
2738 2716 2892 2771 Unde
2914 2727 2970 2771 et
2998 2735 3159 2788 genus
3188 2718 3433 2781 electum,
3458 2730 3512 2773 et
3533 2722 3695 2790 regale
3717 2739 3849 2776 sacer-

2345 2809 2569 2874 dotium,
2596 2820 2652 2864 et
2676 2826 2799 2880 gens
2826 2824 3013 2864 sancta
3033 2812 3098 2876 ⁷⁸,
3138 2822 3367 2882 pr0pter
3398 2816 3752 2879 cognationem
3770 2818 3849 2882 ejus

2344 2900 2710 2970 appellantur.
2740 2903 2822 2956 Ad
2850 2919 2989 2973 quos
3019 2919 3151 2975 ergo
3185 2918 3241 2959 et
3270 2922 3397 2976 quae
3436 2911 3845 2977 sequunturdicit:

2420 2991 2579 3047 Vens.
2640 2994 2692 3047 9.
2753 3013 2770 3044 ε
2837 2992 3162 3050 Custodient
3210 3009 3492 3067 praecepta
3544 3015 3651 3053 mea
3702 3014 3846 3053 utnon

2345 3085 2667 3153 subjaceant
2729 3095 2972 3155 peccato,
3027 3099 3079 3142 et
3134 3091 3444 3144 moriantur
3502 3091 3554 3145 in
3599 3095 3846 3146 sanctuario

2345 3189 2467 3227 cum
2505 3176 2818 3245 polluerunt
2874 3177 3028 3233 illud.
3066 3179 3180 3251 Ego
3224 3182 3494 3236 Dominus
3523 3184 3611 3253 qui
3639 3186 3847 3238 sanctiﬁco

2344 3264 2486 3319 illos.
2523 3285 2542 3318 ι

2414 3361 2557 3433 Ergo
2612 3370 2882 3431 praecepta
2939 3363 3175 3429 Domini,
3224 3364 3277 3417 id
3328 3376 3417 3419 est
3462 3365 3569 3431 lex,
3617 3367 3844 3420 custodiam

2341 3449 2666 3513 districtam,
2699 3459 2755 3504 et
2781 3451 3147 3506 obedientiam
3208 3454 3737 3525 intransgressibilem
3775 3474 3839 3509 ne-

2341 3540 2639 3595 cessariam
2666 3541 2949 3606 habentia,
2981 3544 3123 3597 sicut
3149 3544 3570 3613 perﬁcientibus
3591 3563 3667 3607 ea,
3694 3558 3737 3600 et
3756 3564 3841 3602 san-

2340 3633 2711 3697 ctiﬁcationis,
2745 3643 2801 3688 et
2825 3634 3234 3705 justiﬁcationis
3276 3648 3333 3693 et
3384 3640 3573 3695 salutis
3601 3656 3735 3695 causa
3760 3640 3832 3693 clli-

2339 3723 2583 3789 ciuntur,
2631 3723 2711 3779 sic
2737 3727 2948 3795 peccati
2997 3735 3052 3782 et
3099 3728 3291 3783 mortis
3353 3732 3823 3801 transgredientibus:

2338 3818 2481 3887 quod
2519 3818 2571 3872 in
2602 3820 2751 3873 omni
2773 3820 2992 3889 quidem
3023 3830 3108 3875 est
3129 3822 3267 3889 lege,
3301 3833 3361 3877 et
3386 3824 3439 3877 in
3469 3825 3613 3879 omni
3634 3823 3812 3883 inaudito,

2338 3911 2512 3965 multo
2566 3912 2739 3981 magis
2800 3920 2979 3967 tamen
3037 3914 3091 3967 in
3151 3914 3485 3971 Sanctorum
3546 3917 3817 3987 perceptione.

2338 4002 2580 4074 Quisquis
2601 4006 2740 4058 enim
2762 4008 2831 4059 ad
2859 4023 2942 4067 ea,
2974 4017 3123 4061 extra
3166 4026 3325 4079 quam
3366 4022 3584 4080 oportet,
3617 4010 3825 4065 arcesserit.

2328 4097 2591 4164 judicium
2639 4100 2735 4151 sibi
2797 4102 2955 4153 sumit
2991 4110 3038 4154 et
3100 4113 3341 4155 mortem.
3374 4104 3511 4157 Nam
3538 4115 3591 4158 et
3610 4104 3754 4157 Paulus
3779 4102 3827 4152 de

2338 4188 2536 4243 talibus
2579 4189 2880 4246 Corinthiis
2922 4193 3235 4248 scribebat:
3292 4194 3399 4259 Qui
3439 4198 3573 4249 enim
3620 4196 3825 4248 mandarat

2335 4290 2384 4334 et
2414 4281 2560 4347 bibit,
2589 4282 2852 4351 judicium
2887 4286 2984 4339 sibi
3028 4288 3313 4341 mandurat
3348 4299 3397 4343 et
3429 4290 3554 4342 bibit
3584 4306 3667 4341 non
3687 4285 3827 4355 dijudi-

2333 4391 2462 4429 cans
2504 4393 2691 4446 corpus
2741 4377 2974 4432 Domini.
3022 4380 3310 4448 Propterea
3343 4384 3485 4436 inter
3528 4400 3606 4436 vos
3633 4380 3749 4433 multi
3770 4381 3827 4429 iu-

2258 4452 2302 4506 ί)
2330 4470 2494 4539 ﬁrmi,
2523 4481 2572 4524 et
2598 4472 2898 4535 imbecilles,
2937 4483 2985 4526 et
3021 4474 3292 4529 dormiunt
3329 4477 3487 4529 multi
3506 4478 3564 4541 ⁷⁵,
3598 4475 3641 4529 id
3663 4483 3729 4527 est
3747 4486 3825 4524 mo-

2334 4561 2570 4617 rittntur.
2621 4562 2935 4619 Secundum
2990 4566 3095 4620 hoc
3146 4567 3310 4636 igitur
3360 4570 3581 4623 verbum
3617 4566 3829 4636 legislator

2331 4656 2558 4712 saneivit
2598 4675 2611 4710 :

2403 4748 2709 4803 Custodient
2735 4762 2995 4819 prmecpta
3038 4769 3175 4815 mea,
3215 4762 3269 4804 ut
3302 4769 3404 4805 non
3443 4752 3716 4820 subjaceant
3740 4761 3825 4813 per-

2332 4852 2449 4896 cato
2474 4853 2523 4895 et
2573 4845 2872 4898 moriantur
2912 4863 3005 4914 per
3039 4864 3121 4899 ea.
3176 4847 3241 4900 Et
3293 4861 3416 4915 qua:
3450 4854 3528 4899 est
3554 4859 3711 4901 causa,
3738 4854 3822 4907 qua!

2334 4935 2499 4991 infert
2528 4947 2758 4991 mortem
2783 4939 2805 4991 ?
2834 4939 2970 4993 Cum
3000 4940 3294 5008 polluerint
3323 4940 3472 4993 illud.
3515 4936 3692 5005 lnjuria
3715 4932 3818 4983 enim

2332 5029 2627 5082 sanctuarii
2674 5038 2729 5082 et
2759 5029 2987 5099 pollutio
3033 5040 3137 5094 est,
3172 5031 3450 5084 sardidum
3488 5026 3750 5097 quempiam
3772 5018 3817 5071 ad

2329 5122 2531 5175 munda
2574 5122 2854 5178 accedere.
2903 5123 3059 5178 Unde
3108 5140 3231 5177 curn
3272 5124 3525 5193 quosdam
3568 5122 3627 5175 de
3661 5117 3740 5169 viis
3774 5126 3816 5163 ac

2328 5212 2548 5281 sepibus
2594 5214 2661 5268 ad
2706 5216 2946 5285 nuptias,
2994 5232 3116 5285 qua:
3161 5217 3216 5269 in
3272 5215 3567 5287 evangelica
3620 5203 3811 5279 paraboh

2326 5303 2483 5359 dicta:
2506 5313 2658 5369 sunt,
2692 5315 3070 5371 convocasset,
3113 5309 3399 5364 inveniens
3426 5304 3703 5376 quempiam
3727 5310 3810 5350 sot-

2325 5396 2450 5451 dida
2482 5398 2737 5454 vestitum
2782 5400 2939 5465 stola,
2992 5401 3047 5454 in
3088 5416 3243 5456 creua
3278 5400 3499 5471 nuptiali
3539 5391 3809 5451 discumben-

2326 5500 2435 5546 tem
2493 5493 2750 5563 expellit,
2786 5504 2841 5549 et
2892 5495 2945 5549 in
2996 5496 3251 5550 tenebras
3307 5493 3488 5567 projici
3543 5477 3805 5558 irrumpit"-

707 5692 750 5767 ξ’
776 5690 866 5767 Ps.
902 5707 973 5754 vt,
999 5692 1077 5767 ti.”
1127 5692 1276 5767 τῖ’-1³8.
1302 5696 1527 5767 nimii.
1606 5696 1647 5727 "
1681 5694 1835 5750 Joan.
1860 5713 1932 5759 rt,
1964 5697 2049 5752 δὲ.
2128 5700 2172 5731 τ’
2202 5698 2241 5755 il

2321 5700 2458 5756 .51.
2538 5701 2584 5735 τι
2612 5700 2738 5759 Cor.
2776 5702 2966 5767 M27.
3044 5704 3352 5760 “ibid.28.
3423 5679 3799 5764 "tremuit.

633 5760 679 5794 "
711 5763 875 5815 ltlor.
901 5778 975 5826 si,
1016 5764 1106 5825 29,
1134 5763 1218 5815 50.
1297 5766 1337 5795 ⁷⁷
1370 5766 1559 5820 Matth.
1589 5782 1718 5833 XVII,
1755 5768 1838 5831 il,
1875 5767 1955 5822 12.
