  <div class='ocr_page' id='page_1' title='image "/cluster/home/n/w/nwhite01/storage/ocr_20150623/93/hvd.32044019208040/542.png"; bbox 0 0 4032 6420; ppageno 0'>
   <div class='ocr_carea' id='block_1_1' title="bbox 245 326 399 394">
    <p class='ocr_par' dir='ltr' id='par_1_1' title="bbox 245 326 399 394">
     <span class='ocr_line' id='line_1_1' title="bbox 245 326 399 394; baseline 0.013 -2"><span class='ocrx_word' id='word_1_1' title='bbox 245 326 399 394; x_wconf 76' lang='lat'><strong>1069</strong></span> 
     </span>
    </p>
   </div>
   <div class='ocr_carea' id='block_1_2' title="bbox 1399 327 2363 392">
    <p class='ocr_par' dir='ltr' id='par_1_2' title="bbox 1399 327 2363 392">
     <span class='ocr_line' id='line_1_2' title="bbox 1399 327 2363 392; baseline -0.006 0"><span class='ocrx_word' id='word_1_2' title='bbox 1399 331 1481 392; x_wconf 87' lang='lat' dir='ltr'><strong>IN</strong></span> <span class='ocrx_word' id='word_1_3' title='bbox 1514 328 1949 391; x_wconf 85' lang='lat' dir='ltr'><strong>LEVITICUM.</strong></span> <span class='ocrx_word' id='word_1_4' title='bbox 1980 351 2050 364; x_wconf 88' lang='grc'><strong>-</strong></span> <span class='ocrx_word' id='word_1_5' title='bbox 2086 329 2233 388; x_wconf 90' lang='lat' dir='ltr'><strong>LIB.</strong></span> <span class='ocrx_word' id='word_1_6' title='bbox 2264 327 2363 389; x_wconf 90' lang='lat' dir='ltr'><strong>VI.</strong></span> 
     </span>
    </p>
   </div>
   <div class='ocr_carea' id='block_1_3' title="bbox 3360 326 3493 393">
    <p class='ocr_par' dir='ltr' id='par_1_3' title="bbox 3360 326 3493 393">
     <span class='ocr_line' id='line_1_3' title="bbox 3360 326 3493 393; baseline 0.023 -3"><span class='ocrx_word' id='word_1_7' title='bbox 3360 326 3493 393; x_wconf 78' lang='lat'><strong>1070</strong></span> 
     </span>
    </p>
   </div>
   <div class='ocr_carea' id='block_1_4' title="bbox 238 440 3493 518">
    <p class='ocr_par' dir='ltr' id='par_1_4' title="bbox 238 440 3493 518">
     <span class='ocr_line' id='line_1_4' title="bbox 238 440 3493 518; baseline 0.001 -18"><span class='ocrx_word' id='word_1_8' title='bbox 238 446 421 517; x_wconf 83' lang='lat' dir='ltr'><strong>Atqui</strong></span> <span class='ocrx_word' id='word_1_9' title='bbox 448 460 640 501; x_wconf 86' lang='lat' dir='ltr'><strong>omnes</strong></span> <span class='ocrx_word' id='word_1_10' title='bbox 677 452 989 516; x_wconf 84' lang='lat' dir='ltr'><strong>peccatores</strong></span> <span class='ocrx_word' id='word_1_11' title='bbox 1015 454 1191 512; x_wconf 86' lang='lat' dir='ltr'><strong>erant,</strong></span> <span class='ocrx_word' id='word_1_12' title='bbox 1221 446 1313 518; x_wconf 86' lang='lat' dir='ltr'><strong>qui</strong></span> <span class='ocrx_word' id='word_1_13' title='bbox 1342 446 1555 501; x_wconf 73' lang='lat' dir='ltr'><strong>invitati</strong></span> <span class='ocrx_word' id='word_1_14' title='bbox 1584 455 1733 507; x_wconf 87' lang='lat' dir='ltr'><strong>sunt,</strong></span> <span class='ocrx_word' id='word_1_15' title='bbox 1770 453 1825 498; x_wconf 90' lang='lat' dir='ltr'><strong>et</strong></span> <span class='ocrx_word' id='word_1_16' title='bbox 1856 451 1900 506; x_wconf 72' lang='grc' dir='ltr'>Α</span> <span class='ocrx_word' id='word_1_17' title='bbox 1997 441 2159 497; x_wconf 72' lang='lat' dir='ltr'><strong>Vens.</strong></span> <span class='ocrx_word' id='word_1_18' title='bbox 2211 442 2298 496; x_wconf 80' lang='grc'><strong>11.</strong></span> <span class='ocrx_word' id='word_1_19' title='bbox 2351 459 2369 493; x_wconf 77' lang='lat' dir='ltr'><strong>r</strong></span> <span class='ocrx_word' id='word_1_20' title='bbox 2416 440 2585 508; x_wconf 84' lang='lat' dir='ltr'><strong>Quem</strong></span> <span class='ocrx_word' id='word_1_21' title='bbox 2649 449 2827 495; x_wconf 88' lang='lat' dir='ltr'><strong>autem</strong></span> <span class='ocrx_word' id='word_1_22' title='bbox 2874 440 3128 498; x_wconf 84' lang='lat' dir='ltr'><strong>sacerdos</strong></span> <span class='ocrx_word' id='word_1_23' title='bbox 3172 445 3386 510; x_wconf 81' lang='lat' dir='ltr'><strong>emerit,</strong></span> <span class='ocrx_word' id='word_1_24' title='bbox 3436 457 3493 503; x_wconf 90' lang='lat' dir='ltr'><strong>et</strong></span> 
     </span>
    </p>
   </div>
   <div class='ocr_carea' id='block_1_5' title="bbox 242 537 1819 609">
    <p class='ocr_par' dir='ltr' id='par_1_5' title="bbox 242 537 1819 609">
     <span class='ocr_line' id='line_1_5' title="bbox 242 537 1819 609; baseline -0.002 -16"><span class='ocrx_word' id='word_1_25' title='bbox 242 548 549 608; x_wconf 79' lang='lat' dir='ltr'><strong>pmptorea</strong></span> <span class='ocrx_word' id='word_1_26' title='bbox 605 539 673 593; x_wconf 93' lang='lat' dir='ltr'><strong>de</strong></span> <span class='ocrx_word' id='word_1_27' title='bbox 705 539 806 591; x_wconf 88' lang='lat' dir='ltr'><strong>viis</strong></span> <span class='ocrx_word' id='word_1_28' title='bbox 836 548 893 592; x_wconf 93' lang='lat' dir='ltr'><strong>et</strong></span> <span class='ocrx_word' id='word_1_29' title='bbox 919 540 984 593; x_wconf 89' lang='lat' dir='ltr'><strong>de</strong></span> <span class='ocrx_word' id='word_1_30' title='bbox 1010 540 1234 608; x_wconf 88' lang='lat' dir='ltr'><strong>sepibus</strong></span> <span class='ocrx_word' id='word_1_31' title='bbox 1259 539 1435 609; x_wconf 78' lang='lat' dir='ltr'><strong>colligi</strong></span> <span class='ocrx_word' id='word_1_32' title='bbox 1465 537 1819 592; x_wconf 78' lang='lat' dir='ltr'><strong>dicebantur:</strong></span> 
     </span>
    </p>
   </div>
   <div class='ocr_carea' id='block_1_6' title="bbox 243 629 1821 700">
    <p class='ocr_par' dir='ltr' id='par_1_6' title="bbox 243 629 1821 700">
     <span class='ocr_line' id='line_1_6' title="bbox 243 629 1821 700; baseline -0.001 -17"><span class='ocrx_word' id='word_1_33' title='bbox 243 631 349 683; x_wconf 88' lang='lat' dir='ltr'><strong>sed</strong></span> <span class='ocrx_word' id='word_1_34' title='bbox 379 646 504 684; x_wconf 87' lang='lat' dir='ltr'><strong>cum</strong></span> <span class='ocrx_word' id='word_1_35' title='bbox 539 630 728 683; x_wconf 92' lang='lat' dir='ltr'><strong>mutati</strong></span> <span class='ocrx_word' id='word_1_36' title='bbox 756 630 926 699; x_wconf 90' lang='lat' dir='ltr'><strong>prius,</strong></span> <span class='ocrx_word' id='word_1_37' title='bbox 956 639 1013 683; x_wconf 92' lang='lat' dir='ltr'><strong>et</strong></span> <span class='ocrx_word' id='word_1_38' title='bbox 1037 642 1263 700; x_wconf 84' lang='lat' dir='ltr'><strong>peccato</strong></span> <span class='ocrx_word' id='word_1_39' title='bbox 1292 645 1391 699; x_wconf 80' lang='lat' dir='ltr'><strong>per</strong></span> <span class='ocrx_word' id='word_1_40' title='bbox 1441 629 1821 699; x_wconf 76' lang='lat' dir='ltr'><strong>paenitentiam</strong></span> 
     </span>
    </p>
   </div>
   <div class='ocr_carea' id='block_1_7' title="bbox 246 720 1819 790">
    <p class='ocr_par' dir='ltr' id='par_1_7' title="bbox 246 720 1819 790">
     <span class='ocr_line' id='line_1_7' title="bbox 246 720 1819 790; baseline -0.001 -17"><span class='ocrx_word' id='word_1_41' title='bbox 246 722 580 790; x_wconf 85' lang='lat' dir='ltr'><strong>semetipsos</strong></span> <span class='ocrx_word' id='word_1_42' title='bbox 605 722 991 786; x_wconf 77' lang='lat' dir='ltr'><strong>exspoliantes,</strong></span> <span class='ocrx_word' id='word_1_43' title='bbox 1015 730 1145 775; x_wconf 91' lang='lat' dir='ltr'><strong>tunc</strong></span> <span class='ocrx_word' id='word_1_44' title='bbox 1170 721 1238 775; x_wconf 90' lang='lat' dir='ltr'><strong>de</strong></span> <span class='ocrx_word' id='word_1_45' title='bbox 1270 736 1426 775; x_wconf 75' lang='lat' dir='ltr'><strong>cmna</strong></span> <span class='ocrx_word' id='word_1_46' title='bbox 1443 720 1819 774; x_wconf 78' lang='lat' dir='ltr'><strong>comederunt.</strong></span> 
     </span>
    </p>
   </div>
   <div class='ocr_carea' id='block_1_8' title="bbox 248 810 1820 881">
    <p class='ocr_par' dir='ltr' id='par_1_8' title="bbox 248 810 1820 881">
     <span class='ocr_line' id='line_1_8' title="bbox 248 810 1820 881; baseline -0.001 -17"><span class='ocrx_word' id='word_1_47' title='bbox 248 810 357 866; x_wconf 85' lang='lat' dir='ltr'><strong>Hic</strong></span> <span class='ocrx_word' id='word_1_48' title='bbox 381 825 561 865; x_wconf 75' lang='lat' dir='ltr'><strong>autem</strong></span> <span class='ocrx_word' id='word_1_49' title='bbox 593 811 809 864; x_wconf 85' lang='lat' dir='ltr'><strong>sordida</strong></span> <span class='ocrx_word' id='word_1_50' title='bbox 840 812 1021 866; x_wconf 83' lang='lat' dir='ltr'><strong>adhuc</strong></span> <span class='ocrx_word' id='word_1_51' title='bbox 1050 811 1277 865; x_wconf 89' lang='lat' dir='ltr'><strong>indutus</strong></span> <span class='ocrx_word' id='word_1_52' title='bbox 1302 811 1509 881; x_wconf 83' lang='lat' dir='ltr'><strong>peccati</strong></span> <span class='ocrx_word' id='word_1_53' title='bbox 1536 811 1820 873; x_wconf 90' lang='lat' dir='ltr'><strong>stola,non</strong></span> 
     </span>
    </p>
   </div>
   <div class='ocr_carea' id='block_1_9' title="bbox 248 903 1825 974">
    <p class='ocr_par' dir='ltr' id='par_1_9' title="bbox 248 903 1825 974">
     <span class='ocr_line' id='line_1_9' title="bbox 248 903 1825 974; baseline -0.001 -18"><span class='ocrx_word' id='word_1_54' title='bbox 248 904 599 973; x_wconf 80' lang='lat' dir='ltr'><strong>exspoliatus</strong></span> <span class='ocrx_word' id='word_1_55' title='bbox 636 920 739 957; x_wconf 87' lang='lat' dir='ltr'><strong>nec</strong></span> <span class='ocrx_word' id='word_1_56' title='bbox 783 913 1172 968; x_wconf 80' lang='lat' dir='ltr'><strong>commutatus,</strong></span> <span class='ocrx_word' id='word_1_57' title='bbox 1211 903 1419 974; x_wconf 78' lang='lat' dir='ltr'><strong>ingredi</strong></span> <span class='ocrx_word' id='word_1_58' title='bbox 1467 903 1521 957; x_wconf 92' lang='lat' dir='ltr'><strong>in</strong></span> <span class='ocrx_word' id='word_1_59' title='bbox 1550 910 1738 956; x_wconf 90' lang='lat' dir='ltr'><strong>sancta</strong></span> <span class='ocrx_word' id='word_1_60' title='bbox 1770 912 1825 956; x_wconf 84' lang='lat' dir='ltr'><strong>et</strong></span> 
     </span>
    </p>
   </div>
   <div class='ocr_carea' id='block_1_10' title="bbox 246 994 1826 1065">
    <p class='ocr_par' dir='ltr' id='par_1_10' title="bbox 246 994 1826 1065">
     <span class='ocr_line' id='line_1_10' title="bbox 246 994 1826 1065; baseline 0 -18"><span class='ocrx_word' id='word_1_61' title='bbox 246 994 458 1049; x_wconf 83' lang='lat' dir='ltr'><strong>munda</strong></span> <span class='ocrx_word' id='word_1_62' title='bbox 478 995 839 1064; x_wconf 65' lang='lat' dir='ltr'><strong>praesumpsit.</strong></span> <span class='ocrx_word' id='word_1_63' title='bbox 867 994 1090 1048; x_wconf 84' lang='lat' dir='ltr'><strong>Multum</strong></span> <span class='ocrx_word' id='word_1_64' title='bbox 1115 1009 1243 1065; x_wconf 90' lang='lat' dir='ltr'><strong>ergo</strong></span> <span class='ocrx_word' id='word_1_65' title='bbox 1280 994 1581 1049; x_wconf 89' lang='lat' dir='ltr'><strong>secundum</strong></span> <span class='ocrx_word' id='word_1_66' title='bbox 1611 1002 1826 1063; x_wconf 85' lang='lat' dir='ltr'><strong>tempus</strong></span> 
     </span>
    </p>
   </div>
   <div class='ocr_carea' id='block_1_11' title="bbox 250 1084 945 1156">
    <p class='ocr_par' dir='ltr' id='par_1_11' title="bbox 250 1084 945 1156">
     <span class='ocr_line' id='line_1_11' title="bbox 250 1084 945 1156; baseline 0 -16"><span class='ocrx_word' id='word_1_67' title='bbox 250 1084 365 1140; x_wconf 82' lang='lat' dir='ltr'><strong>hoc</strong></span> <span class='ocrx_word' id='word_1_68' title='bbox 390 1085 491 1156; x_wconf 93' lang='lat' dir='ltr'><strong>legi</strong></span> <span class='ocrx_word' id='word_1_69' title='bbox 527 1085 797 1153; x_wconf 79' lang='lat' dir='ltr'><strong>adjectum</strong></span> <span class='ocrx_word' id='word_1_70' title='bbox 832 1096 912 1141; x_wconf 92' lang='lat' dir='ltr'><strong>est</strong></span> <span class='ocrx_word' id='word_1_71' title='bbox 932 1104 945 1140; x_wconf 77' lang='grc' dir='ltr'>ι</span> 
     </span>
    </p>
   </div>
   <div class='ocr_carea' id='block_1_12' title="bbox 330 1175 1827 1246">
    <p class='ocr_par' dir='ltr' id='par_1_12' title="bbox 330 1175 1827 1246">
     <span class='ocr_line' id='line_1_12' title="bbox 330 1175 1827 1246; baseline 0.003 -18"><span class='ocrx_word' id='word_1_72' title='bbox 330 1175 441 1245; x_wconf 84' lang='lat' dir='ltr'><strong>Ego</strong></span> <span class='ocrx_word' id='word_1_73' title='bbox 477 1176 725 1230; x_wconf 78' lang='lat' dir='ltr'><strong>Dominus</strong></span> <span class='ocrx_word' id='word_1_74' title='bbox 754 1179 842 1244; x_wconf 91' lang='lat' dir='ltr'><strong>qui</strong></span> <span class='ocrx_word' id='word_1_75' title='bbox 873 1177 1138 1246; x_wconf 76' lang='lat' dir='ltr'><strong>sanctiﬁco</strong></span> <span class='ocrx_word' id='word_1_76' title='bbox 1182 1176 1318 1230; x_wconf 81' lang='lat' dir='ltr'><strong>illos.</strong></span> <span class='ocrx_word' id='word_1_77' title='bbox 1351 1176 1409 1231; x_wconf 88' lang='lat' dir='ltr'><strong>Id</strong></span> <span class='ocrx_word' id='word_1_78' title='bbox 1438 1184 1542 1243; x_wconf 89' lang='lat' dir='ltr'><strong>est,</strong></span> <span class='ocrx_word' id='word_1_79' title='bbox 1572 1175 1664 1246; x_wconf 86' lang='lat' dir='ltr'><strong>qui</strong></span> <span class='ocrx_word' id='word_1_80' title='bbox 1694 1192 1827 1246; x_wconf 77' lang='lat' dir='ltr'><strong>pec-</strong></span> 
     </span>
    </p>
   </div>
   <div class='ocr_carea' id='block_1_13' title="bbox 248 1268 1826 1322">
    <p class='ocr_par' dir='ltr' id='par_1_13' title="bbox 248 1268 1826 1322">
     <span class='ocr_line' id='line_1_13' title="bbox 248 1268 1826 1322; baseline 0.001 -2"><span class='ocrx_word' id='word_1_81' title='bbox 248 1274 471 1320; x_wconf 88' lang='lat' dir='ltr'><strong>catores</strong></span> <span class='ocrx_word' id='word_1_82' title='bbox 514 1277 749 1321; x_wconf 84' lang='lat' dir='ltr'><strong>mutatos</strong></span> <span class='ocrx_word' id='word_1_83' title='bbox 792 1268 1071 1321; x_wconf 84' lang='lat' dir='ltr'><strong>duntaxat</strong></span> <span class='ocrx_word' id='word_1_84' title='bbox 1103 1268 1159 1321; x_wconf 91' lang='lat' dir='ltr'><strong>in</strong></span> <span class='ocrx_word' id='word_1_85' title='bbox 1205 1268 1530 1322; x_wconf 89' lang='lat' dir='ltr'><strong>Sanctorum</strong></span> <span class='ocrx_word' id='word_1_86' title='bbox 1578 1283 1826 1322; x_wconf 89' lang='lat' dir='ltr'><strong>commu-</strong></span> 
     </span>
    </p>
   </div>
   <div class='ocr_carea' id='block_1_14' title="bbox 249 1357 1828 1427">
    <p class='ocr_par' dir='ltr' id='par_1_14' title="bbox 249 1357 1828 1427">
     <span class='ocr_line' id='line_1_14' title="bbox 249 1357 1828 1427; baseline 0.001 -16"><span class='ocrx_word' id='word_1_87' title='bbox 249 1359 421 1412; x_wconf 88' lang='lat' dir='ltr'><strong>nione</strong></span> <span class='ocrx_word' id='word_1_88' title='bbox 480 1357 720 1422; x_wconf 90' lang='lat' dir='ltr'><strong>recipio:</strong></span> <span class='ocrx_word' id='word_1_89' title='bbox 772 1372 991 1412; x_wconf 89' lang='lat' dir='ltr'><strong>aversor</strong></span> <span class='ocrx_word' id='word_1_90' title='bbox 1041 1366 1224 1412; x_wconf 90' lang='lat' dir='ltr'><strong>autem</strong></span> <span class='ocrx_word' id='word_1_91' title='bbox 1266 1357 1484 1427; x_wconf 84' lang='lat' dir='ltr'><strong>quando</strong></span> <span class='ocrx_word' id='word_1_92' title='bbox 1536 1358 1728 1427; x_wconf 85' lang='lat' dir='ltr'><strong>polluti</strong></span> <span class='ocrx_word' id='word_1_93' title='bbox 1772 1368 1828 1413; x_wconf 89' lang='lat' dir='ltr'><strong>et</strong></span> 
     </span>
    </p>
   </div>
   <div class='ocr_carea' id='block_1_15' title="bbox 250 1448 806 1518">
    <p class='ocr_par' dir='ltr' id='par_1_15' title="bbox 250 1448 806 1518">
     <span class='ocr_line' id='line_1_15' title="bbox 250 1448 806 1518; baseline -0.004 -15"><span class='ocrx_word' id='word_1_94' title='bbox 250 1448 427 1517; x_wconf 81' lang='lat' dir='ltr'><strong>iniqui</strong></span> <span class='ocrx_word' id='word_1_95' title='bbox 464 1458 806 1518; x_wconf 77' lang='lat' dir='ltr'><strong>permanent.</strong></span> 
     </span>
    </p>
   </div>
   <div class='ocr_carea' id='block_1_16' title="bbox 330 1540 1829 1610">
    <p class='ocr_par' dir='ltr' id='par_1_16' title="bbox 330 1540 1829 1610">
     <span class='ocr_line' id='line_1_16' title="bbox 330 1540 1829 1610; baseline -0.001 -15"><span class='ocrx_word' id='word_1_96' title='bbox 330 1541 488 1595; x_wconf 75' lang='lat' dir='ltr'><strong>Vens.</strong></span> <span class='ocrx_word' id='word_1_97' title='bbox 522 1542 608 1595; x_wconf 81' lang='lat' dir='ltr'><strong>lO.</strong></span> <span class='ocrx_word' id='word_1_98' title='bbox 662 1561 679 1591; x_wconf 73' lang='grc' dir='ltr'>ι</span> <span class='ocrx_word' id='word_1_99' title='bbox 716 1540 906 1595; x_wconf 82' lang='lat' dir='ltr'><strong>Omnis</strong></span> <span class='ocrx_word' id='word_1_100' title='bbox 949 1540 1261 1610; x_wconf 79' lang='lat' dir='ltr'><strong>alienigena</strong></span> <span class='ocrx_word' id='word_1_101' title='bbox 1306 1554 1417 1594; x_wconf 90' lang='lat' dir='ltr'><strong>non</strong></span> <span class='ocrx_word' id='word_1_102' title='bbox 1466 1540 1718 1595; x_wconf 86' lang='lat' dir='ltr'><strong>comedet</strong></span> <span class='ocrx_word' id='word_1_103' title='bbox 1760 1540 1829 1595; x_wconf 89' lang='lat' dir='ltr'><strong>de</strong></span> 
     </span>
    </p>
   </div>
   <div class='ocr_carea' id='block_1_17' title="bbox 250 1632 1826 1707">
    <p class='ocr_par' dir='ltr' id='par_1_17' title="bbox 250 1632 1826 1707">
     <span class='ocr_line' id='line_1_17' title="bbox 250 1632 1826 1707; baseline -0.001 -20"><span class='ocrx_word' id='word_1_104' title='bbox 250 1632 625 1687; x_wconf 89' lang='lat' dir='ltr'><strong>sanctiﬁcatis.</strong></span> <span class='ocrx_word' id='word_1_105' title='bbox 657 1633 961 1701; x_wconf 89' lang='lat' dir='ltr'><strong>lnquilinus</strong></span> <span class='ocrx_word' id='word_1_106' title='bbox 984 1633 1310 1707; x_wconf 67' lang='lat' dir='ltr'><strong>sacerdotis,</strong></span> <span class='ocrx_word' id='word_1_107' title='bbox 1354 1641 1410 1687; x_wconf 87' lang='lat' dir='ltr'><strong>et</strong></span> <span class='ocrx_word' id='word_1_108' title='bbox 1438 1633 1826 1697; x_wconf 88' lang='lat' dir='ltr'><strong>mercenarius,</strong></span> 
     </span>
    </p>
   </div>
   <div class='ocr_carea' id='block_1_18' title="bbox 251 1724 874 1779">
    <p class='ocr_par' dir='ltr' id='par_1_18' title="bbox 251 1724 874 1779">
     <span class='ocr_line' id='line_1_18' title="bbox 251 1724 874 1779; baseline -0.003 -2"><span class='ocrx_word' id='word_1_109' title='bbox 251 1738 366 1778; x_wconf 91' lang='lat' dir='ltr'><strong>non</strong></span> <span class='ocrx_word' id='word_1_110' title='bbox 404 1733 695 1778; x_wconf 88' lang='lat' dir='ltr'><strong>vesceutur</strong></span> <span class='ocrx_word' id='word_1_111' title='bbox 716 1724 816 1779; x_wconf 88' lang='lat' dir='ltr'><strong>eis.</strong></span> <span class='ocrx_word' id='word_1_112' title='bbox 856 1744 874 1775; x_wconf 78' lang='grc' dir='ltr'><strong><em>ι</em></strong></span> 
     </span>
    </p>
   </div>
   <div class='ocr_carea' id='block_1_19' title="bbox 1921 533 3489 604">
    <p class='ocr_par' dir='ltr' id='par_1_19' title="bbox 1921 533 3489 604">
     <span class='ocr_line' id='line_1_19' title="bbox 1921 533 3489 604; baseline 0.006 -17"><span class='ocrx_word' id='word_1_113' title='bbox 1921 535 2014 604; x_wconf 90' lang='lat' dir='ltr'><strong>qui</strong></span> <span class='ocrx_word' id='word_1_114' title='bbox 2038 534 2362 589; x_wconf 89' lang='lat' dir='ltr'><strong>vernaculus</strong></span> <span class='ocrx_word' id='word_1_115' title='bbox 2402 535 2597 589; x_wconf 89' lang='lat' dir='ltr'><strong>domus</strong></span> <span class='ocrx_word' id='word_1_116' title='bbox 2637 534 2756 603; x_wconf 88' lang='lat' dir='ltr'><strong>ejus</strong></span> <span class='ocrx_word' id='word_1_117' title='bbox 2785 533 2971 601; x_wconf 78' lang='lat' dir='ltr'><strong>fuerit,</strong></span> <span class='ocrx_word' id='word_1_118' title='bbox 3005 535 3061 589; x_wconf 89' lang='lat' dir='ltr'><strong>hi</strong></span> <span class='ocrx_word' id='word_1_119' title='bbox 3097 538 3391 593; x_wconf 85' lang='lat' dir='ltr'><strong>comedent</strong></span> <span class='ocrx_word' id='word_1_120' title='bbox 3421 557 3489 596; x_wconf 79' lang='lat' dir='ltr'><strong>ex</strong></span> 
     </span>
    </p>
   </div>
   <div class='ocr_carea' id='block_1_20' title="bbox 1921 626 2075 679">
    <p class='ocr_par' dir='ltr' id='par_1_20' title="bbox 1921 626 2075 679">
     <span class='ocr_line' id='line_1_20' title="bbox 1921 626 2075 679; baseline -0.026 0"><span class='ocrx_word' id='word_1_121' title='bbox 1921 626 2019 679; x_wconf 90' lang='lat' dir='ltr'><strong>eis.</strong></span> <span class='ocrx_word' id='word_1_122' title='bbox 2057 644 2075 675; x_wconf 74' lang='grc' dir='ltr'><strong><em>ι</em></strong></span> 
     </span>
    </p>
   </div>
   <div class='ocr_carea' id='block_1_21' title="bbox 1992 716 3487 787">
    <p class='ocr_par' dir='ltr' id='par_1_21' title="bbox 1992 716 3487 787">
     <span class='ocr_line' id='line_1_21' title="bbox 1992 716 3487 787; baseline 0.003 -17"><span class='ocrx_word' id='word_1_123' title='bbox 1992 716 2127 782; x_wconf 87' lang='lat' dir='ltr'><strong>Quia</strong></span> <span class='ocrx_word' id='word_1_124' title='bbox 2173 717 2525 787; x_wconf 80' lang='lat' dir='ltr'><strong>alienigenas,</strong></span> <span class='ocrx_word' id='word_1_125' title='bbox 2575 718 2775 787; x_wconf 84' lang='lat' dir='ltr'><strong>impios</strong></span> <span class='ocrx_word' id='word_1_126' title='bbox 2799 718 3054 775; x_wconf 77' lang='lat' dir='ltr'><strong>videlicet</strong></span> <span class='ocrx_word' id='word_1_127' title='bbox 3078 728 3132 775; x_wconf 90' lang='lat' dir='ltr'><strong>et</strong></span> <span class='ocrx_word' id='word_1_128' title='bbox 3159 721 3427 785; x_wconf 84' lang='lat' dir='ltr'><strong>inﬁdeles,</strong></span> <span class='ocrx_word' id='word_1_129' title='bbox 3456 739 3487 775; x_wconf 86' lang='lat' dir='ltr'><strong>a</strong></span> 
     </span>
    </p>
   </div>
   <div class='ocr_carea' id='block_1_22' title="bbox 1922 808 3486 883">
    <p class='ocr_par' dir='ltr' id='par_1_22' title="bbox 1922 808 3486 883">
     <span class='ocr_line' id='line_1_22' title="bbox 1922 808 3486 883; baseline 0.003 -21"><span class='ocrx_word' id='word_1_130' title='bbox 1922 808 2338 878; x_wconf 85' lang='lat' dir='ltr'><strong>participatione</strong></span> <span class='ocrx_word' id='word_1_131' title='bbox 2370 809 2680 862; x_wconf 85' lang='lat' dir='ltr'><strong>divinorum</strong></span> <span class='ocrx_word' id='word_1_132' title='bbox 2734 810 3032 878; x_wconf 87' lang='lat' dir='ltr'><strong>prohibuit,</strong></span> <span class='ocrx_word' id='word_1_133' title='bbox 3085 813 3325 866; x_wconf 89' lang='lat' dir='ltr'><strong>ostendit</strong></span> <span class='ocrx_word' id='word_1_134' title='bbox 3357 815 3486 883; x_wconf 89' lang='lat' dir='ltr'><strong>quia</strong></span> 
     </span>
    </p>
   </div>
   <div class='ocr_carea' id='block_1_23' title="bbox 1922 900 3494 964">
    <p class='ocr_par' dir='ltr' id='par_1_23' title="bbox 1922 900 3494 964">
     <span class='ocr_line' id='line_1_23' title="bbox 1922 900 3494 964; baseline 0.006 -10"><span class='ocrx_word' id='word_1_135' title='bbox 1922 910 1977 955; x_wconf 88' lang='lat' dir='ltr'><strong>et</strong></span> <span class='ocrx_word' id='word_1_136' title='bbox 2001 900 2055 954; x_wconf 89' lang='lat' dir='ltr'><strong>hi</strong></span> <span class='ocrx_word' id='word_1_137' title='bbox 2083 900 2128 954; x_wconf 88' lang='lat' dir='ltr'><strong>si</strong></span> <span class='ocrx_word' id='word_1_138' title='bbox 2167 909 2449 954; x_wconf 89' lang='lat' dir='ltr'><strong>mutentur</strong></span> <span class='ocrx_word' id='word_1_139' title='bbox 2472 901 2539 955; x_wconf 80' lang='lat' dir='ltr'><strong>al)</strong></span> <span class='ocrx_word' id='word_1_140' title='bbox 2568 917 2780 964; x_wconf 87' lang='lat' dir='ltr'><strong>errore,</strong></span> <span class='ocrx_word' id='word_1_141' title='bbox 2824 910 2879 956; x_wconf 92' lang='lat' dir='ltr'><strong>et</strong></span> <span class='ocrx_word' id='word_1_142' title='bbox 2908 903 2973 957; x_wconf 91' lang='lat' dir='ltr'><strong>ad</strong></span> <span class='ocrx_word' id='word_1_143' title='bbox 3007 904 3285 959; x_wconf 86' lang='lat' dir='ltr'><strong>Christum</strong></span> <span class='ocrx_word' id='word_1_144' title='bbox 3337 922 3494 963; x_wconf 88' lang='lat' dir='ltr'><strong>acce-</strong></span> 
     </span>
    </p>
   </div>
   <div class='ocr_carea' id='block_1_24' title="bbox 1920 991 3493 1061">
    <p class='ocr_par' dir='ltr' id='par_1_24' title="bbox 1920 991 3493 1061">
     <span class='ocr_line' id='line_1_24' title="bbox 1920 991 3493 1061; baseline 0.006 -17"><span class='ocrx_word' id='word_1_145' title='bbox 1920 991 2071 1053; x_wconf 89' lang='lat' dir='ltr'><strong>dant,</strong></span> <span class='ocrx_word' id='word_1_146' title='bbox 2100 992 2371 1059; x_wconf 88' lang='lat' dir='ltr'><strong>permittit</strong></span> <span class='ocrx_word' id='word_1_147' title='bbox 2407 1008 2527 1061; x_wconf 70' lang='lat' dir='ltr'><strong>qua:</strong></span> <span class='ocrx_word' id='word_1_148' title='bbox 2578 1003 2762 1046; x_wconf 89' lang='lat' dir='ltr'><strong>sancta</strong></span> <span class='ocrx_word' id='word_1_149' title='bbox 2800 1003 2946 1047; x_wconf 90' lang='lat' dir='ltr'><strong>sunt.</strong></span> <span class='ocrx_word' id='word_1_150' title='bbox 2982 995 3152 1049; x_wconf 89' lang='lat' dir='ltr'><strong>Nemo</strong></span> <span class='ocrx_word' id='word_1_151' title='bbox 3178 997 3324 1050; x_wconf 89' lang='lat' dir='ltr'><strong>enim</strong></span> <span class='ocrx_word' id='word_1_152' title='bbox 3357 1000 3493 1054; x_wconf 90' lang='lat' dir='ltr'><strong>alie-</strong></span> 
     </span>
    </p>
   </div>
   <div class='ocr_carea' id='block_1_25' title="bbox 1924 1080 3493 1154">
    <p class='ocr_par' dir='ltr' id='par_1_25' title="bbox 1924 1080 3493 1154">
     <span class='ocr_line' id='line_1_25' title="bbox 1924 1080 3493 1154; baseline 0.006 -21"><span class='ocrx_word' id='word_1_153' title='bbox 1924 1080 2119 1149; x_wconf 89' lang='lat' dir='ltr'><strong>nigena</strong></span> <span class='ocrx_word' id='word_1_154' title='bbox 2156 1095 2252 1149; x_wconf 90' lang='lat' dir='ltr'><strong>per</strong></span> <span class='ocrx_word' id='word_1_155' title='bbox 2285 1090 2531 1134; x_wconf 90' lang='lat' dir='ltr'><strong>naturam</strong></span> <span class='ocrx_word' id='word_1_156' title='bbox 2558 1091 2659 1143; x_wconf 89' lang='lat' dir='ltr'><strong>est,</strong></span> <span class='ocrx_word' id='word_1_157' title='bbox 2695 1082 2788 1136; x_wconf 91' lang='lat' dir='ltr'><strong>sed</strong></span> <span class='ocrx_word' id='word_1_158' title='bbox 2837 1084 3113 1138; x_wconf 82' lang='lat' dir='ltr'><strong>voluntate</strong></span> <span class='ocrx_word' id='word_1_159' title='bbox 3134 1087 3350 1154; x_wconf 87' lang='lat' dir='ltr'><strong>quidam</strong></span> <span class='ocrx_word' id='word_1_160' title='bbox 3388 1088 3493 1142; x_wconf 90' lang='lat' dir='ltr'><strong>sibi</strong></span> 
     </span>
    </p>
   </div>
   <div class='ocr_carea' id='block_1_26' title="bbox 1922 1172 3493 1249">
    <p class='ocr_par' dir='ltr' id='par_1_26' title="bbox 1922 1172 3493 1249">
     <span class='ocr_line' id='line_1_26' title="bbox 1922 1172 3493 1249; baseline 0.006 -25"><span class='ocrx_word' id='word_1_161' title='bbox 1922 1172 2230 1225; x_wconf 89' lang='lat' dir='ltr'><strong>asciverunt</strong></span> <span class='ocrx_word' id='word_1_162' title='bbox 2280 1172 2663 1226; x_wconf 84' lang='lat' dir='ltr'><strong>alienationem</strong></span> <span class='ocrx_word' id='word_1_163' title='bbox 2695 1188 2723 1225; x_wconf 92' lang='lat' dir='ltr'><strong>a</strong></span> <span class='ocrx_word' id='word_1_164' title='bbox 2750 1173 2880 1227; x_wconf 88' lang='lat' dir='ltr'><strong>Deo.</strong></span> <span class='ocrx_word' id='word_1_165' title='bbox 2930 1173 3209 1247; x_wconf 85' lang='lat' dir='ltr'><strong>Quotquot</strong></span> <span class='ocrx_word' id='word_1_166' title='bbox 3259 1194 3387 1249; x_wconf 85' lang='lat' dir='ltr'><strong>ergo</strong></span> <span class='ocrx_word' id='word_1_167' title='bbox 3427 1196 3493 1233; x_wconf 77' lang='lat' dir='ltr'><strong>ex</strong></span> 
     </span>
    </p>
   </div>
   <div class='ocr_carea' id='block_1_27' title="bbox 1924 1261 3495 1336">
    <p class='ocr_par' dir='ltr' id='par_1_27' title="bbox 1924 1261 3495 1336">
     <span class='ocr_line' id='line_1_27' title="bbox 1924 1261 3495 1336; baseline 0.006 -21"><span class='ocrx_word' id='word_1_168' title='bbox 1924 1261 2010 1316; x_wconf 85' lang='lat' dir='ltr'><strong>bis</strong></span> <span class='ocrx_word' id='word_1_169' title='bbox 2038 1262 2394 1333; x_wconf 85' lang='lat' dir='ltr'><strong>intelligibilis</strong></span> <span class='ocrx_word' id='word_1_170' title='bbox 2434 1264 2697 1317; x_wconf 88' lang='lat' dir='ltr'><strong>sacerdos</strong></span> <span class='ocrx_word' id='word_1_171' title='bbox 2731 1265 2972 1333; x_wconf 87' lang='lat' dir='ltr'><strong>possidet</strong></span> <span class='ocrx_word' id='word_1_172' title='bbox 3001 1268 3297 1336; x_wconf 87' lang='lat' dir='ltr'><strong>emptitios,</strong></span> <span class='ocrx_word' id='word_1_173' title='bbox 3332 1270 3383 1323; x_wconf 88' lang='lat' dir='ltr'><strong>id</strong></span> <span class='ocrx_word' id='word_1_174' title='bbox 3411 1280 3495 1324; x_wconf 85' lang='lat' dir='ltr'><strong>est</strong></span> 
     </span>
    </p>
   </div>
   <div class='ocr_carea' id='block_1_28' title="bbox 1923 1353 3498 1429">
    <p class='ocr_par' dir='ltr' id='par_1_28' title="bbox 1923 1353 3498 1429">
     <span class='ocr_line' id='line_1_28' title="bbox 1923 1353 3498 1429; baseline 0.004 -22"><span class='ocrx_word' id='word_1_175' title='bbox 1923 1361 2191 1422; x_wconf 85' lang='lat' dir='ltr'><strong>quotquot</strong></span> <span class='ocrx_word' id='word_1_176' title='bbox 2231 1353 2363 1407; x_wconf 89' lang='lat' dir='ltr'><strong>emit</strong></span> <span class='ocrx_word' id='word_1_177' title='bbox 2409 1368 2507 1421; x_wconf 90' lang='lat' dir='ltr'><strong>per</strong></span> <span class='ocrx_word' id='word_1_178' title='bbox 2554 1353 2918 1423; x_wconf 88' lang='lat' dir='ltr'><strong>evangelicam</strong></span> <span class='ocrx_word' id='word_1_179' title='bbox 2955 1355 3257 1411; x_wconf 89' lang='lat' dir='ltr'><strong>doctrinam</strong></span> <span class='ocrx_word' id='word_1_180' title='bbox 3299 1367 3355 1413; x_wconf 88' lang='lat' dir='ltr'><strong>et</strong></span> <span class='ocrx_word' id='word_1_181' title='bbox 3378 1375 3498 1429; x_wconf 83' lang='lat' dir='ltr'><strong>gra-</strong></span> 
     </span>
    </p>
   </div>
   <div class='ocr_carea' id='block_1_29' title="bbox 1925 1443 3491 1517">
    <p class='ocr_par' dir='ltr' id='par_1_29' title="bbox 1925 1443 3491 1517">
     <span class='ocr_line' id='line_1_29' title="bbox 1925 1443 3491 1517; baseline 0.005 -19"><span class='ocrx_word' id='word_1_182' title='bbox 1925 1445 2079 1499; x_wconf 88' lang='lat' dir='ltr'><strong>tiam.</strong></span> <span class='ocrx_word' id='word_1_183' title='bbox 2109 1443 2235 1500; x_wconf 72' lang='lat' dir='ltr'><strong>Haec</strong></span> <span class='ocrx_word' id='word_1_184' title='bbox 2266 1454 2347 1500; x_wconf 88' lang='lat' dir='ltr'><strong>est</strong></span> <span class='ocrx_word' id='word_1_185' title='bbox 2377 1446 2524 1501; x_wconf 92' lang='lat' dir='ltr'><strong>enim</strong></span> <span class='ocrx_word' id='word_1_186' title='bbox 2557 1445 2769 1499; x_wconf 89' lang='lat' dir='ltr'><strong>Domini</strong></span> <span class='ocrx_word' id='word_1_187' title='bbox 2792 1448 3123 1517; x_wconf 88' lang='lat' dir='ltr'><strong>conquisitio</strong></span> <span class='ocrx_word' id='word_1_188' title='bbox 3151 1462 3203 1503; x_wconf 91' lang='lat' dir='ltr'><strong>et</strong></span> <span class='ocrx_word' id='word_1_189' title='bbox 3230 1452 3491 1506; x_wconf 89' lang='lat' dir='ltr'><strong>acerbum</strong></span> 
     </span>
    </p>
   </div>
   <div class='ocr_carea' id='block_1_30' title="bbox 1924 1538 3494 1608">
    <p class='ocr_par' dir='ltr' id='par_1_30' title="bbox 1924 1538 3494 1608">
     <span class='ocr_line' id='line_1_30' title="bbox 1924 1538 3494 1608; baseline 0.004 -18"><span class='ocrx_word' id='word_1_190' title='bbox 1924 1546 2205 1607; x_wconf 87' lang='lat' dir='ltr'><strong>argentum</strong></span> <span class='ocrx_word' id='word_1_191' title='bbox 2263 1546 2379 1591; x_wconf 89' lang='lat' dir='ltr'><strong>est:</strong></span> <span class='ocrx_word' id='word_1_192' title='bbox 2436 1538 2720 1608; x_wconf 78' lang='lat' dir='ltr'><strong>Argentum</strong></span> <span class='ocrx_word' id='word_1_193' title='bbox 2756 1540 2873 1608; x_wconf 84' lang='lat' dir='ltr'><strong>igne</strong></span> <span class='ocrx_word' id='word_1_194' title='bbox 2925 1543 3290 1595; x_wconf 71' lang='lat' dir='ltr'><strong>examinatum</strong></span> <span class='ocrx_word' id='word_1_195' title='bbox 3340 1553 3494 1596; x_wconf 76' lang='lat' dir='ltr'><strong>terrte</strong></span> 
     </span>
    </p>
   </div>
   <div class='ocr_carea' id='block_1_31' title="bbox 1926 1630 3492 1701">
    <p class='ocr_par' dir='ltr' id='par_1_31' title="bbox 1926 1630 3492 1701">
     <span class='ocr_line' id='line_1_31' title="bbox 1926 1630 3492 1701; baseline 0.006 -22"><span class='ocrx_word' id='word_1_196' title='bbox 1926 1630 2284 1697; x_wconf 73' lang='lat' dir='ltr'><strong>purgatum“,</strong></span> <span class='ocrx_word' id='word_1_197' title='bbox 2327 1631 2558 1683; x_wconf 81' lang='lat' dir='ltr'><strong>redemit</strong></span> <span class='ocrx_word' id='word_1_198' title='bbox 2589 1640 2768 1684; x_wconf 88' lang='lat' dir='ltr'><strong>autem</strong></span> <span class='ocrx_word' id='word_1_199' title='bbox 2806 1648 2920 1693; x_wconf 72' lang='lat' dir='ltr'><strong>eos,</strong></span> <span class='ocrx_word' id='word_1_200' title='bbox 2958 1635 3046 1701; x_wconf 87' lang='lat' dir='ltr'><strong>qui</strong></span> <span class='ocrx_word' id='word_1_201' title='bbox 3078 1637 3123 1685; x_wconf 87' lang='lat' dir='ltr'><strong>ei</strong></span> <span class='ocrx_word' id='word_1_202' title='bbox 3158 1636 3346 1687; x_wconf 82' lang='lat' dir='ltr'><strong>volunt</strong></span> <span class='ocrx_word' id='word_1_203' title='bbox 3376 1651 3492 1689; x_wconf 88' lang='lat' dir='ltr'><strong>ser-</strong></span> 
     </span>
    </p>
   </div>
   <div class='ocr_carea' id='block_1_32' title="bbox 1926 1720 3490 1795">
    <p class='ocr_par' dir='ltr' id='par_1_32' title="bbox 1926 1720 3490 1795">
     <span class='ocr_line' id='line_1_32' title="bbox 1926 1720 3490 1795; baseline 0.006 -23"><span class='ocrx_word' id='word_1_204' title='bbox 1926 1721 2062 1774; x_wconf 90' lang='lat' dir='ltr'><strong>vire.</strong></span> <span class='ocrx_word' id='word_1_205' title='bbox 2115 1720 2230 1773; x_wconf 82' lang='lat' dir='ltr'><strong>Alio</strong></span> <span class='ocrx_word' id='word_1_206' title='bbox 2267 1730 2442 1789; x_wconf 76' lang='lat' dir='ltr'><strong>autem</strong></span> <span class='ocrx_word' id='word_1_207' title='bbox 2478 1722 2642 1784; x_wconf 83' lang='lat' dir='ltr'><strong>nullo,</strong></span> <span class='ocrx_word' id='word_1_208' title='bbox 2695 1724 2835 1776; x_wconf 89' lang='lat' dir='ltr'><strong>sicut</strong></span> <span class='ocrx_word' id='word_1_209' title='bbox 2886 1722 3077 1778; x_wconf 86' lang='lat' dir='ltr'><strong>Petrus</strong></span> <span class='ocrx_word' id='word_1_210' title='bbox 3136 1726 3290 1790; x_wconf 78' lang='lat' dir='ltr'><strong>dixit,</strong></span> <span class='ocrx_word' id='word_1_211' title='bbox 3323 1729 3490 1795; x_wconf 66' lang='lat' dir='ltr'><strong>pretio</strong></span> 
     </span>
    </p>
   </div>
   <div class='ocr_carea' id='block_1_33' title="bbox 327 1793 3125 1887">
    <p class='ocr_par' dir='ltr' id='par_1_33' title="bbox 327 1793 3125 1887">
     <span class='ocr_line' id='line_1_33' title="bbox 327 1793 3125 1887; baseline 0.005 -20"><span class='ocrx_word' id='word_1_212' title='bbox 327 1812 704 1869; x_wconf 80' lang='lat' dir='ltr'><strong>Necessarium</strong></span> <span class='ocrx_word' id='word_1_213' title='bbox 759 1816 861 1869; x_wconf 90' lang='lat' dir='ltr'><strong>hoc</strong></span> <span class='ocrx_word' id='word_1_214' title='bbox 894 1816 1209 1871; x_wconf 91' lang='lat' dir='ltr'><strong>mandatum</strong></span> <span class='ocrx_word' id='word_1_215' title='bbox 1265 1826 1368 1880; x_wconf 89' lang='lat' dir='ltr'><strong>est,</strong></span> <span class='ocrx_word' id='word_1_216' title='bbox 1416 1831 1485 1871; x_wconf 93' lang='lat' dir='ltr'><strong>ne</strong></span> <span class='ocrx_word' id='word_1_217' title='bbox 1516 1815 1655 1872; x_wconf 74' lang='lat' dir='ltr'><strong>forte</strong></span> <span class='ocrx_word' id='word_1_218' title='bbox 1698 1816 1830 1887; x_wconf 89' lang='lat' dir='ltr'><strong>adji-</strong></span> <span class='ocrx_word' id='word_1_219' title='bbox 1858 1793 1904 1851; x_wconf 77' lang='grc' dir='ltr'>Β</span> <span class='ocrx_word' id='word_1_220' title='bbox 1930 1809 2090 1877; x_wconf 72' lang='grc' dir='ltr'><strong>ειηρῑί</strong></span> <span class='ocrx_word' id='word_1_221' title='bbox 2118 1811 2259 1873; x_wconf 71' lang='grc' dir='ltr'><strong>εειίδν</strong></span> <span class='ocrx_word' id='word_1_222' title='bbox 2292 1811 2448 1864; x_wconf 72' lang='grc' dir='ltr'><strong>ηοίίιε</strong></span> <span class='ocrx_word' id='word_1_223' title='bbox 2477 1811 2593 1879; x_wconf 58' lang='lat' dir='ltr'><strong>ﬁeri</strong></span> <span class='ocrx_word' id='word_1_224' title='bbox 2618 1813 2753 1865; x_wconf 71' lang='grc' dir='ltr'><strong>δετυί</strong></span> <span class='ocrx_word' id='word_1_225' title='bbox 2781 1813 3125 1867; x_wconf 62' lang='lat' dir='ltr'><strong>hominum&quot;-</strong></span> 
     </span>
    </p>
   </div>
   <div class='ocr_carea' id='block_1_34' title="bbox 253 1906 1828 1978">
    <p class='ocr_par' dir='ltr' id='par_1_34' title="bbox 253 1906 1828 1978">
     <span class='ocr_line' id='line_1_34' title="bbox 253 1906 1828 1978; baseline 0.001 -18"><span class='ocrx_word' id='word_1_226' title='bbox 253 1920 385 1960; x_wconf 89' lang='lat' dir='ltr'><strong>cere</strong></span> <span class='ocrx_word' id='word_1_227' title='bbox 411 1906 665 1960; x_wconf 89' lang='lat' dir='ltr'><strong>omnibus</strong></span> <span class='ocrx_word' id='word_1_228' title='bbox 718 1907 1052 1971; x_wconf 89' lang='lat' dir='ltr'><strong>inﬁdelibus,</strong></span> <span class='ocrx_word' id='word_1_229' title='bbox 1089 1917 1142 1962; x_wconf 90' lang='lat' dir='ltr'><strong>et</strong></span> <span class='ocrx_word' id='word_1_230' title='bbox 1168 1908 1351 1977; x_wconf 78' lang='lat' dir='ltr'><strong>impiis</strong></span> <span class='ocrx_word' id='word_1_231' title='bbox 1377 1924 1620 1963; x_wconf 84' lang='lat' dir='ltr'><strong>mensam</strong></span> <span class='ocrx_word' id='word_1_232' title='bbox 1665 1908 1828 1978; x_wconf 89' lang='lat' dir='ltr'><strong>spiri-</strong></span> 
     </span>
    </p>
   </div>
   <div class='ocr_carea' id='block_1_35' title="bbox 257 1997 1829 2069">
    <p class='ocr_par' dir='ltr' id='par_1_35' title="bbox 257 1997 1829 2069">
     <span class='ocr_line' id='line_1_35' title="bbox 257 1997 1829 2069; baseline 0.001 -19"><span class='ocrx_word' id='word_1_233' title='bbox 257 1997 420 2050; x_wconf 88' lang='lat' dir='ltr'><strong>talem</strong></span> <span class='ocrx_word' id='word_1_234' title='bbox 446 2007 731 2065; x_wconf 87' lang='lat' dir='ltr'><strong>putemus:</strong></span> <span class='ocrx_word' id='word_1_235' title='bbox 760 2012 860 2049; x_wconf 91' lang='lat' dir='ltr'><strong>nec</strong></span> <span class='ocrx_word' id='word_1_236' title='bbox 889 1999 1014 2065; x_wconf 90' lang='lat' dir='ltr'><strong>quia</strong></span> <span class='ocrx_word' id='word_1_237' title='bbox 1042 1997 1165 2052; x_wconf 72' lang='lat' dir='ltr'><strong>vita:</strong></span> <span class='ocrx_word' id='word_1_238' title='bbox 1192 1998 1347 2067; x_wconf 89' lang='lat' dir='ltr'><strong>panis</strong></span> <span class='ocrx_word' id='word_1_239' title='bbox 1379 1998 1691 2069; x_wconf 81' lang='lat' dir='ltr'><strong>mysterium</strong></span> <span class='ocrx_word' id='word_1_240' title='bbox 1721 1997 1829 2052; x_wconf 86' lang='lat' dir='ltr'><strong>Do-</strong></span> 
     </span>
    </p>
   </div>
   <div class='ocr_carea' id='block_1_36' title="bbox 255 2088 1827 2159">
    <p class='ocr_par' dir='ltr' id='par_1_36' title="bbox 255 2088 1827 2159">
     <span class='ocr_line' id='line_1_36' title="bbox 255 2088 1827 2159; baseline 0.001 -17"><span class='ocrx_word' id='word_1_241' title='bbox 255 2088 518 2142; x_wconf 88' lang='lat' dir='ltr'><strong>minicum</strong></span> <span class='ocrx_word' id='word_1_242' title='bbox 542 2088 759 2151; x_wconf 83' lang='lat' dir='ltr'><strong>dicitur,</strong></span> <span class='ocrx_word' id='word_1_243' title='bbox 783 2097 1073 2157; x_wconf 89' lang='lat' dir='ltr'><strong>propterea</strong></span> <span class='ocrx_word' id='word_1_244' title='bbox 1096 2098 1349 2158; x_wconf 89' lang='lat' dir='ltr'><strong>oportere</strong></span> <span class='ocrx_word' id='word_1_245' title='bbox 1371 2088 1653 2159; x_wconf 90' lang='lat' dir='ltr'><strong>percipere</strong></span> <span class='ocrx_word' id='word_1_246' title='bbox 1674 2088 1827 2143; x_wconf 89' lang='lat' dir='ltr'><strong>illum</strong></span> 
     </span>
    </p>
   </div>
   <div class='ocr_carea' id='block_1_37' title="bbox 257 2180 1825 2249">
    <p class='ocr_par' dir='ltr' id='par_1_37' title="bbox 257 2180 1825 2249">
     <span class='ocr_line' id='line_1_37' title="bbox 257 2180 1825 2249; baseline -0.001 -14"><span class='ocrx_word' id='word_1_247' title='bbox 257 2182 420 2235; x_wconf 88' lang='lat' dir='ltr'><strong>etiam</strong></span> <span class='ocrx_word' id='word_1_248' title='bbox 459 2195 573 2242; x_wconf 82' lang='lat' dir='ltr'><strong>eos,</strong></span> <span class='ocrx_word' id='word_1_249' title='bbox 604 2180 695 2249; x_wconf 90' lang='lat' dir='ltr'><strong>qui</strong></span> <span class='ocrx_word' id='word_1_250' title='bbox 721 2181 899 2233; x_wconf 87' lang='lat' dir='ltr'><strong>adhuc</strong></span> <span class='ocrx_word' id='word_1_251' title='bbox 923 2197 952 2234; x_wconf 92' lang='lat' dir='ltr'><strong>a</strong></span> <span class='ocrx_word' id='word_1_252' title='bbox 977 2181 1081 2234; x_wconf 88' lang='lat' dir='ltr'><strong>ﬁde</strong></span> <span class='ocrx_word' id='word_1_253' title='bbox 1112 2180 1273 2234; x_wconf 90' lang='lat' dir='ltr'><strong>alieni</strong></span> <span class='ocrx_word' id='word_1_254' title='bbox 1301 2190 1450 2243; x_wconf 90' lang='lat' dir='ltr'><strong>sunt,</strong></span> <span class='ocrx_word' id='word_1_255' title='bbox 1476 2181 1825 2235; x_wconf 88' lang='lat' dir='ltr'><strong>arbitremur.</strong></span> 
     </span>
    </p>
   </div>
   <div class='ocr_carea' id='block_1_38' title="bbox 260 2271 1825 2343">
    <p class='ocr_par' dir='ltr' id='par_1_38' title="bbox 260 2271 1825 2343">
     <span class='ocr_line' id='line_1_38' title="bbox 260 2271 1825 2343; baseline -0.001 -17"><span class='ocrx_word' id='word_1_256' title='bbox 260 2272 589 2343; x_wconf 71' lang='lat' dir='ltr'><strong>Alienigena:</strong></span> <span class='ocrx_word' id='word_1_257' title='bbox 642 2288 771 2341; x_wconf 82' lang='lat' dir='ltr'><strong>ergo</strong></span> <span class='ocrx_word' id='word_1_258' title='bbox 821 2282 953 2326; x_wconf 90' lang='lat' dir='ltr'><strong>sunt</strong></span> <span class='ocrx_word' id='word_1_259' title='bbox 1006 2288 1198 2327; x_wconf 89' lang='lat' dir='ltr'><strong>omnes</strong></span> <span class='ocrx_word' id='word_1_260' title='bbox 1252 2272 1344 2342; x_wconf 90' lang='lat' dir='ltr'><strong>qui</strong></span> <span class='ocrx_word' id='word_1_261' title='bbox 1388 2271 1478 2325; x_wconf 91' lang='lat' dir='ltr'><strong>Dei</strong></span> <span class='ocrx_word' id='word_1_262' title='bbox 1512 2272 1682 2340; x_wconf 88' lang='lat' dir='ltr'><strong>legem</strong></span> <span class='ocrx_word' id='word_1_263' title='bbox 1715 2288 1825 2326; x_wconf 89' lang='lat' dir='ltr'><strong>non</strong></span> 
     </span>
    </p>
   </div>
   <div class='ocr_carea' id='block_1_39' title="bbox 266 2362 1829 2434">
    <p class='ocr_par' dir='ltr' id='par_1_39' title="bbox 266 2362 1829 2434">
     <span class='ocr_line' id='line_1_39' title="bbox 266 2362 1829 2434; baseline -0.001 -18"><span class='ocrx_word' id='word_1_264' title='bbox 266 2364 586 2433; x_wconf 86' lang='lat' dir='ltr'><strong>suscipiunt,</strong></span> <span class='ocrx_word' id='word_1_265' title='bbox 633 2378 735 2417; x_wconf 86' lang='lat' dir='ltr'><strong>nec</strong></span> <span class='ocrx_word' id='word_1_266' title='bbox 792 2363 1123 2434; x_wconf 74' lang='lat' dir='ltr'><strong>evangelica:</strong></span> <span class='ocrx_word' id='word_1_267' title='bbox 1174 2363 1472 2433; x_wconf 86' lang='lat' dir='ltr'><strong>participes</strong></span> <span class='ocrx_word' id='word_1_268' title='bbox 1521 2362 1829 2417; x_wconf 79' lang='lat' dir='ltr'><strong>eﬁiciuntur</strong></span> 
     </span>
    </p>
   </div>
   <div class='ocr_carea' id='block_1_40' title="bbox 274 2454 1828 2525">
    <p class='ocr_par' dir='ltr' id='par_1_40' title="bbox 274 2454 1828 2525">
     <span class='ocr_line' id='line_1_40' title="bbox 274 2454 1828 2525; baseline 0.001 -18"><span class='ocrx_word' id='word_1_269' title='bbox 274 2456 471 2525; x_wconf 65' lang='lat' dir='ltr'><strong>gratim.</strong></span> <span class='ocrx_word' id='word_1_270' title='bbox 499 2455 644 2508; x_wconf 81' lang='lat' dir='ltr'><strong>Nihil</strong></span> <span class='ocrx_word' id='word_1_271' title='bbox 673 2455 819 2508; x_wconf 91' lang='lat' dir='ltr'><strong>enim</strong></span> <span class='ocrx_word' id='word_1_272' title='bbox 868 2455 922 2508; x_wconf 92' lang='lat' dir='ltr'><strong>hi</strong></span> <span class='ocrx_word' id='word_1_273' title='bbox 955 2456 1262 2523; x_wconf 79' lang='lat' dir='ltr'><strong>proximum</strong></span> <span class='ocrx_word' id='word_1_274' title='bbox 1295 2454 1538 2509; x_wconf 88' lang='lat' dir='ltr'><strong>aﬁiuitali</strong></span> <span class='ocrx_word' id='word_1_275' title='bbox 1576 2454 1693 2522; x_wconf 89' lang='lat' dir='ltr'><strong>Dei,</strong></span> <span class='ocrx_word' id='word_1_276' title='bbox 1730 2471 1828 2509; x_wconf 84' lang='lat' dir='ltr'><strong>ne-</strong></span> 
     </span>
    </p>
   </div>
   <div class='ocr_carea' id='block_1_41' title="bbox 272 2546 1826 2616">
    <p class='ocr_par' dir='ltr' id='par_1_41' title="bbox 272 2546 1826 2616">
     <span class='ocr_line' id='line_1_41' title="bbox 272 2546 1826 2616; baseline 0.001 -19"><span class='ocrx_word' id='word_1_277' title='bbox 272 2563 380 2616; x_wconf 88' lang='lat' dir='ltr'><strong>que</strong></span> <span class='ocrx_word' id='word_1_278' title='bbox 405 2555 681 2615; x_wconf 85' lang='lat' dir='ltr'><strong>cognatum</strong></span> <span class='ocrx_word' id='word_1_279' title='bbox 730 2547 975 2600; x_wconf 64' lang='lat' dir='ltr'><strong>scientia:</strong></span> <span class='ocrx_word' id='word_1_280' title='bbox 1014 2547 1135 2616; x_wconf 88' lang='lat' dir='ltr'><strong>ejus</strong></span> <span class='ocrx_word' id='word_1_281' title='bbox 1170 2546 1237 2599; x_wconf 93' lang='lat' dir='ltr'><strong>de</strong></span> <span class='ocrx_word' id='word_1_282' title='bbox 1265 2561 1331 2599; x_wconf 93' lang='lat' dir='ltr'><strong>eo</strong></span> <span class='ocrx_word' id='word_1_283' title='bbox 1362 2546 1665 2616; x_wconf 82' lang='lat' dir='ltr'><strong>intelligere</strong></span> <span class='ocrx_word' id='word_1_284' title='bbox 1696 2561 1826 2615; x_wconf 91' lang='lat' dir='ltr'><strong>pos-</strong></span> 
     </span>
    </p>
   </div>
   <div class='ocr_carea' id='block_1_42' title="bbox 268 2636 1828 2706">
    <p class='ocr_par' dir='ltr' id='par_1_42' title="bbox 268 2636 1828 2706">
     <span class='ocr_line' id='line_1_42' title="bbox 268 2636 1828 2706; baseline 0.001 -16"><span class='ocrx_word' id='word_1_285' title='bbox 268 2646 431 2691; x_wconf 87' lang='lat' dir='ltr'><strong>sunt:</strong></span> <span class='ocrx_word' id='word_1_286' title='bbox 463 2637 603 2690; x_wconf 90' lang='lat' dir='ltr'><strong>unde</strong></span> <span class='ocrx_word' id='word_1_287' title='bbox 648 2645 703 2689; x_wconf 92' lang='lat' dir='ltr'><strong>et</strong></span> <span class='ocrx_word' id='word_1_288' title='bbox 728 2636 1067 2706; x_wconf 64' lang='lat' dir='ltr'><strong>alienigenae.</strong></span> <span class='ocrx_word' id='word_1_289' title='bbox 1121 2636 1263 2691; x_wconf 91' lang='lat' dir='ltr'><strong>sicut</strong></span> <span class='ocrx_word' id='word_1_290' title='bbox 1308 2637 1462 2705; x_wconf 90' lang='lat' dir='ltr'><strong>quia</strong></span> <span class='ocrx_word' id='word_1_291' title='bbox 1489 2637 1828 2691; x_wconf 73' lang='lat' dir='ltr'><strong>daemonibus</strong></span> 
     </span>
    </p>
   </div>
   <div class='ocr_carea' id='block_1_43' title="bbox 258 2729 1826 2800">
    <p class='ocr_par' dir='ltr' id='par_1_43' title="bbox 258 2729 1826 2800">
     <span class='ocr_line' id='line_1_43' title="bbox 258 2729 1826 2800; baseline 0.001 -19"><span class='ocrx_word' id='word_1_292' title='bbox 258 2729 615 2790; x_wconf 88' lang='lat' dir='ltr'><strong>seducuntur,</strong></span> <span class='ocrx_word' id='word_1_293' title='bbox 663 2739 717 2782; x_wconf 92' lang='lat' dir='ltr'><strong>et</strong></span> <span class='ocrx_word' id='word_1_294' title='bbox 746 2731 1125 2800; x_wconf 86' lang='lat' dir='ltr'><strong>cognationem</strong></span> <span class='ocrx_word' id='word_1_295' title='bbox 1167 2745 1355 2783; x_wconf 91' lang='lat' dir='ltr'><strong>eorum</strong></span> <span class='ocrx_word' id='word_1_296' title='bbox 1395 2730 1826 2800; x_wconf 84' lang='lat' dir='ltr'><strong>amplectuntur,</strong></span> 
     </span>
    </p>
   </div>
   <div class='ocr_carea' id='block_1_44' title="bbox 260 2819 1827 2891">
    <p class='ocr_par' dir='ltr' id='par_1_44' title="bbox 260 2819 1827 2891">
     <span class='ocr_line' id='line_1_44' title="bbox 260 2819 1827 2891; baseline 0.001 -18"><span class='ocrx_word' id='word_1_297' title='bbox 260 2819 318 2873; x_wconf 88' lang='lat' dir='ltr'><strong>hi</strong></span> <span class='ocrx_word' id='word_1_298' title='bbox 343 2822 488 2874; x_wconf 91' lang='lat' dir='ltr'><strong>enim</strong></span> <span class='ocrx_word' id='word_1_299' title='bbox 523 2836 555 2873; x_wconf 88' lang='lat' dir='ltr'><strong>a</strong></span> <span class='ocrx_word' id='word_1_300' title='bbox 581 2820 758 2883; x_wconf 73' lang='lat' dir='ltr'><strong>nobis,</strong></span> <span class='ocrx_word' id='word_1_301' title='bbox 785 2829 838 2874; x_wconf 88' lang='lat' dir='ltr'><strong>et</strong></span> <span class='ocrx_word' id='word_1_302' title='bbox 864 2836 891 2873; x_wconf 87' lang='lat' dir='ltr'><strong>a</strong></span> <span class='ocrx_word' id='word_1_303' title='bbox 930 2820 1037 2874; x_wconf 90' lang='lat' dir='ltr'><strong>Deo</strong></span> <span class='ocrx_word' id='word_1_304' title='bbox 1071 2820 1237 2874; x_wconf 88' lang='lat' dir='ltr'><strong>alieni</strong></span> <span class='ocrx_word' id='word_1_305' title='bbox 1266 2830 1416 2885; x_wconf 90' lang='lat' dir='ltr'><strong>sunt,</strong></span> <span class='ocrx_word' id='word_1_306' title='bbox 1448 2830 1597 2876; x_wconf 89' lang='lat' dir='ltr'><strong>recte</strong></span> <span class='ocrx_word' id='word_1_307' title='bbox 1636 2821 1827 2891; x_wconf 91' lang='lat' dir='ltr'><strong>appel-</strong></span> 
     </span>
    </p>
   </div>
   <div class='ocr_carea' id='block_1_45' title="bbox 259 2909 1827 2981">
    <p class='ocr_par' dir='ltr' id='par_1_45' title="bbox 259 2909 1827 2981">
     <span class='ocr_line' id='line_1_45' title="bbox 259 2909 1827 2981; baseline 0.001 -18"><span class='ocrx_word' id='word_1_308' title='bbox 259 2909 462 2971; x_wconf 88' lang='lat' dir='ltr'><strong>lantur,</strong></span> <span class='ocrx_word' id='word_1_309' title='bbox 515 2911 582 2965; x_wconf 93' lang='lat' dir='ltr'><strong>de</strong></span> <span class='ocrx_word' id='word_1_310' title='bbox 640 2911 833 2979; x_wconf 90' lang='lat' dir='ltr'><strong>quibus</strong></span> <span class='ocrx_word' id='word_1_311' title='bbox 891 2910 1058 2964; x_wconf 83' lang='lat' dir='ltr'><strong>David</strong></span> <span class='ocrx_word' id='word_1_312' title='bbox 1106 2911 1410 2980; x_wconf 84' lang='lat' dir='ltr'><strong>psallebat:</strong></span> <span class='ocrx_word' id='word_1_313' title='bbox 1459 2912 1619 2981; x_wconf 86' lang='lat' dir='ltr'><strong>Eripe</strong></span> <span class='ocrx_word' id='word_1_314' title='bbox 1645 2929 1745 2978; x_wconf 88' lang='lat' dir='ltr'><strong>me,</strong></span> <span class='ocrx_word' id='word_1_315' title='bbox 1776 2920 1827 2965; x_wconf 90' lang='lat' dir='ltr'><strong>et</strong></span> 
     </span>
    </p>
   </div>
   <div class='ocr_carea' id='block_1_46' title="bbox 259 3003 1828 3075">
    <p class='ocr_par' dir='ltr' id='par_1_46' title="bbox 259 3003 1828 3075">
     <span class='ocr_line' id='line_1_46' title="bbox 259 3003 1828 3075; baseline 0.001 -20"><span class='ocrx_word' id='word_1_316' title='bbox 259 3003 423 3057; x_wconf 83' lang='lat' dir='ltr'><strong>libera</strong></span> <span class='ocrx_word' id='word_1_317' title='bbox 458 3020 541 3057; x_wconf 87' lang='lat' dir='ltr'><strong>me</strong></span> <span class='ocrx_word' id='word_1_318' title='bbox 576 3004 639 3056; x_wconf 85' lang='lat' dir='ltr'><strong>de</strong></span> <span class='ocrx_word' id='word_1_319' title='bbox 673 3020 834 3057; x_wconf 86' lang='lat' dir='ltr'><strong>manu</strong></span> <span class='ocrx_word' id='word_1_320' title='bbox 885 3003 1116 3071; x_wconf 77' lang='lat' dir='ltr'><strong>ﬁliorum</strong></span> <span class='ocrx_word' id='word_1_321' title='bbox 1172 3004 1487 3068; x_wconf 76' lang='lat' dir='ltr'><strong>alienorum,</strong></span> <span class='ocrx_word' id='word_1_322' title='bbox 1515 3021 1736 3075; x_wconf 87' lang='lat' dir='ltr'><strong>quorum</strong></span> <span class='ocrx_word' id='word_1_323' title='bbox 1771 3021 1828 3058; x_wconf 80' lang='lat' dir='ltr'><strong>os</strong></span> 
     </span>
    </p>
   </div>
   <div class='ocr_carea' id='block_1_47' title="bbox 260 3094 1827 3165">
    <p class='ocr_par' dir='ltr' id='par_1_47' title="bbox 260 3094 1827 3165">
     <span class='ocr_line' id='line_1_47' title="bbox 260 3094 1827 3165; baseline 0.003 -20"><span class='ocrx_word' id='word_1_324' title='bbox 260 3094 491 3146; x_wconf 83' lang='lat' dir='ltr'><strong>locutum</strong></span> <span class='ocrx_word' id='word_1_325' title='bbox 524 3102 597 3147; x_wconf 80' lang='lat' dir='ltr'><strong>est</strong></span> <span class='ocrx_word' id='word_1_326' title='bbox 642 3095 931 3147; x_wconf 85' lang='lat' dir='ltr'><strong>vanitatem</strong></span> <span class='ocrx_word' id='word_1_327' title='bbox 947 3095 1014 3147; x_wconf 81' lang='grc'><strong>⁷⁸.</strong></span> <span class='ocrx_word' id='word_1_328' title='bbox 1065 3094 1168 3159; x_wconf 81' lang='lat' dir='ltr'><strong>Qui</strong></span> <span class='ocrx_word' id='word_1_329' title='bbox 1196 3103 1378 3150; x_wconf 90' lang='lat' dir='ltr'><strong>autem</strong></span> <span class='ocrx_word' id='word_1_330' title='bbox 1410 3096 1704 3165; x_wconf 90' lang='lat' dir='ltr'><strong>loquuntur</strong></span> <span class='ocrx_word' id='word_1_331' title='bbox 1732 3112 1827 3151; x_wconf 90' lang='lat' dir='ltr'><strong>va—</strong></span> 
     </span>
    </p>
   </div>
   <div class='ocr_carea' id='block_1_48' title="bbox 260 3184 1827 3254">
    <p class='ocr_par' dir='ltr' id='par_1_48' title="bbox 260 3184 1827 3254">
     <span class='ocr_line' id='line_1_48' title="bbox 260 3184 1827 3254; baseline 0.003 -17"><span class='ocrx_word' id='word_1_332' title='bbox 260 3184 508 3248; x_wconf 88' lang='lat' dir='ltr'><strong>nitatem,</strong></span> <span class='ocrx_word' id='word_1_333' title='bbox 540 3186 771 3238; x_wconf 78' lang='lat' dir='ltr'><strong>maxime</strong></span> <span class='ocrx_word' id='word_1_334' title='bbox 802 3199 1135 3254; x_wconf 78' lang='lat' dir='ltr'><strong>paganorum</strong></span> <span class='ocrx_word' id='word_1_335' title='bbox 1163 3185 1275 3250; x_wconf 90' lang='lat' dir='ltr'><strong>ﬁlii,</strong></span> <span class='ocrx_word' id='word_1_336' title='bbox 1309 3185 1399 3254; x_wconf 90' lang='lat' dir='ltr'><strong>qui</strong></span> <span class='ocrx_word' id='word_1_337' title='bbox 1431 3194 1705 3240; x_wconf 86' lang='lat' dir='ltr'><strong>terrenam</strong></span> <span class='ocrx_word' id='word_1_338' title='bbox 1740 3202 1827 3241; x_wconf 90' lang='lat' dir='ltr'><strong>sa-</strong></span> 
     </span>
    </p>
   </div>
   <div class='ocr_carea' id='block_1_49' title="bbox 260 3277 1827 3345">
    <p class='ocr_par' dir='ltr' id='par_1_49' title="bbox 260 3277 1827 3345">
     <span class='ocr_line' id='line_1_49' title="bbox 260 3277 1827 3345; baseline 0.003 -16"><span class='ocrx_word' id='word_1_339' title='bbox 260 3277 545 3345; x_wconf 90' lang='lat' dir='ltr'><strong>pientiam,</strong></span> <span class='ocrx_word' id='word_1_340' title='bbox 578 3285 631 3330; x_wconf 91' lang='lat' dir='ltr'><strong>et</strong></span> <span class='ocrx_word' id='word_1_341' title='bbox 673 3277 983 3343; x_wconf 89' lang='lat' dir='ltr'><strong>animalem,</strong></span> <span class='ocrx_word' id='word_1_342' title='bbox 1033 3286 1088 3332; x_wconf 89' lang='lat' dir='ltr'><strong>et</strong></span> <span class='ocrx_word' id='word_1_343' title='bbox 1130 3278 1478 3341; x_wconf 90' lang='lat' dir='ltr'><strong>diabolicam,</strong></span> <span class='ocrx_word' id='word_1_344' title='bbox 1523 3279 1827 3334; x_wconf 88' lang='lat' dir='ltr'><strong>secundum</strong></span> 
     </span>
    </p>
   </div>
   <div class='ocr_carea' id='block_1_50' title="bbox 258 3366 1827 3436">
    <p class='ocr_par' dir='ltr' id='par_1_50' title="bbox 258 3366 1827 3436">
     <span class='ocr_line' id='line_1_50' title="bbox 258 3366 1827 3436; baseline 0.004 -18"><span class='ocrx_word' id='word_1_345' title='bbox 258 3367 403 3436; x_wconf 89' lang='lat' dir='ltr'><strong>quod</strong></span> <span class='ocrx_word' id='word_1_346' title='bbox 428 3368 503 3421; x_wconf 93' lang='lat' dir='ltr'><strong>ait</strong></span> <span class='ocrx_word' id='word_1_347' title='bbox 533 3366 789 3430; x_wconf 71' lang='lat' dir='ltr'><strong>Iacobus,</strong></span> <span class='ocrx_word' id='word_1_348' title='bbox 824 3368 1110 3424; x_wconf 81' lang='lat' dir='ltr'><strong>habent&quot;.</strong></span> <span class='ocrx_word' id='word_1_349' title='bbox 1132 3368 1267 3424; x_wconf 91' lang='lat' dir='ltr'><strong>Cum</strong></span> <span class='ocrx_word' id='word_1_350' title='bbox 1309 3370 1394 3424; x_wconf 89' lang='lat' dir='ltr'><strong>his</strong></span> <span class='ocrx_word' id='word_1_351' title='bbox 1420 3370 1655 3425; x_wconf 88' lang='lat' dir='ltr'><strong>dicimus</strong></span> <span class='ocrx_word' id='word_1_352' title='bbox 1691 3372 1827 3425; x_wconf 88' lang='lat' dir='ltr'><strong>alie-</strong></span> 
     </span>
    </p>
   </div>
   <div class='ocr_carea' id='block_1_51' title="bbox 259 3459 1824 3535">
    <p class='ocr_par' dir='ltr' id='par_1_51' title="bbox 259 3459 1824 3535">
     <span class='ocr_line' id='line_1_51' title="bbox 259 3459 1824 3535; baseline 0.004 -23"><span class='ocrx_word' id='word_1_353' title='bbox 259 3459 535 3529; x_wconf 80' lang='lat' dir='ltr'><strong>nigenam,</strong></span> <span class='ocrx_word' id='word_1_354' title='bbox 565 3460 655 3527; x_wconf 93' lang='lat' dir='ltr'><strong>qui</strong></span> <span class='ocrx_word' id='word_1_355' title='bbox 685 3475 806 3528; x_wconf 66' lang='lat' dir='ltr'><strong>quae</strong></span> <span class='ocrx_word' id='word_1_356' title='bbox 831 3461 1006 3515; x_wconf 89' lang='lat' dir='ltr'><strong>aliena</strong></span> <span class='ocrx_word' id='word_1_357' title='bbox 1048 3471 1177 3515; x_wconf 91' lang='lat' dir='ltr'><strong>sunt</strong></span> <span class='ocrx_word' id='word_1_358' title='bbox 1204 3478 1233 3515; x_wconf 91' lang='lat' dir='ltr'><strong>a</strong></span> <span class='ocrx_word' id='word_1_359' title='bbox 1261 3462 1522 3532; x_wconf 87' lang='lat' dir='ltr'><strong>dignitate</strong></span> <span class='ocrx_word' id='word_1_360' title='bbox 1552 3466 1824 3535; x_wconf 89' lang='lat' dir='ltr'><strong>mysterii,</strong></span> 
     </span>
    </p>
   </div>
   <div class='ocr_carea' id='block_1_52' title="bbox 258 3549 1829 3620">
    <p class='ocr_par' dir='ltr' id='par_1_52' title="bbox 258 3549 1829 3620">
     <span class='ocr_line' id='line_1_52' title="bbox 258 3549 1829 3620; baseline 0.006 -18"><span class='ocrx_word' id='word_1_361' title='bbox 258 3549 328 3602; x_wconf 89' lang='lat' dir='ltr'><strong>de</strong></span> <span class='ocrx_word' id='word_1_362' title='bbox 359 3564 425 3602; x_wconf 91' lang='lat' dir='ltr'><strong>eo</strong></span> <span class='ocrx_word' id='word_1_363' title='bbox 478 3549 833 3620; x_wconf 89' lang='lat' dir='ltr'><strong>intelligunt:</strong></span> <span class='ocrx_word' id='word_1_364' title='bbox 882 3552 1340 3619; x_wconf 89' lang='lat' dir='ltr'><strong>quemadmodum</strong></span> <span class='ocrx_word' id='word_1_365' title='bbox 1370 3554 1436 3607; x_wconf 92' lang='lat' dir='ltr'><strong>ad</strong></span> <span class='ocrx_word' id='word_1_366' title='bbox 1464 3554 1647 3609; x_wconf 89' lang='lat' dir='ltr'><strong>cibum</strong></span> <span class='ocrx_word' id='word_1_367' title='bbox 1678 3570 1829 3610; x_wconf 88' lang='lat' dir='ltr'><strong>com-</strong></span> 
     </span>
    </p>
   </div>
   <div class='ocr_carea' id='block_1_53' title="bbox 259 3642 1828 3711">
    <p class='ocr_par' dir='ltr' id='par_1_53' title="bbox 259 3642 1828 3711">
     <span class='ocr_line' id='line_1_53' title="bbox 259 3642 1828 3711; baseline 0.005 -16"><span class='ocrx_word' id='word_1_368' title='bbox 259 3658 502 3706; x_wconf 80' lang='lat' dir='ltr'><strong>munem,</strong></span> <span class='ocrx_word' id='word_1_369' title='bbox 532 3642 605 3697; x_wconf 90' lang='lat' dir='ltr'><strong>ita</strong></span> <span class='ocrx_word' id='word_1_370' title='bbox 631 3644 698 3698; x_wconf 90' lang='lat' dir='ltr'><strong>ad</strong></span> <span class='ocrx_word' id='word_1_371' title='bbox 737 3644 980 3698; x_wconf 89' lang='lat' dir='ltr'><strong>divinum</strong></span> <span class='ocrx_word' id='word_1_372' title='bbox 1008 3646 1296 3711; x_wconf 89' lang='lat' dir='ltr'><strong>accedunt,</strong></span> <span class='ocrx_word' id='word_1_373' title='bbox 1334 3654 1389 3701; x_wconf 89' lang='lat' dir='ltr'><strong>et</strong></span> <span class='ocrx_word' id='word_1_374' title='bbox 1416 3648 1713 3702; x_wconf 89' lang='lat' dir='ltr'><strong>carnaliter</strong></span> <span class='ocrx_word' id='word_1_375' title='bbox 1743 3650 1828 3703; x_wconf 82' lang='lat' dir='ltr'><strong>di-</strong></span> 
     </span>
    </p>
   </div>
   <div class='ocr_carea' id='block_1_54' title="bbox 258 3732 1829 3808">
    <p class='ocr_par' dir='ltr' id='par_1_54' title="bbox 258 3732 1829 3808">
     <span class='ocr_line' id='line_1_54' title="bbox 258 3732 1829 3808; baseline 0.006 -24"><span class='ocrx_word' id='word_1_376' title='bbox 258 3732 388 3786; x_wconf 74' lang='lat' dir='ltr'><strong>vina</strong></span> <span class='ocrx_word' id='word_1_377' title='bbox 425 3740 481 3786; x_wconf 88' lang='lat' dir='ltr'><strong>et</strong></span> <span class='ocrx_word' id='word_1_378' title='bbox 537 3733 778 3787; x_wconf 86' lang='lat' dir='ltr'><strong>coelestia</strong></span> <span class='ocrx_word' id='word_1_379' title='bbox 835 3734 1214 3803; x_wconf 89' lang='lat' dir='ltr'><strong>conspiciunt:</strong></span> <span class='ocrx_word' id='word_1_380' title='bbox 1267 3745 1416 3791; x_wconf 90' lang='lat' dir='ltr'><strong>recte</strong></span> <span class='ocrx_word' id='word_1_381' title='bbox 1460 3752 1589 3808; x_wconf 90' lang='lat' dir='ltr'><strong>ergo</strong></span> <span class='ocrx_word' id='word_1_382' title='bbox 1627 3738 1696 3793; x_wconf 91' lang='lat' dir='ltr'><strong>ab</strong></span> <span class='ocrx_word' id='word_1_383' title='bbox 1745 3739 1829 3793; x_wconf 90' lang='lat' dir='ltr'><strong>his</strong></span> 
     </span>
    </p>
   </div>
   <div class='ocr_carea' id='block_1_55' title="bbox 256 3823 1829 3894">
    <p class='ocr_par' dir='ltr' id='par_1_55' title="bbox 256 3823 1829 3894">
     <span class='ocr_line' id='line_1_55' title="bbox 256 3823 1829 3894; baseline 0.004 -19"><span class='ocrx_word' id='word_1_384' title='bbox 256 3823 421 3876; x_wconf 88' lang='lat' dir='ltr'><strong>etiam</strong></span> <span class='ocrx_word' id='word_1_385' title='bbox 460 3824 579 3876; x_wconf 91' lang='lat' dir='ltr'><strong>talis</strong></span> <span class='ocrx_word' id='word_1_386' title='bbox 608 3824 949 3892; x_wconf 87' lang='lat' dir='ltr'><strong>prohibetur.</strong></span> <span class='ocrx_word' id='word_1_387' title='bbox 985 3824 1285 3894; x_wconf 91' lang='lat' dir='ltr'><strong>lnquilinus</strong></span> <span class='ocrx_word' id='word_1_388' title='bbox 1312 3835 1493 3880; x_wconf 91' lang='lat' dir='ltr'><strong>autem</strong></span> <span class='ocrx_word' id='word_1_389' title='bbox 1530 3830 1829 3883; x_wconf 87' lang='lat' dir='ltr'><strong>sacerdotis</strong></span> 
     </span>
    </p>
   </div>
   <div class='ocr_carea' id='block_1_56' title="bbox 254 3911 1829 3983">
    <p class='ocr_par' dir='ltr' id='par_1_56' title="bbox 254 3911 1829 3983">
     <span class='ocr_line' id='line_1_56' title="bbox 254 3911 1829 3983; baseline 0.002 -18"><span class='ocrx_word' id='word_1_390' title='bbox 254 3920 361 3975; x_wconf 78' lang='lat' dir='ltr'><strong>est,</strong></span> <span class='ocrx_word' id='word_1_391' title='bbox 389 3911 482 3980; x_wconf 85' lang='lat' dir='ltr'><strong>qui</strong></span> <span class='ocrx_word' id='word_1_392' title='bbox 513 3928 620 3965; x_wconf 92' lang='lat' dir='ltr'><strong>non</strong></span> <span class='ocrx_word' id='word_1_393' title='bbox 647 3928 783 3981; x_wconf 90' lang='lat' dir='ltr'><strong>pure</strong></span> <span class='ocrx_word' id='word_1_394' title='bbox 815 3913 872 3966; x_wconf 92' lang='lat' dir='ltr'><strong>iu</strong></span> <span class='ocrx_word' id='word_1_395' title='bbox 917 3913 1038 3981; x_wconf 84' lang='lat' dir='ltr'><strong>ejus</strong></span> <span class='ocrx_word' id='word_1_396' title='bbox 1067 3913 1244 3966; x_wconf 90' lang='lat' dir='ltr'><strong>aulam</strong></span> <span class='ocrx_word' id='word_1_397' title='bbox 1286 3914 1617 3983; x_wconf 88' lang='lat' dir='ltr'><strong>ingreditur,</strong></span> <span class='ocrx_word' id='word_1_398' title='bbox 1649 3929 1829 3982; x_wconf 90' lang='lat' dir='ltr'><strong>neque</strong></span> 
     </span>
    </p>
   </div>
   <div class='ocr_carea' id='block_1_57' title="bbox 256 4002 1826 4074">
    <p class='ocr_par' dir='ltr' id='par_1_57' title="bbox 256 4002 1826 4074">
     <span class='ocr_line' id='line_1_57' title="bbox 256 4002 1826 4074; baseline 0.001 -18"><span class='ocrx_word' id='word_1_399' title='bbox 256 4002 624 4057; x_wconf 81' lang='lat' dir='ltr'><strong>reverentiam</strong></span> <span class='ocrx_word' id='word_1_400' title='bbox 669 4003 885 4072; x_wconf 87' lang='lat' dir='ltr'><strong>dignam</strong></span> <span class='ocrx_word' id='word_1_401' title='bbox 935 4003 985 4056; x_wconf 92' lang='lat' dir='ltr'><strong>ei</strong></span> <span class='ocrx_word' id='word_1_402' title='bbox 1037 4002 1261 4071; x_wconf 74' lang='lat' dir='ltr'><strong>pnebet,</strong></span> <span class='ocrx_word' id='word_1_403' title='bbox 1320 4011 1417 4056; x_wconf 91' lang='lat' dir='ltr'><strong>aut</strong></span> <span class='ocrx_word' id='word_1_404' title='bbox 1464 4003 1826 4074; x_wconf 89' lang='lat' dir='ltr'><strong>diligentiam.</strong></span> 
     </span>
    </p>
   </div>
   <div class='ocr_carea' id='block_1_58' title="bbox 256 4094 1826 4164">
    <p class='ocr_par' dir='ltr' id='par_1_58' title="bbox 256 4094 1826 4164">
     <span class='ocr_line' id='line_1_58' title="bbox 256 4094 1826 4164; baseline 0.003 -17"><span class='ocrx_word' id='word_1_405' title='bbox 256 4094 732 4161; x_wconf 86' lang='lat' dir='ltr'><strong>Quemadmodum</strong></span> <span class='ocrx_word' id='word_1_406' title='bbox 761 4096 907 4149; x_wconf 92' lang='lat' dir='ltr'><strong>enim</strong></span> <span class='ocrx_word' id='word_1_407' title='bbox 962 4096 1263 4164; x_wconf 90' lang='lat' dir='ltr'><strong>inquilinus</strong></span> <span class='ocrx_word' id='word_1_408' title='bbox 1307 4097 1649 4151; x_wconf 88' lang='lat' dir='ltr'><strong>solummodo</strong></span> <span class='ocrx_word' id='word_1_409' title='bbox 1673 4112 1826 4152; x_wconf 92' lang='lat' dir='ltr'><strong>suam</strong></span> 
     </span>
    </p>
   </div>
   <div class='ocr_carea' id='block_1_59' title="bbox 256 4185 1828 4257">
    <p class='ocr_par' dir='ltr' id='par_1_59' title="bbox 256 4185 1828 4257">
     <span class='ocr_line' id='line_1_59' title="bbox 256 4185 1828 4257; baseline 0.001 -17"><span class='ocrx_word' id='word_1_410' title='bbox 256 4188 371 4257; x_wconf 85' lang='lat' dir='ltr'><strong>agit</strong></span> <span class='ocrx_word' id='word_1_411' title='bbox 399 4186 711 4249; x_wconf 90' lang='lat' dir='ltr'><strong>utilitatem,</strong></span> <span class='ocrx_word' id='word_1_412' title='bbox 746 4194 801 4239; x_wconf 88' lang='lat' dir='ltr'><strong>et</strong></span> <span class='ocrx_word' id='word_1_413' title='bbox 846 4200 945 4255; x_wconf 89' lang='lat' dir='ltr'><strong>per</strong></span> <span class='ocrx_word' id='word_1_414' title='bbox 980 4186 1218 4255; x_wconf 88' lang='lat' dir='ltr'><strong>singulos</strong></span> <span class='ocrx_word' id='word_1_415' title='bbox 1243 4185 1363 4241; x_wconf 87' lang='lat' dir='ltr'><strong>dies</strong></span> <span class='ocrx_word' id='word_1_416' title='bbox 1398 4195 1680 4255; x_wconf 86' lang='lat' dir='ltr'><strong>exspectat</strong></span> <span class='ocrx_word' id='word_1_417' title='bbox 1724 4189 1828 4241; x_wconf 89' lang='lat' dir='ltr'><strong>mi-</strong></span> 
     </span>
    </p>
   </div>
   <div class='ocr_carea' id='block_1_60' title="bbox 261 4277 1829 4349">
    <p class='ocr_par' dir='ltr' id='par_1_60' title="bbox 261 4277 1829 4349">
     <span class='ocr_line' id='line_1_60' title="bbox 261 4277 1829 4349; baseline 0.001 -18"><span class='ocrx_word' id='word_1_418' title='bbox 261 4278 429 4348; x_wconf 85' lang='lat' dir='ltr'><strong>grari,</strong></span> <span class='ocrx_word' id='word_1_419' title='bbox 469 4293 581 4333; x_wconf 90' lang='lat' dir='ltr'><strong>non</strong></span> <span class='ocrx_word' id='word_1_420' title='bbox 636 4289 817 4332; x_wconf 89' lang='lat' dir='ltr'><strong>autem</strong></span> <span class='ocrx_word' id='word_1_421' title='bbox 859 4277 1097 4346; x_wconf 88' lang='lat' dir='ltr'><strong>pertinet</strong></span> <span class='ocrx_word' id='word_1_422' title='bbox 1132 4278 1179 4331; x_wconf 88' lang='lat' dir='ltr'><strong>ei</strong></span> <span class='ocrx_word' id='word_1_423' title='bbox 1217 4278 1258 4331; x_wconf 93' lang='lat' dir='ltr'><strong>si</strong></span> <span class='ocrx_word' id='word_1_424' title='bbox 1290 4278 1414 4347; x_wconf 88' lang='lat' dir='ltr'><strong>jura</strong></span> <span class='ocrx_word' id='word_1_425' title='bbox 1468 4279 1661 4333; x_wconf 91' lang='lat' dir='ltr'><strong>domus</strong></span> <span class='ocrx_word' id='word_1_426' title='bbox 1707 4280 1829 4349; x_wconf 88' lang='lat' dir='ltr'><strong>qui-</strong></span> 
     </span>
    </p>
   </div>
   <div class='ocr_carea' id='block_1_61' title="bbox 268 4369 1826 4440">
    <p class='ocr_par' dir='ltr' id='par_1_61' title="bbox 268 4369 1826 4440">
     <span class='ocr_line' id='line_1_61' title="bbox 268 4369 1826 4440; baseline -0.001 -16"><span class='ocrx_word' id='word_1_427' title='bbox 268 4371 390 4425; x_wconf 88' lang='lat' dir='ltr'><strong>dam</strong></span> <span class='ocrx_word' id='word_1_428' title='bbox 436 4369 700 4437; x_wconf 88' lang='lat' dir='ltr'><strong>diripiant</strong></span> <span class='ocrx_word' id='word_1_429' title='bbox 730 4379 822 4423; x_wconf 87' lang='lat' dir='ltr'><strong>aut</strong></span> <span class='ocrx_word' id='word_1_430' title='bbox 859 4369 1204 4433; x_wconf 90' lang='lat' dir='ltr'><strong>subtrahant,</strong></span> <span class='ocrx_word' id='word_1_431' title='bbox 1244 4370 1325 4423; x_wconf 90' lang='lat' dir='ltr'><strong>sic</strong></span> <span class='ocrx_word' id='word_1_432' title='bbox 1358 4379 1485 4423; x_wconf 91' lang='lat' dir='ltr'><strong>sunt</strong></span> <span class='ocrx_word' id='word_1_433' title='bbox 1534 4372 1609 4435; x_wconf 92' lang='lat' dir='ltr'><strong>hi,</strong></span> <span class='ocrx_word' id='word_1_434' title='bbox 1640 4372 1732 4440; x_wconf 89' lang='lat' dir='ltr'><strong>qui</strong></span> <span class='ocrx_word' id='word_1_435' title='bbox 1771 4373 1826 4424; x_wconf 91' lang='lat' dir='ltr'><strong>in</strong></span> 
     </span>
    </p>
   </div>
   <div class='ocr_carea' id='block_1_62' title="bbox 2000 1899 3497 1973">
    <p class='ocr_par' dir='ltr' id='par_1_62' title="bbox 2000 1899 3497 1973">
     <span class='ocr_line' id='line_1_62' title="bbox 2000 1899 3497 1973; baseline 0.006 -20"><span class='ocrx_word' id='word_1_436' title='bbox 2000 1899 2103 1953; x_wconf 87' lang='lat' dir='ltr'><strong>Sed</strong></span> <span class='ocrx_word' id='word_1_437' title='bbox 2129 1911 2178 1953; x_wconf 90' lang='lat' dir='ltr'><strong>et</strong></span> <span class='ocrx_word' id='word_1_438' title='bbox 2208 1902 2473 1953; x_wconf 85' lang='lat' dir='ltr'><strong>vernaculi</strong></span> <span class='ocrx_word' id='word_1_439' title='bbox 2507 1904 2640 1970; x_wconf 82' lang='lat' dir='ltr'><strong>ejus.</strong></span> <span class='ocrx_word' id='word_1_440' title='bbox 2674 1902 2725 1957; x_wconf 90' lang='lat' dir='ltr'><strong>Id</strong></span> <span class='ocrx_word' id='word_1_441' title='bbox 2766 1912 2869 1968; x_wconf 84' lang='lat' dir='ltr'><strong>est,</strong></span> <span class='ocrx_word' id='word_1_442' title='bbox 2903 1906 2993 1973; x_wconf 92' lang='lat' dir='ltr'><strong>qui</strong></span> <span class='ocrx_word' id='word_1_443' title='bbox 3021 1906 3073 1957; x_wconf 88' lang='lat' dir='ltr'><strong>in</strong></span> <span class='ocrx_word' id='word_1_444' title='bbox 3108 1905 3211 1959; x_wconf 87' lang='lat' dir='ltr'><strong>ﬁde</strong></span> <span class='ocrx_word' id='word_1_445' title='bbox 3242 1906 3364 1973; x_wconf 88' lang='lat' dir='ltr'><strong>ejus</strong></span> <span class='ocrx_word' id='word_1_446' title='bbox 3387 1921 3497 1963; x_wconf 70' lang='grc' dir='ltr'><strong>ηυο</strong></span> 
     </span>
    </p>
   </div>
   <div class='ocr_carea' id='block_1_63' title="bbox 1928 1990 3497 2065">
    <p class='ocr_par' dir='ltr' id='par_1_63' title="bbox 1928 1990 3497 2065">
     <span class='ocr_line' id='line_1_63' title="bbox 1928 1990 3497 2065; baseline 0.007 -25"><span class='ocrx_word' id='word_1_447' title='bbox 1928 1990 2061 2052; x_wconf 88' lang='lat' dir='ltr'><strong>triti,</strong></span> <span class='ocrx_word' id='word_1_448' title='bbox 2078 1998 2132 2045; x_wconf 87' lang='lat' dir='ltr'><strong>et</strong></span> <span class='ocrx_word' id='word_1_449' title='bbox 2156 1990 2210 2043; x_wconf 90' lang='lat' dir='ltr'><strong>in</strong></span> <span class='ocrx_word' id='word_1_450' title='bbox 2224 1990 2543 2061; x_wconf 88' lang='lat' dir='ltr'><strong>intelligibili</strong></span> <span class='ocrx_word' id='word_1_451' title='bbox 2560 1992 2945 2055; x_wconf 85' lang='lat' dir='ltr'><strong>domo,Christi</strong></span> <span class='ocrx_word' id='word_1_452' title='bbox 2966 1995 3215 2050; x_wconf 79' lang='lat' dir='ltr'><strong>videlicet</strong></span> <span class='ocrx_word' id='word_1_453' title='bbox 3238 1996 3497 2065; x_wconf 72' lang='lat' dir='ltr'><strong>Ecclesia,</strong></span> 
     </span>
    </p>
   </div>
   <div class='ocr_carea' id='block_1_64' title="bbox 1934 2082 3495 2157">
    <p class='ocr_par' dir='ltr' id='par_1_64' title="bbox 1934 2082 3495 2157">
     <span class='ocr_line' id='line_1_64' title="bbox 1934 2082 3495 2157; baseline 0.005 -23"><span class='ocrx_word' id='word_1_454' title='bbox 1934 2082 2145 2135; x_wconf 74' lang='lat' dir='ltr'><strong>educati</strong></span> <span class='ocrx_word' id='word_1_455' title='bbox 2184 2092 2313 2136; x_wconf 86' lang='lat' dir='ltr'><strong>sunt</strong></span> <span class='ocrx_word' id='word_1_456' title='bbox 2354 2099 2450 2153; x_wconf 92' lang='lat' dir='ltr'><strong>per</strong></span> <span class='ocrx_word' id='word_1_457' title='bbox 2482 2094 2768 2154; x_wconf 90' lang='lat' dir='ltr'><strong>parentum</strong></span> <span class='ocrx_word' id='word_1_458' title='bbox 2813 2085 2995 2141; x_wconf 90' lang='lat' dir='ltr'><strong>ﬁdem.</strong></span> <span class='ocrx_word' id='word_1_459' title='bbox 3035 2087 3097 2139; x_wconf 89' lang='lat' dir='ltr'><strong>lli</strong></span> <span class='ocrx_word' id='word_1_460' title='bbox 3143 2087 3210 2141; x_wconf 93' lang='lat' dir='ltr'><strong>de</strong></span> <span class='ocrx_word' id='word_1_461' title='bbox 3260 2088 3495 2157; x_wconf 85' lang='lat' dir='ltr'><strong>panibus</strong></span> 
     </span>
    </p>
   </div>
   <div class='ocr_carea' id='block_1_65' title="bbox 1926 2175 3163 2246">
    <p class='ocr_par' dir='ltr' id='par_1_65' title="bbox 1926 2175 3163 2246">
     <span class='ocr_line' id='line_1_65' title="bbox 1926 2175 3163 2246; baseline 0.002 -17"><span class='ocrx_word' id='word_1_462' title='bbox 1926 2175 2045 2243; x_wconf 82' lang='lat' dir='ltr'><strong>eius</strong></span> <span class='ocrx_word' id='word_1_463' title='bbox 2066 2176 2305 2246; x_wconf 84' lang='lat' dir='ltr'><strong>mysticis</strong></span> <span class='ocrx_word' id='word_1_464' title='bbox 2335 2186 2387 2230; x_wconf 91' lang='lat' dir='ltr'><strong>et</strong></span> <span class='ocrx_word' id='word_1_465' title='bbox 2419 2177 2818 2232; x_wconf 86' lang='lat' dir='ltr'><strong>viviﬁcantihds</strong></span> <span class='ocrx_word' id='word_1_466' title='bbox 2849 2180 3163 2233; x_wconf 88' lang='lat' dir='ltr'><strong>comedent.</strong></span> 
     </span>
    </p>
   </div>
   <div class='ocr_carea' id='block_1_66' title="bbox 2000 2264 3497 2341">
    <p class='ocr_par' dir='ltr' id='par_1_66' title="bbox 2000 2264 3497 2341">
     <span class='ocr_line' id='line_1_66' title="bbox 2000 2264 3497 2341; baseline 0.003 -23"><span class='ocrx_word' id='word_1_467' title='bbox 2000 2264 2160 2329; x_wconf 74' lang='lat' dir='ltr'><strong>Vens,</strong></span> <span class='ocrx_word' id='word_1_468' title='bbox 2198 2267 2285 2320; x_wconf 74' lang='grc'><strong>12.</strong></span> <span class='ocrx_word' id='word_1_469' title='bbox 2328 2286 2345 2318; x_wconf 78' lang='grc' dir='ltr'>ι</span> <span class='ocrx_word' id='word_1_470' title='bbox 2390 2268 2445 2321; x_wconf 92' lang='lat' dir='ltr'><strong>Si</strong></span> <span class='ocrx_word' id='word_1_471' title='bbox 2475 2268 2581 2322; x_wconf 90' lang='lat' dir='ltr'><strong>ﬁlia</strong></span> <span class='ocrx_word' id='word_1_472' title='bbox 2614 2270 2913 2324; x_wconf 90' lang='lat' dir='ltr'><strong>sacerdotis</strong></span> <span class='ocrx_word' id='word_1_473' title='bbox 2942 2270 3171 2325; x_wconf 86' lang='lat' dir='ltr'><strong>cuilibet</strong></span> <span class='ocrx_word' id='word_1_474' title='bbox 3208 2288 3271 2325; x_wconf 80' lang='lat' dir='ltr'><strong>ex</strong></span> <span class='ocrx_word' id='word_1_475' title='bbox 3296 2274 3497 2341; x_wconf 79' lang='lat' dir='ltr'><strong>populo</strong></span> 
     </span>
    </p>
   </div>
   <div class='ocr_carea' id='block_1_67' title="bbox 1928 2356 3498 2438">
    <p class='ocr_par' dir='ltr' id='par_1_67' title="bbox 1928 2356 3498 2438">
     <span class='ocr_line' id='line_1_67' title="bbox 1928 2356 3498 2438; baseline 0.004 -28"><span class='ocrx_word' id='word_1_476' title='bbox 1928 2364 2093 2426; x_wconf 87' lang='lat' dir='ltr'><strong>nupta</strong></span> <span class='ocrx_word' id='word_1_477' title='bbox 2120 2356 2301 2421; x_wconf 82' lang='lat' dir='ltr'><strong>fuerit,</strong></span> <span class='ocrx_word' id='word_1_478' title='bbox 2328 2358 2396 2412; x_wconf 94' lang='lat' dir='ltr'><strong>de</strong></span> <span class='ocrx_word' id='word_1_479' title='bbox 2425 2358 2508 2413; x_wconf 90' lang='lat' dir='ltr'><strong>his</strong></span> <span class='ocrx_word' id='word_1_480' title='bbox 2534 2375 2655 2428; x_wconf 73' lang='lat' dir='ltr'><strong>quae</strong></span> <span class='ocrx_word' id='word_1_481' title='bbox 2689 2361 3025 2415; x_wconf 88' lang='lat' dir='ltr'><strong>sanctiﬁcata</strong></span> <span class='ocrx_word' id='word_1_482' title='bbox 3058 2372 3184 2417; x_wconf 89' lang='lat' dir='ltr'><strong>sunt</strong></span> <span class='ocrx_word' id='word_1_483' title='bbox 3213 2363 3498 2438; x_wconf 53' lang='lat' dir='ltr'><strong>dejprimi-</strong></span> 
     </span>
    </p>
   </div>
   <div class='ocr_carea' id='block_1_68' title="bbox 1928 2449 3496 2526">
    <p class='ocr_par' dir='ltr' id='par_1_68' title="bbox 1928 2449 3496 2526">
     <span class='ocr_line' id='line_1_68' title="bbox 1928 2449 3496 2526; baseline 0.004 -23"><span class='ocrx_word' id='word_1_484' title='bbox 1928 2449 2019 2504; x_wconf 88' lang='lat' dir='ltr'><strong>tiis</strong></span> <span class='ocrx_word' id='word_1_485' title='bbox 2041 2465 2150 2504; x_wconf 85' lang='lat' dir='ltr'><strong>non</strong></span> <span class='ocrx_word' id='word_1_486' title='bbox 2185 2460 2458 2505; x_wconf 91' lang='lat' dir='ltr'><strong>vescetur.</strong></span> <span class='ocrx_word' id='word_1_487' title='bbox 2507 2451 2601 2506; x_wconf 91' lang='lat' dir='ltr'><strong>Sin</strong></span> <span class='ocrx_word' id='word_1_488' title='bbox 2644 2459 2827 2507; x_wconf 84' lang='lat' dir='ltr'><strong>autem</strong></span> <span class='ocrx_word' id='word_1_489' title='bbox 2878 2454 3040 2509; x_wconf 88' lang='lat' dir='ltr'><strong>vidua</strong></span> <span class='ocrx_word' id='word_1_490' title='bbox 3076 2455 3160 2509; x_wconf 87' lang='lat' dir='ltr'><strong>vel</strong></span> <span class='ocrx_word' id='word_1_491' title='bbox 3213 2456 3496 2526; x_wconf 86' lang='lat' dir='ltr'><strong>repudiata</strong></span> 
     </span>
    </p>
   </div>
   <div class='ocr_carea' id='block_1_69' title="bbox 1925 2541 3496 2618">
    <p class='ocr_par' dir='ltr' id='par_1_69' title="bbox 1925 2541 3496 2618">
     <span class='ocr_line' id='line_1_69' title="bbox 1925 2541 3496 2618; baseline 0.006 -24"><span class='ocrx_word' id='word_1_492' title='bbox 1925 2541 2130 2611; x_wconf 83' lang='lat' dir='ltr'><strong>absque</strong></span> <span class='ocrx_word' id='word_1_493' title='bbox 2160 2542 2346 2597; x_wconf 91' lang='lat' dir='ltr'><strong>liberis</strong></span> <span class='ocrx_word' id='word_1_494' title='bbox 2376 2558 2592 2597; x_wconf 88' lang='lat' dir='ltr'><strong>reversa</strong></span> <span class='ocrx_word' id='word_1_495' title='bbox 2637 2544 2802 2599; x_wconf 77' lang='lat' dir='ltr'><strong>fuerit</strong></span> <span class='ocrx_word' id='word_1_496' title='bbox 2842 2545 2907 2600; x_wconf 89' lang='lat' dir='ltr'><strong>ad</strong></span> <span class='ocrx_word' id='word_1_497' title='bbox 2931 2546 3151 2601; x_wconf 91' lang='lat' dir='ltr'><strong>domum</strong></span> <span class='ocrx_word' id='word_1_498' title='bbox 3192 2549 3361 2618; x_wconf 88' lang='lat' dir='ltr'><strong>patris</strong></span> <span class='ocrx_word' id='word_1_499' title='bbox 3386 2551 3496 2613; x_wconf 88' lang='lat' dir='ltr'><strong>sui,</strong></span> 
     </span>
    </p>
   </div>
   <div class='ocr_carea' id='block_1_70' title="bbox 1926 2634 3492 2711">
    <p class='ocr_par' dir='ltr' id='par_1_70' title="bbox 1926 2634 3492 2711">
     <span class='ocr_line' id='line_1_70' title="bbox 1926 2634 3492 2711; baseline 0.006 -24"><span class='ocrx_word' id='word_1_500' title='bbox 1926 2634 2069 2688; x_wconf 91' lang='lat' dir='ltr'><strong>sicut</strong></span> <span class='ocrx_word' id='word_1_501' title='bbox 2093 2635 2270 2704; x_wconf 89' lang='lat' dir='ltr'><strong>puella</strong></span> <span class='ocrx_word' id='word_1_502' title='bbox 2324 2646 2721 2698; x_wconf 71' lang='lat' dir='ltr'><strong>consueverat,</strong></span> <span class='ocrx_word' id='word_1_503' title='bbox 2757 2638 2934 2692; x_wconf 89' lang='lat' dir='ltr'><strong>aletur</strong></span> <span class='ocrx_word' id='word_1_504' title='bbox 2991 2640 3130 2695; x_wconf 90' lang='lat' dir='ltr'><strong>cibis</strong></span> <span class='ocrx_word' id='word_1_505' title='bbox 3183 2642 3355 2711; x_wconf 87' lang='lat' dir='ltr'><strong>patris</strong></span> <span class='ocrx_word' id='word_1_506' title='bbox 3386 2643 3492 2698; x_wconf 87' lang='lat' dir='ltr'><strong>sui.</strong></span> 
     </span>
    </p>
   </div>
   <div class='ocr_carea' id='block_1_71' title="bbox 1927 2725 3497 2805">
    <p class='ocr_par' dir='ltr' id='par_1_71' title="bbox 1927 2725 3497 2805">
     <span class='ocr_line' id='line_1_71' title="bbox 1927 2725 3497 2805; baseline 0.006 -24"><span class='ocrx_word' id='word_1_507' title='bbox 1927 2725 2116 2781; x_wconf 90' lang='lat' dir='ltr'><strong>Omnis</strong></span> <span class='ocrx_word' id='word_1_508' title='bbox 2156 2728 2457 2799; x_wconf 86' lang='lat' dir='ltr'><strong>alienigena</strong></span> <span class='ocrx_word' id='word_1_509' title='bbox 2505 2732 2827 2785; x_wconf 82' lang='lat' dir='ltr'><strong>comedendi</strong></span> <span class='ocrx_word' id='word_1_510' title='bbox 2856 2747 2920 2786; x_wconf 85' lang='lat' dir='ltr'><strong>ex</strong></span> <span class='ocrx_word' id='word_1_511' title='bbox 2963 2732 3043 2786; x_wconf 89' lang='lat' dir='ltr'><strong>eis</strong></span> <span class='ocrx_word' id='word_1_512' title='bbox 3069 2749 3179 2788; x_wconf 91' lang='lat' dir='ltr'><strong>non</strong></span> <span class='ocrx_word' id='word_1_513' title='bbox 3214 2735 3375 2790; x_wconf 89' lang='lat' dir='ltr'><strong>habet</strong></span> <span class='ocrx_word' id='word_1_514' title='bbox 3398 2752 3497 2805; x_wconf 89' lang='lat' dir='ltr'><strong>po-</strong></span> 
     </span>
    </p>
   </div>
   <div class='ocr_carea' id='block_1_72' title="bbox 1928 2826 2254 2872">
    <p class='ocr_par' dir='ltr' id='par_1_72' title="bbox 1928 2826 2254 2872">
     <span class='ocr_line' id='line_1_72' title="bbox 1928 2826 2254 2872; baseline -0.006 0"><span class='ocrx_word' id='word_1_515' title='bbox 1928 2826 2200 2872; x_wconf 86' lang='lat' dir='ltr'><strong>testalcm.</strong></span> <span class='ocrx_word' id='word_1_516' title='bbox 2235 2837 2254 2870; x_wconf 69' lang='grc' dir='ltr'><em>θ</em></span> 
     </span>
    </p>
   </div>
   <div class='ocr_carea' id='block_1_73' title="bbox 1997 2908 3497 2985">
    <p class='ocr_par' dir='ltr' id='par_1_73' title="bbox 1997 2908 3497 2985">
     <span class='ocr_line' id='line_1_73' title="bbox 1997 2908 3497 2985; baseline 0.008 -25"><span class='ocrx_word' id='word_1_517' title='bbox 1997 2908 2149 2973; x_wconf 90' lang='lat' dir='ltr'><strong>Quod</strong></span> <span class='ocrx_word' id='word_1_518' title='bbox 2179 2918 2359 2963; x_wconf 86' lang='lat' dir='ltr'><strong>autem</strong></span> <span class='ocrx_word' id='word_1_519' title='bbox 2416 2919 2601 2964; x_wconf 88' lang='lat' dir='ltr'><strong>nostra</strong></span> <span class='ocrx_word' id='word_1_520' title='bbox 2630 2912 2911 2968; x_wconf 90' lang='lat' dir='ltr'><strong>translatio</strong></span> <span class='ocrx_word' id='word_1_521' title='bbox 2940 2912 3105 2969; x_wconf 86' lang='lat' dir='ltr'><strong>habet</strong></span> <span class='ocrx_word' id='word_1_522' title='bbox 3138 2933 3151 2969; x_wconf 90' lang='lat'><strong>:</strong></span> <span class='ocrx_word' id='word_1_523' title='bbox 3182 2914 3240 2969; x_wconf 87' lang='lat' dir='ltr'><strong>Si</strong></span> <span class='ocrx_word' id='word_1_524' title='bbox 3267 2915 3383 2985; x_wconf 79' lang='lat' dir='ltr'><strong>ﬁlia</strong></span> <span class='ocrx_word' id='word_1_525' title='bbox 3407 2931 3497 2972; x_wconf 73' lang='lat' dir='ltr'><strong>sa—</strong></span> 
     </span>
    </p>
   </div>
   <div class='ocr_carea' id='block_1_74' title="bbox 1927 3001 3493 3073">
    <p class='ocr_par' dir='ltr' id='par_1_74' title="bbox 1927 3001 3493 3073">
     <span class='ocr_line' id='line_1_74' title="bbox 1927 3001 3493 3073; baseline 0.008 -19"><span class='ocrx_word' id='word_1_526' title='bbox 1927 3002 2148 3054; x_wconf 76' lang='lat' dir='ltr'><strong>cerdotis</strong></span> <span class='ocrx_word' id='word_1_527' title='bbox 2178 3001 2395 3055; x_wconf 78' lang='lat' dir='ltr'><strong>cuilibet</strong></span> <span class='ocrx_word' id='word_1_528' title='bbox 2417 3019 2480 3056; x_wconf 78' lang='lat' dir='ltr'><strong>ea:</strong></span> <span class='ocrx_word' id='word_1_529' title='bbox 2503 3004 2695 3073; x_wconf 88' lang='lat' dir='ltr'><strong>populo</strong></span> <span class='ocrx_word' id='word_1_530' title='bbox 2720 3015 2880 3072; x_wconf 86' lang='lat' dir='ltr'><strong>nupta</strong></span> <span class='ocrx_word' id='word_1_531' title='bbox 2912 3006 3091 3073; x_wconf 83' lang='lat' dir='ltr'><strong>fuerit,</strong></span> <span class='ocrx_word' id='word_1_532' title='bbox 3128 3006 3268 3062; x_wconf 81' lang='lat' dir='ltr'><strong>LXX</strong></span> <span class='ocrx_word' id='word_1_533' title='bbox 3292 3009 3493 3066; x_wconf 87' lang='lat' dir='ltr'><strong>edunt:</strong></span> 
     </span>
    </p>
   </div>
   <div class='ocr_carea' id='block_1_75' title="bbox 1930 3091 3495 3173">
    <p class='ocr_par' dir='ltr' id='par_1_75' title="bbox 1930 3091 3495 3173">
     <span class='ocr_line' id='line_1_75' title="bbox 1930 3091 3495 3173; baseline 0.008 -28"><span class='ocrx_word' id='word_1_534' title='bbox 1930 3091 2000 3145; x_wconf 88' lang='lat' dir='ltr'><strong>Et</strong></span> <span class='ocrx_word' id='word_1_535' title='bbox 2030 3093 2144 3161; x_wconf 80' lang='lat' dir='ltr'><strong>ﬁlia</strong></span> <span class='ocrx_word' id='word_1_536' title='bbox 2188 3096 2470 3148; x_wconf 75' lang='lat' dir='ltr'><strong>sacerdotis</strong></span> <span class='ocrx_word' id='word_1_537' title='bbox 2518 3106 2679 3163; x_wconf 86' lang='lat' dir='ltr'><strong>nupta</strong></span> <span class='ocrx_word' id='word_1_538' title='bbox 2730 3098 2887 3167; x_wconf 80' lang='lat' dir='ltr'><strong>fuerit</strong></span> <span class='ocrx_word' id='word_1_539' title='bbox 2917 3099 3115 3152; x_wconf 81' lang='lat' dir='ltr'><strong>homini</strong></span> <span class='ocrx_word' id='word_1_540' title='bbox 3166 3101 3495 3173; x_wconf 68' lang='lat' dir='ltr'><strong>alienigene.</strong></span> 
     </span>
    </p>
   </div>
   <div class='ocr_carea' id='block_1_76' title="bbox 1929 3184 3498 3257">
    <p class='ocr_par' dir='ltr' id='par_1_76' title="bbox 1929 3184 3498 3257">
     <span class='ocr_line' id='line_1_76' title="bbox 1929 3184 3498 3257; baseline 0.008 -18"><span class='ocrx_word' id='word_1_541' title='bbox 1929 3184 2049 3239; x_wconf 87' lang='lat' dir='ltr'><strong>Non</strong></span> <span class='ocrx_word' id='word_1_542' title='bbox 2095 3187 2251 3242; x_wconf 89' lang='lat' dir='ltr'><strong>nobis</strong></span> <span class='ocrx_word' id='word_1_543' title='bbox 2302 3186 2496 3242; x_wconf 83' lang='lat' dir='ltr'><strong>suﬁicit</strong></span> <span class='ocrx_word' id='word_1_544' title='bbox 2556 3188 2610 3242; x_wconf 92' lang='lat' dir='ltr'><strong>in</strong></span> <span class='ocrx_word' id='word_1_545' title='bbox 2649 3188 2751 3243; x_wconf 88' lang='lat' dir='ltr'><strong>ﬁde</strong></span> <span class='ocrx_word' id='word_1_546' title='bbox 2795 3191 2993 3244; x_wconf 90' lang='lat' dir='ltr'><strong>nutriri</strong></span> <span class='ocrx_word' id='word_1_547' title='bbox 3051 3192 3276 3257; x_wconf 81' lang='lat' dir='ltr'><strong>Christi,</strong></span> <span class='ocrx_word' id='word_1_548' title='bbox 3311 3195 3407 3250; x_wconf 90' lang='lat' dir='ltr'><strong>sed</strong></span> <span class='ocrx_word' id='word_1_549' title='bbox 3441 3205 3498 3251; x_wconf 92' lang='lat' dir='ltr'><strong>et</strong></span> 
     </span>
    </p>
   </div>
   <div class='ocr_carea' id='block_1_77' title="bbox 1929 3280 3497 3357">
    <p class='ocr_par' dir='ltr' id='par_1_77' title="bbox 1929 3280 3497 3357">
     <span class='ocr_line' id='line_1_77' title="bbox 1929 3280 3497 3357; baseline 0.008 -27"><span class='ocrx_word' id='word_1_550' title='bbox 1929 3293 2269 3347; x_wconf 88' lang='lat' dir='ltr'><strong>permanere,</strong></span> <span class='ocrx_word' id='word_1_551' title='bbox 2300 3290 2357 3334; x_wconf 90' lang='lat' dir='ltr'><strong>et</strong></span> <span class='ocrx_word' id='word_1_552' title='bbox 2388 3295 2634 3334; x_wconf 88' lang='lat' dir='ltr'><strong>crescere</strong></span> <span class='ocrx_word' id='word_1_553' title='bbox 2682 3280 2737 3335; x_wconf 89' lang='lat' dir='ltr'><strong>in</strong></span> <span class='ocrx_word' id='word_1_554' title='bbox 2764 3297 2851 3345; x_wconf 89' lang='lat' dir='ltr'><strong>ea,</strong></span> <span class='ocrx_word' id='word_1_555' title='bbox 2880 3291 2935 3336; x_wconf 86' lang='lat' dir='ltr'><strong>et</strong></span> <span class='ocrx_word' id='word_1_556' title='bbox 2976 3284 3109 3337; x_wconf 91' lang='lat' dir='ltr'><strong>nulli</strong></span> <span class='ocrx_word' id='word_1_557' title='bbox 3156 3285 3497 3357; x_wconf 81' lang='lat' dir='ltr'><strong>alienigena-</strong></span> 
     </span>
    </p>
   </div>
   <div class='ocr_carea' id='block_1_78' title="bbox 1930 3367 3497 3441">
    <p class='ocr_par' dir='ltr' id='par_1_78' title="bbox 1930 3367 3497 3441">
     <span class='ocr_line' id='line_1_78' title="bbox 1930 3367 3497 3441; baseline 0.008 -23"><span class='ocrx_word' id='word_1_558' title='bbox 1930 3380 2070 3429; x_wconf 90' lang='lat' dir='ltr'><strong>rum,</strong></span> <span class='ocrx_word' id='word_1_559' title='bbox 2101 3367 2154 3421; x_wconf 90' lang='lat' dir='ltr'><strong>id</strong></span> <span class='ocrx_word' id='word_1_560' title='bbox 2184 3378 2287 3430; x_wconf 91' lang='lat' dir='ltr'><strong>est,</strong></span> <span class='ocrx_word' id='word_1_561' title='bbox 2339 3369 2564 3423; x_wconf 90' lang='lat' dir='ltr'><strong>alterius</strong></span> <span class='ocrx_word' id='word_1_562' title='bbox 2595 3385 2624 3423; x_wconf 94' lang='lat' dir='ltr'><strong>a</strong></span> <span class='ocrx_word' id='word_1_563' title='bbox 2671 3371 2779 3424; x_wconf 91' lang='lat' dir='ltr'><strong>Deo</strong></span> <span class='ocrx_word' id='word_1_564' title='bbox 2812 3372 3101 3441; x_wconf 85' lang='lat' dir='ltr'><strong>dogmatis,</strong></span> <span class='ocrx_word' id='word_1_565' title='bbox 3144 3384 3239 3428; x_wconf 88' lang='lat' dir='ltr'><strong>aut</strong></span> <span class='ocrx_word' id='word_1_566' title='bbox 3272 3376 3497 3431; x_wconf 88' lang='lat' dir='ltr'><strong>alterius</strong></span> 
     </span>
    </p>
   </div>
   <div class='ocr_carea' id='block_1_79' title="bbox 1928 3454 3497 3534">
    <p class='ocr_par' dir='ltr' id='par_1_79' title="bbox 1928 3454 3497 3534">
     <span class='ocr_line' id='line_1_79' title="bbox 1928 3454 3497 3534; baseline 0.008 -26"><span class='ocrx_word' id='word_1_567' title='bbox 1928 3454 2081 3525; x_wconf 82' lang='lat' dir='ltr'><strong>legis,</strong></span> <span class='ocrx_word' id='word_1_568' title='bbox 2110 3457 2194 3510; x_wconf 87' lang='lat' dir='ltr'><strong>vel</strong></span> <span class='ocrx_word' id='word_1_569' title='bbox 2222 3458 2453 3511; x_wconf 88' lang='lat' dir='ltr'><strong>actionis</strong></span> <span class='ocrx_word' id='word_1_570' title='bbox 2486 3458 2851 3514; x_wconf 90' lang='lat' dir='ltr'><strong>commisceri.</strong></span> <span class='ocrx_word' id='word_1_571' title='bbox 2886 3461 2999 3516; x_wconf 86' lang='lat' dir='ltr'><strong>Nec</strong></span> <span class='ocrx_word' id='word_1_572' title='bbox 3024 3464 3117 3532; x_wconf 90' lang='lat' dir='ltr'><strong>qui</strong></span> <span class='ocrx_word' id='word_1_573' title='bbox 3156 3465 3223 3517; x_wconf 89' lang='lat' dir='ltr'><strong>de</strong></span> <span class='ocrx_word' id='word_1_574' title='bbox 3252 3468 3497 3534; x_wconf 89' lang='lat' dir='ltr'><strong>patribus</strong></span> 
     </span>
    </p>
   </div>
   <div class='ocr_carea' id='block_1_80' title="bbox 1929 3550 3492 3625">
    <p class='ocr_par' dir='ltr' id='par_1_80' title="bbox 1929 3550 3492 3625">
     <span class='ocr_line' id='line_1_80' title="bbox 1929 3550 3492 3625; baseline 0.008 -23"><span class='ocrx_word' id='word_1_575' title='bbox 1929 3564 2116 3604; x_wconf 91' lang='lat' dir='ltr'><strong>sumus</strong></span> <span class='ocrx_word' id='word_1_576' title='bbox 2159 3550 2426 3613; x_wconf 87' lang='lat' dir='ltr'><strong>ﬁdelibus,</strong></span> <span class='ocrx_word' id='word_1_577' title='bbox 2464 3552 2584 3606; x_wconf 89' lang='lat' dir='ltr'><strong>ideo</strong></span> <span class='ocrx_word' id='word_1_578' title='bbox 2608 3554 2719 3620; x_wconf 90' lang='lat' dir='ltr'><strong>jam</strong></span> <span class='ocrx_word' id='word_1_579' title='bbox 2756 3553 2811 3606; x_wconf 89' lang='lat' dir='ltr'><strong>in</strong></span> <span class='ocrx_word' id='word_1_580' title='bbox 2846 3556 3050 3610; x_wconf 89' lang='lat' dir='ltr'><strong>sanctis</strong></span> <span class='ocrx_word' id='word_1_581' title='bbox 3084 3572 3492 3625; x_wconf 70' lang='lat' dir='ltr'><strong>praesumamus,</strong></span> 
     </span>
    </p>
   </div>
   <div class='ocr_carea' id='block_1_81' title="bbox 1927 3642 3496 3720">
    <p class='ocr_par' dir='ltr' id='par_1_81' title="bbox 1927 3642 3496 3720">
     <span class='ocr_line' id='line_1_81' title="bbox 1927 3642 3496 3720; baseline 0.008 -26"><span class='ocrx_word' id='word_1_582' title='bbox 1927 3642 2031 3695; x_wconf 86' lang='lat' dir='ltr'><strong>nisi</strong></span> <span class='ocrx_word' id='word_1_583' title='bbox 2062 3642 2246 3696; x_wconf 85' lang='lat' dir='ltr'><strong>ﬁdeles</strong></span> <span class='ocrx_word' id='word_1_584' title='bbox 2282 3644 2654 3712; x_wconf 89' lang='lat' dir='ltr'><strong>persistamus.</strong></span> <span class='ocrx_word' id='word_1_585' title='bbox 2685 3642 2978 3714; x_wconf 82' lang='lat' dir='ltr'><strong>Propterea</strong></span> <span class='ocrx_word' id='word_1_586' title='bbox 3002 3647 3111 3702; x_wconf 89' lang='lat' dir='ltr'><strong>ﬁlia</strong></span> <span class='ocrx_word' id='word_1_587' title='bbox 3145 3649 3496 3720; x_wconf 87' lang='lat' dir='ltr'><strong>intelligibilis</strong></span> 
     </span>
    </p>
   </div>
   <div class='ocr_carea' id='block_1_82' title="bbox 1928 3732 3495 3808">
    <p class='ocr_par' dir='ltr' id='par_1_82' title="bbox 1928 3732 3495 3808">
     <span class='ocr_line' id='line_1_82' title="bbox 1928 3732 3495 3808; baseline 0.008 -23"><span class='ocrx_word' id='word_1_588' title='bbox 1928 3732 2244 3795; x_wconf 87' lang='lat' dir='ltr'><strong>sacerdotis,</strong></span> <span class='ocrx_word' id='word_1_589' title='bbox 2273 3733 2325 3787; x_wconf 91' lang='lat' dir='ltr'><strong>id</strong></span> <span class='ocrx_word' id='word_1_590' title='bbox 2358 3743 2460 3797; x_wconf 87' lang='lat' dir='ltr'><strong>est,</strong></span> <span class='ocrx_word' id='word_1_591' title='bbox 2505 3733 2687 3787; x_wconf 89' lang='lat' dir='ltr'><strong>anima</strong></span> <span class='ocrx_word' id='word_1_592' title='bbox 2742 3736 2922 3791; x_wconf 90' lang='lat' dir='ltr'><strong>omnis</strong></span> <span class='ocrx_word' id='word_1_593' title='bbox 2972 3749 3288 3808; x_wconf 89' lang='lat' dir='ltr'><strong>regenerata</strong></span> <span class='ocrx_word' id='word_1_594' title='bbox 3331 3744 3399 3795; x_wconf 84' lang='lat' dir='ltr'><strong>ab</strong></span> <span class='ocrx_word' id='word_1_595' title='bbox 3429 3759 3495 3797; x_wconf 89' lang='lat' dir='ltr'><strong>eo</strong></span> 
     </span>
    </p>
   </div>
   <div class='ocr_carea' id='block_1_83' title="bbox 1928 3824 3492 3898">
    <p class='ocr_par' dir='ltr' id='par_1_83' title="bbox 1928 3824 3492 3898">
     <span class='ocr_line' id='line_1_83' title="bbox 1928 3824 3492 3898; baseline 0.006 -21"><span class='ocrx_word' id='word_1_596' title='bbox 1928 3838 2025 3893; x_wconf 89' lang='lat' dir='ltr'><strong>per</strong></span> <span class='ocrx_word' id='word_1_597' title='bbox 2055 3824 2342 3893; x_wconf 84' lang='lat' dir='ltr'><strong>baptisma,</strong></span> <span class='ocrx_word' id='word_1_598' title='bbox 2376 3825 2417 3878; x_wconf 91' lang='lat' dir='ltr'><strong>si</strong></span> <span class='ocrx_word' id='word_1_599' title='bbox 2456 3826 2573 3878; x_wconf 90' lang='lat' dir='ltr'><strong>viro</strong></span> <span class='ocrx_word' id='word_1_600' title='bbox 2626 3825 2946 3895; x_wconf 75' lang='lat' dir='ltr'><strong>alienigena:</strong></span> <span class='ocrx_word' id='word_1_601' title='bbox 2978 3828 3272 3898; x_wconf 87' lang='lat' dir='ltr'><strong>conjuncta</strong></span> <span class='ocrx_word' id='word_1_602' title='bbox 3308 3831 3492 3893; x_wconf 80' lang='lat' dir='ltr'><strong>fuerit,</strong></span> 
     </span>
    </p>
   </div>
   <div class='ocr_carea' id='block_1_84' title="bbox 1927 3919 3495 3997">
    <p class='ocr_par' dir='ltr' id='par_1_84' title="bbox 1927 3919 3495 3997">
     <span class='ocr_line' id='line_1_84' title="bbox 1927 3919 3495 3997; baseline 0.007 -26"><span class='ocrx_word' id='word_1_603' title='bbox 1927 3932 2049 3987; x_wconf 74' lang='lat' dir='ltr'><strong>qua:</strong></span> <span class='ocrx_word' id='word_1_604' title='bbox 2078 3919 2145 3973; x_wconf 91' lang='lat' dir='ltr'><strong>ad</strong></span> <span class='ocrx_word' id='word_1_605' title='bbox 2176 3919 2529 3989; x_wconf 87' lang='lat' dir='ltr'><strong>alienigenas,</strong></span> <span class='ocrx_word' id='word_1_606' title='bbox 2561 3919 2712 3973; x_wconf 88' lang='lat' dir='ltr'><strong>verbi</strong></span> <span class='ocrx_word' id='word_1_607' title='bbox 2744 3920 3194 3991; x_wconf 78' lang='lat' dir='ltr'><strong>gratia,Juda:os,</strong></span> <span class='ocrx_word' id='word_1_608' title='bbox 3234 3942 3495 3997; x_wconf 88' lang='lat' dir='ltr'><strong>paganos,</strong></span> 
     </span>
    </p>
   </div>
   <div class='ocr_carea' id='block_1_85' title="bbox 1926 4008 3494 4079">
    <p class='ocr_par' dir='ltr' id='par_1_85' title="bbox 1926 4008 3494 4079">
     <span class='ocr_line' id='line_1_85' title="bbox 1926 4008 3494 4079; baseline 0.007 -18"><span class='ocrx_word' id='word_1_609' title='bbox 1926 4018 2021 4061; x_wconf 92' lang='lat' dir='ltr'><strong>aut</strong></span> <span class='ocrx_word' id='word_1_610' title='bbox 2052 4008 2334 4064; x_wconf 78' lang='lat' dir='ltr'><strong>hzereticos</strong></span> <span class='ocrx_word' id='word_1_611' title='bbox 2372 4010 2626 4077; x_wconf 90' lang='lat' dir='ltr'><strong>pertinet,</strong></span> <span class='ocrx_word' id='word_1_612' title='bbox 2661 4025 2848 4079; x_wconf 88' lang='lat' dir='ltr'><strong>agens,</strong></span> <span class='ocrx_word' id='word_1_613' title='bbox 2882 4021 2937 4066; x_wconf 89' lang='lat' dir='ltr'><strong>et</strong></span> <span class='ocrx_word' id='word_1_614' title='bbox 2961 4014 3279 4070; x_wconf 88' lang='lat' dir='ltr'><strong>societatem</strong></span> <span class='ocrx_word' id='word_1_615' title='bbox 3302 4030 3494 4072; x_wconf 87' lang='lat' dir='ltr'><strong>eorum</strong></span> 
     </span>
    </p>
   </div>
   <div class='ocr_carea' id='block_1_86' title="bbox 1927 4098 3494 4171">
    <p class='ocr_par' dir='ltr' id='par_1_86' title="bbox 1927 4098 3494 4171">
     <span class='ocr_line' id='line_1_86' title="bbox 1927 4098 3494 4171; baseline 0.008 -20"><span class='ocrx_word' id='word_1_616' title='bbox 1927 4098 2259 4167; x_wconf 88' lang='lat' dir='ltr'><strong>amplectens</strong></span> <span class='ocrx_word' id='word_1_617' title='bbox 2309 4100 2563 4168; x_wconf 90' lang='lat' dir='ltr'><strong>primitiis</strong></span> <span class='ocrx_word' id='word_1_618' title='bbox 2608 4103 3092 4167; x_wconf 87' lang='lat' dir='ltr'><strong>sanctiﬁcatorum,</strong></span> <span class='ocrx_word' id='word_1_619' title='bbox 3142 4106 3197 4160; x_wconf 92' lang='lat' dir='ltr'><strong>id</strong></span> <span class='ocrx_word' id='word_1_620' title='bbox 3226 4116 3333 4171; x_wconf 91' lang='lat' dir='ltr'><strong>est,</strong></span> <span class='ocrx_word' id='word_1_621' title='bbox 3370 4124 3494 4163; x_wconf 87' lang='lat' dir='ltr'><strong>cor-</strong></span> 
     </span>
    </p>
   </div>
   <div class='ocr_carea' id='block_1_87' title="bbox 1928 4190 3489 4260">
    <p class='ocr_par' dir='ltr' id='par_1_87' title="bbox 1928 4190 3489 4260">
     <span class='ocr_line' id='line_1_87' title="bbox 1928 4190 3489 4260; baseline 0.009 -18"><span class='ocrx_word' id='word_1_622' title='bbox 1928 4204 2059 4259; x_wconf 90' lang='lat' dir='ltr'><strong>pore</strong></span> <span class='ocrx_word' id='word_1_623' title='bbox 2086 4190 2311 4260; x_wconf 88' lang='lat' dir='ltr'><strong>mystico</strong></span> <span class='ocrx_word' id='word_1_624' title='bbox 2345 4207 2453 4245; x_wconf 93' lang='lat' dir='ltr'><strong>non</strong></span> <span class='ocrx_word' id='word_1_625' title='bbox 2490 4202 2760 4248; x_wconf 90' lang='lat' dir='ltr'><strong>vescetur.</strong></span> <span class='ocrx_word' id='word_1_626' title='bbox 2795 4196 2890 4248; x_wconf 85' lang='lat' dir='ltr'><strong>Sin</strong></span> <span class='ocrx_word' id='word_1_627' title='bbox 2923 4211 3054 4251; x_wconf 88' lang='lat' dir='ltr'><strong>vero</strong></span> <span class='ocrx_word' id='word_1_628' title='bbox 3097 4198 3202 4253; x_wconf 91' lang='lat' dir='ltr'><strong>ﬁlia</strong></span> <span class='ocrx_word' id='word_1_629' title='bbox 3233 4202 3489 4255; x_wconf 82' lang='lat' dir='ltr'><strong>sacerdo-</strong></span> 
     </span>
    </p>
   </div>
   <div class='ocr_carea' id='block_1_88' title="bbox 1929 4281 3491 4360">
    <p class='ocr_par' dir='ltr' id='par_1_88' title="bbox 1929 4281 3491 4360">
     <span class='ocr_line' id='line_1_88' title="bbox 1929 4281 3491 4360; baseline 0.009 -25"><span class='ocrx_word' id='word_1_630' title='bbox 1929 4283 1998 4336; x_wconf 92' lang='lat' dir='ltr'><strong>tis</strong></span> <span class='ocrx_word' id='word_1_631' title='bbox 2026 4281 2218 4336; x_wconf 82' lang='lat' dir='ltr'><strong>eﬂ&#39;ecta</strong></span> <span class='ocrx_word' id='word_1_632' title='bbox 2249 4298 2344 4351; x_wconf 90' lang='lat' dir='ltr'><strong>per</strong></span> <span class='ocrx_word' id='word_1_633' title='bbox 2369 4299 2488 4337; x_wconf 90' lang='lat' dir='ltr'><strong>eam</strong></span> <span class='ocrx_word' id='word_1_634' title='bbox 2517 4301 2637 4354; x_wconf 75' lang='lat' dir='ltr'><strong>qua:</strong></span> <span class='ocrx_word' id='word_1_635' title='bbox 2665 4287 2810 4340; x_wconf 89' lang='lat' dir='ltr'><strong>dicta</strong></span> <span class='ocrx_word' id='word_1_636' title='bbox 2866 4301 2952 4343; x_wconf 90' lang='lat' dir='ltr'><strong>est</strong></span> <span class='ocrx_word' id='word_1_637' title='bbox 2996 4293 3491 4360; x_wconf 89' lang='lat' dir='ltr'><strong>regenerationem,</strong></span> 
     </span>
    </p>
   </div>
   <div class='ocr_carea' id='block_1_89' title="bbox 1928 4374 3487 4455">
    <p class='ocr_par' dir='ltr' id='par_1_89' title="bbox 1928 4374 3487 4455">
     <span class='ocr_line' id='line_1_89' title="bbox 1928 4374 3487 4455; baseline 0.008 -28"><span class='ocrx_word' id='word_1_638' title='bbox 1928 4374 2240 4444; x_wconf 77' lang='lat' dir='ltr'><strong>alienigenae</strong></span> <span class='ocrx_word' id='word_1_639' title='bbox 2264 4376 2554 4444; x_wconf 90' lang='lat' dir='ltr'><strong>conjuncta</strong></span> <span class='ocrx_word' id='word_1_640' title='bbox 2601 4376 2766 4431; x_wconf 82' lang='lat' dir='ltr'><strong>fuerit</strong></span> <span class='ocrx_word' id='word_1_641' title='bbox 2808 4378 3118 4435; x_wconf 68' lang='lat' dir='ltr'><strong>haereticum</strong></span> <span class='ocrx_word' id='word_1_642' title='bbox 3149 4383 3274 4450; x_wconf 92' lang='lat' dir='ltr'><strong>quid</strong></span> <span class='ocrx_word' id='word_1_643' title='bbox 3302 4399 3487 4455; x_wconf 85' lang='lat' dir='ltr'><strong>agens.</strong></span> 
     </span>
    </p>
   </div>
   <div class='ocr_carea' id='block_1_90' title="bbox 266 4458 3487 4538">
    <p class='ocr_par' dir='ltr' id='par_1_90' title="bbox 266 4458 3487 4538">
     <span class='ocr_line' id='line_1_90' title="bbox 266 4458 3487 4538; baseline 0.005 -25"><span class='ocrx_word' id='word_1_644' title='bbox 266 4458 441 4513; x_wconf 86' lang='lat' dir='ltr'><strong>divina</strong></span> <span class='ocrx_word' id='word_1_645' title='bbox 475 4459 600 4512; x_wconf 91' lang='lat' dir='ltr'><strong>aula</strong></span> <span class='ocrx_word' id='word_1_646' title='bbox 640 4469 861 4528; x_wconf 91' lang='lat' dir='ltr'><strong>propter</strong></span> <span class='ocrx_word' id='word_1_647' title='bbox 886 4473 1012 4512; x_wconf 87' lang='lat' dir='ltr'><strong>suas</strong></span> <span class='ocrx_word' id='word_1_648' title='bbox 1055 4459 1339 4522; x_wconf 85' lang='lat' dir='ltr'><strong>utilitates,</strong></span> <span class='ocrx_word' id='word_1_649' title='bbox 1380 4459 1565 4530; x_wconf 67' lang='lat' dir='ltr'><strong>gloriae</strong></span> <span class='ocrx_word' id='word_1_650' title='bbox 1596 4460 1824 4515; x_wconf 81' lang='lat' dir='ltr'><strong>forsitan</strong></span> <span class='ocrx_word' id='word_1_651' title='bbox 1861 4465 1902 4519; x_wconf 93' lang='lat' dir='ltr'><strong>D</strong></span> <span class='ocrx_word' id='word_1_652' title='bbox 1934 4466 2016 4519; x_wconf 92' lang='lat' dir='ltr'><strong>vel</strong></span> <span class='ocrx_word' id='word_1_653' title='bbox 2048 4465 2333 4520; x_wconf 72' lang='lat' dir='ltr'><strong>Iudaicum</strong></span> <span class='ocrx_word' id='word_1_654' title='bbox 2389 4468 2472 4520; x_wconf 89' lang='lat' dir='ltr'><strong>vel</strong></span> <span class='ocrx_word' id='word_1_655' title='bbox 2513 4469 2714 4538; x_wconf 88' lang='lat' dir='ltr'><strong>gentile</strong></span> <span class='ocrx_word' id='word_1_656' title='bbox 2742 4489 2757 4524; x_wconf 87' lang='lat'><strong>:</strong></span> <span class='ocrx_word' id='word_1_657' title='bbox 2790 4480 2845 4525; x_wconf 90' lang='lat' dir='ltr'><strong>et</strong></span> <span class='ocrx_word' id='word_1_658' title='bbox 2884 4472 3045 4527; x_wconf 89' lang='lat' dir='ltr'><strong>vidua</strong></span> <span class='ocrx_word' id='word_1_659' title='bbox 3108 4473 3247 4529; x_wconf 80' lang='lat' dir='ltr'><strong>facta</strong></span> <span class='ocrx_word' id='word_1_660' title='bbox 3301 4477 3487 4538; x_wconf 81' lang='lat' dir='ltr'><strong>fuerit.</strong></span> 
     </span>
    </p>
   </div>
   <div class='ocr_carea' id='block_1_91' title="bbox 258 4551 1824 4621">
    <p class='ocr_par' dir='ltr' id='par_1_91' title="bbox 258 4551 1824 4621">
     <span class='ocr_line' id='line_1_91' title="bbox 258 4551 1824 4621; baseline 0.001 -17"><span class='ocrx_word' id='word_1_661' title='bbox 258 4558 355 4604; x_wconf 87' lang='lat' dir='ltr'><strong>aut</strong></span> <span class='ocrx_word' id='word_1_662' title='bbox 404 4560 646 4620; x_wconf 64' lang='lat' dir='ltr'><strong>quaestus</strong></span> <span class='ocrx_word' id='word_1_663' title='bbox 685 4551 1058 4621; x_wconf 88' lang='lat' dir='ltr'><strong>pecuniarum,</strong></span> <span class='ocrx_word' id='word_1_664' title='bbox 1103 4560 1196 4605; x_wconf 90' lang='lat' dir='ltr'><strong>aut</strong></span> <span class='ocrx_word' id='word_1_665' title='bbox 1238 4551 1464 4606; x_wconf 86' lang='lat' dir='ltr'><strong>alterius</strong></span> <span class='ocrx_word' id='word_1_666' title='bbox 1506 4552 1824 4621; x_wconf 88' lang='lat' dir='ltr'><strong>hujusmodi</strong></span> 
     </span>
    </p>
   </div>
   <div class='ocr_carea' id='block_1_92' title="bbox 255 4643 1823 4713">
    <p class='ocr_par' dir='ltr' id='par_1_92' title="bbox 255 4643 1823 4713">
     <span class='ocr_line' id='line_1_92' title="bbox 255 4643 1823 4713; baseline -0.001 -16"><span class='ocrx_word' id='word_1_667' title='bbox 255 4643 576 4697; x_wconf 90' lang='lat' dir='ltr'><strong>ministrant</strong></span> <span class='ocrx_word' id='word_1_668' title='bbox 600 4659 783 4708; x_wconf 90' lang='lat' dir='ltr'><strong>causa,</strong></span> <span class='ocrx_word' id='word_1_669' title='bbox 806 4658 955 4698; x_wconf 92' lang='lat' dir='ltr'><strong>nunc</strong></span> <span class='ocrx_word' id='word_1_670' title='bbox 983 4651 1163 4697; x_wconf 88' lang='lat' dir='ltr'><strong>autem</strong></span> <span class='ocrx_word' id='word_1_671' title='bbox 1183 4644 1515 4713; x_wconf 88' lang='lat' dir='ltr'><strong>diligentiam</strong></span> <span class='ocrx_word' id='word_1_672' title='bbox 1540 4646 1823 4709; x_wconf 83' lang='lat' dir='ltr'><strong>exhibent,</strong></span> 
     </span>
    </p>
   </div>
   <div class='ocr_carea' id='block_1_93' title="bbox 255 4733 1827 4804">
    <p class='ocr_par' dir='ltr' id='par_1_93' title="bbox 255 4733 1827 4804">
     <span class='ocr_line' id='line_1_93' title="bbox 255 4733 1827 4804; baseline 0.001 -17"><span class='ocrx_word' id='word_1_673' title='bbox 255 4749 333 4787; x_wconf 86' lang='lat' dir='ltr'><strong>ne</strong></span> <span class='ocrx_word' id='word_1_674' title='bbox 361 4733 485 4803; x_wconf 89' lang='lat' dir='ltr'><strong>quis</strong></span> <span class='ocrx_word' id='word_1_675' title='bbox 520 4749 709 4787; x_wconf 90' lang='lat' dir='ltr'><strong>eorum</strong></span> <span class='ocrx_word' id='word_1_676' title='bbox 748 4744 1058 4803; x_wconf 91' lang='lat' dir='ltr'><strong>corrumpat</strong></span> <span class='ocrx_word' id='word_1_677' title='bbox 1101 4735 1368 4798; x_wconf 89' lang='lat' dir='ltr'><strong>ordinem,</strong></span> <span class='ocrx_word' id='word_1_678' title='bbox 1407 4750 1476 4789; x_wconf 91' lang='lat' dir='ltr'><strong>ne</strong></span> <span class='ocrx_word' id='word_1_679' title='bbox 1522 4737 1645 4804; x_wconf 90' lang='lat' dir='ltr'><strong>quis</strong></span> <span class='ocrx_word' id='word_1_680' title='bbox 1687 4737 1827 4790; x_wconf 92' lang='lat' dir='ltr'><strong>male</strong></span> 
     </span>
    </p>
   </div>
   <div class='ocr_carea' id='block_1_94' title="bbox 254 4822 1827 4895">
    <p class='ocr_par' dir='ltr' id='par_1_94' title="bbox 254 4822 1827 4895">
     <span class='ocr_line' id='line_1_94' title="bbox 254 4822 1827 4895; baseline 0.002 -17"><span class='ocrx_word' id='word_1_681' title='bbox 254 4822 463 4878; x_wconf 85' lang='lat' dir='ltr'><strong>divinis</strong></span> <span class='ocrx_word' id='word_1_682' title='bbox 499 4824 637 4877; x_wconf 90' lang='lat' dir='ltr'><strong>aulis</strong></span> <span class='ocrx_word' id='word_1_683' title='bbox 682 4833 737 4879; x_wconf 90' lang='lat' dir='ltr'><strong>et</strong></span> <span class='ocrx_word' id='word_1_684' title='bbox 792 4824 975 4894; x_wconf 90' lang='lat' dir='ltr'><strong>inique</strong></span> <span class='ocrx_word' id='word_1_685' title='bbox 1008 4834 1207 4879; x_wconf 88' lang='lat' dir='ltr'><strong>utatur.</strong></span> <span class='ocrx_word' id='word_1_686' title='bbox 1241 4824 1356 4879; x_wconf 87' lang='lat' dir='ltr'><strong>Hoc</strong></span> <span class='ocrx_word' id='word_1_687' title='bbox 1380 4827 1561 4895; x_wconf 90' lang='lat' dir='ltr'><strong>ipsum</strong></span> <span class='ocrx_word' id='word_1_688' title='bbox 1598 4835 1654 4881; x_wconf 91' lang='lat' dir='ltr'><strong>et</strong></span> <span class='ocrx_word' id='word_1_689' title='bbox 1678 4844 1827 4881; x_wconf 91' lang='lat' dir='ltr'><strong>mer-</strong></span> 
     </span>
    </p>
   </div>
   <div class='ocr_carea' id='block_1_95' title="bbox 252 4916 1826 4985">
    <p class='ocr_par' dir='ltr' id='par_1_95' title="bbox 252 4916 1826 4985">
     <span class='ocr_line' id='line_1_95' title="bbox 252 4916 1826 4985; baseline 0.004 -18"><span class='ocrx_word' id='word_1_690' title='bbox 252 4917 543 4969; x_wconf 90' lang='lat' dir='ltr'><strong>cenarium</strong></span> <span class='ocrx_word' id='word_1_691' title='bbox 598 4916 848 4980; x_wconf 90' lang='lat' dir='ltr'><strong>dicimus,</strong></span> <span class='ocrx_word' id='word_1_692' title='bbox 880 4917 947 4971; x_wconf 91' lang='lat' dir='ltr'><strong>de</strong></span> <span class='ocrx_word' id='word_1_693' title='bbox 985 4932 1094 4985; x_wconf 90' lang='lat' dir='ltr'><strong>quo</strong></span> <span class='ocrx_word' id='word_1_694' title='bbox 1124 4917 1257 4969; x_wconf 90' lang='lat' dir='ltr'><strong>dicit</strong></span> <span class='ocrx_word' id='word_1_695' title='bbox 1286 4917 1546 4973; x_wconf 90' lang='lat' dir='ltr'><strong>Dominus</strong></span> <span class='ocrx_word' id='word_1_696' title='bbox 1579 4934 1594 4971; x_wconf 86' lang='lat'><strong>:</strong></span> <span class='ocrx_word' id='word_1_697' title='bbox 1624 4923 1826 4973; x_wconf 84' lang='lat' dir='ltr'><strong>Merce-</strong></span> 
     </span>
    </p>
   </div>
   <div class='ocr_carea' id='block_1_96' title="bbox 255 5008 1827 5077">
    <p class='ocr_par' dir='ltr' id='par_1_96' title="bbox 255 5008 1827 5077">
     <span class='ocr_line' id='line_1_96' title="bbox 255 5008 1827 5077; baseline 0.002 -17"><span class='ocrx_word' id='word_1_698' title='bbox 255 5008 471 5068; x_wconf 79' lang='lat' dir='ltr'><strong>narius,</strong></span> <span class='ocrx_word' id='word_1_699' title='bbox 505 5016 551 5060; x_wconf 89' lang='lat' dir='ltr'><strong>et</strong></span> <span class='ocrx_word' id='word_1_700' title='bbox 586 5009 675 5077; x_wconf 88' lang='lat' dir='ltr'><strong>qui</strong></span> <span class='ocrx_word' id='word_1_701' title='bbox 722 5024 825 5061; x_wconf 82' lang='lat' dir='ltr'><strong>non</strong></span> <span class='ocrx_word' id='word_1_702' title='bbox 874 5016 947 5061; x_wconf 77' lang='lat' dir='ltr'><strong>est</strong></span> <span class='ocrx_word' id='word_1_703' title='bbox 983 5016 1182 5077; x_wconf 77' lang='lat' dir='ltr'><strong>pastor,</strong></span> <span class='ocrx_word' id='word_1_704' title='bbox 1240 5008 1392 5077; x_wconf 75' lang='lat' dir='ltr'><strong>cujus</strong></span> <span class='ocrx_word' id='word_1_705' title='bbox 1433 5025 1536 5063; x_wconf 87' lang='lat' dir='ltr'><strong>non</strong></span> <span class='ocrx_word' id='word_1_706' title='bbox 1559 5019 1679 5063; x_wconf 80' lang='lat' dir='ltr'><strong>sunt</strong></span> <span class='ocrx_word' id='word_1_707' title='bbox 1712 5028 1827 5065; x_wconf 81' lang='lat' dir='ltr'><strong>oves</strong></span> 
     </span>
    </p>
   </div>
   <div class='ocr_carea' id='block_1_97' title="bbox 253 5096 1825 5167">
    <p class='ocr_par' dir='ltr' id='par_1_97' title="bbox 253 5096 1825 5167">
     <span class='ocr_line' id='line_1_97' title="bbox 253 5096 1825 5167; baseline 0.003 -18"><span class='ocrx_word' id='word_1_708' title='bbox 253 5098 508 5165; x_wconf 63' lang='lat' dir='ltr'><strong>propriae,</strong></span> <span class='ocrx_word' id='word_1_709' title='bbox 547 5097 680 5150; x_wconf 84' lang='lat' dir='ltr'><strong>videt</strong></span> <span class='ocrx_word' id='word_1_710' title='bbox 710 5096 889 5166; x_wconf 87' lang='lat' dir='ltr'><strong>lupum</strong></span> <span class='ocrx_word' id='word_1_711' title='bbox 927 5099 1234 5164; x_wconf 85' lang='lat' dir='ltr'><strong>venientem,</strong></span> <span class='ocrx_word' id='word_1_712' title='bbox 1268 5108 1317 5152; x_wconf 92' lang='lat' dir='ltr'><strong>et</strong></span> <span class='ocrx_word' id='word_1_713' title='bbox 1348 5099 1566 5153; x_wconf 85' lang='lat' dir='ltr'><strong>dimittit</strong></span> <span class='ocrx_word' id='word_1_714' title='bbox 1605 5117 1743 5167; x_wconf 83' lang='lat' dir='ltr'><strong>oves,</strong></span> <span class='ocrx_word' id='word_1_715' title='bbox 1776 5110 1825 5154; x_wconf 91' lang='lat' dir='ltr'><strong>et</strong></span> 
     </span>
    </p>
   </div>
   <div class='ocr_carea' id='block_1_98' title="bbox 257 5190 1825 5259">
    <p class='ocr_par' dir='ltr' id='par_1_98' title="bbox 257 5190 1825 5259">
     <span class='ocr_line' id='line_1_98' title="bbox 257 5190 1825 5259; baseline 0.001 -16"><span class='ocrx_word' id='word_1_716' title='bbox 257 5190 417 5257; x_wconf 78' lang='lat' dir='ltr'><strong>lupus</strong></span> <span class='ocrx_word' id='word_1_717' title='bbox 471 5190 719 5258; x_wconf 80' lang='lat' dir='ltr'><strong>dispergit</strong></span> <span class='ocrx_word' id='word_1_718' title='bbox 777 5205 885 5252; x_wconf 75' lang='lat' dir='ltr'><strong>eas,</strong></span> <span class='ocrx_word' id='word_1_719' title='bbox 942 5190 1065 5259; x_wconf 85' lang='lat' dir='ltr'><strong>quia</strong></span> <span class='ocrx_word' id='word_1_720' title='bbox 1126 5192 1479 5244; x_wconf 81' lang='lat' dir='ltr'><strong>mercenarius</strong></span> <span class='ocrx_word' id='word_1_721' title='bbox 1516 5202 1611 5255; x_wconf 82' lang='lat' dir='ltr'><strong>est,</strong></span> <span class='ocrx_word' id='word_1_722' title='bbox 1643 5201 1690 5244; x_wconf 88' lang='lat' dir='ltr'><strong>et</strong></span> <span class='ocrx_word' id='word_1_723' title='bbox 1723 5208 1825 5244; x_wconf 85' lang='lat' dir='ltr'><strong>non</strong></span> 
     </span>
    </p>
   </div>
   <div class='ocr_carea' id='block_1_99' title="bbox 254 5283 1825 5354">
    <p class='ocr_par' dir='ltr' id='par_1_99' title="bbox 254 5283 1825 5354">
     <span class='ocr_line' id='line_1_99' title="bbox 254 5283 1825 5354; baseline 0.003 -19"><span class='ocrx_word' id='word_1_724' title='bbox 254 5284 485 5351; x_wconf 85' lang='lat' dir='ltr'><strong>pertinet</strong></span> <span class='ocrx_word' id='word_1_725' title='bbox 513 5283 561 5335; x_wconf 89' lang='lat' dir='ltr'><strong>ei</strong></span> <span class='ocrx_word' id='word_1_726' title='bbox 587 5284 650 5335; x_wconf 91' lang='lat' dir='ltr'><strong>de</strong></span> <span class='ocrx_word' id='word_1_727' title='bbox 676 5283 930 5339; x_wconf 76' lang='lat' dir='ltr'><strong>ovibus&quot;.</strong></span> <span class='ocrx_word' id='word_1_728' title='bbox 962 5284 1071 5337; x_wconf 80' lang='lat' dir='ltr'><strong>Hos</strong></span> <span class='ocrx_word' id='word_1_729' title='bbox 1116 5292 1263 5337; x_wconf 87' lang='lat' dir='ltr'><strong>recte</strong></span> <span class='ocrx_word' id='word_1_730' title='bbox 1291 5299 1319 5337; x_wconf 91' lang='lat' dir='ltr'><strong>a</strong></span> <span class='ocrx_word' id='word_1_731' title='bbox 1355 5294 1666 5339; x_wconf 89' lang='lat' dir='ltr'><strong>sanctorum</strong></span> <span class='ocrx_word' id='word_1_732' title='bbox 1698 5302 1825 5354; x_wconf 90' lang='lat' dir='ltr'><strong>pro-</strong></span> 
     </span>
    </p>
   </div>
   <div class='ocr_carea' id='block_1_100' title="bbox 254 5375 1829 5449">
    <p class='ocr_par' dir='ltr' id='par_1_100' title="bbox 254 5375 1829 5449">
     <span class='ocr_line' id='line_1_100' title="bbox 254 5375 1829 5449; baseline 0.001 -20"><span class='ocrx_word' id='word_1_733' title='bbox 254 5375 416 5430; x_wconf 86' lang='lat' dir='ltr'><strong>hibet</strong></span> <span class='ocrx_word' id='word_1_734' title='bbox 444 5376 830 5445; x_wconf 89' lang='lat' dir='ltr'><strong>perceptione:</strong></span> <span class='ocrx_word' id='word_1_735' title='bbox 877 5391 1052 5444; x_wconf 90' lang='lat' dir='ltr'><strong>neque</strong></span> <span class='ocrx_word' id='word_1_736' title='bbox 1080 5376 1226 5429; x_wconf 90' lang='lat' dir='ltr'><strong>enim</strong></span> <span class='ocrx_word' id='word_1_737' title='bbox 1268 5387 1397 5432; x_wconf 91' lang='lat' dir='ltr'><strong>sunt</strong></span> <span class='ocrx_word' id='word_1_738' title='bbox 1421 5378 1571 5448; x_wconf 89' lang='lat' dir='ltr'><strong>digni</strong></span> <span class='ocrx_word' id='word_1_739' title='bbox 1602 5379 1829 5449; x_wconf 83' lang='lat' dir='ltr'><strong>partici-</strong></span> 
     </span>
    </p>
   </div>
   <div class='ocr_carea' id='block_1_101' title="bbox 256 5466 1830 5540">
    <p class='ocr_par' dir='ltr' id='par_1_101' title="bbox 256 5466 1830 5540">
     <span class='ocr_line' id='line_1_101' title="bbox 256 5466 1830 5540; baseline 0.004 -21"><span class='ocrx_word' id='word_1_740' title='bbox 256 5466 383 5537; x_wconf 85' lang='lat' dir='ltr'><strong>pari</strong></span> <span class='ocrx_word' id='word_1_741' title='bbox 431 5467 530 5531; x_wconf 89' lang='lat' dir='ltr'><strong>eis,</strong></span> <span class='ocrx_word' id='word_1_742' title='bbox 590 5482 712 5535; x_wconf 74' lang='lat' dir='ltr'><strong>qua:</strong></span> <span class='ocrx_word' id='word_1_743' title='bbox 766 5467 853 5521; x_wconf 86' lang='lat' dir='ltr'><strong>vel</strong></span> <span class='ocrx_word' id='word_1_744' title='bbox 902 5467 1191 5533; x_wconf 86' lang='lat' dir='ltr'><strong>desidiose,</strong></span> <span class='ocrx_word' id='word_1_745' title='bbox 1223 5468 1309 5523; x_wconf 91' lang='lat' dir='ltr'><strong>vel</strong></span> <span class='ocrx_word' id='word_1_746' title='bbox 1349 5481 1571 5539; x_wconf 91' lang='lat' dir='ltr'><strong>propter</strong></span> <span class='ocrx_word' id='word_1_747' title='bbox 1627 5471 1830 5540; x_wconf 88' lang='lat' dir='ltr'><strong>aliquid</strong></span> 
     </span>
    </p>
   </div>
   <div class='ocr_carea' id='block_1_102' title="bbox 255 5558 829 5629">
    <p class='ocr_par' dir='ltr' id='par_1_102' title="bbox 255 5558 829 5629">
     <span class='ocr_line' id='line_1_102' title="bbox 255 5558 829 5629; baseline -0.003 -16"><span class='ocrx_word' id='word_1_748' title='bbox 255 5558 610 5613; x_wconf 87' lang='lat' dir='ltr'><strong>commodum</strong></span> <span class='ocrx_word' id='word_1_749' title='bbox 641 5568 829 5629; x_wconf 87' lang='lat' dir='ltr'><strong>agunt.</strong></span> 
     </span>
    </p>
   </div>
   <div class='ocr_carea' id='block_1_103' title="bbox 351 5694 808 5762">
    <p class='ocr_par' dir='ltr' id='par_1_103' title="bbox 351 5694 808 5762">
     <span class='ocr_line' id='line_1_103' title="bbox 351 5694 808 5762; baseline 0.007 -12"><span class='ocrx_word' id='word_1_750' title='bbox 351 5694 397 5728; x_wconf 79' lang='lat'><strong>&quot;</strong></span> <span class='ocrx_word' id='word_1_751' title='bbox 424 5696 517 5751; x_wconf 83' lang='lat' dir='ltr'><strong>Ps.</strong></span> <span class='ocrx_word' id='word_1_752' title='bbox 547 5712 733 5762; x_wconf 69' lang='lat' dir='ltr'><strong>cum,</strong></span> <span class='ocrx_word' id='word_1_753' title='bbox 758 5698 808 5753; x_wconf 89' lang='lat'><strong>8.</strong></span> 
     </span>
    </p>
   </div>
   <div class='ocr_carea' id='block_1_104' title="bbox 913 5698 1411 5765">
    <p class='ocr_par' dir='ltr' id='par_1_104' title="bbox 913 5698 1411 5765">
     <span class='ocr_line' id='line_1_104' title="bbox 913 5698 1411 5765; baseline 0.006 -11"><span class='ocrx_word' id='word_1_754' title='bbox 913 5699 958 5731; x_wconf 74' lang='grc' dir='ltr'><strong>τ’</strong></span> <span class='ocrx_word' id='word_1_755' title='bbox 985 5698 1173 5755; x_wconf 80' lang='lat' dir='ltr'><strong>Jacob.</strong></span> <span class='ocrx_word' id='word_1_756' title='bbox 1209 5716 1287 5765; x_wconf 86' lang='lat' dir='ltr'><strong>In,</strong></span> <span class='ocrx_word' id='word_1_757' title='bbox 1328 5700 1411 5757; x_wconf 84' lang='lat' dir='ltr'><strong>l9.</strong></span> 
     </span>
    </p>
   </div>
   <div class='ocr_carea' id='block_1_105' title="bbox 258 5763 639 5835">
    <p class='ocr_par' dir='ltr' id='par_1_105' title="bbox 258 5763 639 5835">
     <span class='ocr_line' id='line_1_105' title="bbox 258 5763 639 5835; baseline 0.013 -15"><span class='ocrx_word' id='word_1_758' title='bbox 258 5766 282 5820; x_wconf 88' lang='grc'><strong>1</strong></span> <span class='ocrx_word' id='word_1_759' title='bbox 313 5763 459 5822; x_wconf 64' lang='lat' dir='ltr'><strong>Pcw.</strong></span> <span class='ocrx_word' id='word_1_760' title='bbox 492 5784 529 5835; x_wconf 89' lang='lat' dir='ltr'><strong>I,</strong></span> <span class='ocrx_word' id='word_1_761' title='bbox 550 5768 639 5825; x_wconf 74' lang='grc'><strong>18.</strong></span> 
     </span>
    </p>
   </div>
   <div class='ocr_carea' id='block_1_106' title="bbox 739 5767 1119 5837">
    <p class='ocr_par' dir='ltr' id='par_1_106' title="bbox 739 5767 1119 5837">
     <span class='ocr_line' id='line_1_106' title="bbox 739 5767 1119 5837; baseline -0.008 -10"><span class='ocrx_word' id='word_1_762' title='bbox 739 5768 787 5802; x_wconf 80' lang='grc'><strong>⁸³</strong></span> <span class='ocrx_word' id='word_1_763' title='bbox 813 5767 969 5826; x_wconf 80' lang='lat' dir='ltr'><strong>Cant.</strong></span> <span class='ocrx_word' id='word_1_764' title='bbox 994 5783 1033 5837; x_wconf 86' lang='grc' dir='ltr'><strong>ι,</strong></span> <span class='ocrx_word' id='word_1_765' title='bbox 1061 5771 1119 5826; x_wconf 78' lang='lat'><strong>2.</strong></span> 
     </span>
    </p>
   </div>
   <div class='ocr_carea' id='block_1_107' title="bbox 1516 5701 2132 5769">
    <p class='ocr_par' dir='ltr' id='par_1_107' title="bbox 1516 5701 2132 5769">
     <span class='ocr_line' id='line_1_107' title="bbox 1516 5701 2132 5769; baseline 0.006 -14"><span class='ocrx_word' id='word_1_766' title='bbox 1516 5701 1740 5759; x_wconf 83' lang='lat' dir='ltr'><strong>“Joan.</strong></span> <span class='ocrx_word' id='word_1_767' title='bbox 1778 5720 1843 5769; x_wconf 71' lang='grc' dir='ltr'><strong>ι,</strong></span> <span class='ocrx_word' id='word_1_768' title='bbox 1882 5704 1947 5757; x_wconf 73' lang='grc'><strong>12</strong></span> <span class='ocrx_word' id='word_1_769' title='bbox 1973 5745 1987 5769; x_wconf 85' lang='grc'><em>,</em></span> <span class='ocrx_word' id='word_1_770' title='bbox 2047 5706 2132 5759; x_wconf 77' lang='grc'><strong>15.</strong></span> 
     </span>
    </p>
   </div>
   <div class='ocr_carea' id='block_1_108' title="bbox 1930 4557 3491 4639">
    <p class='ocr_par' dir='ltr' id='par_1_108' title="bbox 1930 4557 3491 4639">
     <span class='ocr_line' id='line_1_108' title="bbox 1930 4557 3491 4639; baseline 0.01 -30"><span class='ocrx_word' id='word_1_771' title='bbox 1930 4557 2013 4609; x_wconf 88' lang='lat' dir='ltr'><strong>vel</strong></span> <span class='ocrx_word' id='word_1_772' title='bbox 2044 4558 2343 4626; x_wconf 91' lang='lat' dir='ltr'><strong>repudiata,</strong></span> <span class='ocrx_word' id='word_1_773' title='bbox 2372 4559 2682 4627; x_wconf 84' lang='lat' dir='ltr'><strong>relinquens</strong></span> <span class='ocrx_word' id='word_1_774' title='bbox 2714 4576 2957 4617; x_wconf 90' lang='lat' dir='ltr'><strong>errorem</strong></span> <span class='ocrx_word' id='word_1_775' title='bbox 2988 4565 3251 4633; x_wconf 82' lang='lat' dir='ltr'><strong>funditus,</strong></span> <span class='ocrx_word' id='word_1_776' title='bbox 3275 4578 3330 4622; x_wconf 90' lang='lat' dir='ltr'><strong>et</strong></span> <span class='ocrx_word' id='word_1_777' title='bbox 3355 4586 3491 4639; x_wconf 89' lang='lat' dir='ltr'><strong>quo-</strong></span> 
     </span>
    </p>
   </div>
   <div class='ocr_carea' id='block_1_109' title="bbox 1930 4646 3491 4728">
    <p class='ocr_par' dir='ltr' id='par_1_109' title="bbox 1930 4646 3491 4728">
     <span class='ocr_line' id='line_1_109' title="bbox 1930 4646 3491 4728; baseline 0.011 -29"><span class='ocrx_word' id='word_1_778' title='bbox 1930 4646 2218 4702; x_wconf 90' lang='lat' dir='ltr'><strong>dammodo</strong></span> <span class='ocrx_word' id='word_1_779' title='bbox 2242 4649 2511 4718; x_wconf 89' lang='lat' dir='ltr'><strong>sepeliens</strong></span> <span class='ocrx_word' id='word_1_780' title='bbox 2537 4651 2708 4715; x_wconf 91' lang='lat' dir='ltr'><strong>illum,</strong></span> <span class='ocrx_word' id='word_1_781' title='bbox 2743 4662 2799 4706; x_wconf 89' lang='lat' dir='ltr'><strong>et</strong></span> <span class='ocrx_word' id='word_1_782' title='bbox 2827 4653 2896 4708; x_wconf 91' lang='lat' dir='ltr'><strong>ab</strong></span> <span class='ocrx_word' id='word_1_783' title='bbox 2924 4654 3113 4724; x_wconf 89' lang='lat' dir='ltr'><strong>iniquo</strong></span> <span class='ocrx_word' id='word_1_784' title='bbox 3145 4659 3491 4728; x_wconf 88' lang='lat' dir='ltr'><strong>semetipsam</strong></span> 
     </span>
    </p>
   </div>
   <div class='ocr_carea' id='block_1_110' title="bbox 1930 4738 3488 4807">
    <p class='ocr_par' dir='ltr' id='par_1_110' title="bbox 1930 4738 3488 4807">
     <span class='ocr_line' id='line_1_110' title="bbox 1930 4738 3488 4807; baseline 0.01 -16"><span class='ocrx_word' id='word_1_785' title='bbox 1930 4738 2218 4794; x_wconf 86' lang='lat' dir='ltr'><strong>absolvens</strong></span> <span class='ocrx_word' id='word_1_786' title='bbox 2243 4741 2653 4807; x_wconf 75' lang='lat' dir='ltr'><strong>commixtione,</strong></span> <span class='ocrx_word' id='word_1_787' title='bbox 2704 4758 2921 4799; x_wconf 90' lang='lat' dir='ltr'><strong>reversa</strong></span> <span class='ocrx_word' id='word_1_788' title='bbox 2968 4746 3136 4802; x_wconf 81' lang='lat' dir='ltr'><strong>fuerit</strong></span> <span class='ocrx_word' id='word_1_789' title='bbox 3175 4749 3229 4803; x_wconf 91' lang='lat' dir='ltr'><strong>in</strong></span> <span class='ocrx_word' id='word_1_790' title='bbox 3267 4750 3488 4805; x_wconf 91' lang='lat' dir='ltr'><strong>domum</strong></span> 
     </span>
    </p>
   </div>
   <div class='ocr_carea' id='block_1_111' title="bbox 1931 4831 3491 4898">
    <p class='ocr_par' dir='ltr' id='par_1_111' title="bbox 1931 4831 3491 4898">
     <span class='ocr_line' id='line_1_111' title="bbox 1931 4831 3491 4898; baseline 0.01 -17"><span class='ocrx_word' id='word_1_791' title='bbox 1931 4842 2081 4882; x_wconf 92' lang='lat' dir='ltr'><strong>suam</strong></span> <span class='ocrx_word' id='word_1_792' title='bbox 2115 4837 2420 4897; x_wconf 90' lang='lat' dir='ltr'><strong>paternam,</strong></span> <span class='ocrx_word' id='word_1_793' title='bbox 2470 4831 2523 4885; x_wconf 89' lang='lat' dir='ltr'><strong>id</strong></span> <span class='ocrx_word' id='word_1_794' title='bbox 2566 4840 2669 4896; x_wconf 88' lang='lat' dir='ltr'><strong>est,</strong></span> <span class='ocrx_word' id='word_1_795' title='bbox 2728 4832 3046 4898; x_wconf 86' lang='lat' dir='ltr'><strong>Ecclesiam,</strong></span> <span class='ocrx_word' id='word_1_796' title='bbox 3095 4846 3149 4891; x_wconf 88' lang='lat' dir='ltr'><strong>et</strong></span> <span class='ocrx_word' id='word_1_797' title='bbox 3190 4843 3491 4897; x_wconf 92' lang='lat' dir='ltr'><strong>secundum</strong></span> 
     </span>
    </p>
   </div>
   <div class='ocr_carea' id='block_1_112' title="bbox 1928 4918 3495 5003">
    <p class='ocr_par' dir='ltr' id='par_1_112' title="bbox 1928 4918 3495 5003">
     <span class='ocr_line' id='line_1_112' title="bbox 1928 4918 3495 5003; baseline 0.01 -32"><span class='ocrx_word' id='word_1_798' title='bbox 1928 4918 2270 4988; x_wconf 89' lang='lat' dir='ltr'><strong>juventutem</strong></span> <span class='ocrx_word' id='word_1_799' title='bbox 2294 4936 2469 4988; x_wconf 92' lang='lat' dir='ltr'><strong>suam,</strong></span> <span class='ocrx_word' id='word_1_800' title='bbox 2500 4922 2555 4976; x_wconf 89' lang='lat' dir='ltr'><strong>in</strong></span> <span class='ocrx_word' id='word_1_801' title='bbox 2584 4939 2689 4992; x_wconf 91' lang='lat' dir='ltr'><strong>qua</strong></span> <span class='ocrx_word' id='word_1_802' title='bbox 2719 4924 2987 4993; x_wconf 83' lang='lat' dir='ltr'><strong>fervebat,</strong></span> <span class='ocrx_word' id='word_1_803' title='bbox 3020 4944 3143 4982; x_wconf 90' lang='lat' dir='ltr'><strong>cum</strong></span> <span class='ocrx_word' id='word_1_804' title='bbox 3176 4933 3343 4985; x_wconf 85' lang='lat' dir='ltr'><strong>sacris</strong></span> <span class='ocrx_word' id='word_1_805' title='bbox 3370 4934 3495 5003; x_wconf 88' lang='lat' dir='ltr'><strong>dog-</strong></span> 
     </span>
    </p>
   </div>
   <div class='ocr_carea' id='block_1_113' title="bbox 1928 5010 3491 5089">
    <p class='ocr_par' dir='ltr' id='par_1_113' title="bbox 1928 5010 3491 5089">
     <span class='ocr_line' id='line_1_113' title="bbox 1928 5010 3491 5089; baseline 0.01 -27"><span class='ocrx_word' id='word_1_806' title='bbox 1928 5010 2163 5064; x_wconf 91' lang='lat' dir='ltr'><strong>matibus</strong></span> <span class='ocrx_word' id='word_1_807' title='bbox 2188 5010 2311 5065; x_wconf 90' lang='lat' dir='ltr'><strong>ﬁdei</strong></span> <span class='ocrx_word' id='word_1_808' title='bbox 2362 5013 2726 5080; x_wconf 87' lang='lat' dir='ltr'><strong>nutriebatur,</strong></span> <span class='ocrx_word' id='word_1_809' title='bbox 2750 5016 3114 5084; x_wconf 88' lang='lat' dir='ltr'><strong>juvenescens</strong></span> <span class='ocrx_word' id='word_1_810' title='bbox 3176 5022 3491 5089; x_wconf 89' lang='lat' dir='ltr'><strong>virtutibus,</strong></span> 
     </span>
    </p>
   </div>
   <div class='ocr_carea' id='block_1_114' title="bbox 1931 5104 3493 5183">
    <p class='ocr_par' dir='ltr' id='par_1_114' title="bbox 1931 5104 3493 5183">
     <span class='ocr_line' id='line_1_114' title="bbox 1931 5104 3493 5183; baseline 0.008 -28"><span class='ocrx_word' id='word_1_811' title='bbox 1931 5112 1987 5157; x_wconf 92' lang='lat' dir='ltr'><strong>et</strong></span> <span class='ocrx_word' id='word_1_812' title='bbox 2014 5104 2199 5172; x_wconf 90' lang='lat' dir='ltr'><strong>virago</strong></span> <span class='ocrx_word' id='word_1_813' title='bbox 2226 5104 2293 5157; x_wconf 93' lang='lat' dir='ltr'><strong>ab</strong></span> <span class='ocrx_word' id='word_1_814' title='bbox 2327 5105 2429 5158; x_wconf 91' lang='lat' dir='ltr'><strong>illis</strong></span> <span class='ocrx_word' id='word_1_815' title='bbox 2464 5108 2752 5175; x_wconf 90' lang='lat' dir='ltr'><strong>appellata,</strong></span> <span class='ocrx_word' id='word_1_816' title='bbox 2788 5109 2855 5162; x_wconf 93' lang='lat' dir='ltr'><strong>de</strong></span> <span class='ocrx_word' id='word_1_817' title='bbox 2914 5112 3115 5179; x_wconf 89' lang='lat' dir='ltr'><strong>quibus</strong></span> <span class='ocrx_word' id='word_1_818' title='bbox 3148 5112 3239 5165; x_wconf 91' lang='lat' dir='ltr'><strong>Dei</strong></span> <span class='ocrx_word' id='word_1_819' title='bbox 3270 5115 3493 5183; x_wconf 79' lang='lat' dir='ltr'><strong>spiritus</strong></span> 
     </span>
    </p>
   </div>
   <div class='ocr_carea' id='block_1_115' title="bbox 1930 5196 3495 5277">
    <p class='ocr_par' dir='ltr' id='par_1_115' title="bbox 1930 5196 3495 5277">
     <span class='ocr_line' id='line_1_115' title="bbox 1930 5196 3495 5277; baseline 0.008 -29"><span class='ocrx_word' id='word_1_820' title='bbox 1930 5196 1996 5249; x_wconf 88' lang='lat' dir='ltr'><strong>ad</strong></span> <span class='ocrx_word' id='word_1_821' title='bbox 2020 5197 2293 5250; x_wconf 76' lang='lat' dir='ltr'><strong>Christum</strong></span> <span class='ocrx_word' id='word_1_822' title='bbox 2330 5197 2382 5249; x_wconf 92' lang='lat' dir='ltr'><strong>in</strong></span> <span class='ocrx_word' id='word_1_823' title='bbox 2414 5197 2653 5253; x_wconf 89' lang='lat' dir='ltr'><strong>Canticis</strong></span> <span class='ocrx_word' id='word_1_824' title='bbox 2707 5201 2956 5258; x_wconf 87' lang='lat' dir='ltr'><strong>dicebat:</strong></span> <span class='ocrx_word' id='word_1_825' title='bbox 2995 5203 3319 5274; x_wconf 83' lang='lat' dir='ltr'><strong>Unguentum</strong></span> <span class='ocrx_word' id='word_1_826' title='bbox 3377 5210 3495 5277; x_wconf 70' lang='lat' dir='ltr'><strong>effu-</strong></span> 
     </span>
    </p>
   </div>
   <div class='ocr_carea' id='block_1_116' title="bbox 1929 5296 3494 5361">
    <p class='ocr_par' dir='ltr' id='par_1_116' title="bbox 1929 5296 3494 5361">
     <span class='ocr_line' id='line_1_116' title="bbox 1929 5296 3494 5361; baseline 0.009 -21"><span class='ocrx_word' id='word_1_827' title='bbox 1929 5304 2043 5341; x_wconf 80' lang='lat' dir='ltr'><strong>sum</strong></span> <span class='ocrx_word' id='word_1_828' title='bbox 2074 5299 2145 5342; x_wconf 82' lang='lat' dir='ltr'><strong>est</strong></span> <span class='ocrx_word' id='word_1_829' title='bbox 2178 5306 2361 5342; x_wconf 88' lang='lat' dir='ltr'><strong>nomen</strong></span> <span class='ocrx_word' id='word_1_830' title='bbox 2383 5298 2549 5356; x_wconf 88' lang='lat' dir='ltr'><strong>tuum,</strong></span> <span class='ocrx_word' id='word_1_831' title='bbox 2576 5302 2845 5361; x_wconf 86' lang='lat' dir='ltr'><strong>propterea</strong></span> <span class='ocrx_word' id='word_1_832' title='bbox 2873 5296 3267 5351; x_wconf 77' lang='lat' dir='ltr'><strong>adolescentqu</strong></span> <span class='ocrx_word' id='word_1_833' title='bbox 3296 5300 3494 5354; x_wconf 73' lang='lat' dir='ltr'><strong>dilexe-</strong></span> 
     </span>
    </p>
   </div>
   <div class='ocr_carea' id='block_1_117' title="bbox 1936 5380 3496 5453">
    <p class='ocr_par' dir='ltr' id='par_1_117' title="bbox 1936 5380 3496 5453">
     <span class='ocr_line' id='line_1_117' title="bbox 1936 5380 3496 5453; baseline 0.009 -21"><span class='ocrx_word' id='word_1_834' title='bbox 1936 5391 2057 5433; x_wconf 86' lang='lat' dir='ltr'><strong>runt</strong></span> <span class='ocrx_word' id='word_1_835' title='bbox 2082 5390 2130 5433; x_wconf 90' lang='lat' dir='ltr'><strong>te</strong></span> <span class='ocrx_word' id='word_1_836' title='bbox 2146 5380 2212 5434; x_wconf 81' lang='grc'><strong>⁸³;</strong></span> <span class='ocrx_word' id='word_1_837' title='bbox 2240 5381 2308 5435; x_wconf 88' lang='lat' dir='ltr'><strong>de</strong></span> <span class='ocrx_word' id='word_1_838' title='bbox 2339 5382 2570 5449; x_wconf 86' lang='lat' dir='ltr'><strong>panibus</strong></span> <span class='ocrx_word' id='word_1_839' title='bbox 2605 5386 2775 5452; x_wconf 91' lang='lat' dir='ltr'><strong>patris</strong></span> <span class='ocrx_word' id='word_1_840' title='bbox 2803 5386 2908 5451; x_wconf 87' lang='lat' dir='ltr'><strong>sui,</strong></span> <span class='ocrx_word' id='word_1_841' title='bbox 2953 5388 3001 5440; x_wconf 91' lang='lat' dir='ltr'><strong>id</strong></span> <span class='ocrx_word' id='word_1_842' title='bbox 3038 5397 3143 5453; x_wconf 89' lang='lat' dir='ltr'><strong>est,</strong></span> <span class='ocrx_word' id='word_1_843' title='bbox 3173 5390 3377 5444; x_wconf 88' lang='lat' dir='ltr'><strong>Christi</strong></span> <span class='ocrx_word' id='word_1_844' title='bbox 3401 5406 3496 5446; x_wconf 88' lang='lat' dir='ltr'><strong>co-</strong></span> 
     </span>
    </p>
   </div>
   <div class='ocr_carea' id='block_1_118' title="bbox 1936 5474 3494 5552">
    <p class='ocr_par' dir='ltr' id='par_1_118' title="bbox 1936 5474 3494 5552">
     <span class='ocr_line' id='line_1_118' title="bbox 1936 5474 3494 5552; baseline 0.005 -24"><span class='ocrx_word' id='word_1_845' title='bbox 1936 5475 2136 5529; x_wconf 89' lang='lat' dir='ltr'><strong>medat.</strong></span> <span class='ocrx_word' id='word_1_846' title='bbox 2178 5474 2235 5527; x_wconf 93' lang='lat' dir='ltr'><strong>Si</strong></span> <span class='ocrx_word' id='word_1_847' title='bbox 2284 5474 2431 5529; x_wconf 88' lang='lat' dir='ltr'><strong>enim</strong></span> <span class='ocrx_word' id='word_1_848' title='bbox 2483 5485 2709 5530; x_wconf 88' lang='lat' dir='ltr'><strong>matrem</strong></span> <span class='ocrx_word' id='word_1_849' title='bbox 2762 5478 3061 5534; x_wconf 85' lang='lat' dir='ltr'><strong>Ecclesiam</strong></span> <span class='ocrx_word' id='word_1_850' title='bbox 3120 5484 3494 5552; x_wconf 87' lang='lat' dir='ltr'><strong>unusquisque</strong></span> 
     </span>
    </p>
   </div>
   <div class='ocr_carea' id='block_1_119' title="bbox 1919 5568 3497 5637">
    <p class='ocr_par' dir='ltr' id='par_1_119' title="bbox 1919 5568 3497 5637">
     <span class='ocr_line' id='line_1_119' title="bbox 1919 5568 3497 5637; baseline 0.006 -18"><span class='ocrx_word' id='word_1_851' title='bbox 1919 5577 2187 5631; x_wconf 90' lang='lat' dir='ltr'><strong>nostrum,</strong></span> <span class='ocrx_word' id='word_1_852' title='bbox 2212 5575 2269 5620; x_wconf 93' lang='lat' dir='ltr'><strong>et</strong></span> <span class='ocrx_word' id='word_1_853' title='bbox 2299 5575 2508 5635; x_wconf 88' lang='lat' dir='ltr'><strong>patrem</strong></span> <span class='ocrx_word' id='word_1_854' title='bbox 2553 5568 2834 5624; x_wconf 85' lang='lat' dir='ltr'><strong>Christum</strong></span> <span class='ocrx_word' id='word_1_855' title='bbox 2869 5571 3065 5637; x_wconf 87' lang='lat' dir='ltr'><strong>habet,</strong></span> <span class='ocrx_word' id='word_1_856' title='bbox 3100 5574 3280 5628; x_wconf 89' lang='lat' dir='ltr'><strong>omnis</strong></span> <span class='ocrx_word' id='word_1_857' title='bbox 3302 5573 3497 5629; x_wconf 50' lang='lat' dir='ltr'><strong>alieni-</strong></span> 
     </span>
    </p>
   </div>
   <div class='ocr_carea' id='block_1_120' title="bbox 2229 5705 3495 5779">
    <p class='ocr_par' dir='ltr' id='par_1_120' title="bbox 2229 5705 3495 5779">
     <span class='ocr_line' id='line_1_120' title="bbox 2229 5705 3495 5779; baseline 0.006 -21"><span class='ocrx_word' id='word_1_858' title='bbox 2229 5707 2270 5737; x_wconf 83' lang='grc'><strong>⁸¹</strong></span> <span class='ocrx_word' id='word_1_859' title='bbox 2313 5705 2453 5761; x_wconf 82' lang='lat' dir='ltr'><strong>Psal.</strong></span> <span class='ocrx_word' id='word_1_860' title='bbox 2482 5721 2559 5773; x_wconf 74' lang='grc' dir='ltr'><strong>ιι,</strong></span> <span class='ocrx_word' id='word_1_861' title='bbox 2594 5708 2647 5761; x_wconf 87' lang='lat'><strong>7.</strong></span> <span class='ocrx_word' id='word_1_862' title='bbox 2749 5705 2977 5766; x_wconf 82' lang='lat' dir='ltr'><strong>&quot;lCor.</strong></span> <span class='ocrx_word' id='word_1_863' title='bbox 3012 5728 3085 5777; x_wconf 80' lang='lat' dir='ltr'><strong>vr,</strong></span> <span class='ocrx_word' id='word_1_864' title='bbox 3118 5708 3215 5777; x_wconf 66' lang='lat'><strong>20;</strong></span> <span class='ocrx_word' id='word_1_865' title='bbox 3268 5727 3363 5777; x_wconf 84' lang='lat' dir='ltr'><strong>vn,</strong></span> <span class='ocrx_word' id='word_1_866' title='bbox 3388 5710 3495 5779; x_wconf 30' lang='lat'><strong>.25;</strong></span> 
     </span>
    </p>
   </div>
  </div>
