3928 6428
611 342 744 409 1071

1801 343 2159 406 HESYCHII
2197 337 2662 402 PRESBYTERI

3711 345 3810 412 10ῖὲ

607 477 744 536 gena
769 459 1084 516 comedendi
1103 460 1272 516 ex‘eis
1293 459 1399 514 non
1429 461 1592 515 habet
1610 469 1958 531 potestatem,
1989 459 2040 513 id
2065 468 2167 522 est,
2206 471 2242 516 Α
2274 472 2372 524 per
2400 457 2520 524 ejus
2554 456 2834 515 virtutem.
2868 464 2922 508 et
2951 455 3231 523 prolatum
3266 453 3340 507 ab
3375 468 3444 505 eo
3472 454 3704 524 verbum,
3725 480 3811 530 ιμικ

607 555 703 625 qui
757 555 931 607 aliena
973 542 1192 609 Christo
1219 565 1273 608 et
1303 554 1511 624 legibus
1545 554 1664 622 ejus
1716 562 1770 606 et
1822 551 2004 621 gloria:
2043 551 2170 620 agit.

609 647 740 716 Ejus
763 648 909 701 enim
942 649 1025 700 lex
1073 656 1158 701 est
1192 664 1204 699 :
1233 646 1351 699 Non
1394 645 1586 697 dabitis
1633 653 1873 697 sanctum
1934 643 2170 705 canibus,

607 758 771 812 neque
803 741 1024 793 mittatis
1054 737 1375 807 margaritas
1399 745 1594 790 vestras
1624 745 1746 788 ante
1775 734 2034 803 porcos”.

677 833 840 887 Vens.
895 829 1080 885 H-Iﬁ.
1119 849 1136 880 ε
1197 828 1297 894 Qui
1351 828 1648 882 cmuedcrit
1701 828 1770 880 de
1828 824 2178 880 sanctiﬁcatis

2276 549 2550 611 videntur,
2611 556 2718 600 tam
2783 547 3111 600 sanctiﬁcata
3180 557 3342 606 sunt,
3385 563 3548 614 quam
3607 565 3813 606 cunctum

2275 639 2453 691 carnis
2492 643 2764 693 excedunt
2792 654 3038 692 sensum.
3085 636 3268 692 Recte
3304 652 3441 705 ergo
3474 634 3668 694 addidit
3703 643 3817 697 :ﬁ’ec

2276 731 2708 783 contaminabunt
2743 731 3073 798 sanctiﬁcata
3100 729 3352 798 filiorum
3381 728 3573 789 Israel,
3599 748 3704 801 qm
3730 739 3820 802 oﬂr-
3870 799 3871 806 κ

2278 832 2395 875 runt
2438 823 2682 886 Domino,
2737 839 2800 876 ne
2846 825 2978 890 forte
3027 825 3339 876 sustineant
3384 823 3706 890 iniquitatem
3747 833 3822 880 Jr-
3870 863 3871 898 ι

2277 916 2388 968 [icti
2422 919 2525 977 sui,
2566 932 2684 969 cum
2719 917 3050 985 sanctiﬁcata
3091 915 3448 969 comederint.

2348 1009 2450 1073 Qui
2484 1008 2630 1062 enim
2666 1008 2889 1062 Christo
2923 1023 3148 1062 suorum
3195 991 3596 1076 mysteriorum
3634 1010 3823 1062 sanctiﬁ-

2278 1105 2548 1158 catiouem
2583 1105 2873 1173 imputant,
2905 1114 2960 1157 et
2993 1104 3271 1157 addentes
3322 1101 3673 1171 sibimetipsis
3699 1106 3819 1172 quin-

2280 1203 2386 1248 tam
2431 1211 2552 1264 quae
2601 1195 2810 1264 prolata
2846 1203 2950 1256 est,
2985 1194 3252 1249 videlicet
3282 1193 3523 1247 verbum
3558 1192 3687 1261 ejus,
3715 1197 3817 1261 quod

2279 1295 2500 1340 nostros
2541 1287 2795 1356 producit
2833 1300 3032 1341 sensus
3070 1286 3136 1340 ad
3175 1284 3536 1345 sublimiora,
3581 1302 3680 1338 non
3721 1303 3815 1339 cnn-

2282 1380 2550 1433 tamiuaut
2593 1389 2782 1433 sancta
2824 1388 3160 1439 sanctorum,
3199 1385 3407 1447 utpote
3443 1377 3618 1445 qualia
3659 1391 3818 1443 θρωπε-ι

2281 1471 2348 1523 de
2399 1471 2479 1523 eis
2537 1470 2912 1538 intelligentis,
2963 1469 3054 1521 sed
3110 1483 3220 1520 nec
3286 1467 3562 1519 inducunt
3609 1483 3746 1534 super
3780 1485 3815 1518 se

2282 1561 2623 1629 iniquitatem
2667 1559 2849 1613 delicti
2903 1559 2955 1611 in
3004 1556 3360 1611 comedendo
3417 1565 3604 1609 sancta
3650 1570 3818 1609 sancto-

577 931 705 987 per
762 921 1144 992 ignorantiam,
1186 919 1346 974 addet
1391 920 1634 988 quintam
1695 928 1902 987 partem
1954 932 2079 971 cum
2111 929 2177 970 eo

605 1015 749 1084 quod
791 1013 1027 1068 comedit
1077 1022 1132 1066 et
1173 1011 1320 1065 dabit
1361 1014 1626 1065 sacerdoti
1679 1012 1733 1064 in
1785 1011 2175 1073 sanctuarium,

605 1122 708 1161 nec
739 1105 1189 1160 contaminabunt
1224 1103 1553 1157 sanctiﬁcata
1601 1103 1830 1156 ﬁliorum
1867 1105 2024 1155 Israel
2057 1118 2178 1171 qua:

605 1198 848 1252 offerunt
902 1195 1152 1256 Domino,
1204 1211 1274 1249 ne
1324 1195 1465 1248 forte
1499 1195 1804 1248 sustineant
1836 1194 2177 1263 iniquitatem

603 1288 786 1342 delicti
820 1287 900 1340 sui
927 1302 1050 1339 eum
1083 1284 1414 1340 sanctiﬁcata
1463 1285 1817 1340 comederint.
1853 1285 1964 1355 Ego
1991 1284 2178 1338 Domi-

604 1396 712 1434 nus
741 1380 831 1447 qui
865 1377 1145 1433 sanctiﬁco
1178 1393 1288 1431 eos.
1331 1397 1350 1427 ι

681 1471 878 1524 Sancta
923 1479 1234 1523 sanctorqu
1259 1479 1382 1522 sunt
1417 1469 1630 1537 proprie
1657 1468 1858 1523 Christi
1901 1469 2177 1539 mysteria,

605 1564 731 1633 quia
764 1563 934 1630 ipsius
969 1571 1052 1615 est
1085 1577 1300 1629 corpus,
1337 1559 1403 1613 de
1427 1577 1534 1629 quo
1564 1560 1778 1614 Gabriel
1809 1562 1877 1615 ad
1915 1561 2177 1636 virginem

604 1655 821 1708 dicebat
847 1671 859 1705 :
887 1651 1116 1720 Spiritus
1141 1661 1351 1702 sanctus
1393 1653 1718 1717 superveniet
1751 1653 1805 1705 in
1838 1664 1906 1714 te,
1938 1662 1983 1705 et
2013 1653 2180 1706 virtus
2282 1669 2401 1707 rum
2436 1671 2450 1706 :
2485 1668 2586 1705 nec
2616 1653 2761 1705 enim
2797 1663 2852 1704 ut
2884 1650 2949 1704 ad
2983 1664 3346 1703 communem
3382 1647 3589 1706 cibum.
3614 1650 3696 1702 sed
3717 1650 3814 1703 sicut

606 1747 866 1800 Altissimi
917 1745 1244 1797 obumbrabit
1286 1743 1398 1801 tibi.
1446 1743 1560 1795 ideo
1595 1746 1732 1813 quod
1765 1754 2008 1797 nascetur
2037 1761 2100 1798 ex
2132 1756 2181 1798 te
2213 1809 2245 1814 _
2283 1747 2349 1800 ad
2380 1747 2699 1814 mysticum,
2723 1753 2780 1798 et
2807 1744 3050 1798 terribile
3078 1752 3131 1796 et
3157 1743 3397 1796 caeleste
3427 1742 3683 1794 accedunt
3711 1753 3752 1794 et
3773 1744 3817 1794 nl

606 1848 846 1892 sanctum
873 1838 1163 1900 vocabitur,
1189 1835 1353 1889 Filius
1380 1835 1473 1889 Dei
1497 1835 1567 1887 ⁸⁸.
1600 1834 1705 1890 Sed
1728 1847 1781 1889 et
1812 1836 1997 1898 Isaias,
2041 1835 2179 1889 San-
2212 1809 2253 1864 Β
2282 1809 2454 1906 quem.
2487 1836 2578 1905 Qui
2627 1810 2832 1889 temere
2887 1833 3172 1896 accedunt,
3213 1847 3332 1884 non
3387 1829 3693 1900 simpliciter
3726 1848 3813 1899 pce-

609 1940 728 1983 ctus
777 1929 1055 1990 Dominus,
1089 1928 1227 1980 etin
1255 1926 1380 1979 altis
1413 1926 1638 1991 habitat,
1677 1927 1730 1978 in
1764 1927 1886 1980 sinu
1927 1927 2182 1981 videlicet
2281 1941 2426 1994 cant,
2459 1931 2557 1983 sed
2595 1929 2936 1998 iniquitatem
2979 1926 3161 1980 delicti
3201 1925 3291 1979 sui
3329 1935 3554 1994 portare
3591 1923 3814 1976 dicuntur.

610 2020 808 2074 Patris.
841 2021 922 2072 Ab
949 2021 1054 2074 hoc
1101 2019 1244 2072 enim
1274 2033 1380 2071 non
1418 2019 1592 2072 solum
1643 2018 1976 2089 alienigenas
2013 2029 2069 2073 et
2097 2020 2181 2072 in-
2271 2023 2545 2076 “Delictum
2584 2032 2763 2074 autem
2798 2019 3017 2089 proprie
3056 2035 3086 2072 a
3137 2017 3467 2086 legislature
3513 2015 3694 2070 dicitur
3724 2032 3812 2084 pec-

607 2112 873 2182 quilinos,
905 2122 961 2166 et
1017 2112 1389 2165 mercenaries
1441 2110 1693 2165 sacriﬁcii
1753 2113 2054 2182 prohibuit,
2086 2113 2180 2168 sed
2265 2125 2485 2177 catum,
2512 2115 2656 2184 quod
2699 2114 2752 2167 in
2789 2112 2957 2166 Deum
3004 2111 3403 2172 committitur,
3443 2118 3498 2162 et
3535 2123 3594 2162 ea
3637 2123 3735 2175 quzt-
3767 2107 3813 2159 ad
3870 2105 3871 2118 ‘

609 2218 713 2258 nec
735 2218 829 2270 per
857 2202 1213 2273 ignorantiam
1250 2201 1836 2272 percipere-praecepit.
1879 2201 1982 2257 Per
2025 2205 2183 2274 iguo-
2263 2204 2388 2262 'hoc
2430 2207 2708 2276 pertinent
2737 2206 2791 2258 in
2823 2203 3129 2265 sacriﬁciis,
3163 2217 3294 2272 quac
3345 2217 3451 2270 pro
3494 2199 3689 2253 delictis
3714 2199 3810 2252 olle-

609 2293 840 2346 rantiam
885 2302 1066 2346 autem
1097 2292 1353 2362 percipit,
1401 2292 1492 2360 qui
1523 2292 1782 2347 virtute'm
1815 2296 1934 2364 ejus
2001 2305 2056 2349 et
2100 2294 2184 2349 di-
2283 2307 2503 2361 runtur,
2551 2297 2762 2366 pridem
2820 2293 3184 2348 ostendimus.
3244 2291 3408 2346 Unde
3457 2299 3510 2343 et
3557 2306 3686 2342 uuuc
3722 2306 3808 2341 cum

609 2385 871 2455 gnitatem
916 2384 1148 2454 ignorat,
1194 2385 1286 2453 qui
1319 2385 1519 2451 nescit,
1569 2386 1696 2456 quia
1743 2401 1944 2456 corpus
1997 2387 2100 2442 hoc
2129 2397 2184 2442 et
2283 2391 2514 2445 dixisset
2558 2408 2570 2443 :
2616 2389 2696 2443 Ne
2743 2390 2876 2460 [orte
2931 2387 3226 2440 sustineant
3293 2386 3623 2454 iniquitatem
3678 2383 3808 2434 ἄρηαι

609 2478 828 2547 sanguis
849 2486 932 2530 est
960 2477 1259 2531 secundum
1288 2477 1597 2544 veritatem,
1630 2477 1723 2531 sed
1779 2480 2030 2549 mysteria
2059 2480 2185 2549 qui-
2283 2485 2366 2538 sui
2401 2502 2413 2536 :
2447 2493 2595 2536 recte
2648 2482 2889 2537 subdidit
2920 2499 2931 2533 :
2967 2481 3075 2550 Ego
3113 2479 3412 2542 Dominus,
3465 2478 3552 2547 qui
3599 2475 3806 2540 sanctiﬁto

607 2565 1014 2638 dempercipit,
1052 2568 1227 2622 nescit
1263 2575 1446 2624 autem
1483 2572 1862 2639 mysteriorum
1897 2569 2182 2626 virtutetn.
2285 2590 2388 2626 eos.
2443 2573 2768 2634 Ostendens,
2799 2572 2925 2641 quia
2968 2571 3256 2634 delictum,
3295 2570 3349 2622 id
3403 2577 3486 2622 est
3525 2567 3737 2637 impietas
3767 2567 3800 2617 in

601 2648 686 2712 Ἀιι
712 2675 875 2728 quem
911 2660 1166 2714 Salomon
1191 2661 1323 2716 dicit
1351 2661 1435 2715 vel
1461 2663 1630 2732 magis
1685 2661 1931 2731 spiritus,
1983 2664 2074 2732 qui
2128 2667 2171 2719 in

2286 2664 2480 2726 Deum,
2532 2662 2912 2730 incompeteus
2956 2669 3277 2714 sanctorum
3315 2657 3588 2727 perceptio
3618 2655 3801 2723 appella-

597 2764 675 2803 eo
709 2761 794 2803 est
824 2768 836 2802 :
861 2749 1083 2815 Quando
1119 2752 1331 2816 sederis,
1389 2761 1445 2804 ut
1479 2754 1720 2806 comedas
1755 2768 1873 2806 cum
1927 2756 2180 2823 principe.
2287 2763 2394 2807 tur.
2423 2753 2622 2805 Tendit
2659 2751 2805 2804 enim
2844 2751 2911 2804 ad
2955 2749 3126 2804 Deum
3180 2748 3580 2803 sanctiﬁcatum
3622 2761 3714 2806 eos,
3738 2746 3799 2814 qui

596 2841 880 2911 diligenter
898 2843 1108 2896 attende
1146 2858 1262 2912 quae
1300 2844 1468 2911 posita
1500 2852 1622 2895 sunt
1656 2853 1780 2896 ante
1821 2844 1947 2897 te".
1987 2845 2187 2914 Aperte
2287 2843 2590 2913 modoquo
2619 2851 2854 2912 oportet,
2889 2857 2952 2896 ea
2997 2844 3333 2905 sumunt,'et
3363 2840 3456 2910 qui
3485 2839 3796 2893 sanctiﬁcatio-

595 2944 663 2987 -et
689 2934 804 3003 ipse
830 2935 1193 3003 compellens,
1220 2943 1275 2988 et
1297 2949 1499 3005 cogens
1524 2949 1670 2999 eum,
1707 2936 1802 3005 qui
1835 2936 2048 3007 ignorat
2087 2938 2184 2991 ad-
2285 2938 2373 2991 nis
2425 2951 2611 2998 causa,
2653 2949 2762 2989 non
2815 2943 2998 2989 autem
3051 2932 3536 2987 contaminationis
3582 2928 3797 2999 proposuit

606 3024 737 3076 dere
764 3024 1009 3092 quintam
1050 3033 1261 3093 partem
1289 3023 1457 3078 {haec
1483 3025 1630 3078 enim
1673 3027 1862 3094 quinta
1893 3027 2075 3082 addita
2109 3029 2187 3081 in-
2285 3043 2444 3084 suum
2478 3028 2820 3099 mysterium.
2856 3026 3124 3081 Admirari
3167 3038 3357 3080 autem
3389 3025 3550 3078 nimis
3578 3022 3790 3092 legislatu-

597 3115 852 3186 aelligere
888 3130 990 3170 nos
1024 3116 1439 3186 iutelligibiliter
1481 3117 1662 3171 divina
1687 3128 1741 3171 et
1767 3120 1990 3190 mystica
2025 3120 2174 3175 facit.
2207 3154 2249 3212 ο
2289 3137 2402 3176 rem
2433 3131 2670 3191 oportet,
2707 3121 2832 3190 quia
2879 3120 3082 3188 ubique
3113 3118 3465 3174 districtione
3505 3131 3624 3170 usus
3656 3123 3735 3173 est,
3757 3121 3791 3164 et

595 3204 745 3269 Quid
769 3206 840 3260 sit
869 3215 1049 3260 autem
1077 3207 1287 3274 quinta,
1318 3206 1432 3277 ipsa
1453 3215 1505 3262 te
1536 3209 1698 3262 verba
1726 3209 2050 3279 legislatoris
2080 3212 2178 3266 do-
2212 3202 2249 3212 *
2289 3212 2634 3266 Dominicum
2697 3210 3065 3265 ministerium
3141 3208 3494 3278 signiﬁcans,
3554 3202 3785 3259 secundum

590 3312 731 3352 acere
760 3307 1005 3368 possunt,
1035 3299 1113 3352 ait
1136 3299 1280 3352 enim
1312 3316 1325 3351 :
1353 3299 1520 3353 Addet
1555 3301 1795 3371 quintam
1827 3312 2030 3370 partem
2063 3320 2182 3357 cum
2285 3303 2428 3357 LXX
2473 3303 2739 3358 duntaxat
2795 3301 3210 3356 translationem
3237 3345 3250 3365 ,
3300 3309 3598 3354 sanctorqu
3643 3299 3786 3347 Sancta

590 3405 667 3442 eo
687 3390 824 3460 quod
843 3391 1090 3443 comedit.
1119 3390 1187 3444 Et
1221 3391 1496 3459 quomodo
1515 3391 1634 3460 ejus
1661 3392 1804 3460 quod
1840 3393 1952 3462 jam
2001 3409 2183 3448 come-
2285 3396 2416 3450 illud
2444 3395 2754 3465 appellavit,
2793 3394 2916 3463 quia
2956 3392 3290 3448 sacriﬁcium
3325 3390 3507 3446 Sancti
3540 3395 3781 3441 sanctorum

605 3481 690 3534 dit
732 3490 788 3534 et
842 3482 1202 3549 consumpsit,
1249 3481 1448 3534 addere
1503 3483 1625 3550 quis
1668 3483 1916 3551 quintam
1960 3483 2184 3553 potest?
2283 3497 2386 3541 est.
2430 3487 2593 3542 Israel
2631 3497 2810 3541 autem
2846 3486 3053 3540 addens
3077 3485 3302 3539 ﬁdelem
3335 3483 3578 3554 pupulum
3612 3493 3688 3548 per
3711 3477 3783 3529 hoc

593 3581 785 3642 neque
814 3571 960 3626 enim
987 3572 1132 3626 aliud
1161 3582 1262 3637 est,
1293 3581 1386 3627 aut
1410 3575 1670 3629 aliunde:
1711 3576 1807 3630 sed
1855 3576 1921 3631 de
1953 3577 2091 3646 ipso,
2126 3587 2182 3632 et
2283 3579 2625 3650 signiﬁcavit,
2667 3579 2717 3633 id
2755 3587 2839 3632 est
2873 3593 3019 3641 eum,
3052 3577 3145 3646 qui
3178 3593 3285 3646 per
3313 3575 3581 3647 mysticum
3610 3571 3687 3622 hoc
3714 3581 3777 3619 sa-

589 3680 730 3717 .eum
783 3678 870 3725 eo,
923 3665 1008 3718 vel
1048 3665 1190 3718 sicut
1232 3665 1397 3729 LXX,
1439 3683 1600 3735 super
1648 3669 1841 3735 ipsum,
1869 3670 2026 3738 jubet
2055 3671 2178 3725 addi
2282 3672 2546 3727 criticium
2585 3671 2753 3724 Deum
2787 3670 2954 3724 videt.
3004 3670 3070 3722 Et
3107 3677 3400 3739 propterea
3439 3665 3630 3737 proprie
3659 3657 3771 3714 Israel

600 3755 873 3824 quintam.
941 3755 1083 3825 Ergo
1128 3757 1315 3824 quinta
1379 3757 1501 3827 ejus
1533 3774 1697 3828 super
1750 3760 1949 3828 ipsum,
2000 3776 2181 3817 sermo
2281 3765 2602 3836 appellatur.
2655 3762 2718 3816 lli
2767 3776 3106 3832 quaecunque
3149 3773 3477 3816 consecrant
3517 3757 3700 3811 Ποηιίηο.
3720 3747 3758 3799 id

595 3851 711 3907 est,
747 3844 840 3912 qui
873 3845 1117 3913 prolatus
1149 3855 1231 3901 est
1265 3848 1334 3901 ab
1371 3848 1498 3918 ipso”
1523 3851 1762 3914 Christo,
1795 3866 1959 3922 super
1993 3852 2177 3908 Domi-
2280 3867 2364 3913 est
2403 3873 2522 3928 quae
2552 3872 2617 3911 ex
2661 3857 2967 3926 semetipsis
3009 3857 3062 3909 in
3097 3851 3337 3916 Domini,
3371 3868 3488 3908 cum
3525 3843 3751 3904 sacriﬁcium

609 3931 795 3987 nicum
830 3935 1170 4004 mysterium.
1206 3937 1327 4006 Ipse
1365 3939 1513 3992 enim
1555 3939 1752 3994 liberat
1795 3958 1894 3997 nos
1923 3944 1991 3998 ab
2022 3945 2178 4015 iguo-
2280 3950 2538 4011 oﬂ'erunt,
2574 3946 2770 4002 Sancta
2805 3958 3114 4001 Sanctorum
3161 3947 3332 4010 ﬁunt;
3380 3957 3561 4012 corpus
3589 3938 3690 3990 enim
3712 3946 3756 3982 ex

600 4025 806 4090 mantia,
838 4036 1190 4097 removetque
1233 4021 1335 4084 nes
1360 4031 1613 4099 ,additus,
1650 4035 1868 4088 carnale
1901 4036 2175 4106 quippiam
2279 4045 2360 4097 eis
2393 4041 2682 4097 conﬁcitur
2712 4038 2942 4105 Christi,
2970 4039 3083 4108 qui,
3115 4039 3243 4108 quia
3278 4037 3509 4109 primitia
3533 4035 3763 4087 estnostra:

608 4122 664 4167 et
695 4125 971 4169 terrenum
1007 4121 1072 4171 de
1102 4128 1309 4174 sanctis
1365 4122 1646 4186 arbitrari,
1697 4125 1793 4179 sed
1820 4125 2002 4180 divine
2026 4143 2087 4181 ea
2124 4138 2178 4183 et
2279 4132 2721 4203 conspersimus,
2787 4138 2934 4184 recte
3005 4144 3071 4182 ex
3135 4129 3344 4183 nostris
3408 4120 3616 4193 primitiis
3659 4126 3760 4171 con-

596 4207 924 4274 spiritaliter
969 4210 1140 4281 accipi
1185 4213 1379 4275 sancit,
1424 4215 1568 4282 quod
1602 4216 1788 4284 quinta
1826 4219 2043 4286 proprie
2073 4235 2174 4273 no-
2277 4227 2436 4282 stitit.

605 4301 1158 4371 minaturzquia'qui
1187 4303 1242 4356 in
1285 4305 1444 4358 nobis
1479 4314 1559 4359 est
1587 4305 1806 4361 divinus
1833 4307 2092 4377 Spiritus.
2120 4320 2177 4364 et
2346 4317 2508 4372 Vens.
2561 4311 2748 4368 17-21.
2811 4333 2831 4366 ‹
2884 4314 3120 4369 Locutus
3171 4313 3434 4368 Dominus
3483 4307 3540 4362 ad
3581 4301 3760 4368 Moysen.

597 4405 785 4446 sermo
829 4404 992 4462 quem
1033 4394 1250 4448 tradidit
1295 4396 1384 4464 qui
1417 4397 1469 4449 in
1503 4397 1662 4452 nobis
1714 4409 1860 4464 sunt,
1896 4405 2174 4470 componit
2275 4410 2463 4466 dicens
2493 4419 2518 4464 ε·
2541 4409 2787 4478 Loquere
2825 4406 2889 4460 ad
2929 4407 3131 4470 Aaron,
3163 4415 3218 4460 et
3249 4406 3314 4459 ad
3355 4403 3485 4457 ﬁlios
3510 4399 3622 4466 ejus.
3651 4397 3692 4444 et
3715 4386 3762 4439 ad

605 4495 822 4542 sensus,
853 4492 908 4537 et
937 4498 1045 4537 non
1069 4484 1243 4538 solum
1291 4494 1538 4541 nostrum
1567 4495 1781 4557 gustum
1822 4489 2075 4559 producit
2105 4493 2171 4547 ad
2205 4489 2248 4544 υ
2275 4515 2466 4553 omnes
2491 4497 2630 4552 ﬁlios
2657 4496 2842 4558 Israel,
2863 4497 3124 4564 dicesque
3152 4495 3217 4549 ad
3249 4509 3342 4549 eos
3367 4509 3379 4545 :
3410 4486 3624 4544 I-Iomode
3645 4481 3764 4531 domo

586 4574 944 4644 mysterium,
999 4575 1090 4631 sed
1119 4586 1174 4631 et
1199 4577 1466 4641 auditum,
1513 4587 1571 4633 et
1617 4579 1812 4638 visum.
1845 4590 1900 4635 et
1942 4591 2166 4648 tactum,
2278 4590 2462 4651 Israel,
2501 4599 2555 4643 et
2589 4589 2655 4642 de
2701 4589 2944 4653 advenis,
2981 4588 3072 4656 qui
3116 4588 3363 4641 habitant
3410 4580 3536 4652 apud
3576 4588 3670 4633 vos,
3695 4564 3762 4656 qui

586 4663 995 4724 ~ctodoratum.‘
1021 4667 1093 4720 ita
1124 4676 1183 4722 ut
1211 4668 1288 4722 nil
1332 4669 1386 4722 iu
1413 4669 1492 4722 eis
1523 4669 1715 4724 minori
1749 4673 1967 4736 rationi,
1995 4683 2050 4727 et
2084 4674 2168 4728 in-
2276 4680 2536 4735 obtulerit
2583 4680 2914 4734 oblationem
2961 4655 3137 4743 suam,
3185 4681 3270 4733 vel
3315 4687 3432 4730 vola
3478 4669 3671 4725 solvens,
3703 4655 3762 4708 τθ¹

603 4753 773 4809 ﬁrma:
807 4757 971 4810 menti
1007 4758 1334 4826 proximum,
1371 4758 1551 4814 dehis
1579 4761 1846 4825 videlicet,
1875 4779 1994 4832 qua:
2015 4765 2168 4820 valde
2274 4782 2466 4841 sponte
2517 4771 2773 4836 oin-rcus,
2809 4771 3072 4841 quidquid
3119 4772 3249 4826 inud
3295 4763 3528 4824 obtulerit
3565 4761 3610 4812 in
3647 4752 3759 4806 holo-

601 4862 837 4915 superua
868 4857 1017 4909 sunt,
1049 4849 1414 4917 suspicemur.
1442 4850 1766 4920 Quicunque
1807 4869 1936 4923 ergo
1965 4858 2169 4911 sancti—
2271 4872 2518 4916 caustum
2574 4863 2813 4925 Βίιιιιὶηῑ,
2853 4874 2913 4918 ιιι
2963 4863 3226 4918 otl’eratur
3270 4879 3364 4932 per
3401 4873 3506 4917 vos,
3548 4843 3758 4906 masculus

599 4937 756 4991 ﬁcata
803 4955 898 5020 per
918 4940 1278 5010 ignorantiam
1312 4945 1640 5008 comederit,
1691 4947 1947 5016 ignorans
1983 4965 2169 5004 eorum

2293 4955 2646 5009 inmaculatus
2676 4972 2742 5010 ex
2777 4957 2969 5020 bobus,
3004 4966 3059 5010 et
3095 4974 3158 5010 ex
3193 4957 3378 5009 ovibus
3405 4958 3454 5004 et
3489 4962 3544 5000 ex
3582 4933 3752 5006 Capri51

590 5030 876 5087 virtutem,
917 5030 1058 5083 sicut
1091 5031 1364 5087 diximus:

2283 5047 2312 5100 si
2345 5048 2610 5100 maculam
2647 5046 2922 5110 habuerit,
2965 5066 3074 5102 non
3109 5048 3364 5107 oﬁ‘eretis,
3404 5053 3561 5109 neque
3585 5032 3666 5088 erit
3690 5041 3753 5078 zu“-

674 5116 836 5170 Addet
888 5122 1124 5189 quintam
1169 5123 1282 5191 ejus
1331 5140 1487 5194 super
1528 5143 1607 5192 eo,
1639 5137 1686 5181 et
1725 5129 1867 5182 dabit
1912 5131 2171 5185 sarerddti

2283 5137 2555 5207 :eptabile.
2606 5137 2778 5193 llomo
2823 5140 2914 5208 qui
2963 5140 3222 5193 obtulerit
3265 5136 3514 5191 victimam
3556 5118 3748 5193 paciﬁco-

591 5208 653 5262 ‘in
699 5212 1085 5264 sanctuarium.
1128 5212 1625 5272 Sanctiﬁcationem
1657 5221 1800 5273 enim
1838 5223 2048 5291 mystici
2079 5240 2168 5278 sa-
2272 5243 2390 5282 rum
2426 5227 2674 5291 Domino,
2704 5229 2789 5282 vel
2820 5239 2940 5282 vota
2973 5229 3210 5293 solvens,
3243 5228 3324 5282 vel
3353 5230 3525 5293 sponte
3551 5210 3747 5267 offerens.

598 5298 810 5362 rriiicii,
851 5311 907 5354 et
960 5316 992 5355 a
1041 5304 1394 5359 sensibilibus
1427 5308 1491 5361 ad
1530 5309 1884 5381 intelligibilia
1938 5315 2168 5368 transla-

600 5397 838 5451 taoucm,
885 5391 1000 5446 sive
1058 5397 1574 5462 commutationem,
1626 5400 1675 5452 ei
1733 5401 1823 5468 qui
1874 5418 2035 5457 verus
2087 5416 2170 5459 est

597 5483 872 5548 sacerdos,
927 5484 1180 5541 videlicet
1235 5485 1474 5550 Christo,
1528 5497 1745 5557 oportet
1797 5491 1932 5557 dari,
1985 5494 2034 5547 id
2085 5503 2170 5550 est

593 5572 698 5643 ipsi
749 5576 814 5629 de
860 5576 940 5630 eis
980 5577 1298 5634 miraculum
1351 5579 1545 5634 cedere
1593 5589 1648 5635 et
1693 5583 1958 5654 imputare
1995 5605 2007 5642 :
2039 5589 2164 5658 quia

660 5752 708 5786 εδ
741 5753 924 5810 Matth.
955 5773 1045 5821 vu,
1080 5757 1132 5810 6.
1207 5757 1252 5788 "
1276 5755 1406 5810 Luc.
1435 5772 1472 5823 ι,
1502 5755 1592 5815 3‘2.
1666 5760 1712 5792 “
1740 5763 1902 5818 Prov.
1932 5780 2053 5832 xm,
2097 5767 2140 5821 Ι.

2272 5329 2379 5374 tam
2407 5321 2474 5375 de
2513 5321 2688 5375 bobus
2728 5337 2887 5391 quam
2929 5323 2996 5376 de
3031 5321 3242 5382 ovibus,
3272 5311 3623 5374 immaculatum
3645 5295 3744 5391 clior

2270 5420 2386 5477 ret,
2437 5422 2498 5466 ut
2548 5390 2879 5482 acceptabile
2927 5413 3016 5468 sit.
3069 5414 3257 5469 Omnis
3305 5403 3491 5463 macula
3537 5409 3626 5451 non
3670 5390 3744 5440 et"

2271 5501 2324 5556 in
2359 5518 2444 5556 eo.
2486 5521 2503 5552 ι

2339 5593 2457 5650 Νοιι
2493 5596 2666 5652 solum
2701 5598 3010 5654 sacerdotes
3035 5612 3068 5652 a
3104 5595 3388 5667 pollutione
3416 5578 3612 5641 mundos
3633 5579 3737 5626 esse.
