4032 6432
156 403 341 472 1Ο73

1321 423 1405 487 IN
1437 424 1876 487 LEVITICUM.
1914 451 1982 461 -··-
2015 429 2163 489 LIB.
2196 430 2295 493 VI.

3319 439 3452 506 1074

148 519 293 572 sed
321 526 377 574 et
405 519 728 588 oblationes,
760 541 881 596 quae
910 543 943 583 a
970 531 1171 600 populo
1203 531 1533 601 offeruntur,
1567 553 1775 607 praace-
1806 545 1848 601 Α
1879 538 2163 595 discimus.
2208 541 2586 602 Verumtamen
2615 558 2671 604 et
2702 565 2857 605 ovem
2890 554 3203 610 sensibilem
3237 558 3281 610 si
3310 559 3451 613 oﬂ‘e-

146 606 271 675 pit
309 624 323 661 :
358 622 416 664 ut
464 619 520 663 tu
567 627 886 682 cognoscas,
936 619 1028 687 qui
1081 636 1140 675 es
1184 620 1357 679 ﬁdelis
1407 622 1539 691 Deo,
1568 606 1639 682 iet
1682 628 1774 697 qui

142 699 397 757 oblatio
436 704 487 757 ei
528 720 626 773 per
682 707 1063 766 holocaustum
1120 714 1472 788 intelligibilis
1523 720 1772 776 sacriﬁcii

147 790 373 848 factus
406 810 485 858 es,
518 798 645 865 quia
674 800 821 853 omni
857 803 1154 870 pollutione
1184 808 1439 863 mundam
1478 826 1601 866 esse
1640 829 1773 867 con-

149 890 567 943 versationem
634 903 780 946 tuam
837 905 1086 963 oportet,
1155 909 1210 953 et
1274 901 1591 972 impollutus
1654 922 1774 961 esse

145 980 652 1043 quemadmodum
694 986 1022 1053 sacerdotes,
1070 992 1310 1055 studeas,
1343 995 1467 1063 quia
1513 1006 1570 1050 et
1611 996 1771 1051 Chri-

148 1076 333 1133 stus,
366 1087 486 1139 quae
514 1082 571 1126 ut
599 1086 823 1144 agerent
856 1081 1108 1148 apostoli,
1134 1086 1407 1153 prwcepit.
1441 1085 1567 1142 Haec
1592 1089 1773 1144 omnia

149 1174 282 1215 eos
318 1164 533 1218 tradere
546 1165 884 1225 discentibus
900 1175 1159 1243 praecepit
1187 1177 1458 1246 gentibus,
1482 1180 1558 1234 ait
1586 1182 1731 1236 enim
1756 1202 1768 1236 :

151 1246 393 1305 Euntes
431 1255 607 1309 docete
652 1273 827 1312 omnes
875 1271 1072 1330 gentes,
1106 1264 1431 1332 baptizantes
1464 1286 1551 1321 eas
1583 1272 1636 1323 in
1679 1288 1773 1325 no-

154 1344 333 1398 mine
368 1345 567 1411 Patris,
603 1360 651 1404 et
683 1352 828 1415 Filii,
864 1364 913 1407 et
941 1353 1174 1424 Spiritus
1208 1361 1401 1425 sancti,
1426 1349 1671 1418 docentes‘
1687 1382 1772 1420 eos

156 1440 458 1494 custodire
515 1458 837 1513 quwcunque
886 1450 1137 1502 mandavi
1188 1453 1327 1506 vobis
1366 1454 1433 1506 ⁸⁷.
1476 1453 1601 1510 Sive
1644 1473 1771 1527 ergo

157 1530 312 1599 quis
351 1534 654 1589 secundum
699 1538 1118 1607 confessionem,
1155 1544 1269 1598 sive
1315 1549 1613 1603 secundum
1656 1566 1771 1604 om-

159 1637 315 1675 nem
360 1626 730 1683 conditionem
763 1645 916 1685 suam
949 1634 1329 1691 holocausmm
1358 1640 1470 1694 Deo
1501 1643 1768 1709 promisit,

161 1714 357 1767 vitam
410 1717 666 1773 videlicet
716 1722 1034 1791 perfectam,
1088 1728 1196 1783 hoc
1244 1738 1326 1784 est
1375 1747 1564 1786 verum
1618 1734 1772 1789 holo-

163 1817 463 1872 caustum,
495 1824 526 1862 a
556 1811 856 1879 pollutione
881 1819 1085 1873 munda
1123 1821 1287 1876 debet
1315 1838 1434 1878 esse
1462 1825 1581 1894 ejus
1615 1828 1767 1881 obla-

168 1898 300 1964 tio;
352 1917 533 1971 neque
579 1906 725 1961 enim
767 1910 923 1963 aliter
971 1914 1284 1982 suscipitur.
1329 1913 1535 1972 Oﬁ'eret
1582 1930 1766 1976 autem

172 2008 286 2060 per
322 1995 750 2064 confessionem,
790 2002 933 2056 sicut
969 2003 1112 2057 LXX
1149 2006 1365 2071 dicunt,
1401 2012 1492 2079 qui
1538 2011 1589 2065 in
1629 2029 1765 2082 qua-

171 2100 404 2153 cunque
427 2089 752 2144 necessitate
766 2095 1189 2160 constitutus,et
1207 2115 1272 2153 ex
1294 2116 1356 2155 ea
1380 2114 1763 2172 compunctus,

176 2178 665 2235 conversationem
692 2186 978 2252 quamdam
996 2189 1106 2243 Deo
1136 2206 1232 2259 per
1255 2203 1439 2248 votum
1454 2196 1761 2265 pollicetur.

183 2264 229 2320 S
251 2269 505 2323 ~cundum
529 2275 966 2341 supradictorum
998 2289 1180 2335 autem
1199 2264 1514 2351 editionem,
1540 2288 1765 2344 electio-

188 2374 320 2411 nem
351 2360 663 2419 invenimus
706 2367 932 2435 dictam,
984 2372 1072 2426 ubi
1122 2390 1223 2429 nos
1258 2388 1476 2445 sponte,
1509 2382 1761 2437 dicimus.

202 2449 247 2504 υ
261 2460 496 2523 trumque
508 2456 652 2511 enim
676 2458 817 2515 hanc
840 2462 1168 2520 oblationem
1187 2468 1300 2523 sive
1319 2486 1438 2525 eam
1456 2489 1661 2547 quteex
1676 2494 1766 2539 ne-

202 2542 471 2609 cessitate,
499 2545 610 2600 sive
638 2562 759 2603 eam
781 2566 903 2620 quae
932 2566 1129 2623 sponte
1146 2557 1222 2623 ﬁt,
1243 2563 1512 2630 proponit,
1537 2542 1760 2623 dicens:

198 2631 433 2689 Reddam
457 2638 685 2693 tibivota
711 2659 827 2696 mea
867 2662 982 2714 qnw
1012 2648 1361 2707 distinxerunt
1378 2655 1518 2709 labia
1542 2676 1681 2724 mea,
1714 2672 1764 2716 et

190 2739 310 2793 quat
338 2725 569 2783 locutum
599 2742 674 2785 est
705 2749 760 2787 os
791 2752 961 2789 meum
990 2739 1045 2792 in
1076 2743 1417 2800 tribulatione
1445 2766 1562 2804 mea
1588 2750 1660 2806 ⁸⁸.
1694 2754 1766 2810 Ει

185 2829 378 2871 rursus
427 2837 439 2871 ε
499 2821 809 2881 Voluntaria
867 2831 972 2884 oris
1020 2834 1121 2886 mei
1160 2835 1485 2906 beneplacita
1513 2844 1618 2913 fac,
1651 2845 1762 2901 Do-

180 2909 327 2964 mine
357 2911 424 2964 ”.
477 2911 682 2973 Horum
733 2919 969 2988 primum
1022 2925 1269 2993 quidem,
1307 2909 1624 2998 praedictum
1661 2956 1763 2995 vo-

181 3009 329 3066 tum,
368 3004 487 3060 sive
519 3008 945 3076 confessionem.
980 3016 1101 3069 sine
1142 3019 1323 3089 aliqua
1360 3023 1637 3084 dubietate
1676 3031 1762 3084 in-

178 3094 504 3166 telligimus.
566 3100 901 3160 Electionem
957 3119 1177 3174 autem,
1234 3114 1349 3169 sive
1403 3129 1759 3186 spontaneam

175 3185 541 3257 oblationem,
596 3193 699 3249 hoc
750 3198 895 3266 quod
948 3202 1190 3257 secundo
1238 3206 1359 3261 loco
1399 3185 1606 3266 dictum
1652 3226 1753 3271 est.
1786 3232 1829 3289 ο

175 3273 417 3347 Oportet
445 3294 651 3349 autem,
679 3286 792 3342 sive
826 3301 1082 3360 operator
1122 3298 1361 3353 mandati
1396 3300 1468 3354 sit
1497 3304 1590 3372 qui
1622 3305 1760 3363 olfe-

176 3380 264 3426 ret
319 3373 717 3443 holocaustum,
756 3381 847 3436 hic
887 3394 971 3438 est
1011 3388 1158 3441 enim
1202 3404 1270 3443 ex
1313 3396 1576 3455 armentis
1619 3398 1760 3455 offe-

175 3476 339 3528 rens,
380 3464 495 3521 sive
521 3468 775 3540 simplex,
810 3475 939 3545 quia
973 3477 1061 3533 hic
1088 3490 1173 3535 est
1197 3496 1263 3536 ex
1284 3485 1479 3541 ovibus
1508 3504 1523 3541 :
1554 3489 1668 3545 sive
1693 3508 1758 3548 ex

176 3751 232 3797 et
284 3746 492 3811 stabili,
536 3755 593 3802 et
630 3764 756 3805 cum
806 3755 1009 3810 valenti
1058 3757 1183 3827 ﬁde,
1223 3772 1386 3833 atque
1431 3766 1758 3826 inconcussa

177 3833 386 3890 offerre
420 3839 505 3892 vel
538 3839 746 3908 oﬁ'erri,
782 3854 842 3898 ut
879 3846 1121 3904 offerens
1160 3852 1281 3907 talis
1309 3855 1382 3909 sit
1416 3858 1593 3925 qualis
1644 3861 1756 3929 ille,

179 3944 344 3997 quem
378 3930 636 3988 Salomon
671 3936 725 3989 in
762 3936 1076 3998 Proverbiis
1118 3945 1333 4002 dicebat
1362 3967 1374 4002 :
1407 3950 1586 4006 Virum
1623 3955 1758 4023 fide-

182 4019 281 4075 lem
311 4021 460 4076 labor
488 4034 563 4079 est
591 4028 823 4084 invenire
853 4032 920 4086 '°.
954 4033 1102 4089 Idem
1146 4048 1228 4093 est
1268 4049 1324 4093 et
1353 4041 1395 4094 si
1425 4019 1756 4103 sacriﬁcium

184 4114 536 4182 paciﬁcorum
570 4120 769 4177 offeret
797 4125 939 4194 quis,
958 4126 1012 4181 id
1040 4138 1147 4195 est,
1166 4146 1275 4186 non
1306 4132 1451 4189 illam
1479 4152 1599 4206 qua:
1630 4154 1756 4208 per-

185 4203 325 4261 fecta
361 4217 447 4263 est
483 4210 534 4264 in
574 4213 912 4285 philosophia
936 4218 1123 4281 vitam,
1153 4222 1314 4277 veluti
1340 4203 1645 4298 eamiquaa-
1671 4240 1759 4287 est

192 4298 249 4351 in
299 4315 407 4354 non
461 4305 808 4372 possidendo,
854 4308 939 4362 vel
994 4309 1047 4362 in
1081 4311 1409 4383 virginitate,
1452 4318 1520 4371 de
1558 4320 1756 4389 quibus

200 4385 454 4447 Dominus
484 4395 695 4450 dicebat
726 4414 739 4450 :
776 4397 895 4451 Non
938 4417 1114 4455 omnes
1157 4407 1371 4473 capiunt
1398 4408 1463 4473 “,
1498 4411 1591 4464 sed
1641 4428 1757 4467 me-

197 4480 447 4550 diocrem,
489 4502 610 4555 quae
650 4490 808 4543 nobis
846 4501 1103 4560 procurat
1147 4495 1461 4551 omnimodo
1498 4501 1750 4570 salutem,

1878 652 1966 690 ras
2014 638 2147 702 Deo,
2183 649 2279 694 aut
2322 640 2539 707 bovem,
2574 653 2668 697 aut
2696 660 2937 715 capram,
2968 657 3062 701 aut
3101 649 3304 717 aliquid
3351 651 3451 705 hu-

1872 728 2148 798 jusmodi.
2205 740 2262 785 ut
2309 734 2460 788 verbi
2514 735 2723 806 gratia,
2773 740 3146 796 sacerdotibus
3199 743 3451 815 primitias

1875 822 2095 888 dentur,
2138 833 2233 879 aut
2272 842 2540 896 pauperes
2568 845 2633 884 ex
2665 846 2732 886 eo
2765 841 3073 900 pascantur,
3117 845 3209 889 aut
3245 838 3449 892 sanctis

1873 915 2081 983 aliquot
2134 917 2498 973 ministerium
2548 921 2670 985 ﬁat,
2722 931 2819 976 aut
2865 923 3031 978 divini
3086 928 3271 996 templi
3314 944 3447 982 con-

1875 1008 2129 1071 structio,
2184 1010 2265 1063 vel
2303 1010 2523 1080 aliquod
2566 1014 2713 1069 aliud
2767 1032 2907 1085 opus
2958 1019 3101 1086 quod
3153 1019 3219 1072 ad
3266 1020 3443 1087 ipsum

1875 1101 2117 1167 pertinet
2151 1102 2341 1166 Deum,
2382 1114 2440 1157 et
2468 1115 2753 1174 propterea
2798 1107 3173 1163 holocaustum
3216 1111 3440 1173 dicitur,

1874 1192 2179 1260 pollutione
2221 1204 2404 1249 careat
2449 1197 2611 1252 etiam
2656 1199 2772 1253 haec
2816 1201 3039 1254 oblatio.
3082 1202 3188 1257 Sed
3220 1218 3341 1271 qua:
3374 1204 3443 1265 sit

1875 1282 1990 1336 haec
2041 1284 2301 1351 pollutio,
2352 1286 2439 1339 lex
2490 1288 2697 1353 tacuit,
2745 1290 2904 1344 nobis
2952 1291 3089 1345 dans
3139 1291 3443 1362 intelligere

1872 1391 2055 1428 veram
2106 1376 2487 1443 pollutionem,
2532 1389 2589 1434 et
2631 1395 2844 1435 cavere.
2883 1382 2980 1436 Est
3010 1392 3193 1437 autem
3230 1383 3345 1439 hate
3375 1399 3441 1438 ex

1872 1469 2081 1534 rapina,
2115 1477 2167 1521 et
2210 1467 2499 1535 injustitia,
2539 1470 2710 1525 aliave
2753 1472 2981 1527 avaritia
3027 1473 3258 1539 offerre;
3304 1475 3438 1529 abo-

1871 1559 2131 1613 minabile
2177 1569 2263 1613 est
2297 1562 2445 1614 enim
2488 1564 2631 1630 apud
2680 1562 2871 1624 Deum,
2903 1574 2957 1619 et
3001 1582 3108 1618 non
3155 1576 3435 1635 acceptum

1872 1650 1942 1715 ei,
1978 1650 2049 1703 ita
2087 1659 2146 1704 ut
2187 1651 2348 1706 nimis
2385 1668 2482 1722 per
2520 1656 2840 1725 prOphetam
2876 1655 3091 1710 Judaeos
3119 1658 3186 1711 de
3218 1659 3321 1711 hoc
3349 1675 3436 1711 re-

1871 1741 2258 1808 prehenderet.
2300 1740 2401 1805 Qui
2426 1744 2710 1812 .azdiﬁcatis
2744 1746 2868 1799 Sion
2906 1749 2960 1800 in
2998 1748 3357 1818 sanguinibus,
3387 1756 3437 1800 et

1868 1831 2164 1885 Jerusalem
2211 1833 2266 1885 in
2304 1834 2580 1904 iniquitate
2608 1835 2674 1890 9'.
2715 1837 2806 1897 Sic
2853 1840 3001 1907 enim
3054 1838 3231 1893 littera
3271 1838 3435 1909 hujus

1869 1923 2167 1977 sanctionis
2218 1932 2274 1979 et
2325 1926 2552 1994 spiritus
2607 1937 2981 1997 conservatur.
3029 1929 3083 1983 Si
3130 1932 3351 2003 quidem
3402 1951 3435 1985 a

1866 2014 2023 2067 nobis
2075 2016 2243 2069 semel
2296 2018 2697 2086 exponentihus
2740 2021 2997 2085 audistis,
3042 2023 3169 2092 quia
3218 2023 3436 2093 quando

1866 2103 1995 2156 dicit
2035 2105 2119 2158 lex
2158 2123 2170 2157 :
2209 2104 2399 2170 Homo,
2450 2107 2621 2171 liomo,
2675 2119 2892 2179 oportet
2940 2127 3064 2166 cum
3117 2113 3436 2167 considera-

1866 2196 2014 2255 tione
2045 2198 2290 2265 spiritus,
2326 2207 2381 2253 et
2416 2201 2654 2255 mandati
2695 2202 2932 2256 litteram
2966 2204 3191 2258 intueri.

1939 2285 2099 2341 Vens.
2142 2288 2331 2342 22-25.
2373 2308 2391 2340 r
2436 2290 2491 2343 Si
2526 2307 2730 2345 cat-cum
2785 2293 2967 2360 fuerit,
3010 2294 3054 2348 si
3100 2295 3351 2362 fractum,
3388 2295 3434 2350 si

1864 2378 2175 2433 cicatricem
2232 2382 2461 2444 habens,
2502 2384 2544 2436 si
2598 2385 2849 2452 papulam
2899 2397 2995 2440 aut
3041 2388 3303 2452 scabiem,
3350 2390 3433 2442 vel

1865 2467 2263 2540 impetiginem,
2297 2488 2405 2528 non
2437 2472 2681 2526 ofl'eretis
2714 2490 2776 2527 ea
2810 2474 3059 2540 Domino,
3092 2493 3268 2543 neque
3300 2479 3433 2534 ado-

1864 2558 2044 2617 lehitis
2076 2576 2141 2614 ex
2172 2560 2251 2615 eis
2280 2576 2442 2630 super
2466 2563 2636 2616 altare
2663 2563 2896 2619 Domini.
2924 2566 3145 2631 Bovem,
3170 2579 3225 2623 et
3250 2585 3430 2633 ovem,

1862 2668 2013 2715 aure,
2043 2664 2100 2708 et
2125 2655 2298 2709 cauda
2321 2658 2639 2725 amputatis,
2666 2658 2970 2727 voluntarie
2997 2660 3199 2716 offerre
3231 2672 3429 2731 potest,

1862 2755 2049 2800 votum
2080 2762 2148 2801 ex
2180 2747 2265 2800 his
2296 2748 2426 2815 solvi
2460 2764 2570 2803 non
2604 2760 2803 2819 potest.
2831 2751 3003 2805 Omne
3031 2753 3251 2817 animal,
3287 2754 3432 2822 quod

1861 2839 1947 2893 vel
1974 2840 2247 2904 contritis,
2280 2840 2364 2894 vel
2391 2840 2587 2904 tonsis,
2618 2842 2700 2895 vel
2733 2843 2916 2906 sectis,
2951 2844 3252 2913 ahlatisque
3281 2847 3432 2899 testi-

1860 2928 2001 2982 culis
2029 2938 2135 2994 est,
2168 2944 2278 2982 non
2320 2929 2567 2984 offeretis
2610 2931 2859 2999 Domino,
2891 2932 3028 2989 et-in
3066 2943 3209 2988 terra
3251 2944 3432 2990 vestra

1861 3019 1966 3074 hoc
1998 3020 2222 3075 omnino
2252 3038 2362 3075 non
2397 3022 2630 3077 facietis.
2666 3024 2741 3077 De
2776 3039 2944 3078 manu
2974 3024 3287 3095 alienigenae
3319 3040 3433 3089 non

1860 3109 2106 3167 offeretis
2152 3126 2321 3179 panes
2377 3110 2607 3167 Domino
2655 3113 2766 3169 Deo
2815 3125 3017 3181 vestro,
3068 3126 3124 3169 et
3169 3116 3429 3186 quidquid

1861 3202 2006 3256 aliud
2033 3202 2163 3256 dare
2184 3202 2455 3256 voluerint
2478 3205 2605 3274 quia
2633 3216 2886 3277 corrupta
2917 3216 2973 3262 et
3000 3209 3268 3263 maculata
3302 3220 3431 3265 sunt

1861 3293 2066 3357 omnia,
2101 3310 2207 3348 non
2251 3295 2558 3364 suscipietis
2588 3313 2672 3350 ea.
2707 3317 2727 3350 ι

1929 3384 2091 3441 Aliud
2124 3388 2212 3442 hic
2243 3388 2457 3442 videtur
2496 3390 2770 3460 legislator
2812 3390 3063 3456 innuere,
3098 3394 3264 3448 multa
3293 3409 3428 3449 con-

1860 3481 2189 3536 sideratione
2221 3482 2466 3551 dignum.
2498 3483 2574 3537 De
2610 3484 2695 3538 his
2721 3501 2842 3554 quae
2869 3486 3178 3541 offeruntur
3214 3489 3428 3555 altario,

1858 3593 1967 3631 non
1998 3575 2048 3630 ei
2076 3590 2254 3630 sermo
2281 3586 2384 3639 est,
2412 3587 2543 3631 sunt
2564 3588 2746 3632 autem
2774 3579 2867 3648 qui
2896 3580 3180 3651 mysticum
3210 3590 3266 3636 et
3300 3598 3429 3637 san-

1859 3676 2074 3722 ctorum
2118 3666 2351 3722 ofﬁcium
2400 3668 2723 3724 sortiuntur.
2772 3670 2874 3724 Per
2919 3673 3255 3728 sanctionem
3301 3690 3429 3745 ergo

1858 3761 2214 3827 anteriorem,
2242 3761 2498 3817 mundam
2525 3779 2648 3818 esse
2674 3779 2704 3818 a
2731 3766 3030 3836 pollutione
3059 3769 3245 3838 populi
3274 3770 3425 3823 obla-

1860 3854 2063 3911 tionem
2088 3854 2429 3924 prazcipiens,
2454 3856 2599 3924 quod
2630 3858 2941 3913 necessarie
2970 3860 3135 3916 nimis
3160 3860 3217 3913 in
3243 3861 3428 3916 unius-

1858 3947 2123 4016 cujusque
2162 3949 2576 4002 conversatione
2619 3949 2953 4006 intellectum
2995 3960 3094 4006 est.
3146 3951 3304 4006 Nunc
3339 3953 3425 4008 die

1858 4044 2113 4090 numerat
2141 4054 2153 4065 ·
2183 4051 2319 4106 quos
2348 4052 2457 4095 non
2492 4048 2740 4107 oporteat
2766 4041 2961 4096 altario
2988 4042 3197 4107 offerri,
3225 4053 3281 4097 et
3314 4045 3424 4113 pri-

1857 4141 2008 4183 mum
2053 4127 2185 4183 dicit
2230 4143 2297 4182 ex
2344 4130 2425 4183 eis
2470 4146 2696 4184 aecum.
2730 4129 2834 4197 Qui
2874 4133 3019 4187 enim
3064 4134 3423 4204 ignorantiam

1858 4220 2020 4274 habet
2080 4219 2211 4285 Dei,
2256 4222 2531 4289 qromodo
2574 4222 2905 4279 ministrabit
2968 4225 3099 4292 Deo,
3152 4242 3257 4281 nec
3305 4229 3420 4298 ipse

1856 4311 2177 4383 dignitatem
2209 4311 2386 4366 sciens
2417 4313 2556 4381 ejus,
2594 4314 2661 4368 ad
2690 4315 2846 4383 cujus
2876 4315 3231 4373 ministerium
3261 4334 3423 4373 voea-

1858 4414 1967 4469 tur,
2005 4420 2108 4459 nec
2136 4405 2258 4459 aliis
2286 4405 2473 4459 valens
2517 4407 2825 4476 exponere?
2860 4407 3013 4462 Unde
3051 4418 3106 4463 et
3145 4410 3426 4481 negligens

1858 4499 2002 4553 circa
2042 4514 2146 4553 eos
2195 4499 2298 4553 erit
2336 4518 2349 4552 :
2386 4500 2635 4554 nesciens
2683 4500 3023 4567 divinorum,
3075 4505 3273 4573 quibus
3325 4506 3426 4559 mi-

191 4574 290 4628 etsi
338 4593 444 4630 non
498 4582 810 4649 assequitur
857 4599 940 4647 ea,
973 4601 1094 4654 qua:
1140 4588 1205 4641 ad
1256 4590 1645 4659 prophetarum
1698 4607 1756 4650 et
1784 4593 1830 4649 D
1859 4590 2075 4655 nistrat,
2106 4591 2363 4645 virtutem
2392 4609 2406 4645 :
2437 4592 2626 4660 quales
2654 4603 2810 4646 erant
2843 4594 3060 4663 quidam
3089 4596 3421 4663 Judaeorum,

186 4667 556 4733 apostolorum
613 4685 923 4727 mensuram
984 4676 1234 4730 tendunt.
1287 4677 1451 4733 Stella
1518 4685 1655 4737 enim
1721 4704 1756 4739 a

182 4756 336 4809 stella
366 4759 537 4827 differt
578 4762 634 4813 in
667 4762 912 4816 claritate
940 4765 1006 4828 ”,
1042 4769 1341 4822 secundum
1374 4772 1517 4840 quod
1560 4758 1757 4830 Paulus

181 4843 419 4900 dicebat.
462 4846 570 4903 Sed
610 4860 664 4905 et
695 4852 784 4906 hic
827 4855 1130 4910 masculum
1181 4874 1408 4915 necesse
1445 4872 1528 4917 cst
1561 4864 1759 4920 offerat

182 4936 597 4996 immaculatum
626 4962 640 4997 :
676 4944 792 4999 haec
821 4954 877 5000 et
906 4946 996 5000 ﬁlii
1031 4947 1218 5012 Israel,
1259 4959 1315 5005 et
1346 4954 1569 5010 advenae
1602 4956 1756 5014 vide-

181 5030 333 5093 licet,
370 5043 424 5088 et
468 5036 562 5104 qui
608 5053 755 5092 nunc
795 5040 861 5094 ad
913 5040 1076 5098 ﬁdem
1117 5056 1409 5111 venerunt,
1448 5050 1755 5121 adjectique

183 5134 315 5181 sunt
338 5128 499 5183 nobis
527 5131 597 5185 ab
624 5146 812 5189 errore
837 5136 1115 5202 exteriori,
1144 5139 1395 5196 similiter
1419 5144 1751 5199 custodiant.

184 5217 260 5273 Ex
306 5236 421 5289 quo
461 5223 610 5282 enim
664 5225 860 5296 aliquis
908 5230 1072 5284 vitam
1126 5232 1438 5301 promiserit
1478 5234 1589 5289 Deo
1629 5251 1756 5305 per-

186 5308 383 5365 fectam
430 5323 487 5367 et
537 5330 1004 5386 consummatam,
1055 5338 1163 5376 non
1209 5324 1319 5391 jam
1378 5327 1750 5394 praetendere,

187 5404 331 5469 quod
364 5413 582 5476 tempus
613 5409 843 5464 multum
870 5411 924 5465 in
956 5428 1143 5467 errore
1176 5413 1357 5480 fuerit,
1386 5419 1604 5487 poterit,
1628 5420 1755 5490 quia

189 5508 290 5549 nec
332 5505 576 5568 tempore
626 5502 801 5556 virtus
849 5513 991 5574 eget,
1032 5513 1092 5558 ut
1133 5506 1403 5573 discatur;
1448 5525 1575 5563 mox
1609 5511 1752 5566 enim

187 5596 245 5641 ut
297 5605 419 5644 eam
480 5592 953 5662 affectaverimus,
1019 5598 1476 5667 quemadmodum
1539 5612 1755 5658 utamur

274 5789 321 5823 "'
348 5790 535 5848 Matth.
568 5810 758 5857 xxvut,
797 5795 882 5857 i9,
916 5795 1007 5848 20.

196 5858 240 5889 ”
259 5858 424 5917 lCor.
451 5880 538 5930 xv,
561 5865 649 5920 Η.

1080 5796 1126 5827 ⁸⁸
1160 5796 1299 5853 Psal.
1334 5814 1452 5858 ων.
1484 5800 1564 5853 H.

725 5865 772 5898 ”
803 5864 965 5921 Mich.
994 5866 1173 5934 nt,i0.
1248 5871 1294 5901 "
1320 5869 1420 5922 lsa.
1449 5886 1553 5935 LVI,
1595 5870 1679 5925 10.

1660 5802 1705 5833 ⁸³
1734 5800 1875 5857 Psal.
1906 5816 2093 5867 cxvm,
2130 5799 2248 5856 108.

1859 4682 1928 4738 de
1964 4684 2162 4752 quibus
2194 4684 2333 4739 Deus
2379 4686 2433 4738 in
2482 4686 2617 4740 Isaia
2654 4687 2909 4741 dicebat:
2948 4689 3139 4754 Videte,
3173 4692 3421 4760 quoniam

1859 4793 2033 4831 omnes
2076 4780 2389 4839 nescierunt,
2426 4780 2649 4832 universi
2690 4796 2842 4833 canes
2872 4783 3020 4843 muti,
3053 4798 3152 4834 non
3197 4783 3423 4835 valentes

1860 4870 2059 4923 latrare
2094 4870 2161 4922 9‘.
2194 4870 2544 4925 Confractum
2585 4871 2665 4924 vel
2701 4872 2995 4925 contritum
3036 4874 3274 4927 secundo
3307 4875 3423 4927 loco

1859 4962 2059 5031 posuit,
2091 4962 2247 5030 cujus
2287 4963 2430 5015 enim
2460 4978 2652 5017 manus
2674 4978 2737 5018 ac
2774 4965 2960 5032 pedes,
3001 4969 3244 5021 actiones
3273 4965 3422 5019 vide-

1860 5053 2003 5117 licet,
2027 5062 2081 5107 et
2110 5054 2176 5108 ad
2198 5055 2371 5108 Deum
2412 5054 2605 5107 itinera
2636 5056 2913 5110 confracta
2944 5057 3243 5111 contritave
3273 5069 3421 5117 sunt.

1857 5161 1929 5199 ne
1983 5146 2071 5200 hic
2116 5146 2335 5215 quidem
2375 5145 2532 5200 altari
2577 5147 2888 5202 ministrare
2930 5148 3125 5218 dignus
3158 5158 3243 5203 est
3288 5168 3299 5201 :
3336 5149 3423 5203 cui

1856 5236 2114 5291 convenit
2144 5236 2274 5291 illud
2303 5237 2446 5305 quod
2487 5235 2693 5291 Psaltes
2735 5239 2810 5291 ait
2843 5256 2855 5289 :
2892 5238 3165 5303 Contritio,
3199 5247 3246 5291 et
3288 5240 3425 5308 infe-

1855 5327 2027 5381 licitas
2056 5328 2112 5380 in
2139 5328 2235 5381 viis
2272 5343 2471 5381 eorum.
2504 5326 2610 5382 Sed
2646 5345 2747 5382 nec
2776 5328 2866 5398 qui
2899 5329 3135 5399 linguam
3176 5328 3421 5392 incisam,

1856 5419 2155 5474 secundum
2200 5417 2339 5472 LXX
2383 5420 2565 5483 habet,
2595 5420 2646 5473 id
2684 5431 2769 5475 est
2799 5422 2842 5475 si
2881 5423 3002 5491 quis
3029 5437 3126 5491 per
3151 5423 3422 5477 sordidam

1859 5510 2046 5573 vitam,
2082 5509 2333 5564 ﬁduciam
2374 5509 2604 5563 docendi
2653 5510 2908 5578 perdidit,
2947 5511 3034 5565 cui
3084 5512 3161 5564 ait
3206 5509 3371 5563 David
3406 5526 3422 5562 :

1860 5596 2135 5651 Peccatori
2172 5606 2346 5651 autem
2398 5598 2533 5651 dixit
2556 5598 2691 5653 Deus
2721 5614 2738 5652 :
2765 5597 2941 5663 Quare
2986 5611 3041 5653 tu
3081 5616 3303 5653 enarra;
3337 5598 3424 5663 iu-

2348 5800 2393 5833 οο
2425 5797 2583 5856 Ρι-ον,
2612 5815 2700 5861 ιχ,
2725 5795 2779 5850 6.
2904 5797 2946 5829 ⁸³
2976 5795 3169 5850 Matth.
3197 5810 3307 5858 xu,
3339 5794 3423 5852 ιι.
