4032 6406
690 421 825 489 1075

1858 424 2219 486 HESYCHII
2264 420 2735 485 PRESBYTERI

3741 417 3837 483 1076

684 546 861 599 stitias
885 546 1123 599 meas”?
1144 544 1403 599 Similiter
1430 545 1726 599 secundum
1747 542 1908 608 LXX,
1939 555 1985 597 et
2011 545 2256 612 formicu-
2284 550 2330 607 Λ
2358 539 2497 594 culis
2534 547 2638 600 est,
2682 534 2776 604 qui
2820 530 2985 587 illatis
3024 530 3125 585 sibi
3190 527 3572 583 tentationibus
3604 532 3845 597 tribulatio.

687 637 874 698 losum,
911 637 1042 690 dicit
1081 647 1261 691 autem
1306 652 1430 690 eum
1470 636 1560 705 qui
1597 646 1892 706 occupatus
1931 635 2097 689 estin
2125 648 2255 703 cpe-

686 727 839 780 ribus
877 727 1110 781 terrenis
1138 737 1193 781 et
1222 727 1592 791 saecularibus,
1623 728 1713 796 qui
1747 726 2096 795 semetipsum
2126 723 2255 777 huic

685 818 1000 887 cogitationi
1042 817 1285 886 deputat,
1321 818 1373 872 id
1412 826 1497 872 est
1528 818 1620 887 qui
1654 817 1901 871 comedat
1925 824 1979 870 et
2008 816 2174 877 bibat,
2201 824 2257 869 et

686 907 780 977 qui
806 908 906 961 alia
937 908 1129 961 similia
1160 909 1380 979 cogitat,
1404 917 1460 963 et
1488 909 1576 978 qui
1610 908 1961 971 thezaurizat,
1994 906 2253 976 quoniam

688 1000 807 1054 hate
832 1000 938 1053 vita
968 1000 1317 1054 formicarum
1340 1012 1424 1055 est
1442 1017 1657 1071 semper
1682 1002 1781 1055 sibi
1808 1015 2133 1069 congregare
2168 1014 2253 1060 ea,

686 1102 807 1156 qua:
851 1089 915 1142 ad
958 1099 1204 1142 ventrem
1253 1091 1549 1158 pertinent,
1584 1091 1851 1159 siquidem
1901 1098 1957 1144 et
2000 1088 2255 1142 Salomon

686 1176 743 1230 in
778 1177 1088 1232 Proverbiis
1126 1179 1293 1233 dicit:
1325 1180 1463 1233 Vade
1505 1181 1576 1233 ad
1617 1179 1914 1248 formicam,
1945 1195 1974 1233 ο
2012 1179 2175 1247 piger,
2208 1186 2257 1231 et

686 1270 959 1322 considera
1007 1272 1120 1323 vias
1166 1272 1277 1339 ejus
1314 1274 1378 1326 ".
1430 1271 1565 1337 Quia
1618 1272 1763 1325 enim
1813 1272 1878 1325 ad
1922 1271 2255 1340 operandum

687 1361 898 1430 pigrum
941 1364 1288 1429 provocabat,
1320 1373 1607 1432 propterea
1654 1361 2054 1417 transmittebat
2096 1376 2254 1428 eum,

688 1453 830 1507 sicut
857 1453 922 1506 ad
956 1454 1314 1523 operatriecm
1353 1454 1653 1517 formicam,
1688 1469 1795 1507 non
1833 1462 1891 1506 ut
1923 1453 2048 1506 talia
2078 1452 2256 1522 qualia

689 1545 914 1600 formica
947 1558 1289 1616 operaretur,
1323 1547 1416 1603 sed
1464 1557 1525 1602 ut
1557 1547 1906 1602 aemularetur
1952 1545 2253 1610 formicam,

688 1653 825 1706 opus
856 1638 920 1691 ad
957 1640 1160 1705 majora
1203 1639 1514 1703 transferre,
1552 1639 1604 1693 id
1648 1645 1730 1693 est
1769 1638 1832 1691 ad
1871 1635 2106 1707 agendas
2145 1635 2259 1687 vir-

690 1739 852 1783 tutes.
882 1729 1039 1785 Unde
1065 1731 1203 1785 LXX
1230 1732 1519 1787 ediderunt
1551 1750 1564 1785 :
1599 1732 1664 1785 Et
1696 1732 1889 1799 efficere
1920 1729 2013 1782 illa
2046 1728 2255 1798 sapien-

688 1819 811 1873 tior.
838 1819 928 1874 Sic
967 1835 1092 1891 ergo
1121 1822 1304 1883 homo,
1350 1836 1471 1876 cum
1508 1822 1686 1875 divina
1723 1820 1929 1884 studet,
1959 1818 2257 1888 sapientior

2355 631 2623 698 nibusque
2660 626 2845 689 cessit,
2878 625 3186 691 animaeque
3234 636 3345 675 sua:
3388 620 3725 678 fortitudinem
3758 646 3847 697 ρετ.

2354 721 2495 776 didit
2523 738 2536 773 :
2568 734 2677 773 non
2708 717 2853 772 enim
2899 723 3114 785 oportet
3159 712 3263 767 hoc
3307 712 3531 781 perpeti,
3560 728 3652 768 nec
3682 722 3849 778 omnino

2355 811 2550 865 cedere
2582 806 2889 862 imminenti
2927 802 3091 865 hosti,
3122 811 3285 870 atque
3324 800 3595 870 aﬂligenti.
3626 804 3753 860 Unde
3777 809 3852 864 Da-

2354 903 2440 956 vid
2470 902 2546 956 ait
2580 920 2593 954 :
2632 900 2692 955 Ut
2723 899 2848 965 quid
2889 897 3055 951 tristis
3094 896 3306 959 ‘incedo,
3344 895 3470 947 dum
3499 896 3660 966 afﬂigit
3690 917 3756 952 me
3779 905 3852 957 ini.

2354 994 2518 1047 micus
2552 992 2609 1044 ‘?
2655 989 2901 1060 Oportet,
2934 987 3131 1057 inquit,
3162 1001 3250 1040 me
3288 984 3523 1056 gaudere
3549 996 3601 1040 et
3622 991 3851 1055 exsultare,

2356 1092 2545 1154 utpote
2572 1083 2661 1152 qui
2694 1082 2761 1136 ad
2792 1090 3067 1135 certamen
3107 1094 3290 1141 vocor,
3335 1078 3391 1131 in
3424 1076 3531 1145 quo
3570 1078 3723 1132 victor
3743 1084 3853 1136 etsi-

2356 1188 2495 1231 stam
2532 1196 2545 1231 :
2578 1191 2703 1230 nam
2735 1183 2791 1229 et
2823 1172 3067 1228 victoriae
3098 1172 3317 1225 modum
3356 1170 3597 1225 subdidit
3626 1190 3638 1225 :
3666 1173 3799 1240 Spera
3819 1180 3852 1228 is

2356 1271 2596 1333 Domino,
2626 1269 2873 1339 quoniam
2905 1265 3185 1333 conﬁtebar
3216 1264 3316 1325 illi,
3342 1263 3579 1317 salutare
3605 1264 3751 1318 cattus
3774 1271 3851 1332 mei,

2357 1374 2404 1417 et
2438 1363 2572 1417 Deus
2603 1378 2744 1416 meus
2774 1361 2816 1415 '.
2865 1358 3043 1413 Sectis
3074 1357 3375 1426 ablatisque
3409 1356 3661 1410 testiculis
3689 1369 3771 1419 est,
3793 1366 3851 1429 qui

2357 1471 2461 1508 una
2496 1454 2710 1509 actione
2745 1467 2931 1516 prava,
2966 1450 3241 1519 animique
3285 1448 3562 1518 impietate
3604 1459 3656 1503 et
3698 1465 3851 1506 secanto

2356 1545 2499 1599 sicut
2538 1544 2794 1603 cultrum,
2823 1550 2878 1595 et
2914 1540 3221 1603 auferente,
3259 1537 3703 1608 quemadmodum
3743 1542 3851 1595 nimis

2355 1636 2543 1701 effera,
2584 1644 2640 1690 et
2676 1633 2939 1704 direpti-ix
2973 1647 3166 1686 manus
3194 1633 3549 1699 semetipsum
3579 1631 3853 1699 abscindens,

2356 1734 2412 1780 et
2440 1724 2698 1780 auferens
2740 1739 2769 1777 a
2815 1723 3203 1792 conjunctione
3244 1720 3361 1785 Dei,
3394 1736 3514 1789 qua:
3545 1730 3625 1775 est
3658 1721 3706 1775 in
3734 1724 3846 1777 riuo

2356 1819 2523 1884 tibus,
2555 1816 2857 1872 secundum
2907 1816 3051 1884 quod
3097 1814 3355 1877 diximus,
3390 1813 3631 1882 privatus
3666 1816 3800 1883 prole,
3822 1829 3852 1867 et

688 1908 938 1976 efﬁcitur,
991 1912 1058 1966 ab
1116 1912 1207 1966 illo
1260 1913 1352 1982 qui
1410 1922 1623 1966 terrena
1676 1920 1953 1981 operatur.
2000 1909 2257 1979 Papulam
2288 1908 2330 1962 Β
2359 1910 2528 1981 signis
2571 1908 2745 1962 virilis
2794 1905 3148 1978 cognitionis,
3183 1919 3418 1974 quorum
3469 1904 3660 1958 damno
3694 1904 3784 1975 ipse
3818 1924 3851 1961 se

690 2002 920 2069 habens,
972 2005 1055 2058 vel
1102 2006 1375 2069 scabiem,
1431 2005 1705 2059 detractor
1757 2003 2091 2073 intelligitur,
2131 2003 2257 2072 quia

690 2097 965 2165 pessimus
1006 2098 1124 2167 ejus
1168 2097 1404 2157 morbus,
1437 2106 1491 2151 et
1529 2097 1883 2166 asperrimum
1913 2095 2033 2165 ejus
2061 2093 2259 2149 vulnus

690 2196 774 2244 est
809 2206 823 2242 :
863 2190 1012 2243 nullo
1064 2190 1208 2243 enim
1264 2188 1622 2244 medicamine
1678 2187 1836 2241 facile
1881 2196 2064 2256 potest
2109 2186 2256 2240 miti-

691 2281 826 2351 gari.
882 2280 1210 2353 Impetiginis
1261 2283 1485 2346 habens,
1530 2281 1826 2336 fornicator
1870 2290 1973 2345 est,
2022 2280 2259 2336 maculat

690 2372 837 2425 enim
867 2388 1026 2427 suum
1063 2388 1281 2442 corpus,
1329 2383 1547 2443 propter
1582 2373 1727 2444 quod
1763 2370 1961 2426 Paulus
1992 2373 2203 2427 dicebat
2238 2388 2253 2425 :

692 2464 793 2529 Qui
850 2476 1027 2519 autem
1080 2468 1390 2536 fornicatur,
1438 2468 1491 2519 in
1540 2482 1726 2535 carpus
1774 2481 1927 2518 suum
1974 2474 2151 2532 peccat
2188 2465 2254 2518 "’.

689 2552 905 2609 Nullum
941 2571 1071 2625 ergo
1101 2556 1295 2610 horum
1326 2556 1573 2626 deputari
1608 2556 1675 2609 ad
1716 2554 2080 2609 ministerium
2116 2555 2255 2609 alta-

688 2644 764 2699 ris
812 2643 1037 2715 spiritus
1085 2645 1408 2715 legislatoris
1457 2646 1595 2699 vult.
1644 2642 1940 2714 Propterea
1977 2645 2097 2698 ait:
2136 2643 2256 2697 Non

688 2736 909 2804 oﬂ'eretis
937 2752 998 2789 ea
1032 2734 1275 2800 Domino,
1298 2752 1390 2789 nec
1414 2735 1686 2789 adolebitis
1714 2751 1777 2789 ea:
1801 2736 1873 2788 eis
1904 2750 2058 2803 super
2083 2733 2256 2788 altare

687 2826 920 2881 Domini.
972 2828 1097 2881 Sive
1149 2828 1449 2882 secundum
1496 2827 1637 2881 LXX
1677 2846 1692 2882 :
1730 2826 1848 2880 Non
1893 2826 2103 2895 efﬂarent
2147 2827 2255 2879 lucc

690 2916 931 2975 Domino.
969 2927 1016 2970 et
1053 2935 1209 2986 super
1258 2918 1430 2971 altare
1480 2934 1582 2971 non
1629 2919 1841 2970 dabitur
1880 2918 1944 2971 de
1988 2918 2062 2971 eis
2101 2934 2255 2984 super

687 3008 859 3061 altare
890 3009 1133 3062 Domino.
1170 3008 1511 3063 Sacriﬁcium
1551 3017 1730 3062 autem
1768 3006 2111 3077 pacificorum
2144 3022 2253 3060 non

686 3098 857 3158 addit,
892 3101 1348 3168 quemadmodum
1393 3100 1679 3171 superius;
1711 3100 1858 3154 omni
1901 3100 2061 3153 modo
2091 3098 2251 3152 intel-

688 3188 841 3259 ligas.
866 3190 931 3244 de
960 3190 1042 3245 his
1063 3191 1155 3261 qui
1180 3191 1449 3262 mysteriis
1473 3191 1805 3257 ministrant,
1836 3190 1963 3244 dici.
1991 3188 2055 3242 Hi
2087 3190 2246 3243 etiam

689 3278 1064 3335 holocaustum
1111 3297 1231 3336 esse
1277 3297 1415 3352 opus
1456 3282 1680 3345 habent,
1741 3282 1907 3335 vitam
1954 3279 2248 3349 perfectam

684 3383 741 3428 et
794 3385 1222 3431 consummatam
1282 3386 1524 3447 agentes.
1582 3375 1723 3441 Quid
1776 3385 1957 3428 autem
2016 3373 2101 3427 his
2152 3372 2253 3427 ad-

686 3467 864 3521 didit?

758 3556 949 3611 Bovem
980 3568 1029 3610 et
1061 3575 1225 3622 ovem,
1267 3576 1395 3612 aure
1427 3569 1475 3613 et
1513 3562 1683 3614 cauda
1724 3562 2034 3631 amputatis,
2065 3562 2247 3616 volun-

690 3652 827 3701 tarie
872 3651 1053 3718 offerre
1097 3659 1262 3707 potest
1295 3667 1314 3706 .'
1343 3660 1517 3703 votum
1558 3661 1733 3704 autem
1771 3668 1834 3705 ex
1866 3653 1944 3705 Itis
1984 3653 2112 3706 solvi
2149 3668 2250 3705 non

688 3748 871 3808 potest.
918 3738 1080 3793 Omne
1121 3739 1324 3791 animal
1362 3740 1498 3808 quod
1544 3739 1624 3792 vel
1659 3741 1909 3805 contritis,
1947 3743 2025 3793 vel
2068 3743 2246 3803 tonsis,

688 3829 768 3883 uel
809 3831 957 3883 sectis
998 3830 1287 3900 ablatisque
1330 3830 1578 3883 testiculis
1617 3840 1710 3895 est,
1742 3847 1845 3883 non
1876 3832 2096 3900 offeretis
2142 3834 2250 3888 Do-

689 3920 852 3973 mino.
887 3920 1176 3989 Disciplina
1200 3935 1329 3989 ergo
1352 3920 1539 3984 multa,
1565 3928 1619 3973 et
1641 3935 1761 3989 qua:
1784 3920 2010 3976 decebat
2035 3922 2248 3995 legisla-

694 4018 886 4075 torem,
916 4011 982 4064 ad
1028 4011 1190 4080 hujus
1230 4010 1637 4067 distinctionem
1682 4012 1947 4068 sermonis
1984 4029 2114 4069 usus
2145 4024 2246 4079 est,

690 4116 848 4168 quam
891 4110 946 4154 et
980 4102 1034 4155 in
1082 4102 1449 4171 superioribus
1487 4104 1748 4158 custodiri
1778 4112 2011 4173 Oportet.
2047 4106 2248 4158 Aurem

688 4201 869 4246 autem
913 4202 1244 4262 amputatam
1281 4192 1465 4259 habet,
1497 4195 1589 4264 qui
1636 4195 2019 4251 inobedientize
2058 4195 2250 4249 morbo

690 4283 929 4355 languet,
963 4285 1053 4353 qui
1098 4285 1525 4340 detractionibus
1567 4286 1911 4356 gaudet,-qui
1951 4285 2250 4339 delectatur

689 4376 939 4445 turpibus
970 4376 1268 4441 audilibus,
1298 4378 1392 4446 qui
1426 4378 1594 4447 bonos
1638 4392 1917 4431 sermones
1947 4386 2244 4430 aversatur.

687 4466 927 4521 Caudam
960 4477 1290 4537 amputatam
1326 4469 1506 4533 habet,
1538 4467 1628 4537 qui
1664 4469 1731 4522 de
1758 4467 2071 4522 novissimis
2100 4468 2248 4537 cogi-

2359 2002 2612 2071 subjecit.
2655 2001 2808 2056 Alter
2838 2009 2921 2054 est
2955 1999 3223 2068 siquidem
3255 1998 3347 2067 qui
3392 1997 3645 2067 paulatim
3681 2002 3852 2054 conteri-

2359 2104 2469 2157 tur,
2511 2102 2567 2149 et
2616 2093 2773 2156 alter,
2815 2091 2907 2161 qui
2957 2090 3138 2145 subito
3186 2089 3565 2158 semetipsum,
3614 2098 3755 2158 atque
3785 2107 3851 2145 una

2358 2185 2496 2238 mala
2517 2184 2730 2237 actione
2759 2183 2911 2252 prole
2942 2182 3207 2236 virtutum
3240 2178 3443 2249 privat,
3474 2182 3849 2247 quemadmodum

2357 2276 2566 2339 Simon,
2598 2273 2852 2345 pecuniis
2883 2287 3067 2328 emere
3105 2272 3309 2327 donum
3344 2271 3437 2325 Dei
3472 2271 3729 2326 aestimans
3754 2274 3846 2338 ’,εει

2356 2368 2585 2421 eﬂ‘ectus
2634 2382 2664 2419 a
2714 2376 2862 2421 sorte
2910 2366 3030 2433 ejus
3080 2364 3311 2418 alienus.
3364 2363 3472 2417 Sed
3526 2379 3679 2417 unam
3718 2365 3837 2419 ham

2356 2459 2693 2513 macularum
2737 2457 3030 2527 quispiam,
3061 2456 3146 2510 vel
3185 2471 3332 2509 nunc
3373 2455 3655 2519 dictarum,
3679 2456 3750 2510 vel
3774 2473 3841 2525 qn

2356 2551 2565 2620 pridem
2614 2550 3079 2603 dinumeravimus
3125 2547 3368 2612 habens,
3412 2556 3506 2601 aut
3548 2549 3841 2603 mandatorum

2354 2651 2440 2697 est
2484 2649 2760 2711 operator,
2810 2649 2865 2695 et
2912 2648 3199 2709 propterea
3245 2638 3455 2693 vitulus
3492 2655 3505 2691 :
3545 2648 3633 2692 aut
3666 2640 3840 2708 simplex,

2354 2744 2410 2788 et
2454 2733 2573 2787 ovis
2614 2733 2918 2803 appellatur
2964 2747 3030 2785 ex
3079 2733 3202 2793 hoc,
3249 2732 3551 2785 secundum
3594 2734 3717 2801 quod
3754 2729 3842 2785 LX!

2353 2826 2543 2889 edunt,
2593 2840 2693 2894 pro
2733 2839 2801 2879 eo
2840 2824 2984 2893 quod
3030 2832 3215 2877 nostra
3259 2823 3546 2876 translatio
3586 2824 3723 2877 habet
3751 2843 3761 2876 :
3785 2822 3838 2875 Vo

2355 2917 2586 2969 luntarie
2633 2917 2808 2985 offerri
2847 2924 3033 2983 potest.
3084 2914 3313 2969 Occides
3360 2930 3426 2969 ea
3472 2914 3778 2984 tibimetipsi;
3805 2925 3838 2967 ut

2353 3025 2464 3064 non
2493 3009 2639 3063 omni
2682 3008 2844 3063 modo
2884 3008 3005 3062 illos
3033 3023 3375 3069 aversemur,
3413 3022 3515 3061 nec
3553 3008 3603 3060 in
3632 3016 3754 3076 parte
3775 3006 3838 3057 ini-

2354 3100 2479 3156 mici
2510 3102 2855 3170 deputemus,
2882 3100 2975 3154 sed
2999 3100 3293 3154 doceamus
3313 3115 3435 3161 eos,
3460 3110 3513 3154 et
3537 3099 3834 3154 exhortemur:

2352 3193 2603 3263 Nunquid
2626 3193 2715 3261 qui
2745 3193 2904 3254 cadit,
2934 3209 3035 3245 non
3068 3192 3282 3261 adjiciet
3318 3202 3379 3245 ut
3411 3200 3656 3262 resurgat,
3684 3202 3755 3243 aut
3782 3190 3836 3258 qui

2353 3302 2566 3340 aversus
2606 3294 2683 3339 est
2729 3302 2831 3338 non
2861 3294 3147 3338 revertetur
3174 3284 3231 3337 εἳ
3268 3283 3461 3339 Occidi
3501 3292 3664 3338 autem
3702 3283 3833 3336 dicun-

2355 3393 2443 3437 tur
2489 3381 2798 3438 mortiﬂcati
2831 3390 3058 3454 peccato
3122 3395 3222 3450 per
3273 3379 3697 3440 admonitionem,
3720 3386 3762 3429 ut
3778 3376 3833 3443 ju-

2354 3476 2517 3530 stitiae
2575 3475 2780 3530 vivant.
2836 3472 2929 3529 Ha:
2971 3481 3150 3526 autem
3216 3472 3543 3537 occisiones,
3594 3470 3724 3524 nobis
3765 3468 3830 3520 illis

2353 3567 2481 3622 licet
2520 3566 2885 3628 commisceri,
2934 3565 3028 3620 sed
3058 3579 3157 3634 pro
3184 3574 3310 3619 voto
3353 3579 3464 3618 non
3511 3562 3828 3617 offeramusru

2352 3656 2486 3721 Deo,
2518 3658 2569 3711 ld
2600 3665 2684 3713 est
2712 3658 2778 3712 ad
2811 3656 3173 3711 ministerium
3209 3656 3329 3723 ejus
3367 3656 3640 3726 mysticum
3669 3668 3746 3706 non
3768 3664 3820 3703 eu

2352 3749 2692 3803 ordinemus.
2744 3748 2886 3817 Ergo
2928 3747 3223 3817 quamlibet
3262 3747 3631 3816 praedictarum
3670 3742 3811 3798 nutab-

2353 3855 2475 3893 rum
2506 3839 2792 3905 habentes,
2829 3840 2874 3894 si
2908 3838 3286 3909 paenitentiam
3325 3839 3538 3909 egerint
3564 3840 3802 3905 superest

2352 3930 2518 3985 occisi
2572 3930 2779 3985 fuerint
2832 3930 3247 3986 mortificatione
3296 3930 3511 4000 peccati
3561 3927 3806 3995 suscipiamus

2350 4022 2571 4092 quidem
2616 4036 2732 4084 eos,
2777 4030 2831 4075 et
2872 4021 3178 4074 membrum
3214 4021 3521 4075 communis
3548 4013 3813 4088 corporist»-

2350 4111 2576 4165 beamus
2606 4127 2620 4164 :
2652 4110 2776 4180 quia
2808 4107 3046 4163 Christus
3073 4111 3209 4163 venit
3239 4112 3295 4163 in
3326 4112 3468 4163 Imm:
3502 4110 3812 4169 inundamur-

2350 4211 2551 4254 calores
2597 4200 2769 4255 salvos
2817 4202 2992 4270 facere
3018 4200 3060 4266 ';
3110 4202 3300 4255 altario
3350 4211 3535 4255 autem
3578 4196 3709 4253 offerri
3738 4206 3813 4245 non

2349 4292 2492 4346 licet.
2534 4290 2662 4354 Hac,
2711 4301 2771 4345 ut
2812 4300 2967 4361 puto,
3017 4292 3371 4348 distinctione
3413 4303 3466 4348 et
3510 4292 3689 4352 Paulus,
3726 4282 3815 4339 scri-

2350 4382 2486 4436 bens
2552 4382 2620 4435 ad
2675 4379 3011 4444 Corinthios.
3066 4399 3199 4438 usus
3255 4394 3384 4439 est:
3430 4383 3616 4450 Scripsi
3658 4379 3755 4433 vobis
3784 4375 3820 4425 is

2350 4470 2592 4539 epistola,
2629 4488 2729 4524 non
2757 4474 3081 4527 commisceri
3112 4474 3431 4544 farnicariis,
3465 4490 3559 4527 non
3587 4472 3725 4535 utique
3750 4467 3819 4533 [οῖ-

688 4565 786 4620 tat,
820 4558 944 4625 quia
988 4558 1155 4612 cauda
1206 4568 1290 4613 est
1340 4569 1580 4613 extrema
1628 4574 1752 4627 pars
1796 4557 2059 4627 corporis.
2110 4556 2248 4612 Sunt
2278 4579 2321 4633 ι)
2352 4562 2569 4615 nicariis
2596 4563 2777 4615 mundi
2814 4562 2991 4628 huius,
3022 4573 3116 4617 aut
3144 4566 3340 4628 avaris,
3370 4574 3465 4617 aut
3494 4563 3738 4631 rapacibus.
3760 4560 3822 4604 ut

685 4663 816 4718 ergo
851 4648 1069 4717 proprie
1099 4649 1324 4703 caudam
1358 4657 1686 4718 amputatam
1732 4650 2011 4713 habentes,
2045 4648 2138 4717 qui
2181 4662 2245 4703 ea

685 4757 807 4811 quae
848 4750 976 4796 sunt
1028 4742 1343 4804 novissima,
1385 4742 1594 4809 abjecta
1640 4755 1703 4795 ac
1753 4741 1899 4805 vilia,
1928 4750 1982 4794 et
2022 4740 2245 4794 minima

684 4832 951 4901 pendunt,
992 4834 1083 4902 qui
1126 4833 1260 4886 nihil
1300 4834 1518 4887 sibimet
1554 4834 1609 4886 in
1642 4833 1838 4887 futuris
1876 4832 2084 4886 saeculis
2121 4831 2241 4886 the-

686 4923 982 4980 saurizant.
1011 4926 1102 4993 qui
1148 4924 1342 4978 futuris
1382 4938 1490 4977 non
1530 4924 1835 4993 provident,
1877 4923 1969 4992 qui
2001 4923 2188 4977 dicunt
2223 4940 2237 4978 :

685 5012 1057 5067 Manducemus
1098 5024 1147 5067 et
1198 5015 1452 5077 bibamus,
1510 5030 1626 5068 cras
1673 5016 1811 5069 enim
1851 5015 2131 5068 moriemur
2172 5015 2240 5068 ⁸⁸.

684 5104 950 5159 Contritis
981 5106 1243 5160 testiculis
1271 5114 1375 5169 est,
1406 5106 1495 5175 qui
1533 5106 1787 5175 paulatim
1819 5116 2098 5161 crescente
2126 5122 2243 5160 ma-

685 5194 822 5258 litia,
858 5195 1088 5249 conterit
1126 5211 1277 5250 suam
1311 5196 1367 5250 in
1398 5197 1687 5251 virtutibus
1724 5198 1953 5266 prolem,
1983 5206 2039 5250 et
2068 5196 2242 5266 signa,

684 5298 785 5353 per
813 5300 932 5353 quae
963 5285 1045 5339 vir
1082 5287 1257 5355 possit
1298 5287 1537 5356 agnosci.
1569 5288 1669 5351 Qui
1707 5298 1762 5341 et
1800 5298 1945 5342 recte
1988 5288 2245 5356 reproba-

684 5382 793 5437 tur,
844 5376 969 5444 quia
1027 5377 1347 5449 sibimetipsi
1397 5378 1453 5432 in
1503 5380 1702 5434 talibus
1747 5379 1972 5440 nocuit,
2025 5378 2093 5433 de
2140 5394 2247 5447 quo

681 5466 818 5521 dixit
855 5469 1021 5525 David
1056 5490 1067 5524 :
1102 5472 1238 5528 Dum
1286 5474 1708 5543 confringunmr'
1731 5472 1907 5523 omnia
1951 5486 2067 5524 ossa
2104 5488 2241 5537 mea,

685 5562 1129 5627 exprobrauerunt
1151 5582 1231 5619 me
1253 5567 1341 5635 qui
1377 5564 1629 5618 tribulam
1662 5579 1740 5615 me
1763 5562 1830 5614 “.
1862 5561 2057 5616 Tonsis
2090 5562 2245 5616 testi-

755 5779 800 5811 "
836 5781 973 5835 Psal.
1000 5800 1141 5840 thx.
1175 5785 1255 5837 l6.

689 5847 774 5904 15.
851 5853 870 5884 ’
904 5853 1035 5906 ibid.

1364 5787 1407 5817 ⁹⁶
1434 5784 1591 5838 Prov.
1623 5802 1697 5843 vr.
1721 5784 1771 5839 6.

1877 5785 1961 5838 ’⁷1
1993 5784 2117 5838 Cor.
2152 5801 2226 5848 vi,
2258 5784 2342 5839 18.

1115 5854 1134 5885 ³
1168 5855 1284 5908 Act.
1320 5866 1434 5921 για,
1458 5856 1548 5911 ΞΟ.
1624 5860 1643 5887 δ
1669 5856 1759 5910 βε.
1790 5873 1875 5920 δι,
1918 5856 1969 5910 9.
2046 5858 2067 5888 ⁵
2094 5855 2136 5909 Il
2170 5857 2304 5911 Tim.
2335 5873 2371 5923 ι,
2400 5854 2485 5911 15.
2562 5857 2626 5908 ⁸1
2662 5854 2701 5909 C.

1466 5856 1548 5911 ΞΟ.
1624 5860 1643 5887 δ
1669 5856 1759 5910 βε.
1790 5873 1875 5920 δι,
1918 5856 1969 5910 9.
2046 5858 2067 5888 ⁵
2094 5855 2136 5909 Il
2170 5857 2304 5911 Tim.
2335 5873 2371 5923 ι,
2400 5854 2485 5911 15.
2562 5857 2626 5908 ⁸1
2662 5854 2788 5911 Cor.
2820 5873 2873 5925 v,
2908 5857 3058 5912 9-12.

2354 4655 2507 4708 idolis
2554 4653 2917 4715 servientibus,
2964 4655 3256 4708 debueratis
3302 4657 3440 4709 enim
3480 4671 3539 4708 ex
3576 4653 3655 4704 hoc
3688 4646 3821 4701 munda

2354 4745 2535 4798 exisse.
2566 4744 2718 4797 Nunc
2748 4754 2923 4797 autem
2951 4745 3135 4812 scripsi
3168 4745 3308 4799 vobis
3343 4761 3444 4798 non
3476 4734 3755 4796 commisceri.
3783 4729 3819 4781 Si

2352 4836 2397 4888 is
2424 4836 2513 4904 qui
2541 4836 2704 4905 frater
2729 4835 3048 4899 nominatur,
3076 4844 3168 4888 aut
3200 4836 3485 4905 fornicator
3509 4842 3591 4894 est,
3618 4836 3692 4881 aut
3714 4820 3815 4875 ἰάσει

2353 4927 2599 4991 serviens,
2643 4936 2735 4979 aut
2795 4942 3019 4993 avarus,
3065 4930 3346 4993 detractor,
3383 4935 3473 4979 aut
3514 4923 3724 4978 ebriosus,
3756 4915 3815 4962 all

2354 5033 2547 5086 rapax,
2578 5034 2697 5071 cum
2732 5018 3031 5087 hujusmodi
3063 5035 3153 5072 nec
3187 5019 3353 5072 cibum
3386 5031 3575 5072 sumere
3597 5016 3630 5065 ⁵.
3663 5007 3812 5062 Γηικε

2350 5109 2641 5163 nominans
2689 5108 2818 5174 illic,
2866 5123 2961 5163 eos
3012 5108 3104 5177 qui
3155 5107 3347 5162 altario
3403 5106 3688 5161 ministrant,
3727 5090 3809 5160 qui!

2351 5198 2583 5253 maxime
2615 5213 2731 5258 eos,
2764 5198 2855 5267 qui
2898 5198 3160 5253 doctrinae
3198 5198 3371 5253 sortiti
3405 5204 3522 5253 sunt
3555 5188 3804 5261 dignitatem.

2350 5298 2405 5345 et
2446 5290 2644 5360 quibus
2686 5305 2922 5359 praeesse
2965 5291 3181 5360 populis
3221 5291 3479 5345 creditum
3509 5294 3597 5340 est.
3631 5280 3681 5335 lli
3710 5273 3806 5329 enim

2352 5381 2397 5435 si
2430 5382 2559 5451 quid
2594 5382 2699 5437 tale
2743 5382 3052 5441 habuerint,
3086 5382 3262 5438 modis
3301 5380 3537 5437 omnibus
3561 5376 3804 5445 οροηειεο·

2351 5472 2605 5527 cietatem
2664 5487 2854 5526 eorum
2905 5473 3144 5528 aversari
3190 5491 3203 5527 :
3254 5473 3381 5543 quia
3430 5483 3575 5541 super
3619 5456 3801 5534 polluium

2351 5564 2627 5619 abundare
2650 5564 2947 5619 virtutibus
2973 5564 3029 5619 hi
3049 5565 3140 5633 qui
3162 5574 3418 5636 praesunt,
3434 5572 3625 5619 necesse
3642 5550 3798 5609 Μίκων

2442 5784 2669 5840 "ICor.
2705 5802 2790 5846 xv,
2820 5786 2909 5841 32.
3013 5790 3057 5819 ’³
3086 5785 3173 5842 Ps.
3220 5803 3326 5853 xu,
3361 5786 3439 5841 11.
3508 5778 3619 5833 ‘Ps.
3644 5762 3789 5832 ιιιινει
