4032 6414
167 406 307 475 1077

1296 422 1380 481 IN
1416 419 1854 481 LEVITICUM.
1892 445 1958 456 —
1998 419 2145 478 LIB.
2175 418 2277 480 VI.

3301 418 3434 482 N73

158 539 220 583 et
264 530 374 600 ipsi
419 533 653 587 maxime
696 550 819 590 esse
857 537 977 591 sine
1026 537 1259 591 macula.
1305 535 1438 591 Nam
1479 536 1753 605 quomodo
1782 540 1826 599 Α
1855 552 1940 605 ges
1975 535 2161 587 matris
2190 543 2294 587 ture
2317 533 2381 587 ".
2406 533 2638 600 Quando
2671 550 2799 605 ergo
2828 534 3024 606 aliquis
3047 537 3219 605 gratia
3252 534 3431 593 Evan-

158 621 303 678 alias
331 625 631 681 emundare
662 642 692 680 a
729 627 1126 697 pollutionibus
1155 628 1423 699 possunt?
1456 629 1524 684 de
1552 627 1751 698 quibus

158 710 288 768 hac
315 713 590 785 legislator
618 719 881 789 praecepit
909 737 921 773 :
953 721 1022 774 Et
1050 722 1106 774 in
1140 731 1281 775 terra
1312 731 1483 776 uestra
1513 722 1607 775 hoc
1636 738 1752 775 om-

162 805 295 858 aino
322 823 423 860 non
453 809 691 877 faciatis,
710 820 759 864 et
785 813 849 865 de
873 830 1035 866 manu
1062 812 1370 883 alienigena:
1398 832 1498 868 non
1530 814 1752 884 oﬁeretis

159 912 333 963 panes
381 898 605 954 Domino
647 900 753 956 Deo
807 914 995 969 vestro,
1028 920 1075 960 et
1123 908 1377 977 quidquid
1424 907 1573 961 aliud
1623 908 1753 961 dare

160 989 449 1050 voluerint.
495 994 618 1062 quia
672 1008 923 1063 corrupta
974 1007 1023 1050 et
1071 1000 1340 1052 maculata
1388 1008 1509 1052 sunt
1550 999 1751 1066 omnia,

158 1097 270 1133 non
303 1085 596 1154 suscipiatis
625 1103 710 1139 ea.
1468 1146 1471 1153 λ

229 1172 353 1229 Nec
391 1191 493 1230 nos
529 1192 659 1248 ergo
697 1178 752 1231 in
795 1187 940 1235 terra
973 1192 1158 1237 nostra
1193 1184 1519 1252 quibusdam
1563 1186 1751 1242 talium

158 1266 511 1322 macularum
540 1255 781 1325 s'tudiuin
813 1272 1025 1328 demus.
1054 1274 1152 1328 Est
1180 1285 1361 1330 autem
1392 1287 1530 1331 terra
1566 1290 1753 1334 nostra

158 1358 317 1413 bona
372 1364 741 1429 conversatio,
792 1381 912 1434 qure
959 1378 1229 1438 praecepta
1278 1380 1360 1425 est
1403 1388 1497 1441 per
1541 1373 1754 1429 divinas

159 1451 508 1522 Scripturas,
533 1470 695 1523 quam
718 1474 747 1508 a
773 1456 883 1511 Deo
912 1460 1095 1513 colere
1120 1462 1485 1531 percepimus.
1516 1462 1622 1518 Sed
1654 1480 1755 1520 nec

161 1543 513 1616 alienigenae,
550 1548 806 1602 videlicet
834 1549 925 1617 qui
959 1550 1157 1605 doctus
1188 1563 1294 1616 est,
1334 1562 1390 1608 et
1418 1556 1661 1623 adjectus
1687 1556 1756 1618 de

163 1634 325 1699 foris,
363 1638 486 1693 talia
531 1639 673 1695 dona
722 1639 830 1693 Deo
872 1640 1127 1695 offerenti
1168 1644 1330 1699 medii
1376 1647 1546 1701 simus
1582 1665 1594 1699 :
1628 1649 1756 1716 quia

166 1730 453 1799 corruptio
486 1730 541 1783 in
570 1732 648 1784 eis
681 1742 784 1795 est,
815 1748 915 1787 nos
942 1742 1127 1787 autem
1158 1734 1267 1789 Deo
1297 1737 1614 1807 incorrupto
1639 1754 1756 1793 ser-

166 1820 349 1873 vimus
402 1840 416 1875 :
460 1824 729 1877 maculam
786 1824 1010 1888 habent,
1056 1842 1159 1880 nos
1201 1837 1382 1882 autem
1423 1829 1475 1883 in
1518 1829 1753 1885 Ecclesia

169 1913 562 1982 ministramus,
587 1919 675 1971 cui
703 1918 907 1972 dictum
935 1928 1021 1972 est
1050 1935 1079 1970 a
1104 1934 1339 1988 sponso:
1366 1921 1491 1974 Tota
1525 1922 1745 1989 pulchra

171 2020 242 2068 es,
273 2008 518 2071 proxima
556 2025 694 2071 mea,
726 2019 775 2063 et
808 2011 1019 2064 macula
1051 2028 1153 2065 non
1180 2023 1254 2066 est
1288 2014 1344 2066 in
1378 2026 1426 2067 te
1455 2015 1494 2068 ⁷.
1536 2014 1611 2069 De
1639 2031 1746 2084 qua

171 2095 371 2153 Paulus
408 2100 625 2157 dicebat
660 2120 675 2158 :
712 2103 773 2159 Ut
807 2105 1062 2159 exhiberet
1107 2106 1206 2161 sibi
1236 2106 1520 2177 gloriosam
1562 2106 1746 2163 Eccle-

170 2190 301 2243 siam
326 2208 429 2245 non
455 2192 728 2247 habentem
753 2195 1042 2262 maculam,
1073 2208 1167 2251 aut
1191 2214 1397 2269 rugam,
1423 2210 1515 2253 aut
1541 2200 1747 2272 aliquid

176 2282 468 2351 hujusmodi
493 2284 535 2337 ⁸.
580 2284 806 2355 Propter
832 2289 980 2358 quod
1008 2290 1146 2345 nihil
1176 2293 1443 2347 maculam
1482 2294 1690 2348 habens
1715 2310 1745 2348 a

182 2374 332 2428 nobis
373 2377 479 2431 Deo
510 2377 795 2433 offeretur.

248 2470 409 2523 Vens.
428 2472 602 2527 (λϐ-28.
633 2492 651 2523 ‹
677 2473 1022 2545 Locutusque
1042 2486 1126 2532 est
1149 2477 1411 2532 Dominus
1430 2477 1497 2532 ad
1522 2478 1742 2550 Moysen

186 2560 412 2615 dicens:
447 2562 560 2626 Bos,
606 2564 747 2629 ovis,
792 2574 848 2619 et
892 2581 1076 2635 capra,
1117 2581 1240 2620 cum
1286 2569 1471 2637 genita
1518 2570 1741 2634 fuerint,

180 2664 382 2721 septem
428 2654 619 2709 diebus
660 2669 822 2711 erunt
876 2658 979 2713 sub
1020 2660 1187 2713 ubere
1236 2661 1425 2715 matris
1474 2678 1608 2717 sum.
1648 2663 1745 2720 Die

172 2753 353 2799 autem
379 2756 589 2812 octavo,
610 2759 664 2803 et
688 2750 971 2821 deinceps,
996 2753 1180 2807 offerri
1212 2765 1467 2822 poterunt
1494 2756 1743 2821 Domino,

169 2834 282 2889 sive
311 2837 403 2890 ille
434 2840 554 2901 bos,
588 2841 703 2894 sive
739 2841 826 2894 illa
860 2842 998 2909 ovis,
1027 2859 1136 2898 non
1166 2844 1595 2902 immolabuntur
1639 2867 1745 2904 una

169 2926 256 2981 die
287 2944 412 2982 cum
447 2930 648 2986 fetibus
678 2932 815 2987 suis.
852 2952 871 2986 ι
1572 2936 1575 2939 ’

238 3019 415 3074 Mater
439 3024 618 3078 omnis
646 3024 899 3082 animalis
932 3027 1118 3098 utique
1148 3042 1343 3084 natura
1381 3039 1481 3090 est.
1514 3032 1617 3085 sub
1647 3034 1745 3086 hac

164 3126 333 3167 omne
383 3130 555 3183 genus
604 3118 908 3186 hominum,
961 3131 1309 3191 peccatorum
1350 3135 1405 3177 et
1452 3124 1745 3192 justorum,

162 3210 384 3272 septem
422 3205 613 3262 diebus
640 3220 743 3274 est,
777 3213 845 3267 ab
873 3223 1060 3268 octava
1096 3226 1277 3269 autem
1310 3215 1416 3284 jam
1455 3231 1584 3269 non.
1615 3216 1746 3269 Nam
1776 3246 1817 3302 ε

160 3296 271 3348 etsi
302 3308 558 3365 operator
583 3306 705 3370 quis
736 3304 807 3358 sit
837 3307 1236 3373 mandatorum,
1264 3308 1348 3361 vel
1380 3308 1630 3378 simplex,
1663 3311 1746 3363 vel

160 3398 447 3455 peccator,
495 3402 588 3445 aut
625 3408 693 3447 ex
739 3407 1046 3464 peccatore,
1081 3407 1290 3466 septem
1332 3398 1541 3463 diebus,
1580 3399 1631 3454 id
1668 3409 1752 3454 est

158 3492 336 3533 omne
393 3497 635 3549 prtesens
688 3489 988 3553 saeculum,
1040 3498 1257 3558 oportet
1303 3505 1427 3543 eum
1479 3492 1751 3547 sustinere

157 3588 514 3644 quaecunque
572 3588 765 3633 natura
817 3583 1125 3648 desiderat,
1178 3586 1639 3654 quemadmodum
1697 3593 1752 3640 et

156 3665 229 3717 de
270 3666 548 3722 Salvatore
583 3671 764 3726 dicere
798 3677 1145 3746 praasumpsit
1175 3678 1394 3741 Paulus,
1427 3680 1747 3747 ostendens,

156 3759 295 3826 quia
344 3775 409 3813 ex
466 3773 651 3818 nostra
702 3776 895 3821 natura
944 3771 1244 3825 secundum
1300 3788 1518 3827 carnem
1576 3774 1751 3828 factus

159 3851 377 3919 absque
423 3864 668 3922 peccato,
703 3860 884 3913 omnia
922 3877 1115 3930 passus
1159 3872 1241 3917 est
1287 3880 1405 3933 qua:
1445 3876 1602 3921 erant
1652 3884 1750 3919 na-

162 3946 518 4010 turaz’.Quia
575 3957 756 4003 autem
819 3954 971 4021 pueri
1025 3956 1570 4012 communicaverunt
1625 3975 1751 4012 san-

165 4034 335 4104 guine
366 4046 421 4089 et
451 4052 636 4103 carne,
671 4040 923 4097 similiter
947 4054 1002 4099 et
1034 4047 1122 4101 ille
1155 4048 1501 4118 participavit
1532 4050 1746 4105 iisdem.

165 4125 274 4179 Sed
304 4129 529 4196 quando
566 4132 731 4187 vitam
768 4146 1093 4203 praseutcm
1134 4141 1339 4209 egressi
1381 4140 1665 4207 fuerimus,
1698 4154 1752 4199 et

166 4216 222 4271 iu
272 4219 364 4274 die
413 4223 553 4277 bona
605 4236 943 4282 mortuorum
996 4235 1415 4289 resurrectionis
1462 4238 1748 4292 constituti

173 4308 460 4381 fuerimus,
493 4331 557 4368 ex
596 4326 743 4383 tunc,
773 4328 828 4374 et
859 4321 1139 4392 deinceps,
1175 4338 1337 4379 omne
1372 4327 1629 4381 sa-culum
1666 4330 1751 4381 fu-

178 4410 359 4457 turum
392 4422 499 4459 non
528 4406 639 4475 jam
667 4410 768 4463 sub
807 4420 997 4478 matre,
1030 4430 1150 4483 quae
1186 4415 1325 4469 dicta
1355 4427 1459 4480 est,
1496 4418 1700 4473 erimus
1735 4438 1747 4473 :

171 4511 353 4566 neque
397 4500 544 4554 enim
592 4501 681 4556 hic
728 4505 1067 4560 naturalibus
1109 4508 1528 4565 necessitatibus
1568 4512 1748 4575 subia-

1852 627 1974 695 gelii
2001 634 2291 698 generatus
2326 626 2510 692 fuerit,
2552 628 2852 682 secundum
2890 628 3034 699 quod
3064 630 3140 684 ait
3189 630 3387 684 Paulus
3421 648 3432 659 ο

1853 719 1914 773 1η
1948 719 2154 775 Christo
2180 721 2320 773 enim
2334 719 2456 774 Jesu
2492 736 2585 790 per
2612 720 2957 790 Evangelium
2973 738 3065 791 ego
3089 738 3175 776 vos
3195 722 3435 792 genui“,

1853 809 1956 864 sub
2018 808 2343 880 intelligibili
2385 818 2557 863 matre
2592 809 2854 869 Ecclesia,
2882 808 2967 863 vel
3002 809 3173 879 gratia
3225 816 3435 877 septem

1853 903 1988 966 dies,
2055 910 2222 957 totam
2281 900 2533 956 videlicet
2589 909 2915 971 praesentem
2968 900 3161 961 vitam,
3198 915 3321 969 qua:
3378 902 3433 953 iu

1852 1004 2061 1065 septem
2083 993 2199 1049 dies
2220 994 2473 1054 volvitur.
2497 994 2601 1048 erit
2629 992 2836 1064 legibus
2850 993 2968 1063 ejus
2985 1002 3041 1048 et
3057 993 3435 1048 sanctionibus

1850 1088 2134 1144 obediens.
2165 1086 2257 1142 Sic
2302 1088 2450 1143 enim
2494 1096 2684 1143 octava
2719 1086 2828 1148 die,
2855 1087 2909 1140 in
2955 1095 3200 1156 tempore
3247 1102 3432 1140 resur-

1861 1179 2158 1242 rectionis,
2208 1180 2412 1234 donum
2467 1178 2572 1235 erit
2620 1188 2674 1233 et
2726 1179 2899 1233 hostia
2964 1177 3192 1233 Domino
3244 1194 3258 1231 :
3308 1177 3434 1246 quia

1855 1272 2163 1339 hujusmodi
2204 1287 2314 1325 non
2344 1272 2518 1326 solum
2549 1271 2777 1336 animas,
2816 1271 2909 1325 sed
2937 1280 2993 1325 et
3010 1285 3238 1341 corpora
3268 1270 3434 1324 sacri-

1854 1363 2034 1417 ficium
2106 1370 2357 1416 sanctqu
2405 1362 2769 1432 placitumque
2806 1362 3065 1432 suscepit.
3119 1361 3199 1415 Tu
3247 1367 3430 1414 autem

1854 1464 2075 1524 propter
2098 1455 2200 1509 hoc
2232 1455 2374 1524 quod
2414 1455 2662 1523 sequitur
2685 1454 2834 1509 disce
2858 1471 2871 1506 :
2896 1452 3016 1508 Sive
3056 1453 3146 1507 ille
3174 1454 3262 1506 bos
3287 1501 3301 1517 ,
3329 1452 3435 1506 sive

1854 1547 1947 1600 illa
1981 1548 2112 1611 ovis,
2140 1564 2239 1600 non
2267 1546 2679 1600 immolabantur
2704 1564 2809 1599 una
2836 1546 2920 1600 die
2942 1563 3057 1599 cum
3091 1546 3278 1615 fetibus
3301 1545 3431 1598 suis.

1925 1636 2025 1695 llic
2056 1636 2371 1691 nominibus
2401 1636 2534 1708 ipsis
2563 1630 2708 1691 aliud
2754 1652 2945 1691 rursus
2992 1636 3253 1691 ostendit.
3314 1635 3434 1690 Non

1854 1739 2070 1799 oportet
2115 1730 2263 1784 enim
2314 1746 2433 1794 eos,
2487 1730 2583 1801 qui
2622 1728 2828 1785 Pascha
2870 1730 3245 1799 evangelicum
3289 1729 3433 1782 cele-

1855 1823 2035 1886 brant,
2070 1822 2215 1891 quod
2268 1822 2425 1877 nobis
2454 1821 2692 1876 Ecclesia
2734 1821 2973 1886 tradidit,
3026 1821 3191 1891 legale
3232 1820 3435 1873 Pascha

1784 1906 1826 1960 Β
1856 1931 2131 1986 peragere,
2162 1916 2304 1984 quod
2333 1916 2525 1971 bovem
2562 1925 2617 1970 et
2638 1931 2794 1969 ovem
2820 1914 3093 1986 legislator
3133 1915 3321 1968 dicens
3361 1913 3435 1966 si-

1847 2008 2066 2080 gniﬁcat
2093 2027 2105 2063 :
2136 2010 2261 2079 quia
2292 2010 2409 2066 haec
2438 2010 2697 2080 praecepit
2730 2009 2938 2080 Moyses
2968 2007 3023 2062 in
3058 2006 3147 2061 die
3186 2006 3431 2069 Paschae,

1846 2102 1990 2172 quod
2017 2102 2275 2156 traditum
2319 2112 2405 2157 est
2451 2101 2657 2159 Judaeis
2704 2101 3005 2165 immolare,
3037 2101 3112 2154 ait
3147 2099 3334 2154 enim:
3366 2097 3435 2151 Et

1847 2193 2146 2247 immolabis
2175 2193 2380 2247 Pascha
2411 2193 2639 2247 Domino
2668 2192 2777 2246 Deo
2816 2208 2923 2257 tuo,
2953 2208 3069 2245 oves
3104 2200 3149 2244 et
3176 2190 3325 2243 boves
3351 2188 3392 2217 “
3418 2206 3431 2240 :

1847 2286 1989 2339 sicut
2042 2284 2447 2339 Deuteronomii
2503 2284 2640 2339 liber
2700 2284 2992 2339 ostendere
3016 2290 3215 2352 potest.
3268 2281 3435 2335 Fetus

1846 2386 2028 2431 autem
2084 2378 2298 2437 horum,
2340 2376 2562 2431 Paschae
2606 2377 2788 2444 hujus,
2853 2375 2967 2430 sive
3006 2373 3215 2429 Veteris
3241 2373 3435 2430 Testa-

1849 2471 2036 2528 menti.
2071 2480 2124 2526 et
2170 2472 2289 2539 ejus
2314 2487 2434 2540 quze
2484 2472 2536 2525 in
2571 2471 2755 2541 ﬁguris
2802 2481 2889 2525 est
2910 2470 3260 2526 traditionis:
3296 2464 3434 2526 dixi‘

1846 2564 1993 2617 enim
2030 2563 2171 2618 fetus
2196 2563 2333 2631 ejus,
2365 2563 2703 2618 Dominicum
2753 2563 2918 2633 igitur
2947 2561 3178 2620 Pascha.
3211 2573 3434 2633 propter

1848 2657 2144 2710 novitatem
2162 2656 2443 2724 temporis,
2475 2664 2529 2710 et
2556 2656 2682 2725 quia
2712 2655 2779 2710 ad
2817 2655 3287 2710 confirmationem
3330 2673 3431 2711 ve-

1849 2747 2022 2801 ritatis
2062 2748 2285 2817 ﬁguram
2336 2747 2669 2816 praecedens.
2721 2747 2893 2801 multo
2946 2762 3068 2801 eum
3121 2746 3433 2817 significans

1850 2851 2097 2908 tempore
2138 2840 2597 2908 quemadmodum
2647 2840 2978 2909 parturiens,
3030 2847 3176 2892 recte
3238 2853 3432 2907 parere

1848 2931 2066 2985 dicitur.
2091 2931 2208 2984 Non
2238 2946 2369 3001 ergo
2408 2940 2664 3000 oportere
2693 2946 2793 2984 nos
2830 2931 3096 2985 habentes
3142 2930 3196 2984 iu
3252 2931 3431 2986 mani-

1852 3022 1973 3083 bus,
2004 3032 2059 3077 et
2085 3031 2530 3077 consummantes
2560 3038 2747 3077 verum
2790 3022 3127 3093 mysterium,
3165 3023 3316 3093 sequi
3367 3027 3431 3076 ti-

1852 3132 2035 3185 guras,
2062 3130 2183 3184 qua:
2205 3115 2461 3183 prmdicta
2491 3123 2618 3169 sunt
2649 3117 3061 3171 demonstrant:
3086 3132 3263 3186 neque
3285 3117 3432 3170 enim

1851 3213 1934 3260 est
1958 3205 2205 3274 ejusdem
2239 3207 2501 3274 temporis
2534 3223 2547 3259 :
2581 3207 2673 3261 sed
2703 3208 2847 3263 aliud
2889 3208 3109 3279 quidem
3159 3208 3433 3277 pertinere

1851 3298 1917 3351 ad
1952 3297 2200 3368 figuram,
2238 3298 2381 3353 aliud
2414 3308 2595 3353 autem
2629 3300 2693 3354 ad
2733 3302 3041 3365 veritatem,
3073 3300 3166 3369 qui
3202 3308 3433 3369 utraque

1851 3388 2079 3443 snncivit
2100 3393 2375 3460 przecepit.
2409 3391 2637 3462 Propter
2662 3394 2804 3462 quod
2835 3402 2890 3447 et
2916 3392 3167 3447 Christus
3195 3392 3429 3461 primum

1851 3479 2149 3534 celebravit
2214 3480 2503 3551 ﬁgurarum
2537 3480 2742 3537 Pascha
2778 3500 2789 3535 :
2820 3492 2941 3553 post
2987 3498 3200 3538 orenam
3223 3491 3429 3542 autem.

1853 3572 2246 3641 intelligibilem
2280 3574 2460 3640 tradit,
2490 3583 2546 3629 et
2567 3584 2893 3647 angustante
2922 3591 3043 3630 eam
3068 3584 3312 3645 tempore
3332 3592 3433 3646 pro

1852 3665 1939 3718 die
1981 3666 2170 3718 horam
2226 3666 2554 3731 immutavit,
2577 3669 2661 3722 vel
2702 3669 2875 3738 magis
2925 3668 3093 3722 etiam
3140 3668 3307 3733 diem,
3352 3668 3431 3721 sic

1851 3757 1996 3810 enim
2021 3757 2090 3812 ad
2131 3772 2437 3827 vesperam,
2464 3771 2672 3829 quartae
2717 3760 2944 3815 decima}
2971 3760 3099 3824 diei,
3127 3773 3283 3814 creua
3328 3758 3426 3813 Ju-

1852 3850 2020 3905 daicte
2047 3851 2320 3919 paschalis
2348 3852 2657 3907 festivitatis
2686 3852 2997 3908 celebratur
3022 3870 3034 3904 :
3063 3859 3187 3922 post
3212 3852 3317 3907 hoc
3337 3867 3429 3904 au-

1856 3948 1961 3991 tem
2002 3935 2251 3990 Christus
2281 3937 2550 4007 propriam
2590 3938 2809 3993 tradidit
2835 3953 3045 3993 caenam
3086 3944 3255 4007 :post
3302 3952 3425 3991 ves-

1855 4040 2039 4092 peram
2074 4040 2202 4095 ergo
2228 4035 2434 4095 quartae
2460 4026 2685 4081 decimae
2711 4026 2817 4081 dici
2846 4025 3089 4081 tradidit.
3124 4026 3281 4092 Quod
3329 4040 3431 4078 au-

1855 4127 1960 4170 tem
1990 4127 2112 4187 post
2142 4134 2427 4189 vesperum
2444 4129 2527 4174 est
2561 4130 2794 4190 tempus,
2816 4120 3041 4175 alterius
3074 4121 3181 4175 diei
3216 4120 3430 4176 initium

1852 4208 2169 4263 omnimodo
2198 4218 2283 4263 est
2311 4229 2323 4263 :
2362 4210 2648 4278 oportebat
2686 4210 2830 4263 enim
2868 4210 2973 4265 hoc
3000 4210 3117 4265 fieri
3149 4211 3215 4265 ad
3256 4224 3435 4267 osten-

1853 4298 2059 4353 sionem
2111 4300 2367 4370 temporis
2398 4300 2523 4370 quia
2572 4302 2790 4371 quando
2836 4301 3003 4356 Vetus
3034 4302 3194 4378 ﬁnem
3244 4306 3430 4369 sumit,

1855 4399 1984 4443 tunc
2006 4387 2217 4444 Novum
2244 4390 2455 4459 incipit.
2488 4390 2753 4445 Autforte
2783 4389 2927 4445 fetus
2962 4390 3082 4444 illos
3111 4391 3192 4445 lex
3225 4392 3432 4461 signiti-

1853 4488 1958 4541 cat,
1988 4479 2055 4533 de
2079 4480 2280 4549 quibus
2303 4479 2466 4535 Isaias
2491 4481 2703 4535 dicebat
2734 4498 2748 4535 :
2786 4481 2924 4535 Puer
2960 4492 3117 4535 natus
3151 4494 3226 4535 est
3267 4484 3432 4549 nobis,

164 4588 436 4643 cehimns.
467 4591 661 4647 Octava
686 4608 861 4649 autem
884 4598 967 4649 die
992 4600 1165 4667 oﬂerri
1186 4602 1393 4667 poterit.
1422 4601 1575 4666 Quod
1608 4572 1745 4657 LXX
1786 4587 1825 4639 υ
1854 4572 1995 4640 ﬁlius
2019 4574 2176 4625 dum:
2205 4582 2279 4667 est
2303 4574 2447 4627 nabis
2478 4574 2541 4627 ’δ’
2571 4574 2630 4667 1P
2656 4574 2934 4629 Chriswm
2959 4577 3104 4629 enim
3141 4576 3257 4630 ham
3312 4592 3433 4645 quae

161 4680 246 4735 sic
275 4683 451 4737 edunt
480 4702 493 4735 ε
532 4685 679 4739 Dona
716 4697 891 4740 autem
926 4690 1123 4743 hostias
1159 4692 1404 4754 Domino,
1442 4696 1491 4748 id
1521 4706 1602 4749 est
1631 4713 1753 4765 per-

157 4775 308 4829 fecta
346 4785 402 4829 et
442 4777 675 4844 integra.
713 4779 767 4833 hi
806 4780 899 4849 qui
940 4781 993 4834 in
1030 4783 1127 4836 hac
1162 4784 1272 4841 vita
1307 4798 1751 4854 praeparaverunt

153 4868 505 4924 oblationem
545 4886 718 4925 suam.
754 4871 1047 4927 Sciendum
1088 4884 1173 4929 est
1204 4886 1410 4939 autem,
1442 4880 1586 4947 quod
1613 4895 1750 4949 quo-

152 4961 315 5013 niam
377 4962 658 5016 mutabilis
712 4972 797 5018 est
860 4974 1045 5020 nostra
1106 4967 1253 5032 vita,
1312 4968 1754 5038 mutationesque

152 5050 371 5103 multas
429 5059 485 5103 et
530 5052 842 5109 voluntates
892 5056 1142 5126 suscipit,
1182 5066 1375 5113 octava
1420 5059 1509 5113 die
1549 5060 1753 5114 oblatio

154 5150 420 5211 accepta,
453 5142 507 5195 in
537 5146 735 5201 saaculo
766 5148 973 5202 scilicet
1006 5148 1190 5204 futuro
1223 5151 1313 5215 sit,
1351 5161 1575 5221 pr0pter
1607 5153 1750 5221 quod

154 5234 303 5289 dixit
352 5232 607 5289 Salomon
641 5254 655 5291 :
696 5237 826 5292 Ante
861 5250 1077 5295 mortem
1112 5259 1173 5295 ne
1213 5242 1395 5296 laudes
1439 5260 1753 5314 quemquam

154 5323 440 5376 hominum
463 5323 527 5376 ‘°.
554 5324 690 5379 Cum
713 5338 896 5381 autem
926 5330 1038 5383 haec
1061 5331 1129 5385 ita
1154 5347 1211 5385 se
1237 5332 1496 5395 habeant,
1524 5342 1750 5387 matrem

154 5430 368 5468 rursus
396 5412 692 5470 Ecclesiam
736 5429 789 5471 et
821 5421 1071 5488 gratiam,
1122 5440 1243 5492 quze
1266 5423 1320 5478 in
1354 5440 1416 5478 ea
1449 5434 1554 5488 est,
1589 5426 1752 5479 intel-

155 5506 425 5577 ligamus,
487 5508 554 5563 de
616 5526 719 5579 qua
774 5510 1029 5565 Salomon
1094 5515 1146 5567 in
1209 5516 1517 5572 Proverbiis
1572 5518 1746 5572 dicit:

157 5596 333 5660 Audi,
367 5596 467 5663 ﬁli,
494 5598 830 5668 disciplinam
871 5603 1037 5671 patris
1084 5604 1181 5669 tui,
1213 5616 1262 5659 et
1301 5623 1365 5660 ne
1394 5606 1655 5661 dimiseris
1678 5606 1749 5661 le-

274 5799 297 5829 '
323 5797 485 5854 Cant.
518 5818 592 5859 tv.
620 5804 672 5857 7.

784 5802 805 5832 '
837 5802 1037 5874 Ephcs.
1065 5824 1115 5869 v,
1142 5808 1232 5861 27.

156 5864 213 5903 ⁸³
242 5867 404 5923 Deut.
439 5888 548 5937 xvr,
578 5874 639 5927 2.

714 5873 757 5905 “
787 5873 894 5929 lsa.
919 5892 991 5942 rx,
1028 5877 1080 5930 6.

1334 5812 1353 5840 ν
1387 5809 1553 5864 Hebr.
1598 5827 1670 5878 iv,
1700 5811 1787 5867 15.

1858 4675 2158 4734 sequuntur
2196 4666 2338 4720 dicta
2390 4676 2537 4720 sunt.
2581 4666 2675 4722 llic
2702 4684 2831 4736 ergo
2864 4668 3023 4731 fetus,
3064 4669 3177 4722 sive
3230 4685 3432 4723 secun-

1855 4758 1983 4812 dum
2014 4757 2177 4819 LXX,
2207 4758 2349 4812 filius
2370 4776 2480 4813 non
2533 4762 2719 4814 eadem
2756 4761 2843 4814 die
2892 4760 2945 4812 in
2975 4776 3079 4829 qua
3130 4761 3333 4815 vitulus
3379 4771 3434 4815 et

1855 4849 1971 4902 ovis
1998 4847 2239 4903 Judaicae
2269 4848 2577 4903 festivitatis
2594 4850 2961 4903 occidebatur.
2990 4849 3192 4915 Quarta
3217 4851 3429 4904 decima

1856 4939 1999 4992 enim
2040 4939 2128 4993 die
2164 4938 2373 4995 Pascha
2428 4942 2785 5005 celebrantes,
2817 4944 2868 4993 in
2896 4942 3195 4996 crastinum
3244 4941 3431 4997 Jesuut

1856 5030 2263 5086 cruciﬁxerunt.

1929 5142 2089 5198 Vens.
2122 5144 2312 5199 29-32.
2345 5164 2361 5194 ι
2389 5144 2446 5197 Si
2477 5144 2889 5200 immolaveritis
2914 5145 3149 5200 hostiam
3177 5162 3277 5217 pro
3308 5163 3434 5217 gra-

1856 5236 2053 5290 tiarum
2084 5236 2297 5292 actione
2326 5238 2555 5291 Domino
2587 5248 2642 5291 ut
2668 5240 2836 5308 possit
2864 5254 2985 5293 esse
3014 5239 3315 5309 placabilis,
3340 5257 3434 5295 eo-

1854 5332 1979 5387 dem
2002 5333 2087 5388 die
2124 5334 2409 5389 comeditis
2446 5350 2587 5398 eam,
2617 5349 2725 5387 non
2780 5335 3086 5389 remanebit
3139 5336 3433 5405 quidquam

1857 5426 1910 5479 in
1943 5442 2100 5480 mane
2129 5427 2353 5481 alterius
2379 5427 2506 5482 diei.
2538 5427 2648 5497 Ego
2679 5429 2959 5482 Dominus.
2982 5428 3264 5483 Custodite
3286 5446 3437 5483 man-

1856 5516 1977 5569 data
2033 5532 2172 5578 mea.
2200 5526 2254 5570 et
2295 5516 2455 5570 facite.
2477 5515 2695 5586 ea.Ego
2732 5517 3014 5571 Dominus.
3054 5515 3133 5570 Nc
3177 5516 3432 5585 polluatis

1859 5624 2056 5662 nomen
2086 5618 2334 5663 sanctum
2366 5624 2547 5662 meum
2581 5618 2639 5662 ut
2665 5608 2973 5663 sanctiticer
3004 5609 3059 5661 in
3087 5608 3266 5661 medio
3295 5606 3432 5662 lilio-

1902 5812 1942 5843 ¹⁰
1968 5810 2116 5866 Eccl.
2143 5826 2202 5880 ιι,
2227 5810 2337 5867 30.
2431 5812 2471 5843 “
2502 5813 2661 5867 Prov.
2689 5828 2727 5877 r,
2760 5813 2812 5867 8.
2929 5814 2969 5844 ¹³
3024 5815 3037 5867 Ι
3070 5813 3195 5869 Cor.
3224 5831 3300 5882 iv,
3342 5815 3432 5871 lii.
