4032 6410
656 412 793 477 1079

1834 408 2197 479 HESYCHII
2244 420 2713 484 PRESBYTERI

3732 435 3833 499 1080

651 541 776 581 rum
794 525 1097 599 Israel.Ego
1117 525 1377 580 Dominus
1397 525 1793 595 quisanctilico
1811 527 2143 582 voseteduxi
2163 529 2230 583 de
2264 541 2302 593 Α
2333 547 2468 586 usus
2523 542 2628 598 est,
2676 533 2981 604 planiorem
3050 535 3171 604 ejus
3233 535 3472 592 efﬁciens
3533 539 3836 604 intellectum.

655 630 799 674 terra
814 618 1029 691 Egypti
1046 628 1103 673 ut
1119 635 1293 674 essem
1309 618 1463 672 vobis
1490 619 1540 672 in
1574 618 1761 675 Deum.
1779 619 1890 689 Ego
1907 621 2183 675 Dominus.
2201 639 2220 672 ι

724 707 879 764 Sicut
907 708 1333 764 satisfactionem
1351 724 1460 762 non
1492 707 1658 762 habet
1712 709 1753 761 si
1786 709 1910 778 quis
1929 710 2225 766 inchoante

647 798 802 854 Novo
826 798 1199 865 Testamento,
1230 802 1507 856 veteribus
1559 803 1784 865 serviat,
1808 818 1839 856 e
1883 805 2224 874 tevangelica

558 964 563 968 '
651 892 1044 961 praedicatione
1106 904 1360 948 currente
1414 894 1716 948 secundum
1758 894 1993 949 litteram
2044 896 2221 961 vivat;

649 983 847 1053 injuria
868 995 951 1039 est
975 986 1121 1040 enim
1156 986 1297 1055 ejus,
1327 986 1415 1055 qui
1446 996 1675 1056 utraque
1702 988 1910 1054 sanxitf,
1950 1003 2060 1041 non
2084 996 2222 1042 tem-

650 1075 875 1144 poribus
900 1076 969 1130 ab
1008 1093 1073 1131 eo
1104 1078 1376 1132 distinctis
1401 1078 1739 1141 obediamus,
1804 1080 1884 1133 sic
1941 1081 2063 1134 sine
2118 1082 2223 1134 ulla
2308 1088 2313 1091 '

650 1168 808 1221 venia
843 1178 927 1222 est
956 1178 1147 1237 putare
1172 1172 1505 1238 quempiam,
1538 1169 1622 1223 vel
1678 1170 1904 1224 omnino
1959 1171 2222 1241 cogitare,

650 1258 775 1327 quia
817 1259 873 1313 in
904 1259 1089 1314 futuro
1116 1270 1361 1329 tempore
1405 1263 1743 1331 operandam
1775 1263 1983 1332 aliquid
2009 1280 2221 1327 eorum,

650 1365 771 1419 quae
792 1367 939 1405 nunc
962 1353 1118 1407 nobis
1148 1354 1213 1408 ad
1245 1355 1582 1424 Operandum
1620 1364 1891 1424 praecepta
1931 1366 2226 1419 sunt,con-

649 1450 919 1495 servatur.
953 1441 1013 1495 Si
1044 1460 1165 1513 ergo
1193 1445 1545 1497 immolaveris
1566 1445 1791 1497 hostiam
1808 1461 1903 1514 pro
1924 1447 2224 1514 gratiarum

650 1534 854 1589 actione
894 1535 1140 1589 Domino.
1198 1536 1580 1607 Erangelicam
1641 1539 1690 1592 ei
1746 1540 2221 1593 conservationem

648 1628 998 1696 promittens,
1023 1630 1139 1683 haec
1161 1640 1244 1684 est
1270 1631 1414 1684 enim
1444 1631 1739 1701 gratiarum
1770 1632 2003 1686 actionis
2045 1633 2222 1687 hostia

648 1720 902 1783 Domino,
944 1721 1069 1790 quia
1101 1738 1440 1792 quaecunque
1467 1724 1533 1777 ad
1582 1724 1796 1778 laudem
1848 1724 1966 1792 ejus
1993 1734 2047 1778 et
2104 1726 2223 1795 glo-

651 1811 783 1866 riam
806 1813 1105 1881 pertinent,
1137 1814 1366 1884 peragit.
1404 1813 1565 1879 Quod
1592 1814 1931 1868 demonstrat
1961 1815 2223 1870 Dominus

2334 623 2551 695 AEgypti
2611 627 2759 680 enim
2813 626 3019 680 exitum
3074 642 3185 680 non
3226 627 3428 681 frustra
3462 646 3762 690 memoratus
3802 652 3843 696 et

2331 715 2465 771 illud
2487 718 2889 785 demonstrans,
2913 718 3039 789 quia
3074 721 3531 789 quemadmodum
3559 724 3641 793 qui
3681 733 3843 799 egressi

2331 820 2461 864 sunt
2494 810 2563 866 de
2615 812 2870 883 Egypto,
2901 828 3011 868 non
3041 814 3155 884 jam
3206 828 3270 868 ea
3309 830 3432 883 quae
3477 815 3694 887 Aigyptii
3745 838 3843 891 age-

2332 904 2481 969 bant,
2514 905 2592 959 sic
2613 915 2668 959 et
2696 907 2915 975 quando
2943 922 3044 961 nos
3070 907 3215 962 Deus
3248 908 3396 977 ejicit
3415 910 3482 963 de
3506 915 3841 978 praesentivita.

2330 1002 2569 1070 nonjam
2598 1016 2761 1072 agere
2790 1018 2852 1056 ea
2876 1018 2998 1072 qua:
3060 1004 3113 1057 in
3146 1021 3207 1058 ea
3260 1015 3390 1058 sunt
3446 1021 3733 1074 possumus.
3776 1013 3846 1067 Est

2330 1092 2475 1146 enim
2506 1093 2772 1165 Egyptus
2800 1094 3181 1166 intelligibilis.
3215 1111 3460 1166 praesens
3490 1100 3723 1164 mundus,
3751 1106 3845 1173 quia

2330 1182 2595 1254 Egyptus
2624 1186 3041 1240 contenebratio
3079 1187 3494 1256 interpretatur.
3527 1187 3847 1245 Tenebrisau-

2332 1284 2463 1341 tem,
2495 1287 2548 1331 et
2580 1279 2881 1342 secundum
2916 1279 3061 1348 quod
3080 1279 3315 1332 diximus
3356 1279 3572 1343 nebula,
3630 1281 3701 1333 vel
3751 1285 3849 1338 cali-

2331 1368 2479 1437 gine,
2504 1370 2793 1437 przesentia
2826 1376 2953 1423 sunt
2988 1370 3214 1439 repleta,
3248 1371 3301 1423 in
3334 1380 3545 1424 tantum
3576 1380 3633 1424 ut
3658 1371 3851 1431 Joannes

2330 1460 2398 1513 de
2438 1458 2667 1515 Domino
2706 1461 2913 1515 diceret
2947 1478 2959 1513 :
2997 1460 3115 1515 Lua:
3143 1463 3198 1515 in
3227 1464 3452 1516 tenebris
3488 1464 3638 1541 lucet,
3672 1477 3715 1519 et
3742 1478 3848 1522 tene-

2331 1552 2439 1604 brae
2468 1568 2582 1603 eam
2624 1568 2725 1604 non
2762 1553 3265 1622 comprehenderunt
3285 1553 3349 1606 ¹⁷.
3385 1552 3611 1623 Propter
3641 1558 3848 1624 quodnos

2331 1643 2593 1698 Dominus
2617 1643 2761 1698 Deus
2787 1646 3043 1699 videlicet
3086 1661 3149 1699 ex
3176 1645 3501 1716 intelligibili
3535 1645 3746 1717 Egypto
3778 1650 3848 1705 hac

2329 1735 2533 1799 educit,
2555 1744 2614 1789 ut
2650 1736 2722 1789 sit
2752 1747 2941 1789 noster
2976 1736 3140 1799 Deus,
3183 1752 3293 1790 non
3342 1735 3471 1806 quia
3506 1753 3647 1792 nunc
3662 1754 3756 1792 non
3772 1752 3847 1803 est,

2330 1826 2422 1879 sed
2456 1827 2581 1895 quia
2603 1843 2709 1880 non
2737 1843 2929 1881 omnes
2961 1844 3084 1883 eum
3109 1830 3458 1892 confitemur,
3494 1844 3665 1899 neque
3691 1846 3849 1900 cogno-

650 1904 929 1974 apostolis,
963 1904 1153 1959 dicens
1180 1905 1411 1959 :Luceat
1464 1906 1555 1960 tua:
1588 1916 1759 1959 vestra
1795 1909 2227 1961 coram/zomini-
2260 1923 2300 1977 Β
2331 1921 2556 1972 scimus,
2615 1919 2769 1973 Tunc
2828 1930 3008 1974 autem
3066 1920 3476 1988 conﬁtebimur,
3529 1932 3654 1976 tunc
3703 1938 3849 1979 οιιιηρς

650 1996 764 2059 bus,
800 2005 859 2049 ut
884 1996 1097 2051 videant
1125 1996 1259 2049 bona
1289 2007 1459 2050 vestra
1486 2015 1665 2068 opera,
1696 2008 1743 2053 et
1775 2000 2065 2069 gloriﬁcent
2110 2000 2223 2053 Pa-

652 2094 784 2138 trem
806 2094 1035 2139 vestrum
1060 2087 1150 2155 qui
1182 2089 1239 2140 in
1265 2088 1405 2141 cazlis
1428 2098 1499 2141 est
1530 2090 1594 2143 ι’.
1629 2090 1943 2145 lmmolatur
1975 2091 2223 2156 Domino,

654 2184 713 2229 ut
729 2176 899 2244 possit
925 2191 1048 2231 esse
1089 2177 1390 2245 placabilis,
1413 2179 1557 2247 quod
1587 2179 1731 2233 LXX
1758 2180 2048 2234 ediderunt
2075 2198 2088 2233 :
2122 2181 2226 2233 Ac-

651 2276 800 2335 cepta
837 2268 976 2321 vobis
998 2268 1361 2332 immolabitis,
1393 2271 1443 2323 id
1466 2282 1569 2335 est,
1607 2272 1671 2324 ad
1707 2273 2113 2341 suscipiendum
2146 2273 2221 2326 di-

652 2376 756 2430 gne
778 2360 1089 2430 praedictam
1127 2364 1597 2417 conversationem
1655 2380 1902 2434 agamus,
1933 2366 2230 2433 perlicien-

654 2463 737 2507 tes
756 2466 899 2514 eam,
932 2462 989 2507 et
1016 2468 1127 2506 non
1190 2453 1532 2509 imminutam
1572 2456 1965 2525 relinquentes,
2006 2464 2230 2527 prapter

652 2545 802 2616 quod
821 2555 875 2600 et
896 2546 1135 2601 subdidit
1156 2564 1170 2600 :

662 2620 665 2625 ί
726 2636 928 2691 Eodem
950 2638 1033 2691 die
1060 2639 1340 2693 comedetis
1370 2657 1451 2703 ea,
1481 2650 1583 2692 non
1625 2642 1912 2694 remanebit
1938 2643 2230 2712 quidquam

657 2728 711 2782 in
742 2745 902 2783 mane
928 2728 1147 2784 alterius
1181 2730 1304 2787 diei.
1357 2731 1413 2785 In
1438 2741 1684 2800 tempore
1714 2733 1861 2787 enim
1889 2734 2014 2795 hoc,
2046 2734 2099 2787 in
2124 2751 2233 2803 quo

655 2819 761 2875 hoc
782 2820 929 2891 quod
961 2821 1168 2876 dictum
1198 2831 1303 2886 est,
1350 2822 1673 2877 sacriﬁcium
1697 2824 2097 2893 promittimus,
2134 2840 2231 2879 co-

657 2911 876 2966 medere
908 2912 1061 2975 illud,
1093 2913 1148 2967 id
1175 2922 1259 2968 est
1278 2915 1491 2983 Operari
1539 2922 1595 2967 et
1629 2916 1905 2984 complere
1946 2916 2230 2971 debemus.

655 3000 801 3057 Nihil
840 3010 1022 3055 autem
1069 3002 1138 3057 de
1176 3002 1256 3057 eis
1282 3004 1337 3056 in
1369 3018 1529 3058 mane
1559 3005 1893 3073 relinquere,
1924 3015 1985 3060 ut
2030 3007 2234 3076 aliquid

659 3104 941 3148 remaneat
967 3094 1317 3164 reliquiarum
1344 3106 1547 3151 nostrae
1598 3098 2037 3151 conversationis
2059 3099 2234 3153 incor-

657 3195 893 3249 rectum,
924 3201 1105 3255 neque
1130 3187 1576 3257 inconsumptum
1606 3188 1673 3242 de
1719 3188 2035 3254 virtutibus,
2058 3200 2114 3245 et
2152 3192 2233 3243 in-

2326 2011 2702 2079 subjiciemur,
2724 2012 2864 2065 Tunc
2883 2012 3138 2081 eritgbeus
3158 2013 3337 2067 omnia
3364 2014 3421 2066 in
3442 2012 3849 2083 omnibus,quem-

2327 2103 2619 2159 admodum
2652 2105 2853 2159 Paulus
2875 2105 3092 2175 scripsit
3117 2100 3178 2152 “'.

2889 2239 3117 2295 CAPUT
3155 2239 3347 2295 XXIII.

2403 2356 2568 2410 Vens.
2605 2357 2725 2411 1-5.
2775 2374 2795 2408 r
2824 2356 3065 2412 Locutus
3093 2365 3179 2411 est
3220 2357 3487 2412 Dominus
3532 2356 3596 2410 ad
3643 2356 3837 2425 Moysen.

2331 2447 2562 2503 dicens:
2590 2447 2843 2518 Loquere
2884 2449 3010 2504 tiliis
3049 2447 3239 2512 Israel.
3265 2459 3324 2503 et
3357 2449 3511 2504 dices
3540 2450 3605 2503 ad
3641 2464 3758 2503 eos:
3783 2447 3841 2503 lla:

2333 2550 2462 2596 sunt
2492 2540 2645 2596 feriae
2670 2542 2911 2605 Domini,
2935 2557 3074 2612 quas
3093 2542 3364 2597 vocabitis
3382 2551 3618 2596 sanctas.
3650 2540 3742 2595 Sex
3759 2542 3844 2595 die-

2331 2631 2434 2687 bus
2450 2631 2661 2687 l'acietis
2691 2649 2829 2703 opus
2856 2650 2868 2686 :
2898 2634 3014 2689 dies
3068 2638 3358 2703 septimus,
3379 2633 3505 2703 quia
3540 2633 3739 2688 Sabbati
3785 2648 3845 2686 re-

2333 2727 2488 2795 quies
2516 2733 2618 2788 est,
2652 2725 2941 2780 vocabitur
2980 2735 3223 2789 sanctus,
3258 2742 3427 2780 omne
3483 2742 3618 2796 opus
3668 2742 3759 2780 non
3793 2726 3848 2779 la-

2335 2818 2492 2872 cietis
2535 2820 2588 2871 in
2608 2832 2694 2872 eo.
2737 2816 3041 2871 Sabbatum
3064 2815 3281 2871 Domini
3318 2827 3405 2872 est
3434 2818 3489 2871 in
3516 2818 3712 2872 cunctis
3736 2815 3847 2871 babi-

2336 2908 2636 2965 tationibus
2667 2908 2885 2963 vestris.
2898 2926 2917 2959 ι

2408 3000 2468 3056 Si
2517 2999 2791 3054 subtiliter
2812 2999 3063 3055 attendas
3118 2999 3238 3054 brae
3266 3015 3392 3070 quae
3453 3000 3594 3054 dicta
3648 3010 3761 3053 sunt
3809 2997 3847 3051 in

2336 3089 2706 3163 praesentibus
2735 3091 3066 3161 legislatoris
3107 3094 3312 3158 verbis,
3366 3093 3609 3147 invenies
3640 3108 3748 3147 eum
3771 3108 3847 3146 non

2340 3183 2515 3238 solum
2570 3181 3021 3251 contemplationi
3084 3183 3240 3253 legis,
3268 3184 3367 3236 sed
3398 3193 3455 3237 et
3490 3184 3543 3237 in
3567 3183 3725 3236 littera
3769 3183 3848 3250 ipsa

658 3291 945 3348 operatum
966 3280 1017 3333 in
1045 3279 1230 3334 futuro
1248 3282 1447 3335 saeculo
1462 3283 1855 3347 custodiamus,
1886 3284 2227 3353 quandojam
2259 3263 2301 3321 ο
2341 3274 2702 3329 intentionem
2721 3274 2948 3344 spiritus
2981 3276 3427 3345 interponentem
3466 3292 3480 3328 :
3513 3275 3689 3328 dicens
3711 3274 3846 3327 enim:

658 3386 770 3426 non
794 3379 879 3425 est
909 3372 1119 3426 licitum
1154 3374 1390 3441 Operari.
1444 3373 1599 3439 Quod
1632 3385 1783 3431 recte
1815 3392 1977 3431 mane
2007 3377 2229 3442 dicitur,

664 3463 714 3517 id
737 3473 843 3527 est,
896 3463 1023 3533 quia
1063 3479 1171 3518 nox
1205 3480 1448 3534 praesens
1487 3466 1595 3520 vita
1618 3478 1839 3536 propter
1864 3483 1984 3522 eam
2008 3485 2128 3538 quae
2176 3469 2232 3522 in

662 3570 725 3609 ea
758 3570 907 3611 nunc
928 3566 1015 3610 est
1046 3556 1243 3611 nebula
1271 3558 1610 3612 nominatur.
1670 3557 1784 3628 Ego
1810 3559 2087 3626 Dominus,
2139 3577 2232 3613 cu-

660 3648 849 3702 stodite
871 3650 1126 3701 mandata
1149 3666 1264 3703 mea
1291 3658 1338 3701 et
1356 3650 1513 3719 facile
1534 3666 1595 3702 ea
1610 3690 1622 3704 .

735 3734 846 3805 Ego
879 3736 1159 3802 Dominus,
1185 3739 1277 3808 qui
1316 3740 1405 3794 hic
1433 3741 1649 3809 quidem
1703 3742 1873 3812 legem
1938 3747 2235 3816 constituo,

665 3828 735 3883 ibi
768 3837 950 3883 autem
979 3830 1189 3900 judico,
1208 3832 1301 3901 qui
1328 3834 1687 3904 intelligibilia
1719 3837 1919 3890 talenta
1950 3840 2088 3894 meis
2119 3857 2238 3895 ser-

663 3921 750 3976 vis
781 3922 936 3975 "‘in
968 3926 1222 3992 przesenti
1275 3926 1474 3979 sreculo
1513 3927 1576 3980 ad
1606 3931 1941 3997 operandutn
1982 3932 2127 3992 dedi.
2183 3937 2237 3988 in

668 4013 912 4066 futurum
938 4016 1177 4068 rationes
1204 4032 1325 4069 cum
1354 4017 1434 4070 eis
1460 4033 1627 4086 pono,
1657 4031 1712 4074 et
1756 4023 2081 4078 talentorum
2106 4042 2239 4095 ope-

667 4102 933 4167 rationem
963 4105 1142 4174 exigo.

743 4195 855 4266 Ego
892 4196 1189 4252 Dominus:
1215 4215 1278 4251 ne
1301 4200 1549 4268 polluatis
1572 4218 1756 4257 nomen
1779 4222 1946 4258 meum
1976 4216 2239 4260 sanctum.

670 4287 907 4343 Pollutio
940 4290 1085 4344 enim
1133 4300 1218 4344 est
1258 4290 1555 4357 Creatoris,
1587 4302 1641 4347 et
1673 4294 2031 4364 blasphemia,
2092 4299 2133 4351 si
2186 4299 2240 4352 in

671 4381 861 4434 eodem
892 4396 991 4435 nos
1019 4380 1236 4445 ordine,
1264 4383 1351 4435 vel
1375 4395 1521 4444 actu,
1578 4401 1685 4454 quo
1707 4401 1852 4440 nunc
1902 4404 2094 4442 Sllllllls
2156 4407 2242 4442 re-

673 4472 923 4526 suscitet.
959 4474 1099 4538 Quid
1126 4474 1273 4527 enim
1300 4487 1596 4531 commutat
1637 4479 1899 4532 mundum
1934 4482 2098 4546 hunc,
2119 4484 2162 4536 si
2188 4483 2239 4535 in

670 4565 875 4619 cisdetn
905 4566 1185 4619 doloribus
1219 4576 1277 4621 et
1304 4568 1579 4621 laboribus
1607 4571 1853 4623 erimus?

748 4655 813 4707 Ut
836 4658 1137 4724 sancti/iter
1158 4658 1211 4709 in
1250 4660 1418 4710 medio
1441 4659 1669 4726 ﬁliorum
1706 4661 1893 4716 Israel.
1934 4664 2049 4716 Non
2084 4666 2239 4729 dixit,

671 4747 1004 4808 sanctilicor,
1067 4748 1162 4802 sed
1253 4746 1583 4815 Sancti/iter,
1654 4748 1893 4805 futurum
1950 4757 2247 4810 ostendens

676 4852 912 4907 tempus,
948 4840 1005 4891 in
1045 4838 1231 4907 quoin
1272 4840 1454 4891 medio
1482 4840 1721 4895 virorum
1781 4842 2014 4899 filiorum
2079 4846 2244 4902 Israel

675 4929 1067 4983 sanctificatur.
1098 4929 1218 4983 Non
1245 4930 1390 4983 enim
1433 4946 1623 4986 omnes
1676 4933 1767 5003 qui
1834 4952 1900 4989 ex
1954 4936 2139 5005 Israel,
2191 4941 2245 4994 hi

676 5031 806 5075 sunt
840 5022 1027 5088 Israel,
1058 5023 1153 5077 sed
1187 5024 1505 5092 quicunque
1540 5025 1700 5079 Israel
1731 5029 2111 5098 cognationem
2154 5049 2244 5087 so-

676 5113 874 5166 cietate
895 5114 1158 5168 virtutum
1192 5115 1315 5183 ejus
1342 5125 1582 5178 servant,
1633 5117 1734 5182 Qui
1757 5136 1964 5188 pacem,
2001 5123 2146 5177 sicut
2168 5126 2245 5179 ait

681 5204 897 5270 Paulus,
930 5214 977 5258 et
1007 5208 1414 5261 sanctimoniam
1436 5208 1757 5269 custodiunt,
1795 5211 1907 5263 sine
1945 5229 2049 5280 qua
2097 5231 2245 5267 nemo

679 5297 866 5350 ridebit
921 5296 1287 5362 Deum".Qiii
1310 5307 1495 5352 autem
1559 5300 1895 5364 custodiunt,
1960 5304 2244 5372 videbunt,

680 5390 1065 5459 propterquod
1088 5389 1163 5441 ait
1188 5407 1199 5441 :
1229 5388 1542 5457 Sanctiﬁcer
1600 5392 1655 5442 in
1694 5393 1865 5445 medio
1903 5410 2103 5449 eorum.
2134 5397 2244 5467 Ego

684 5482 937 5537 Dominus
962 5484 1050 5552 qui
1089 5484 1355 5550 sanctiﬁco
1378 5498 1487 5548 vos,
1517 5493 1565 5536 et
1584 5485 1739 5537 eduxi
1762 5486 1825 5537 de
1847 5500 1987 5538 terra
2008 5487 2250 5559 .IEgypti,

684 5586 739 5629 ut
772 5592 935 5631 essem
974 5576 1113 5629 vobis
1150 5577 1205 5628 in
1238 5575 1423 5631 Deum.
1484 5576 1589 5631 Sed
1619 5579 1837 5633 etbono
1860 5579 1965 5632 ﬁne
2003 5583 2071 5636 ad
2131 5599 2244 5637 rem

756 5781 797 5809 ”
831 5778 1019 5832 Matth.
1068 5799 1117 5844 γ,
1177 5778 1259 5835 I6.

686 5875 727 5906 ν’
754 5873 918 5933 Hebr.
944 5891 1016 5941 tv,
1053 5878 1103 5932 I.

1392 5783 1671 5838 "‘Mattb.
1732 5797 1883 5847 xviii,
1941 5781 2013 5838 ‘25
2076 5800 2190 5855 seq.

2334 3369 2450 3424 Illa:
2477 3380 2601 3424 sunt
2632 3372 2777 3441 feria:
2834 3370 3046 3423 Domini
3068 3385 3199 3439 quas
3232 3369 3484 3422 vocabitis
3532 3379 3738 3421 sanctas.
3785 3365 3849 3417 lle

2333 3472 2455 3516 sunt
2485 3465 2792 3535 festivitates
2826 3479 2956 3518 mea:
2985 3480 3002 3517 :
3032 3479 3156 3518 mox
3198 3462 3447 3517 subdidit
3494 3477 3508 3513 :
3580 3459 3674 3515 Sex
3718 3459 3849 3512 diebus

2337 3558 2542 3627 facietis
2574 3573 2726 3627 opus.

2408 3646 2636 3719 Oportet
2663 3649 2883 3719 quidem
2916 3646 3023 3702 hoc
3074 3657 3275 3708 tacere,
3335 3645 3522 3701 dicere
3570 3652 3727 3698 autem
3759 3655 3843 3710 qua

2338 3751 2647 3811 sequuntur
2679 3760 2694 3797 :
2723 3742 2843 3795 Die's
2864 3742 3136 3809 septimus,
3178 3741 3305 3810 quia
3346 3738 3567 3793 Sabbati
3590 3737 3830 3806 requiescit.

2339 3834 2608 3888 vocabitur
2626 3844 2860 3888 sanctus.
2895 3834 3000 3888 Sed
3033 3834 3183 3889 feriis
3210 3843 3568 3896 conuectens,
3600 3830 3692 3885 Ser
3709 3828 3827 3882 dicit:

2345 3928 2555 3997 facietis
2584 3944 2733 3995 opus.
2765 3927 3004 3981 ostendit
3024 3928 3150 3996 quia
3188 3927 3380 3995 primae
3419 3924 3585 3987 ierim,
3611 3924 3707 3976 sive
3726 3917 3830 3973 lesu-

2344 4020 2483 4074 vitas
2514 4020 2657 4088 apud
2680 4019 2852 4089 legem
2884 4019 3102 4088 operari
3137 4029 3239 4081 est,
3271 4016 3488 4085 operari
3518 4021 3679 4068 autem
3720 4010 3839 4069 bona.

2344 4119 2628 4179 propterea
2660 4111 2807 4163 enim
2838 4111 2915 4163 ait
2948 4127 2961 4163 :
3005 4108 3107 4163 Sex
3154 4111 3336 4162 diebus
3369 4108 3573 4179 facietis
3590 4120 3705 4174 opus.

2415 4202 2554 4267 Quia
2588 4202 2770 4255 omnia
2792 4201 2951 4255 valde
2975 4209 3105 4255 sunt
3124 4200 3283 4263 bona,
3320 4212 3645 4269 quaecunque
3667 4194 3782 4247 Deus
3800 4191 3842 4243 in

2346 4310 2441 4350 sex
2488 4295 2683 4349 diebus
2732 4294 3037 4348 constituit.
3094 4292 3349 4347 Secunda
3401 4302 3578 4346 autem
3622 4285 3842 4345 leStivitas.

2346 4386 2786 4457 praecedentibus
2825 4386 2909 4438 bis
2930 4385 3210 4453 Operibus,
3260 4385 3509 4453 septimm
3533 4382 3628 4436 diei
3681 4375 3844 4444 requies

2346 4490 2430 4534 est
2498 4497 2509 4531 :
2557 4494 2716 4547 quam
2764 4478 3109 4530 festivitatem
3160 4492 3327 4529 nemo
3358 4476 3644 4535 celebrare,
3670 4469 3745 4537 qui
3767 4479 3844 4518 non

2273 4603 2316 4657 Β
2345 4583 2602 4643 operatus
2665 4580 2749 4625 est
2801 4572 2938 4624 bona
2997 4587 3160 4640 opera
3221 4581 3277 4625 ct
3327 4571 3487 4641 digna
3518 4569 3632 4629 Deo,
3679 4560 3846 4634 poterit.

2352 4663 2483 4717 Nam
2510 4678 2611 4715 nec
2640 4664 2863 4726 frustra,
2901 4661 3042 4714 Deus
3079 4661 3281 4731 quippe
3310 4670 3429 4713 erat
3448 4658 3538 4727 qui
3569 4653 3847 4723 loquebatur,

2350 4757 2441 4825 qui
2483 4755 2618 4808 nihil
2648 4755 2849 4808 frustra
2878 4755 3137 4823 loquitur,
3162 4754 3314 4823 prius
3365 4753 3440 4805 ait
3462 4768 3474 4803 :
3496 4750 3593 4803 Sex
3621 4747 3770 4801 diebus
3788 4742 3847 4809 fa-

2348 4849 2493 4902 cietis
2520 4862 2669 4915 opus,
2695 4857 2750 4900 et
2772 4854 2896 4916 post
2924 4847 3028 4899 hoc
3057 4862 3069 4898 :

2427 4941 2546 4994 Dies
2574 4940 2845 5009 septimus,
2873 4941 2963 5010 qui
3008 4938 3228 4994 Sabbati
3274 4940 3475 5009 requies
3503 4945 3594 4999 est,
3638 4929 3848 4987 vocabit"

2350 5044 2585 5088 sanctus.
2625 5034 2732 5088 Sed
2756 5034 2822 5087 ad
2856 5034 3248 5096 ostensionem,
3282 5043 3341 5086 ut
3372 5033 3414 5086 si
3466 5030 3581 5100 quis
3619 5025 3677 5079 ad
3715 5023 3846 5075 imita-

2354 5128 2559 5181 tionem
2620 5126 2712 5179 Dei
2790 5126 2930 5179 bona
2980 5124 3090 5195 agit
3125 5134 3181 5177 et
3209 5123 3572 5193 consequitur,
3599 5119 3690 5171 hoc
3712 5120 3777 5166 est
3805 5107 3845 5161 in

2352 5231 2447 5270 sex
2473 5216 2662 5270 diebus
2687 5215 2900 5285 operari
2937 5232 2950 5267 :
2979 5215 3066 5269 liic
3099 5214 3420 5285 intelligibili
3454 5206 3721 5281 requiescit
3747 5199 3844 5254 Salt-

2351 5309 2499 5374 bato,
2533 5309 2602 5362 de
2631 5325 2740 5376 quo
2770 5308 2974 5362 Paulus
2991 5308 3245 5363 dicebat:
3288 5307 3592 5365 Timeamus,
3653 5314 3706 5351 ne
3748 5296 3845 5363 forte

2352 5401 2534 5454 relicta
2551 5400 2930 5468 pollicitatione
2974 5402 3270 5455 introeundi
3305 5401 3359 5453 in
3383 5398 3597 5466 requiem
3623 5390 3772 5461 ipsius,
3789 5384 3843 5435 ri-

2361 5494 2555 5547 deatur
2578 5509 2642 5547 επ
2666 5494 2811 5547 nobis
2837 5494 3030 5567 aliquis
3063 5495 3237 5549 deesse
3267 5495 3333 5547 ⁸⁸.
3392 5492 3546 5547 Caret
3569 5485 3693 5541 enim
3736 5488 3843 5532 nunc

2356 5586 2447 5641 illa
2479 5586 2687 5655 requie,
2715 5587 2807 5656 qui
2836 5602 2947 5641 non
2978 5598 3255 5657 operatur.
3317 5586 3443 5654 Quae
3470 5593 3521 5638 et
3542 5586 3704 5636 vocata
3746 5582 3840 5625 san-

3394 5784 3435 5816 “
3462 5783 3479 5836 Ι
3506 5779 3617 5835 Cor.
3660 5785 3732 5833 xv,
3770 5758 3833 5817 33-

2300 5782 2525 5842 “Hebr.
2574 5802 2649 5854 ιι,
2688 5787 2769 5843 Η.
2861 5788 2902 5820 ¹⁷
2936 5785 3093 5841 Joan.
3147 5802 3184 5852 t,
