4032 6462
148 426 360 497 1081

142 546 297 595 ela
340 542 561 608 dicitur,
585 543 711 613 quia
735 545 965 607 vocatis.
1027 546 1095 601 de
1146 546 1347 617 quibus
1410 547 1613 603 Paulus
1656 549 1733 605 ait
1786 566 1801 602 :

139 630 431 691 Scimus
453 639 577 707 quia
612 639 914 693 timentibus
933 638 1102 694 Deum
1138 642 1317 694 omnia
1339 650 1691 711 cooperantur
1746 643 1801 695 in

140 725 431 783 bonum.
458 731 537 783 his
561 732 652 801 qui
674 732 956 785 secundum
991 733 1319 801 propositum
1358 735 1529 787 vocati
1568 743 1687 788 sunt
1710 735 1756 766 ’°
1783 752 1797 789 :

142 817 562 892 intelligibile
590 824 911 892 deputatum
948 835 1029 879 est
1064 823 1387 891 Sabbatum,
1423 825 1511 880 his
1532 828 1624 897 qui
1669 842 1799 881 san-

138 910 536 966 ctimoniam
584 925 1022 983 consequuntur,
1048 917 1162 969 sine
1227 932 1333 986 qua
1403 933 1554 970 nemo
1606 918 1801 971 videbit

151 999 389 1056 Deum
413 1005 479 1060 ".
503 1004 658 1059 Tunc
684 1021 847 1060 omne
902 1020 1039 1075 opus
1066 1021 1176 1059 non
1244 1006 1506 1061 faciemus
1535 1024 1550 1071 ;
1586 1016 1801 1078 tempus

153 1093 366 1147 enim
401 1105 612 1149 nonest
642 1095 696 1148 in
726 1096 816 1148 illo
852 1096 1054 1150 smculo
1088 1097 1372 1165 operandi.
1405 1098 1634 1167 Pmpter
1653 1098 1800 1167 quod

155 1192 242 1237 et.
281 1186 578 1240 subdidit:
604 1185 897 1240 Sabbatum
930 1187 1142 1241 Domini
1169 1196 1244 1241 est
1276 1188 1331 1241 in
1357 1189 1554 1241 cunctis
1585 1189 1797 1242 habita-

158 1276 448 1334 tionibus
474 1280 1001 1334 oestris.Sabbatum
1052 1280 1265 1334 Domini
1329 1295 1556 1341 vocans,
1613 1280 1666 1335 id
1718 1289 1803 1335 est

160 1372 512 1442 requiem:
560 1371 858 1427 Sabbatum
918 1371 1064 1427 enim
1110 1372 1327 1441 requies
1381 1373 1799 1444 interpretatur,

166 1478 338 1533 qua:
378 1465 433 1518 in
467 1474 715 1534 tempore
747 1474 851 1528 est,
910 1479 1019 1533 quo
1063 1466 1325 1534 populum
1372 1481 1533 1519 suum
1581 1481 1611 1519 a
1661 1481 1802 1536 prat-

172 1556 475 1611 sentibus
532 1556 815 1610 laboribus
888 1566 942 1610 et
1002 1557 1386 1611 vexationibus
1445 1558 1800 1627 requiescere

174 1647 370 1708 facit.
403 1647 469 1703 de
491 1663 599 1717 quo
623 1646 702 1701 sic
732 1647 933 1702 Paulus
964 1646 1131 1702 dicit:
1163 1647 1303 1717 Ergo
1326 1647 1642 1719 relinquitur
1665 1646 1803 1702 Sab-

180 1738 481 1794 batismus
513 1739 707 1808 populo
734 1739 829 1792 Dei
853 1740 920 1792 “.
948 1738 1051 1804 Qui
1081 1738 1229 1793 enim
1281 1739 1563 1810 ingressus
1606 1747 1690 1792 est
1745 1739 1800 1792 in

184 1833 470 1902 requiem
501 1833 623 1901 ejus
640 1832 801 1887 etiam
836 1832 950 1901 ipse
979 1831 1250 1901 requievit
1289 1833 1356 1886 ab
1374 1832 1631 1902 operibus
1660 1832 1797 1897 suis,

188 1921 366 1976 sicut
396 1927 453 1974 et
480 1934 511 1974 a
545 1919 678 1982 suis,
707 1920 869 1973 Deus.
899 1918 1180 1987 Adjiciens
1207 1928 1389 1973 autem
1420 1919 1582 1973 nimis
1613 1919 1804 1973 subse-

196 2022 463 2082 quenter
494 2030 507 2065 :
541 2011 607 2066 In
629 2013 829 2064 cunctis
850 2010 1264 2064 habitationibus
1315 2012 1519 2064 vestris.
1552 2011 1809 2079 Utetper

199 2104 327 2160 hoc
357 2103 700 2160 satisfaceret
717 2104 787 2159 de
817 2104 1020 2158 saeculo
1064 2104 1250 2158 futuro
1281 2120 1339 2158 se
1371 2104 1539 2174 loqui.
1562 2104 1807 2158 Praesens

205 2197 371 2252 enim
403 2197 639 2252 mundus
690 2198 1056 2267 peregrinatio
1073 2206 1176 2261 est,
1214 2196 1478 2251 habitatio
1505 2206 1590 2251 est
1621 2206 1805 2250 autem

213 2303 349 2359 qua:
376 2288 642 2358 sequitur.
669 2288 844 2343 Nemo
869 2289 1018 2343 enim
1050 2288 1119 2343 de
1153 2288 1260 2342 illis
1316 2288 1807 2342 mansionibusseu

224 2382 659 2437 habitationibus
683 2382 902 2452 migrat,
939 2397 1077 2450 quas
1102 2381 1273 2435 semel
1319 2381 1495 2435 sortiti
1517 2379 1803 2433 fuerimus.

235 2474 374 2541 Quia
401 2485 571 2530 autem
598 2474 898 2530 Sabbatum
926 2474 1147 2544 requies
1168 2474 1586 2544 interpretatur,
1624 2471 1807 2525 mani-

243 2568 405 2625 festat
460 2570 782 2638 reliquorum
836 2569 1200 2637 interpretum
1251 2566 1438 2621 editio.
1501 2564 1607 2619 Pro
1633 2564 1803 2631 enim,

241 2659 458 2716 Sabbati
492 2660 732 2729 requies,
768 2658 1068 2713 Sabbatum
1110 2657 1429 2713 sabbatismi
1450 2656 1756 2710 ediderunt.

308 2753 463 2811 Vsus.
495 2754 603 2809 4-7.
643 2774 661 2806 ι
698 2752 792 2809 Ha:
832 2762 960 2807 sunt
992 2760 1122 2824 ergo
1145 2752 1298 2807 feriae
1330 2749 1548 2804 Domini
1572 2758 1801 2814 sancta,

222 2861 367 2917 quas
388 2846 665 2901 celebrare
697 2845 913 2900 debetis
946 2845 1284 2915 temporibus
1316 2842 1451 2907 suis,
1487 2857 1673 2895 mense
1690 2841 1806 2909 pri-

220 2954 319 2993 mo
351 2948 542 3009 quarta
586 2939 794 2993 decima
821 2937 911 2991 die
938 2936 1145 2990 mensis
1181 2935 1247 2990 ad
1288 2949 1599 3004 vesperum,
1628 2931 1808 2986 Phase

222 3029 446 3086 Domini
465 3039 565 3095 est,
602 3038 658 3085 et
694 3030 884 3100 quinta
934 3029 1148 3084 decima
1181 3028 1269 3083 die
1294 3027 1499 3082 mensis
1522 3026 1688 3097 hujus
1714 3040 1806 3080 εον

221 3123 486 3179 lemnitas
529 3138 838 3193 azymorum
903 3121 1123 3177 Domini
1173 3131 1275 3176 est.
1339 3120 1562 3191 Septem
1616 3118 1810 3173 diebus

220 3231 421 3286 azyma
439 3214 757 3269 comedetis.
784 3213 909 3268 Dies
945 3213 1157 3283 primus
1195 3213 1302 3266 erit
1333 3210 1489 3265 vobis
1509 3208 1808 3264 celeberri-

220 3323 380 3372 mus,
413 3314 761 3376 sanctusque.
792 3304 967 3361 Omne
996 3319 1135 3374 opus
1166 3302 1362 3357 servile
1391 3317 1498 3357 non
1529 3300 1737 3355 facietis
1755 3300 1810 3353 in

218 3417 322 3463 eo,
364 3401 459 3456 sed
489 3399 732 3455 offeretis
759 3398 1085 3453 sacrificium
1116 3396 1172 3449 in
1201 3395 1323 3464 igne
1355 3395 1583 3449 Domino
1600 3401 1811 3462 septem

219 3496 449 3551 diebus.
512 3493 638 3548 Dies
687 3500 875 3546 autem
925 3489 1189 3560 septimus
1244 3490 1351 3543 erit
1403 3486 1811 3549 celeberrimus.

219 3586 553 3655 nullumque
577 3598 716 3653 opus
747 3581 944 3637 servile
983 3579 1076 3635 fiet
1109 3580 1166 3634 in
1194 3594 1314 3633 eo.»

307 3680 419 3749 Age
447 3693 593 3733 nunc
616 3677 663 3732 si
685 3677 840 3740 libet,
907 3674 1127 3730 Iudaeos
1183 3672 1602 3740 interrogemus,
1653 3666 1814 3737 cujus

223 3771 321 3827 rei
349 3770 520 3841 gratia
552 3784 664 3824 non
695 3768 886 3838 quinta
918 3766 1130 3822 decima
1166 3765 1256 3820 die
1284 3763 1634 3818 festivitatem
1653 3775 1814 3831 agere

224 3864 427 3935 jussit.
450 3862 506 3916 in
532 3877 643 3932 quo
674 3860 881 3916 Pascha
923 3858 1302 3929 imaginarium
1353 3855 1536 3917 ﬁebat,
1572 3852 1667 3907 sed
1699 3868 1817 3906 me-

122 3966 133 3973 ‘
229 3956 471 4011 moriam
526 3955 749 4025 quidem
783 3953 915 4009 facit
974 3952 1114 4023 ejus,
1181 3949 1538 4005 festivitatem
1613 3955 1815 4009 tamen,

233 4048 418 4122 prima
480 4062 811 4118 azymorum,
843 4060 964 4115 qua:
1012 4052 1132 4099 erat
1181 4050 1308 4113 post
1334 4041 1503 4106 illam,
1536 4037 1818 4093 ﬁerideli-

237 4140 420 4197 niunt.
454 4138 794 4194 Manifestum
825 4146 909 4192 est
960 4145 1162 4201 autem,
1198 4134 1326 4205 quia
1356 4133 1500 4187 scire
1534 4133 1579 4186 is
1611 4130 1702 4200 qui
1737 4130 1819 4183 le-

244 4247 364 4303 gem
397 4229 613 4298 accipit,
644 4228 774 4297 quid
805 4225 1020 4280 intersit
1075 4224 1218 4279 inter
1247 4225 1473 4293 figuram
1514 4230 1569 4275 et
1623 4219 1822 4273 verita-

252 4332 360 4377 tem
375 4321 666 4383 desiderat,
692 4328 747 4373 et
783 4319 911 4389 quia
937 4319 1137 4389 figuras
1167 4317 1329 4381 scire,
1363 4315 1623 4385 quoniam
1650 4312 1822 4366 dedu-

259 4424 387 4469 cunt
412 4415 475 4471 ad
507 4414 816 4477 veritatem,
837 4411 1063 4482 dignum
1122 4421 1227 4474 est,
1259 4408 1605 4465 festivitatem
1636 4414 1822 4460 autem

254 4522 411 4577 agere
428 4515 578 4569 tunc,
604 4505 827 4575 quando
853 4503 1055 4557 veritas
1086 4516 1208 4571 quae
1236 4500 1291 4554 in
1344 4499 1529 4572 ﬁguris
1568 4497 1822 4554 contine-

250 4610 357 4663 tur,
397 4599 702 4660 advenerit,
764 4594 1083 4651 memoriam
1130 4593 1397 4662 siquidem
1428 4592 1560 4647 facit
1617 4598 1824 4660 quartae

245 4694 495 4755 decimae,
529 4692 658 4761 quia
682 4691 911 4761 ﬁguram
943 4686 1201 4741 habebat.
1242 4684 1611 4739 Festivitatem
1634 4691 1818 4736 autem

247 4802 408 4857 agere
442 4786 632 4855 quinta
664 4783 877 4838 decima
907 4780 1186 4851 praecepit.
1219 4778 1348 4847 quia
1370 4778 1426 4831 in
1452 4777 1570 4846 ipsa
1624 4790 1817 4829 verum

246 4889 336 4936 est
363 4879 587 4940 Pascha,
623 4876 691 4931 de
716 4890 824 4946 quo
850 4873 1049 4928 Paulus
1074 4871 1290 4926 dicebat
1323 4887 1335 4921 :
1362 4868 1568 4922 Pascha
1587 4875 1824 4921 nostrum

245 4972 553 5028 immolatus
592 4979 667 5025 est
701 4966 933 5023 Christus
954 4964 1024 5018 “.
1056 4962 1165 5018 Sed
1217 4963 1367 5032 ipsos
1402 4960 1511 5030 jam
1542 4974 1825 5014 sermones

250 5064 628 5122 discutiamus.

324 5154 420 5211 Ha:
437 5165 555 5209 sunt
577 5153 721 5224 feria:
748 5150 955 5203 Domini
985 5156 1178 5201 sancta:
1199 5162 1330 5217 quas
1356 5143 1616 5199 celebrare
1636 5142 1828 5197 debetis

256 5248 566 5319 temporibus
580 5247 705 5301 suis.
732 5244 913 5310 Quare
933 5258 1042 5297 non
1062 5241 1217 5305 dixit,
1237 5239 1411 5295 Feriaa
1433 5237 1687 5303 Domino,
1708 5236 1826 5299 sed,

258 5344 433 5401 Feria:
464 5341 716 5397 Domini?
752 5338 860 5392 Aut
904 5335 1087 5390 forsan
1143 5334 1297 5388 illum
1342 5333 1648 5388 auditorem
1694 5329 1830 5400 legis

259 5448 595 5499 contestans,
616 5434 742 5505 quia
768 5447 878 5487 non
905 5430 1228 5500 simpliciter
1251 5429 1574 5484 festivitates
1605 5428 1724 5494 has,
1761 5425 1831 5480 de

262 5534 456 5606 quibus
488 5541 571 5587 est
602 5542 805 5589 sermo,
828 5524 1091 5581 celebrari
1147 5525 1259 5579 Deo
1290 5524 1375 5577 lex
1417 5520 1697 5592 praecepit,
1733 5519 1829 5574 sed

266 5627 386 5699 quia
406 5625 525 5696 ejus
557 5629 684 5678 sunt
714 5616 966 5691 propriae.
1020 5616 1158 5683 Quia
1192 5615 1649 5689 quemadmodum
1675 5612 1830 5669 festi-

328 5828 372 5860 ”
393 5826 553 5884 Rom.
580 5843 698 5890 vm,
739 5826 830 5879 28.
903 5824 945 5853 ¹¹
974 5823 1140 5878 Hebr.
1219 5822 1429 5891 xm”.
1507 5824 1549 5854 ²²
1574 5820 1741 5876 Hebr.
1783 5836 1857 5885 ιν,

272 5897 348 5951 ³⁸1
376 5898 500 5956 Cor.
532 5916 582 5966 v,
611 5899 667 5953 8.
740 5898 783 5927 ’⁷
812 5895 970 5951 Joan.
1003 5910 1122 5961 vm,
1152 5894 1241 5950 54.

1366 440 1448 500 IN
1485 442 1927 503 LEVITICUM.
1962 466 2037 479 ·-
2069 444 2215 504 LIB.
2248 445 2350 507 VI.

3351 441 3488 505 1082

1835 562 1877 613 Α
1908 551 2105 606 vitates
2129 550 2474 621 imperatoris
2502 556 2654 615 sunt,
2685 549 2740 603 in
2769 548 2968 619 quibus
3004 548 3261 604 victorias
3281 559 3336 603 et
3371 560 3486 602 tro-
3572 556 3573 559 ‘

1907 657 2022 712 paea
2057 652 2250 697 contra
2298 643 2486 698 hostes
2519 642 2712 707 erexit,
2740 640 2969 697 salvavit
2996 650 3204 712 gentes,
3236 640 3486 694 civitates

1907 735 2200 805 acquisivit
2237 753 2250 789 :
2283 735 2363 790 sic
2393 742 2449 789 et
2475 735 2702 801 Christi,
2734 734 2788 788 in
2827 734 3029 803 quibus
3050 741 3299 787 nostrum
3316 746 3487 803 genus

1907 826 2154 892 salvavit,
2185 836 2239 880 et
2273 835 2515 881 nostram
2580 825 2953 896 captivitatem
3017 824 3369 893 conquisivit.
3430 829 3489 877 et

1907 915 2284 970 haereditatem
2315 929 2379 968 ex
2415 914 2668 985 gentibus
2702 913 3026 983 sibimetipsi
3090 912 3270 983 regale
3307 925 3490 965 sacer-

1906 1005 2137 1069 dotium,
2194 1013 2412 1076 gentem
2466 1013 2739 1067 sanctam,
2773 1003 3032 1072 populum
3108 999 3489 1072 acquisitionis

1907 1098 2208 1152 constituit.
2249 1097 2461 1152 Deinde
2498 1114 2622 1153 cum
2655 1106 2937 1166 oporteret
2970 1097 3155 1151 dicere
3184 1095 3489 1149 secundum

1908 1189 2070 1255 LXX,
2095 1192 2179 1245 ha:
2204 1200 2411 1246 vocatae
2429 1199 2654 1253 sanctae,
2672 1206 2808 1259 quas
2832 1188 3098 1243 vocabitis
3120 1204 3213 1242 eas
3233 1188 3289 1240 in
3325 1187 3484 1240 festi-

1907 1285 2168 1339 vitatibus
2209 1285 2431 1349 vestris,
2466 1284 2583 1338 haec
2624 1294 2811 1337 nostra
2848 1282 3131 1337 translatio
3148 1281 3363 1351 planius
3394 1281 3492 1336 ha-

1907 1377 2019 1444 bet,
2052 1377 2243 1433 dicens
2263 1377 2600 1447 temporibus
2644 1377 2762 1430 suis
2794 1390 2942 1429 :non
2979 1376 3116 1429 dixit
3138 1376 3220 1428 sic
3245 1374 3312 1429 de
3334 1372 3489 1427 festi-

1908 1470 2172 1525 vitatibus
2200 1486 2414 1535 eorum,
2454 1485 2565 1523 non
2600 1468 2704 1523 illis
2760 1468 2852 1538 qui
2882 1468 3132 1522 serviunt
3163 1467 3369 1537 figurae,
3396 1466 3494 1521 sed

1908 1562 2185 1629 fidelibus,
2208 1574 2262 1617 et
2296 1562 2726 1633 suscipientibus
2782 1562 3159 1626 festivitatem,
3197 1561 3294 1614 has
3340 1575 3493 1614 com-

1907 1665 2094 1727 petere
2124 1656 2451 1711 festivitates
2496 1657 2812 1721 ostendens,
2870 1670 3102 1725 quarum
3133 1670 3238 1708 una
3275 1660 3380 1719 est,
3424 1652 3493 1708 de

1909 1765 2013 1819 qua
2051 1751 2169 1804 haec
2189 1749 2323 1804 dicit
2355 1767 2368 1801 :

1981 1841 2160 1895 Mense
2182 1844 2372 1911 primo,
2401 1849 2594 1907 quarta
2636 1839 2841 1892 decima
2887 1839 2973 1892 die
3007 1839 3196 1891 mensis
3221 1838 3290 1890 ad
3315 1852 3491 1905 vespe-

1839 1920 1883 1976 Β
1908 1951 2028 1990 rum
2054 1935 2221 1988 Pliase
2246 1934 2456 1986 Domini
2477 1942 2572 1985 est.
2595 1930 2837 1985 Primum
2857 1946 3125 1995 mensem,
3148 1941 3362 2000 tempus
3385 1930 3495 1983 Do-

1911 2029 2127 2084 minicae
2160 2026 2429 2097 passionis
2458 2038 2605 2079 recte
2647 2025 2877 2079 dicimus
2908 2024 2964 2077 in
2998 2040 3107 2092 quo
3162 2002 3497 2078 conveniuni

1909 2124 2142 2176 maxime
2178 2131 2233 2176 et
2260 2121 2374 2175 hmc
2404 2121 2471 2174 ad
2501 2120 2719 2189 Moysen
2745 2119 2907 2172 verba
2932 2134 2961 2171 a
2989 2117 3099 2171 Deo
3127 2118 3271 2172 dicta
3301 2134 3312 2169 :
3346 2120 3497 2170 Men-

1909 2214 1979 2265 sis
2002 2213 2087 2264 hic
2117 2212 2257 2264 vobis
2285 2210 2611 2280 principium
2658 2209 2937 2271 mensium,
2988 2208 3193 2276 primus
3228 2207 3327 2259 erit
3354 2205 3497 2258 vobis

1908 2308 1962 2358 in
1995 2306 2256 2358 mensibus
2287 2304 2415 2355 anni
2446 2303 2509 2355 “.
2539 2300 2755 2355 Initium
2779 2300 2925 2354 enim
2957 2309 3013 2353 et
3042 2299 3320 2369 ingressus
3340 2312 3498 2351 novat

1908 2398 2053 2461 vitae,
2085 2406 2139 2450 et
2171 2411 2321 2449 nunc
2355 2411 2383 2448 a
2412 2394 2572 2448 nobis
2594 2393 2862 2447 inchoata:
2897 2390 3332 2446 conversationis
3384 2397 3495 2443 est.

1910 2487 2229 2557 Vespertina
2250 2495 2513 2554 tempora,
2543 2484 2597 2537 in
2633 2482 2830 2551 quibus
2864 2481 3127 2534 Dominus
3158 2479 3396 2544 advenit,
3416 2478 3502 2533 di—

1908 2579 2000 2635 cit.
2023 2579 2264 2634 Joannes
2281 2576 2427 2631 enim
2459 2576 2552 2640 ait,
2590 2573 2801 2634 Filioli,
2851 2573 3133 2626 novissima
3170 2572 3298 2623 hora
3337 2569 3498 2622 est".

1905 2673 1988 2727 Ad
2028 2686 2324 2742 vesperum
2356 2668 2563 2723 Pascha
2610 2665 2955 2720 Dominicum
2995 2665 3198 2718 factum
3232 2671 3335 2715 est.
3394 2658 3501 2725 Qui

1906 2780 2119 2836 passus,
2153 2778 2266 2816 non
2296 2777 2421 2816 mox
2454 2772 2697 2829 tempora
2759 2759 2955 2819 finivit,
2979 2758 3073 2811 sed
3128 2753 3343 2823 reliquit
3400 2768 3502 2808 no-

1907 2856 2143 2911 vissimae
2193 2854 2342 2907 hora:
2386 2861 2438 2906 et
2502 2848 2832 2919 vespertinae.
2888 2847 3166 2916 reliquias,
3217 2845 3268 2898 in
3305 2843 3502 2913 quibus

1908 2957 2157 3018 Oporteat
2178 2960 2400 3001 currere
2434 2943 2899 3014 praedicationem,
2948 2948 3002 2994 et
3040 2940 3095 2993 in
3136 2953 3245 3008 quo
3282 2950 3502 2991 omnem

1909 3050 2111 3096 terram
2142 3048 2395 3111 penetret
2420 3038 2657 3093 salutare
2697 3036 2947 3091 verbum.
2984 3033 3092 3087 Sed
3132 3041 3188 3086 et
3209 3032 3276 3087 ad
3306 3044 3503 3100 vespe-

1911 3149 2055 3197 rum,
2095 3133 2210 3186 sive
2242 3129 2420 3183 medio
2468 3128 2908 3197 vespertiuorum
2957 3120 3165 3177 Pascha
3218 3119 3502 3192 proprium

1913 3225 2275 3298 praeveniens,
2310 3236 2529 3277 crucem
2570 3233 2723 3273 suam
2752 3216 3002 3271 Christus
3033 3212 3347 3268 celebravit.
3402 3210 3503 3267 Die

1916 3319 2066 3373 enim
2126 3314 2457 3386 imaginariae
2514 3309 2828 3366 festivitatis
2884 3308 3180 3373 Paschalis,
3222 3322 3344 3376 qua:
3385 3312 3507 3360 erat

1915 3422 2104 3481 quarta
2136 3409 2349 3463 decima
2397 3413 2519 3476 post
2585 3418 2797 3459 cmnam
2845 3399 3266 3472 supersensihile
3312 3413 3503 3453 verum

1914 3506 2144 3568 Pascha,
2171 3502 2317 3573 quod
2353 3501 2418 3555 ad
2451 3500 2572 3569 ejus
2603 3497 2925 3568 mysterium
2975 3492 3307 3565 pertinebat,
3336 3488 3504 3547 disci-

1913 3599 2061 3670 pulis
2090 3596 2329 3651 tradidit.
2364 3594 2507 3664 Ergo
2536 3601 2591 3647 et
2618 3606 2725 3645 nox
2749 3596 2867 3645 erat
2896 3589 3032 3658 jam,
3057 3586 3277 3656 quando
3306 3600 3505 3655 panem

1914 3688 2081 3742 Judas
2114 3686 2182 3739 de
2215 3698 2369 3739 coma
2400 3682 2486 3735 illa
2522 3680 2819 3749 accipiens,
2864 3677 2932 3731 ad
2998 3674 3212 3729 Domini
3271 3672 3507 3729 traditio-

1916 3796 2041 3835 nem
2072 3779 2275 3833 exibat.
2319 3773 2580 3844 Sequenti
2609 3781 2791 3826 autem
2832 3770 2942 3832 die,
2999 3784 3121 3838 qua:
3170 3766 3275 3822 fuit
3313 3766 3504 3836 quinta

1918 3872 2153 3935 decima,
2215 3867 2420 3923 Pascha
2455 3865 2634 3921 crucis
2683 3861 2964 3933 implebat.
2994 3858 3225 3929 Propter
3247 3856 3393 3928 quod
3448 3855 3506 3910 in

1919 3965 2106 4034 quinta
2134 3961 2348 4016 decima
2372 3957 2577 4012 mensis
2606 3955 2771 4025 hujus
2795 3954 2903 4019 die,
2954 3951 3301 4007 festivitatem
3363 3949 3507 4003 hanc

1919 4073 2081 4129 agere
2103 4055 2379 4125 legislator
2410 4050 2692 4122 praecepit,
2724 4058 2777 4102 et
2806 4048 2862 4101 in
2904 4046 3022 4116 ipsa
3057 4043 3380 4100 celebritate
3415 4056 3508 4095 so-

1920 4148 2263 4206 lemnitatem
2292 4156 2604 4213 azymorum
2652 4136 2869 4193 Domini
2901 4133 3240 4207 praedicavit.
3277 4131 3333 4185 Si
3359 4130 3505 4185 enim

1923 4243 2203 4299 celebrare
2256 4238 2306 4293 ei
2352 4236 2559 4290 Pascha
2630 4233 2852 4303 proprie
2920 4239 2977 4284 et
3032 4244 3163 4283 vere
3229 4226 3503 4287 volumus,

1923 4334 2097 4406 azymi
2129 4333 2196 4387 ab
2216 4329 2365 4385 omni
2391 4327 2596 4381 malitia
2637 4340 2760 4380 esse
2794 4323 3078 4385 debemus,
3112 4327 3167 4373 et
3194 4317 3365 4372 multo
3386 4329 3506 4369 ma-

1925 4430 2010 4502 gis
2039 4444 2070 4482 a
2091 4424 2317 4481 Judaico
2344 4436 2531 4477 errore
2562 4428 2618 4474 et
2670 4424 2958 4472 vetustate.
3002 4412 3162 4468 Unde
3216 4418 3505 4480 postquam

1923 4499 2126 4576 Paulus
2153 4515 2308 4577 dixit,
2330 4511 2535 4567 Pascha
2559 4519 2796 4562 nostrum
2818 4504 3125 4559 immolatus
3150 4510 3225 4554 est
3241 4499 3501 4561 Christus,

1855 4613 1899 4668 D
1930 4610 2175 4669 subdidit
2206 4625 2220 4662 :
2249 4606 2682 4676 Epulemur,non
2708 4602 2763 4654 in
2787 4602 3039 4671 fermento
3064 4595 3244 4657 veteri,
3269 4605 3507 4660 nequem

1924 4710 2177 4777 fermento
2207 4699 2429 4754 malitia:
2454 4706 2501 4750 et
2529 4695 2794 4765 nequitiar,
2814 4692 2903 4745 sed
2956 4691 3013 4743 in
3039 4686 3239 4756 azymis
3286 4682 3505 4738 sinceri-

1926 4773 2050 4853 tatis
2107 4806 2156 4851 et
2218 4792 2456 4848 veritatis
2498 4790 2563 4843 ".
2623 4788 2688 4842 Et
2719 4783 2918 4839 nonad
2954 4793 3187 4851 tempus,
3219 4777 3313 4833 sed
3357 4773 3506 4830 omni

1924 4897 2113 4944 nostra
2141 4886 2251 4939 vita
2280 4900 2309 4937 a
2350 4882 2620 4936 fermento
2646 4878 2869 4933 malitia
2915 4872 3107 4929 mundi
3162 4885 3281 4927 esse
3344 4867 3510 4922 debe-

1927 4992 2051 5032 mus
2077 4994 2091 5043 ;
2121 4980 2411 5044 propterea
2429 4970 2537 5024 ait:
2562 4967 2769 5037 Septem
2792 4966 2975 5019 diebus
3003 4978 3189 5033 azyma
3209 4955 3507 5014 comedetis.

1930 5068 2034 5122 Per
2058 5062 2429 5134 septenarium
2453 5072 2741 5113 numerum
2774 5057 2840 5111 de
2864 5053 3013 5110 omni
3042 5050 3200 5106 nobis
3228 5048 3332 5104 vita
3367 5060 3508 5117 prae-

1931 5160 2161 5229 cipiens.

2002 5250 2166 5304 Vens.
2203 5246 2255 5302 8.
2294 5265 2313 5298 ι
2352 5246 2477 5300 Dies
2504 5242 2712 5315 primus
2751 5240 2857 5295 erit
2906 5238 3066 5294 vobis
3116 5234 3509 5292 celeberrimus

1934 5351 1989 5396 et
2015 5348 2262 5405 sanctus,
2301 5353 2464 5394 omne
2481 5353 2618 5407 opus
2648 5334 2846 5391 servile
2892 5347 3003 5386 non
3030 5328 3239 5385 facietis
3279 5327 3332 5381 in
3360 5341 3445 5380 eo.
3481 5342 3501 5376 ι

2007 5434 2145 5489 Illud
2176 5431 2324 5487 enim
2389 5428 2705 5486 omnimodo
2754 5424 2949 5481 servile
2987 5437 3108 5479 esse
3127 5436 3262 5491 opus
3284 5418 3510 5488 spiritus

1937 5524 2137 5591 innuit,
2177 5524 2246 5579 de
2276 5538 2386 5593 quo
2415 5523 2493 5578 ait
2528 5519 2792 5576 Dominus
2827 5536 2839 5571 :
2886 5518 3052 5571 Amen
3085 5530 3238 5568 amen
3270 5512 3385 5564 dico
3417 5525 3509 5562 vo-

1939 5617 2036 5680 bis,
2055 5615 2144 5685 qui
2170 5615 2298 5685 facit
2323 5623 2614 5685 peccatum,
2649 5626 2824 5666 servus
2842 5617 2917 5662 est
2945 5605 3142 5675 peccati
3172 5603 3238 5656 ⁸⁷.
3277 5601 3330 5656 Si
3358 5600 3507 5655 enim

1838 3259 1882 3316 C

2504 5814 2547 5846 "
2579 5812 2749 5869 Exod.
2776 5809 2943 5873 xuﬂ.
3015 5806 3061 5839 "
3089 5804 3107 5859 1
3136 5803 3293 5858 Joan.
3319 5817 3379 5867 ll,
3414 5801 3502 5857 l8.

1888 5819 1941 5875 9.
2021 5819 2066 5850 ’³
2100 5815 2264 5872 lCor.
2295 5817 2420 5881 v,7.
