4032 6448
636 391 775 459 1083
1847 366 2209 454 HEsvcHII

2254 392 2731 455 PRESBYTERI
3741 399 3836 465 i034

634 519 826 560 verum
866 502 1207 560 celebramus
1230 504 1458 570 Pascha,
1489 507 1700 577 peccati
1729 506 2014 563 servitium
2031 507 2207 577 fugia—
2239 512 2284 566 Α
2312 506 2512 560 mentis
2549 507 2683 572 suis,
2711 508 2765 561 in
2793 505 3019 561 odorem
3053 504 3453 561 suavissimum
3510 503 3736 561 Domino.
3772 511 3841 566 F2.

636 612 804 653 mus:
837 598 962 668 quia
991 597 1260 663 Christus,
1322 601 1416 670 qui
1443 616 1541 670 pro
1580 601 1739 656 nobis
1778 617 1971 671 passus
2022 608 2128 665 est,
2179 616 2210 653 a

637 701 866 760 peccato
891 707 990 747 nos
1021 699 1076 747 et
1101 692 1362 747 servitute
1389 694 1510 764 ejus
1553 694 1808 748 liberavit
1839 711 1852 746 :
1902 710 2011 747 non
2083 695 2210 764 quia

635 782 812 849 prima
841 780 931 835 die
960 796 1122 836 omne
1147 797 1286 851 opus
1316 784 1516 839 servile
1567 799 1677 837 non
1737 784 1853 839 fieri
1914 786 2205 856 praecepit,

634 871 759 927 aliis
788 882 966 928 autem
990 874 1184 928 diebus
1226 876 1345 929 ideo
1369 892 1533 946 opera
1549 877 1631 948 agi
1649 878 1875 932 servilia
1911 878 2209 949 praecepit:

636 963 759 1018 vide
785 980 914 1035 ergo
953 967 1083 1035 quid
1114 967 1359 1022 subdidit
1394 987 1406 1023 :

701 1057 803 1112 Sed
837 1060 1061 1128 o/feretis
1111 1062 1433 1129 sacriﬁcium
1463 1065 1517 1116 in
1550 1068 1667 1135 igne
1704 1066 1947 1120 Domino.
1968 1067 2095 1121 Sive
2150 1074 2211 1120 ut

637 1146 776 1201 LXX
816 1168 826 1201 :
857 1150 1093 1220 ()[feretis
1145 1153 1568 1209 ltolocuutomnta
1603 1158 1824 1213 Domino
1849 1170 2043 1228 septem
2097 1160 2210 1213 die-

637 1241 750 1296 bus.
787 1242 906 1297 Dies
931 1255 1111 1299 autem
1150 1248 1416 1315 septimus
1447 1251 1551 1303 erit
1574 1252 1840 1305 celebrior
1861 1262 1915 1306 et
1946 1253 2210 1318 sanctior,

636 1335 955 1405 nullumque
986 1354 1123 1407 opus
1184 1340 1378 1393 servile
1412 1340 1625 1396 facietis
1668 1343 1721 1396 in
1761 1361 1847 1397 eo.
1884 1344 2212 1399 llolocauto-

636 1438 780 1483 mata
811 1444 938 1499 ergo
967 1440 1172 1499 septem
1199 1432 1391 1486 diebus
1426 1434 1609 1487 offerri
1672 1437 2015 1505 praecipiens,
2041 1439 2213 1492 absti-

636 1537 770 1577 nere
800 1524 963 1577 etiam
985 1524 1053 1578 ab
1079 1525 1334 1579 omnibus
1361 1526 1618 1595 operibus
1673 1528 1966 1583 servilibus
2027 1530 2079 1582 in
2133 1531 2214 1584 eis

635 1616 913 1683 praecepit.
941 1615 1224 1681 Quomodo
1246 1617 1391 1670 enim
1420 1618 1540 1687 quis
1564 1619 1944 1674 holocaustum
1988 1620 2101 1676 Deo
2124 1621 2215 1675 of-

635 1704 794 1770 feret,
852 1708 1070 1762 diabolo
1097 1708 1313 1780 dignus,
1374 1721 1467 1764 aut
1514 1712 1730 1767 servilia
1762 1714 1963 1783 agens?
2012 1715 2215 1769 Deinde

636 1811 747 1850 non
777 1798 954 1852 Solum
986 1800 1242 1868 primam,
1267 1802 1363 1855 sed
1397 1811 1453 1857 et
1482 1804 1768 1871 septimam
1796 1815 2083 1875 propterea
2117 1823 2216 1861 no-

636 1886 887 1952 minavit,
918 1898 976 1942 ut
998 1888 1051 1941 in
1105 1890 1274 1958 prima
1321 1900 1377 1945 et
1426 1894 1479 1946 in
1510 1894 1737 1963 septima
1765 1903 1927 1948 totam
1961 1910 2214 1965 compre-

638 1978 1088 2035 henderetvitam
1119 1984 1433 2038 humanam.
1492 1984 1583 2038 llla
1616 1985 1760 2040 enim
1822 1987 2060 2051 initium,
2115 1989 2215 2041 ista

636 2079 819 2124 autem
851 2071 1010 2126 tinem
1043 2074 1206 2128 habet
1260 2074 1313 2128 in
1346 2090 1449 2144 qua
1504 2077 1685 2131 omnia
1736 2078 2215 2146 comprehendun-

638 2167 745 2214 tur.
789 2158 1017 2215 Videtur
1042 2172 1224 2217 autem
1266 2176 1321 2219 et
1346 2166 1449 2220 hoc
1487 2168 1799 2236 praecipere,
1826 2178 1882 2222 ut
1916 2170 1960 2222 is
1988 2170 2081 2238 qui
2114 2170 2216 2222 im-

636 2247 842 2314 buitur,
872 2250 988 2303 sive
1027 2251 1275 2306 initiatur
1303 2255 1582 2323 mysterio,
1608 2256 1818 2309 nullum
1856 2272 1996 2326 opus
2018 2259 2216 2314 servile

636 2348 809 2411 agat:
856 2352 1072 2412 oportet
1118 2345 1321 2413 quippe
1362 2346 1512 2399 illum
1547 2363 1729 2418 agere,
1785 2365 1905 2418 quae
1953 2352 2217 2408 libertatis

634 2439 782 2497 sunt,
817 2433 942 2502 quia
973 2450 1073 2489 nos
1111 2435 1371 2491 Dominus
1394 2438 1642 2493 liberavit
1677 2456 1774 2509 per
1801 2456 1925 2495 eum
1958 2444 2048 2513 qui
2069 2444 2118 2499 ei
2141 2446 2217 2500 si-

634 2534 834 2595 gnatus
859 2535 961 2581 est.
986 2528 1040 2581 Si
1068 2536 1250 2582 autem
1275 2530 1476 2599 aliquid
1499 2542 1622 2601 post
1638 2532 1741 2588 hoc
1768 2535 2119 2605 egerit,quod
2149 2538 2217 2592 ad

636 2616 951 2670 servitutem
977 2619 1233 2686 pertinet,
1266 2636 1508 2690 peccans
1534 2632 1593 2677 ut
1619 2624 1802 2685 homo,
1850 2626 2042 2680 saltem
2073 2628 2212 2697 ejus,

633 2724 757 2779 quae
810 2710 876 2763 ad
928 2710 1090 2764 ﬁnem
1122 2702 1251 2777 est,
1286 2714 1554 2769 libertatis
1574 2716 1907 2786 diligentiam
1933 2729 2104 2787 gerat,
2161 2730 2218 2776 et

635 2800 886 2856 intendat
937 2818 1045 2872 quo
1091 2804 1250 2858 modo
1297 2815 1485 2859 noster
1534 2806 1658 2861 finis
1706 2808 1884 2863 bonus
1928 2809 2211 2878 efﬁciatur,

634 2894 911 2960 quomodo
949 2894 1179 2965 septima
1208 2895 1347 2959 dies,
1402 2905 1621 2966 tempus
1677 2900 1954 2965 videlicet,
2001 2903 2055 2956 in
2107 2920 2217 2973 quo

636 2985 952 3052 transimus,
984 3002 1145 3041 omne
1198 3003 1336 3057 opus
1388 2990 1588 3043 servile
1626 3006 1735 3045 non
1769 2992 1988 3048 habeat.
2040 2993 2099 3049 ln
2150 3011 2216 3051 eo

636 3078 782 3132 enim
816 3079 870 3132 in
895 3096 1002 3149 quo
1024 3095 1125 3134 nos
1151 3081 1293 3134 Deus
1326 3080 1621 3149 invenerit,
1667 3083 1718 3137 in
1758 3084 1875 3154 ipso
1897 3086 2218 3155 etjudicare

2315 597 2471 651 cictis
2498 607 2553 652 et
2578 598 2791 653 hircum
2822 615 2920 668 pro
2944 606 3189 669 peccato,
3241 599 3505 667 duosque
3541 615 3697 668 agnos
3729 612 3844 660 anni-

2313 691 2487 754 culos,
2521 691 2728 746 hostias
2750 692 3122 761 paciﬁcorum.
3153 691 3415 762 Cumque
3446 692 3731 749 elevaverit
3778 715 3847 753 eas

2314 784 2566 839 sacerdos
2591 800 2717 839 cum
2747 785 2978 852 panibus
3010 784 3382 852 primitiarum
3426 799 3609 838 coram
3650 785 3851 855 Domino,

2315 873 2511 928 cedent
2535 874 2590 927 in
2628 890 2787 928 usum
2821 875 2961 944 ejus.
2998 875 3067 929 Et
3120 874 3399 929 vocabitis
3421 873 3570 929 hunc
3604 875 3731 929 diem
3750 882 3853 933 cele-

2315 968 2634 1031 berrimum,
2673 976 2837 1036 atque
2864 967 3297 1031 sanctissimum,
3332 982 3509 1021 omne
3533 985 3663 1037 opus
3697 975 3851 1029 servile

2313 1072 2425 1110 non
2467 1056 2680 1111 facietis
2737 1056 2792 1110 in
2841 1072 2928 1111 eo.
2967 1055 3298 1128 Legitimum
3362 1057 3745 1125 sempiternqu
3782 1065 3853 1117 erit

2315 1150 2372 1204 in
2430 1148 2647 1204 cunctis
2716 1149 3062 1213 habitaculis,
3148 1159 3204 1203 et
3268 1150 3723 1219 generationibus
3791 1175 3850 1211 re-

2316 1242 2461 1297 stris.
2493 1262 2511 1293 ι

2387 1334 2525 1399 Quia
2561 1335 2721 1405 longe
2752 1352 2780 1387 a
2820 1334 3079 1403 praesenti
3134 1334 3252 1405 lege
3283 1334 3539 1405 populus
3589 1334 3843 1397 Judzoma

2317 1433 2421 1487 est,
2443 1424 2560 1494 ipsa
2577 1426 2773 1480 docere
2797 1440 2900 1479 nos
2926 1424 3092 1479 verba
3110 1435 3348 1494 possunt
3369 1426 3649 1480 discussa.
3666 1428 3848 1499 Argum.

2319 1525 2408 1569 tur
2440 1525 2647 1578 autem,
2680 1532 2859 1585 neque
2885 1517 3190 1571 secundum
3223 1517 3477 1571 litteram
3510 1518 3843 1591 implenteses,

2316 1623 2418 1662 nec
2458 1608 2715 1676 spiritum
2764 1608 3089 1678 intelligere,
3122 1609 3216 1678 qui
3263 1610 3320 1663 in
3377 1614 3468 1663 eis
3492 1621 3599 1672 est,
3645 1614 3845 1669 valentes.

2315 1698 2504 1754 Altero
2534 1700 2622 1755 die
2650 1699 2826 1769 prima
2874 1701 3127 1755 videlicet
3159 1715 3491 1771 azymorum
3523 1701 3711 1757 offerre
3729 1712 3845 1761 maui-

2319 1792 2527 1860 pulum,
2566 1801 2621 1845 et
2651 1806 2807 1845 ovem
2858 1791 3140 1846 immolare
3174 1808 3344 1862 super
3374 1808 3509 1846 eum
3563 1801 3800 1864 praecepit.
3821 1802 3847 1853 Δ

2248 1852 2406 1934 Bdie
2454 1852 2659 1943 autem,
2720 1879 2771 1931 in
2829 1895 2938 1948 quo
2997 1882 3099 1933 hoc
3145 1852 3497 1949 tiu-septem
3549 1852 3845 1940 hebdomadas

2317 1974 2616 2036 numerari,
2648 1981 2703 2027 et
2734 1973 2967 2025 alterum
2996 1972 3139 2026 diem
3170 1972 3386 2027 ultimae
3413 1974 3771 2038 hebdomadas,
3798 1981 3846 2033 sic

2318 2063 2672 2120 Pentecostes
2749 2065 3029 2120 celebrare
3082 2064 3450 2119 festivitatem
3506 2065 3562 2118 in
3633 2067 3725 2129 his,
3769 2085 3845 2137 qua

2318 2175 2465 2213 nunc
2495 2159 2629 2213 dixit
2655 2159 2937 2229 przccepit.
2969 2159 3202 2226 Quidam
3223 2169 3420 2221 autem
3440 2161 3522 2213 sic
3559 2161 3842 2216 inveniuntur

2317 2246 2671 2303 Pentecostes
2721 2248 3077 2304 festivitatem
3124 2249 3440 2304 celebrare.
3470 2250 3513 2302 Α
3560 2250 3722 2318 prima
3749 2254 3837 2305 enim

2318 2356 2660 2412 azymorum,
2692 2357 2803 2395 non
2851 2351 3033 2397 autem
3058 2357 3086 2395 a
3114 2341 3223 2406 die,
3258 2341 3314 2395 in
3381 2356 3495 2412 qua
3548 2344 3828 2412 manipulus

2318 2448 2438 2502 quae
2456 2433 2632 2501 prima
2656 2448 2976 2504 azymorum
3009 2433 3065 2487 in
3097 2433 3410 2487 crastinum
3444 2432 3685 2487 secunda
3707 2434 3832 2487 vidui

2318 2535 2406 2582 cet
2445 2525 2584 2589 dies,
2623 2535 3007 2595 computantes
3060 2526 3329 2581 celebrari
3364 2526 3587 2580 sibimet
3638 2524 3829 2581 Penteco-

2317 2624 2455 2668 stem
2494 2614 2815 2684 prardicant.
2853 2612 3085 2683 Propter
3104 2614 3250 2684 quod
3281 2614 3369 2668 eis
3406 2611 3669 2667 Dominus
3698 2614 3834 2684 impro-

2319 2722 2517 2775 perans
2568 2706 2713 2775 quod
2771 2706 3076 2761 secundrrm
3122 2706 3371 2761 litteram
3458 2720 3569 2759 non
3616 2705 3829 2776 implerent

2317 2799 2491 2861 legem
2546 2799 2761 2854 dicebat
2800 2816 2811 2850 :
2846 2798 2910 2851 Et
2968 2816 3119 2853 nemo
3174 2816 3238 2853 ex
3272 2798 3425 2852 vobis
3481 2800 3607 2868 facit
3653 2800 3828 2871 legem“.

2317 2893 2560 2949 Ecclesia
2585 2903 2766 2947 autem
2787 2892 2917 2947 facit
2944 2892 3085 2947 sicut
3112 2909 3261 2947 nunc
3293 2893 3627 2947 ostenditur.

2390 3011 2714 3077 Locutusque
2771 3019 2848 3064 est
2902 3009 3160 3065 Dominus
3226 3013 3299 3065 ad
3386 3012 3612 3081 Moysen:
3665 3010 3828 3060 dicent:

2318 3101 2552 3173 Loquere
2578 3102 2703 3171 ﬁliis
2732 3102 2921 3163 Israel,
2946 3113 2994 3156 et
3025 3104 3164 3157 dices
3224 3105 3297 3157 ad
3344 3120 3464 3159 eos:
3523 3103 3641 3159 Cum
3674 3102 3823 3169 ingressi

636 3170 924 3239 promittit.
960 3170 1182 3240 Propter
1210 3175 1350 3241 quod
1372 3184 1428 3229 et
1461 3172 1647 3241 David,
1670 3176 1731 3229 In
1747 3177 1874 3245 ﬁne,
1898 3194 1960 3231 ue
1985 3196 2218 3234 corrum-

2322 3170 2529 3265 fueritis
2562 3205 2778 3258 terram,
2822 3210 2983 3263 quam
3009 3211 3102 3265 ego
3146 3194 3281 3247 dabo
3313 3195 3467 3247 vobis
3494 3203 3541 3247 et
3588 3194 3825 3247 mensarius

636 3278 755 3330 pas,
780 3263 1045 3331 plurimos
1087 3264 1419 3319 Psalmorum
1454 3268 1779 3335 praescribit.

710 3353 873 3408 Vens.
899 3356 1054 3410 9-14.
1085 3377 1103 3408 ‹
1139 3358 1485 3429 Locutusque
1511 3369 1593 3414 est
1623 3361 1889 3418 Dominus
1912 3364 1978 3418 ad
1998 3361 2217 3435 Moysen

638 3446 827 3501 dicens
858 3464 871 3500 :
912 3447 1158 3517 Loquere
1175 3449 1299 3505 filiis
1320 3451 1504 3518 Israel,
1540 3460 1595 3508 et
1629 3454 1781 3509 dices
1805 3455 1873 3509 ad
1905 3472 2000 3510 eos
2035 3474 2048 3509 :
2083 3456 2219 3512 Cum

640 3540 867 3611 ingressi
894 3542 1104 3597 fueritis
1141 3552 1336 3598 terram
1378 3561 1539 3615 quam
1590 3563 1691 3617 ego
1745 3550 1883 3603 dabo
1941 3550 2115 3616 vobis,
2166 3558 2221 3604 et

641 3630 978 3685 messueritis
1004 3642 1215 3701 segetes
1248 3643 1404 3689 terrm
1454 3645 1667 3699 vestrae,
1703 3636 1892 3693 feretis
1916 3640 2221 3709 manipulos

644 3722 936 3790 spicarum,
970 3724 1235 3792 primitias
1260 3727 1452 3780 messis
1494 3737 1708 3791 vestrm,
1755 3731 1821 3784 ad
1858 3732 2218 3787 sacerdotem.

642 3809 746 3876 Qui
797 3812 994 3867 levabit
1038 3813 1355 3868 fasciculum
1408 3831 1590 3869 coram
1633 3818 1863 3874 Domino
1887 3830 1944 3874 ut
1967 3830 2221 3891 accepta-

644 3901 772 3957 bilis
799 3904 870 3957 sit
898 3920 994 3973 pro
1019 3906 1190 3960 vobis.
1225 3907 1412 3961 Altero
1444 3909 1531 3963 die
1573 3909 1829 3977 Sabbato,
1858 3913 2224 3970 sanctiﬁcabit

644 3994 819 4061 illum,
841 4004 1001 4066 atque
1039 3998 1091 4051 in
1130 3998 1320 4053 eodem
1340 3999 1426 4053 die
1448 4016 1556 4069 quo
1594 4003 1905 4073 manipulus
1927 4020 2222 4061 consecra-

647 4097 756 4155 tur,
790 4090 1029 4144 caedetur
1049 4106 1221 4162 agnus
1246 4093 1629 4148 inuuaculatus
1680 4094 1970 4151 anniculus
1993 4096 2045 4149 in
2070 4097 2223 4152 holo-

646 4195 894 4238 cauStum
922 4182 1172 4249 Domino,
1202 4194 1258 4239 et
1289 4184 1586 4241 libamenta
1621 4186 1920 4243 oilerentur
1977 4204 2102 4243 cum
2157 4205 2223 4244 eo

647 4272 769 4328 duae
803 4274 1029 4330 decimae
1069 4277 1261 4330 simila:
1305 4292 1613 4346 conspersae
1662 4279 1783 4333 oleo
1833 4280 1888 4333 in
1936 4280 2223 4335 incensum

648 4362 878 4417 Domino
900 4365 1229 4436 odoremque
1256 4369 1662 4434 suavissimum,
1697 4370 1805 4425 liba
1835 4387 2053 4440 quoque
2087 4373 2221 4435 vini,

646 4465 836 4525 quarta
859 4473 984 4526 pars
1004 4458 1118 4513 hin.
1152 4459 1350 4515 Panem
1388 4470 1444 4515 et
1470 4463 1765 4531 polentam,
1811 4472 1867 4517 et
1894 4465 2071 4533 pultes
2114 4480 2224 4517 non

647 4548 945 4603 comedetis
970 4565 1034 4603 ex
1053 4560 1253 4620 segete,
1274 4568 1448 4620 usque
1479 4553 1545 4607 ad
1583 4554 1728 4607 diem
1755 4569 1864 4623 quo
1893 4554 2139 4609 offeratis
2155 4570 2225 4609 ex

648 4653 711 4693 ea
738 4624 1066 4705 Deo'vestro,
1100 4653 1431 4712 praeceptum
1453 4654 1537 4697 est
1560 4644 1951 4713 sempiternum
1983 4644 2037 4698 in
2056 4660 2223 4716 gene-

651 4733 976 4801 rationibus,
1010 4735 1332 4805 cunctisque
1376 4736 1700 4791 habitaculis
1758 4736 1975 4791 vestris.
2023 4737 2227 4791 Nume-

653 4826 844 4882 rabitis
873 4843 1001 4898 ergo
1027 4829 1095 4882 ab
1124 4830 1295 4884 altero
1314 4830 1405 4885 die
1432 4829 1678 4897 Sabbati,
1717 4830 1772 4884 in
1819 4846 1927 4900 quo
1952 4830 2226 4888 obtulistis

654 4921 989 4991 manipulqu
1021 4924 1403 4993 primitiarum,
1428 4937 1633 4993 septem
1652 4926 2017 4982 hebdomadas
2037 4927 2226 4997 plenas

657 5028 830 5081 usque
858 5012 924 5067 ad
955 5014 1095 5069 diem
1126 5016 1351 5070 alteram
1393 5017 1719 5087 expletionis
1752 5017 2109 5072 hebdomadaz
2141 5034 2229 5073 se-

655 5104 862 5173 ptimae,
906 5106 958 5161 id
979 5117 1063 5161 est
1107 5111 1502 5181 quinquaginta
1555 5112 1718 5166 dies:
1758 5122 1814 5166 et
1848 5111 1929 5166 sic
1987 5112 2232 5167 oil'eretis

655 5196 980 5252 sacriﬁcium
1010 5215 1207 5254 novum
1242 5203 1491 5269 Domino,
1519 5219 1587 5257 ex
1622 5204 1876 5259 omnibus
1905 5205 2232 5260 habitaculis

655 5289 872 5343 vestris.
902 5290 1077 5347 Panes
1101 5293 1461 5362 primitiarum
1504 5296 1641 5351 duos
1661 5298 1728 5352 de
1757 5298 1973 5352 duabus
2003 5299 2231 5354 decimis

658 5379 849 5436 simila;
880 5381 1242 5451 fermentata},
1273 5402 1410 5456 quos
1447 5388 1692 5456 coquetis
1726 5389 1782 5442 in
1819 5389 2090 5458 primitias
2124 5389 2231 5444 Do-

659 5474 817 5529 mini.
845 5473 1207 5546 Oll‘eretisque
1233 5494 1358 5533 cum
1389 5478 1623 5547 panibus
1646 5489 1855 5548 septem
1922 5496 2093 5549 agnos
2132 5480 2235 5533 im-

660 5566 959 5623 maculatos
988 5567 1292 5634 anniculos,
1321 5578 1375 5623 et
1400 5570 1630 5623 vitulunr
1659 5570 1726 5625 de
1750 5581 2002 5626 armento
2036 5587 2228 5638 unum,

660 5665 717 5713 et
743 5657 941 5715 arietes
973 5658 1127 5725 duos,
1150 5667 1206 5715 et
1242 5669 1405 5715 erunt
1452 5660 1507 5715 in
1541 5660 1919 5717 holocaustum
1947 5679 2069 5717 cum
2095 5663 2233 5717 liba-

770 5835 989 5895 "Joan.
1012 5856 1111 5907 vu,
1134 5841 1220 5899 19.
1292 5839 1546 5897 "Matth.
1582 5858 1655 5910 rx,
1689 5841 1778 5898 '57.

1854 5842 1900 5875 ⁸ο
1925 5840 2081 5897 Joan.
2114 5857 2188 5911 tv,
2215 5839 2305 5899 35.

2321 3294 2516 3353 segetes
2548 3294 2702 3338 terra:
2735 3294 2940 3345 uestrae,
2991 3286 3215 3355 oﬂ'eretis
3272 3284 3571 3351 manipulos
3608 3288 3819 3347 spicarum,

2321 3377 2588 3444 primitias
2616 3378 2797 3431 messis
2836 3386 3020 3431 vestrae
3058 3379 3127 3429 ad
3166 3378 3517 3431 sacerdotem.
3566 3373 3655 3438 Qui
3694 3376 3819 3427 levabit

2322 3467 2632 3537 fasciculum
2690 3485 2868 3521 coram
2920 3468 3167 3529 Domino,
3212 3477 3268 3519 ut
3298 3465 3635 3534 acceptabitis
3671 3464 3721 3515 sit
3760 3480 3816 3528 pro

2322 3560 2482 3613 vobis.
2516 3559 2738 3614 Terram
2769 3574 2800 3612 a
2834 3559 2941 3613 Deo
2961 3561 3164 3623 datam,
3189 3557 3569 3628 evangelicam
3601 3552 3814 3607 doctrinam

2322 3662 2376 3706 et
2406 3652 2878 3707 conversationem
2908 3651 3233 3721 frequenter
3264 3650 3580 3705 docuimus.
3608 3644 3703 3714 Ipsa
3720 3643 3807 3696 enim

2324 3754 2469 3799 terra
2506 3745 2726 3808 dicitur,
2778 3754 3006 3813 propter
3058 3744 3268 3799 fructus
3299 3743 3572 3796 virtutum
3601 3739 3679 3808 qui
3714 3749 3798 3785 em

2323 3835 2596 3888 Oriuntur.
2633 3834 2715 3888 Ab
2755 3833 2874 3903 ipso
2897 3844 3080 3887 autem
3102 3831 3224 3897 Deo
3256 3832 3391 3886 data
3422 3841 3524 3893 est,
3562 3824 3790 3895 nequecura

2326 3922 2628 3975 mediatore
2648 3922 2715 3975 ad
2750 3922 2891 3975 hanc
2920 3936 3056 3974 usus
3077 3929 3182 3984 est,
3225 3920 3320 3975 sed
3349 3917 3567 3987 proprio
3591 3930 3646 3969 ea
3673 3925 3796 3966 annua

2325 4013 2481 4068 tiavit
2505 4029 2619 4068 ore.
2659 4012 2893 4079 Quando
2940 4028 3071 4083 ergo
3107 4012 3337 4082 ingressi
3373 4020 3523 4072 sunt,
3567 4018 3614 4062 et
3647 4018 3802 4061 messae-

2326 4114 2457 4161 runt
2510 4116 2725 4177 segetes
2793 4106 2935 4175 ejus,
3001 4104 3058 4159 hi
3106 4106 3199 4174 qui
3252 4109 3614 4173 susceperunt
3649 4098 3799 4151 salutare

2324 4197 2575 4251 verbum.
2624 4196 2701 4249 Illi
2743 4197 2889 4251 enim
2913 4206 3046 4251 sunt
3080 4205 3135 4250 et
3163 4211 3462 4260 messores,
3512 4204 3564 4247 et
3589 4183 3799 4253 intelligim-

2326 4290 2403 4343 les
2438 4299 2646 4359 segetes
2662 4290 2727 4343 ad
2749 4305 2886 4359 quos
2918 4290 3180 4344 Dominus
3202 4288 3453 4344 dicebat:
3480 4286 3643 4342 Messi:
3665 4280 3801 4349 quidem

2328 4381 2521 4443 multa,
2554 4382 2787 4451 operarii
2822 4392 2998 4435 autem
3032 4382 3216 4450 pauci,
3249 4391 3432 4451 rogate
3460 4378 3701 4433 Dominum
3720 4383 3805 4419 πιέε-

2327 4475 2420 4535 sis,
2472 4483 2527 4527 ut
2569 4476 2746 4527 mittat
2789 4476 3061 4543 operarios
3122 4477 3179 4527 in
3220 4462 3807 4557 messemsuauWJlUib‘is

2260 4552 2304 4607 Ῑ)
2338 4568 2507 4621 etiam
2550 4567 2703 4623 verbi
2748 4566 3072 4638 mysterium
3116 4567 3369 4631 credidit,
3404 4575 3535 4620 tunc
3572 4556 3724 4615 messis
3758 4552 3809 4602 sic

2333 4667 2546 4711 matura
2590 4666 2728 4721 erat,
2777 4664 2841 4710 ut
2889 4657 3155 4712 Dominus
3194 4656 3434 4711 diceret:
3486 4653 3649 4708 Levate
3688 4638 3807 4695 οευίοε

2332 4757 2551 4812 vestros,
2573 4749 2741 4801 videte
2768 4749 3021 4820 regiones,
3064 4750 3191 4819 quia
3218 4748 3358 4802 alba:
3387 4754 3501 4801 sunt
3524 4743 3625 4812 jam
3647 4736 3701 4789 αά

2335 4837 2548 4891 tendum
2566 4838 2634 4891 ³ο.
2688 4818 3022 4907 Manipulum
3059 4818 3243 4892 autem
3288 4835 3642 4907 primitiarum,
3668 4818 3803 4877 intelli-

2335 4928 2514 4999 gibilis
2549 4930 2805 4984 sacerdos
2841 4929 3098 4983 Christus
3136 4944 3338 4999 corpus
3369 4924 3624 4999 proprium
3662 4912 3801 5007 oﬁ‘er'e-

2337 5022 2448 5076 hal-
2514 5020 2650 5088 QUia
2701 5022 2847 5077 enim
2902 5022 3202 5092 capitulum
3262 5023 3379 5077 sive
3432 5027 3615 5073 summa
3652 5013 3797 5104 messis.

2337 5113 2492 5167 verbi
2542 5113 2798 5168 videlicet
2846 5113 3120 5179 salutaris,
3163 5123 3219 5168 et
3258 5114 3452 5168 divina:
3494 5102 3798 5178 praedicationis

2338 5214 2678 5259 mortuorum
2714 5213 2831 5259 erat
2887 5204 3238 5268 resurrectio,
3267 5204 3342 5259 ita
3374 5214 3427 5258 ut
3452 5198 3624 5254 Paulus
3659 5190 3795 5242 clama-

2340 5304 2455 5348 ret:
2497 5294 2602 5348 Viri
2633 5296 2914 5360 Pharisaei,
2945 5297 3008 5349 de
3036 5312 3123 5364 spe
3155 5305 3203 5349 et
3268 5290 3610 5349 resurrectione
3632 5283 3792 5334 morini"

2338 5404 2455 5440 rum
2484 5404 2576 5458 ego
2615 5389 2833 5458 judicor
2879 5390 3113 5451 hodie“,
3146 5389 3429 5459 Oportebat
3469 5370 3789 5469 satisfacti‘cntt'i

2337 5456 2961 5548 sequi—praedicationis,
3004 5496 3129 5534 nam
3176 5490 3232 5534 et
3255 5479 3525 5534 subsecuta
3561 5473 3643 5520 εει·

2338 5568 2483 5621 enim
2520 5569 2856 5639 manipulus,
2885 5579 2941 5625 ct
2967 5586 3110 5625 verte
3149 5568 3401 5639 primitias
3440 5568 3607 5617 nostra:
3641 5554 3785 5601 [πεδέων

2339 5679 2489 5718 nunc
2522 5663 2877 5736 intelligibilis
2921 5664 3179 5721 sacerdos
3213 5662 3471 5727 Christus,
3521 5654 3675 5717 corl’us
3702 5646 3784 5705 νην

2380 5841 2422 5875 ³¹
2453 5843 2575 5898 Act.
2600 5857 2756 5913 χχιιι,
2789 5842 2843 5899 6.
