4032 6428
136 383 361 455 1035

1326 398 1409 458 IN
1450 398 1887 460 LEVITICUM.
1920 424 1991 437 ·-
2030 402 2177 461 LIB.
2208 404 2309 467 VI.

3306 420 3443 489 1086

128 502 395 569 prium
424 522 453 560 a
480 507 709 562 mortuis
732 510 1039 577 suscitavit,
1070 511 1137 566 de
1167 527 1277 583 quo
1304 511 1503 566 Paulus
1532 512 1775 567 dicebat:
1808 519 1855 574 Α
1954 511 2021 567 Et
2061 514 2329 584 polentam
2366 525 2416 572 et
2459 519 2631 587 pultes
2682 538 2785 577 non
2830 528 3109 582 comedetis
3135 545 3200 583 ea:
3246 544 3436 602 segete,

128 591 211 645 Ν
214 612 369 652 unc
395 609 572 654 autem
626 601 862 657 Christus
894 606 1177 659 resurrexit
1221 622 1255 658 a
1317 606 1556 669 mortuis,
1590 604 1775 673 primi-

133 686 265 741 tias
362 694 813 749 dormientium".
869 695 973 750 Sed
1008 680 1377 766 quandohoe
1433 697 1637 752 factum
1667 705 1773 761 est,

130 779 380 837 altera
400 784 490 839 die
526 786 718 841 olferet
771 786 898 842 illud
927 790 1200 843 sacerdos’.
1260 789 1390 844 Esse
1429 800 1610 843 autem
1661 788 1775 858 pri-

134 885 349 928 mam
381 878 524 931 diem
547 877 843 932 Dominica!
899 880 1188 948 passionis,
1239 895 1299 933 ea
1327 896 1446 948 qua:
1495 888 1624 934 ante
1669 880 1773 933 hoc

137 963 466 1035 diximus,
495 969 874 1031 ostenderunt.
906 971 961 1024 in
1009 987 1115 1041 qua
1156 972 1417 1027 Dominus
1479 988 1635 1026 suam
1672 972 1773 1026 ho-

136 1053 362 1110 stiam
396 1046 503 1113 non
532 1060 648 1113 sine
673 1060 879 1115 ratione
912 1061 1266 1132 dispensavit.
1311 1064 1415 1116 Sed
1442 1063 1565 1132 quia
1595 1063 1769 1131 prima

139 1160 519 1216 azymorum
574 1152 719 1216 haec,
778 1164 832 1207 et
885 1154 1057 1223 prima
1116 1154 1393 1209 Paschalis
1458 1154 1768 1208 festivitatis

139 1234 505 1305 dicebatur,
555 1242 725 1296 altera
774 1245 889 1299 dies
933 1244 1202 1314 passionis
1257 1248 1584 1301 resurrectio
1633 1246 1762 1299 fuit:

146 1328 363 1400 hujus
412 1333 726 1404 rei‘gratia,
779 1351 903 1389 cum
943 1338 1213 1405 potuisset
1266 1338 1467 1401 dicere,
1525 1339 1764 1393 secunda

142 1435 511 1490 azymorum
538 1425 734 1479 offeret
775 1426 877 1482 hoc
928 1429 1202 1495 sacerdos,
1231 1445 1338 1483 non
1374 1431 1455 1485 sic
1502 1431 1658 1496 dixit,
1704 1439 1765 1485 ut

148 1528 294 1567 non
365 1516 437 1571 ad
492 1517 915 1588 subsequentem
965 1520 1108 1575 diem
1167 1522 1467 1578 deduceret
1518 1533 1761 1577 nostram

146 1606 603 1675 cogitationem,
656 1608 752 1663 sed
804 1617 860 1663 et
900 1609 953 1663 in
1004 1596 1301 1666 crastinum
1355 1614 1564 1683 primze.
1624 1614 1762 1669 Dicit

150 1707 378 1752 autem
413 1702 892 1767 resurrectionem,
925 1705 1051 1772 quia
1086 1705 1540 1773 quemadmodum
1569 1706 1761 1761 crasti-

152 1804 286 1843 nus
347 1790 466 1845 dies
496 1792 761 1846 hodierno
800 1795 1065 1860 succedit,
1116 1796 1193 1850 sic
1246 1797 1511 1852 successit
1540 1797 1756 1852 Domini

154 1883 434 1950 passioni
473 1885 822 1941 resurrectio.
870 1886 949 1941 Tu
980 1897 1161 1942 autem
1190 1890 1410 1944 attende
1457 1905 1519 1944 ea
1542 1905 1660 1959 quae
1699 1890 1756 1945 in

161 1974 659 2045 subsequentibus
724 1978 1003 2045 dicuntur,
1070 1990 1125 2035 et
1189 1981 1479 2035 verborum
1544 1981 1755 2038 custodi

163 2065 607 2124 districtionem.
640 2071 882 2125 Primum
913 2073 1059 2127 enim
1098 2074 1439 2142 manipulum
1486 2073 1758 2143 primitia-

170 2177 334 2227 rum,
384 2162 728 2219 sacerdotem
786 2165 1026 2219 ostendit
1070 2166 1413 2232 offerentem,
1462 2178 1585 2236 post
1649 2167 1755 2221 hoc

172 2262 370 2306 autem
400 2253 506 2306 ait:
539 2252 705 2322 Atque
737 2254 793 2305 in
835 2256 1012 2307 eodem
1050 2256 1134 2308 die
1181 2272 1281 2325 quo
1304 2257 1604 2326 manipulus
1634 2274 1755 2311 con-

183 2353 449 2409 secratur,
485 2345 697 2398 cedetur
739 2362 909 2416 agnus
956 2346 1335 2402 immaculatus
1374 2350 1651 2403 anniculus
1697 2350 1753 2404 in

190 2434 547 2489 holocaustum
580 2434 840 2521 Domino.‘

272 2527 461 2583 Volens
485 2543 576 2584 nos
596 2533 653 2582 ln
678 2529 767 2584 die
789 2545 895 2600 qua
922 2529 1262 2586 celebramus
1322 2531 1536 2587 Domini
1567 2546 1750 2587 resur-

184 2620 504 2685 rectionem,
561 2630 617 2675 et
668 2621 931 2690 manipuli
976 2622 1373 2693 intelligibilem
1422 2623 1751 2678 oblationem

176 2712 542 2778 celebramus,
590 2729 699 2767 non
755 2714 999 2769 oblivisci
1056 2715 1322 2769 Dominici
1376 2714 1650 2778 sacriﬁcii,
1686 2730 1752 2768 ex

171 2819 291 2872 quo
324 2804 482 2857 nobis
515 2813 598 2859 est
626 2805 828 2860 oblatio
847 2806 1111 2875 manipuli
1138 2825 1150 2860 :
1177 2808 1271 2861 sed
1315 2807 1513 2863 cedere
1549 2821 1749 2876 agnum

170 2895 587 2951 immaculatum
620 2898 937 2952 anniculum
970 2899 1025 2951 in
1073 2899 1450 2954 holocaustum
1498 2899 1748 2953 Domino.

166 2987 581 3060 fntelligibilem
637 3005 855 3060 agnum,
900 2989 1116 3046 Domini
1148 2992 1497 3046 traditionem
1548 2991 1749 3045 immo-

163 3080 354 3136 lantes
400 3082 649 3152 mystice,
705 3090 761 3137 et
818 3082 1168 3138 oﬂ‘erentes:
1221 3083 1391 3153 ipsius
1430 3092 1635 3148 autem,
1692 3094 1752 3140 ut

1878 620 2039 674 usque
2067 606 2139 659 ad
2159 605 2299 660 diem
2328 625 2429 679 quo
2481 612 2711 681 offeratis
2741 631 2805 669 ex
2830 633 2892 671 ea
2917 618 3027 672 Deo
3058 630 3249 676 vestro.
3281 622 3439 679 Prte-

1876 707 2079 766 ceptum
2107 706 2183 751 est
2209 703 2582 769 sempiternum
2604 706 2659 757 in
2694 711 3112 776 generationibus
3137 717 3440 786 cunctisque

1873 786 2190 843 habitaculis
2218 793 2422 846 vestris.
2461 792 2587 849 Sive
2624 800 2921 854 secundum
2952 801 3091 857 LXX
3118 822 3131 858 :
3178 804 3246 859 Et
3276 808 3438 877 fricta

1873 880 2115 935 cedrinea
2160 900 2264 936 non
2304 888 2715 956 manducabitis,
2752 908 2912 963 usque
2964 898 3021 949 in
3068 898 3216 951 illam
3266 902 3438 969 ipsam

1872 970 2008 1024 diem
2038 988 2302 1043 quousque
2352 977 2575 1045 oﬂ'eretis
2603 997 2819 1036 munera
2877 985 2987 1039 Deo
3015 1001 3203 1043 vestro.
3250 991 3436 1062 Legiti-

1872 1078 2013 1117 mum
2037 1072 2288 1118 wternum
2320 1068 2374 1118 in
2396 1071 2663 1138 progenies
2694 1085 2911 1129 vestras.
2945 1076 3145 1132 Novam
3198 1096 3434 1135 conver-

1869 1148 2131 1202 sationem
2183 1150 2579 1217 inchoabimus,
2635 1159 2945 1228 priusquam
2973 1164 3089 1218 dies
3128 1166 3428 1231 advenerit,

1867 1247 2157 1309 antequam
2189 1245 2444 1311 praedicta
2476 1246 2620 1302 bona
2656 1246 2768 1303 Deo
2804 1251 3150 1320 offerrentur,
3178 1270 3245 1309 ex
3304 1258 3430 1326 qui-

1864 1329 1968 1384 bus
2005 1332 2176 1396 nobis,
2211 1350 2333 1403 qua:
2371 1346 2453 1391 est
2497 1339 2553 1391 in
2600 1339 2819 1396 Christo
2867 1360 3004 1399 nova
3072 1357 3339 1412 creatura,
3371 1358 3429 1403 ei

1863 1440 2003 1479 nova
2029 1432 2377 1484 conversatio
2408 1435 2732 1489 annuntiata
2766 1445 2870 1502 est,
2908 1439 2976 1492 de
3021 1456 3127 1509 qua
3158 1442 3233 1495 ait
3283 1441 3430 1497 Pau-

1862 1517 1980 1571 lus:
2006 1518 2066 1572 Si
2092 1536 2197 1589 qua
2228 1524 2283 1574 in
2312 1522 2518 1577 Christo
2544 1541 2675 1579 nova
2704 1538 2969 1593 creatura,
3001 1543 3176 1585 vetera
3205 1533 3429 1585 transie-

1860 1617 2004 1674 runt,
2038 1626 2153 1663 ecce
2179 1613 2321 1681 facta
2346 1622 2465 1667 sunt
2487 1630 2617 1668 nova
2641 1618 2818 1670 omnia
2853 1634 2917 1672 ea:
2946 1619 3073 1686 Deo,
3104 1621 3194 1692 qui
3246 1637 3430 1676 recon-

1860 1699 2063 1753 ciliavit
2123 1719 2214 1756 nos
2263 1704 2363 1757 sibi
2407 1704 2491 1759 “.
2548 1704 2763 1761 Oblatio
2835 1710 2983 1764 enim
3062 1712 3416 1781 praesentium

1860 1792 2149 1859 donorum,
2183 1810 2343 1865 quam
2367 1811 2489 1851 esse
2529 1799 2845 1868 mysterium
2874 1800 3146 1871 Unigeniti
3173 1802 3425 1859 ostendi-

1861 1898 2005 1948 mus,
2035 1887 2410 1941 reconciliavit
2432 1903 2534 1942 nos
2572 1889 2700 1955 Deo,
2747 1902 2802 1944 et
2839 1891 3018 1946 cibum
3059 1891 3220 1946 nobis
3266 1907 3424 1949 novas

1859 1976 2095 2046 polenta:
2121 1988 2177 2033 et
2202 1980 2455 2049 pultium,
2492 1983 2607 2036 sive
2635 1990 2693 2035 ut
2723 1980 2885 2046 LXX,
2917 1990 3182 2052 cgtrorum
3218 1984 3424 2053 praesti-

1860 2064 1945 2118 tit.
1991 2063 2107 2120 Non
2139 2067 2285 2122 enim
2330 2084 2473 2123 nova
2531 2070 2733 2137 solum,
2776 2071 2871 2125 sed
2915 2080 2971 2127 et
3000 2081 3170 2142 cytra,
3215 2071 3419 2126 Christi

1856 2167 2127 2228 praecepta
2154 2168 2283 2213 sunt
2310 2160 2426 2216 sive
2454 2168 2511 2215 ut
2565 2163 2779 2217 mollia:
2818 2162 2896 2217 sic
2952 2164 3098 2218 enim
3137 2170 3287 2234 cytra
3328 2162 3417 2216 alii

1856 2248 2186 2319 interpretes
2233 2251 2543 2307 ediderunt.
2577 2254 2676 2307 Est
2714 2269 2843 2325 ergo
2869 2255 3049 2309 mollis
3096 2255 3418 2325 evangelica

1855 2340 2191 2409 praedicatio.
2219 2342 2470 2413 Accipite,
2497 2346 2643 2397 enim
2676 2346 2771 2412 ait,
2817 2347 3009 2417 jugum
3057 2363 3254 2413 meum,
3288 2348 3414 2417 quia

1851 2446 2011 2486 suave
2032 2442 2106 2486 est
2127 2434 2201 2486 ³³ε
2232 2433 2345 2488 sive
2380 2442 2440 2487 ut
2474 2435 2727 2491 manibus
2768 2441 3005 2493 contrita
3039 2447 3095 2492 et
3121 2440 3412 2494 mundata:

1853 2531 2005 2593 cytra
2034 2524 2179 2578 enim
2212 2534 2267 2579 et
2296 2525 2401 2580 hoc
2428 2525 2841 2595 interpretatur,
2875 2529 3003 2599 quia
3053 2529 3255 2585 Christi
3284 2528 3418 2598 dog-

1853 2624 1999 2669 mata
2077 2616 2349 2671 actionem
2408 2619 2633 2689 exigunt
2701 2629 2755 2674 et
2817 2620 3213 2675 correctionem
3269 2619 3415 2690 quod

1852 2720 2045 2759 manus
2076 2706 2408 2777 signiﬁcant.
2457 2707 2789 2777 Prwceptum
2835 2722 2909 2764 est
2942 2712 3316 2779 sempiternum
3358 2709 3417 2763 in

1850 2801 2291 2868 generationibus,
2347 2802 2649 2872 cunctisque
2688 2803 2999 2856 habitaculis
3052 2804 3254 2856 vestris.
3299 2802 3414 2856 Nec

1852 2890 2000 2945 enim
2028 2891 2200 2956 locus,
2247 2907 2351 2947 nec
2384 2904 2598 2963 tempus
2649 2894 2899 2948 immutat
2944 2894 3147 2949 Christi
3211 2903 3413 2966 myste—

1852 2983 2015 3048 rium,
2051 2999 2150 3054 per
2194 2985 2340 3053 quod
2388 2983 2571 3039 floruit
2636 2993 2782 3040 totus
2829 2987 3087 3053 mundus,
3144 2996 3199 3041 et
3248 2987 3413 3041 totius

1853 3083 2009 3128 terra:
2035 3074 2319 3138 habitatio,
2352 3076 2693 3129 concorditer
2723 3092 2787 3131 ea
2825 3092 2945 3146 qua:
2977 3079 3043 3132 ad
3070 3094 3197 3132 eum
3241 3079 3412 3149 perti-

161 3172 507 3227 sacriﬁcium
539 3173 798 3228 cedentes
824 3174 1144 3228 memoriam
1168 3174 1316 3230 fecit.
1359 3174 1548 3245 Neque
1601 3177 1744 3230 enim

1850 3176 2004 3232 nent,
2057 3169 2313 3223 custodit.
2372 3167 2497 3223 Haec
2543 3178 2724 3223 autem
2766 3170 3044 3239 legislator
3089 3171 3317 3239 dicens,
3355 3180 3412 3227 et

160 3264 353 3328 aliter,
386 3265 480 3319 sed
530 3280 626 3333 per
678 3265 796 3334 ejus
825 3266 1231 3321 meditationem
1289 3277 1346 3321 et
1402 3269 1656 3323 virtutem
1712 3286 1742 3323 a

158 3358 471 3411 sensilibus
495 3357 558 3411 ad
592 3358 950 3428 intelligibilia
982 3359 1386 3413 transferuntur
1418 3376 1482 3414 ea
1527 3378 1646 3431 qum
1686 3362 1739 3415 in

160 3443 256 3497 illo
297 3444 564 3499 sacriﬁcio
596 3456 949 3516 peraguntur.
984 3446 1049 3501 Et
1078 3448 1222 3517 quod
1254 3448 1358 3503 hoc
1405 3458 1488 3504 est
1526 3452 1738 3505 sacrifi-

159 3533 354 3587 cium?
384 3534 517 3588 Dute
552 3536 765 3590 decima:
793 3538 985 3591 simin
1036 3554 1325 3606 conspersa:
1353 3539 1484 3594 oleo.
1514 3540 1741 3611 Oportet

158 3625 323 3679 enim
351 3627 493 3681 scire
542 3628 842 3698 perfectam
884 3630 1301 3693 humanitatem,
1334 3640 1385 3687 et
1442 3634 1736 3702 perfectam

158 3716 511 3772 divinitatem
535 3729 968 3790 contemperare,
993 3722 1047 3776 id
1074 3732 1155 3777 est
1178 3724 1231 3777 in
1256 3740 1423 3778 unum
1445 3727 1737 3784 convenire

161 3806 217 3862 in
252 3808 406 3874 oleo,
438 3810 492 3864 id
522 3821 605 3866 est
638 3827 735 3883 per
767 3828 886 3867 eam
912 3828 1074 3883 quam
1110 3814 1253 3870 circa
1280 3831 1379 3869 nos
1406 3817 1570 3871 habet
1590 3834 1737 3873 com-

164 3901 481 3970 passionem
521 3904 645 3959 :sic
700 3904 844 3958 enim
876 3905 1205 3960 sacriﬁcium
1265 3908 1401 3961 odor
1454 3910 1736 3966 suavitatis

168 3989 406 4048 Domino
467 3994 763 4063 invenitur,
822 3998 1162 4070 sapientibus
1213 4000 1371 4055 nobis
1414 4003 1480 4056 de
1522 4018 1587 4057 eo
1614 4020 1734 4073 qua:

170 4086 337 4157 digna
374 4098 521 4143 sunt.
563 4088 622 4143 In
653 4091 853 4159 quibus
903 4103 1087 4146 autem
1141 4092 1489 4159 sacriﬁcium,
1546 4103 1599 4149 et
1636 4112 1735 4165 per

166 4193 305 4247 quos
331 4180 528 4252 agitur,
551 4183 822 4251 quomodo
847 4183 1156 4239 celebratur
1208 4185 1566 4256 intelligibilis
1605 4189 1731 4259 agni

172 4267 559 4339 oblatio,quod
610 4274 857 4338 sequitur
915 4274 1173 4328 ostendit.
1230 4274 1418 4344 Neque
1472 4278 1618 4330 enim
1674 4278 1729 4333 in

176 4360 445 4427 sanguine.
477 4376 653 4429 neque
685 4377 782 4431 per
828 4362 1217 4417 irrationabilia
1255 4365 1528 4428 animalia,
1558 4366 1728 4421 sacri-

172 4444 351 4502 ﬁcium
399 4467 428 4504 a
497 4452 655 4507 nobis
716 4452 860 4508 Deus
915 4454 1165 4523 suscipit,
1231 4456 1531 4511 secundum
1582 4458 1727 4529 quod

164 4542 447 4610 sequentia
478 4541 838 4607 demonstrat,
872 4542 949 4597 ait
986 4543 1165 4596 enim:

226 4630 361 4684 Liba
406 4648 606 4702 quoque
638 4634 768 4697 vini,
802 4641 997 4703 quarta
1030 4648 1155 4700 pars
1183 4632 1294 4697 hin,
1330 4648 1518 4701 panem
1554 4643 1603 4687 et
1631 4652 1728 4703 po-

157 4723 381 4779 lentam.
409 4723 547 4790 Quia
578 4725 799 4779 dubium
840 4725 1082 4780 futurum
1139 4735 1258 4780 erat
1287 4726 1491 4791 forsan,
1533 4743 1563 4781 a
1602 4728 1726 4798 qui-

153 4810 261 4867 bus
291 4812 609 4882 mysterium
642 4812 913 4880 sacriﬁeii,
962 4812 1104 4882 quod
1153 4828 1251 4882 per
1292 4813 1571 4868 Christum
1617 4825 1722 4880 est,

153 4905 304 4973 quod
367 4904 620 4974 superius
666 4905 903 4960 diximus
953 4906 1313 4959 celebratur:
1368 4906 1535 4960 habes
1595 4921 1723 4962 ecce

152 4992 516 5065 intelligibilis
550 4993 909 5049 Melchisedec
934 4994 1287 5056 oblationem,
1320 5009 1439 5063 qua:
1482 4993 1538 5047 in
1580 5009 1724 5063 pane

154 5096 209 5140 et
240 5086 370 5140 vino
400 5085 701 5156 perﬁcitur,
755 5086 807 5139 in
840 5101 943 5155 qua
980 5096 1170 5155 quarta
1200 5100 1326 5155 pars
1351 5085 1443 5139 hin
1481 5084 1536 5138 in
1570 5085 1725 5140 libris

153 5179 266 5233 vini
295 5179 549 5244 oﬁ'ertur,
584 5188 645 5232 ut
674 5194 771 5248 per
800 5188 1049 5248 quartam
1065 5178 1441 5249 Evangelicam
1474 5177 1724 5233 traditio-

161 5285 315 5335 nem,
366 5284 489 5339 quaa
522 5270 577 5323 in
613 5270 767 5323 libris
798 5276 1049 5339 §quatuor
1078 5277 1191 5325 est:
1244 5284 1342 5338 per
1406 5267 1723 5323 libationem

154 5377 291 5418 vero
323 5360 669 5416 Dominicum
704 5374 1010 5415 sermonem
1040 5360 1390 5431 signiﬁcaret,
1432 5374 1558 5413 cum
1594 5358 1673 5411 ait
1705 5373 1721 5411 :

157 5452 259 5508 Hic
282 5462 357 5508 est
381 5470 524 5507 meus
555 5453 772 5523 sanguis
804 5452 891 5521 qui
938 5468 1033 5519 pro
1064 5451 1205 5505 vobis
1225 5452 1473 5521 {nudetur
1489 5451 1568 5504 "z
1603 5450 1721 5505 sine

157 5544 544 5600 imminutione
581 5544 727 5599 enim
759 5541 1063 5613 signiﬁcare
1095 5542 1386 5613 legislatori
1432 5542 1609 5597 visum
1638 5551 1722 5598 est

158 5635 362 5693 Christi
386 5636 730 5707 mysterium,
757 5642 977 5707 propter
1006 5633 1154 5703 quod
1186 5642 1242 5688 et
1270 5633 1543 5690 subdidit:

1850 3259 2272 3313 resurrectionis
2301 3259 2641 3327 describens,
2664 3261 2963 3315 secundum
2987 3262 3205 3316 modum
3246 3278 3409 3333 quem

1848 3352 2155 3421 oportebat,
2208 3351 2474 3422 gratiam,
2520 3352 2589 3406 ad
2629 3352 3040 3417 Pentecostem,
3090 3369 3253 3423 quam
3308 3370 3411 3411 nos

1847 3441 2208 3505 celebramus,
2250 3456 2555 3496 sermonem
2582 3443 2851 3496 convertit
2878 3443 3100 3497 dicens:

1916 3532 2270 3586 Numerabitis
2288 3548 2407 3603 ergo
2425 3532 2491 3585 ab
2516 3532 2683 3586 altero
2705 3535 2790 3588 die
2810 3534 3048 3602 Sabbati,
3074 3537 3129 3588 in
3150 3552 3251 3606 quo
3269 3536 3409 3591 obtu-

1846 3627 1980 3681 listis
2036 3626 2368 3695 manipulum
2400 3627 2777 3697 primitiarum,
2815 3638 3010 3697 septem
3058 3630 3406 3685 hebdomadas

1842 3719 2025 3788 plenas
2054 3734 2214 3787 usque
2236 3718 2306 3771 ad
2324 3717 2550 3771 alterum
2575 3717 2713 3772 diem
2732 3720 3039 3789 expletionis
3066 3722 3405 3780 hebdomade:
3457 3742 3465 3752 ’

1842 3812 2096 3881 septimae,
2121 3811 2174 3863 id
2192 3819 2288 3875 est,
2315 3812 2696 3882 quinquaginta
2720 3812 2848 3877 dies,
2886 3824 2935 3867 et
2960 3815 3034 3867 sic
3061 3815 3283 3883 oﬂ’eretis
3308 3832 3401 3871 sa-

1842 3904 2094 3970 cri/icium
2126 3919 2313 3956 novum
2349 3902 2596 3956 Domino.
2635 3902 2772 3969 Quia
2822 3904 2986 3973 hujus
3029 3904 3398 3976 Pentecostes,

1839 4006 2019 4061 neque
2055 4000 2267 4061 tempus
2299 4007 2477 4061 neque
2510 4008 2774 4047 numerus
2802 4008 2834 4047 a
2854 3995 3057 4064 populo
3083 3996 3398 4054 Judazorum

1838 4083 2164 4148 custoditur,
2183 4081 2513 4138 sufﬁcienter
2529 4084 2582 4138 in
2601 4085 2973 4155 superioribus
2989 4097 3269 4144 ostensum
3289 4100 3394 4158 est,

1837 4191 1866 4230 a
1884 4176 2045 4231 nobis
2064 4186 2246 4229 autem
2273 4192 2395 4231 cum
2424 4178 2905 4247 contemplatione,
2938 4188 2993 4235 et
3010 4181 3189 4237 littera
3219 4194 3398 4241 custo-

1835 4264 2002 4319 ditur.
2053 4262 2275 4317 Planius
2324 4278 2452 4334 ergo
2500 4264 2777 4336 legislator
2829 4268 3192 4324 intentionem
3242 4287 3396 4328 suam

1835 4355 2205 4411 demonstrare
2226 4356 2435 4420 volens,
2460 4358 2528 4412 ab
2552 4358 2723 4413 altero
2748 4359 2835 4413 die
2869 4359 3085 4415 Sabbati
3120 4368 3397 4420 numerari

1834 4449 2092 4520 praecepit
2118 4449 2505 4521 quinquaginta
2537 4451 2675 4513 dies,
2714 4450 3053 4509 Dominicum
3086 4457 3229 4511 diem
3266 4474 3396 4528 pro-

1762 4553 1807 4609 ι)
1834 4541 1921 4594 cul
1951 4540 2115 4594 dubio
2142 4539 2330 4594 volens
2360 4540 2587 4611 intelligi
2624 4559 2637 4595 :
2672 4542 2760 4596 hic
2782 4543 2927 4598 enim
2960 4554 3045 4599 est
3070 4546 3237 4602 altera
3277 4549 3396 4605 dies

1831 4630 2072 4685 Sabbati.
2134 4630 2192 4684 ln
2235 4631 2339 4685 hac
2399 4632 2545 4687 enim
2585 4636 2914 4689 resurrectio
2965 4637 3105 4692 facta
3136 4648 3240 4704 est,
3287 4656 3393 4709 qua

1829 4722 2181 4775 hebdomade:
2208 4732 2569 4777 numerantur
2596 4732 2826 4793 septem,
2851 4741 3024 4795 usque
3057 4730 3122 4784 ad
3158 4731 3392 4785 alterum

1825 4808 1967 4864 diem
1995 4809 2325 4879 expletionis
2348 4812 2717 4867 hebdomadze.
2750 4813 3032 4870 Dominica
3058 4833 3245 4874 rursus
3277 4822 3389 4887 die,

1824 4899 2175 4957 Pentecostes
2210 4902 2548 4957 celebramus
2566 4904 2938 4973 festivitatem,
2971 4908 3025 4962 in
3068 4926 3174 4979 qua
3215 4915 3389 4970 sancti

1827 4991 2065 5062 Spiritus
2087 4992 2380 5047 adventum
2405 4995 2723 5049 meruimus.
2740 4994 2859 5051 Non
2884 4998 3083 5055 frustra
3101 5017 3166 5056 eo
3182 5013 3389 5074 septem

1825 5082 2289 5138 hebdomadarum
2317 5085 2608 5139 adventum
2636 5089 3028 5156 custodientes,
3058 5094 3153 5147 sed
3207 5104 3265 5149 ut
3291 5112 3390 5152 nos

1825 5190 2296 5245 cognosceremus,
2346 5176 2473 5246 quia
2522 5178 2660 5231 nihil
2710 5188 2888 5245 vetus,
2940 5184 3077 5238 nihil
3130 5188 3388 5243 saeculare

1825 5271 2083 5341 praecepit
2119 5272 2263 5325 Deus
2304 5288 2483 5342 agere,
2532 5273 2777 5344 nihilque
2822 5278 3161 5348 corruptioni
3215 5280 3386 5334 veteri

1826 5355 2153 5424 proximum,
2181 5355 2272 5425 qui
2295 5371 2420 5410 eum
2468 5359 2695 5428 cupiunt
2733 5362 3032 5431 percipere.
3069 5363 3135 5418 Et
3185 5379 3387 5420 novum

1829 5446 2153 5501 sacriﬁcium
2201 5447 2434 5505 Domino
2458 5458 2588 5507 tunc
2630 5451 2814 5506 oﬂ'erri
2857 5454 3041 5524 jussit,
3091 5458 3386 5512 adveniens

1826 5541 1970 5594 enim
1993 5540 2226 5610 Spiritus
2254 5551 2421 5596 totam
2452 5553 2694 5599 nostram
2726 5546 2887 5600 vitam
2911 5548 3214 5615 renovavit,
3238 5550 3384 5619 quod

1826 5631 2165 5687 conﬁrmavit
2189 5632 2388 5687 Christi
2413 5634 2785 5701 traditionem,
2802 5644 2856 5691 et
2885 5636 3143 5694 stabilivit
3158 5654 3391 5697 conver-

231 5808 275 5843 ⁸²
314 5808 478 5865 lCor.
509 5829 596 5877 xv,
634 5810 715 5864 l2.
794 5810 839 5842 ⁸³
864 5808 1029 5865 Marc.
1070 5827 1183 5875 xrv,
1218 5809 1337 5865 124.
1415 5809 1521 5864 “ll
1557 5808 1682 5864 Cor.
1707 5827 1738 5866 ν

1846 5810 1870 5861 “.
1946 5807 1991 5840 ³⁸
2012 5806 2201 5864 Matth.
2244 5825 2319 5874 XI,
2351 5809 2439 5866 50.
