3928 6442
610 381 748 449 1687

1786 388 2144 449 HESYCH-ll
2183 387 2658 448 PR‘ESBYTERI-
2688 361 2692 365 ’
2727 395 2742 409 ·

3742 383 3843 451 1‘le

613 503 879 563 sationem
923 518 1086 573 quam
1131 503 1184 557 in
1220 503 1324 557 illis
1354 503 1602 572 perfecit,
1633 505 1709 558 ait
1741 506 1921 559 enim:
1951 506 2023 558 De
2049 523 2161 558 meo
2191 511 2236 562 A
2263 516 2443 574 potest
2469 507 2655 559 dicere
2687 505 2939 558 Christus
2966 517 3163 565 aesus,
3198 499 3317 553 nisi
3357 499 3415 552 in
3443 496 3650 567 Spiritu
3676 516 3843 560 sant-tu.

605 595 851 663 accipiet,
885 604 934 647 et
972 594 1307 647 annuntiabit
1337 595 1477 648 vobis
1496 596 1560 648 ³⁸.
1607 595 1836 666 Propter
1881 597 2023 666 quod
2055 613 2167 652 non

605 687 710 740 alia
736 685 1088 740 hebdomadis
1116 687 1204 740 die
1233 686 1472 750 advenit,
1505 689 1597 741 sed
1623 689 1676 741 iu
1706 705 1811 756 qua
1839 691 2167 744 resurrectio

606 778 747 832 facta
776 786 880 840 est,
912 787 966 832 et
988 778 1300 847 manipulus
1339 780 1689 850 intelligibilis
1717 781 1926 834 oblatus
1956 789 2059 843 est,
2107 790 2171 835 ut

606 879 664 925 et
696 870 800 924 hoc
829 870 1103 938 probaret,
1143 869 1288 936 quod
1326 885 1464 924 nova
1511 872 1871 931 conversatio.
1902 887 2023 939 qua:
2065 887 2168 926 nos

610 961 914 1023 renovavit,
941 960 1219 1013 liberando
1241 976 1270 1013 a
1301 961 1650 1028 corruptione
1675 964 1958 1016 vetustatis
1982 977 2166 1017 resur-—

607 1051 852 1106 rectione
882 1051 1102 1114 Christi,
1137 1059 1193 1103 et
1212 1051 1386 1104 sancti
1417 1051 1650 1120 Spiritus
1668 1053 1904 1105 adventu
1923 1061 2165 1108 correcta

609 1147 715 1194 est.
751 1138 1056 1194 Manifestat
1100 1149 1282 1194 autem
1312 1140 1514 1195 oblatio
1544 1141 1662 1211 ipsa
1699 1143 1936 1212 speciem
1975 1141 2166 1196 hostiae

607 1244 769 1298 quam
807 1229 1064 1296 praecepit
1095 1229 1230 1282 ﬁeri.

678 1317 744 1372 Et
769 1321 848 1372 sic
874 1321 1097 1388 oﬂ'eretis
1116 1320 1430 1388 sacriﬁcium
1462 1336 1647 1373 novum
1673 1321 1911 1383 Domino,
1961 1338 2024 1374 ex
2053 1339 2166 1374 om-

609 1409 758 1462 nibus
785 1410 1200 1464 habitationibus
1224 1413 1431 1465 vestris.
1467 1411 1638 1466 Panes
1669 1415 2170 1478 primitiarumduos

617 1517 682 1554 ea:
703 1500 910 1555 duabus
936 1503 1149 1556 decimis
1197 1504 1385 1558 simila:
1410 1506 1752 1574 fermentata,
1793 1522 1916 1571 quos
1941 1507 2168 1574 coquetis

609 1591 666 1642 in
692 1593 956 1658 primitias
983 1594 1216 1655 Domini,
1252 1603 1302 1647 et
1332 1596 1553 1664 offeratis
1570 1612 1685 1648 cum
1725 1599 1946 1664 panibus
1975 1608 2168 1667 septem

611 1698 780 1751 agnos
821 1683 1216 1748 immaculatos,
1261 1686 1555 1748 anniculos,
1595 1687 1811 1740 vitulam
1842 1690 1904 1742 de
1934 1703 2169 1742 armento

609 1789 793 1838 unum,
842 1784 891 1827 et
923 1777 1111 1829 arietes
1141 1778 1292 1830 duos.
1340 1775 1547 1831 Novum
1605 1780 1924 1834 sacriﬁcium
1983 1783 2173 1836 dicens

2270 597 2410 665 Ergo
2432 612 2542 648 non
2562 607 2717 648 extra
2744 594 3004 648 rationem
3029 608 3172 648 cum
3212 599 3448 657 septem
3478 589 3638 656 agnis
3661 592 3844 648 vitulum

2270 686 2338 741 de
2364 702 2552 740 armen
2565 696 2618 738 to
2649 699 2886 754 praesens
2917 685 3181 739 continet
3208 681 3461 743 oblatio,
3492 680 3586 735 sed
3610 683 3848 740 evidenter

2270 775 2543 846 signiﬁcat
2577 775 2728 828 illum
2760 791 2828 829 ex
2851 783 3103 828 armento
3140 770 3480 832 Abraham,
3506 767 3677 834 Isaac,
3698 771 3848 836 Jacob,

2270 875 2328 919 et
2366 865 2531 920 David
2574 866 2874 920 secundum
2921 880 3154 920 carnem
3193 861 3447 916 factum.
3503 860 3640 916 Huic
3692 866 3843 921 ariete:

2271 957 2410 1012 duos
2437 957 2816 1010 immaculatos
2849 955 3171 1025 conjunxit,
3239 952 3592 1005 excellent-a
3643 957 3848 1010 mandata

2270 1056 2328 1102 et
2360 1048 2613 1112 virtutes,
2655 1064 2790 1117 quas
2817 1048 2971 1118 sequi
2999 1048 3142 1101 alias
3177 1045 3353 1099 velut
3384 1059 3528 1099 oves
3561 1057 3778 1114 oportet.
3807 1049 3846 1104 lu

2272 1139 2361 1192 bis
2385 1141 2554 1202 enim,
2579 1149 2769 1208 utpote
2800 1139 3214 1209 intelligibilem
3243 1135 3556 1190 inimicum
3579 1138 3848 1192 ventilanti-

2271 1230 2395 1292 bus,
2429 1230 2708 1284 munimen
2741 1239 2796 1284 et
2818 1229 3250 1284 indemnitatem
3303 1226 3547 1280 habent.
3586 1224 3712 1292 Quae
3753 1243 3845 1285 sunt

2271 1330 2451 1376 autem
2491 1320 2641 1375 hinc?
2665 1319 2724 1376 Si
2751 1322 2826 1374 vis
2853 1323 3108 1390 perfectus
3142 1335 3292 1380 esse,
3328 1317 3497 1381 uade,
3531 1320 3688 1368 vende
3711 1321 3843 1370 omnia

2273 1431 2389 1484 qua:
2426 1414 2602 1478 habes,
2634 1422 2679 1465 et
2711 1413 2778 1464 da
2807 1412 3150 1481 pauperibus.
3195 1418 3250 1463 et
3299 1408 3460 1474 veni,
3491 1423 3703 1478 sequere
3723 1412 3838 1464 me".

2271 1505 2562 1560 Maximum
2625 1506 2828 1575 quippe
2880 1505 3209 1558 mandatum
3288 1511 3408 1563 est,
3481 1500 3712 1554 vendere
3756 1518 3841 1568 qua:

2272 1596 2438 1650 habet
2470 1606 2523 1650 et
2558 1597 2690 1650 dare
2719 1595 3075 1665 pauperibus:
3127 1593 3468 1647 maximum
3502 1599 3681 1644 autem
3726 1593 3837 1660 sequi

2272 1687 2571 1749 Christum,
2605 1697 2662 1741 ut
2693 1703 2819 1740 cum
2874 1687 3134 1756 despectu
3167 1683 3485 1754 quippiam
3550 1682 3836 1749 possidendi,

2275 1779 2440 1833 etiam
2483 1779 2684 1842 omnia
2739 1793 2900 1847 agere
2979 1776 3306 1830 secundum
3378 1772 3712 1824 voluntatem
3767 1769 3834 1824 De:

610 1865 748 1935 legis
801 1868 1066 1921 sacriﬁcia
1122 1877 1178 1922 ut
1227 1877 1411 1922 vetera
1463 1872 1724 1934 excludit,
1792 1874 2169 1944 Evangelicam
2207 1857 2245 1911 Β
2273 1871 2487 1924 Domini
2517 1871 2853 1924 studeamus.
2892 1868 3004 1922 Hoc
3036 1877 3120 1921 est
3157 1865 3328 1919 enim
3375 1879 3512 1918 eum
3548 1863 3714 1931 sequi.
3737 1861 3831 1915 liae

610 1961 794 2006 autem
820 1971 918 2023 pro
944 1955 1054 2009 illis
1080 1957 1400 2010 introduxit.
1435 1959 1640 2012 Deinde
1670 1961 1894 2022 addens,
1929 1969 1992 2016 de
2025 1964 2172 2016 habi-

610 2045 896 2100 tationibus
957 2048 1161 2114 uestris,
1238 2047 1536 2105 Ecclesiam
1602 2052 1961 2121 signiﬁcavit,
2015 2057 2172 2125 eique

609 2135 816 2199 oﬁ'erri,
845 2153 965 2206 quae
1005 2139 1148 2195 dicta
1176 2151 1306 2196 sunt
1345 2145 1572 2211 aptavit.
1603 2143 1788 2215 Neque
1826 2148 1970 2201 enim
2003 2149 2167 2204 dixit:

611 2226 686 2280 Ex
716 2230 970 2285 omnibus
1003 2232 1344 2298 habitaculis,
1372 2237 1487 2300 sed,
1526 2237 1611 2291 Ex
1638 2241 1874 2293 omnibus
1907 2242 2172 2297 habitacu-

610 2319 676 2372 lis
707 2323 928 2378 uestris:
959 2332 1016 2376 ut
1041 2324 1289 2381 absolute
1315 2329 1629 2384 ostenderet
1657 2331 1870 2400 aliquod
1892 2333 2173 2390 habitacu-

611 2408 723 2464 lum
753 2413 1111 2482 praacipuum,
1154 2417 1222 2471 de
1251 2434 1360 2486 quo
1383 2419 1456 2473 ait
1502 2421 1704 2476 David:
1740 2423 1892 2478 Beati
1916 2428 2004 2495 qui
2032 2428 2174 2480 habi-

610 2500 808 2554 tantin
831 2503 984 2555 domo
1012 2505 1264 2560 tua".Et
1293 2523 1512 2562 rursus:
1539 2509 1706 2565 Unam
1725 2514 1850 2579 petii
1868 2530 1900 2566 a
1927 2513 2169 2584 Domino,

610 2590 748 2644 hanc
767 2594 1053 2663 requirant,
1075 2605 1131 2649 ut
1149 2598 1431 2653 inhabitem
1455 2601 1509 2652 in
1537 2602 1689 2655 domo
1711 2602 1921 2658 Domini
1939 2609 2171 2663 omnibus

611 2681 790 2738 diebus
817 2687 940 2740 vita
989 2689 1194 2742 mete".
1242 2689 1309 2744 Et
1334 2705 1502 2758 panes
1546 2694 1762 2762 quidem
1809 2697 2169 2765 primitiarum

613 2771 772 2839 duos,
800 2775 971 2847 legem
996 2790 1050 2834 et
1086 2779 1473 2852 Evangelium;
1504 2799 1674 2853 panes
1709 2789 1855 2841 enim
1903 2800 2030 2844 sunt
2063 2791 2168 2847 cibi

609 2860 918 2919 animarum
949 2865 1209 2934 ﬁdelium,
1245 2873 1590 2929 continentes
1615 2886 1740 2930 sunt
1763 2887 1942 2944 autem
1967 2890 2019 2936 et
2053 2886 2170 2952 pri-

611 2952 911 3021 mitiarum,
964 2957 1080 3013 sive
1130 2971 1188 3014 ut
1218 2961 1380 3028 LXX,
1413 2967 1646 3027 separati
1674 2983 1692 3020 :
1725 2971 1976 3038 quoniam
2019 2974 2167 3031 omni

610 3043 832 3112 quidem
868 3048 1132 3118 sapientia
1160 3061 1289 3108 sumt
1322 3055 1581 3126 praecipui
1615 3074 1628 3112 :
1659 3058 1727 3114 ab
1758 3075 1818 3116 ea
1842 3070 2021 3118 autem
2047 3079 2168 3132 quae

611 3133 853 3190 exterior
879 3146 982 3199 est,
1039 3145 1273 3210 separati
1326 3145 1581 3200 videlicet
1624 3159 1678 3203 et
1716 3153 1970 3220 sejuncti.
2031 3156 2172 3212 Sunt

613 3237 742 3296 ergo
769 3242 836 3282 ex
853 3229 1065 3286 duabus
1093 3235 1320 3290 decimis
1350 3239 1537 3294 similae
1566 3241 1920 3310 fermentatus,
1948 3263 2011 3301 ex
2047 3250 2173 3303 doc-

611 3318 756 3373 trina
783 3336 904 3390 quae
950 3326 1249 3392 perfectam
1287 3330 1378 3384 Dei
1411 3331 1745 3389 divinitatem
1775 3347 1830 3392 et
1877 3340 2170 3408 perfectam

613 3409 1012 3471 humanitatem
1043 3421 1230 3483 tradit,
1255 3437 1356 3478 nec
1381 3424 1539 3479 aliter
1560 3428 1718 3496 coqui
1750 3431 1854 3484 nisi
1884 3447 1979 3500 per
2011 3435 2171 3489 talem

615 3501 918 3558 doctrinam
978 3518 1229 3576 possunt.
1300 3511 1408 3567 Sed
1483 3516 1736 3584 primitiae
1794 3519 1987 3576 horum
2047 3536 2176 3582 sunt

617 3591 867 3650 Domino.
901 3597 1117 3655 Primus
1139 3603 1284 3658 enim
1305 3605 1587 3670 Dominus,
1613 3611 1704 3678 qui
1729 3611 1899 3684 legem
1925 3618 2170 3684 perfecit.

613 3692 673 3738 et
703 3685 1054 3757 Evangelium
1087 3703 1208 3760 post
1232 3695 1335 3749 hoc
1354 3697 1541 3752 docuit
1565 3717 1578 3752 :
1602 3701 1809 3764 Audite.
1834 3709 1959 3768 quia
1979 3710 2175 3766 dictum

613 3787 691 3830 est
716 3779 980 3843 antiquis:
1027 3782 1145 3837 Non
1187 3789 1406 3843 occides.
1463 3791 1576 3862 Ego
1625 3807 1801 3850 autem
1830 3800 1944 3853 dico
1988 3804 2129 3858 vobis
2154 3821 2174 3857 :

617 3867 799 3924 Omnis
828 3873 918 3941 qui
953 3873 1204 3930 irascitur
1239 3880 1398 3950 fratri
1437 3899 1536 3939 suo
1576 3886 1686 3940 sine
1708 3905 1868 3945 causa
1922 3910 2039 3948 reus
2076 3898 2173 3952 erit

609 3959 897 4028 judicio”.
949 3965 1246 4037 Conjunxit
1291 3973 1435 4028 enim
1492 3975 1584 4031 hic
1635 3978 1806 4049 legem
1861 3983 2172 4056 Evangelia,

615 4061 841 4120 pr0pter
866 4056 1012 4123 quod
1045 4058 1168 4126 ejus
1189 4062 1439 4128 primitiae
1478 4066 1752 4124 dicuntur.
1784 4071 1937 4138 Quod
1982 4086 2039 4131 et
2067 4078 2174 4132 Lu-

615 4155 708 4194 cas
741 4142 1092 4210 conﬁrmans,
1141 4150 1410 4219 primitias
1460 4171 1618 4211 veras
1653 4160 1811 4214 nobis
1856 4165 2171 4231 ostendens,

616 4234 872 4301 scripsit:
904 4235 1145 4293 Primum
1182 4244 1385 4311 quidem
1407 4263 1688 4302 sermonem
1715 4252 1813 4321 feci
1840 4255 1903 4307 de
1922 4256 2172 4320 omnibus,

615 4340 646 4376 o
697 4323 989 4397 Theophila,
1043 4348 1159 4401 quae
1207 4335 1356 4402 erepit
1396 4335 1546 4391 Jesas
1595 4341 1764 4409 facere
1817 4352 1866 4395 et
1915 4345 2091 4399 docere
2108 4346 2170 4402 ιθ.

615 4415 824 4472 Offerre
849 4429 1030 4474 autem
1062 4424 1144 4477 eis
1175 4434 1382 4494 septem
1411 4443 1580 4497 agnos
1615 4431 1991 4489 immaculatos
2018 4438 2174 4492 anni-

2275 1978 2406 2032 ergo
2432 1963 2706 2025 mandata,
2748 1971 2932 2029 utpote
2960 1968 3191 2029 propter
3225 1957 3656 2010 immaculatum
3708 1959 3831 2008 vitam
3890 2007 3891 2033 ι

2272 2061 2326 2104 et
2355 2051 2650 2120 perfectam
2705 2051 3027 2111 constituta,
3067 2049 3292 2101 arietes
3313 2047 3692 2119 appellantur,
3735 2047 3827 2113 quia

2273 2145 2473 2198 arietes
2495 2143 2642 2197 omni
2679 2158 2838 2212 grege
2872 2142 3310 2196 excellentiores
3357 2149 3517 2192 sunt.
3553 2139 3741 2191 Horum
3767 2154 3830 2188 sa-

2275 2235 2541 2289 criﬁcium
2573 2246 2628 2289 et
2653 2235 2836 2288 Iibatio
2868 2233 3097 2288 scientia
3137 2231 3422 2286 videlicet
3462 2240 3521 2284 ct
3576 2231 3820 2283 correcﬁo:

2274 2328 2411 2381 odor
2463 2328 2748 2382 suavitatis
2797 2339 2882 2380 est
2927 2325 3186 2388 Domino,
3240 2325 3342 2378 ille
3397 2324 3470 2378 de
3527 2338 3634 2392 quo
3671 2323 3822 2374 Paulus

2248 2420 2519 2484 dicebat.
2555 2419 2665 2472 Deo
2687 2428 2862 2472 autem
2897 2421 3119 2489 gratias,
3173 2421 3276 2490 qui
3324 2435 3538 2487 semper
3580 2419 3816 2485 triumphat

2275 2527 2365 2565 nos
2381 2513 2434 2564 in
2453 2510 2656 2566 Christo
2683 2510 2827 2575 Iesu,
2846 2518 2894 2564 et
2924 2511 3134 2564 odorem
3154 2512 3412 2565 scientiw
3441 2525 3554 2564 sure
3569 2509 3815 2577 manifestat

2274 2618 2366 2672 per
2396 2618 2507 2666 nos,
2533 2602 2657 2671 quia
2685 2600 2878 2654 Christi
2908 2600 3070 2654 bonus
3101 2601 3244 2654 odor
3273 2617 3466 2656 sunms
3480 2600 3542 2653 “.
3574 2598 3807 2652 Verumta-

2274 2695 2403 2743 men
2458 2705 2567 2743 non
2623 2702 2792 2758 usque
2848 2689 2915 2742 ad
2948 2689 3063 2742 haec
3104 2687 3465 2744 oblationem
3517 2685 3812 2739 Pentecostes

2276 2781 2486 2836 statuit.
2524 2780 2661 2834 Dicit
2692 2789 2873 2834 autem
2899 2789 2954 2834 et
2986 2782 3227 2850 reliqua,
3252 2781 3387 2850 quia
3426 2779 3654 2833 maxime
3680 2777 3801 2845 spiri-

2277 2874 2378 2936 tui,
2411 2872 2568 2939 cujus
2590 2871 2851 2940 przedicta
2888 2871 3158 2925 festivitas
3188 2880 3302 2930 est.
3339 2871 3603 2942 perfectio
3634 2882 3805 2936 compe-

2276 2963 2358 3013 tit.
2392 2961 2532 3026 Quid
2566 2975 2691 3032 ergo
2726 2959 2837 3014 ait?
2881 2959 3107 3012 Facietis
3139 2969 3192 3012 et
3230 2960 3442 3012 hircum
3475 2974 3569 3026 pro
3619 2965 3796 3025 peccato.

2277 3050 2618 3107 Pmnitentim
2645 3053 2995 3106 introducens
3022 3065 3369 3106 sermonem.
3403 3049 3638 3120 Duosque
3680 3062 3798 3116 agnos

2276 3144 2566 3204 anniculos,
2589 3145 2782 3198 hostias
2815 3144 3175 3213 paci/icorum.

2345 3235 2436 3288 Illa
2493 3235 2645 3288 Pauli
2699 3234 2947 3288 mandata
3004 3234 3360 3302 signiﬁcans,
3411 3231 3590 3284 Pacem
3643 3244 3788 3285 meam,

2275 3325 2472 3396 inquit,
2504 3327 2782 3395 sequimini
2827 3342 2944 3379 cum
2992 3325 3260 3387 omnibus,
3324 3335 3374 3377 et
3427 3319 3786 3375 sanctimoniam.

2272 3422 2385 3473 sine
2428 3419 2611 3488 quibus
2658 3435 2806 3472 nemo
2843 3418 3029 3472 uidebit
3075 3416 3331 3471 Deum".
3389 3414 3519 3481 Quae
3557 3412 3666 3480 quia
3709 3424 3779 3479 per

2276 3511 2633 3579 apostolicam
2690 3510 2929 3581 linguam
2980 3525 3241 3579 expressa
3311 3517 3503 3572 erant,
3549 3502 3702 3558 oﬂ‘erri
3738 3514 3782 3552 ea

2275 3601 2538 3673 prmcepit
2594 3616 2718 3654 cum
2791 3600 3022 3671 panibus
3086 3599 3462 3669 primitiarum
3522 3607 3641 3664 quos
3690 3603 3778 3643 esse

2274 3688 2475 3744 Chrzsti
2517 3686 2818 3742 doctrinam
2865 3686 3121 3741 diximus.
3153 3685 3214 3740 In
3251 3683 3602 3754 sequentibus
3637 3691 3770 3730 rursus

2275 3781 2384 3836 ait:
2443 3779 2672 3849 Cumque
2709 3780 2984 3834 elevaverit
3042 3796 3106 3833 ea
3159 3779 3412 3833 sacerdos
3457 3791 3566 3829 cum
3604 3765 3756 3839 ρακίθω

2275 3873 2636 3944 primitiarum
2676 3888 2852 3925 coram
2884 3871 3125 3928 Domino.
3157 3871 3476 3927 Secundum
3503 3862 3615 3920 LXX
3631 3867 3753 3956 anteit!

2275 3966 2385 4020 sic:
2422 3963 2484 4016 Et
2506 3964 2772 4033 separabit
2800 3979 2862 4016 ea
2888 3965 3128 4017 sacerdos
3154 3957 3495 4034 separatioiie
3522 3971 3617 4012 cum
3651 3961 3756 4048 ραξίο

2275 4058 2368 4112 bus
2397 4057 2756 4126 primitiarum
2786 4065 2908 4108 ante
2936 4054 3242 4121 Dominum,
3280 4071 3401 4108 cum
3432 4050 3597 4106 duobus
3630 4054 3761 4143 agit“.

2278 4147 2594 4220 signiﬁcans
2621 4147 2709 4200 cui
2741 4145 2989 4208 Domino,
3018 4145 3112 4199 ait.
3131 4145 3454 4213 Cedentque
3479 4143 3520 4196 iu
3554 4144 3757 4231 αειιςει-υς

2276 4237 2576 4294 sacerdotis
2591 4236 2876 4290 oﬁerentis
2909 4253 2994 4303 ea,
3027 4231 3623 4300 videlicetChristinsc
3645 4234 3760 4323 enim

2276 4339 2463 4385 noster
2515 4329 2792 4389 sacerdos,
2825 4329 2941 4398 ipse
2991 4343 3180 4385 noster
3216 4330 3478 4385 Dominus
3503 4331 3586 4377 est.
3626 4317 3758 4385 ipsius

2276 4423 2422 4476 sicut
2455 4435 2626 4493 panes
2655 4421 3037 4491 primitiarum,
3089 4423 3169 4476 sic
3196 4432 3253 4476 et
3295 4420 3415 4489 agni
3457 4412 3759 4471 mandatorum

615 4506 770 4562 culos
803 4512 1084 4582 praecepit,
1126 4493 1269 4571 dona
1295 4493 1742 4589 signiﬁcansqua:
1771 4533 1898 4578 sunt
1925 4526 2168 4595 spiritus,
2206 4522 2248 4577 D
2277 4516 2664 4586 Ρπεῖέάίυιοτυιη
2708 4522 2856 4577 sum,
2919 4512 3034 4581 ίνεθ
3080 4514 3225 4566 ("lim
3279 4520 3411 4572 οτίηο
3447 4506 3529 4577 qi!"
3554 4504 3598 4555 ίη
3621 4497 3668 4595 _P
3668 4493 3759 4595 3'1"”

616 4597 686 4652 de
705 4601 902 4669 quibus
918 4605 1171 4662 Salomon
1204 4608 1258 4661 in
1292 4607 1598 4666 Proverbiis
1614 4613 1830 4669 dicebat
1859 4632 1872 4670 :
1899 4615 2170 4686 Sapientia

613 4689 891 4760 ludiﬁcabit
948 4696 1047 4749 sibi
1099 4699 1328 4764 domum,
1385 4703 1546 4754 erexit
1581 4703 1851 4760 columnas
1894 4718 2084 4776 septem
2104 4711 2167 4772 ³³,

611 4777 834 4840 Planius
879 4797 1060 4843 autem
1123 4787 1288 4846 Isaias
1320 4791 1560 4856 tradidit,
1597 4793 1665 4847 Et
1698 4798 1972 4865 requiescet
2016 4816 2172 4868 super

612 4889 728 4928 eum
755 4877 989 4944 Spiritus
1012 4879 1301 4938 Domini".
1353 4884 1467 4938 Nec
1508 4887 1677 4941 tacuit
1711 4904 1854 4956 quas,
1879 4891 1965 4944 vel
2013 4893 2171 4960 cujus

613 4967 830 5020 numeri
881 4979 1067 5025 essent
1133 4972 1295 5035 dona,
1357 4976 1647 5029 subintulit
1699 4977 1847 5032 enim
1886 4994 1901 5032 :
1941 4979 2171 5048 Spiritus

613 5057 888 5126 sapientia:
918 5069 967 5113 et
1011 5061 1320 5128 intellectus,
1356 5067 1571 5134 spiritus
1599 5069 1805 5122 consilii
1832 5079 1879 5124 et
1904 5072 2173 5142 fortitudi-

617 5144 718 5208 nis,
777 5147 991 5214 spiritus
1041 5151 1270 5206 scientiae
1304 5163 1352 5206 et
1414 5155 1643 5222 pietatis,
1681 5165 1728 5208 et
1771 5157 2002 5224 implebit
2053 5173 2173 5210 eum

618 5235 836 5302 spiritus
859 5238 1062 5295 timoris
1094 5243 1302 5296 Domini
1321 5245 1382 5299 “.
1410 5247 1592 5316 Agnos
1613 5257 1792 5302 autem
1838 5248 1953 5303 haec
1981 5250 2173 5319 appel-

620 5325 694 5379 lat
733 5327 897 5388 dona.
946 5333 1012 5386 ad
1074 5337 1443 5390 ostensionem
1493 5339 1619 5405 quia
1659 5338 1893 5408 Spiritus
1946 5351 2168 5396 sanctus

614 5432 785 5472 unum
815 5431 896 5476 est
923 5423 975 5475 in
999 5422 1236 5489 Christo,
1259 5426 1327 5481 de
1345 5442 1451 5496 quo
1472 5429 1676 5483 dictum
1707 5439 1790 5484 est
1811 5447 1824 5482 :
1846 5431 1978 5484 Ecce
1991 5430 2168 5502 Agnus

614 5511 733 5580 Dei,
769 5529 882 5570 ecce
923 5517 1012 5586 qui
1062 5517 1197 5570 tollit
1247 5529 1462 5586 peccata
1513 5519 1768 5575 mundi“.
1803 5520 1956 5577 Unde
2011 5537 2171 5578 nemo

2278 4607 2616 4676 loquebatur,
2649 4605 2764 4676 ipse
2808 4605 3015 4666 omnia,
3078 4621 3199 4674 qua:
3251 4606 3392 4660 dicta
3427 4603 3557 4658 sunt,
3593 4586 3757 4681 obtulit.

2276 4701 2470 4753 Pacem
2497 4699 2640 4751 enim
2665 4699 2732 4752 tle
2766 4713 2872 4765 quo
2896 4695 3094 4751 Paulus
3121 4697 3363 4756 mandat,
3396 4690 3580 4761 primus
3615 4679 3754 4774 Domi:

2277 4807 2380 4846 nus
2419 4788 2702 4858 discipulis
2730 4787 3094 4850 annuntiavit,
3145 4797 3201 4842 et
3229 4777 3628 4841 sanctimoniam,
3653 4768 3755 4819 Sicut

2275 4892 2496 4940 sanctus
2547 4891 2881 4946 sanctorum,
2930 4898 3094 4952 super
3130 4896 3321 4936 omnes
3350 4866 3624 4930 custodivit.
3661 4870 3750 4911 "3'"

2273 4977 2389 5047 ipse
2420 4983 2539 5030 erat
2584 4975 2651 5029 de
2679 4991 2787 5044 quo
2824 4973 3036 5029 Gabriel
3076 4973 3268 5044 virgini
3320 4959 3748 5067 dixitnzml’rop‘tfza

2273 5044 2410 5139 quod
2440 5077 2680 5122 nascetur
2714 5083 2776 5120 ea:
2805 5076 2852 5119 te
2877 5063 3414 5125 sanctum,uocabitur
3441 5053 3590 5108 Filius
3610 5044 3688 5097 Dei
3705 5044 3744 5085 "-

2273 5160 2661 5214 Verumtamen
2697 5159 2739 5212 si
2769 5158 2852 5212 vis
2885 5157 2991 5212 diei
3016 5157 3082 5212 de
3111 5173 3219 5226 quo
3241 5167 3412 5211 sermo
3431 5155 3524 5206 est,
3553 5141 3740 5200 compre'

2273 5253 2515 5308 bendere
2554 5250 2955 5314 excellentiam,
2989 5249 3444 5304 conﬁrmationem
3467 5243 3626 5292 eorum
3657 5232 3742 5290 qm"

2274 5345 2342 5400 de
2359 5361 2426 5400 eo
2455 5345 2598 5399 dicta
2617 5351 2764 5402 sunt.
2796 5343 3028 5412 respice.

2345 5438 2412 5492 Et
2446 5436 2696 5490 uocabitis
2727 5436 2861 5488 hunc
2892 5435 3026 5487 diem
3057 5432 3427 5487 celeberrimum
3471 5428 3601 5486 atque
3620 5416 3735 5500 {Mf’

2276 5532 2556 5595 tissimum,
2585 5544 2735 5582 omne
2755 5542 2882 5597 opus
2909 5525 3089 5580 servile
3116 5540 3217 5578 non
3239 5518 3422 5595 facietis
3451 5513 3500 5564 in
3530 5521 3594 5559 eo.
3622 5497 3730 5562 Legi-

684 5713 730 5745 ³⁸
756 5714 910 5770 Joan.
945 5733 1055 5780 xvi,
1087 5717 1171 5780 14,
1201 5717 1285 5773 15.
1379 5718 1422 5750 ³⁷
1450 5718 1540 5775 Ps.
1563 5736 1784 5784 Lxxxtn,
1807 5720 1859 5774 5.
1935 5721 1980 5754 ³³
2018 5721 2108 5778 Ps.
2137 5740 2164 5776 x

696 5783 774 5812 Ιση
836 5802 887 5812 ..-
940 5786 974 5812 ο
1052 5787 1095 5812 ΕΙ
1116 5787 1222 5812 ζιελ
1291 5788 1337 5812 ιιι
1369 5788 1492 5812 1--..
1541 5808 1555 5812 -
1605 5791 1672 5812 an
1734 5793 1778 5812 LI
1798 5792 1954 5812 ll-..l.
2006 5810 2089 5812 ,γη
2141 5794 2170 5812 n

2273 5722 2704 5812 ,τ’Μειιιιι
2728 5721 2906 5812 ree-
2931 5722 3244 5812 ..‘:.ut-._u
3281 5723 3352 5812 ί.-.
3397 5708 3584 5812 tua:
3608 5687 3723 5812 tul:

618 5782 664 5815 υ
696 5783 800 5838 lsa.
836 5802 910 5850 χι,
940 5786 996 5840 2.
1044 5776 1095 5818 ἰ·
1116 5776 1244 5843 ibid.
1291 5788 1693 5855 “Joan.t,29.
1734 5776 2112 5857 “Mattthx,
2141 5794 2170 5847 ε

2273 5776 2353 5826 ἰε
2373 5792 2414 5847 ιι
2432 5794 2557 5850 Cor.
2591 5776 2658 5857 n,’
2684 5776 2890 5858 una.
2930 5794 2971 5826 ιτ
3004 5776 3267 5858 ueneni,
3302 5790 3376 5845 tt.
3408 5783 3446 5816 δ’
3475 5776 3585 5832 Luco
3613 5781 3642 5829 ιο
