4032 6424
147 373 319 440 1089

1305 370 1390 434 ΙΝ
1424 364 1863 432 LEVITICUM.
1901 387 1971 398 -·
1995 360 2159 422 'LIB.
2183 359 2292 422 3V1.

3274 348 3414 414 1090

141 499 370 544 tantum
415 489 789 560 sempiternum
840 489 939 543 erit
989 489 1046 543 in
1100 489 1296 542 cunctis
1344 488 1653 541 habitaculis
1699 493 1747 538 et
1776 486 1822 542 Α
1919 478 2129 548 Paupcr
2181 487 2364 532 autem
2420 482 2476 530 et
2522 473 2614 530 hic
2648 460 2868 535 dicitur,
2897 470 3022 540 quia
3047 477 3272 540 propter
3311 483 3417 524 nos

135 582 599 650 generationibus
621 583 824 635 vestris.
855 581 993 646 Quid
1034 595 1164 651 ergo
1200 580 1253 632 in
1276 595 1338 633 ea
1374 588 1486 634 est:
1521 577 1662 646 quod
1689 577 1744 630 in

139 671 265 726 his
295 671 562 726 excellet?
587 672 724 727 Ecce
753 671 898 726 enim
921 679 976 725 et
995 671 1132 724 alios
1159 670 1274 723 dies
1312 677 1530 723 sanctos
1559 667 1747 736 appel-

141 760 276 825 l'at,
312 763 407 816 sed
459 770 512 815 et
541 763 608 816 de
656 763 759 816 hoc
802 761 1036 830 primum
1079 761 1271 829 inquit,
1325 770 1377 813 et
1410 757 1750 828 appellabitis

141 851 340 907 hunc
378 853 521 906 diem
550 853 992 913 celeberrimum,
1017 860 1071 904 et
1101 860 1223 920 post
1255 851 1386 903 hoc:
1409 860 1568 918 atque
1591 865 1750 903 sauc-

143 949 476 1013 tissimum,
511 961 572 1002 ut
622 951 675 1002 in
707 965 772 1003 eo
805 963 1170 1017 cognosceres
1203 948 1334 1017 quid
1386 959 1440 1001 et
1480 963 1602 1001 cum
1633 946 1752 1000 aliis

137 1054 495 1104 commune,
537 1051 589 1095 et
619 1042 745 1110 quid
794 1041 848 1093 in
883 1058 942 1095 se
973 1041 1249 1110 proprimn
1291 1041 1495 1104 habet;
1530 1039 1584 1092 in
1631 1041 1750 1109 ipso

143 1133 332 1186 enim
356 1133 596 1202 gentium
639 1135 850 1188 vocatio
882 1150 990 1188 non
1025 1137 1302 1204 praedicari
1341 1136 1539 1198 solum,
1576 1136 1669 1189 sed
1699 1143 1751 1188 ct

145 1226 400 1293 operari
437 1227 621 1294 coepit,
651 1227 870 1294 quando
896 1226 1100 1291 Parthi,
1134 1238 1180 1280 et
1209 1226 1370 1292 Medi,
1405 1237 1450 1281 et
1485 1227 1751 1288 Elamita',

149 1324 230 1367 et
257 1317 352 1385 qui
381 1317 621 1370 habitant
648 1318 1096 1386 Mesopotamiam,
1119 1319 1378 1379 Judwam.
1413 1332 1459 1372 et
1499 1318 1754 1386 Pamphi-

155 1405 340 1471 liam,
381 1423 681 1477 omnesque
725 1412 944 1479 reliquae
976 1420 1182 1479 gentes,
1218 1428 1350 1480 quas
1376 1410 1551 1464 Lucas
1592 1412 1755 1464 dinu-

155 1497 440 1560 nleravit,
480 1499 667 1550 audire
712 1499 1010 1567 apostolos,
1065 1501 1257 1570 linguis
1318 1501 1426 1553 suis
1484 1499 1755 1570 magualia

155 1587 284 1641 Dei
315 1590 660 1657 loquentes”,
696 1591 1159 1660 praedicantesque
1189 1600 1492 1661 cceperunt.
1539 1593 1757 1646 Nullum

159 1695 316 1750 ergo
345 1698 486 1749 opus
528 1683 724 1734 servile
752 1684 804 1734 in
830 1683 922 1735 illo
954 1685 1040 1737 die
1069 1685 1352 1747 faciamus,
1389 1683 1440 1737 id
1481 1692 1585 1745 est,
1614 1683 1756 1750 quod

164 1770 250 1824 ad
281 1772 603 1824 servitutem
637 1773 891 1840 pertinet,
917 1773 1009 1826 sed
1045 1772 1340 1841 legitimum
1365 1770 1755 1839 sempiternum

171 1863 243 1916 in
307 1863 524 1917 cunctis
579 1863 902 1916 habitaculis
958 1873 1013 1916 et
1056 1861 1502 1933 generationibus
1557 1859 1758 1913 nostris

177 1969 493 2018 servemus,
528 1955 667 2007 nihil
691 1955 889 2008 servile
921 1963 1212 2024 aperantes
1244 1954 1296 2007 in
1350 1963 1618 2022 tempore,
1650 1966 1758 2021 quo

182 2046 258 2100 ad
292 2061 392 2100 nos
421 2045 842 2115 venitSpiritus,
869 2046 992 2114 quia
1029 2046 1118 2098 ubi
1143 2043 1370 2115 Spiritus
1398 2043 1636 2109 Domini,
1686 2042 1759 2095 ibi

187 2132 427 2196 libertas,
451 2134 594 2188 sicut
620 2132 819 2187 Paulus
850 2133 1069 2203 scripsit
1091 2127 1156 2179 "-

267 2244 423 2300 Vens.
449 2247 540 2300 29..
571 2265 590 2296 ς
619 2245 910 2313 Postquam
937 2253 1119 2298 autem
1152 2243 1490 2298 messueritis
1519 2250 1759 2313 segetem

202 2346 355 2392 terra:
371 2347 589 2399 vesti-az,
620 2353 727 2389 non
751 2336 1009 2390 sccabitis
1030 2351 1149 2388 eam
1173 2351 1341 2403 usque
1357 2335 1422 2388 ad
1445 2335 1639 2396 solum,
1661 2348 1762 2388 nec

211 2438 544 2482 remanentes
571 2430 752 2498 spicas
776 2429 1064 2498 colligetis,
1087 2429 1179 2481 sed
1207 2427 1536 2496 pauperibus
1591 2436 1645 2480 et
1669 2441 1763 2496 pe-

219 2522 436 2590 regrinis
465 2522 742 2575 dimittatis
764 2537 877 2575 eas.
908 2521 1020 2590 Ego
1061 2519 1322 2574 Dominus
1347 2517 1488 2572 Deus
1506 2529 1707 2572 vester.
1737 2536 1756 2569 ι

281 2605 412 2668 Quia
446 2605 643 2674 pietate
685 2605 843 2673 plena
904 2612 1034 2656 sunt
1073 2618 1193 2671 qua:
1217 2617 1364 2655 nunc
1418 2601 1534 2671 lege
1568 2601 1762 2670 praeci-

209 2697 446 2766 piuntur,
483 2708 731 2765 apertum
766 2706 866 2750 cst.
900 2694 1132 2764 Propter
1156 2695 1300 2764 quod
1341 2710 1402 2747 ea
1431 2693 1685 2748 cuswdiri
1711 2702 1764 2748 et

201 2790 499 2842 secundum
532 2789 762 2842 litteram
809 2795 1044 2857 oportet,
1082 2787 1174 2840 sed
1227 2787 1404 2852 majus
1454 2799 1643 2838 eorum
1678 2784 1764 2837 lu-

196 2894 350 2935 crum
401 2882 790 2950 contemplatio
835 2880 1094 2950 possidet.
1128 2879 1205 2932 Tu
1250 2887 1428 2931 autem
1459 2878 1560 2930 hoc
1593 2877 1646 2929 in
1688 2877 1765 2929 cis

195 2979 348 3031 nota,
376 2971 504 3038 quia
563 2985 684 3023 cum
716 2969 914 3022 similia
965 2969 1049 3022 his
1093 2982 1346 3036 superius
1395 2966 1763 3036 pracepisset,

192 3073 312 3111 non
341 3067 522 3113 tamen
559 3059 747 3112 eadem
803 3057 1055 3121 sancivit,
1098 3059 1202 3111 hoc
1252 3065 1434 3110 autem
1476 3059 1764 3110 verborum

190 3147 314 3217 ipsa
335 3149 642 3230 immutatio
658 3149 1011 3210 demonstrat,
1039 3147 1113 3200 ibi
1132 3146 1452 3200 etenimait:
1479 3145 1599 3197 Non
1622 3159 1765 3196 com-

191 3241 408 3310 plebitis
445 3243 748 3294 utessionem
780 3250 1025 3300 vestrum,
1060 3240 1150 3294 hic
1173 3245 1390 3292 autem:
1424 3236 1538 3289 Non
1575 3235 1770 3288 secabi-

192 3329 268 3382 tis
300 3344 416 3381 eam
440 3345 600 3397 usque
634 3331 703 3380 ad
738 3329 926 3388 solum,
970 3335 1028 3381 ut
1076 3325 1438 3381 dilierentiam
1483 3323 1650 3391 ipsam
1701 3338 1766 3375 ex

190 3421 602 3490 permutatione
643 3421 931 3474 verborum
964 3419 1346 3489 intelligamus.
1368 3415 1590 3469 Terram
1632 3413 1768 3467 lide-

191 3509 338 3566 liutn
359 3526 485 3568 esse
512 3513 822 3583 praedictam
845 3527 876 3564 a
898 3512 1014 3582 lege
1044 3511 1138 3563 Dei
1165 3506 1634 3562 conversationem
1663 3504 1771 3558 fre-

196 3607 827 3674 quenterostendimus;
871 3605 1036 3674 hujus
1077 3601 1298 3664 messio,
1335 3607 1455 3670 post
1495 3610 1772 3653 resurrec-

198 3695 417 3751 tionem
443 3694 742 3750 Salvatoris
784 3695 1089 3756 amortuis,
1138 3702 1190 3746 et
1253 3690 1545 3744 adventum
1601 3684 1770 3740 sancti

200 3783 471 3854 Spiritus,
503 3784 702 3838 ﬂoruit.
731 3783 798 3837 Et
830 3800 940 3837 non
983 3783 1200 3851 quidem
1232 3793 1450 3834 omnem
1491 3775 1773 3830 scientiam

198 3891 377 3946 quam
428 3877 667 3931 habituri
711 3891 932 3936 sumus,
973 3873 1193 3944 quando
1245 3871 1311 3924 ad
1365 3871 1545 3938 ipsum
1603 3865 1774 3918 Deum

201 3970 562 4034 venerimus,
627 3969 790 4022 tradit
863 3967 1092 4022 verbum
1149 3959 1598 4034 praedicationis:
1649 3962 1778 4010 sunt

203 4072 394 4117 autem
418 4079 540 4132 quae
561 4061 838 4130 relinquit,
866 4069 1052 4129 utpote
1078 4073 1197 4126 qua:
1241 4068 1389 4108 nunc
1425 4051 1580 4106 nobis
1621 4061 1778 4101 reve-

206 4153 308 4207 lari
342 4169 452 4207 non
484 4161 733 4222 possunt.
762 4154 825 4206 Et
853 4159 1135 4220 propterea
1174 4149 1344 4217 legem
1379 4145 1519 4197 hanc
1553 4141 1606 4194 in
1636 4153 1779 4208 prae-

209 4244 373 4300 dictis
411 4245 799 4298 festivitatibus
858 4240 1203 4311 interposuit,
1237 4247 1293 4292 et
1331 4235 1437 4289 ait:
1494 4233 1781 4300 Postquam

218 4338 532 4390 messueritis
564 4347 786 4405 segetem
816 4344 968 4388 terra:
996 4342 1202 4396 vestrae,
1243 4345 1346 4384 non
1390 4323 1633 4381 secabitis
1661 4337 1779 4374 eam

222 4445 383 4499 usque
400 4431 468 4484 ad
493 4429 681 4483 solum.

291 4519 349 4573 In
393 4535 458 4575 eo
513 4519 656 4589 quod
686 4518 862 4573 dicit:
897 4515 1016 4569 Non
1049 4512 1290 4567 secabitis
1343 4525 1460 4563 eam
1506 4521 1665 4575 usque
1713 4500 1784 4556 ad

209 4614 407 4676 solum,
439 4627 504 4666 ea
536 4611 880 4680 signiﬁcavit,
914 4605 1223 4684 qua:_nobis
1263 4602 1330 4657 ad
1370 4602 1584 4671 plenam
1603 4599 1784 4652 scien-

210 4700 346 4754 tiam
369 4700 749 4769 et‘perl‘ectam
792 4701 1010 4758 desunt,
1075 4705 1303 4765 propter
1335 4692 1480 4762 quod
1507 4698 1562 4744 et
1591 4687 1784 4743 subdi-

207 4793 327 4846 dit:
358 4790 468 4845 Nec
490 4802 812 4845 remanentes
832 4793 1006 4859 spicas
1035 4787 1310 4858 colligetis.
1326 4784 1398 4840 Ut
1419 4799 1529 4839 non
1551 4787 1784 4836 conten-

206 4885 436 4944 damus,
468 4899 644 4954 neque
695 4884 896 4939 frustra
952 4895 1219 4936 conemur
1275 4893 1338 4933 ea
1386 4891 1507 4947 qua:
1539 4881 1784 4928 nostram

207 4977 438 5048 fugiunt
489 4978 798 5033 scientiam.
847 4975 910 5030 Et
953 4982 1243 5046 propterea
1270 4972 1338 5026 de
1363 4983 1612 5024 messura
1663 4979 1784 5035 quae

209 5070 420 5124 cadere
446 5069 721 5132 dicuntur,
744 5069 998 5139 colligere
1055 5079 1160 5119 nec
1208 5075 1521 5132 possumus,
1551 5057 1648 5113 sed
1693 5071 1789 5110 re-

212 5166 537 5234 linquamus
575 5179 638 5218 ea
672 5162 892 5236 Christo
920 5175 1082 5229 quem
1144 5155 1460 5226 signiﬁcans
1513 5150 1787 5220 legislator

212 5262 434 5317 addidit
467 5271 487 5315 τ’
511 5259 837 5329 Pauperibus
867 5265 913 5311 et
946 5254 1232 5324 peregrinis
1256 5253 1490 5305 dimittes
1512 5265 1623 5301 eas.
1659 5244 1789 5299 Sive

215 5352 526 5406 secundum
558 5348 700 5404 LXX
734 5366 747 5400 :
780 5347 1014 5416 Pauperi
1041 5355 1088 5398 et
1121 5343 1384 5413 proselyto
1413 5337 1674 5406 relinques
1699 5351 1785 5387 ea.

219 5443 294 5497 Et
321 5441 444 5512 quis
477 5450 562 5496 est
592 5441 720 5496 hic?
745 5437 885 5494 Audi
907 5437 1052 5506 quod
1083 5427 1512 5504 sequiturr:.Ego
1531 5426 1789 5482 Dominus

221 5535 372 5591 Deus
391 5545 576 5590 vester.

335 5751 382 5786 δ’
416 5755 534 5809 Act.
572 5769 633 5817 ιι,
669 5753 733 5806 to
851 5749 897 5784 '°
925 5746 964 5801 ll
988 5745 1112 5817 Cor.
1153 5742 1349 5817 ut,_l_7_.

1821 4563 1862 4616 D

1427 5738 1471 5771 ’ί
1494 5737 1656 5793 Rom.
1675 5751 1736 5798 ιι.
1765 5735 1854 5790 33.

1847 587 2054 644 pauper
2079 571 2255 626 factus
2282 578 2364 625 est
2387 584 2508 624 cum
2541 568 2694 622 dives
2719 575 2884 627 esset,
2912 574 2969 618 ut
3001 563 3146 616 illius
3173 576 3412 632 pauper-

1830 675 1959 720 'tate
1981 679 2082 718 nos
2107 663 2302 718 divites
2335 676 2621 724 essemus;
2677 659 2771 713 sed
2820 667 2875 711 et
2907 657 3134 716 advena,
3170 651 3416 722 quiaetsi

1849 758 1904 810 in
1933 756 2152 826 propria
2182 755 2352 814 venit,
2392 754 2478 807 sui
2505 767 2628 806 eum
2695 760 2876 803 tamen
2917 764 3026 802 non
3065 751 3416 814 receperunt.

1834 849 1993 903 Huic
2037 863 2168 919 ergo
2197 862 2258 901 ea
2288 846 2599 914 relinques;
2648 843 2797 898 solus
2821 850 3004 895 autem
3031 839 3136 893 scit
3159 853 3282 904 quat
3311 851 3417 890 no-

1850 941 1935 996 bis
1962 947 2266 1002 remanent,
2293 947 2510 1008 propter
2529 937 2672 1006 quod
2702 950 2802 989 nec
2830 933 3081 1003 colligere
3106 943 3418 1000 possumus,

1854 1049 1975 1102 qua:
2006 1041 2064 1085 ut
2092 1033 2210 1100 ipse
2233 1031 2465 1100 colligat,
2495 1038 2741 1098 separata
2789 1034 2936 1085 sunt.
2968 1032 3105 1077 teste
3130 1022 3295 1076 Paulo
3325 1020 3420 1089 qui

1853 1124 1986 1180 dicit
2019 1123 2336 1178 :Oaltitudo
2363 1122 2636 1190 sapientim
2657 1130 2705 1173 et
2736 1119 2968 1172 scientiae
2991 1116 3122 1170 Dei!
3145 1130 3305 1186 quam
3333 1115 3414 1167 in-

1855 1214 2337 1283 comprehensibilia
2363 1223 2483 1267 sunt
2497 1213 2705 1282 judicia
2765 1211 2877 1279 ejus
2934 1219 2983 1264 et
3041 1206 3423 1277 investigabiles

1854 1311 1953 1364 vite
1980 1309 2092 1378 ejus
2119 1310 2183 1362 ω.

1921 1401 2091 1456 Vens.
2151 1400 2242 1462 24,
2303 1398 2393 1451 25.
2457 1417 2475 1449 t
2530 1397 2882 1465 Locutusque
2938 1403 3021 1448 est
3067 1393 3328 1447 Dominus
3357 1392 3424 1446 ad

1857 1493 2076 1562 Moysen
2133 1491 2320 1545 dicens
2357 1507 2370 1542 :
2417 1488 2666 1557 Loquere
2706 1487 2830 1541 [iliis
2857 1487 3024 1540 Israel
3071 1503 3084 1538 :
3116 1485 3300 1539 Mense
3333 1497 3424 1537 se-

1855 1587 2028 1656 ptimo
2051 1585 2225 1654 prima
2247 1584 2334 1636 die
2369 1582 2591 1645 mensis,
2624 1582 2730 1634 erit
2777 1580 2929 1634 vobis
2957 1579 3269 1633 Sabbatum'
3305 1592 3424 1631 me-

1860 1677 2088 1732 moriale
2111 1674 2489 1745 clangentibus
2521 1671 2684 1733 tubis,
2729 1679 2782 1723 et
2827 1670 3111 1724 vocabitur
3149 1677 3422 1722 sanctum.

1859 1769 2034 1824 Omne
2061 1783 2197 1838 opus
2228 1766 2423 1822 servile
2445 1780 2552 1818 non
2591 1762 2803 1817 facietis
2840 1761 2894 1815 in
2945 1777 3030 1826 eo,
3071 1770 3126 1814 et
3178 1759 3427 1813 oll'eretis
3482 1790 3489 1800 ι

1791 1843 1832 1897 Β
1862 1860 2240 1914 holocaustum
2260 1855 2508 1910 Domino.
2550 1872 2568 1906 ι

1929 1950 2305 2019 Septenarium
2336 1961 2628 2001 numerum
2682 1943 2992 1998 evidentem
3018 1955 3206 2011 gerere
3253 1949 3309 1992 et
3337 1939 3428 1992 in-

1849 2043 2217 2098 ‘dubitabilem
2250 2037 2738 2094 consummationis
2759 2036 2993 2107 ﬁguram
3017 2034 3131 2088 sive
3166 2032 3431 2084 uniuscu-

1853 2137 2054 2204 jusque
2095 2142 2366 2196 nostrutn,
2402 2131 2516 2184 sive
2553 2127 2887 2200 generalem,
2929 2126 3095 2179 multa
3125 2124 3344 2194 quidem
3377 2132 3431 2176 et

1859 2229 1965 2282 alia
1997 2227 2313 2289 ostendunt,
2364 2224 2496 2278 illud
2533 2233 2716 2276 autem
2776 2219 3031 2282 maxime,
3086 2216 3212 2286 quia
3288 2216 3431 2268 Deus

1860 2323 1917 2378 in
1950 2323 2037 2377 die
2061 2322 2288 2391 septima
2306 2320 2540 2374 cessavit
2567 2318 2634 2372 ab
2664 2316 2923 2384 operibus
2953 2313 3088 2378 suis,
3115 2312 3252 2366 dans
3273 2309 3429 2363 nobis

1860 2433 1928 2472 ex
1962 2415 2076 2484 ipsa
2108 2413 2344 2482 requiem
2376 2421 2612 2464 nostram
2657 2407 2955 2476 conjicere,
2985 2405 3052 2459 de
3080 2419 3186 2473 qua
3231 2402 3432 2457 Paulus

1848 2510 1936 2564 ait
1975 2526 1989 2562 :
2020 2507 2122 2573 Qui
2147 2509 2282 2560 enim
2312 2509 2576 2575 ingressus
2604 2513 2679 2556 est
2729 2502 2785 2554 in
2836 2499 2988 2552 illam
3042 2498 3291 2567 requiem,
3349 2512 3432 2548 re-

1861 2602 2050 2672 quievit
2095 2602 2205 2668 ipse
2262 2598 2328 2651 ab
2383 2595 2621 2650 omnibus
2653 2593 2894 2662 operibus
2928 2591 3057 2651 suis,
3093 2589 3433 2659 quemadmo-

1861 2696 2108 2747 dumeta
2139 2693 2246 2744 suis
2281 2692 2414 2743 Deus
2436 2690 2502 2741 δ’.
2538 2687 2644 2740 Sed
2690 2685 2904 2738 initium
2937 2680 3432 2736 consummationis

1865 2793 2191 2850 temporum,
2238 2778 2452 2833 Domini
2485 2785 2567 2829 est
2597 2775 2863 2829 adventus
2891 2781 3113 2841 propter
3143 2768 3432 2838 quodillud

1862 2875 2212 2944 novissimam
2246 2872 2433 2924 horam
2462 2869 2702 2922 Joannes
2751 2865 3090 2934 evangelista
3115 2860 3431 2931 appellavit,

1863 2970 1938 3019 ait
1966 2965 2111 3018 enim
2143 2981 2158 3017 :
2195 2960 2397 3026 Filioli,
2432 2961 2708 3013 novissima
2727 2957 2855 3009 hora
2891 2963 2963 3008 est
2990 2955 3055 3006 ³³.
3077 2952 3183 3008 Sed
3201 2961 3256 3006 et
3283 2950 3436 3005 Jaco-

1865 3058 1966 3111 bus
1996 3073 2009 3109 :
2040 3055 2173 3108 Ecce
2196 3054 2360 3122 judex
2393 3061 2517 3105 ante
2557 3051 2786 3120 jauuam
2805 3057 2909 3101 stat
2940 3046 3008 3100 “.
3046 3044 3158 3098 Hoc
3218 3055 3434 3114 tempus

1869 3150 2099 3219 primam
2124 3145 2337 3214 septimi
2394 3144 2599 3196 mensis
2623 3142 2766 3195 sicut
2807 3138 3133 3209 principium
3166 3152 3433 3190 consum-

1870 3237 2149 3302 mationis,
2179 3245 2327 3290 recte
2352 3234 2438 3287 lex
2463 3232 2776 3302 appellavit.
2824 3231 2918 3282 Est
2941 3229 3104 3281 etiam
3140 3227 3300 3281 nobis
3346 3243 3435 3280 re.-

1871 3331 2060 3402 quies;
2091 3327 2217 3398 quia
2248 3341 2348 3379 nos
2384 3324 2452 3377 ab
2476 3323 2736 3392 operibus
2791 3319 2950 3373 malis
2973 3317 3164 3371 carnis
3223 3316 3434 3380 refecit,

1874 3434 1930 3480 et
1955 3440 1982 3478 a
2003 3424 2133 3493 jugo
2163 3419 2309 3490 gravi
2329 3417 2614 3472 liberavit:
2644 3413 2820 3493 Venite
2841 3411 3001 3475 enim,
3031 3409 3225 3479 inquit,
3262 3425 3439 3462 omnes

1875 3518 1964 3588 qui
1993 3514 2247 3569 laboratis
2277 3519 2326 3564 et
2356 3508 2560 3562 onerati
2587 3507 2732 3565 estis.
2765 3513 2812 3558 et
2843 3519 2934 3573 ego
2980 3501 3215 3570 reficiam
3257 3518 3345 3554 vos
3369 3501 3438 3556 ⁵⁸.

1877 3587 1944 3665 Et
1973 3620 2200 3660 rursus:
2235 3601 2427 3657 Discite
2467 3615 2496 3653 a
2536 3616 2634 3663 me,
2672 3597 2795 3666 quia
2827 3595 2967 3647 mitis
3001 3609 3118 3648 sum
3156 3602 3204 3644 et
3232 3587 3442 3643 humilis

1879 3701 2055 3764 corde,
2089 3708 2135 3752 et
2177 3695 2448 3750 invenietis
2472 3692 2703 3762 requiem
2726 3687 3006 3742 animabus
3029 3686 3213 3740 vestris
3231 3686 3296 3736 ³⁸.
3331 3681 3445 3736 Hoc

1880 3805 1934 3848 et
1963 3789 2277 3847 memoriale
2315 3787 2565 3841 tubarum
2614 3789 2739 3837 est:
2777 3779 3034 3850 pra‘dicat
3083 3778 3227 3830 enim
3260 3775 3447 3829 Salva-

1883 3885 2015 3940 toris
2044 3881 2520 3940 resurrectionem,
2560 3889 2681 3944 quze
2743 3870 3062 3925 memoriale
3092 3876 3175 3922 est
3203 3881 3448 3920 commu-

1883 3981 1969 4033 nis
1997 3986 2330 4031 mortuorum
2374 3968 2811 4030 resnrrecdonis,
2841 3983 2962 4036 qua:
3026 3965 3080 4018 in
3121 3979 3253 4018 voce
3288 3962 3450 4016 tuba-

1884 4087 2003 4124 rum
2030 4082 2343 4138 magnarum
2390 4073 2444 4117 et
2497 4059 2816 4115 terribilium
2866 4058 3142 4112 eﬂicitnr:
3194 4055 3258 4109 In
3294 4055 3452 4124 jussu

1891 4162 2181 4221 Dominico,
2214 4159 2267 4210 in
2295 4172 2415 4209 voce
2443 4151 2762 4220 archangeli,
2796 4151 2850 4202 in
2907 4149 3027 4202 tuba
3081 4148 3176 4201 Dei
3198 4149 3261 4211 ⁵⁷,
3313 4146 3456 4200 sicut

1886 4256 2088 4308 Paulus
2110 4250 2314 4304 docuit.
2367 4247 2477 4299 l-loc
2511 4256 2723 4312 tempus
2770 4242 3055 4296 vocabitur
3085 4248 3329 4292 sanctum
3353 4238 3457 4291 Do-

1890 4345 2062 4402 mino,
2104 4340 2229 4409 quia
2262 4335 2623 4399 vocationem,
2659 4331 2852 4401 quaein
2879 4328 3307 4383 sanctiﬁcatione
3347 4334 3451 4392 est,

1892 4433 2177 4506 possidet:
2213 4446 2277 4484 ex
2299 4443 2402 4498 qua
2456 4425 2696 4493 adoptio,
2741 4437 2861 4490 qua:
2905 4421 2975 4474 ad
3038 4437 3161 4474 eum
3216 4418 3458 4488 pertinet

1891 4529 2098 4578 vocatis
2125 4521 2353 4575 elﬁcitur
2391 4536 2404 4571 :
2437 4517 2603 4570 Omne
2632 4529 2759 4582 opus
2793 4512 2975 4565 servile
3027 4527 3128 4564 non
3159 4511 3360 4579 facietis
3401 4509 3461 4563 in

1892 4633 1967 4674 eo.
2001 4623 2048 4667 et
2092 4611 2311 4680 offeretis
2354 4606 2714 4660 holocaustum
2754 4601 2998 4655 Domino.

1957 4703 2075 4757 Non
2113 4709 2193 4753 est
2226 4698 2370 4750 enirn
2394 4697 2503 4764 jam
2533 4703 2751 4762 tempus
2789 4705 2954 4760 opera
3006 4689 3224 4742 servilia
3275 4702 3459 4757 agere,

1887 4795 2012 4864 quia
2075 4789 2273 4846 sufficit
2319 4787 2654 4858 prmteritum
2724 4793 2942 4850 tempus
2991 4783 3056 4835 ad
3120 4783 3461 4836 voluntatem

1888 4882 2154 4955 gentium,
2188 4880 2242 4933 in
2277 4894 2385 4948 quo
2407 4886 2556 4947 gesta
2593 4883 2722 4929 sunt
2761 4887 2928 4942 opera
2949 4870 3190 4932 servilia,
3212 4879 3268 4924 et
3293 4871 3463 4924 debe-

1891 4990 2032 5039 mus,
2055 4968 2506 5042 quemadmodum
2561 4964 2910 5020 exhibuimus
2959 4964 3201 5016 membra
3278 4969 3464 5016 nostra

1893 5081 2043 5120 arma
2071 5059 2372 5131 iniquitatis
2405 5059 2470 5112 ad
2500 5057 2860 5126 iniquitatem,
2894 5054 2964 5108 ita
3005 5054 3263 5108 exhibere
3289 5067 3463 5105 mem-

1895 5157 1990 5211 bra
2017 5163 2202 5210 nostra
2225 5167 2375 5206 arma
2418 5149 2664 5220 iustitia,
2696 5148 2750 5201 in
2780 5145 3218 5201 sanctiﬁcatione
3248 5145 3312 5197 ³⁸.
3352 5141 3464 5199 Hoc

1894 5258 1978 5303 est
2006 5249 2150 5301 enim
2187 5245 2382 5298 iterum
2413 5243 2810 5296 holocaustum.

1964 5335 2128 5389 Vens.
2167 5331 2359 5386 27-32.
2386 5350 2404 5382 ι
2435 5331 2786 5395 Locutusque
2809 5335 2892 5380 est
2924 5325 3190 5379 Dominus
3229 5323 3296 5377 ad
3314 5321 3465 5393 Moy-

1895 5440 2015 5489 sen,
2068 5423 2304 5476 dicens:
2368 5419 2587 5473 Decimo
2634 5417 2722 5470 die
2768 5415 2974 5469 mensis
3029 5415 3193 5483 hujus
3247 5412 3468 5481 septimi

1895 5515 2013 5571 dies
2051 5512 2426 5583 expiationum
2485 5509 2591 5562 erit
2633 5506 3047 5569 celeberrimus,
3078 5515 3133 5558 et
3181 5502 3470 5559 vocabitur

1933 5732 1978 5765 "
2008 5724 2365 5787 lleervJO.
2475 5727 2559 5782 "l
2589 5726 2747 5784 Joan.
2791 5741 2849 5793 ιι,
2901 5723 2990 5780 18.
3063 5721 3110 5755 ⁵⁵
3137 5719 3251 5776 Jac.
3285 5735 3340 5786 ν,
3373 5717 3426 5782 9.

301 5827 351 5858 ιι»
372 5797 657 5887 εἰέῖιῖὶξιὲί,
674 5797 769 5878 s's.
846 5821 894 5854 ι·
927 5797 1296 5876 inlisi“?
1324 5811 1346 5868 ι
1369 5808 1565 5866 Thess.
1591 5822 1666 5873 ιν,
1701 5803 1767 5861 t5

1869 5801 1908 5836 ⁵⁸
1934 5801 2095 5856 llam.
2117 5814 2195 5865 vt,
2227 5797 2314 5860 15,
2344 5797 2430 5854 19.
