3928 6442
596 365 731 430 1091

1788 363 2151 425 HESYCHII
2189 362 2663 424 PRESBYTEBI

3734 365 3837 427 1092

591 479 839 535 sanctus,
876 468 1233 542 atlligetisque
1259 466 1471 526 animas
1500 477 1716 525 vestras
1747 468 1806 524 in
1846 485 1913 525 eo
1946 470 2155 526 etoﬁ‘e-
2186 474 2231 531 Α
2259 470 2462 539 facietis
2499 471 2553 522 in
2588 480 2818 539 tempore
2873 470 2979 523 diei
3042 472 3255 539 hujus.
3320 466 3384 523 In
3446 466 3837 533 holocautoume

593 564 727 618 retis
758 562 1135 618 holocaustum
1167 561 1415 617 Domino.
1446 561 1619 617 Omne
1647 576 1785 632 opus
1813 563 2011 617 servile
2054 578 2165 617 non

592 657 807 713 facietis
837 658 893 712 in
914 666 1159 727 tempore
1189 656 1296 710 diei
1327 656 1511 725 hujus,
1574 655 1701 724 quia
1734 654 1852 709 dies
1901 655 2168 725 propitia-

595 751 762 806 tionis
792 759 896 815 est,
930 759 989 804 ut
1022 750 1348 819 propitietur
1391 748 1543 803 vobis
1576 749 1836 803 Dominus
1863 748 2007 803 Deus
2072 763 2169 802 ve-

594 853 729 899 ster.
747 842 936 898 Omnis
959 843 1137 897 anima
1166 859 1283 912 qua:
1306 841 1500 895 amicta
1526 857 1635 896 non
1656 842 1817 896 fuerit
1844 842 1899 895 in
1936 841 2025 896 die
2044 841 2167 908 hoc,

594 934 798 1005 peribit
845 937 913 989 de
962 934 1176 1004 populis
1236 933 1370 987 suis.
1405 931 1471 986 Et
1526 948 1645 1003 quae
1677 933 1858 1001 Operis
1893 930 2169 1001 quippiam

596 1020 810 1085 fecerit,
843 1021 1036 1075 delebo
1052 1036 1169 1075 eam
1195 1020 1263 1074 de
1284 1020 1483 1089 populo
1517 1035 1637 1075 suo.
1669 1020 1819 1074 Nihil
1844 1036 1973 1090 ergo
1990 1018 2171 1089 operis

596 1111 806 1168 facietis
839 1113 891 1166 in
921 1127 1006 1167 eo.
1036 1111 1363 1182 Legitimum
1425 1110 1821 1179 sempiternum
1867 1111 1973 1165 erit
2017 1109 2172 1165 vobis

597 1203 654 1258 in
678 1202 889 1258 cunctis
914 1201 1361 1273 generationibus
1386 1210 1443 1256 et
1494 1200 1927 1255 habitationibus
1949 1198 2170 1260 vestris,

598 1292 1010 1363 Sabbatumque
1041 1293 1246 1362 requiei
1278 1302 1399 1359 est;
1429 1291 1676 1363 allligetis
1712 1293 1921 1346 animas
1941 1299 2168 1347 vestras.

595 1384 696 1440 Die
724 1401 865 1440 nono
890 1385 1091 1440 mensis
1112 1384 1351 1455 septimi,
1376 1400 1407 1439 a
1432 1400 1658 1454 vespere
1678 1399 1849 1455 usque
1875 1384 1944 1439 ad
1975 1396 2173 1453 vespe-

596 1493 718 1532 rum
740 1477 1088 1532 celebrabitis
1122 1475 1356 1530 Sabbata
1387 1486 1589 1531 vestra.
1629 1494 1649 1527 ι

668 1570 838 1624 Recte
865 1566 1061 1623 Paulus
1087 1568 1385 1624 Corinthiis
1418 1569 1485 1623 de
1500 1567 1702 1623 Iudaeis
1754 1566 1973 1637 scripsit
2004 1581 2022 1621 :
2049 1566 2174 1622 Haec

598 1661 776 1715 omnia
798 1662 852 1714 in
890 1661 1061 1731 ﬁgura
1089 1661 1455 1731 contingebant
1506 1661 1634 1717 illis.
1670 1659 1884 1729 Scripta
1914 1648 2035 1713 sunt
2074 1677 2173 1713 au-

599 1762 704 1806 tem
725 1753 795 1806 ad
816 1762 1050 1807 nostram
1079 1754 1477 1820 correptionem,
1526 1754 1582 1806 in
1612 1770 1737 1824 quos
1775 1753 1903 1822 ﬁnes
1951 1751 2171 1806 sarculo—-

598 1859 718 1897 rum
745 1842 1059 1898 devenerunt
1085 1845 1154 1897 ⁸⁹.
1185 1842 1341 1910 Qudd
1357 1844 1506 1899 enim
1535 1844 1588 1898 in
1636 1844 1744 1899 line
1776 1844 1961 1899 saaculi
1991 1854 2171 1899 actum
2203 1818 2245 1874 Β

599 1940 685 1987 est
725 1931 1019 1987 Salvatoris
1043 1935 1383 2004 mysterium,
1418 1951 1538 2006 quae
1561 1944 1615 1990 et
1648 1945 1847 2005 quanta
1870 1951 1936 1989 ex
1953 1950 2019 1990 eo
2056 1936 2171 1989 dis-

601 2030 830 2093 pensata
864 2024 995 2090 sint,
1044 2026 1205 2095 plane
1244 2041 1341 2095 per
1387 2026 1680 2096 praesentia
1712 2026 1990 2096 legislator
2012 2026 2176 2096 signi-

600 2114 802 2170 ﬁcavit.
836 2114 975 2182 Quid
1005 2133 1135 2188 ergo
1168 2119 1325 2173 nobis
1345 2120 1545 2182 innuit,
1576 2118 1662 2172 vel
1694 2118 1823 2188 quid
1853 2119 2174 2189 sancitgra-

601 2206 675 2261 tia
697 2205 920 2270 Christi,
944 2218 999 2261 et
1030 2208 1344 2278 praedicatio
1376 2209 1526 2279 ejus?
1578 2207 1743 2278 Spem
1776 2209 1962 2278 utique
2026 2225 2175 2264 mor-

600 2302 821 2346 tuorum
869 2296 1307 2361 resurrectionis,
1372 2298 1537 2352 vitam
1596 2314 1719 2352 cum
1787 2298 2073 2361 modestia,
2122 2308 2176 2353 et

601 2382 928 2452 humilitate,
965 2396 1019 2442 et
1042 2388 1095 2441 in
1126 2387 1371 2442 ciborum
1401 2389 1755 2455 abstinentia,
1790 2400 1846 2443 et
1871 2405 1993 2459 qua:
2017 2398 2100 2443 est
2122 2390 2175 2442 in

600 2474 859 2546 despectu
886 2481 1261 2548 praesentium,
1296 2490 1459 2551 atque
1519 2482 1779 2551 despectu
1836 2482 2173 2552 possidendi,

601 2568 834 2639 aliisque
862 2566 1158 2627 virtutibus
1186 2590 1198 2626 :
1233 2588 1370 2642 quas
1425 2584 1667 2644 agentes.
1704 2582 1957 2644 tanquam
1988 2574 2178 2627 incola:

602 2660 706 2715 hac
757 2671 900 2716 terra
932 2664 1156 2728 utimur,
1198 2672 1385 2733 utpote
1413 2680 1520 2719 non
1547 2665 1611 2719 ad
1661 2665 1883 2735 longum
1942 2674 2175 2734 tempus,

601 2752 699 2807 sed
733 2753 799 2807 ad
828 2769 1154 2823 perparvom
1185 2755 1239 2808 in
1271 2770 1336 2811 eo
1362 2764 1632 2825 ponentes
1662 2757 2178 2826 tabernacula,quia

602 2858 792 2899 eorum
822 2861 942 2913 quae
967 2846 1113 2900 dicta
1144 2856 1293 2915 sunt,
1315 2847 1746 2917 unumquodque.
1790 2848 1843 2901 in
1873 2847 1977 2902 hac
2008 2848 2181 2918 pleni-

603 2936 793 2992 tudine
824 2946 1132 3008 temporum
1170 2954 1268 3009 per
1290 2940 1661 3011 evangelicam
1697 2942 1865 2996 nobis
1884 2955 2180 2995 conversa-

605 3026 810 3082 tionem
835 3029 1091 3098 praadicta
1117 3038 1267 3084 sunt.
1299 3030 1608 3101 Septimum
1633 3047 1899 3099 mensem,
1924 3031 2013 3086 hic
2033 3033 2177 3086 enim

605 3132 872 3172 numerus
926 3120 1456 3175 consummationem
1510 3130 1823 3192 temporum
1877 3122 2181 3193 signiﬁcare

606 3209 911 3274 consuevit,
937 3211 1190 3265 omnibus
1211 3209 1397 3282 ﬁguris
1445 3220 1501 3266 et
1548 3212 1855 3267 necessarie
1888 3226 2182 3268 conserva-

606 3300 708 3356 vit.
745 3300 1003 3356 Dividens
1028 3310 1210 3356 autem
1234 3318 1316 3369 ea,
1360 3317 1513 3373 spem
1570 3311 1910 3358 mortuorum
1936 3319 2183 3359 resurre-

608 3393 827 3458 ctionis,
852 3409 949 3463 per
973 3394 1295 3448 neomcnias
1318 3395 1534 3465 septimi
1586 3395 1789 3450 mensis
1830 3396 2080 3464 superius
2106 3397 2183 3451 si-

612 3483 908 3555 gniﬁcavit,
964 3485 1019 3537 in
1084 3500 1189 3554 qua
1221 3492 1274 3539 et
1307 3485 1560 3539 tubarum
1612 3485 1928 3539 memoriale
1978 3487 2183 3556 posuit,

611 3574 738 3646 quia
768 3576 825 3630 in
887 3577 1010 3631 tuba
1047 3576 1140 3631 Dei
1186 3584 1569 3647 exspectamus
1597 3586 1842 3631 mortuos
1876 3592 2182 3648 resurgere.

612 3669 745 3723 Eam
765 3678 970 3732 autem,
997 3686 1119 3739 qua:
1142 3679 1226 3724 est
1253 3670 1308 3723 in
1351 3670 1680 3733 humilitate,
1706 3680 1760 3724 et
1786 3669 2032 3724 ciborum
2087 3671 2186 3724 ab—

611 3760 874 3815 stinentia
902 3762 1067 3815 vitam
1094 3800 1108 3824 ,
1144 3777 1237 3831 per
1271 3762 1537 3816 decimam
1571 3762 1797 3826 mensis,
1823 3762 1891 3816 de
1914 3778 2020 3831 qua
2037 3778 2186 3817 nunc

612 3853 851 3923 loquitur
884 3852 960 3925 (in
1000 3853 1227 3907 transitu
1254 3852 1399 3907 enim
1428 3853 1625 3907 saeculo
1648 3853 1748 3918 uti,
1801 3862 1856 3907 et
1888 3853 2091 3908 exitum
2118 3855 2187 3910 de

614 3960 683 4000 eo
706 3955 1048 4015 exspectare,
1082 3960 1179 4015 per
1203 3944 1578 4010 festivitatem,
1597 3959 1758 4014 quam
1784 3961 1813 3999 a
1833 3945 2021 4014 quinta
2042 3946 2187 4001 deci-

612 4052 701 4092 ma
724 4036 985 4105 incipere,
1008 4046 1131 4106 post
1150 4037 1427 4107 paululum
1454 4035 1704 4093 invenies
1723 4052 1848 4090 eum
1863 4034 2182 4107 dicentem),

615 4129 904 4200 signiﬁcat.
935 4128 1044 4185 Sed
1069 4145 1189 4200 qua:
1223 4129 1505 4199 pertinent
1550 4128 1619 4184 ad
1680 4128 1994 4200 praesentia,
2067 4143 2189 4198 per-

615 4230 945 4275 scrutemur.

688 4311 1021 4380 Locutusque
1055 4321 1127 4367 est
1160 4311 1415 4365 Dominus
1446 4311 1516 4364 ad
1565 4310 1779 4380 Moysen
1804 4311 1979 4364 dicens
2004 4325 2023 4364 :
2085 4310 2186 4363 De-

616 4405 750 4458 cimo
789 4408 980 4459 mensis
1005 4404 1161 4474 hujus
1189 4404 1399 4472 septimi
1417 4404 1501 4457 die
1532 4404 1895 4471 expiationum
1916 4403 2015 4454 erit
2050 4402 2186 4455 cele-

2266 558 2507 627 qnidem,
2536 570 2964 613 consummatam
2992 560 3197 619 vitam,
3237 571 3299 613 et
3327 560 3579 628 perfecte
3610 564 3839 621 iuberen-

2269 656 2377 703 tem
2409 649 2677 705 Domino:
2709 651 2763 705 in
2790 667 2902 706 non
2965 652 3241 707 faciendo
3300 659 3496 706 autem
3546 669 3702 710 omne
3738 674 3841 728 opus

2271 747 2614 795 terrenorum
2642 756 2867 811 operum
2892 744 3313 798 abstinentiam
3339 744 3595 798 ostendit
3618 762 3633 798 :
3659 762 3774 817 ergo
3804 766 3843 806 et

2269 830 2431 885 nimis
2467 844 2872 902 consequenter
2893 835 3101 889 addidit
3146 853 3159 887 :
3221 833 3377 898 Quia
3419 834 3533 886 dies
3554 839 3841 903 propitiatio-

2270 922 2351 975 nis
2379 932 2473 986 est,
2504 931 2560 976 ut
2581 926 2894 994 propitietur
2926 926 3066 979 vobis
3107 925 3396 977 Dominus
3431 924 3570 978 Deus
3627 938 3793 982 vester.

2342 1012 2581 1084 Utraque
2609 1016 2723 1070 haec
2741 1015 3058 1082 ostendens,
3089 1017 3237 1085 quia
3303 1024 3366 1069 et
3403 1016 3513 1070 hoc
3551 1026 3633 1070 cst
3673 1027 3840 1089 tempus

2271 1106 2339 1160 ad
2393 1107 2837 1177 propitiationem
2860 1109 3020 1163 nobis
3077 1124 3112 1163 a
3147 1108 3278 1163 Deo
3301 1108 3601 1175 donatum,
3660 1113 3709 1163 in
3763 1130 3839 1183 quo

2272 1210 2495 1271 peccata
2547 1214 2736 1256 nostra
2760 1203 2987 1258 veniens
3015 1203 3310 1257 Dominus
3343 1203 3534 1267 diluit,
3564 1212 3619 1257 et
3648 1205 3756 1273 quia
3798 1209 3835 1262 in

2271 1306 2380 1360 quo
2405 1291 2523 1345 haec
2555 1303 2943 1362 exspectamus
2977 1302 3243 1362 tempore
3283 1293 3435 1347 nihil
3467 1294 3722 1349 debemus
3761 1308 3836 1351 ter-

2274 1396 2534 1435 renorum
2565 1398 2747 1452 agere.
2780 1384 2985 1437 Deinde
3022 1384 3210 1454 legem
3238 1386 3616 1454 protrahens,
3654 1396 3703 1440 et
3720 1386 3834 1442 Chii.

2273 1481 2358 1526 sto
2380 1472 2793 1527 advocationem
2848 1476 3122 1544 praebens,
3142 1478 3247 1546 qui
3299 1476 3448 1531 dixit
3472 1494 3485 1529 :
3513 1477 3701 1532 Discite
3730 1497 3757 1533 α
3780 1498 3832 1535 me

2273 1565 2398 1635 quia
2430 1566 2571 1618 mitis
2602 1582 2715 1619 sum
2735 1576 2781 1619 et
2809 1566 3021 1621 humilis
3050 1574 3245 1632 corde,
3268 1579 3323 1622 et
3357 1571 3637 1622 invenietis
3661 1574 3833 1640 requiem

2273 1659 2554 1713 animabus
2594 1662 2777 1714 vestris
2798 1662 2842 1691 ⁸⁰
2865 1702 2880 1726 ,
2929 1662 3007 1716 ait
3038 1681 3050 1715 :
3085 1662 3289 1716 Omnis
3322 1664 3517 1716 anima
3553 1681 3666 1735 quis
3685 1667 3828 1733 afﬂicta

2275 1764 2377 1801 non
2408 1749 2567 1817 fuerit
2595 1752 2650 1801 in
2676 1750 2759 1801 die
2788 1750 2902 1815 hoc,
2942 1751 3131 1818 peribit
3170 1750 3243 1802 de
3281 1750 3503 1818 populis
3532 1753 3658 1804 suis.
3690 1751 3831 1821 Neque

2275 1841 2420 1895 enim
2473 1843 2717 1911 sequitur
2758 1841 3059 1905 Christum,
3115 1842 3221 1911 qui
3274 1843 3402 1896 haec
3461 1842 3709 1905 sancivit,
3734 1844 3827 1897 etin

2277 1944 2485 1988 tantum
2518 1936 2872 2003 semetipsum
2927 1934 3270 1995 humiliavit.
3332 1946 3398 1988 ut
3462 1934 3658 1988 Paulus
3692 1936 3747 1989 de
3784 1952 3831 1990 eo

2275 2027 2482 2081 diceret
2526 2045 2539 2080 :
2599 2027 2917 2081 Ilumiliavit
2987 2028 3371 2096 semetipsum,
3424 2029 3597 2098 [actus
3644 2029 3827 2082 obedieus

2278 2138 2436 2191 usque
2471 2122 2541 2174 ad
2567 2132 2807 2186 mortem,
2840 2131 3060 2176 mortem
3097 2131 3295 2173 autem
3333 2122 3513 2172 crucis
3538 2122 3602 2171 “.

2346 2212 2449 2268 Sed
2473 2223 2519 2267 et
2541 2229 2658 2283 quw
2687 2214 2857 2282 operis
2881 2214 3158 2284 quippiam
3218 2213 3438 2283 fecerit,
3473 2212 3644 2265 delebo
3666 2228 3759 2264 eam
3778 2215 3822 2265 de

2276 2308 2468 2378 populo
2504 2324 2635 2361 meo.
2676 2307 2824 2360 Nihil
2870 2324 2989 2377 ergo
3012 2309 3191 2374 operis
3246 2308 3467 2376 facietis
3490 2306 3545 2357 in
3577 2322 3648 2357 eo.
3673 2304 3821 2373 Legiti-

2278 2418 2424 2455 mum
2454 2401 2827 2468 sempiternum
2849 2400 2948 2452 erit
2971 2399 3112 2451 vobis
3174 2399 3237 2450 in
3262 2398 3476 2451 cunctis
3522 2397 3815 2466 generationi-

2279 2494 2372 2547 bus
2420 2502 2469 2546 et
2495 2490 2905 2545 habitationibus
2943 2491 3149 2544 vestris.
3188 2490 3287 2543 Sic
3328 2489 3437 2542 hoc
3465 2490 3598 2542 dixit
3619 2498 3813 2555 tanquam

2279 2585 2325 2639 si
2349 2583 2550 2654 populo
2594 2580 2905 2636 Judaaorum
2938 2589 3286 2650 prazceptum
3338 2580 3413 2633 sit
3446 2596 3459 2630 :
3496 2579 3573 2631 sic
3587 2586 3741 2631 autem
3772 2592 3811 2629 se

2280 2690 2389 2729 non
2418 2674 2588 2728 habet
2614 2694 2625 2728 :
2654 2672 2910 2727 omnibus
2940 2671 3086 2724 enim
3109 2670 3201 2723 lex
3238 2667 3561 2724 communis
3603 2678 3690 2729 est,
3723 2666 3809 2734 quia

2280 2776 2333 2822 et
2356 2767 2422 2821 ad
2451 2780 2642 2821 omnes
2668 2764 2933 2820 Dominus
2962 2763 3183 2818 dicebat
3209 2779 3224 2815 :
3282 2761 3591 2831 Operamini
3638 2775 3721 2812 non
3754 2759 3806 2810 ci-

2280 2860 2401 2913 bum
2428 2859 2519 2929 qui
2544 2859 2679 2927 perit
2710 2858 2774 2921 ",
2798 2855 2938 2910 nihil
2966 2855 3159 2909 volens
3181 2868 3291 2908 nos
3325 2852 3541 2922 operari
3563 2857 3787 2903 terrenum

2281 2949 2429 3003 Bene
2463 2963 2593 3018 ergo
2616 2957 2671 3001 et
2702 2946 2980 3016 sapienter
3010 2943 3332 2999 custodiam
3396 2940 3682 2995 vacationis
3714 2952 3803 3005 ptu-

2281 3043 2481 3097 ducere
2499 3042 2566 3095 ad
2593 3041 2855 3111 majorem
2907 3036 3448 3106 contemplationem
3477 3032 3666 3097 volens,
3689 3030 3798 3084 addi-

2207 3152 2249 3210 c
2282 3135 2391 3189 dit:
2414 3133 2703 3189 Sabbatum
2732 3131 2925 3201 requiei
2955 3139 3050 3183 est.
3095 3128 3197 3183 Vel
3230 3127 3382 3182 sicut
3405 3124 3545 3179 LXX
3574 3141 3588 3177 :
3625 3120 3797 3176 Sabbata

2281 3223 2632 3279 Sabbatorum
2663 3232 2814 3275 erunt
2842 3220 3005 3274 vobis.
3038 3218 3114 3274 Ut
3162 3234 3266 3288 per
3299 3218 3404 3270 hoc
3431 3211 3790 3283 intelligibilein-

2282 3315 2589 3385 telligamus
2637 3312 2958 3376 Sabbatum,
3014 3309 3163 3381 quod
3213 3309 3533 3365 Judasorum
3568 3301 3792 3358 excedebat

2280 3404 2675 3468 inﬁrmitatem,
2706 3402 3167 3471 quemadmodum
3190 3410 3250 3455 et
3287 3400 3487 3453 Sancta
3506 3403 3759 3451 sanctorum

2282 3503 2506 3565 pr0pter
2528 3491 2671 3562 quod
2698 3492 2776 3546 eis
2804 3505 2906 3544 nec
2926 3488 3167 3543 Sabbata
3198 3495 3384 3542 erant.
3417 3483 3519 3537 Sed
3544 3489 3591 3535 et
3613 3476 3789 3531 cantico-

2284 3601 2405 3641 rum
2435 3584 2690 3649 Cantica;
2715 3598 2825 3637 non
2860 3581 3177 3652 intelligunt
3207 3579 3359 3633 enim
3410 3587 3586 3631 eorum
3618 3583 3712 3639 qua
3733 3566 3784 3617 ibi

2284 3680 2483 3750 scripta
2506 3687 2635 3733 sunt
2656 3677 2935 3731 virtutem.
2965 3675 3031 3728 Et
3056 3688 3221 3727 omne
3245 3669 3392 3740 quod
3432 3662 3684 3722 secundum
3721 3656 3779 3707 Ιεε

2284 3787 2403 3843 gem
2422 3784 2699 3841 anagogen
2724 3768 2938 3836 recipit,
2965 3766 3067 3819 hoc
3090 3765 3365 3819 excedere
3382 3759 3763 3814 Judatorummen-

2285 3876 2440 3917 suras
2471 3859 2857 3927 intelligamus.
2888 3856 3009 3910 Jam
3039 3863 3231 3908 autem
3258 3852 3401 3913 vide,
3433 3848 3759 3918 quibussemo-

2284 3949 2446 4003 nibus
2479 3962 2609 4002 usus
2630 3954 2714 3999 est
2737 3963 2750 3997 :
2772 3944 2838 3998 Et
2857 3942 3091 4014 aﬁligetis
3121 3943 3336 3994 animas
3359 3948 3561 3992 vestras.
3583 3931 3656 3985 llic
3675 3936 3763 3977 ιιοΜ

2284 4042 2475 4096 mensis
2498 4038 2705 4109 septimi
2730 4054 2760 4090 a
2784 4050 2992 4104 vespere
3024 4050 3189 4105 usque
3221 4034 3294 4086 ad
3333 4041 3576 4099 vesperum
3599 4017 3770 4109 celebrit-

2286 4130 2407 4184 bitis
2456 4105 2695 4182 Sabbata
2744 4136 2939 4179 vestra.
2985 4122 3335 4192 Becapitulat
3388 4132 3503 4189 ergo
3527 4105 3768 4198 humilitatis

2286 4222 2533 4286 verbum,
2565 4220 2689 4289 quia
2717 4219 3028 4288 frequenter
3053 4216 3187 4270 illud
3204 4214 3456 4270 Christus
3476 4202 3768 4265 docuit,‘l“35‘

2286 4325 2542 4366 coronam
2609 4317 2789 4362 autem
2850 4307 3019 4371 illam,
3089 4314 3146 4357 et
3172 4304 3439 4359 virtutum
3482 4292 3619 4349 basim
3647 4292 3771 4379 atque

2288 4394 2715 4459 Subsistentiam,
2744 4393 3003 4463 apostolis
3026 4391 3330 4448 constituit.
3357 4383 3616 4455 lnquisilus
3644 4384 3768 4463 enini,

616 4498 891 4561 berrimus,
925 4507 971 4551 et
1008 4497 1275 4551 vocabitur
1322 4504 1553 4561 sanctus,
1615 4494 1951 4565 aﬂligetisque
1974 4495 2182 4548 animas
2216 4494 2259 4549 D
2283 4487 2406 4558 quis
2435 4488 2605 4556 major
2620 4495 2765 4539 esset
2791 4486 2845 4538 in
2874 4500 3041 4555 regno
3073 4484 3362 4543 caelorum,
3395 4468 3637 4565 respondit
3659 4459 3773 4561 τοξι-

614 4601 815 4645 vestras
839 4591 968 4643 ineo
995 4591 1079 4644 die
1131 4606 1266 4643 nono
1314 4589 1566 4641 mensisa
1616 4604 1839 4658 vespere.
1887 4588 2186 4644 Ostendere

614 4681 1060 4751 propitiationem
1094 4681 1255 4735 nobis
1279 4694 1309 4732 a
1368 4679 1609 4747 peccatis
1634 4679 1889 4732 videlicet
1914 4678 2191 4734 liberatio-

614 4789 743 4828 nem
776 4773 831 4826 in
856 4774 1181 4838 humilitate,
1215 4781 1270 4827 et
1298 4773 1589 4827 alllictione
1620 4770 1815 4824 anima:
1849 4770 2053 4839 acquiri
2106 4770 2187 4823 le-

615 4864 841 4934 gislator
874 4864 1169 4918 desiderat.
1204 4862 1356 4917 Hanc
1377 4873 1561 4917 autem
1590 4876 1750 4932 agere
1773 4876 1804 4915 a
1839 4875 2068 4930 vespere
2090 4861 2185 4915 de-

615 4958 829 5021 bemus,
857 4957 910 5011 id
941 4966 1133 5022 est,ex
1172 4955 1289 5024 ipsa
1315 4954 1661 5024 poenitentia,
1713 4953 1857 5008 sicut
1916 4952 2182 5022 incipien-

618 5057 701 5101 tes
742 5066 755 5101 :
790 5049 915 5118 quia
968 5058 1024 5102 et
1059 5047 1310 5103 Christus
1359 5046 1576 5101 initium
1636 5060 1749 5099 sua:
1787 5044 2188 5113 praedicationis

617 5140 996 5209 penitentiam
1042 5139 1191 5195 fecit.
1221 5139 1328 5194 Sed
1381 5138 1719 5209 paenitentia:
1766 5139 1934 5190 vitam
1986 5137 2186 5191 bonam

618 5228 1077 5298 superandiﬁcare,
1138 5229 1550 5300 perfectamque
1602 5237 1658 5283 et
1709 5227 2002 5281 virtutibus
2048 5241 2186 5281 con-

619 5328 964 5388 summatam,
986 5337 1210 5377 necesse
1266 5323 1549 5378 habemus.
1606 5320 1673 5375 Et
1714 5329 2001 5391 propterea
2051 5320 2185 5374 sub-

621 5412 792 5469 didit:

689 5506 762 5562 Et
788 5508 1012 5578 oﬂeretis
1050 5506 1415 5563 holocaustum
1442 5504 1689 5560 Domino.
1717 5501 1882 5559 Omne
1908 5516 2035 5571 opus
2089 5518 2192 5557 non

695 5707 740 5741 δ’
776 5705 797 5759 ι
827 5706 955 5760 Cor.
982 5723 1038 5775 χ,
1076 5706 1162 5763 Η.

626 5791 704 5844 vt,
720 5777 811 5845 25,
830 5775 918 5832 28.

1239 5706 1284 5739 σο
1301 5706 1491 5763 Matth.
1524 5718 1603 5769 ιι,
1633 5699 1723 5756 29.
1766 5750 1796 5759 ,
1837 5701 1880 5733 σι
1907 5698 2109 5769 Philip.
2150 5714 2211 5765 ιι,
2237 5698 2289 5756 8.

2285 4594 2487 4647 cunque
2525 4578 2879 4630 humiliaverit
2910 4592 2963 4628 se
2995 4576 3128 4627 sicut
3174 4572 3424 4643 parvulus
3448 4563 3769 4629 hiantem!!!"

2291 4681 2365 4726 est
2393 4673 2449 4724 in
2481 4687 2638 4741 regno
2661 4670 2924 4723 ewlorum.
2959 4666 3111 4733 Quod
3136 4678 3316 4721 autem
3351 4662 3475 4718 dixit
3504 4675 3515 4710 :
3546 4654 3582 4708 A
3606 4654 3772 4715 vesper”

2286 4778 2459 4834 usque
2478 4763 2546 4816 ad
2572 4778 2882 4832 vesperum,
2913 4771 3101 4830 aperte
3136 4759 3368 4814 volentis
3405 4760 3482 4808 cst
3501 4750 3766 4834 sempersu-

2289 4855 2628 4927 perﬂuorum
2686 4863 2742 4908 et
2769 4870 3033 4907 vanorqu
3080 4853 3413 4907 vacationem
3445 4836 3638 4899 studeri.
3662 4826 3769 4927 Undf

2291 4924 2552 5003 Dominus
2577 4961 2680 5001 nec
2724 4961 2947 4999 causam
3003 4945 3187 4999 dicere
3262 4936 3534 4997 concedit;
3575 4924 3764 4998 ιπεεερίι

2288 5041 2649 5107 enim,neque
2666 5038 2734 5091 de
2762 5037 2966 5099 tunica,
2984 5051 3159 5105 neque
3182 5036 3249 5090 de
3271 5040 3412 5088 veste
3433 5026 3614 5092 litigare
3631 5012 3686 5074 ⁸³,

2287 5146 2395 5185 nec
2413 5104 2653 5200 cogitare
2674 5127 2806 5197 quid
2848 5104 3192 5191 comedatur,
3219 5134 3311 5180 aut
3343 5117 3460 5192 quid
3489 5104 3759 5200 biballttv‘f‘“

2286 5222 2417 5292 quid
2449 5194 2711 5276 vestiatur
2740 5220 2806 5285 “,
2836 5235 3023 5273 verum
3061 5218 3177 5289 ipse
3234 5219 3443 5273 docens,
3498 5212 3545 5259 et
3566 5194 3760 5292 Sabbato:

2287 5331 2409 5371 rum
2454 5314 2786 5369 annuntians
2815 5312 3132 5380 Sabbatum,
3191 5312 3243 5366 in
3263 5324 3362 5380 quo
3380 5313 3520 5358 omne
3540 5294 3692 5349 cessat.
3721 5286 3757 5328 εί

2296 5409 2410 5465 sola
2441 5424 2561 5478 quae
2594 5407 2690 5462 Dei
2716 5416 2863 5471 sunt,
2918 5407 3297 5469 ostenduntur,
3350 5398 3451 5454 sola
3490 5383 3758 5461 ι>οιτί8ι¹¹¹ι¹¹Γ

2298 5515 2418 5571 qua:
2439 5499 2590 5555 utilia
2615 5508 2764 5567 sunt,
2791 5507 2955 5569 atque
2982 5500 3278 5570 expediunt
3303 5492 3494 5549 animus.

3546 5678 3577 5704 ε’
3612 5659 3745 5719 Multit-

2396 5698 2440 5730 "
2462 5694 2622 5755 Joan.
2654 5716 2733 5765 Vt,
2755 5700 2844 5755 27.
2947 5699 2992 5732 ⁸³
3022 5699 3211 5754 Matth.
3242 5709 3379 5755 M‘Ill,
3409 5688 3455 5739 4-
