3928 6436
60 342 215 407 1093
1237 339 1317 398 ΙΝ
1363 333 1696 395 LEVITICI

1828 361 1897 375 -ο
1936 337 2081 395 LIB.
2120 337 2197 397 VI
3214 339 3352 407 1094

124 460 315 515 Vens.
366 457 551 515 35—36.
590 477 607 509 ι
663 457 731 511 Et
757 456 971 511 locutus
1008 462 1094 509 est
1130 452 1393 507 Dominus
1416 451 1485 505 ad
1516 449 1662 522 Moy-
1692 458 1739 515 Α
1767 452 2096 522 initiumque
2142 454 2263 522 ejus
2300 465 2356 508 et
2394 452 2563 508 basis.
2612 451 2829 507 Primus
2899 455 3142 524 quidem.
3205 458 3351 514 sicut

50 567 177 613 seu,
204 549 427 604 dicens
459 568 471 602 :
504 549 753 617 L‘oquere
780 547 906 601 ﬁliis
940 544 1150 601 Israel:
1189 546 1234 597 A
1272 546 1466 613 quinto
1510 543 1663 597 deci-
1768 542 2095 612 principium
2122 543 2173 595 in
2205 543 2426 598 Christo
2455 544 2905 607 conversationis,
2963 553 3017 599 et
3066 549 3349 603 exordium

50 656 144 696 mo
175 642 280 695 die
316 642 532 697 mensis
571 642 733 710 hujus
764 640 1005 709 septimi,
1035 646 1192 692 erunt
1231 636 1380 691 feriae
1408 636 1668 689 taberna-
1769 634 2079 688 futurorum
2113 646 2216 689 est.
2245 634 2481 690 Octavus
2502 646 2706 701 autem,
2738 645 2798 690 ut
2827 636 2917 704 qui
2954 639 3206 705 praesenti
3228 654 3352 693 suc-

51 731 329 784 culorum
363 741 570 799 septem
594 730 787 783 diebus
821 727 1071 782 Domino.
1106 725 1232 780 Dies
1268 725 1478 793 primus
1502 738 1668 778 voca-
1769 728 1916 781 cedit
1970 728 2169 782 Steculo
2212 744 2376 798 quem
2432 730 2697 798 septimus
2740 745 3003 783 numerus
3048 730 3352 801 signiﬁcare

52 824 212 878 bitur
252 822 664 877 celeberrimus
688 830 851 889 atque
883 818 1277 873 sanctissimus.
1328 815 1501 871 Omne
1528 829 1669 884 opus
1771 818 1990 873 dicitur.
2021 816 2128 873 Sed
2151 829 2205 873 et
2240 821 2282 871 si
2315 819 2436 888 quis
2454 820 2542 874 hic
2560 820 2774 873 sicutin
2822 820 3178 875 tabernaculo
3207 821 3355 876 habi-

57 916 275 970 servile
292 930 419 968 non
449 913 676 977 facietis,
704 922 757 965 et
783 919 990 980 septem
1032 909 1223 964 diebus
1285 906 1533 961 oﬁcretis
1565 907 1667 961 ho-
1773 915 1869 971 tat,
1895 920 1952 961 et
1974 908 2114 961 sicut
2153 909 2529 977 pertransiens
2585 910 2871 973 mundum,
2900 910 2986 963 hic
3019 911 3155 965 vivit
3192 929 3207 967 :
3243 912 3365 967 iste

60 1009 331 1061 locausta
372 1006 622 1060 Domino.
660 1006 780 1058 Dies
803 1018 1019 1073 quoque
1040 1012 1267 1055 octavus
1292 1001 1397 1054 erit
1426 1000 1670 1054 celeber-
1771 998 1871 1052 etsi
1907 998 2138 1051 necdum
2170 1014 2250 1062 re,
2277 1008 2456 1053 tamen
2480 999 2556 1051 rei
2592 1000 2789 1053 virtute
2820 1000 2930 1067 jam
2978 999 3218 1053 futurum
3252 1016 3352 1055 saa-

65 1097 248 1150 rimus
282 1107 463 1166 atque
486 1094 883 1156 sanctissimus,
916 1103 970 1147 et
1016 1092 1260 1145 olferetis
1292 1091 1669 1154 holocaustum
1772 1090 1955 1143 culum
1980 1089 2144 1142 habet
2172 1090 2259 1142 :id
2287 1105 2474 1160 agens,
2525 1090 2667 1160 quod
2692 1106 2869 1160 neque
2923 1092 2989 1146 ad
3061 1095 3349 1147 materiam

69 1187 345 1241 Domino.
380 1187 478 1241 Est
493 1186 636 1239 enim
661 1193 835 1237 coetus
862 1191 1026 1252 atque
1055 1182 1303 1237 collecta.
1327 1182 1502 1235 Omne
1532 1196 1671 1251 opus
1773 1182 2033 1251 pertinet,
2071 1198 2249 1251 neque
2296 1183 2363 1237 ad
2417 1183 2868 1252 inquietudinem,
2902 1186 3047 1253 quod
3076 1186 3220 1241 illius
3270 1195 3355 1241 est

72 1277 275 1333 servile
306 1293 431 1331 non
462 1275 674 1330 facietis
701 1275 754 1327 in
785 1290 870 1327 co.
910 1292 929 1324 ι
1774 1274 2055 1344 proprium
2091 1285 2314 1344 propter
2339 1277 2481 1344 quod
2509 1286 2564 1329 et
2614 1276 2875 1331 Dominus
2941 1278 3223 1347 apostolis,
3267 1286 3354 1332 ut-

133 1368 243 1423 Hic
279 1384 563 1437 usurpare
581 1366 905 1436 sapientiam
941 1365 1123 1419 saeculi
1180 1375 1234 1419 et
1294 1364 1669 1420 transitorium
1776 1377 1904 1436 pote
1952 1368 2113 1421 talem
2150 1367 2520 1422 barreditatem
2557 1368 2879 1439 eligentibus
2922 1371 3064 1435 vitaz,
3090 1371 3304 1426 dicebat
3337 1390 3349 1424 :

72 1464 184 1529 ejus
214 1475 431 1521 nosse,
460 1468 513 1511 et
549 1456 867 1526 temporale,
907 1470 1016 1509 non
1042 1456 1218 1509 solum
1271 1458 1348 1510 ait
1396 1456 1675 1527 legislato-
1774 1458 2010 1529 Regnum
2041 1459 2136 1513 Dei
2166 1461 2307 1512 intra
2340 1476 2429 1513 vos
2456 1470 2530 1513 est
2567 1462 2632 1514 “.
2664 1460 2768 1515 Sed
2802 1470 2857 1515 et
2888 1461 3016 1516 illud
3046 1464 3350 1518 secundum

70 1569 179 1607 rem
223 1552 582 1623 signiﬁcare,
616 1548 783 1603 sedet
811 1556 1065 1617 oportere
1119 1548 1335 1602 oculum
1372 1548 1573 1601 habere
1604 1547 1673 1601 ad
1776 1549 1917 1604 LXX
1949 1552 2247 1604 notandum
2279 1561 2381 1612 est,
2417 1552 2543 1621 quia
2599 1554 2835 1621 primum
2857 1555 3075 1623 quidem
3105 1556 3351 1609 vocalem

72 1644 362 1699 saeculum
396 1642 661 1696 futurum.
688 1636 801 1692 IIoc
848 1652 977 1708 ergo
1006 1646 1061 1691 et
1114 1654 1211 1707 per
1250 1654 1560 1701 numerum,
1618 1647 1673 1692 et
1775 1651 2022 1694 sanctum
2056 1645 2176 1697 sine
2195 1643 2566 1697 additamento
2597 1653 2650 1698 et
2702 1645 3053 1699 distinctione
3111 1647 3357 1701 nomina-

72 1752 165 1806 per
197 1732 576 1789 tabernacula
600 1731 718 1785 sine
748 1729 926 1799 aliqua
975 1730 1312 1784 dubitatione
1339 1730 1580 1784 invenies
1606 1730 1670 1784 ﬁ-
1710 1805 1736 1806 ί
1778 1733 1876 1786 vit.
1903 1732 1976 1786 De
2001 1744 2195 1786 octavo
2220 1741 2403 1787 autem
2429 1734 2673 1788 vocalem
2723 1746 2974 1789 sanctum
3010 1737 3219 1799 dicens,
3258 1738 3356 1791 ad-

74 1805 378 1900 guratum‘.
410 1825 610 1891 Quinta
646 1823 854 1876 decima
913 1821 1179 1890 siquidem
1204 1822 1292 1876 die
1321 1822 1563 1876 inchoari
1594 1821 1676 1875 fe-
1708 1805 1749 1858 Β
1779 1824 1938 1888 didit,
1964 1825 2063 1877 erit
2090 1825 2251 1889 vobis,
2286 1833 2345 1879 ut
2373 1826 2519 1893 quod
2536 1826 2670 1879 dixit
2699 1844 2713 1879 :
2755 1829 2875 1893 erit,
2906 1843 2973 1882 ex
3009 1843 3075 1881 eo
3112 1828 3354 1882 futurum

78 1922 394 1976 stivitatem
431 1916 708 1987 praecepit.
742 1914 821 1966 Ex
873 1921 1082 1982 septem
1124 1923 1305 1967 autem
1330 1922 1385 1967 et
1418 1921 1542 1967 octo
1586 1914 1679 1967 hic
1778 1915 2129 1985 signiﬁcaret,
2159 1916 2566 1970 distinctionem
2597 1927 2779 1971 autem
2832 1918 2974 1987 ejus,
3005 1919 3150 1987 quod
3198 1918 3357 1981 dixit,

79 2020 156 2067 est
210 2023 502 2065 numerus
553 2004 908 2075 compositus,
965 2018 1195 2072 quorum
1272 2018 1414 2055 unus
1457 2001 1677 2072 quidem
1783 2008 1946 2071 vobis,
1982 2007 2479 2077 ostenderet:quia
2505 2008 2712 2076 primus
2744 2010 2966 2079 quidem
2997 2009 3360 2063 omnibusvo-

82 2111 347 2175 presens
369 2099 999 2163 saeculum,alterautem
1032 2094 1507 2166 ﬁguralfuturum.
1528 2092 1681 2147 Unde
1779 2100 1911 2154 calis
1936 2107 2225 2153 etsanctus
2274 2110 2379 2164 est,
2421 2102 2549 2170 quia
2602 2116 2794 2155 omnes
2841 2101 2930 2155 hic
2959 2110 3013 2155 et
3034 2101 3151 2154 sine
3177 2100 3367 2156 distin-

81 2211 133 2254 et
169 2197 546 2252 festivitatem
584 2202 792 2263 septem
853 2192 1045 2246 diebus
1074 2189 1439 2245 consummari
1493 2188 1683 2257 praeci-
1781 2192 1990 2256 ctione,
2016 2191 2084 2244 ad
2112 2192 2620 2254 sanctiﬁcationcm,
2676 2200 2730 2246 et
2750 2193 2815 2247 ad
2864 2193 3003 2247 bene
3044 2193 3359 2257 vivendum,

87 2294 265 2364 piens,
342 2292 480 2345 alios
505 2304 695 2343 rursus
762 2288 880 2342 dies
909 2286 1294 2341 celeberrimos
1344 2294 1504 2353 atque
1553 2298 1683 2336 san-
1781 2292 1837 2337 et
1866 2282 1932 2336 ad
1967 2298 2187 2336 cursum
2212 2282 2544 2337 haereditatis
2574 2283 2881 2338 futurorum
2916 2285 3185 2339 bonorum
3254 2285 3363 2338 Do-

89 2385 383 2439 ctissimos
424 2379 894 2443 commemoravit,
927 2388 981 2431 et
1011 2391 1113 2431 nec
1156 2374 1521 2429 dinumeravit
1562 2388 1684 2428 eam
1782 2378 1968 2431 minus
2004 2376 2240 2438 vocavit,
2264 2393 2389 2430 nam
2438 2387 2494 2431 et
2523 2377 2641 2431 sine
2666 2379 2771 2431 ulla
2792 2378 3144 2433 distinctione
3166 2380 3361 2448 praedi-

93 2492 210 2531 Cum
261 2484 517 2545 septem,
553 2471 646 2525 sed
680 2471 863 2541 posuit
894 2477 1234 2539 sequentem,
1255 2478 1588 2522 etsemotam
1616 2467 1684 2521 ab
1784 2470 1945 2524 cabat
1980 2488 1991 2523 :
2033 2470 2210 2524 Venite
2234 2470 2306 2521 ad
2331 2485 2410 2521 me
2437 2485 2630 2531 omnes,
2661 2472 2750 2537 qui
2780 2469 3054 2533 laboratis,
3084 2480 3131 2523 et
3161 2472 3364 2524 onerati

97 2569 232 2633 aliis,
260 2568 423 2622 sicut
460 2568 704 2620 futurum
737 2562 994 2617 saeculum
1021 2560 1270 2629 sequitur
1299 2560 1516 2629 quidem
1541 2575 1685 2630 prte-
1786 2561 1926 2625 estis,
1964 2571 2010 2613 et
2040 2577 2131 2631 ego
2166 2560 2399 2628 reﬁciam
2423 2576 2510 2614 vos
2554 2561 2619 2613 ⁵⁷.
2658 2561 2716 2613 In
2748 2561 2932 2615 futuro
2954 2570 3136 2615 autem
3154 2564 3365 2617 vacatio

100 2677 240 2725 scus,
272 2659 439 2714 aliud
474 2668 655 2712 autem
688 2671 849 2725 quam
879 2655 983 2709 hoc
1004 2662 1107 2707 est.
1142 2652 1363 2720 Septem
1386 2668 1517 2724 ergo
1568 2653 1688 2707 die-
1789 2652 2124 2707 haereditatis
2158 2654 2447 2715 bonorum,
2478 2667 2587 2705 non
2623 2654 2864 2707 omnium
2897 2663 3001 2714 est.
3035 2654 3128 2707 sed
3147 2668 3359 2719 eorum,

108 2752 580 2808 busfestivitatem
600 2744 1097 2802 Taberhaculorum
1116 2744 1689 2815 appellavit.Quicun-
1786 2745 1879 2816 qui
1906 2753 2227 2815 praesentem
2259 2745 2599 2798 vocationem
2666 2754 3047 2814 susceperunt,
3099 2754 3153 2799 et
3182 2747 3364 2801 taber-

110 2862 211 2918 que
238 2846 395 2901 enim
436 2852 496 2896 ut
528 2839 883 2896 tabernaculo
931 2847 1203 2906 praesente
1239 2836 1444 2891 mundo
1496 2838 1688 2901 utitur,
1789 2838 2108 2891 .iaculorum
2138 2836 2508 2901 festivitatem,
2543 2838 2785 2891 scientes
2839 2839 2966 2908 quia
3026 2840 3268 2909 praterit
3309 2839 3368 2893 ﬁ-

118 2940 197 2996 hic
221 2938 585 2995 festivitatem
639 2934 692 2986 in
728 2946 794 2986 eo
860 2930 1082 2994 habere,
1145 2938 1201 2982 et
1246 2928 1417 2982 lactari
1469 2939 1692 2999 prOpter
1791 2943 1923 2997 gura
1974 2929 2137 2998 hujus
2199 2929 2410 2989 mundi,
2483 2930 2882 2984 custodierunt.
2943 2930 3173 3001 Propter
3218 2933 3364 3001 quod

128 3031 271 3089 iuturi
317 3025 798 3097 exspectationem
850 3030 1050 3092 potest,
1085 3030 1141 3076 et
1184 3020 1496 3091 quicunque
1566 3021 1686 3086 scit,
1792 3022 1936 3074 vobis
1959 3022 2100 3076 dixit
2148 3022 2253 3075 illis
2295 3023 2642 3087 exclamans,
2690 3023 2782 3092 qui
2822 3023 2899 3078 sic
2919 3025 3194 3078 vixerunt.
3240 3026 3365 3081 Haec

133 3123 234 3191 quia
257 3120 301 3176 si
336 3130 569 3172 terrena
593 3115 790 3169 domus
840 3112 1195 3166 habitationis
1225 3111 1389 3181 hujus
1436 3110 1696 3165 dissolva-
1722 3155 1764 3212 C
1797 3129 1856 3168 se
1884 3115 1955 3168 ita
1999 3114 2221 3179 habere,
2274 3114 2389 3183 ipse
2419 3115 2612 3167 iterum
2641 3116 2917 3169 ostendit:
2946 3117 3037 3185 qui
3063 3118 3209 3171 enim
3276 3118 3365 3172 hic

141 3209 535 3275 tur.:ediﬁcatio
574 3222 683 3260 non
717 3203 1028 3259 manufacta
1056 3218 1182 3257 eum
1214 3203 1268 3257 in
1312 3202 1464 3256 caelis
1518 3202 1693 3257 susci-
1727 3202 1764 3212 '
1800 3208 1937 3262 dixit
1966 3223 1980 3259 :
2017 3208 2190 3261 Venite
2217 3213 2288 3261 ad
2322 3226 2403 3261 me
2426 3224 2603 3261 omnes
2625 3210 2712 3277 qui
2737 3209 3012 3274 laboratis,
3060 3220 3107 3263 et
3161 3213 3365 3264 onerati

146 3304 252 3372 piat.
272 3301 516 3356 Primam
551 3305 734 3351 autem
794 3305 1002 3365 septem
1037 3294 1247 3348 dierum
1279 3294 1692 3351 celeberrimam
1794 3300 1941 3365 estis,
1974 3310 2023 3353 et
2062 3316 2154 3369 ego
2200 3301 2433 3368 reficiam
2460 3316 2567 3363 vos,
2606 3301 2659 3354 in
2694 3302 2936 3371 requiem
2967 3301 3221 3357 videlicet
3274 3304 3363 3356 fu-

142 3406 273 3466 atque
297 3391 713 3450 sanctissimam
740 3388 1052 3458 appellavit.
1114 3386 1214 3452 Qui
1251 3386 1397 3439 enim
1431 3386 1693 3455 scitpraa-
1797 3396 1939 3450 turi.
1978 3392 2057 3446 sic
2082 3407 2272 3446 rursus
2301 3394 2544 3462 quazdam
2595 3394 2727 3448 dicit
2759 3394 2825 3448 de
2856 3393 3041 3449 futuro
3074 3411 3086 3447 :
3156 3394 3361 3459 Venite,

130 3491 359 3544 sentibus
411 3495 672 3555 tanquam
705 3482 1058 3538 tabernaculo
1106 3481 1205 3542 uti,
1244 3480 1416 3550 prima
1445 3480 1582 3543 dies,
1639 3479 1693 3534 id
1793 3485 2048 3537 benedicti
2095 3484 2275 3539 Patris
2308 3486 2425 3550 mei,
2478 3487 2728 3555 percipite
2787 3503 3001 3555 regnum
3050 3490 3187 3559 quod
3223 3490 3366 3547 nobis

127 3590 198 3637 est
222 3582 451 3635 initium
493 3586 548 3633 et
571 3575 898 3647 principium
958 3589 988 3627 a
1044 3572 1475 3627 sanctiﬁcatione
1531 3587 1694 3627 voca-
1794 3585 2157 3645 praeparatum
2186 3587 2260 3630 est
2285 3577 2361 3629 “z
2396 3578 2726 3633 subtrahens
2776 3579 2882 3634 hoc
2929 3581 3073 3649 quod
3129 3581 3362 3649 dixerat,

133 3677 277 3730 tionis
312 3670 535 3741 incipit,
570 3677 860 3740 propterea
880 3676 935 3721 et
960 3667 1123 3720 nimis
1150 3676 1556 3734 consequenter
1585 3664 1689 3718 ait:
1795 3685 1971 3723 omnes
2020 3685 2039 3722 :
2101 3670 2226 3739 quia
2285 3670 2438 3723 multi
2499 3672 2707 3740 quidem
2764 3673 2958 3738 uocati,
3034 3674 3193 3741 pauci
3244 3691 3364 3729 υενο

130 3767 273 3822 Omne
306 3780 442 3835 opus
461 3762 644 3816 servile
674 3777 776 3813 non
795 3760 1018 3828 facietis.
1050 3756 1185 3824 Quia
1222 3758 1355 3810 nulli
1402 3757 1457 3810 in
1497 3756 1694 3811 saeculo
1795 3761 1945 3815 electi
1972 3761 2037 3813 ".

133 3860 392 3921 serviunt,
412 3854 506 3925 qui
530 3863 790 3921 tanquam
835 3850 1244 3904 tabernaculum
1290 3857 1346 3901 et
1384 3850 1694 3901 transitoria
1867 3851 2033 3907 Vens.
2062 3852 2152 3912 37,
2184 3851 2272 3906 38.
2307 3869 2325 3902 ι
2364 3850 2455 3906 Hae
2490 3863 2616 3907 sunt
2653 3853 2801 3909 feriae
2826 3854 3063 3922 Domini,
3102 3873 3237 3926 quas
3271 3874 3367 3913 vo-

135 3968 181 4007 ca
204 3967 327 4023 qua:
366 3950 422 4003 in
455 3963 521 4002 eo
550 3956 696 4009 sunt,
734 3944 1042 3999 attendunt.
1075 3940 1180 3995 Sed
1195 3950 1249 3994 et
1282 3940 1696 4009 septemdiebus
1796 3944 1993 3999 cabitis
2019 3943 2404 3997 celeberrimas
2454 3952 2621 4012 atque
2646 3946 3040 4010 sanctissimas,
3094 3949 3366 4005 oﬁ‘eretis-

142 4044 438 4098 holocausta
479 4036 661 4092 olIerri
691 4033 976 4105 praecepit,
1002 4030 1296 4085 ostendens
1315 4038 1570 4100 oportere
1596 4046 1693 4099 per

139 4151 277 4191 omne
332 4144 551 4201 tempus
610 4128 904 4199 perfectam
974 4123 1445 4178 conversationem
1517 4121 1693 4190 sequi.

136 4229 348 4296 Quando
404 4239 535 4294 ergo
587 4222 667 4276 sic
717 4226 1041 4290 praesentem
1097 4215 1264 4269 vitam
1300 4214 1688 4284 percurrimus,

142 4332 256 4376 tunc
311 4316 731 4373 celeberrimum
780 4320 941 4379 atque
995 4306 1398 4361 sanctissimum
1441 4313 1689 4358 octavum

148 4412 299 4473 diem,
332 4408 576 4464 seculum
594 4404 846 4460 videlicet
867 4402 1107 4455 futurum
1136 4397 1422 4459 habemus,
1457 4406 1691 4449 vocante

1795 4050 1902 4105 que
1944 4035 2000 4087 in
2050 4036 2130 4088 eis
2162 4034 2469 4089 oblationes
2506 4034 2740 4089 Domino
2794 4038 3106 4095 holocausta
3147 4051 3201 4096 et
3233 4041 3367 4096 liba-

1796 4136 1998 4191 menta,
2021 4128 2176 4196 juxta
2209 4127 2372 4179 ritum
2400 4115 2829 4198 uniuscujusque
2853 4131 2979 4190 diei,
3016 4134 3367 4203 exceptisque

1796 4219 2044 4273 Sabbatis
2081 4218 2316 4283 Domini,
2341 4218 2607 4288 donisque
2655 4222 2850 4275 vestris
2876 4231 3079 4292 etquae
3123 4224 3367 4279 oll‘eretis

1796 4328 1863 4367 ex
1893 4320 2040 4373 voto,
2072 4312 2155 4364 vel
2180 4326 2302 4379 qua:
2324 4318 2519 4377 sponte
2552 4310 2793 4365 tribuitis
2822 4311 3074 4367 Domino.
3125 4333 3144 4365 ι

1865 4403 1997 4457 Vide
2049 4401 2168 4455 illas
2197 4401 2520 4470 apostolicas
2561 4416 2724 4456 voces
2767 4421 2781 4457 :
2836 4402 3051 4474 Semper
3102 4411 3363 4476 gaudete,

142 4518 232 4558 nos
259 4503 309 4557 in
342 4505 645 4572 prteparata
695 4494 898 4549 sanctis
925 4494 1085 4553 bona,
1134 4505 1201 4544 eo
1237 4489 1327 4559 qui
1381 4504 1482 4543 nos
1527 4497 1581 4542 et
1636 4489 1690 4543 in
1726 4512 1769 4566 ι)
1796 4496 1908 4548 sine
1947 4493 2331 4547 intermissione
2357 4502 2524 4556 orate,
2550 4494 2605 4546 in
2648 4496 2884 4548 omnibus
2919 4499 3122 4565 gratias
3144 4500 3282 4567 agite
3298 4500 3365 4552 ⁷⁸.

140 4594 227 4651 hac
247 4591 663 4650 conversatione
691 4586 929 4643 vocavit:
983 4599 1107 4638 nam
1136 4593 1191 4636 et
1238 4580 1380 4634 LXX
1404 4582 1479 4635 sic
1507 4582 1696 4636 edide-

139 4698 252 4742 runt
269 4706 283 4740 :
300 4688 427 4741 Dies
445 4692 654 4737 octavus
672 4680 863 4733 vocalis
883 4685 1095 4731 sanctus
1114 4675 1233 4727 erit.
1254 4673 1406 4726 Tunc
1422 4688 1552 4744 ergo
1573 4673 1700 4729 olle-

136 4782 293 4834 rimus
319 4779 635 4832 holocausta
656 4772 887 4827 Domino
909 4786 1028 4840 quae
1065 4770 1154 4823 hic
1178 4769 1698 4837 prteparaverimus.

196 4874 289 4927 Est
349 4870 487 4924 enim
544 4877 702 4921 cattus
727 4875 882 4935 atque
906 4862 1145 4916 collecta.
1206 4858 1301 4913 Vel
1336 4860 1475 4914 sicut
1508 4859 1651 4913 LXX
1682 4879 1695 4914 :

136 4963 389 5035 Egressus
421 4970 519 5025 est,
565 4958 690 5028 quia
724 4957 852 5011 hinc
878 4955 1078 5016 exitus,
1124 4952 1233 5007 illic
1272 4951 1535 5006 habitatio
1592 4962 1696 5016 est,

135 5056 269 5111 sicut
297 5055 375 5109 ait
397 5052 597 5105 Paulus
638 5066 651 5102 :
684 5049 850 5118 Cupio
872 5046 1083 5101 dissolvi
1130 5054 1177 5097 et
1209 5060 1319 5098 esse
1387 5060 1502 5097 cum
1542 5042 1701 5097 Clari-

137 5149 289 5202 sto".
321 5146 497 5202 Omne
523 5159 660 5214 opus
687 5143 882 5197 servile
917 5155 1027 5194 non
1078 5138 1365 5198 faciemus,
1397 5141 1525 5206 quia
1559 5137 1702 5191 sicut

138 5242 304 5313 angeli
347 5239 441 5293 Dei
498 5248 743 5306 tempore
792 5234 885 5287 illo
938 5232 1163 5286 erimus.
1215 5228 1318 5283 Sed
1345 5229 1527 5282 ethoc
1548 5237 1696 5292 nota,

140 5332 408 5403 quomodo
463 5330 651 5384 eadem
698 5327 766 5381 de
794 5325 974 5395 primo
1014 5332 1069 5375 et
1129 5330 1325 5376 octavo
1355 5319 1509 5382 dicit,
1574 5320 1701 5388 quia

142 5427 297 5481 unius
320 5420 725 5496 quodammodo
751 5428 980 5486 uterque
1015 5414 1230 5469 virtutis
1266 5418 1418 5477 sunt,
1454 5424 1703 5465 resurre-

145 5518 333 5575 ctionis
366 5516 567 5587 quippe
583 5514 699 5570 dies
713 5527 836 5583 qua:
858 5518 943 5566 est
973 5507 1276 5565 substantia
1304 5504 1474 5561 futuri
1496 5502 1701 5569 saeculi,

210 5700 253 5731 “
283 5698 487 5768 Philip.
514 5713 553 5761 I,
578 5695 667 5749 25.
746 5693 788 5727 “
808 5691 940 5747 Luc.
972 5703 1101 5753 xvii,
1131 5686 1221 5742 2i.

152 5785 202 5834 v,
235 5770 413 5827 16-18.

1302 5686 1345 5717 "
1377 5683 1567 5739 Matth.
1596 5699 1677 5750 xt,
1698 5681 1789 5738 Q8.

1797 4583 2050 4638 Consona
2092 4583 2347 4637 videntur
2421 4598 2544 4638 esse
2603 4584 2718 4637 haec
2746 4587 3103 4654 pra-sentibus
3126 4588 3369 4644 Mosaica:

1799 4678 2094 4733 sanctionis
2121 4678 2321 4732 verbis.
2354 4678 2494 4731 Ecce
2545 4677 2690 4730 enim
2722 4678 3046 4733 festivitates
3105 4682 3368 4749 quasdam

1800 4770 2105 4843 praecipuas
2134 4770 2409 4839 legislator
2432 4785 2734 4839 exponens,
2780 4786 2914 4840 quas
2977 4782 3032 4825 et
3076 4773 3367 4827 celeberri-

1802 4880 1919 4919 mas
1954 4872 2117 4933 atque
2154 4872 2368 4917 sanctas
2410 4863 2733 4927 nominavit,
2791 4865 3205 4933 permiscuiteis
3230 4880 3369 4935 quo-

1802 4959 2005 5014 tidiana
2035 4957 2293 5012 libamina
2318 4968 2371 5011 et
2403 4956 2692 5011 sacriﬁcia.

1876 5046 1975 5101 Ha:
2001 5055 2121 5100 sunt
2142 5047 2279 5099 enim
2306 5046 2453 5116 ferite
2486 5046 2698 5099 Domini
2749 5062 2881 5117 quas
2931 5047 3180 5101 vocabitis
3235 5048 3373 5103 cele-

1802 5138 2056 5192 berrimas
2074 5146 2231 5202 atque
2248 5138 2628 5191 sanctissimas.
2663 5137 2728 5191 Et
2756 5153 2880 5191 cum
2935 5140 3374 5208 Oporterethanc

1800 5238 1896 5281 aut
1920 5227 2064 5281 illam
2088 5228 2292 5295 dicere,
2323 5244 2431 5282 non
2458 5228 2537 5282 sic
2559 5228 2713 5290 dixit,
2748 5228 2840 5283 sed
2873 5229 3114 5285 subdidit
3142 5230 3375 5301 :Oﬂ'ere-

1804 5320 1971 5391 lisque
2001 5320 2056 5372 in
2076 5319 2151 5373 eis
2179 5319 2465 5373 oblationes
2516 5319 2743 5373 Domino
2786 5320 3090 5375 holocausta
3138 5332 3186 5375 et
3240 5324 3374 5377 liba—

1809 5421 2008 5477 menta,
2022 5411 2182 5481 juazta
2235 5413 2394 5465 ritum
2427 5412 2837 5483 uniuscujusque
2876 5413 2999 5469 diei.
3032 5411 3100 5466 Et
3126 5412 3239 5481 ipse
3276 5426 3376 5465 nos

1811 5503 2070 5574 gaudere,
2116 5510 2172 5558 et
2206 5502 2557 5559 festivitatem
2622 5518 2803 5575 agere,
2854 5511 2909 5560 et
2930 5502 3048 5557 sine
3098 5500 3375 5557 intermis-

1870 5678 2123 5735 “Matth.
2149 5694 2274 5744 xxv,
2306 5676 2394 5733 54.
2469 5677 2513 5710 ⁸⁸
2545 5675 2735 5732 Matth.
2758 5690 2896 5741 xxn,
2922 5674 3007 5728 Ην.
3086 5672 3173 5728 "l
3209 5670 3354 5727 Thes
