3928 6410
613 317 765 389 ’1095

1807 334 2172 398 HESYCHII
2205 335 2679 398 PRESBYTERI

3706 342 3804 410 illi!)

622 439 777 494 sione
799 453 958 494 orare
987 439 1122 497 vult.
1157 439 1272 496 Hoc
1304 451 1390 498 est
1409 458 1541 515 ergo
1565 445 1880 516 quotidiana
1900 449 2110 514 libatio,
2139 459 2195 504 et
2224 454 2270 509 Α
2300 467 2373 504 ra:
2397 492 2412 514 ,
2471 451 2540 504 ab
2601 450 2864 520 operibus
2934 451 3193 506 videlicet
3257 451 3491 503 terrenis
3552 464 3804 511 cessantes:

620 531 970 594 sacrificium,
1021 532 1134 588 sive
1188 535 1588 603 holocaustum,
1639 555 1761 607 qua:
1812 548 1942 594 tunc
1987 541 2191 596 offerre

619 635 932 690 possumus,
963 623 1425 694 quandocorpora
1461 634 1650 681 nostra
1714 629 1951 683 hostiam
2011 631 2190 684 vivam

620 709 735 766 Deo
789 713 1199 768 exbibuerimus
1231 725 1287 768 et
1324 707 1569 771 membra
1613 728 1824 796 nostra,
1875 737 1996 790 quae
2062 730 2192 775 sunt

607 817 1028 877 .superterram,
1083 809 1615 875 mortificaverimus,
1677 815 1959 884 paratique
2018 815 2192 869 fueri-

621 915 746 954 mus
773 901 849 954 ire
879 901 944 955 ad
1012 900 1318 968 Dominum,
1373 920 1494 958 cum
1549 905 1716 960 Paulo
1760 907 2045 962 dicentes:
2079 909 2193 979 Ego

623 994 762 1046 enim
791 993 911 1062 jam
939 994 1160 1058 delibor,
1190 1008 1237 1048 et
1285 1006 1488 1066 tempus
1535 1015 1663 1052 mete
1707 999 2051 1053 resolutionis
2106 1002 2192 1053 in-

620 1094 727 1140 stat
757 1085 822 1139 ".
855 1085 1085 1156 Propter
1116 1088 1219 1144 hoc
1271 1091 1481 1144 addidit
1513 1108 1525 1143 :
1574 1092 1918 1163 Exceptisque
1954 1093 2196 1148 Sabbatis

620 1179 854 1243 Domini,
913 1181 1164 1250 donisque
1205 1183 1410 1243 vestris,
1445 1191 1491 1236 et
1546 1200 1662 1253 qua:
1691 1185 1912 1254 oﬂ‘eretis
1939 1202 2003 1238 ex
2056 1198 2193 1251 voto,

619 1271 703 1324 vel
723 1286 840 1334 qua:
859 1280 1041 1339 sponte
1069 1272 1296 1325 tribuitis
1322 1272 1569 1327 Domino.

695 1361 896 1430 Aperte
925 1363 1059 1416 illud
1082 1363 1324 1428 tradens,
1352 1365 1480 1434 quia
1543 1380 1711 1436 super
1763 1367 2194 1422 declinationem

621 1451 914 1517 malorum,
949 1452 1051 1506 hoc
1081 1452 1501 1519 estSabbatum,
1533 1466 1590 1510 et
1636 1473 1802 1527 super
1846 1459 1980 1513 alias
2031 1459 2198 1528 justi-

625 1543 750 1604 tias.
805 1560 941 1614 quas
1007 1545 1120 1600 Deo
1171 1547 1472 1602 secundum
1529 1557 1746 1618 tempus
1799 1551 2195 1619 promittimus,

622 1634 914 1704 aliquando
971 1636 1017 1690 ei
1072 1637 1362 1705 jejunium,
1438 1639 1731 1708 aliquando
1791 1643 2196 1708 possessionum

623 1727 975 1793 oblationem,
1001 1729 1084 1783 vel
1115 1730 1170 1783 in
1214 1730 1474 1800 periculis
1530 1733 1879 1788 venientibus
1903 1734 2081 1798 nobis,
2114 1734 2198 1787 vel

623 1817 932 1873 \oluntarie
989 1821 1358 1890 promittimus
1413 1839 1427 1876 :
1491 1831 1778 1892 propterea
1827 1835 2077 1879 votorum
2146 1835 2200 1880 et

624 1919 1052 1981 spontaneorum
1081 1913 1382 1983 quotidiani
1408 1915 1694 1970 ministerii
1753 1917 1863 1971 Deo
1896 1931 2058 1988 atque
2072 1935 2200 1989 per-

624 2002 778 2072 petui
810 2003 1083 2070 sacrificii,
1118 2005 1387 2075 siquidem
1419 2008 1562 2061 actio
1583 2009 1728 2076 justa
1757 2020 1860 2069 est,
1916 2011 2198 2065 debitores

624 2112 837 2162 sumus,
866 2106 926 2152 ut
945 2107 1184 2153 nostram
1217 2115 1436 2154 omnem
1461 2101 1523 2162 ei.
1543 2101 1706 2155 vitam
1735 2105 2051 2166 offeramus,
2113 2105 2201 2158 di-

625 2196 816 2244 centes
846 2189 1306 2258 quemadmodum
1328 2199 1384 2246 et
1413 2191 1612 2246 Paulus
1634 2193 1807 2247 dixit:
1844 2193 1964 2247 Vivo
2019 2204 2201 2250 autem

624 2278 868 2348 nonjam
903 2296 1017 2350 ego,
1050 2281 1172 2334 vivit
1191 2298 1310 2335 vero
1336 2284 1393 2335 in
1444 2299 1526 2336 me
1559 2282 1813 2337 Christus.
1851 2283 2000 2349 Quod
2023 2297 2202 2341 autem

624 2386 766 2426 nunc
787 2373 900 2426 vivo
930 2373 986 2425 in
1014 2373 1192 2440 carne,
1223 2375 1278 2426 in
1304 2375 1406 2443 fide
1435 2375 1547 2429 vivo
1578 2376 1703 2430 Filii
1751 2375 1869 2436 Dei,
1903 2380 1993 2440 qui
2019 2379 2201 2434 dilexit

624 2477 731 2526 nte,
761 2470 810 2516 et
835 2463 1054 2516 tradidit
1087 2466 1427 2532 semetipsum
1455 2481 1550 2535 pro
1582 2483 1661 2519 me
1692 2467 1737 2497 "‘
1773 2482 1784 2514 :
1821 2473 2201 2540 propterquod

621 2561 684 2608 et
707 2569 810 2610 nos
838 2554 1037 2608 offerre
1068 2555 1119 2609 ei
1189 2558 1355 2610 vitam
1408 2567 1652 2612 nostram
1705 2569 1951 2628 oportet,
1979 2564 2106 2631 quia
2151 2577 2204 2620 et

624 2641 744 2713 ipse
770 2644 1135 2712 semetipsum
1154 2661 1253 2714 pro
1300 2647 1460 2702 nobis
1483 2649 1699 2703 obtulit.

696 2734 864 2790 Vsus.
895 2734 1081 2790 '59-“.
1123 2755 1142 2788 ‹
1175 2737 1220 2791 Α
1250 2739 1450 2807 quinto
1475 2740 1692 2796 decimo
1728 2758 1858 2814 ergo
1882 2745 1968 2801 die
2002 2762 2206 2800 mensus

601 2825 866 2895 septimi,
918 2827 1138 2896 quando
1185 2832 1652 2901 congregaveritis
1723 2850 1916 2890 omnes
1995 2838 2205 2893 fructus

603 2923 788 2974 ,ωτι-ω
833 2929 1048 2982 vestrae,
1108 2920 1459 2976 celebrabitis
1511 2922 1675 2978 ferias
1732 2926 1947 2982 Domini
1993 2941 2204 3001 septem

625 3009 844 3066 diebus.
871 3011 966 3066 Die
999 3011 1173 3082 primo
1229 3024 1285 3068 et
1314 3015 1404 3069 die
1434 3023 1628 3069 octavo
1659 3018 1765 3072 erit
1796 3017 2115 3089 Sabbatum,
2150 3025 2204 3079 id

624 3108 712 3156 est
739 3102 978 3170 requies.
1013 3102 1366 3174 Sumetisque
1388 3106 1546 3162 vobis
1566 3106 1654 3161 die
1677 3109 1854 3178 primo
1888 3112 2096 3169 fructus
2113 3131 2205 3168 ar-

611 3186 777 3246 boris
801 3188 1226 3258 pulcherrimas:
1262 3196 1616 3266 spatulasque
1654 3203 1979 3271 palmarum,
2016 3214 2070 3258 et
2123 3221 2209 3258 ra-

609 3292 747 3333 .mos
770 3279 902 3350 ligni
938 3279 1233 3338 densarum
1279 3285 1582 3355 frondium,
1628 3304 1680 3348 et
1739 3295 1934 3350 salices
1976 3296 2044 3351 de
2106 3307 2210 3352 tor-

625 3379 804 3436 rente,
837 3381 893 3428 et
916 3373 1229 3431 laetabimiui
1265 3394 1448 3436 coram
1479 3383 1710 3440 Domino
1738 3387 1848 3442 Deo
1883 3401 2080 3457 vestro,
2117 3408 2209 3446 ce-

627 3459 1017 3534 lebrabitisque
1050 3468 1453 3528 solemnitatem
1479 3477 1598 3545 ejus
1625 3487 1834 3548 septem
1872 3481 2069 3537 diebus
2111 3500 2210 3553 per

627 3568 837 3610 annum
878 3572 893 3608 :
945 3558 1254 3629 legitimum
1288 3569 1684 3636 sempiternum
1717 3574 1826 3628 erit
1855 3575 1909 3628 in
1972 3592 2208 3646 genera-

629 3645 876 3704 tionibus
912 3651 1126 3708 vestris.
1159 3653 1345 3710 Mense
1377 3661 1610 3728 septimo
1665 3662 1800 3718 festa
1834 3645 2206 3736 celebrabitis,

629 3749 687 3795 et
719 3741 1041 3798 habitabitis
1073 3746 1126 3799 in
1151 3750 1485 3807 umbraculis
1534 3768 1744 3826 septem
1781 3759 1996 3816 diebus.
2019 3762 2209 3819 Omnis

631 3833 726 3903 qui
759 3849 824 3888 ex
870 3851 1068 3904 genere
1101 3848 1184 3892 est
1223 3840 1407 3905 Israel,
1458 3848 1703 3902 manebit
1733 3850 1788 3904 in
1821 3853 2206 3920 tabernaculis,

613 3931 698 3978 .ut
719 3926 934 3981 discant
967 3931 1174 3997 posteri
1209 3935 1393 3999 vestri,
1447 3939 1594 4006 quod
1632 3941 1687 3994 in
1719 3943 2085 4001 tabernaculis
2114 3948 2211 4002 ha-

632 4015 1061 4074 bitarezfecerim
1098 4021 1236 4079 filios
1285 4025 1471 4091 lsrael,
1498 4046 1622 4085 cum
1657 4033 1951 4090 educerem
1986 4054 2082 4092 eos
2140 4039 2209 4094 de

635 4114 781 4161 terra
811 4106 1051 4179 IEgypti.
1077 4112 1192 4183 Ego
1223 4113 1486 4173 Dominus
1508 4120 1650 4175 Deus
1704 4133 1904 4180 vester.
1936 4126 2208 4182 Locutus-

610 4214 741 4267 ,que
779 4209 863 4255 est
916 4201 1128 4276 Moyses
1181 4221 1348 4277 super
1375 4211 1818 4272 solemnitatibus
1879 4216 2094 4272 Domini
2142 4220 2209 4274 ad

633 4289 774 4346 filios
797 4293 983 4350 lsrael.
1033 4314 1052 4347 ›

702 4381 872 4442 Tutos
897 4402 997 4443 nos
1024 4389 1298 4463 legislator
1323 4409 1448 4451 esse
1504 4399 1757 4469 praecipit
1785 4402 1970 4456 surculi
2006 4401 2202 4470 futuri,

631 4478 692 4528 et
721 4488 1050 4545 praesentem
1074 4482 1242 4536 vitam
1286 4485 1354 4539 ad
1389 4486 1519 4542 illud
1565 4499 1845 4558 coeptare.
1905 4491 2203 4563 Propterea

629 4579 756 4623 cum
799 4571 1100 4640 compleret
1155 4573 1511 4631 festivitatum
1560 4582 1808 4646 verbum,
1861 4585 2024 4640 iterat
2057 4603 2204 4643 nunc

631 4658 1109 4718 tabernaculorum
1172 4665 1551 4734 festivitatem,
1613 4675 1742 4743 quia
1824 4677 1994 4732 totius
2065 4679 2202 4750 legis

630 4764 841 4808 summa
870 4763 955 4810 est
984 4772 1095 4810 non
1140 4758 1356 4816 inhiare
1399 4766 1780 4832 praesentibus,
1808 4783 1986 4840 neque
2011 4771 2199 4826 adhae-

631 4857 754 4899 rere
783 4847 1037 4913 terrenis,
1071 4851 1166 4906 sed
1189 4853 1330 4909 scire
1358 4856 1486 4926 quia
1513 4858 1769 4928 inquilini
1804 4860 1859 4914 in
1910 4877 1974 4916 ea
2015 4872 2070 4918 et
2101 4879 2200 4934 pe-

629 4937 832 5009 regrini
859 4954 1068 5006 sumus,
1101 4944 1242 5000 sicut
1271 4962 1463 5003 omnes
1493 4959 1678 5019 patres
1707 4954 1904 5008 nostri.

700 5031 747 5081 Α
781 5031 963 5099 quinto
1015 5035 1215 5090 decimo
1251 5055 1375 5108 ergo
1424 5042 1508 5094 die
1551 5045 1743 5098 mensis
1790 5047 2020 5116 septimi.
2068 5046 2205 5104 Esse

632 5132 878 5175 mensem
925 5126 1216 5194 septimum
1266 5133 1691 5202 completionem
1739 5138 1856 5193 sive
1911 5140 2205 5206 plenitudi-

631 5223 759 5264 nem
788 5221 1095 5283 temporum
1124 5219 1384 5277 diximus.
1433 5224 1669 5290 Quintus
1716 5230 1965 5287 decimus
1994 5247 2200 5301 autem,

632 5309 823 5395 utpote
863 5318 929 5358 ex
985 5317 1194 5376 septem
1242 5319 1300 5365 et
1356 5324 1482 5370 octo
1531 5327 1790 5374 constans
1830 5327 2202 5395 evangelicam

629 5391 1096 5464 praedicationem,
1142 5417 1266 5471 quae
1323 5418 1390 5458 ex
1446 5409 1707 5475 prmsenti
1759 5411 1868 5466 vita
1925 5391 1997 5469 et.
2019 5415 2202 5474 futura

631 5483 902 5550 consistit,
932 5485 1219 5558 significat,
1253 5491 1394 5548 hanc
1423 5510 1778 5566 componens,
1820 5501 1966 5558 illam
1989 5521 2202 5577 praepa-

631 5589 782 5633 rans.
809 5577 1039 5645 Quando
1068 5589 1582 5662 congregaverimus
1607 5608 1800 5651 omnes
1844 5595 2069 5656 fructus
2088 5611 2202 5657 ter-

733 5756 778 5791 "
809 5755 854 5814 ll
886 5756 1027 5817 Tim.
1058 5779 1135 5833 tv,
1163 5763 1218 5822 6.

1316 5767 1362 5801 "
1406 5766 1526 5828 Gal.
1548 5787 1610 5841 tt,
1637 5771 1728 5830 20.
1800 5775 1848 5811 ⁷³
1871 5775 2019 5836 Psal.
2038 5795 2199 5848 cxxv,
2219 5779 2275 5836 8.

2293 544 2430 596 festa
2457 544 2798 598 celebremus
2824 552 3035 612 septem
3059 545 3194 605 dies,
3234 544 3288 598 id
3325 555 3410 597 est
3435 553 3594 597 totam
3623 557 3809 603 nostram

2294 621 2486 691 demus
2517 638 2680 690 vitam
2716 637 2770 690 in
2811 637 2996 691 divina
3038 637 3344 691 festivitate
3387 637 3812 695 celebranda:bit

2296 738 2472 782 autem
2506 732 2673 800 primo
2705 733 2925 801 requies,
2966 741 3014 784 et
3045 732 3128 784 die
3158 741 3353 784 octavo
3379 733 3595 799 requies.

2364 820 2482 876 Non
2519 822 2628 891 jam
2676 824 2930 892 septimo,
2977 839 3102 877 cum
3139 838 3385 877 numero
3426 834 3623 890 septem
3653 825 3813 880 dierum

2296 914 2646 970 festivitatem
2683 917 2765 987 agi
2809 917 3214 986 proposuisset,
3269 917 3367 970 sed
3398 926 3604 977 octavo.
3634 919 3812 986 primum

2296 1006 2535 1075 quidem,
2567 1008 2691 1076 quia
2728 1008 2808 1061 his
2841 1009 2933 1078 qui
2983 1009 3290 1062 secundum
3325 1007 3562 1060 litteram
3593 1009 3738 1078 legem
3763 1020 3814 1063 te-

2297 1108 2452 1165 nent,
2502 1099 2853 1154 festivitatem
2891 1101 3173 1154 celebrare
3215 1115 3332 1153 non
3382 1099 3530 1163 licet,
3563 1117 3691 1155 novo
3711 1111 3813 1159 en'm

2299 1201 2611 1260 segregatus
2664 1201 2748 1246 est
2797 1193 3016 1262 populo.
3071 1193 3162 1261 qui
3220 1194 3328 1246 scit
3359 1191 3532 1259 legem
3579 1197 3815 1252 secundum

2299 1280 2549 1348 Spiritum
2609 1280 2876 1348 accipere.
2936 1289 2991 1332 et
3048 1289 3310 1333 octavum
3362 1279 3658 1342 honorare.
3701 1299 3812 1350 quem

2299 1366 2536 1421 diximus
2605 1367 2913 1438 signiﬁcare
2979 1377 3331 1422 mortuorum
3405 1369 3811 1424 resurrectionem.

2299 1457 2569 1522 Secundo,
2602 1461 2726 1529 quia
2762 1475 2924 1514 unam
2962 1460 3219 1514 virtutem
3252 1459 3463 1514 habent
3493 1471 3547 1514 et
3593 1462 3814 1530 primum

2301 1559 2557 1619 octavus;
2604 1554 2729 1621 quia
2779 1561 3003 1607 octavus
3052 1553 3167 1622 ipse
3242 1561 3429 1607 estet
3479 1554 3688 1622 primus.
3732 1559 3815 1623 quia

2303 1642 2418 1716 ipse
2445 1655 2528 1699 est
2570 1643 2899 1715 principium
2954 1645 3119 1699 futuri
3169 1645 3388 1699 smculi.
3436 1644 3631 1700 Deinde
3665 1648 3814 1716 primus

2303 1739 2438 1799 dies.
2481 1738 2572 1808 qui
2625 1747 2708 1792 est
2744 1737 2955 1791 initium
2999 1737 3157 1792 factae
3206 1737 3632 1807 praedicationis,
3667 1740 3711 1791 in
3745 1740 3815 1792 ﬁne
3870 1745 3871 1808 ξ

2304 1831 2625 1885 saeculorum
2684 1831 2925 1900 requiem
2982 1832 3255 1886 continet.
3310 1831 3663 1900 Requiescere
3712 1835 3812 1886 enim

2300 1937 2402 1976 nos
2430 1921 2584 1985 facit,
2608 1938 2730 1976 cum
2761 1939 2862 1976 nos
2889 1939 2917 1977 a
2950 1932 3307 1992 peccatorum
3350 1923 3622 1976 laboribus
3649 1923 3811 1982 liberal.

2300 2031 2400 2085 per
2431 2015 2636 2069 donum
2668 2015 3015 2084 baptismatis
3039 2017 3197 2086 cujus
3227 2017 3358 2086 quia
3403 2015 3617 2088 figuram
3644 2016 3812 2069 inunda-

2301 2108 2380 2162 tio
2411 2109 2654 2177 gerebat,
2683 2123 2806 2177 quae
2839 2117 3104 2163 creaturae
3143 2125 3244 2179 per
3298 2110 3414 2163 Noe
3448 2123 3688 2177 aquarum
3715 2108 3813 2161 dilu-

2299 2202 2389 2258 vio
2421 2201 2590 2266 venit,
2628 2210 2775 2257 recte
2808 2201 2876 2256 de
2921 2202 3023 2258 hoc
3055 2201 3349 2256 dicebatur
3379 2219 3392 2254 :
3436 2199 3533 2254 Hic
3567 2201 3812 2269 requiescere

2303 2308 2394 2345 nos
2455 2293 2614 2360 faciet
2639 2291 2704 2344 ub
2757 2292 2995 2345 omnibus
3036 2293 3282 2358 operibus
3339 2293 3702 2353 nostris,etde
3723 2291 3809 2342 reli-

2303 2387 2440 2454 quiis
2476 2401 2732 2438 ntanuum
2787 2395 3108 2448 nostrarum,
3142 2395 3194 2439 et
3227 2403 3261 2438 a
3304 2395 3450 2438 terra
3499 2385 3580 2437 cui
3605 2384 3808 2437 maledixit

2305 2476 2560 2530 Dominus
2591 2475 2744 2530 Deus.
2777 2476 3059 2546 Simulque
3087 2477 3302 2546 primus
3321 2477 3462 2540 dies,
3497 2473 3739 2530 exordium
3753 2472 3807 2524 ri-

2303 2568 2500 2623 delicet
2557 2567 2993 2636 praedicationis,
3047 2567 3324 2638 promittit
3377 2567 3701 2636 posteriorem
3741 2577 3805 2614 re-

2303 2661 2507 2730 quiem,
2571 2676 2732 2730 quam
2765 2670 2988 2715 octavus
3028 2660 3213 2725 habet,
3267 2659 3323 2713 id
3381 2667 3484 2723 est,
3539 2664 3802 2710 mortuorum

2305 2751 2658 2817 resurrectio,
2688 2762 2741 2807 et
2779 2768 3006 2825 regnum
3054 2753 3227 2808 futuri
3265 2751 3473 2815 saeculi,
3508 2749 3572 2804 de
3596 2763 3686 2819 quo
3705 2745 3802 2817 psal-

2305 2842 2450 2897 lebat
2479 2843 2648 2898 David
2683 2862 2696 2898 :
2738 2843 2998 2915 Exsurge,
3034 2844 3283 2907 Domine,
3314 2845 3372 2896 in
3396 2842 3610 2912 requiem
3633 2837 3799 2892 tutus”.

2306 2932 2443 3000 Quia
2474 2934 2620 2989 enim
2654 2945 2944 3004 utramque
2968 2936 3215 3005 requiem
3239 2935 3522 2989 exordium
3549 2929 3799 2999 evangeliea

2305 3026 2707 3096 praedicationis
2746 3027 3010 3096 possidet,
3041 3028 3166 3082 audi
3199 3027 3334 3096 quid
3366 3026 3588 3096 primum
3613 3020 3796 3076 Christus

2233 3140 2276 3197 ο
2307 3119 2550 3173 humano
2584 3120 2767 3190 generi
2793 3119 3142 3188 prazdicavit:
3174 3118 3549 3173 Paenitentiam
3579 3115 3708 3185 agite,
3734 3128 3797 3178 ap-

2309 3211 2678 3281 propinquavit
2709 3213 2848 3265 enim
2873 3227 3090 3284 regnum
3117 3210 3444 3265 rmlorum".
3473 3209 3565 3263 Per
3591 3205 3794 3276 paeniten-

2311 3304 2440 3358 tiam
2470 3319 2500 3358 a
2522 3305 2800 3359 laboribus
2839 3304 2965 3358 vitae
2991 3321 3112 3374 quae
3134 3305 3190 3358 in
3218 3304 3458 3375 peccatis
3499 3310 3592 3361 est,
3620 3295 3792 3367 requiem

2311 3396 2636 3465 praedicans,
2669 3405 2725 3451 et
2755 3412 2908 3467 spem
2950 3397 3006 3451 in
3039 3413 3212 3468 regno
3248 3396 3505 3451 caelorum
3543 3393 3703 3446 future
3737 3399 3794 3438 te-

2310 3488 2479 3557 quiei.
2517 3489 2621 3543 Sed
2665 3489 2874 3558 primus
2918 3488 3135 3560 quidem
3167 3489 3334 3543 habet
3363 3486 3586 3556 requiem
3613 3498 3636 3536 a
3661 3493 3793 3550 pecca-

2313 3590 2491 3635 torum
2523 3582 2822 3636 laboribus.
2854 3583 2935 3636 Ab
2967 3598 3032 3637 eo
3065 3590 3273 3644 tamen,
3307 3581 3399 3651 qui
3428 3587 3626 3635 vocatus
3647 3581 3792 3628 estsu-

2311 3673 2661 3743 perretlilicari
2742 3675 2870 3730 huic
2913 3675 3145 3744 requiei,
3191 3677 3458 3730 virtutum
3508 3667 3785 3739 Operationem

2309 3765 2508 3835 exiget.
2561 3765 2790 3837 Propter
2827 3768 2971 3837 quod
3009 3767 3275 3821 Dominus
3301 3766 3430 3821 dicit
3464 3783 3476 3818 :
3505 3761 3693 3817 Discit”
3718 3765 3774 3804 tu

2311 3858 2433 3928 quia
2499 3860 2638 3912 mitis
2694 3877 2808 3913 sum
2841 3870 2888 3914 et
2934 3860 3144 3914 humilis
3187 3861 3363 3922 corde,
3401 3869 3447 3912 et
3501 3849 3770 3910 invalidi"?

2311 3952 2481 4019 quiem
2533 3953 2811 4006 animabus
2839 3955 3102 4008 vestris".
3155 3953 3442 4008 Subinfert
3478 3937 3772 4018 :Jugttmfnim

2310 4058 2482 4094 meum
2511 4059 2668 4096 suave
2691 4053 2786 4104 est,
2811 4055 2858 4097 et
2887 4061 3016 4100 onus
3039 4063 3208 4099 meum
3243 4047 3354 4099 leve
3377 4045 3420 4075 "
3437 4060 3450 4096 :
3469 4042 3584 4094 banc
3608 4046 3698 4102 (Ιυεθ
3719 4031 3778 4079 (³⁵⁸

2309 4148 2434 4188 cum
2479 4135 2668 4203 requie
2713 4137 3084 4204 operationem
3133 4138 3398 4191 virtutum
3447 4129 3665 4189 mandans.
3704 4117 3776 4172 Hic

2310 4234 2490 4279 autem
2550 4226 2855 4296 legislator,
2917 4244 3039 4282 cum
3102 4227 3452 4282 festivitatem
3519 4214 3780 4293 paciﬁca-‘5“

2310 4325 2516 4386 septem
2549 4318 2785 4384 dierum,
2827 4320 3063 4390 primum
3096 4322 3216 4389 cjus
3253 4321 3395 4376 diem
3424 4315 3623 4385 requiem
3645 4300 3780 4403 appel-

2310 4408 2481 4464 lavit:
2511 4418 2654 4465 tacet
2692 4421 2872 4465 autem
2915 4422 3209 4482 sequentes
3259 4415 3395 4478 dies,
3427 4418 3481 4465 ut
3510 4420 3591 4476 per
3627 4401 3707 4454 hoc
3730 4401 3782 4446 si-

2308 4501 2526 4571 gnificet
2572 4513 2826 4572 oportere
2872 4505 3166 4560 virtutibus
3216 4521 3432 4576 operam
3478 4501 3603 4556 dare.
3632 4485 3782 4545 οεῑηάε

2309 4593 2376 4646 ad
2430 4603 2680 4648 octavum
2732 4595 2872 4650 diem
2929 4598 3190 4652 transfert
3237 4597 3492 4667 requiem,
3537 4581 3780 4680 ostenderit.

2308 4685 2433 4755 quia
2493 4687 2678 4741 ﬁdeles
2726 4697 2780 4742 et
2820 4691 3120 4744 servientes
3171 4691 3274 4762 legi
3321 4691 3430 4749 Dei,
3478 4696 3584 4738 vera
3622 4681 3781 4740 reti'"es

2309 4777 2496 4832 saeculi
2540 4777 2707 4833 futuri
2737 4789 2838 4834 est.
2877 4779 3014 4846 Quid
3063 4797 3192 4852 ergo
3237 4798 3337 4836 nos
3367 4781 3415 4834 in
3448 4785 3546 4832 tota
3571 4771 3660 4824 vita
3687 4775 3779 4830 009‘

2309 4870 2438 4933 rari,
2477 4880 2531 4925 et
2566 4872 2710 4926 unde
2738 4872 2994 4928 inchoare
3024 4877 3390 4945 operationem
3414 4864 3631 4939 oportet?

2381 4958 2709 5029 Sumetisque
2750 4964 2889 5017 vobis
2936 4965 3020 5016 die
3061 4942 3235 5034 primo
3282 4969 3468 5038 [ructus
3501 4952 3669 5011 arboris
3691 4942 3778 5043 pri:

2313 5053 2600 5116 cherrima,
2663 5055 3003 5123 spatulasque
3058 5058 3374 5126 palmarum,
3418 5064 3461 5108 et
3511 5061 3656 5104 ramos
3687 5040 3775 5105 Ιίέιπέ

2314 5145 2596 5198 densarum
2646 5147 2932 5214 frondium,
2987 5159 3036 5202 et
3059 5151 3243 5205 salices
3269 5153 3328 5205 de
3357 5151 3578 5204 torrente,
3608 5145 3646 5189 et
3667 5132 3774 5184 [κεια-

2311 5239 2496 5291 bimini
2530 5254 2708 5291 coram
2752 5240 2966 5295 Domino
2999 5243 3102 5297 Deo
3134 5255 3318 5309 vestro,
3349 5233 3774 5297 celebrabitis‘lue’o'

2310 5329 2638 5412 lemnitatem
2683 5332 2795 5400 ejus
2844 5345 3039 5404 septem
3078 5339 3277 5393 diebus.
3306 5333 3445 5402 Quod
3478 5328 3684 5398 oporteat
3703 5326 3770 5412 per

2308 5434 2527 5473 omnem
2581 5405 2746 5476 vitam
2801 5424 3096 5482 virtutibus
3154 5443 3368 5498 Operam
3427 5423 3558 5481 dare,
3599 5414 3769 5504 qu???

2308 5508 2578 5566 fructibus
2606 5521 2662 5566 et
2695 5515 2859 5570 ramis
2888 5497 3274 5586 praedictorum
3295 5520 3535 5585 lignorum
3561 5497 3767 5586 signiﬁci-

2308 5601 2409 5670 vit,
2456 5601 2572 5673 ipse
2619 5585 2904 5662 numerus
2935 5620 2987 5664 te
3029 5623 3238 5682 septem
3283 5614 3476 5669 dierum
3505 5585 3767 5668 αῡειιυθυω

2237 4477 2280 4533 D

2385 5781 2434 5816 "
2461 5779 2656 5840 Matth.
2691 5801 2772 5854 nt,
2806 5787 2863 5844 2.
2945 5793 2991 5826 η
3017 5791 3208 5852 Μειιιιι,
3237 5813 3306 5864 χι,
3336 5792 3414 5850 εδ,
3510 5781 3550 5816 τι
3575 5772 3676 5832 ibid.
3700 5764 3762 5820 99o
