  <div class='ocr_page' id='page_1' title='image "/cluster/home/n/w/nwhite01/storage/ocr_20150623/93/hvd.32044019208040/556.png"; bbox 0 0 4032 6416; ppageno 0'>
   <div class='ocr_carea' id='block_1_1' title="bbox 302 413 438 480">
    <p class='ocr_par' dir='ltr' id='par_1_1' title="bbox 302 413 438 480">
     <span class='ocr_line' id='line_1_1' title="bbox 302 413 438 480; baseline -0.022 0"><span class='ocrx_word' id='word_1_1' title='bbox 302 413 438 480; x_wconf 69' lang='grc'><strong>1097</strong></span> 
     </span>
    </p>
   </div>
   <div class='ocr_carea' id='block_1_2' title="bbox 1455 400 2421 473">
    <p class='ocr_par' dir='ltr' id='par_1_2' title="bbox 1455 400 2421 473">
     <span class='ocr_line' id='line_1_2' title="bbox 1455 400 2421 473; baseline -0.004 -2"><span class='ocrx_word' id='word_1_2' title='bbox 1455 411 1537 471; x_wconf 81' lang='lat' dir='ltr'><strong>IN</strong></span> <span class='ocrx_word' id='word_1_3' title='bbox 1574 400 2011 473; x_wconf 78' lang='lat' dir='ltr'><strong>LEVITICUM.</strong></span> <span class='ocrx_word' id='word_1_4' title='bbox 2033 432 2100 443; x_wconf 92' lang='grc'><strong><em>-</em></strong></span> <span class='ocrx_word' id='word_1_5' title='bbox 2131 406 2279 469; x_wconf 87' lang='lat' dir='ltr'><strong>LIB.</strong></span> <span class='ocrx_word' id='word_1_6' title='bbox 2319 406 2421 471; x_wconf 84' lang='lat' dir='ltr'><strong>VI.</strong></span> 
     </span>
    </p>
   </div>
   <div class='ocr_carea' id='block_1_3' title="bbox 3428 410 3565 478">
    <p class='ocr_par' dir='ltr' id='par_1_3' title="bbox 3428 410 3565 478">
     <span class='ocr_line' id='line_1_3' title="bbox 3428 410 3565 478; baseline 0.022 -3"><span class='ocrx_word' id='word_1_7' title='bbox 3428 410 3565 478; x_wconf 85' lang='lat'><strong>1098</strong></span> 
     </span>
    </p>
   </div>
   <div class='ocr_carea' id='block_1_4' title="bbox 294 515 3564 595">
    <p class='ocr_par' dir='ltr' id='par_1_4' title="bbox 294 515 3564 595">
     <span class='ocr_line' id='line_1_4' title="bbox 294 515 3564 595; baseline -0.002 -9"><span class='ocrx_word' id='word_1_8' title='bbox 294 529 580 587; x_wconf 72' lang='lat' dir='ltr'><strong>dubietate</strong></span> <span class='ocrx_word' id='word_1_9' title='bbox 621 527 929 581; x_wconf 81' lang='lat' dir='ltr'><strong>conﬁrmat.</strong></span> <span class='ocrx_word' id='word_1_10' title='bbox 976 526 1115 593; x_wconf 84' lang='lat' dir='ltr'><strong>Quia</strong></span> <span class='ocrx_word' id='word_1_11' title='bbox 1169 538 1300 580; x_wconf 85' lang='lat' dir='ltr'><strong>vero</strong></span> <span class='ocrx_word' id='word_1_12' title='bbox 1349 542 1418 580; x_wconf 87' lang='lat' dir='ltr'><strong>ex</strong></span> <span class='ocrx_word' id='word_1_13' title='bbox 1468 528 1584 595; x_wconf 86' lang='lat' dir='ltr'><strong>ipsa</strong></span> <span class='ocrx_word' id='word_1_14' title='bbox 1620 525 1881 578; x_wconf 76' lang='lat' dir='ltr'><strong>inchoare</strong></span> <span class='ocrx_word' id='word_1_15' title='bbox 1912 528 1959 583; x_wconf 76' lang='grc' dir='ltr'><strong>Α</strong></span> <span class='ocrx_word' id='word_1_16' title='bbox 2056 518 2217 574; x_wconf 87' lang='lat' dir='ltr'><strong>Sume</strong></span> <span class='ocrx_word' id='word_1_17' title='bbox 2242 529 2288 575; x_wconf 80' lang='lat' dir='ltr'><strong>et</strong></span> <span class='ocrx_word' id='word_1_18' title='bbox 2315 520 2522 573; x_wconf 88' lang='lat' dir='ltr'><strong>salices.</strong></span> <span class='ocrx_word' id='word_1_19' title='bbox 2556 518 2867 574; x_wconf 88' lang='lat' dir='ltr'><strong>Secundum</strong></span> <span class='ocrx_word' id='word_1_20' title='bbox 2898 515 3060 574; x_wconf 75' lang='lat' dir='ltr'><strong>LXX.</strong></span> <span class='ocrx_word' id='word_1_21' title='bbox 3087 518 3338 586; x_wconf 74' lang='grc' dir='ltr'><strong>κλάδους,</strong></span> <span class='ocrx_word' id='word_1_22' title='bbox 3364 541 3564 593; x_wconf 84' lang='lat' dir='ltr'><strong>ramos,</strong></span> 
     </span>
    </p>
   </div>
   <div class='ocr_carea' id='block_1_5' title="bbox 290 615 1882 689">
    <p class='ocr_par' dir='ltr' id='par_1_5' title="bbox 290 615 1882 689">
     <span class='ocr_line' id='line_1_5' title="bbox 290 615 1882 689; baseline -0.007 -9"><span class='ocrx_word' id='word_1_23' title='bbox 290 625 562 679; x_wconf 77' lang='lat' dir='ltr'><strong>debemus</strong></span> <span class='ocrx_word' id='word_1_24' title='bbox 613 619 920 684; x_wconf 84' lang='lat' dir='ltr'><strong>vocatione,</strong></span> <span class='ocrx_word' id='word_1_25' title='bbox 977 633 1045 673; x_wconf 86' lang='lat' dir='ltr'><strong>ex</strong></span> <span class='ocrx_word' id='word_1_26' title='bbox 1102 635 1207 689; x_wconf 90' lang='lat' dir='ltr'><strong>qua</strong></span> <span class='ocrx_word' id='word_1_27' title='bbox 1270 617 1533 688; x_wconf 79' lang='lat' dir='ltr'><strong>praedicta</strong></span> <span class='ocrx_word' id='word_1_28' title='bbox 1561 625 1648 671; x_wconf 91' lang='lat' dir='ltr'><strong>est</strong></span> <span class='ocrx_word' id='word_1_29' title='bbox 1677 615 1882 671; x_wconf 89' lang='lat' dir='ltr'><strong>Christi</strong></span> 
     </span>
    </p>
   </div>
   <div class='ocr_carea' id='block_1_6' title="bbox 292 708 1885 785">
    <p class='ocr_par' dir='ltr' id='par_1_6' title="bbox 292 708 1885 785">
     <span class='ocr_line' id='line_1_6' title="bbox 292 708 1885 785; baseline -0.006 -15"><span class='ocrx_word' id='word_1_30' title='bbox 292 713 656 785; x_wconf 84' lang='lat' dir='ltr'><strong>intelligibilis</strong></span> <span class='ocrx_word' id='word_1_31' title='bbox 705 712 953 782; x_wconf 80' lang='lat' dir='ltr'><strong>requies,</strong></span> <span class='ocrx_word' id='word_1_32' title='bbox 1013 727 1136 782; x_wconf 68' lang='lat' dir='ltr'><strong>quae</strong></span> <span class='ocrx_word' id='word_1_33' title='bbox 1189 711 1367 781; x_wconf 89' lang='lat' dir='ltr'><strong>prima</strong></span> <span class='ocrx_word' id='word_1_34' title='bbox 1414 719 1500 766; x_wconf 91' lang='lat' dir='ltr'><strong>est</strong></span> <span class='ocrx_word' id='word_1_35' title='bbox 1568 708 1885 765; x_wconf 73' lang='lat' dir='ltr'><strong>festivitatis</strong></span> 
     </span>
    </p>
   </div>
   <div class='ocr_carea' id='block_1_7' title="bbox 189 796 1884 871">
    <p class='ocr_par' dir='ltr' id='par_1_7' title="bbox 189 796 1884 871">
     <span class='ocr_line' id='line_1_7' title="bbox 189 796 1884 871; baseline -0.006 -9"><span class='ocrx_word' id='word_1_36' title='bbox 189 851 195 855; x_wconf 95' lang='lat'><strong>.</strong></span> <span class='ocrx_word' id='word_1_37' title='bbox 286 807 440 870; x_wconf 89' lang='lat' dir='ltr'><strong>dies,</strong></span> <span class='ocrx_word' id='word_1_38' title='bbox 468 802 822 858; x_wconf 85' lang='lat' dir='ltr'><strong>manifestum</strong></span> <span class='ocrx_word' id='word_1_39' title='bbox 854 809 940 857; x_wconf 88' lang='lat' dir='ltr'><strong>est</strong></span> <span class='ocrx_word' id='word_1_40' title='bbox 961 796 1001 856; x_wconf 71' lang='grc' dir='ltr'><em>ε’</em></span> <span class='ocrx_word' id='word_1_41' title='bbox 1027 814 1190 871; x_wconf 86' lang='lat' dir='ltr'><strong>quem</strong></span> <span class='ocrx_word' id='word_1_42' title='bbox 1223 800 1371 856; x_wconf 90' lang='lat' dir='ltr'><strong>diem</strong></span> <span class='ocrx_word' id='word_1_43' title='bbox 1404 800 1663 870; x_wconf 82' lang='lat' dir='ltr'><strong>superius</strong></span> <span class='ocrx_word' id='word_1_44' title='bbox 1691 797 1884 868; x_wconf 89' lang='lat' dir='ltr'><strong>appel-</strong></span> 
     </span>
    </p>
   </div>
   <div class='ocr_carea' id='block_1_8' title="bbox 288 891 1886 966">
    <p class='ocr_par' dir='ltr' id='par_1_8' title="bbox 288 891 1886 966">
     <span class='ocr_line' id='line_1_8' title="bbox 288 891 1886 966; baseline -0.004 -15"><span class='ocrx_word' id='word_1_45' title='bbox 288 896 435 953; x_wconf 80' lang='lat' dir='ltr'><strong>lavit</strong></span> <span class='ocrx_word' id='word_1_46' title='bbox 472 895 706 966; x_wconf 83' lang='lat' dir='ltr'><strong>requiei.</strong></span> <span class='ocrx_word' id='word_1_47' title='bbox 756 893 921 949; x_wconf 86' lang='lat' dir='ltr'><strong>Nunc</strong></span> <span class='ocrx_word' id='word_1_48' title='bbox 964 902 1150 949; x_wconf 88' lang='lat' dir='ltr'><strong>autem</strong></span> <span class='ocrx_word' id='word_1_49' title='bbox 1207 893 1390 966; x_wconf 60' lang='lat' dir='ltr'><strong>in.eo</strong></span> <span class='ocrx_word' id='word_1_50' title='bbox 1422 892 1637 948; x_wconf 88' lang='lat' dir='ltr'><strong>fructus</strong></span> <span class='ocrx_word' id='word_1_51' title='bbox 1670 891 1886 947; x_wconf 90' lang='lat' dir='ltr'><strong>arboris</strong></span> 
     </span>
    </p>
   </div>
   <div class='ocr_carea' id='block_1_9' title="bbox 286 985 1886 1061">
    <p class='ocr_par' dir='ltr' id='par_1_9' title="bbox 286 985 1886 1061">
     <span class='ocr_line' id='line_1_9' title="bbox 286 985 1886 1061; baseline -0.004 -16"><span class='ocrx_word' id='word_1_52' title='bbox 286 989 683 1061; x_wconf 68' lang='lat' dir='ltr'><strong>pulcherrimae</strong></span> <span class='ocrx_word' id='word_1_53' title='bbox 707 1001 925 1045; x_wconf 83' lang='lat' dir='ltr'><strong>sumere</strong></span> <span class='ocrx_word' id='word_1_54' title='bbox 952 987 1235 1059; x_wconf 68' lang='lat' dir='ltr'><strong>praecepit,</strong></span> <span class='ocrx_word' id='word_1_55' title='bbox 1281 985 1403 1042; x_wconf 90' lang='lat' dir='ltr'><strong>illos</strong></span> <span class='ocrx_word' id='word_1_56' title='bbox 1442 985 1716 1046; x_wconf 88' lang='lat' dir='ltr'><strong>videlicet,</strong></span> <span class='ocrx_word' id='word_1_57' title='bbox 1748 999 1886 1055; x_wconf 92' lang='lat' dir='ltr'><strong>quos</strong></span> 
     </span>
    </p>
   </div>
   <div class='ocr_carea' id='block_1_10' title="bbox 283 1078 1886 1154">
    <p class='ocr_par' dir='ltr' id='par_1_10' title="bbox 283 1078 1886 1154">
     <span class='ocr_line' id='line_1_10' title="bbox 283 1078 1886 1154; baseline -0.006 -15"><span class='ocrx_word' id='word_1_58' title='bbox 283 1084 357 1139; x_wconf 77' lang='lat' dir='ltr'><strong>in</strong></span> <span class='ocrx_word' id='word_1_59' title='bbox 390 1082 565 1154; x_wconf 89' lang='lat' dir='ltr'><strong>primo</strong></span> <span class='ocrx_word' id='word_1_60' title='bbox 609 1082 825 1137; x_wconf 85' lang='lat' dir='ltr'><strong>Psalmo</strong></span> <span class='ocrx_word' id='word_1_61' title='bbox 862 1081 1037 1137; x_wconf 90' lang='lat' dir='ltr'><strong>David</strong></span> <span class='ocrx_word' id='word_1_62' title='bbox 1068 1080 1345 1136; x_wconf 82' lang='lat' dir='ltr'><strong>cantavit;</strong></span> <span class='ocrx_word' id='word_1_63' title='bbox 1381 1078 1447 1134; x_wconf 86' lang='lat' dir='ltr'><strong>Et</strong></span> <span class='ocrx_word' id='word_1_64' title='bbox 1480 1080 1579 1134; x_wconf 89' lang='lat' dir='ltr'><strong>erit</strong></span> <span class='ocrx_word' id='word_1_65' title='bbox 1626 1088 1886 1148; x_wconf 81' lang='lat' dir='ltr'><strong>tanquam</strong></span> 
     </span>
    </p>
   </div>
   <div class='ocr_carea' id='block_1_11' title="bbox 285 1173 1884 1245">
    <p class='ocr_par' dir='ltr' id='par_1_11' title="bbox 285 1173 1884 1245">
     <span class='ocr_line' id='line_1_11' title="bbox 285 1173 1884 1245; baseline -0.003 -19"><span class='ocrx_word' id='word_1_66' title='bbox 285 1173 502 1245; x_wconf 81' lang='lat' dir='ltr'><strong>lignum</strong></span> <span class='ocrx_word' id='word_1_67' title='bbox 530 1182 667 1245; x_wconf 86' lang='lat' dir='ltr'><strong>quod</strong></span> <span class='ocrx_word' id='word_1_68' title='bbox 704 1173 1006 1243; x_wconf 75' lang='lat' dir='ltr'><strong>plantatum</strong></span> <span class='ocrx_word' id='word_1_69' title='bbox 1041 1182 1116 1228; x_wconf 86' lang='lat' dir='ltr'><strong>est</strong></span> <span class='ocrx_word' id='word_1_70' title='bbox 1150 1189 1297 1227; x_wconf 87' lang='lat' dir='ltr'><strong>secus</strong></span> <span class='ocrx_word' id='word_1_71' title='bbox 1319 1176 1568 1226; x_wconf 89' lang='lat' dir='ltr'><strong>decursus</strong></span> <span class='ocrx_word' id='word_1_72' title='bbox 1596 1186 1884 1240; x_wconf 86' lang='lat' dir='ltr'><strong>aquarum,</strong></span> 
     </span>
    </p>
   </div>
   <div class='ocr_carea' id='block_1_12' title="bbox 278 1261 1886 1338">
    <p class='ocr_par' dir='ltr' id='par_1_12' title="bbox 278 1261 1886 1338">
     <span class='ocr_line' id='line_1_12' title="bbox 278 1261 1886 1338; baseline -0.002 -18"><span class='ocrx_word' id='word_1_73' title='bbox 278 1269 437 1337; x_wconf 85' lang='lat' dir='ltr'><strong>quod</strong></span> <span class='ocrx_word' id='word_1_74' title='bbox 472 1269 703 1338; x_wconf 79' lang='lat' dir='ltr'><strong>fructum</strong></span> <span class='ocrx_word' id='word_1_75' title='bbox 744 1282 901 1320; x_wconf 85' lang='lat' dir='ltr'><strong>suum</strong></span> <span class='ocrx_word' id='word_1_76' title='bbox 943 1266 1091 1320; x_wconf 80' lang='lat' dir='ltr'><strong>dabit</strong></span> <span class='ocrx_word' id='word_1_77' title='bbox 1135 1266 1193 1319; x_wconf 90' lang='lat' dir='ltr'><strong>in</strong></span> <span class='ocrx_word' id='word_1_78' title='bbox 1253 1273 1485 1333; x_wconf 88' lang='lat' dir='ltr'><strong>tempore</strong></span> <span class='ocrx_word' id='word_1_79' title='bbox 1523 1263 1676 1317; x_wconf 85' lang='lat' dir='ltr'><strong>suo&quot;</strong></span> <span class='ocrx_word' id='word_1_80' title='bbox 1708 1280 1722 1317; x_wconf 91' lang='lat'><strong>:</strong></span> <span class='ocrx_word' id='word_1_81' title='bbox 1756 1261 1886 1316; x_wconf 90' lang='lat' dir='ltr'><strong>Pul-</strong></span> 
     </span>
    </p>
   </div>
   <div class='ocr_carea' id='block_1_13' title="bbox 280 1358 1883 1427">
    <p class='ocr_par' dir='ltr' id='par_1_13' title="bbox 280 1358 1883 1427">
     <span class='ocr_line' id='line_1_13' title="bbox 280 1358 1883 1427; baseline -0.004 -13"><span class='ocrx_word' id='word_1_82' title='bbox 280 1361 493 1414; x_wconf 85' lang='lat' dir='ltr'><strong>chrum</strong></span> <span class='ocrx_word' id='word_1_83' title='bbox 553 1358 703 1413; x_wconf 88' lang='lat' dir='ltr'><strong>enim</strong></span> <span class='ocrx_word' id='word_1_84' title='bbox 744 1358 878 1413; x_wconf 89' lang='lat' dir='ltr'><strong>dicit</strong></span> <span class='ocrx_word' id='word_1_85' title='bbox 931 1366 1367 1426; x_wconf 88' lang='lat' dir='ltr'><strong>temporaneum,</strong></span> <span class='ocrx_word' id='word_1_86' title='bbox 1397 1366 1453 1411; x_wconf 91' lang='lat' dir='ltr'><strong>et</strong></span> <span class='ocrx_word' id='word_1_87' title='bbox 1488 1366 1883 1427; x_wconf 91' lang='lat' dir='ltr'><strong>opportunum,</strong></span> 
     </span>
    </p>
   </div>
   <div class='ocr_carea' id='block_1_14' title="bbox 285 1447 1886 1520">
    <p class='ocr_par' dir='ltr' id='par_1_14' title="bbox 285 1447 1886 1520">
     <span class='ocr_line' id='line_1_14' title="bbox 285 1447 1886 1520; baseline -0.003 -15"><span class='ocrx_word' id='word_1_88' title='bbox 285 1451 355 1505; x_wconf 88' lang='lat' dir='ltr'><strong>id</strong></span> <span class='ocrx_word' id='word_1_89' title='bbox 387 1461 468 1505; x_wconf 91' lang='lat' dir='ltr'><strong>est</strong></span> <span class='ocrx_word' id='word_1_90' title='bbox 498 1452 591 1520; x_wconf 88' lang='lat' dir='ltr'><strong>qui</strong></span> <span class='ocrx_word' id='word_1_91' title='bbox 656 1450 711 1504; x_wconf 90' lang='lat' dir='ltr'><strong>in</strong></span> <span class='ocrx_word' id='word_1_92' title='bbox 762 1460 1014 1520; x_wconf 89' lang='lat' dir='ltr'><strong>tempore</strong></span> <span class='ocrx_word' id='word_1_93' title='bbox 1069 1458 1175 1515; x_wconf 89' lang='lat' dir='ltr'><strong>est,</strong></span> <span class='ocrx_word' id='word_1_94' title='bbox 1216 1458 1272 1503; x_wconf 91' lang='lat' dir='ltr'><strong>et</strong></span> <span class='ocrx_word' id='word_1_95' title='bbox 1302 1448 1525 1503; x_wconf 88' lang='lat' dir='ltr'><strong>virtutis</strong></span> <span class='ocrx_word' id='word_1_96' title='bbox 1557 1447 1886 1518; x_wconf 86' lang='lat' dir='ltr'><strong>opportunis</strong></span> 
     </span>
    </p>
   </div>
   <div class='ocr_carea' id='block_1_15' title="bbox 288 1540 1886 1614">
    <p class='ocr_par' dir='ltr' id='par_1_15' title="bbox 288 1540 1886 1614">
     <span class='ocr_line' id='line_1_15' title="bbox 288 1540 1886 1614; baseline -0.004 -15"><span class='ocrx_word' id='word_1_97' title='bbox 288 1544 645 1614; x_wconf 82' lang='lat' dir='ltr'><strong>temporibus</strong></span> <span class='ocrx_word' id='word_1_98' title='bbox 699 1542 1001 1613; x_wconf 77' lang='lat' dir='ltr'><strong>peragitur,</strong></span> <span class='ocrx_word' id='word_1_99' title='bbox 1056 1554 1120 1597; x_wconf 88' lang='lat' dir='ltr'><strong>ut</strong></span> <span class='ocrx_word' id='word_1_100' title='bbox 1167 1542 1485 1597; x_wconf 81' lang='lat' dir='ltr'><strong>nullatenus</strong></span> <span class='ocrx_word' id='word_1_101' title='bbox 1525 1540 1584 1595; x_wconf 88' lang='lat' dir='ltr'><strong>in</strong></span> <span class='ocrx_word' id='word_1_102' title='bbox 1638 1548 1886 1611; x_wconf 89' lang='lat' dir='ltr'><strong>tempore</strong></span> 
     </span>
    </p>
   </div>
   <div class='ocr_carea' id='block_1_16' title="bbox 281 1633 1886 1705">
    <p class='ocr_par' dir='ltr' id='par_1_16' title="bbox 281 1633 1886 1705">
     <span class='ocr_line' id='line_1_16' title="bbox 281 1633 1886 1705; baseline -0.002 -15"><span class='ocrx_word' id='word_1_103' title='bbox 281 1636 542 1705; x_wconf 66' lang='lat' dir='ltr'><strong>iustitiae,</strong></span> <span class='ocrx_word' id='word_1_104' title='bbox 576 1635 850 1705; x_wconf 75' lang='lat' dir='ltr'><strong>fugientes</strong></span> <span class='ocrx_word' id='word_1_105' title='bbox 874 1649 1022 1696; x_wconf 88' lang='lat' dir='ltr'><strong>eam.</strong></span> <span class='ocrx_word' id='word_1_106' title='bbox 1058 1633 1400 1691; x_wconf 87' lang='lat' dir='ltr'><strong>declinemus</strong></span> <span class='ocrx_word' id='word_1_107' title='bbox 1438 1633 1507 1689; x_wconf 88' lang='lat' dir='ltr'><strong>ad</strong></span> <span class='ocrx_word' id='word_1_108' title='bbox 1548 1634 1886 1704; x_wconf 84' lang='lat' dir='ltr'><strong>compassio-</strong></span> 
     </span>
    </p>
   </div>
   <div class='ocr_carea' id='block_1_17' title="bbox 288 1725 1887 1795">
    <p class='ocr_par' dir='ltr' id='par_1_17' title="bbox 288 1725 1887 1795">
     <span class='ocr_line' id='line_1_17' title="bbox 288 1725 1887 1795; baseline -0.003 -12"><span class='ocrx_word' id='word_1_109' title='bbox 288 1742 449 1783; x_wconf 85' lang='lat' dir='ltr'><strong>nem.</strong></span> <span class='ocrx_word' id='word_1_110' title='bbox 480 1726 569 1783; x_wconf 79' lang='lat' dir='ltr'><strong>Ait</strong></span> <span class='ocrx_word' id='word_1_111' title='bbox 623 1727 811 1783; x_wconf 88' lang='lat' dir='ltr'><strong>enim:</strong></span> <span class='ocrx_word' id='word_1_112' title='bbox 864 1725 988 1781; x_wconf 84' lang='lat' dir='ltr'><strong>Non</strong></span> <span class='ocrx_word' id='word_1_113' title='bbox 1020 1726 1350 1781; x_wconf 81' lang='lat' dir='ltr'><strong>misereberis</strong></span> <span class='ocrx_word' id='word_1_114' title='bbox 1404 1726 1631 1795; x_wconf 83' lang='lat' dir='ltr'><strong>pauperi</strong></span> <span class='ocrx_word' id='word_1_115' title='bbox 1652 1726 1708 1779; x_wconf 90' lang='lat' dir='ltr'><strong>in</strong></span> <span class='ocrx_word' id='word_1_116' title='bbox 1735 1725 1887 1794; x_wconf 86' lang='lat' dir='ltr'><strong>judi-</strong></span> 
     </span>
    </p>
   </div>
   <div class='ocr_carea' id='block_1_18' title="bbox 292 1822 1885 1893">
    <p class='ocr_par' dir='ltr' id='par_1_18' title="bbox 292 1822 1885 1893">
     <span class='ocr_line' id='line_1_18' title="bbox 292 1822 1885 1893; baseline 0.001 -16"><span class='ocrx_word' id='word_1_117' title='bbox 292 1825 466 1879; x_wconf 81' lang='lat' dir='ltr'><strong>cio&quot;.</strong></span> <span class='ocrx_word' id='word_1_118' title='bbox 510 1822 650 1890; x_wconf 87' lang='lat' dir='ltr'><strong>Quia</strong></span> <span class='ocrx_word' id='word_1_119' title='bbox 696 1832 752 1878; x_wconf 90' lang='lat' dir='ltr'><strong>et</strong></span> <span class='ocrx_word' id='word_1_120' title='bbox 802 1822 1038 1893; x_wconf 70' lang='lat' dir='ltr'><strong>iustitia,</strong></span> <span class='ocrx_word' id='word_1_121' title='bbox 1068 1832 1125 1877; x_wconf 91' lang='lat' dir='ltr'><strong>et</strong></span> <span class='ocrx_word' id='word_1_122' title='bbox 1154 1824 1484 1893; x_wconf 86' lang='lat' dir='ltr'><strong>compassio,</strong></span> <span class='ocrx_word' id='word_1_123' title='bbox 1517 1832 1572 1877; x_wconf 89' lang='lat' dir='ltr'><strong>et</strong></span> <span class='ocrx_word' id='word_1_124' title='bbox 1601 1823 1885 1893; x_wconf 87' lang='lat' dir='ltr'><strong>quodlibet</strong></span> 
     </span>
    </p>
   </div>
   <div class='ocr_carea' id='block_1_19' title="bbox 292 1915 1883 1986">
    <p class='ocr_par' dir='ltr' id='par_1_19' title="bbox 292 1915 1883 1986">
     <span class='ocr_line' id='line_1_19' title="bbox 292 1915 1883 1986; baseline 0 -15"><span class='ocrx_word' id='word_1_125' title='bbox 292 1916 524 1982; x_wconf 78' lang='lat' dir='ltr'><strong>dixeris,</strong></span> <span class='ocrx_word' id='word_1_126' title='bbox 584 1931 742 1971; x_wconf 89' lang='lat' dir='ltr'><strong>suum</strong></span> <span class='ocrx_word' id='word_1_127' title='bbox 801 1923 1017 1985; x_wconf 90' lang='lat' dir='ltr'><strong>tempus</strong></span> <span class='ocrx_word' id='word_1_128' title='bbox 1065 1924 1436 1986; x_wconf 77' lang='lat' dir='ltr'><strong>Opportunum</strong></span> <span class='ocrx_word' id='word_1_129' title='bbox 1504 1915 1689 1980; x_wconf 88' lang='lat' dir='ltr'><strong>habet,</strong></span> <span class='ocrx_word' id='word_1_130' title='bbox 1739 1915 1883 1971; x_wconf 85' lang='lat' dir='ltr'><strong>sicut</strong></span> 
     </span>
    </p>
   </div>
   <div class='ocr_carea' id='block_1_20' title="bbox 298 2006 1882 2078">
    <p class='ocr_par' dir='ltr' id='par_1_20' title="bbox 298 2006 1882 2078">
     <span class='ocr_line' id='line_1_20' title="bbox 298 2006 1882 2078; baseline 0.001 -17"><span class='ocrx_word' id='word_1_131' title='bbox 298 2006 503 2061; x_wconf 79' lang='lat' dir='ltr'><strong>Paulus</strong></span> <span class='ocrx_word' id='word_1_132' title='bbox 534 2006 704 2063; x_wconf 90' lang='lat' dir='ltr'><strong>dicit:</strong></span> <span class='ocrx_word' id='word_1_133' title='bbox 750 2006 1011 2078; x_wconf 75' lang='lat' dir='ltr'><strong>Alligatus</strong></span> <span class='ocrx_word' id='word_1_134' title='bbox 1048 2023 1103 2061; x_wconf 90' lang='lat' dir='ltr'><strong>es</strong></span> <span class='ocrx_word' id='word_1_135' title='bbox 1152 2006 1349 2060; x_wconf 76' lang='lat' dir='ltr'><strong>uxori?</strong></span> <span class='ocrx_word' id='word_1_136' title='bbox 1383 2006 1490 2060; x_wconf 86' lang='lat' dir='ltr'><strong>noli</strong></span> <span class='ocrx_word' id='word_1_137' title='bbox 1519 2022 1753 2077; x_wconf 68' lang='lat' dir='ltr'><strong>quiet-ere</strong></span> <span class='ocrx_word' id='word_1_138' title='bbox 1793 2024 1882 2062; x_wconf 84' lang='lat' dir='ltr'><strong>so-</strong></span> 
     </span>
    </p>
   </div>
   <div class='ocr_carea' id='block_1_21' title="bbox 296 2097 1885 2169">
    <p class='ocr_par' dir='ltr' id='par_1_21' title="bbox 296 2097 1885 2169">
     <span class='ocr_line' id='line_1_21' title="bbox 296 2097 1885 2169; baseline 0 -16"><span class='ocrx_word' id='word_1_139' title='bbox 296 2099 573 2154; x_wconf 77' lang='lat' dir='ltr'><strong>lutionem.</strong></span> <span class='ocrx_word' id='word_1_140' title='bbox 634 2097 849 2153; x_wconf 76' lang='lat' dir='ltr'><strong>Solutus</strong></span> <span class='ocrx_word' id='word_1_141' title='bbox 900 2115 954 2153; x_wconf 90' lang='lat' dir='ltr'><strong>es</strong></span> <span class='ocrx_word' id='word_1_142' title='bbox 997 2098 1063 2153; x_wconf 93' lang='lat' dir='ltr'><strong>ab</strong></span> <span class='ocrx_word' id='word_1_143' title='bbox 1106 2100 1312 2153; x_wconf 73' lang='lat' dir='ltr'><strong>uxore?</strong></span> <span class='ocrx_word' id='word_1_144' title='bbox 1341 2098 1449 2152; x_wconf 90' lang='lat' dir='ltr'><strong>noli</strong></span> <span class='ocrx_word' id='word_1_145' title='bbox 1488 2114 1722 2169; x_wconf 71' lang='lat' dir='ltr'><strong>quwrere</strong></span> <span class='ocrx_word' id='word_1_146' title='bbox 1750 2116 1885 2154; x_wconf 70' lang='lat' dir='ltr'><strong>uxo-</strong></span> 
     </span>
    </p>
   </div>
   <div class='ocr_carea' id='block_1_22' title="bbox 301 2188 1883 2262">
    <p class='ocr_par' dir='ltr' id='par_1_22' title="bbox 301 2188 1883 2262">
     <span class='ocr_line' id='line_1_22' title="bbox 301 2188 1883 2262; baseline 0.002 -20"><span class='ocrx_word' id='word_1_147' title='bbox 301 2192 490 2245; x_wconf 81' lang='lat' dir='ltr'><strong>rem&quot;.</strong></span> <span class='ocrx_word' id='word_1_148' title='bbox 526 2188 593 2244; x_wconf 87' lang='lat' dir='ltr'><strong>Et</strong></span> <span class='ocrx_word' id='word_1_149' title='bbox 622 2188 884 2245; x_wconf 84' lang='lat' dir='ltr'><strong>Salomon</strong></span> <span class='ocrx_word' id='word_1_150' title='bbox 927 2190 1005 2245; x_wconf 85' lang='lat' dir='ltr'><strong>ait</strong></span> <span class='ocrx_word' id='word_1_151' title='bbox 1031 2206 1044 2243; x_wconf 93' lang='lat'><strong>:</strong></span> <span class='ocrx_word' id='word_1_152' title='bbox 1081 2191 1265 2244; x_wconf 81' lang='lat' dir='ltr'><strong>Omnis</strong></span> <span class='ocrx_word' id='word_1_153' title='bbox 1297 2191 1373 2244; x_wconf 86' lang='lat' dir='ltr'><strong>rei</strong></span> <span class='ocrx_word' id='word_1_154' title='bbox 1404 2200 1607 2260; x_wconf 82' lang='lat' dir='ltr'><strong>tempus</strong></span> <span class='ocrx_word' id='word_1_155' title='bbox 1628 2206 1647 2245; x_wconf 90' lang='lat'><strong>:</strong></span> <span class='ocrx_word' id='word_1_156' title='bbox 1680 2199 1883 2262; x_wconf 84' lang='lat' dir='ltr'><strong>tempus</strong></span> 
     </span>
    </p>
   </div>
   <div class='ocr_carea' id='block_1_23' title="bbox 298 2280 1884 2352">
    <p class='ocr_par' dir='ltr' id='par_1_23' title="bbox 298 2280 1884 2352">
     <span class='ocr_line' id='line_1_23' title="bbox 298 2280 1884 2352; baseline 0.001 -18"><span class='ocrx_word' id='word_1_157' title='bbox 298 2280 531 2345; x_wconf 80' lang='lat' dir='ltr'><strong>tacendi,</strong></span> <span class='ocrx_word' id='word_1_158' title='bbox 564 2290 614 2335; x_wconf 88' lang='lat' dir='ltr'><strong>et</strong></span> <span class='ocrx_word' id='word_1_159' title='bbox 657 2290 860 2351; x_wconf 86' lang='lat' dir='ltr'><strong>tempus</strong></span> <span class='ocrx_word' id='word_1_160' title='bbox 887 2281 1158 2351; x_wconf 85' lang='lat' dir='ltr'><strong>loquendi,</strong></span> <span class='ocrx_word' id='word_1_161' title='bbox 1206 2290 1409 2352; x_wconf 82' lang='lat' dir='ltr'><strong>tempus</strong></span> <span class='ocrx_word' id='word_1_162' title='bbox 1440 2281 1583 2347; x_wconf 85' lang='lat' dir='ltr'><strong>belli,</strong></span> <span class='ocrx_word' id='word_1_163' title='bbox 1608 2290 1658 2335; x_wconf 89' lang='lat' dir='ltr'><strong>et</strong></span> <span class='ocrx_word' id='word_1_164' title='bbox 1680 2291 1884 2352; x_wconf 86' lang='lat' dir='ltr'><strong>tempus</strong></span> 
     </span>
    </p>
   </div>
   <div class='ocr_carea' id='block_1_24' title="bbox 304 2370 1885 2439">
    <p class='ocr_par' dir='ltr' id='par_1_24' title="bbox 304 2370 1885 2439">
     <span class='ocr_line' id='line_1_24' title="bbox 304 2370 1885 2439; baseline 0.003 -15"><span class='ocrx_word' id='word_1_165' title='bbox 304 2371 538 2439; x_wconf 77' lang='lat' dir='ltr'><strong>pacis”:</strong></span> <span class='ocrx_word' id='word_1_166' title='bbox 567 2380 624 2425; x_wconf 92' lang='lat' dir='ltr'><strong>et</strong></span> <span class='ocrx_word' id='word_1_167' title='bbox 662 2372 835 2426; x_wconf 89' lang='lat' dir='ltr'><strong>multa</strong></span> <span class='ocrx_word' id='word_1_168' title='bbox 869 2372 954 2427; x_wconf 88' lang='lat' dir='ltr'><strong>his</strong></span> <span class='ocrx_word' id='word_1_169' title='bbox 986 2371 1206 2427; x_wconf 82' lang='lat' dir='ltr'><strong>similia.</strong></span> <span class='ocrx_word' id='word_1_170' title='bbox 1272 2370 1428 2427; x_wconf 89' lang='lat' dir='ltr'><strong>Unde</strong></span> <span class='ocrx_word' id='word_1_171' title='bbox 1477 2382 1533 2426; x_wconf 90' lang='lat' dir='ltr'><strong>et</strong></span> <span class='ocrx_word' id='word_1_172' title='bbox 1593 2371 1723 2427; x_wconf 89' lang='lat' dir='ltr'><strong>Saul</strong></span> <span class='ocrx_word' id='word_1_173' title='bbox 1753 2390 1885 2429; x_wconf 90' lang='lat' dir='ltr'><strong>con-</strong></span> 
     </span>
    </p>
   </div>
   <div class='ocr_carea' id='block_1_25' title="bbox 309 2464 1882 2536">
    <p class='ocr_par' dir='ltr' id='par_1_25' title="bbox 309 2464 1882 2536">
     <span class='ocr_line' id='line_1_25' title="bbox 309 2464 1882 2536; baseline -0.001 -15"><span class='ocrx_word' id='word_1_174' title='bbox 309 2464 593 2521; x_wconf 86' lang='lat' dir='ltr'><strong>demnatus</strong></span> <span class='ocrx_word' id='word_1_175' title='bbox 653 2473 759 2527; x_wconf 86' lang='lat' dir='ltr'><strong>est,</strong></span> <span class='ocrx_word' id='word_1_176' title='bbox 789 2464 916 2533; x_wconf 86' lang='lat' dir='ltr'><strong>quia</strong></span> <span class='ocrx_word' id='word_1_177' title='bbox 954 2465 1101 2536; x_wconf 82' lang='lat' dir='ltr'><strong>Agag</strong></span> <span class='ocrx_word' id='word_1_178' title='bbox 1152 2475 1304 2519; x_wconf 85' lang='lat' dir='ltr'><strong>extra</strong></span> <span class='ocrx_word' id='word_1_179' title='bbox 1346 2474 1562 2535; x_wconf 86' lang='lat' dir='ltr'><strong>tempus</strong></span> <span class='ocrx_word' id='word_1_180' title='bbox 1613 2469 1882 2536; x_wconf 79' lang='lat' dir='ltr'><strong>pepercit,</strong></span> 
     </span>
    </p>
   </div>
   <div class='ocr_carea' id='block_1_26' title="bbox 314 2558 1885 2628">
    <p class='ocr_par' dir='ltr' id='par_1_26' title="bbox 314 2558 1885 2628">
     <span class='ocr_line' id='line_1_26' title="bbox 314 2558 1885 2628; baseline 0.001 -20"><span class='ocrx_word' id='word_1_181' title='bbox 314 2564 371 2608; x_wconf 88' lang='lat' dir='ltr'><strong>et</strong></span> <span class='ocrx_word' id='word_1_182' title='bbox 396 2569 703 2623; x_wconf 80' lang='lat' dir='ltr'><strong>compassus</strong></span> <span class='ocrx_word' id='word_1_183' title='bbox 734 2563 839 2620; x_wconf 88' lang='lat' dir='ltr'><strong>est,</strong></span> <span class='ocrx_word' id='word_1_184' title='bbox 871 2571 982 2625; x_wconf 88' lang='lat' dir='ltr'><strong>quo</strong></span> <span class='ocrx_word' id='word_1_185' title='bbox 1009 2565 1257 2625; x_wconf 90' lang='lat' dir='ltr'><strong>tempore</strong></span> <span class='ocrx_word' id='word_1_186' title='bbox 1287 2571 1413 2610; x_wconf 92' lang='lat' dir='ltr'><strong>eum</strong></span> <span class='ocrx_word' id='word_1_187' title='bbox 1455 2558 1558 2611; x_wconf 92' lang='lat' dir='ltr'><strong>hoc</strong></span> <span class='ocrx_word' id='word_1_188' title='bbox 1582 2571 1694 2611; x_wconf 90' lang='lat' dir='ltr'><strong>non</strong></span> <span class='ocrx_word' id='word_1_189' title='bbox 1718 2572 1885 2628; x_wconf 91' lang='lat' dir='ltr'><strong>opor-</strong></span> 
     </span>
    </p>
   </div>
   <div class='ocr_carea' id='block_1_27' title="bbox 307 2645 1885 2718">
    <p class='ocr_par' dir='ltr' id='par_1_27' title="bbox 307 2645 1885 2718">
     <span class='ocr_line' id='line_1_27' title="bbox 307 2645 1885 2718; baseline 0.003 -19"><span class='ocrx_word' id='word_1_190' title='bbox 307 2646 456 2699; x_wconf 83' lang='lat' dir='ltr'><strong>tebat</strong></span> <span class='ocrx_word' id='word_1_191' title='bbox 482 2645 661 2702; x_wconf 87' lang='lat' dir='ltr'><strong>facere</strong></span> <span class='ocrx_word' id='word_1_192' title='bbox 680 2647 725 2679; x_wconf 77' lang='grc'><strong>⁸¹</strong></span> <span class='ocrx_word' id='word_1_193' title='bbox 758 2663 772 2701; x_wconf 89' lang='lat'><strong>:</strong></span> <span class='ocrx_word' id='word_1_194' title='bbox 814 2662 920 2702; x_wconf 89' lang='lat' dir='ltr'><strong>nec</strong></span> <span class='ocrx_word' id='word_1_195' title='bbox 948 2648 1239 2717; x_wconf 86' lang='lat' dir='ltr'><strong>oportebat</strong></span> <span class='ocrx_word' id='word_1_196' title='bbox 1277 2662 1404 2703; x_wconf 86' lang='lat' dir='ltr'><strong>eum</strong></span> <span class='ocrx_word' id='word_1_197' title='bbox 1454 2663 1705 2718; x_wconf 78' lang='lat' dir='ltr'><strong>parcere,</strong></span> <span class='ocrx_word' id='word_1_198' title='bbox 1759 2664 1885 2704; x_wconf 89' lang='lat' dir='ltr'><strong>cum</strong></span> 
     </span>
    </p>
   </div>
   <div class='ocr_carea' id='block_1_28' title="bbox 303 2737 1890 2811">
    <p class='ocr_par' dir='ltr' id='par_1_28' title="bbox 303 2737 1890 2811">
     <span class='ocr_line' id='line_1_28' title="bbox 303 2737 1890 2811; baseline 0.003 -22"><span class='ocrx_word' id='word_1_199' title='bbox 303 2738 451 2791; x_wconf 82' lang='lat' dir='ltr'><strong>Deus</strong></span> <span class='ocrx_word' id='word_1_200' title='bbox 506 2737 764 2807; x_wconf 86' lang='lat' dir='ltr'><strong>jussisset</strong></span> <span class='ocrx_word' id='word_1_201' title='bbox 827 2747 1000 2793; x_wconf 90' lang='lat' dir='ltr'><strong>totum</strong></span> <span class='ocrx_word' id='word_1_202' title='bbox 1044 2738 1303 2793; x_wconf 81' lang='lat' dir='ltr'><strong>Amalech</strong></span> <span class='ocrx_word' id='word_1_203' title='bbox 1357 2739 1618 2809; x_wconf 91' lang='lat' dir='ltr'><strong>disperdi.</strong></span> <span class='ocrx_word' id='word_1_204' title='bbox 1672 2737 1731 2795; x_wconf 92' lang='lat' dir='ltr'><strong>Si</strong></span> <span class='ocrx_word' id='word_1_205' title='bbox 1758 2754 1890 2811; x_wconf 87' lang='lat' dir='ltr'><strong>ergo</strong></span> 
     </span>
    </p>
   </div>
   <div class='ocr_carea' id='block_1_29' title="bbox 298 2828 1888 2900">
    <p class='ocr_par' dir='ltr' id='par_1_29' title="bbox 298 2828 1888 2900">
     <span class='ocr_line' id='line_1_29' title="bbox 298 2828 1888 2900; baseline 0.002 -18"><span class='ocrx_word' id='word_1_206' title='bbox 298 2828 517 2882; x_wconf 73' lang='lat' dir='ltr'><strong>{ructus</strong></span> <span class='ocrx_word' id='word_1_207' title='bbox 548 2829 763 2884; x_wconf 88' lang='lat' dir='ltr'><strong>arboris</strong></span> <span class='ocrx_word' id='word_1_208' title='bbox 793 2830 1115 2899; x_wconf 87' lang='lat' dir='ltr'><strong>sumpseris,</strong></span> <span class='ocrx_word' id='word_1_209' title='bbox 1155 2830 1224 2884; x_wconf 88' lang='lat' dir='ltr'><strong>de</strong></span> <span class='ocrx_word' id='word_1_210' title='bbox 1253 2831 1455 2900; x_wconf 89' lang='lat' dir='ltr'><strong>quibus</strong></span> <span class='ocrx_word' id='word_1_211' title='bbox 1485 2831 1562 2885; x_wconf 91' lang='lat' dir='ltr'><strong>ait</strong></span> <span class='ocrx_word' id='word_1_212' title='bbox 1591 2831 1742 2886; x_wconf 87' lang='lat' dir='ltr'><strong>Joel:</strong></span> <span class='ocrx_word' id='word_1_213' title='bbox 1776 2831 1888 2885; x_wconf 87' lang='grc' dir='ltr'><strong>Νο-</strong></span> 
     </span>
    </p>
   </div>
   <div class='ocr_carea' id='block_1_30' title="bbox 295 2920 1889 2993">
    <p class='ocr_par' dir='ltr' id='par_1_30' title="bbox 295 2920 1889 2993">
     <span class='ocr_line' id='line_1_30' title="bbox 295 2920 1889 2993; baseline 0.001 -19"><span class='ocrx_word' id='word_1_214' title='bbox 295 2920 394 2975; x_wconf 69' lang='lat' dir='ltr'><strong>lite</strong></span> <span class='ocrx_word' id='word_1_215' title='bbox 438 2923 622 2976; x_wconf 70' lang='lat' dir='ltr'><strong>timere</strong></span> <span class='ocrx_word' id='word_1_216' title='bbox 663 2921 923 2976; x_wconf 84' lang='lat' dir='ltr'><strong>animalia</strong></span> <span class='ocrx_word' id='word_1_217' title='bbox 982 2923 1244 2993; x_wconf 84' lang='lat' dir='ltr'><strong>regionis,</strong></span> <span class='ocrx_word' id='word_1_218' title='bbox 1296 2923 1421 2993; x_wconf 87' lang='lat' dir='ltr'><strong>quia</strong></span> <span class='ocrx_word' id='word_1_219' title='bbox 1462 2924 1889 2992; x_wconf 79' lang='lat' dir='ltr'><strong>germinaverunt</strong></span> 
     </span>
    </p>
   </div>
   <div class='ocr_carea' id='block_1_31' title="bbox 295 3013 1889 3085">
    <p class='ocr_par' dir='ltr' id='par_1_31' title="bbox 295 3013 1889 3085">
     <span class='ocr_line' id='line_1_31' title="bbox 295 3013 1889 3085; baseline 0.003 -21"><span class='ocrx_word' id='word_1_220' title='bbox 295 3013 534 3079; x_wconf 80' lang='lat' dir='ltr'><strong>speciosa</strong></span> <span class='ocrx_word' id='word_1_221' title='bbox 580 3014 789 3077; x_wconf 84' lang='lat' dir='ltr'><strong>deserti,</strong></span> <span class='ocrx_word' id='word_1_222' title='bbox 864 3013 991 3084; x_wconf 83' lang='lat' dir='ltr'><strong>quia</strong></span> <span class='ocrx_word' id='word_1_223' title='bbox 1054 3024 1104 3067; x_wconf 90' lang='lat' dir='ltr'><strong>et</strong></span> <span class='ocrx_word' id='word_1_224' title='bbox 1156 3014 1359 3085; x_wconf 85' lang='lat' dir='ltr'><strong>lignum</strong></span> <span class='ocrx_word' id='word_1_225' title='bbox 1411 3014 1594 3067; x_wconf 88' lang='lat' dir='ltr'><strong>attulit</strong></span> <span class='ocrx_word' id='word_1_226' title='bbox 1659 3016 1889 3085; x_wconf 80' lang='lat' dir='ltr'><strong>fructum</strong></span> 
     </span>
    </p>
   </div>
   <div class='ocr_carea' id='block_1_32' title="bbox 294 3102 1888 3160">
    <p class='ocr_par' dir='ltr' id='par_1_32' title="bbox 294 3102 1888 3160">
     <span class='ocr_line' id='line_1_32' title="bbox 294 3102 1888 3160; baseline 0.003 -5"><span class='ocrx_word' id='word_1_227' title='bbox 294 3119 458 3157; x_wconf 68' lang='lat' dir='ltr'><strong>suum</strong></span> <span class='ocrx_word' id='word_1_228' title='bbox 476 3104 523 3133; x_wconf 69' lang='grc' dir='ltr'><strong>θ’</strong></span> <span class='ocrx_word' id='word_1_229' title='bbox 553 3123 567 3157; x_wconf 93' lang='lat'><strong>:</strong></span> <span class='ocrx_word' id='word_1_230' title='bbox 619 3102 726 3158; x_wconf 85' lang='lat' dir='ltr'><strong>Sed</strong></span> <span class='ocrx_word' id='word_1_231' title='bbox 750 3111 807 3157; x_wconf 91' lang='lat' dir='ltr'><strong>et</strong></span> <span class='ocrx_word' id='word_1_232' title='bbox 835 3103 1059 3159; x_wconf 87' lang='lat' dir='ltr'><strong>Cantica</strong></span> <span class='ocrx_word' id='word_1_233' title='bbox 1113 3105 1469 3159; x_wconf 80' lang='lat' dir='ltr'><strong>Canticorum</strong></span> <span class='ocrx_word' id='word_1_234' title='bbox 1495 3124 1507 3160; x_wconf 93' lang='lat'><strong>:</strong></span> <span class='ocrx_word' id='word_1_235' title='bbox 1567 3103 1674 3158; x_wconf 90' lang='lat' dir='ltr'><strong>Sub</strong></span> <span class='ocrx_word' id='word_1_236' title='bbox 1702 3105 1888 3159; x_wconf 87' lang='lat' dir='ltr'><strong>umbra</strong></span> 
     </span>
    </p>
   </div>
   <div class='ocr_carea' id='block_1_33' title="bbox 296 3194 1886 3267">
    <p class='ocr_par' dir='ltr' id='par_1_33' title="bbox 296 3194 1886 3267">
     <span class='ocr_line' id='line_1_33' title="bbox 296 3194 1886 3267; baseline 0.003 -20"><span class='ocrx_word' id='word_1_237' title='bbox 296 3194 418 3263; x_wconf 84' lang='lat' dir='ltr'><strong>ejus</strong></span> <span class='ocrx_word' id='word_1_238' title='bbox 449 3211 607 3265; x_wconf 84' lang='lat' dir='ltr'><strong>quam</strong></span> <span class='ocrx_word' id='word_1_239' title='bbox 637 3195 951 3261; x_wconf 82' lang='lat' dir='ltr'><strong>desideravi,</strong></span> <span class='ocrx_word' id='word_1_240' title='bbox 977 3194 1229 3251; x_wconf 81' lang='lat' dir='ltr'><strong>videlicet</strong></span> <span class='ocrx_word' id='word_1_241' title='bbox 1259 3196 1489 3262; x_wconf 77' lang='lat' dir='ltr'><strong>Christi,</strong></span> <span class='ocrx_word' id='word_1_242' title='bbox 1521 3196 1665 3259; x_wconf 84' lang='lat' dir='ltr'><strong>sedi;</strong></span> <span class='ocrx_word' id='word_1_243' title='bbox 1693 3206 1743 3251; x_wconf 87' lang='lat' dir='ltr'><strong>et</strong></span> <span class='ocrx_word' id='word_1_244' title='bbox 1772 3199 1886 3267; x_wconf 82' lang='lat' dir='ltr'><strong>fru-</strong></span> 
     </span>
    </p>
   </div>
   <div class='ocr_carea' id='block_1_34' title="bbox 292 3284 1883 3357">
    <p class='ocr_par' dir='ltr' id='par_1_34' title="bbox 292 3284 1883 3357">
     <span class='ocr_line' id='line_1_34' title="bbox 292 3284 1883 3357; baseline 0.001 -18"><span class='ocrx_word' id='word_1_245' title='bbox 292 3294 419 3339; x_wconf 73' lang='lat' dir='ltr'><strong>ctus</strong></span> <span class='ocrx_word' id='word_1_246' title='bbox 453 3285 569 3355; x_wconf 87' lang='lat' dir='ltr'><strong>ejus</strong></span> <span class='ocrx_word' id='word_1_247' title='bbox 592 3284 763 3339; x_wconf 86' lang='lat' dir='ltr'><strong>dulcis</strong></span> <span class='ocrx_word' id='word_1_248' title='bbox 790 3285 991 3357; x_wconf 87' lang='lat' dir='ltr'><strong>gutturi</strong></span> <span class='ocrx_word' id='word_1_249' title='bbox 1019 3301 1133 3340; x_wconf 87' lang='lat' dir='ltr'><strong>meo</strong></span> <span class='ocrx_word' id='word_1_250' title='bbox 1149 3286 1217 3340; x_wconf 83' lang='grc'><strong>⁸³.</strong></span> <span class='ocrx_word' id='word_1_251' title='bbox 1244 3284 1685 3341; x_wconf 88' lang='lat' dir='ltr'><strong>Pulcherrimum</strong></span> <span class='ocrx_word' id='word_1_252' title='bbox 1706 3302 1883 3351; x_wconf 90' lang='lat' dir='ltr'><strong>sume,</strong></span> 
     </span>
    </p>
   </div>
   <div class='ocr_carea' id='block_1_35' title="bbox 292 3379 1884 3450">
    <p class='ocr_par' dir='ltr' id='par_1_35' title="bbox 292 3379 1884 3450">
     <span class='ocr_line' id='line_1_35' title="bbox 292 3379 1884 3450; baseline 0.001 -16"><span class='ocrx_word' id='word_1_253' title='bbox 292 3379 484 3434; x_wconf 83' lang='lat' dir='ltr'><strong>omnia</strong></span> <span class='ocrx_word' id='word_1_254' title='bbox 504 3380 650 3433; x_wconf 86' lang='lat' dir='ltr'><strong>enim</strong></span> <span class='ocrx_word' id='word_1_255' title='bbox 678 3394 803 3450; x_wconf 69' lang='lat' dir='ltr'><strong>qua:</strong></span> <span class='ocrx_word' id='word_1_256' title='bbox 838 3380 970 3435; x_wconf 84' lang='lat' dir='ltr'><strong>fecit</strong></span> <span class='ocrx_word' id='word_1_257' title='bbox 998 3380 1178 3446; x_wconf 89' lang='lat' dir='ltr'><strong>Deus,</strong></span> <span class='ocrx_word' id='word_1_258' title='bbox 1212 3389 1270 3435; x_wconf 90' lang='lat' dir='ltr'><strong>et</strong></span> <span class='ocrx_word' id='word_1_259' title='bbox 1308 3380 1451 3435; x_wconf 89' lang='lat' dir='ltr'><strong>bona</strong></span> <span class='ocrx_word' id='word_1_260' title='bbox 1490 3388 1622 3435; x_wconf 90' lang='lat' dir='ltr'><strong>sunt</strong></span> <span class='ocrx_word' id='word_1_261' title='bbox 1652 3381 1706 3434; x_wconf 91' lang='lat' dir='ltr'><strong>in</strong></span> <span class='ocrx_word' id='word_1_262' title='bbox 1741 3390 1884 3435; x_wconf 87' lang='lat' dir='ltr'><strong>tem-</strong></span> 
     </span>
    </p>
   </div>
   <div class='ocr_carea' id='block_1_36' title="bbox 298 3470 1888 3543">
    <p class='ocr_par' dir='ltr' id='par_1_36' title="bbox 298 3470 1888 3543">
     <span class='ocr_line' id='line_1_36' title="bbox 298 3470 1888 3543; baseline 0.001 -17"><span class='ocrx_word' id='word_1_263' title='bbox 298 3488 437 3543; x_wconf 81' lang='lat' dir='ltr'><strong>pore</strong></span> <span class='ocrx_word' id='word_1_264' title='bbox 463 3484 585 3527; x_wconf 87' lang='lat' dir='ltr'><strong>suo.</strong></span> <span class='ocrx_word' id='word_1_265' title='bbox 623 3470 731 3527; x_wconf 86' lang='lat' dir='ltr'><strong>Sed</strong></span> <span class='ocrx_word' id='word_1_266' title='bbox 765 3481 822 3527; x_wconf 91' lang='lat' dir='ltr'><strong>et</strong></span> <span class='ocrx_word' id='word_1_267' title='bbox 851 3471 1053 3528; x_wconf 90' lang='lat' dir='ltr'><strong>Paulus</strong></span> <span class='ocrx_word' id='word_1_268' title='bbox 1081 3474 1159 3528; x_wconf 91' lang='lat' dir='ltr'><strong>ait</strong></span> <span class='ocrx_word' id='word_1_269' title='bbox 1186 3490 1202 3532; x_wconf 88' lang='lat'><strong>:</strong></span> <span class='ocrx_word' id='word_1_270' title='bbox 1241 3472 1433 3529; x_wconf 86' lang='lat' dir='ltr'><strong>Omnia</strong></span> <span class='ocrx_word' id='word_1_271' title='bbox 1471 3484 1647 3528; x_wconf 83' lang='lat' dir='ltr'><strong>vestra</strong></span> <span class='ocrx_word' id='word_1_272' title='bbox 1679 3474 1888 3529; x_wconf 79' lang='lat' dir='ltr'><strong>honeste</strong></span> 
     </span>
    </p>
   </div>
   <div class='ocr_carea' id='block_1_37' title="bbox 292 3562 1885 3636">
    <p class='ocr_par' dir='ltr' id='par_1_37' title="bbox 292 3562 1885 3636">
     <span class='ocr_line' id='line_1_37' title="bbox 292 3562 1885 3636; baseline 0.001 -20"><span class='ocrx_word' id='word_1_273' title='bbox 292 3564 585 3617; x_wconf 80' lang='lat' dir='ltr'><strong>secundum</strong></span> <span class='ocrx_word' id='word_1_274' title='bbox 605 3565 840 3617; x_wconf 83' lang='lat' dir='ltr'><strong>ordinem</strong></span> <span class='ocrx_word' id='word_1_275' title='bbox 854 3564 985 3633; x_wconf 74' lang='lat' dir='ltr'><strong>[iant</strong></span> <span class='ocrx_word' id='word_1_276' title='bbox 995 3562 1137 3619; x_wconf 63' lang='grc' dir='ltr'><strong>διοδδε</strong></span> <span class='ocrx_word' id='word_1_277' title='bbox 1156 3564 1301 3634; x_wconf 88' lang='lat' dir='ltr'><strong>quod</strong></span> <span class='ocrx_word' id='word_1_278' title='bbox 1316 3573 1565 3635; x_wconf 87' lang='lat' dir='ltr'><strong>oporteat</strong></span> <span class='ocrx_word' id='word_1_279' title='bbox 1579 3566 1751 3636; x_wconf 89' lang='lat' dir='ltr'><strong>aptari</strong></span> <span class='ocrx_word' id='word_1_280' title='bbox 1776 3566 1885 3619; x_wconf 88' lang='lat' dir='ltr'><strong>vir-</strong></span> 
     </span>
    </p>
   </div>
   <div class='ocr_carea' id='block_1_38' title="bbox 298 3655 1887 3728">
    <p class='ocr_par' dir='ltr' id='par_1_38' title="bbox 298 3655 1887 3728">
     <span class='ocr_line' id='line_1_38' title="bbox 298 3655 1887 3728; baseline 0.001 -18"><span class='ocrx_word' id='word_1_281' title='bbox 298 3663 450 3710; x_wconf 84' lang='lat' dir='ltr'><strong>tutes</strong></span> <span class='ocrx_word' id='word_1_282' title='bbox 478 3656 708 3725; x_wconf 88' lang='lat' dir='ltr'><strong>tempori</strong></span> <span class='ocrx_word' id='word_1_283' title='bbox 740 3655 1074 3728; x_wconf 83' lang='lat' dir='ltr'><strong>signiﬁcans.</strong></span> <span class='ocrx_word' id='word_1_284' title='bbox 1109 3655 1251 3728; x_wconf 87' lang='lat' dir='ltr'><strong>Ergo</strong></span> <span class='ocrx_word' id='word_1_285' title='bbox 1283 3656 1496 3711; x_wconf 88' lang='lat' dir='ltr'><strong>fructus</strong></span> <span class='ocrx_word' id='word_1_286' title='bbox 1519 3658 1732 3712; x_wconf 91' lang='lat' dir='ltr'><strong>arboris</strong></span> <span class='ocrx_word' id='word_1_287' title='bbox 1756 3658 1887 3727; x_wconf 90' lang='lat' dir='ltr'><strong>pul-</strong></span> 
     </span>
    </p>
   </div>
   <div class='ocr_carea' id='block_1_39' title="bbox 294 3746 1887 3817">
    <p class='ocr_par' dir='ltr' id='par_1_39' title="bbox 294 3746 1887 3817">
     <span class='ocr_line' id='line_1_39' title="bbox 294 3746 1887 3817; baseline 0.003 -17"><span class='ocrx_word' id='word_1_288' title='bbox 294 3746 592 3801; x_wconf 78' lang='lat' dir='ltr'><strong>cherrima:</strong></span> <span class='ocrx_word' id='word_1_289' title='bbox 622 3784 639 3812; x_wconf 94' lang='lat'><strong>,</strong></span> <span class='ocrx_word' id='word_1_290' title='bbox 714 3747 1090 3817; x_wconf 87' lang='lat' dir='ltr'><strong>principaliter</strong></span> <span class='ocrx_word' id='word_1_291' title='bbox 1134 3746 1424 3813; x_wconf 87' lang='lat' dir='ltr'><strong>Christus,</strong></span> <span class='ocrx_word' id='word_1_292' title='bbox 1470 3748 1683 3802; x_wconf 89' lang='lat' dir='ltr'><strong>fructus</strong></span> <span class='ocrx_word' id='word_1_293' title='bbox 1740 3749 1887 3804; x_wconf 89' lang='lat' dir='ltr'><strong>illius</strong></span> 
     </span>
    </p>
   </div>
   <div class='ocr_carea' id='block_1_40' title="bbox 296 3838 1887 3912">
    <p class='ocr_par' dir='ltr' id='par_1_40' title="bbox 296 3838 1887 3912">
     <span class='ocr_line' id='line_1_40' title="bbox 296 3838 1887 3912; baseline 0.003 -21"><span class='ocrx_word' id='word_1_294' title='bbox 296 3838 434 3908; x_wconf 79' lang='lat' dir='ltr'><strong>ligni</strong></span> <span class='ocrx_word' id='word_1_295' title='bbox 489 3848 595 3905; x_wconf 86' lang='lat' dir='ltr'><strong>est,</strong></span> <span class='ocrx_word' id='word_1_296' title='bbox 630 3839 700 3894; x_wconf 91' lang='lat' dir='ltr'><strong>de</strong></span> <span class='ocrx_word' id='word_1_297' title='bbox 735 3855 846 3909; x_wconf 92' lang='lat' dir='ltr'><strong>quo</strong></span> <span class='ocrx_word' id='word_1_298' title='bbox 906 3840 959 3894; x_wconf 89' lang='lat' dir='ltr'><strong>in</strong></span> <span class='ocrx_word' id='word_1_299' title='bbox 994 3840 1134 3895; x_wconf 89' lang='lat' dir='ltr'><strong>lsaia</strong></span> <span class='ocrx_word' id='word_1_300' title='bbox 1188 3840 1395 3895; x_wconf 90' lang='lat' dir='ltr'><strong>dictum</strong></span> <span class='ocrx_word' id='word_1_301' title='bbox 1432 3849 1537 3895; x_wconf 91' lang='lat' dir='ltr'><strong>est.</strong></span> <span class='ocrx_word' id='word_1_302' title='bbox 1572 3841 1887 3912; x_wconf 85' lang='lat' dir='ltr'><strong>Egredietur</strong></span> 
     </span>
    </p>
   </div>
   <div class='ocr_carea' id='block_1_41' title="bbox 296 3931 1887 4004">
    <p class='ocr_par' dir='ltr' id='par_1_41' title="bbox 296 3931 1887 4004">
     <span class='ocr_line' id='line_1_41' title="bbox 296 3931 1887 4004; baseline 0.002 -18"><span class='ocrx_word' id='word_1_303' title='bbox 296 3931 451 4001; x_wconf 74' lang='lat' dir='ltr'><strong>uirga</strong></span> <span class='ocrx_word' id='word_1_304' title='bbox 485 3932 549 3985; x_wconf 91' lang='lat' dir='ltr'><strong>de</strong></span> <span class='ocrx_word' id='word_1_305' title='bbox 589 3932 768 3985; x_wconf 84' lang='lat' dir='ltr'><strong>radice</strong></span> <span class='ocrx_word' id='word_1_306' title='bbox 813 3931 980 3997; x_wconf 68' lang='lat' dir='ltr'><strong>desse,</strong></span> <span class='ocrx_word' id='word_1_307' title='bbox 1031 3945 1082 3987; x_wconf 91' lang='lat' dir='ltr'><strong>et</strong></span> <span class='ocrx_word' id='word_1_308' title='bbox 1123 3934 1220 4002; x_wconf 80' lang='lat' dir='ltr'><strong>ﬂos</strong></span> <span class='ocrx_word' id='word_1_309' title='bbox 1260 3934 1324 3987; x_wconf 91' lang='lat' dir='ltr'><strong>de</strong></span> <span class='ocrx_word' id='word_1_310' title='bbox 1343 3935 1527 3988; x_wconf 87' lang='lat' dir='ltr'><strong>radice</strong></span> <span class='ocrx_word' id='word_1_311' title='bbox 1548 3936 1661 4004; x_wconf 86' lang='lat' dir='ltr'><strong>ejus</strong></span> <span class='ocrx_word' id='word_1_312' title='bbox 1698 3953 1887 3991; x_wconf 80' lang='lat' dir='ltr'><strong>ascen-</strong></span> 
     </span>
    </p>
   </div>
   <div class='ocr_carea' id='block_1_42' title="bbox 296 4022 1883 4097">
    <p class='ocr_par' dir='ltr' id='par_1_42' title="bbox 296 4022 1883 4097">
     <span class='ocr_line' id='line_1_42' title="bbox 296 4022 1883 4097; baseline 0.005 -22"><span class='ocrx_word' id='word_1_313' title='bbox 296 4023 484 4077; x_wconf 70' lang='lat' dir='ltr'><strong>det”:</strong></span> <span class='ocrx_word' id='word_1_314' title='bbox 533 4022 629 4077; x_wconf 86' lang='lat' dir='ltr'><strong>Dei</strong></span> <span class='ocrx_word' id='word_1_315' title='bbox 681 4024 973 4095; x_wconf 76' lang='lat' dir='ltr'><strong>genitricis</strong></span> <span class='ocrx_word' id='word_1_316' title='bbox 1006 4025 1265 4080; x_wconf 83' lang='lat' dir='ltr'><strong>videlicet</strong></span> <span class='ocrx_word' id='word_1_317' title='bbox 1285 4026 1533 4097; x_wconf 88' lang='lat' dir='ltr'><strong>virginis.</strong></span> <span class='ocrx_word' id='word_1_318' title='bbox 1571 4027 1883 4083; x_wconf 90' lang='lat' dir='ltr'><strong>Secundum</strong></span> 
     </span>
    </p>
   </div>
   <div class='ocr_carea' id='block_1_43' title="bbox 296 4112 1885 4188">
    <p class='ocr_par' dir='ltr' id='par_1_43' title="bbox 296 4112 1885 4188">
     <span class='ocr_line' id='line_1_43' title="bbox 296 4112 1885 4188; baseline 0.005 -22"><span class='ocrx_word' id='word_1_319' title='bbox 296 4112 467 4167; x_wconf 72' lang='lat' dir='ltr'><strong>LXI.</strong></span> <span class='ocrx_word' id='word_1_320' title='bbox 520 4112 641 4182; x_wconf 82' lang='lat' dir='ltr'><strong>Ipse</strong></span> <span class='ocrx_word' id='word_1_321' title='bbox 708 4116 916 4182; x_wconf 75' lang='lat' dir='ltr'><strong>fructus</strong></span> <span class='ocrx_word' id='word_1_322' title='bbox 972 4114 1256 4182; x_wconf 81' lang='lat' dir='ltr'><strong>speciosus.</strong></span> <span class='ocrx_word' id='word_1_323' title='bbox 1316 4115 1514 4171; x_wconf 85' lang='lat' dir='ltr'><strong>Omnia</strong></span> <span class='ocrx_word' id='word_1_324' title='bbox 1574 4117 1723 4172; x_wconf 88' lang='lat' dir='ltr'><strong>enim</strong></span> <span class='ocrx_word' id='word_1_325' title='bbox 1768 4119 1885 4188; x_wconf 89' lang='lat' dir='ltr'><strong>ipse</strong></span> 
     </span>
    </p>
   </div>
   <div class='ocr_carea' id='block_1_44' title="bbox 296 4202 1885 4277">
    <p class='ocr_par' dir='ltr' id='par_1_44' title="bbox 296 4202 1885 4277">
     <span class='ocr_line' id='line_1_44' title="bbox 296 4202 1885 4277; baseline 0.004 -21"><span class='ocrx_word' id='word_1_326' title='bbox 296 4202 587 4272; x_wconf 83' lang='lat' dir='ltr'><strong>dispensat</strong></span> <span class='ocrx_word' id='word_1_327' title='bbox 606 4212 855 4273; x_wconf 89' lang='lat' dir='ltr'><strong>tempore</strong></span> <span class='ocrx_word' id='word_1_328' title='bbox 884 4214 1219 4273; x_wconf 90' lang='lat' dir='ltr'><strong>opportuno.</strong></span> <span class='ocrx_word' id='word_1_329' title='bbox 1259 4204 1315 4260; x_wconf 89' lang='lat' dir='ltr'><strong>Si</strong></span> <span class='ocrx_word' id='word_1_330' title='bbox 1345 4212 1530 4260; x_wconf 91' lang='lat' dir='ltr'><strong>autem</strong></span> <span class='ocrx_word' id='word_1_331' title='bbox 1557 4207 1763 4277; x_wconf 89' lang='lat' dir='ltr'><strong>aliquid</strong></span> <span class='ocrx_word' id='word_1_332' title='bbox 1797 4224 1885 4263; x_wconf 34' lang='lat' dir='ltr'><strong>sei</strong></span> 
     </span>
    </p>
   </div>
   <div class='ocr_carea' id='block_1_45' title="bbox 301 4294 1882 4364">
    <p class='ocr_par' dir='ltr' id='par_1_45' title="bbox 301 4294 1882 4364">
     <span class='ocr_line' id='line_1_45' title="bbox 301 4294 1882 4364; baseline 0.002 -16"><span class='ocrx_word' id='word_1_333' title='bbox 301 4294 543 4348; x_wconf 88' lang='lat' dir='ltr'><strong>cundum</strong></span> <span class='ocrx_word' id='word_1_334' title='bbox 567 4294 690 4362; x_wconf 77' lang='lat' dir='ltr'><strong>ejus</strong></span> <span class='ocrx_word' id='word_1_335' title='bbox 720 4294 915 4364; x_wconf 85' lang='lat' dir='ltr'><strong>legem,</strong></span> <span class='ocrx_word' id='word_1_336' title='bbox 946 4302 1003 4348; x_wconf 93' lang='lat' dir='ltr'><strong>et</strong></span> <span class='ocrx_word' id='word_1_337' title='bbox 1044 4294 1223 4349; x_wconf 83' lang='lat' dir='ltr'><strong>zelum</strong></span> <span class='ocrx_word' id='word_1_338' title='bbox 1257 4304 1361 4359; x_wconf 88' lang='lat' dir='ltr'><strong>est,</strong></span> <span class='ocrx_word' id='word_1_339' title='bbox 1394 4295 1541 4364; x_wconf 92' lang='lat' dir='ltr'><strong>quod</strong></span> <span class='ocrx_word' id='word_1_340' title='bbox 1570 4306 1882 4351; x_wconf 87' lang='lat' dir='ltr'><strong>correctum</strong></span> 
     </span>
    </p>
   </div>
   <div class='ocr_carea' id='block_1_46' title="bbox 305 4384 1885 4456">
    <p class='ocr_par' dir='ltr' id='par_1_46' title="bbox 305 4384 1885 4456">
     <span class='ocr_line' id='line_1_46' title="bbox 305 4384 1885 4456; baseline 0.003 -17"><span class='ocrx_word' id='word_1_341' title='bbox 305 4384 469 4442; x_wconf 90' lang='lat' dir='ltr'><strong>fuerit</strong></span> <span class='ocrx_word' id='word_1_342' title='bbox 515 4387 573 4443; x_wconf 89' lang='lat' dir='ltr'><strong>in</strong></span> <span class='ocrx_word' id='word_1_343' title='bbox 622 4386 809 4449; x_wconf 83' lang='lat' dir='ltr'><strong>verbo,</strong></span> <span class='ocrx_word' id='word_1_344' title='bbox 864 4394 959 4441; x_wconf 89' lang='lat' dir='ltr'><strong>aut</strong></span> <span class='ocrx_word' id='word_1_345' title='bbox 987 4385 1043 4440; x_wconf 91' lang='lat' dir='ltr'><strong>in</strong></span> <span class='ocrx_word' id='word_1_346' title='bbox 1072 4401 1261 4456; x_wconf 86' lang='lat' dir='ltr'><strong>opere,</strong></span> <span class='ocrx_word' id='word_1_347' title='bbox 1312 4386 1415 4441; x_wconf 90' lang='lat' dir='ltr'><strong>hoc</strong></span> <span class='ocrx_word' id='word_1_348' title='bbox 1453 4387 1620 4442; x_wconf 91' lang='lat' dir='ltr'><strong>etiam</strong></span> <span class='ocrx_word' id='word_1_349' title='bbox 1673 4388 1885 4443; x_wconf 90' lang='lat' dir='ltr'><strong>fructus</strong></span> 
     </span>
    </p>
   </div>
   <div class='ocr_carea' id='block_1_47' title="bbox 300 4480 1883 4551">
    <p class='ocr_par' dir='ltr' id='par_1_47' title="bbox 300 4480 1883 4551">
     <span class='ocr_line' id='line_1_47' title="bbox 300 4480 1883 4551; baseline 0.002 -19"><span class='ocrx_word' id='word_1_350' title='bbox 300 4480 584 4549; x_wconf 80' lang='lat' dir='ltr'><strong>speciosus</strong></span> <span class='ocrx_word' id='word_1_351' title='bbox 611 4492 759 4535; x_wconf 88' lang='lat' dir='ltr'><strong>recte</strong></span> <span class='ocrx_word' id='word_1_352' title='bbox 795 4480 1017 4534; x_wconf 87' lang='lat' dir='ltr'><strong>dicitur.</strong></span> <span class='ocrx_word' id='word_1_353' title='bbox 1060 4482 1290 4535; x_wconf 91' lang='lat' dir='ltr'><strong>Sumere</strong></span> <span class='ocrx_word' id='word_1_354' title='bbox 1334 4492 1519 4535; x_wconf 86' lang='lat' dir='ltr'><strong>autem</strong></span> <span class='ocrx_word' id='word_1_355' title='bbox 1554 4490 1610 4536; x_wconf 91' lang='lat' dir='ltr'><strong>et</strong></span> <span class='ocrx_word' id='word_1_356' title='bbox 1634 4481 1883 4551; x_wconf 89' lang='lat' dir='ltr'><strong>spatulas</strong></span> 
     </span>
    </p>
   </div>
   <div class='ocr_carea' id='block_1_48' title="bbox 1985 609 3564 681">
    <p class='ocr_par' dir='ltr' id='par_1_48' title="bbox 1985 609 3564 681">
     <span class='ocr_line' id='line_1_48' title="bbox 1985 609 3564 681; baseline 0.003 -16"><span class='ocrx_word' id='word_1_357' title='bbox 1985 611 2037 665; x_wconf 91' lang='lat' dir='ltr'><strong>id</strong></span> <span class='ocrx_word' id='word_1_358' title='bbox 2066 620 2172 677; x_wconf 89' lang='lat' dir='ltr'><strong>est,</strong></span> <span class='ocrx_word' id='word_1_359' title='bbox 2225 610 2602 674; x_wconf 64' lang='lat' dir='ltr'><strong>continentiae,</strong></span> <span class='ocrx_word' id='word_1_360' title='bbox 2638 611 2885 680; x_wconf 86' lang='lat' dir='ltr'><strong>castique</strong></span> <span class='ocrx_word' id='word_1_361' title='bbox 2931 609 3196 681; x_wconf 74' lang='lat' dir='ltr'><strong>coniugii.</strong></span> <span class='ocrx_word' id='word_1_362' title='bbox 3239 612 3389 668; x_wconf 88' lang='lat' dir='ltr'><strong>Salix</strong></span> <span class='ocrx_word' id='word_1_363' title='bbox 3416 617 3564 670; x_wconf 83' lang='lat' dir='ltr'><strong>enim</strong></span> 
     </span>
    </p>
   </div>
   <div class='ocr_carea' id='block_1_49' title="bbox 1984 702 3563 775">
    <p class='ocr_par' dir='ltr' id='par_1_49' title="bbox 1984 702 3563 775">
     <span class='ocr_line' id='line_1_49' title="bbox 1984 702 3563 775; baseline 0.002 -17"><span class='ocrx_word' id='word_1_364' title='bbox 1984 703 2379 758; x_wconf 83' lang='lat' dir='ltr'><strong>continentiam</strong></span> <span class='ocrx_word' id='word_1_365' title='bbox 2430 704 2724 775; x_wconf 86' lang='lat' dir='ltr'><strong>signiﬁcat,</strong></span> <span class='ocrx_word' id='word_1_366' title='bbox 2782 703 2908 773; x_wconf 89' lang='lat' dir='ltr'><strong>quia</strong></span> <span class='ocrx_word' id='word_1_367' title='bbox 2965 702 3203 759; x_wconf 88' lang='lat' dir='ltr'><strong>fructum</strong></span> <span class='ocrx_word' id='word_1_368' title='bbox 3236 720 3345 759; x_wconf 89' lang='lat' dir='ltr'><strong>non</strong></span> <span class='ocrx_word' id='word_1_369' title='bbox 3383 706 3563 762; x_wconf 81' lang='lat' dir='ltr'><strong>facit:</strong></span> 
     </span>
    </p>
   </div>
   <div class='ocr_carea' id='block_1_50' title="bbox 1983 795 3567 872">
    <p class='ocr_par' dir='ltr' id='par_1_50' title="bbox 1983 795 3567 872">
     <span class='ocr_line' id='line_1_50' title="bbox 1983 795 3567 872; baseline 0.005 -23"><span class='ocrx_word' id='word_1_370' title='bbox 1983 795 2123 850; x_wconf 87' lang='lat' dir='ltr'><strong>sicut</strong></span> <span class='ocrx_word' id='word_1_371' title='bbox 2180 811 2282 849; x_wconf 89' lang='lat' dir='ltr'><strong>nec</strong></span> <span class='ocrx_word' id='word_1_372' title='bbox 2309 796 2680 863; x_wconf 88' lang='lat' dir='ltr'><strong>continentes,</strong></span> <span class='ocrx_word' id='word_1_373' title='bbox 2720 798 2812 867; x_wconf 87' lang='lat' dir='ltr'><strong>qui</strong></span> <span class='ocrx_word' id='word_1_374' title='bbox 2866 809 2997 853; x_wconf 91' lang='lat' dir='ltr'><strong>sunt</strong></span> <span class='ocrx_word' id='word_1_375' title='bbox 3017 800 3131 855; x_wconf 84' lang='lat' dir='ltr'><strong>veri</strong></span> <span class='ocrx_word' id='word_1_376' title='bbox 3168 801 3430 867; x_wconf 88' lang='lat' dir='ltr'><strong>eunuchi,</strong></span> <span class='ocrx_word' id='word_1_377' title='bbox 3470 802 3567 872; x_wconf 91' lang='lat' dir='ltr'><strong>qui</strong></span> 
     </span>
    </p>
   </div>
   <div class='ocr_carea' id='block_1_51' title="bbox 1984 893 3567 960">
    <p class='ocr_par' dir='ltr' id='par_1_51' title="bbox 1984 893 3567 960">
     <span class='ocr_line' id='line_1_51' title="bbox 1984 893 3567 960; baseline 0.004 -17"><span class='ocrx_word' id='word_1_378' title='bbox 1984 897 2365 951; x_wconf 69' lang='lat' dir='ltr'><strong>cassraverunt</strong></span> <span class='ocrx_word' id='word_1_379' title='bbox 2396 903 2455 943; x_wconf 90' lang='lat' dir='ltr'><strong>se</strong></span> <span class='ocrx_word' id='word_1_380' title='bbox 2496 899 2720 960; x_wconf 88' lang='lat' dir='ltr'><strong>propter</strong></span> <span class='ocrx_word' id='word_1_381' title='bbox 2743 906 2972 960; x_wconf 85' lang='lat' dir='ltr'><strong>regnum</strong></span> <span class='ocrx_word' id='word_1_382' title='bbox 3003 894 3290 959; x_wconf 75' lang='lat' dir='ltr'><strong>ctelorum,</strong></span> <span class='ocrx_word' id='word_1_383' title='bbox 3321 893 3567 950; x_wconf 90' lang='lat' dir='ltr'><strong>fructum</strong></span> 
     </span>
    </p>
   </div>
   <div class='ocr_carea' id='block_1_52' title="bbox 1984 979 3570 1056">
    <p class='ocr_par' dir='ltr' id='par_1_52' title="bbox 1984 979 3570 1056">
     <span class='ocr_line' id='line_1_52' title="bbox 1984 979 3570 1056; baseline 0.004 -23"><span class='ocrx_word' id='word_1_384' title='bbox 1984 979 2285 1049; x_wconf 88' lang='lat' dir='ltr'><strong>quemlibet</strong></span> <span class='ocrx_word' id='word_1_385' title='bbox 2343 981 2659 1035; x_wconf 86' lang='lat' dir='ltr'><strong>sensibilem</strong></span> <span class='ocrx_word' id='word_1_386' title='bbox 2720 979 2951 1046; x_wconf 90' lang='lat' dir='ltr'><strong>faciunt,</strong></span> <span class='ocrx_word' id='word_1_387' title='bbox 3014 983 3083 1037; x_wconf 90' lang='lat' dir='ltr'><strong>ad</strong></span> <span class='ocrx_word' id='word_1_388' title='bbox 3128 999 3267 1054; x_wconf 90' lang='lat' dir='ltr'><strong>quos</strong></span> <span class='ocrx_word' id='word_1_389' title='bbox 3296 985 3443 1040; x_wconf 88' lang='lat' dir='ltr'><strong>Deus</strong></span> <span class='ocrx_word' id='word_1_390' title='bbox 3469 999 3570 1056; x_wconf 90' lang='lat' dir='ltr'><strong>per</strong></span> 
     </span>
    </p>
   </div>
   <div class='ocr_carea' id='block_1_53' title="bbox 1984 1072 3566 1143">
    <p class='ocr_par' dir='ltr' id='par_1_53' title="bbox 1984 1072 3566 1143">
     <span class='ocr_line' id='line_1_53' title="bbox 1984 1072 3566 1143; baseline 0.004 -16"><span class='ocrx_word' id='word_1_391' title='bbox 1984 1072 2177 1127; x_wconf 90' lang='lat' dir='ltr'><strong>Isaiam</strong></span> <span class='ocrx_word' id='word_1_392' title='bbox 2237 1074 2564 1143; x_wconf 82' lang='lat' dir='ltr'><strong>prophetam</strong></span> <span class='ocrx_word' id='word_1_393' title='bbox 2632 1072 2804 1128; x_wconf 90' lang='lat' dir='ltr'><strong>dicit:</strong></span> <span class='ocrx_word' id='word_1_394' title='bbox 2861 1072 2983 1128; x_wconf 89' lang='lat' dir='ltr'><strong>Non</strong></span> <span class='ocrx_word' id='word_1_395' title='bbox 3047 1076 3190 1129; x_wconf 88' lang='lat' dir='ltr'><strong>dicat</strong></span> <span class='ocrx_word' id='word_1_396' title='bbox 3242 1080 3511 1132; x_wconf 79' lang='lat' dir='ltr'><strong>eunuchus</strong></span> <span class='ocrx_word' id='word_1_397' title='bbox 3546 1093 3566 1133; x_wconf 88' lang='lat'><strong>:</strong></span> 
     </span>
    </p>
   </div>
   <div class='ocr_carea' id='block_1_54' title="bbox 1984 1162 3569 1237">
    <p class='ocr_par' dir='ltr' id='par_1_54' title="bbox 1984 1162 3569 1237">
     <span class='ocr_line' id='line_1_54' title="bbox 1984 1162 3569 1237; baseline 0.004 -20"><span class='ocrx_word' id='word_1_398' title='bbox 1984 1162 2121 1229; x_wconf 83' lang='lat' dir='ltr'><strong>Quia</strong></span> <span class='ocrx_word' id='word_1_399' title='bbox 2150 1164 2351 1235; x_wconf 82' lang='lat' dir='ltr'><strong>lignum</strong></span> <span class='ocrx_word' id='word_1_400' title='bbox 2371 1166 2587 1219; x_wconf 84' lang='lat' dir='ltr'><strong>aridum</strong></span> <span class='ocrx_word' id='word_1_401' title='bbox 2609 1182 2701 1236; x_wconf 84' lang='lat' dir='ltr'><strong>ego</strong></span> <span class='ocrx_word' id='word_1_402' title='bbox 2726 1182 2880 1221; x_wconf 80' lang='lat' dir='ltr'><strong>sum:</strong></span> <span class='ocrx_word' id='word_1_403' title='bbox 2904 1168 3031 1237; x_wconf 85' lang='lat' dir='ltr'><strong>quia</strong></span> <span class='ocrx_word' id='word_1_404' title='bbox 3063 1168 3200 1221; x_wconf 88' lang='lat' dir='ltr'><strong>dabo</strong></span> <span class='ocrx_word' id='word_1_405' title='bbox 3227 1169 3301 1222; x_wconf 91' lang='lat' dir='ltr'><strong>eis</strong></span> <span class='ocrx_word' id='word_1_406' title='bbox 3331 1170 3388 1222; x_wconf 88' lang='lat' dir='ltr'><strong>in</strong></span> <span class='ocrx_word' id='word_1_407' title='bbox 3413 1171 3569 1224; x_wconf 86' lang='lat' dir='ltr'><strong>domo</strong></span> 
     </span>
    </p>
   </div>
   <div class='ocr_carea' id='block_1_55' title="bbox 1986 1258 3569 1325">
    <p class='ocr_par' dir='ltr' id='par_1_55' title="bbox 1986 1258 3569 1325">
     <span class='ocr_line' id='line_1_55' title="bbox 1986 1258 3569 1325; baseline 0.005 -15"><span class='ocrx_word' id='word_1_408' title='bbox 1986 1273 2126 1319; x_wconf 89' lang='lat' dir='ltr'><strong>mea,</strong></span> <span class='ocrx_word' id='word_1_409' title='bbox 2155 1266 2205 1311; x_wconf 91' lang='lat' dir='ltr'><strong>et</strong></span> <span class='ocrx_word' id='word_1_410' title='bbox 2242 1258 2298 1312; x_wconf 92' lang='lat' dir='ltr'><strong>in</strong></span> <span class='ocrx_word' id='word_1_411' title='bbox 2328 1259 2495 1312; x_wconf 84' lang='lat' dir='ltr'><strong>muris</strong></span> <span class='ocrx_word' id='word_1_412' title='bbox 2528 1258 2658 1312; x_wconf 88' lang='lat' dir='ltr'><strong>meis</strong></span> <span class='ocrx_word' id='word_1_413' title='bbox 2691 1259 2862 1314; x_wconf 90' lang='lat' dir='ltr'><strong>locum</strong></span> <span class='ocrx_word' id='word_1_414' title='bbox 2910 1261 3243 1315; x_wconf 85' lang='lat' dir='ltr'><strong>nominatum</strong></span> <span class='ocrx_word' id='word_1_415' title='bbox 3267 1301 3282 1325; x_wconf 94' lang='lat'><strong>,</strong></span> <span class='ocrx_word' id='word_1_416' title='bbox 3320 1263 3507 1318; x_wconf 83' lang='lat' dir='ltr'><strong>melius</strong></span> <span class='ocrx_word' id='word_1_417' title='bbox 3533 1280 3569 1317; x_wconf 92' lang='lat' dir='ltr'><strong>a</strong></span> 
     </span>
    </p>
   </div>
   <div class='ocr_carea' id='block_1_56' title="bbox 1985 1348 3572 1420">
    <p class='ocr_par' dir='ltr' id='par_1_56' title="bbox 1985 1348 3572 1420">
     <span class='ocr_line' id='line_1_56' title="bbox 1985 1348 3572 1420; baseline 0.006 -18"><span class='ocrx_word' id='word_1_418' title='bbox 1985 1348 2112 1418; x_wconf 85' lang='lat' dir='ltr'><strong>ﬁliis</strong></span> <span class='ocrx_word' id='word_1_419' title='bbox 2139 1359 2188 1404; x_wconf 89' lang='lat' dir='ltr'><strong>et</strong></span> <span class='ocrx_word' id='word_1_420' title='bbox 2217 1350 2449 1419; x_wconf 75' lang='lat' dir='ltr'><strong>ﬁliabus,</strong></span> <span class='ocrx_word' id='word_1_421' title='bbox 2496 1368 2685 1405; x_wconf 80' lang='lat' dir='ltr'><strong>nomen</strong></span> <span class='ocrx_word' id='word_1_422' title='bbox 2713 1354 3090 1420; x_wconf 84' lang='lat' dir='ltr'><strong>sempiternum</strong></span> <span class='ocrx_word' id='word_1_423' title='bbox 3120 1356 3256 1409; x_wconf 87' lang='lat' dir='ltr'><strong>dabo</strong></span> <span class='ocrx_word' id='word_1_424' title='bbox 3291 1357 3365 1411; x_wconf 87' lang='lat' dir='ltr'><strong>eis</strong></span> <span class='ocrx_word' id='word_1_425' title='bbox 3381 1357 3449 1411; x_wconf 77' lang='lat'><strong>&#39;°.</strong></span> <span class='ocrx_word' id='word_1_426' title='bbox 3480 1356 3572 1411; x_wconf 73' lang='lat' dir='ltr'><strong>Dl-</strong></span> 
     </span>
    </p>
   </div>
   <div class='ocr_carea' id='block_1_57' title="bbox 1983 1443 3569 1514">
    <p class='ocr_par' dir='ltr' id='par_1_57' title="bbox 1983 1443 3569 1514">
     <span class='ocr_line' id='line_1_57' title="bbox 1983 1443 3569 1514; baseline 0.005 -18"><span class='ocrx_word' id='word_1_427' title='bbox 1983 1443 2159 1498; x_wconf 91' lang='lat' dir='ltr'><strong>cimus</strong></span> <span class='ocrx_word' id='word_1_428' title='bbox 2218 1452 2403 1499; x_wconf 88' lang='lat' dir='ltr'><strong>autem</strong></span> <span class='ocrx_word' id='word_1_429' title='bbox 2458 1444 2682 1498; x_wconf 86' lang='lat' dir='ltr'><strong>salicem</strong></span> <span class='ocrx_word' id='word_1_430' title='bbox 2724 1460 2916 1514; x_wconf 88' lang='lat' dir='ltr'><strong>gerere</strong></span> <span class='ocrx_word' id='word_1_431' title='bbox 2968 1447 3255 1514; x_wconf 86' lang='lat' dir='ltr'><strong>orationis,</strong></span> <span class='ocrx_word' id='word_1_432' title='bbox 3302 1464 3408 1504; x_wconf 91' lang='lat' dir='ltr'><strong>nec</strong></span> <span class='ocrx_word' id='word_1_433' title='bbox 3456 1465 3569 1504; x_wconf 92' lang='lat' dir='ltr'><strong>non</strong></span> 
     </span>
    </p>
   </div>
   <div class='ocr_carea' id='block_1_58' title="bbox 1985 1536 3569 1610">
    <p class='ocr_par' dir='ltr' id='par_1_58' title="bbox 1985 1536 3569 1610">
     <span class='ocr_line' id='line_1_58' title="bbox 1985 1536 3569 1610; baseline 0.004 -19"><span class='ocrx_word' id='word_1_434' title='bbox 1985 1537 2322 1606; x_wconf 72' lang='lat' dir='ltr'><strong>pmnitentize</strong></span> <span class='ocrx_word' id='word_1_435' title='bbox 2363 1536 2612 1607; x_wconf 84' lang='lat' dir='ltr'><strong>ﬁguram.</strong></span> <span class='ocrx_word' id='word_1_436' title='bbox 2644 1538 2735 1592; x_wconf 83' lang='lat' dir='ltr'><strong>Sic</strong></span> <span class='ocrx_word' id='word_1_437' title='bbox 2764 1554 2894 1608; x_wconf 81' lang='lat' dir='ltr'><strong>ergo</strong></span> <span class='ocrx_word' id='word_1_438' title='bbox 2921 1548 2977 1593; x_wconf 89' lang='lat' dir='ltr'><strong>et</strong></span> <span class='ocrx_word' id='word_1_439' title='bbox 3002 1540 3133 1595; x_wconf 88' lang='lat' dir='ltr'><strong>illud</strong></span> <span class='ocrx_word' id='word_1_440' title='bbox 3165 1542 3309 1610; x_wconf 91' lang='lat' dir='ltr'><strong>quod</strong></span> <span class='ocrx_word' id='word_1_441' title='bbox 3336 1557 3365 1595; x_wconf 92' lang='lat' dir='ltr'><strong>a</strong></span> <span class='ocrx_word' id='word_1_442' title='bbox 3395 1542 3569 1597; x_wconf 87' lang='lat' dir='ltr'><strong>David</strong></span> 
     </span>
    </p>
   </div>
   <div class='ocr_carea' id='block_1_59' title="bbox 1984 1625 3564 1702">
    <p class='ocr_par' dir='ltr' id='par_1_59' title="bbox 1984 1625 3564 1702">
     <span class='ocr_line' id='line_1_59' title="bbox 1984 1625 3564 1702; baseline 0.005 -23"><span class='ocrx_word' id='word_1_443' title='bbox 1984 1625 2190 1679; x_wconf 81' lang='lat' dir='ltr'><strong>dictum</strong></span> <span class='ocrx_word' id='word_1_444' title='bbox 2226 1636 2329 1691; x_wconf 89' lang='lat' dir='ltr'><strong>est,</strong></span> <span class='ocrx_word' id='word_1_445' title='bbox 2365 1626 2737 1696; x_wconf 85' lang='lat' dir='ltr'><strong>intelligamus</strong></span> <span class='ocrx_word' id='word_1_446' title='bbox 2767 1639 2781 1681; x_wconf 85' lang='lat'><strong>:</strong></span> <span class='ocrx_word' id='word_1_447' title='bbox 2814 1627 2986 1697; x_wconf 86' lang='lat' dir='ltr'><strong>Super</strong></span> <span class='ocrx_word' id='word_1_448' title='bbox 3011 1631 3238 1697; x_wconf 71' lang='lat' dir='ltr'><strong>ﬂumina</strong></span> <span class='ocrx_word' id='word_1_449' title='bbox 3258 1632 3564 1702; x_wconf 78' lang='lat' dir='ltr'><strong>Babylonis.</strong></span> 
     </span>
    </p>
   </div>
   <div class='ocr_carea' id='block_1_60' title="bbox 1984 1714 3569 1789">
    <p class='ocr_par' dir='ltr' id='par_1_60' title="bbox 1984 1714 3569 1789">
     <span class='ocr_line' id='line_1_60' title="bbox 1984 1714 3569 1789; baseline 0.006 -19"><span class='ocrx_word' id='word_1_450' title='bbox 1984 1718 2094 1771; x_wconf 80' lang='lat' dir='ltr'><strong>illic</strong></span> <span class='ocrx_word' id='word_1_451' title='bbox 2147 1720 2376 1773; x_wconf 88' lang='lat' dir='ltr'><strong>sedimus</strong></span> <span class='ocrx_word' id='word_1_452' title='bbox 2424 1730 2475 1773; x_wconf 87' lang='lat' dir='ltr'><strong>et</strong></span> <span class='ocrx_word' id='word_1_453' title='bbox 2532 1714 2791 1789; x_wconf 75' lang='lat' dir='ltr'><strong>ﬂeuimus,</strong></span> <span class='ocrx_word' id='word_1_454' title='bbox 2843 1722 2971 1775; x_wconf 87' lang='lat' dir='ltr'><strong>dum</strong></span> <span class='ocrx_word' id='word_1_455' title='bbox 3034 1726 3435 1780; x_wconf 84' lang='lat' dir='ltr'><strong>recordaremur</strong></span> <span class='ocrx_word' id='word_1_456' title='bbox 3490 1727 3569 1779; x_wconf 86' lang='lat' dir='ltr'><strong>tui</strong></span> 
     </span>
    </p>
   </div>
   <div class='ocr_carea' id='block_1_61' title="bbox 1983 1806 3568 1889">
    <p class='ocr_par' dir='ltr' id='par_1_61' title="bbox 1983 1806 3568 1889">
     <span class='ocr_line' id='line_1_61' title="bbox 1983 1806 3568 1889; baseline 0.007 -27"><span class='ocrx_word' id='word_1_457' title='bbox 1983 1806 2129 1863; x_wconf 88' lang='lat' dir='ltr'><strong>Sion.</strong></span> <span class='ocrx_word' id='word_1_458' title='bbox 2157 1808 2224 1863; x_wconf 83' lang='lat' dir='ltr'><strong>In</strong></span> <span class='ocrx_word' id='word_1_459' title='bbox 2260 1810 2530 1875; x_wconf 86' lang='lat' dir='ltr'><strong>salicibus,</strong></span> <span class='ocrx_word' id='word_1_460' title='bbox 2549 1813 2607 1866; x_wconf 90' lang='lat' dir='ltr'><strong>in</strong></span> <span class='ocrx_word' id='word_1_461' title='bbox 2637 1815 2810 1868; x_wconf 77' lang='lat' dir='ltr'><strong>medio</strong></span> <span class='ocrx_word' id='word_1_462' title='bbox 2832 1814 2948 1883; x_wconf 83' lang='lat' dir='ltr'><strong>ejus</strong></span> <span class='ocrx_word' id='word_1_463' title='bbox 2975 1817 3338 1884; x_wconf 84' lang='lat' dir='ltr'><strong>suspendimus</strong></span> <span class='ocrx_word' id='word_1_464' title='bbox 3363 1833 3568 1889; x_wconf 82' lang='lat' dir='ltr'><strong>organa</strong></span> 
     </span>
    </p>
   </div>
   <div class='ocr_carea' id='block_1_62' title="bbox 1914 1883 3568 1980">
    <p class='ocr_par' dir='ltr' id='par_1_62' title="bbox 1914 1883 3568 1980">
     <span class='ocr_line' id='line_1_62' title="bbox 1914 1883 3568 1980; baseline 0.009 -30"><span class='ocrx_word' id='word_1_465' title='bbox 1914 1883 1958 1939; x_wconf 82' lang='grc' dir='ltr'><strong>Β</strong></span> <span class='ocrx_word' id='word_1_466' title='bbox 1988 1909 2171 1954; x_wconf 86' lang='lat' dir='ltr'><strong>nostra</strong></span> <span class='ocrx_word' id='word_1_467' title='bbox 2195 1902 2262 1955; x_wconf 72' lang='grc' dir='ltr'><strong>οι.</strong></span> <span class='ocrx_word' id='word_1_468' title='bbox 2297 1901 2577 1957; x_wconf 86' lang='lat' dir='ltr'><strong>Orationis</strong></span> <span class='ocrx_word' id='word_1_469' title='bbox 2606 1904 2775 1967; x_wconf 89' lang='lat' dir='ltr'><strong>enim,</strong></span> <span class='ocrx_word' id='word_1_470' title='bbox 2806 1915 2862 1959; x_wconf 88' lang='lat' dir='ltr'><strong>et</strong></span> <span class='ocrx_word' id='word_1_471' title='bbox 2903 1883 3247 1975; x_wconf 63' lang='lat' dir='ltr'><strong>paenitentiae</strong></span> <span class='ocrx_word' id='word_1_472' title='bbox 3293 1883 3568 1980; x_wconf 46' lang='lat' dir='ltr'><strong>lacrimae,</strong></span> 
     </span>
    </p>
   </div>
   <div class='ocr_carea' id='block_1_63' title="bbox 1982 1990 3570 2069">
    <p class='ocr_par' dir='ltr' id='par_1_63' title="bbox 1982 1990 3570 2069">
     <span class='ocr_line' id='line_1_63' title="bbox 1982 1990 3570 2069; baseline 0.008 -24"><span class='ocrx_word' id='word_1_473' title='bbox 1982 1990 2050 2046; x_wconf 91' lang='lat' dir='ltr'><strong>de</strong></span> <span class='ocrx_word' id='word_1_474' title='bbox 2079 1993 2277 2061; x_wconf 87' lang='lat' dir='ltr'><strong>quibus</strong></span> <span class='ocrx_word' id='word_1_475' title='bbox 2353 1994 2432 2050; x_wconf 83' lang='lat' dir='ltr'><strong>ait</strong></span> <span class='ocrx_word' id='word_1_476' title='bbox 2478 1995 2681 2052; x_wconf 88' lang='lat' dir='ltr'><strong>Isaias:</strong></span> <span class='ocrx_word' id='word_1_477' title='bbox 2728 1997 2877 2053; x_wconf 76' lang='lat' dir='ltr'><strong>Sient</strong></span> <span class='ocrx_word' id='word_1_478' title='bbox 2920 1998 3110 2054; x_wconf 86' lang='lat' dir='ltr'><strong>salices</strong></span> <span class='ocrx_word' id='word_1_479' title='bbox 3141 2016 3298 2069; x_wconf 81' lang='lat' dir='ltr'><strong>super</strong></span> <span class='ocrx_word' id='word_1_480' title='bbox 3347 2012 3570 2068; x_wconf 65' lang='lat' dir='ltr'><strong>printer-</strong></span> 
     </span>
    </p>
   </div>
   <div class='ocr_carea' id='block_1_64' title="bbox 1980 2083 3567 2156">
    <p class='ocr_par' dir='ltr' id='par_1_64' title="bbox 1980 2083 3567 2156">
     <span class='ocr_line' id='line_1_64' title="bbox 1980 2083 3567 2156; baseline 0.009 -21"><span class='ocrx_word' id='word_1_481' title='bbox 1980 2083 2200 2151; x_wconf 80' lang='lat' dir='ltr'><strong>ﬂuentes</strong></span> <span class='ocrx_word' id='word_1_482' title='bbox 2253 2087 2509 2156; x_wconf 78' lang='lat' dir='ltr'><strong>aquas&quot;,</strong></span> <span class='ocrx_word' id='word_1_483' title='bbox 2551 2089 2926 2145; x_wconf 85' lang='lat' dir='ltr'><strong>continentem</strong></span> <span class='ocrx_word' id='word_1_484' title='bbox 2983 2093 3398 2149; x_wconf 90' lang='lat' dir='ltr'><strong>commistionis</strong></span> <span class='ocrx_word' id='word_1_485' title='bbox 3466 2109 3567 2150; x_wconf 82' lang='lat' dir='ltr'><strong>ne-</strong></span> 
     </span>
    </p>
   </div>
   <div class='ocr_carea' id='block_1_65' title="bbox 1981 2176 3565 2255">
    <p class='ocr_par' dir='ltr' id='par_1_65' title="bbox 1981 2176 3565 2255">
     <span class='ocr_line' id='line_1_65' title="bbox 1981 2176 3565 2255; baseline 0.008 -26"><span class='ocrx_word' id='word_1_486' title='bbox 1981 2176 2273 2231; x_wconf 86' lang='lat' dir='ltr'><strong>cessariam</strong></span> <span class='ocrx_word' id='word_1_487' title='bbox 2332 2178 2571 2244; x_wconf 84' lang='lat' dir='ltr'><strong>habent,</strong></span> <span class='ocrx_word' id='word_1_488' title='bbox 2626 2181 2680 2235; x_wconf 91' lang='lat' dir='ltr'><strong>in</strong></span> <span class='ocrx_word' id='word_1_489' title='bbox 2736 2190 2984 2252; x_wconf 89' lang='lat' dir='ltr'><strong>tempore</strong></span> <span class='ocrx_word' id='word_1_490' title='bbox 3044 2200 3153 2255; x_wconf 85' lang='lat' dir='ltr'><strong>quo</strong></span> <span class='ocrx_word' id='word_1_491' title='bbox 3207 2185 3565 2243; x_wconf 73' lang='lat' dir='ltr'><strong>oderuntur:</strong></span> 
     </span>
    </p>
   </div>
   <div class='ocr_carea' id='block_1_66' title="bbox 1982 2269 3571 2348">
    <p class='ocr_par' dir='ltr' id='par_1_66' title="bbox 1982 2269 3571 2348">
     <span class='ocr_line' id='line_1_66' title="bbox 1982 2269 3571 2348; baseline 0.009 -26"><span class='ocrx_word' id='word_1_492' title='bbox 1982 2269 2130 2337; x_wconf 87' lang='lat' dir='ltr'><strong>quod</strong></span> <span class='ocrx_word' id='word_1_493' title='bbox 2184 2269 2527 2327; x_wconf 88' lang='lat' dir='ltr'><strong>demonstrat</strong></span> <span class='ocrx_word' id='word_1_494' title='bbox 2583 2273 2824 2329; x_wconf 83' lang='lat' dir='ltr'><strong>Paulus:</strong></span> <span class='ocrx_word' id='word_1_495' title='bbox 2852 2275 3030 2331; x_wconf 85' lang='lat' dir='ltr'><strong>Nolite</strong></span> <span class='ocrx_word' id='word_1_496' title='bbox 3060 2279 3318 2348; x_wconf 74' lang='lat' dir='ltr'><strong>fraudare</strong></span> <span class='ocrx_word' id='word_1_497' title='bbox 3347 2282 3571 2336; x_wconf 79' lang='lat' dir='ltr'><strong>invicem</strong></span> 
     </span>
    </p>
   </div>
   <div class='ocr_carea' id='block_1_67' title="bbox 1983 2360 3568 2436">
    <p class='ocr_par' dir='ltr' id='par_1_67' title="bbox 1983 2360 3568 2436">
     <span class='ocr_line' id='line_1_67' title="bbox 1983 2360 3568 2436; baseline 0.01 -23"><span class='ocrx_word' id='word_1_498' title='bbox 1983 2360 2194 2427; x_wconf 89' lang='lat' dir='ltr'><strong>dicens,</strong></span> <span class='ocrx_word' id='word_1_499' title='bbox 2246 2362 2346 2416; x_wconf 86' lang='lat' dir='ltr'><strong>nisi</strong></span> <span class='ocrx_word' id='word_1_500' title='bbox 2370 2379 2435 2416; x_wconf 76' lang='lat' dir='ltr'><strong>ea:</strong></span> <span class='ocrx_word' id='word_1_501' title='bbox 2479 2380 2731 2419; x_wconf 87' lang='lat' dir='ltr'><strong>consensu</strong></span> <span class='ocrx_word' id='word_1_502' title='bbox 2763 2366 2834 2419; x_wconf 90' lang='lat' dir='ltr'><strong>ad</strong></span> <span class='ocrx_word' id='word_1_503' title='bbox 2864 2377 3087 2436; x_wconf 83' lang='lat' dir='ltr'><strong>tempus,</strong></span> <span class='ocrx_word' id='word_1_504' title='bbox 3122 2380 3179 2425; x_wconf 85' lang='lat' dir='ltr'><strong>ut</strong></span> <span class='ocrx_word' id='word_1_505' title='bbox 3222 2375 3414 2427; x_wconf 85' lang='lat' dir='ltr'><strong>vacetis</strong></span> <span class='ocrx_word' id='word_1_506' title='bbox 3439 2391 3568 2429; x_wconf 51' lang='lat' dir='ltr'><strong>ora.</strong></span> 
     </span>
    </p>
   </div>
   <div class='ocr_carea' id='block_1_68' title="bbox 1985 2454 3571 2538">
    <p class='ocr_par' dir='ltr' id='par_1_68' title="bbox 1985 2454 3571 2538">
     <span class='ocr_line' id='line_1_68' title="bbox 1985 2454 3571 2538; baseline 0.011 -33"><span class='ocrx_word' id='word_1_507' title='bbox 1985 2454 2137 2517; x_wconf 90' lang='lat' dir='ltr'><strong>tioni,</strong></span> <span class='ocrx_word' id='word_1_508' title='bbox 2191 2455 2317 2524; x_wconf 88' lang='lat' dir='ltr'><strong>quia</strong></span> <span class='ocrx_word' id='word_1_509' title='bbox 2361 2466 2568 2510; x_wconf 90' lang='lat' dir='ltr'><strong>castum</strong></span> <span class='ocrx_word' id='word_1_510' title='bbox 2614 2466 2817 2527; x_wconf 84' lang='lat' dir='ltr'><strong>oportet</strong></span> <span class='ocrx_word' id='word_1_511' title='bbox 2856 2476 2963 2514; x_wconf 87' lang='lat' dir='ltr'><strong>esse</strong></span> <span class='ocrx_word' id='word_1_512' title='bbox 3006 2462 3397 2533; x_wconf 82' lang='lat' dir='ltr'><strong>conjugium”.</strong></span> <span class='ocrx_word' id='word_1_513' title='bbox 3449 2465 3571 2538; x_wconf 92' lang='lat' dir='ltr'><strong>Ipse</strong></span> 
     </span>
    </p>
   </div>
   <div class='ocr_carea' id='block_1_69' title="bbox 1985 2543 3571 2623">
    <p class='ocr_par' dir='ltr' id='par_1_69' title="bbox 1985 2543 3571 2623">
     <span class='ocr_line' id='line_1_69' title="bbox 1985 2543 3571 2623; baseline 0.01 -28"><span class='ocrx_word' id='word_1_514' title='bbox 1985 2557 2177 2597; x_wconf 87' lang='lat' dir='ltr'><strong>rursus</strong></span> <span class='ocrx_word' id='word_1_515' title='bbox 2198 2544 2297 2598; x_wconf 90' lang='lat' dir='ltr'><strong>ait.</strong></span> <span class='ocrx_word' id='word_1_516' title='bbox 2323 2543 2688 2600; x_wconf 81' lang='lat' dir='ltr'><strong>Salvabuntur</strong></span> <span class='ocrx_word' id='word_1_517' title='bbox 2714 2560 2893 2602; x_wconf 83' lang='lat' dir='ltr'><strong>autem</strong></span> <span class='ocrx_word' id='word_1_518' title='bbox 2918 2566 3011 2619; x_wconf 89' lang='lat' dir='ltr'><strong>per</strong></span> <span class='ocrx_word' id='word_1_519' title='bbox 3038 2551 3275 2620; x_wconf 78' lang='lat' dir='ltr'><strong>ﬁliorum</strong></span> <span class='ocrx_word' id='word_1_520' title='bbox 3315 2571 3571 2623; x_wconf 88' lang='lat' dir='ltr'><strong>procrea-</strong></span> 
     </span>
    </p>
   </div>
   <div class='ocr_carea' id='block_1_70' title="bbox 1986 2635 3572 2711">
    <p class='ocr_par' dir='ltr' id='par_1_70' title="bbox 1986 2635 3572 2711">
     <span class='ocr_line' id='line_1_70' title="bbox 1986 2635 3572 2711; baseline 0.011 -24"><span class='ocrx_word' id='word_1_521' title='bbox 1986 2635 2200 2698; x_wconf 87' lang='lat' dir='ltr'><strong>tionem,</strong></span> <span class='ocrx_word' id='word_1_522' title='bbox 2224 2637 2273 2690; x_wconf 88' lang='lat' dir='ltr'><strong>si</strong></span> <span class='ocrx_word' id='word_1_523' title='bbox 2294 2640 2683 2706; x_wconf 84' lang='lat' dir='ltr'><strong>permanserint</strong></span> <span class='ocrx_word' id='word_1_524' title='bbox 2714 2641 2769 2693; x_wconf 86' lang='lat' dir='ltr'><strong>in</strong></span> <span class='ocrx_word' id='word_1_525' title='bbox 2802 2642 2925 2711; x_wconf 70' lang='lat' dir='ltr'><strong>fide,</strong></span> <span class='ocrx_word' id='word_1_526' title='bbox 2950 2652 3001 2697; x_wconf 92' lang='lat' dir='ltr'><strong>et</strong></span> <span class='ocrx_word' id='word_1_527' title='bbox 3047 2645 3330 2711; x_wconf 79' lang='lat' dir='ltr'><strong>charitate,</strong></span> <span class='ocrx_word' id='word_1_528' title='bbox 3356 2658 3404 2702; x_wconf 93' lang='lat' dir='ltr'><strong>et</strong></span> <span class='ocrx_word' id='word_1_529' title='bbox 3443 2666 3572 2705; x_wconf 83' lang='lat' dir='ltr'><strong>san-</strong></span> 
     </span>
    </p>
   </div>
   <div class='ocr_carea' id='block_1_71' title="bbox 1987 2729 3571 2798">
    <p class='ocr_par' dir='ltr' id='par_1_71' title="bbox 1987 2729 3571 2798">
     <span class='ocr_line' id='line_1_71' title="bbox 1987 2729 3571 2798; baseline 0.011 -17"><span class='ocrx_word' id='word_1_530' title='bbox 1987 2729 2329 2798; x_wconf 81' lang='lat' dir='ltr'><strong>ctiﬁcatione,</strong></span> <span class='ocrx_word' id='word_1_531' title='bbox 2380 2748 2498 2786; x_wconf 88' lang='lat' dir='ltr'><strong>cum</strong></span> <span class='ocrx_word' id='word_1_532' title='bbox 2548 2734 2833 2789; x_wconf 85' lang='lat' dir='ltr'><strong>sobrietate</strong></span> <span class='ocrx_word' id='word_1_533' title='bbox 2854 2736 2920 2794; x_wconf 75' lang='lat'><strong>“.</strong></span> <span class='ocrx_word' id='word_1_534' title='bbox 2955 2736 3023 2792; x_wconf 89' lang='lat' dir='ltr'><strong>Et</strong></span> <span class='ocrx_word' id='word_1_535' title='bbox 3053 2738 3251 2794; x_wconf 83' lang='lat' dir='ltr'><strong>iterum</strong></span> <span class='ocrx_word' id='word_1_536' title='bbox 3282 2759 3296 2795; x_wconf 92' lang='lat'><strong>:</strong></span> <span class='ocrx_word' id='word_1_537' title='bbox 3332 2742 3571 2797; x_wconf 86' lang='lat' dir='ltr'><strong>Honora-</strong></span> 
     </span>
    </p>
   </div>
   <div class='ocr_carea' id='block_1_72' title="bbox 1987 2821 3573 2892">
    <p class='ocr_par' dir='ltr' id='par_1_72' title="bbox 1987 2821 3573 2892">
     <span class='ocr_line' id='line_1_72' title="bbox 1987 2821 3573 2892; baseline 0.013 -20"><span class='ocrx_word' id='word_1_538' title='bbox 1987 2821 2087 2873; x_wconf 86' lang='lat' dir='ltr'><strong>bile</strong></span> <span class='ocrx_word' id='word_1_539' title='bbox 2127 2824 2465 2890; x_wconf 80' lang='lat' dir='ltr'><strong>connubium,</strong></span> <span class='ocrx_word' id='word_1_540' title='bbox 2498 2835 2547 2879; x_wconf 88' lang='lat' dir='ltr'><strong>et</strong></span> <span class='ocrx_word' id='word_1_541' title='bbox 2572 2826 2750 2882; x_wconf 83' lang='lat' dir='ltr'><strong>thorus</strong></span> <span class='ocrx_word' id='word_1_542' title='bbox 2801 2828 3255 2889; x_wconf 73' lang='lat' dir='ltr'><strong>immaculatus”.</strong></span> <span class='ocrx_word' id='word_1_543' title='bbox 3295 2833 3402 2889; x_wconf 90' lang='lat' dir='ltr'><strong>Sed</strong></span> <span class='ocrx_word' id='word_1_544' title='bbox 3454 2836 3573 2892; x_wconf 65' lang='lat' dir='ltr'><strong>haec</strong></span> 
     </span>
    </p>
   </div>
   <div class='ocr_carea' id='block_1_73' title="bbox 1988 2912 3568 2996">
    <p class='ocr_par' dir='ltr' id='par_1_73' title="bbox 1988 2912 3568 2996">
     <span class='ocr_line' id='line_1_73' title="bbox 1988 2912 3568 2996; baseline 0.011 -29"><span class='ocrx_word' id='word_1_545' title='bbox 1988 2912 2058 2967; x_wconf 91' lang='lat' dir='ltr'><strong>de</strong></span> <span class='ocrx_word' id='word_1_546' title='bbox 2117 2922 2358 2970; x_wconf 87' lang='lat' dir='ltr'><strong>torrente</strong></span> <span class='ocrx_word' id='word_1_547' title='bbox 2414 2932 2656 2985; x_wconf 88' lang='lat' dir='ltr'><strong>sumere,</strong></span> <span class='ocrx_word' id='word_1_548' title='bbox 2711 2920 2779 2975; x_wconf 88' lang='lat' dir='ltr'><strong>de</strong></span> <span class='ocrx_word' id='word_1_549' title='bbox 2831 2924 3087 2990; x_wconf 64' lang='lat' dir='ltr'><strong>presenti</strong></span> <span class='ocrx_word' id='word_1_550' title='bbox 3154 2925 3405 2982; x_wconf 88' lang='lat' dir='ltr'><strong>videlicet</strong></span> <span class='ocrx_word' id='word_1_551' title='bbox 3435 2929 3568 2996; x_wconf 88' lang='lat' dir='ltr'><strong>vita,</strong></span> 
     </span>
    </p>
   </div>
   <div class='ocr_carea' id='block_1_74' title="bbox 1991 3004 3571 3076">
    <p class='ocr_par' dir='ltr' id='par_1_74' title="bbox 1991 3004 3571 3076">
     <span class='ocr_line' id='line_1_74' title="bbox 1991 3004 3571 3076; baseline 0.011 -21"><span class='ocrx_word' id='word_1_552' title='bbox 1991 3009 2209 3059; x_wconf 86' lang='lat' dir='ltr'><strong>torrens</strong></span> <span class='ocrx_word' id='word_1_553' title='bbox 2249 3004 2393 3059; x_wconf 89' lang='lat' dir='ltr'><strong>enim</strong></span> <span class='ocrx_word' id='word_1_554' title='bbox 2418 3016 2646 3076; x_wconf 88' lang='lat' dir='ltr'><strong>propter</strong></span> <span class='ocrx_word' id='word_1_555' title='bbox 2675 3010 2992 3073; x_wconf 88' lang='lat' dir='ltr'><strong>transitum,</strong></span> <span class='ocrx_word' id='word_1_556' title='bbox 3026 3013 3142 3069; x_wconf 87' lang='lat' dir='ltr'><strong>sive</strong></span> <span class='ocrx_word' id='word_1_557' title='bbox 3164 3014 3459 3071; x_wconf 88' lang='lat' dir='ltr'><strong>decursum</strong></span> <span class='ocrx_word' id='word_1_558' title='bbox 3492 3017 3571 3072; x_wconf 88' lang='lat' dir='ltr'><strong>si-</strong></span> 
     </span>
    </p>
   </div>
   <div class='ocr_carea' id='block_1_75' title="bbox 1991 3094 3570 3173">
    <p class='ocr_par' dir='ltr' id='par_1_75' title="bbox 1991 3094 3570 3173">
     <span class='ocr_line' id='line_1_75' title="bbox 1991 3094 3570 3173; baseline 0.011 -26"><span class='ocrx_word' id='word_1_559' title='bbox 1991 3094 2103 3148; x_wconf 89' lang='lat' dir='ltr'><strong>mul</strong></span> <span class='ocrx_word' id='word_1_560' title='bbox 2134 3106 2319 3151; x_wconf 84' lang='lat' dir='ltr'><strong>autem</strong></span> <span class='ocrx_word' id='word_1_561' title='bbox 2349 3106 2406 3153; x_wconf 92' lang='lat' dir='ltr'><strong>et</strong></span> <span class='ocrx_word' id='word_1_562' title='bbox 2430 3111 2654 3168; x_wconf 89' lang='lat' dir='ltr'><strong>propter</strong></span> <span class='ocrx_word' id='word_1_563' title='bbox 2685 3100 2958 3171; x_wconf 88' lang='lat' dir='ltr'><strong>hyemem,</strong></span> <span class='ocrx_word' id='word_1_564' title='bbox 2985 3119 3150 3173; x_wconf 91' lang='lat' dir='ltr'><strong>quam</strong></span> <span class='ocrx_word' id='word_1_565' title='bbox 3190 3106 3359 3162; x_wconf 88' lang='lat' dir='ltr'><strong>habet</strong></span> <span class='ocrx_word' id='word_1_566' title='bbox 3385 3106 3570 3164; x_wconf 79' lang='lat' dir='ltr'><strong>diver-</strong></span> 
     </span>
    </p>
   </div>
   <div class='ocr_carea' id='block_1_76' title="bbox 1990 3187 3572 3261">
    <p class='ocr_par' dir='ltr' id='par_1_76' title="bbox 1990 3187 3572 3261">
     <span class='ocr_line' id='line_1_76' title="bbox 1990 3187 3572 3261; baseline 0.011 -25"><span class='ocrx_word' id='word_1_567' title='bbox 1990 3187 2609 3252; x_wconf 74' lang='lat' dir='ltr'><strong>sarum,tentationum,</strong></span> <span class='ocrx_word' id='word_1_568' title='bbox 2671 3200 2836 3261; x_wconf 88' lang='lat' dir='ltr'><strong>atque</strong></span> <span class='ocrx_word' id='word_1_569' title='bbox 2896 3193 3359 3259; x_wconf 90' lang='lat' dir='ltr'><strong>tribulationum.</strong></span> <span class='ocrx_word' id='word_1_570' title='bbox 3418 3209 3572 3254; x_wconf 87' lang='lat' dir='ltr'><strong>recte</strong></span> 
     </span>
    </p>
   </div>
   <div class='ocr_carea' id='block_1_77' title="bbox 1987 3276 3571 3360">
    <p class='ocr_par' dir='ltr' id='par_1_77' title="bbox 1987 3276 3571 3360">
     <span class='ocr_line' id='line_1_77' title="bbox 1987 3276 3571 3360; baseline 0.009 -31"><span class='ocrx_word' id='word_1_571' title='bbox 1987 3276 2327 3343; x_wconf 86' lang='lat' dir='ltr'><strong>nominatur,</strong></span> <span class='ocrx_word' id='word_1_572' title='bbox 2381 3280 2455 3335; x_wconf 89' lang='lat' dir='ltr'><strong>ita</strong></span> <span class='ocrx_word' id='word_1_573' title='bbox 2495 3291 2556 3336; x_wconf 93' lang='lat' dir='ltr'><strong>ut</strong></span> <span class='ocrx_word' id='word_1_574' title='bbox 2606 3282 2773 3337; x_wconf 85' lang='lat' dir='ltr'><strong>David</strong></span> <span class='ocrx_word' id='word_1_575' title='bbox 2815 3283 2883 3338; x_wconf 87' lang='lat' dir='ltr'><strong>de</strong></span> <span class='ocrx_word' id='word_1_576' title='bbox 2912 3284 3137 3341; x_wconf 86' lang='lat' dir='ltr'><strong>Christo</strong></span> <span class='ocrx_word' id='word_1_577' title='bbox 3183 3288 3411 3354; x_wconf 88' lang='lat' dir='ltr'><strong>diceret,</strong></span> <span class='ocrx_word' id='word_1_578' title='bbox 3441 3292 3571 3360; x_wconf 87' lang='lat' dir='ltr'><strong>quia</strong></span> 
     </span>
    </p>
   </div>
   <div class='ocr_carea' id='block_1_78' title="bbox 1987 3367 3572 3452">
    <p class='ocr_par' dir='ltr' id='par_1_78' title="bbox 1987 3367 3572 3452">
     <span class='ocr_line' id='line_1_78' title="bbox 1987 3367 3572 3452; baseline 0.012 -33"><span class='ocrx_word' id='word_1_579' title='bbox 1987 3376 2043 3420; x_wconf 91' lang='lat' dir='ltr'><strong>et</strong></span> <span class='ocrx_word' id='word_1_580' title='bbox 2097 3367 2213 3436; x_wconf 89' lang='lat' dir='ltr'><strong>ipse</strong></span> <span class='ocrx_word' id='word_1_581' title='bbox 2239 3370 2308 3425; x_wconf 91' lang='lat' dir='ltr'><strong>de</strong></span> <span class='ocrx_word' id='word_1_582' title='bbox 2338 3373 2544 3426; x_wconf 90' lang='lat' dir='ltr'><strong>mundo</strong></span> <span class='ocrx_word' id='word_1_583' title='bbox 2588 3381 2645 3427; x_wconf 88' lang='lat' dir='ltr'><strong>et</strong></span> <span class='ocrx_word' id='word_1_584' title='bbox 2672 3373 2794 3444; x_wconf 86' lang='lat' dir='ltr'><strong>ejus</strong></span> <span class='ocrx_word' id='word_1_585' title='bbox 2852 3376 3321 3447; x_wconf 88' lang='lat' dir='ltr'><strong>tribulationibus,</strong></span> <span class='ocrx_word' id='word_1_586' title='bbox 3378 3391 3572 3452; x_wconf 88' lang='lat' dir='ltr'><strong>utpote</strong></span> 
     </span>
    </p>
   </div>
   <div class='ocr_carea' id='block_1_79' title="bbox 1986 3460 3572 3537">
    <p class='ocr_par' dir='ltr' id='par_1_79' title="bbox 1986 3460 3572 3537">
     <span class='ocr_line' id='line_1_79' title="bbox 1986 3460 3572 3537; baseline 0.011 -24"><span class='ocrx_word' id='word_1_587' title='bbox 1986 3460 2181 3516; x_wconf 84' lang='lat' dir='ltr'><strong>similis</strong></span> <span class='ocrx_word' id='word_1_588' title='bbox 2205 3464 2363 3518; x_wconf 89' lang='lat' dir='ltr'><strong>nobis</strong></span> <span class='ocrx_word' id='word_1_589' title='bbox 2396 3464 2648 3531; x_wconf 69' lang='lat' dir='ltr'><strong>effectus,</strong></span> <span class='ocrx_word' id='word_1_590' title='bbox 2684 3469 2964 3537; x_wconf 82' lang='lat' dir='ltr'><strong>gustavit:</strong></span> <span class='ocrx_word' id='word_1_591' title='bbox 3004 3471 3080 3525; x_wconf 89' lang='lat' dir='ltr'><strong>De</strong></span> <span class='ocrx_word' id='word_1_592' title='bbox 3111 3482 3343 3528; x_wconf 83' lang='lat' dir='ltr'><strong>torrente</strong></span> <span class='ocrx_word' id='word_1_593' title='bbox 3384 3476 3439 3529; x_wconf 88' lang='lat' dir='ltr'><strong>in</strong></span> <span class='ocrx_word' id='word_1_594' title='bbox 3482 3477 3572 3531; x_wconf 78' lang='lat' dir='ltr'><strong>via</strong></span> 
     </span>
    </p>
   </div>
   <div class='ocr_carea' id='block_1_80' title="bbox 1984 3553 3570 3628">
    <p class='ocr_par' dir='ltr' id='par_1_80' title="bbox 1984 3553 3570 3628">
     <span class='ocr_line' id='line_1_80' title="bbox 1984 3553 3570 3628; baseline 0.01 -22"><span class='ocrx_word' id='word_1_595' title='bbox 1984 3553 2132 3619; x_wconf 83' lang='lat' dir='ltr'><strong>bibit,</strong></span> <span class='ocrx_word' id='word_1_596' title='bbox 2161 3565 2436 3624; x_wconf 86' lang='lat' dir='ltr'><strong>propterea</strong></span> <span class='ocrx_word' id='word_1_597' title='bbox 2472 3556 2728 3611; x_wconf 71' lang='lat' dir='ltr'><strong>exaltabit</strong></span> <span class='ocrx_word' id='word_1_598' title='bbox 2757 3568 2917 3628; x_wconf 80' lang='lat' dir='ltr'><strong>caput</strong></span> <span class='ocrx_word' id='word_1_599' title='bbox 2934 3560 2999 3615; x_wconf 76' lang='lat'><strong>”.</strong></span> <span class='ocrx_word' id='word_1_600' title='bbox 3035 3562 3306 3620; x_wconf 86' lang='lat' dir='ltr'><strong>Exaltavit</strong></span> <span class='ocrx_word' id='word_1_601' title='bbox 3332 3567 3479 3621; x_wconf 89' lang='lat' dir='ltr'><strong>enim</strong></span> <span class='ocrx_word' id='word_1_602' title='bbox 3514 3568 3570 3621; x_wconf 91' lang='lat' dir='ltr'><strong>in</strong></span> 
     </span>
    </p>
   </div>
   <div class='ocr_carea' id='block_1_81' title="bbox 1984 3647 3567 3725">
    <p class='ocr_par' dir='ltr' id='par_1_81' title="bbox 1984 3647 3567 3725">
     <span class='ocr_line' id='line_1_81' title="bbox 1984 3647 3567 3725; baseline 0.009 -27"><span class='ocrx_word' id='word_1_603' title='bbox 1984 3660 2148 3700; x_wconf 89' lang='lat' dir='ltr'><strong>cruce</strong></span> <span class='ocrx_word' id='word_1_604' title='bbox 2180 3647 2449 3715; x_wconf 90' lang='lat' dir='ltr'><strong>pendens.</strong></span> <span class='ocrx_word' id='word_1_605' title='bbox 2481 3647 2830 3720; x_wconf 83' lang='lat' dir='ltr'><strong>Cruciﬁgitur</strong></span> <span class='ocrx_word' id='word_1_606' title='bbox 2872 3662 3079 3718; x_wconf 91' lang='lat' dir='ltr'><strong>autem,</strong></span> <span class='ocrx_word' id='word_1_607' title='bbox 3114 3657 3241 3725; x_wconf 87' lang='lat' dir='ltr'><strong>quia</strong></span> <span class='ocrx_word' id='word_1_608' title='bbox 3273 3674 3340 3712; x_wconf 88' lang='lat' dir='ltr'><strong>ex</strong></span> <span class='ocrx_word' id='word_1_609' title='bbox 3378 3670 3567 3715; x_wconf 83' lang='lat' dir='ltr'><strong>nostro</strong></span> 
     </span>
    </p>
   </div>
   <div class='ocr_carea' id='block_1_82' title="bbox 1986 3739 3562 3823">
    <p class='ocr_par' dir='ltr' id='par_1_82' title="bbox 1986 3739 3562 3823">
     <span class='ocr_line' id='line_1_82' title="bbox 1986 3739 3562 3823; baseline 0.01 -32"><span class='ocrx_word' id='word_1_610' title='bbox 1986 3747 2229 3794; x_wconf 88' lang='lat' dir='ltr'><strong>torrente</strong></span> <span class='ocrx_word' id='word_1_611' title='bbox 2259 3739 2447 3794; x_wconf 87' lang='lat' dir='ltr'><strong>bibere</strong></span> <span class='ocrx_word' id='word_1_612' title='bbox 2501 3742 2671 3795; x_wconf 90' lang='lat' dir='ltr'><strong>semel</strong></span> <span class='ocrx_word' id='word_1_613' title='bbox 2716 3743 2900 3813; x_wconf 81' lang='lat' dir='ltr'><strong>elegit.</strong></span> <span class='ocrx_word' id='word_1_614' title='bbox 2958 3744 3062 3811; x_wconf 85' lang='lat' dir='ltr'><strong>Qui</strong></span> <span class='ocrx_word' id='word_1_615' title='bbox 3095 3763 3227 3819; x_wconf 87' lang='lat' dir='ltr'><strong>ergo</strong></span> <span class='ocrx_word' id='word_1_616' title='bbox 3270 3748 3386 3805; x_wconf 67' lang='lat' dir='ltr'><strong>haec</strong></span> <span class='ocrx_word' id='word_1_617' title='bbox 3431 3753 3562 3823; x_wconf 85' lang='lat' dir='ltr'><strong>agit,</strong></span> 
     </span>
    </p>
   </div>
   <div class='ocr_carea' id='block_1_83' title="bbox 1984 3833 3567 3915">
    <p class='ocr_par' dir='ltr' id='par_1_83' title="bbox 1984 3833 3567 3915">
     <span class='ocr_line' id='line_1_83' title="bbox 1984 3833 3567 3915; baseline 0.009 -30"><span class='ocrx_word' id='word_1_618' title='bbox 1984 3842 2190 3901; x_wconf 88' lang='lat' dir='ltr'><strong>septem</strong></span> <span class='ocrx_word' id='word_1_619' title='bbox 2241 3833 2435 3887; x_wconf 90' lang='lat' dir='ltr'><strong>diebus</strong></span> <span class='ocrx_word' id='word_1_620' title='bbox 2464 3840 2639 3888; x_wconf 91' lang='lat' dir='ltr'><strong>totum</strong></span> <span class='ocrx_word' id='word_1_621' title='bbox 2686 3834 2943 3894; x_wconf 90' lang='lat' dir='ltr'><strong>videlicet</strong></span> <span class='ocrx_word' id='word_1_622' title='bbox 2979 3848 3217 3911; x_wconf 87' lang='lat' dir='ltr'><strong>tempus,</strong></span> <span class='ocrx_word' id='word_1_623' title='bbox 3264 3843 3433 3899; x_wconf 70' lang='lat' dir='ltr'><strong>laetari</strong></span> <span class='ocrx_word' id='word_1_624' title='bbox 3464 3861 3567 3915; x_wconf 89' lang='lat' dir='ltr'><strong>po-</strong></span> 
     </span>
    </p>
   </div>
   <div class='ocr_carea' id='block_1_84' title="bbox 1986 3919 3570 4001">
    <p class='ocr_par' dir='ltr' id='par_1_84' title="bbox 1986 3919 3570 4001">
     <span class='ocr_line' id='line_1_84' title="bbox 1986 3919 3570 4001; baseline 0.011 -29"><span class='ocrx_word' id='word_1_625' title='bbox 1986 3928 2112 3975; x_wconf 85' lang='lat' dir='ltr'><strong>test.</strong></span> <span class='ocrx_word' id='word_1_626' title='bbox 2146 3919 2251 3975; x_wconf 90' lang='lat' dir='ltr'><strong>Sed</strong></span> <span class='ocrx_word' id='word_1_627' title='bbox 2297 3922 2465 3976; x_wconf 70' lang='lat' dir='ltr'><strong>laetari</strong></span> <span class='ocrx_word' id='word_1_628' title='bbox 2494 3931 2625 3978; x_wconf 90' lang='lat' dir='ltr'><strong>ante</strong></span> <span class='ocrx_word' id='word_1_629' title='bbox 2672 3924 2963 3982; x_wconf 90' lang='lat' dir='ltr'><strong>Dominum</strong></span> <span class='ocrx_word' id='word_1_630' title='bbox 3002 3939 3115 3984; x_wconf 89' lang='lat' dir='ltr'><strong>non</strong></span> <span class='ocrx_word' id='word_1_631' title='bbox 3164 3931 3481 4001; x_wconf 89' lang='lat' dir='ltr'><strong>impiorum,</strong></span> <span class='ocrx_word' id='word_1_632' title='bbox 3510 3944 3570 3990; x_wconf 93' lang='lat' dir='ltr'><strong>et</strong></span> 
     </span>
    </p>
   </div>
   <div class='ocr_carea' id='block_1_85' title="bbox 1984 4014 3565 4097">
    <p class='ocr_par' dir='ltr' id='par_1_85' title="bbox 1984 4014 3565 4097">
     <span class='ocr_line' id='line_1_85' title="bbox 1984 4014 3565 4097; baseline 0.009 -31"><span class='ocrx_word' id='word_1_633' title='bbox 1984 4021 2337 4082; x_wconf 89' lang='lat' dir='ltr'><strong>peccatorum</strong></span> <span class='ocrx_word' id='word_1_634' title='bbox 2372 4014 2588 4083; x_wconf 83' lang='lat' dir='ltr'><strong>gaudio.</strong></span> <span class='ocrx_word' id='word_1_635' title='bbox 2636 4016 2753 4070; x_wconf 83' lang='lat' dir='ltr'><strong>Non</strong></span> <span class='ocrx_word' id='word_1_636' title='bbox 2784 4026 2861 4072; x_wconf 91' lang='lat' dir='ltr'><strong>est</strong></span> <span class='ocrx_word' id='word_1_637' title='bbox 2890 4021 3080 4073; x_wconf 87' lang='lat' dir='ltr'><strong>etenim</strong></span> <span class='ocrx_word' id='word_1_638' title='bbox 3107 4024 3341 4093; x_wconf 85' lang='lat' dir='ltr'><strong>gaudere</strong></span> <span class='ocrx_word' id='word_1_639' title='bbox 3364 4026 3565 4097; x_wconf 85' lang='lat' dir='ltr'><strong>impiis,</strong></span> 
     </span>
    </p>
   </div>
   <div class='ocr_carea' id='block_1_86' title="bbox 1984 4102 3571 4184">
    <p class='ocr_par' dir='ltr' id='par_1_86' title="bbox 1984 4102 3571 4184">
     <span class='ocr_line' id='line_1_86' title="bbox 1984 4102 3571 4184; baseline 0.012 -30"><span class='ocrx_word' id='word_1_640' title='bbox 1984 4103 2109 4155; x_wconf 87' lang='lat' dir='ltr'><strong>dicit</strong></span> <span class='ocrx_word' id='word_1_641' title='bbox 2169 4102 2507 4171; x_wconf 80' lang='lat' dir='ltr'><strong>Dominus&quot;,</strong></span> <span class='ocrx_word' id='word_1_642' title='bbox 2562 4108 2767 4177; x_wconf 89' lang='lat' dir='ltr'><strong>quippe</strong></span> <span class='ocrx_word' id='word_1_643' title='bbox 2818 4110 2914 4179; x_wconf 93' lang='lat' dir='ltr'><strong>qui</strong></span> <span class='ocrx_word' id='word_1_644' title='bbox 2981 4112 3037 4167; x_wconf 91' lang='lat' dir='ltr'><strong>in</strong></span> <span class='ocrx_word' id='word_1_645' title='bbox 3083 4115 3482 4184; x_wconf 87' lang='lat' dir='ltr'><strong>voluptatibus,</strong></span> <span class='ocrx_word' id='word_1_646' title='bbox 3513 4129 3571 4174; x_wconf 90' lang='lat' dir='ltr'><strong>et</strong></span> 
     </span>
    </p>
   </div>
   <div class='ocr_carea' id='block_1_87' title="bbox 1983 4195 3569 4269">
    <p class='ocr_par' dir='ltr' id='par_1_87' title="bbox 1983 4195 3569 4269">
     <span class='ocr_line' id='line_1_87' title="bbox 1983 4195 3569 4269; baseline 0.011 -21"><span class='ocrx_word' id='word_1_647' title='bbox 1983 4195 2429 4264; x_wconf 88' lang='lat' dir='ltr'><strong>corruptionibus</strong></span> <span class='ocrx_word' id='word_1_648' title='bbox 2457 4197 2809 4255; x_wconf 82' lang='lat' dir='ltr'><strong>festivitatem</strong></span> <span class='ocrx_word' id='word_1_649' title='bbox 2842 4202 3070 4269; x_wconf 90' lang='lat' dir='ltr'><strong>habent,</strong></span> <span class='ocrx_word' id='word_1_650' title='bbox 3104 4207 3200 4260; x_wconf 91' lang='lat' dir='ltr'><strong>sed</strong></span> <span class='ocrx_word' id='word_1_651' title='bbox 3238 4207 3292 4261; x_wconf 89' lang='lat' dir='ltr'><strong>in</strong></span> <span class='ocrx_word' id='word_1_652' title='bbox 3329 4208 3569 4265; x_wconf 87' lang='lat' dir='ltr'><strong>Domino</strong></span> 
     </span>
    </p>
   </div>
   <div class='ocr_carea' id='block_1_88' title="bbox 1983 4286 3572 4357">
    <p class='ocr_par' dir='ltr' id='par_1_88' title="bbox 1983 4286 3572 4357">
     <span class='ocr_line' id='line_1_88' title="bbox 1983 4286 3572 4357; baseline 0.011 -18"><span class='ocrx_word' id='word_1_653' title='bbox 1983 4286 2261 4341; x_wconf 77' lang='lat' dir='ltr'><strong>laetamini.</strong></span> <span class='ocrx_word' id='word_1_654' title='bbox 2311 4288 2454 4353; x_wconf 79' lang='lat' dir='ltr'><strong>Quid</strong></span> <span class='ocrx_word' id='word_1_655' title='bbox 2511 4299 2697 4346; x_wconf 89' lang='lat' dir='ltr'><strong>autem</strong></span> <span class='ocrx_word' id='word_1_656' title='bbox 2750 4303 2836 4349; x_wconf 87' lang='lat' dir='ltr'><strong>est</strong></span> <span class='ocrx_word' id='word_1_657' title='bbox 2868 4309 3053 4353; x_wconf 90' lang='lat' dir='ltr'><strong>coram</strong></span> <span class='ocrx_word' id='word_1_658' title='bbox 3078 4296 3310 4354; x_wconf 90' lang='lat' dir='ltr'><strong>Domino</strong></span> <span class='ocrx_word' id='word_1_659' title='bbox 3351 4300 3572 4357; x_wconf 78' lang='lat' dir='ltr'><strong>laetari?</strong></span> 
     </span>
    </p>
   </div>
   <div class='ocr_carea' id='block_1_89' title="bbox 1984 4381 3572 4464">
    <p class='ocr_par' dir='ltr' id='par_1_89' title="bbox 1984 4381 3572 4464">
     <span class='ocr_line' id='line_1_89' title="bbox 1984 4381 3572 4464; baseline 0.011 -29"><span class='ocrx_word' id='word_1_660' title='bbox 1984 4381 2042 4436; x_wconf 89' lang='lat' dir='ltr'><strong>ld</strong></span> <span class='ocrx_word' id='word_1_661' title='bbox 2070 4392 2175 4447; x_wconf 89' lang='lat' dir='ltr'><strong>est,</strong></span> <span class='ocrx_word' id='word_1_662' title='bbox 2229 4383 2283 4436; x_wconf 92' lang='lat' dir='ltr'><strong>in</strong></span> <span class='ocrx_word' id='word_1_663' title='bbox 2329 4398 2396 4438; x_wconf 88' lang='lat' dir='ltr'><strong>eo</strong></span> <span class='ocrx_word' id='word_1_664' title='bbox 2431 4386 2678 4452; x_wconf 90' lang='lat' dir='ltr'><strong>credere,</strong></span> <span class='ocrx_word' id='word_1_665' title='bbox 2742 4398 2798 4442; x_wconf 90' lang='lat' dir='ltr'><strong>et</strong></span> <span class='ocrx_word' id='word_1_666' title='bbox 2841 4405 2941 4458; x_wconf 91' lang='lat' dir='ltr'><strong>pro</strong></span> <span class='ocrx_word' id='word_1_667' title='bbox 2972 4406 3038 4446; x_wconf 90' lang='lat' dir='ltr'><strong>eo</strong></span> <span class='ocrx_word' id='word_1_668' title='bbox 3091 4394 3224 4463; x_wconf 83' lang='lat' dir='ltr'><strong>pati.</strong></span> <span class='ocrx_word' id='word_1_669' title='bbox 3283 4394 3395 4451; x_wconf 92' lang='lat' dir='ltr'><strong>lloc</strong></span> <span class='ocrx_word' id='word_1_670' title='bbox 3421 4398 3572 4464; x_wconf 86' lang='lat' dir='ltr'><strong>enim</strong></span> 
     </span>
    </p>
   </div>
   <div class='ocr_carea' id='block_1_90' title="bbox 1982 4472 3572 4549">
    <p class='ocr_par' dir='ltr' id='par_1_90' title="bbox 1982 4472 3572 4549">
     <span class='ocr_line' id='line_1_90' title="bbox 1982 4472 3572 4549; baseline 0.011 -21"><span class='ocrx_word' id='word_1_671' title='bbox 1982 4472 2177 4531; x_wconf 83' lang='lat' dir='ltr'><strong>Petrus</strong></span> <span class='ocrx_word' id='word_1_672' title='bbox 2220 4476 2478 4547; x_wconf 77' lang='lat' dir='ltr'><strong>gaudium</strong></span> <span class='ocrx_word' id='word_1_673' title='bbox 2508 4493 2573 4532; x_wconf 89' lang='lat' dir='ltr'><strong>ex</strong></span> <span class='ocrx_word' id='word_1_674' title='bbox 2603 4495 2712 4549; x_wconf 94' lang='lat' dir='ltr'><strong>quo</strong></span> <span class='ocrx_word' id='word_1_675' title='bbox 2738 4490 2975 4547; x_wconf 89' lang='lat' dir='ltr'><strong>constet,</strong></span> <span class='ocrx_word' id='word_1_676' title='bbox 3026 4484 3388 4543; x_wconf 89' lang='lat' dir='ltr'><strong>demonstrat.</strong></span> <span class='ocrx_word' id='word_1_677' title='bbox 3420 4490 3572 4546; x_wconf 85' lang='lat' dir='ltr'><strong>Scri-</strong></span> 
     </span>
    </p>
   </div>
   <div class='ocr_carea' id='block_1_91' title="bbox 297 4567 3573 4655">
    <p class='ocr_par' dir='ltr' id='par_1_91' title="bbox 297 4567 3573 4655">
     <span class='ocr_line' id='line_1_91' title="bbox 297 4567 3573 4655; baseline 0.003 -30"><span class='ocrx_word' id='word_1_678' title='bbox 297 4574 627 4642; x_wconf 86' lang='lat' dir='ltr'><strong>palmarum,</strong></span> <span class='ocrx_word' id='word_1_679' title='bbox 664 4572 716 4626; x_wconf 93' lang='lat' dir='ltr'><strong>id</strong></span> <span class='ocrx_word' id='word_1_680' title='bbox 753 4582 840 4627; x_wconf 90' lang='lat' dir='ltr'><strong>est</strong></span> <span class='ocrx_word' id='word_1_681' title='bbox 870 4572 1285 4641; x_wconf 85' lang='lat' dir='ltr'><strong>juvenescentia</strong></span> <span class='ocrx_word' id='word_1_682' title='bbox 1310 4572 1541 4641; x_wconf 63' lang='lat' dir='ltr'><strong>iustitia</strong></span> <span class='ocrx_word' id='word_1_683' title='bbox 1562 4572 1876 4643; x_wconf 88' lang='lat' dir='ltr'><strong>genimina:</strong></span> <span class='ocrx_word' id='word_1_684' title='bbox 1913 4592 1957 4649; x_wconf 72' lang='grc' dir='ltr'>ι)</span> <span class='ocrx_word' id='word_1_685' title='bbox 1985 4567 2095 4638; x_wconf 87' lang='lat' dir='ltr'><strong>psit</strong></span> <span class='ocrx_word' id='word_1_686' title='bbox 2117 4584 2269 4639; x_wconf 91' lang='lat' dir='ltr'><strong>ergo.</strong></span> <span class='ocrx_word' id='word_1_687' title='bbox 2302 4568 2406 4623; x_wconf 86' lang='lat' dir='ltr'><strong>Per</strong></span> <span class='ocrx_word' id='word_1_688' title='bbox 2433 4570 2591 4639; x_wconf 80' lang='lat' dir='ltr'><strong>[idem</strong></span> <span class='ocrx_word' id='word_1_689' title='bbox 2641 4572 2713 4625; x_wconf 92' lang='lat' dir='ltr'><strong>ad</strong></span> <span class='ocrx_word' id='word_1_690' title='bbox 2761 4574 3008 4637; x_wconf 86' lang='lat' dir='ltr'><strong>salutem,</strong></span> <span class='ocrx_word' id='word_1_691' title='bbox 3052 4587 3303 4643; x_wconf 89' lang='lat' dir='ltr'><strong>paratum</strong></span> <span class='ocrx_word' id='word_1_692' title='bbox 3349 4582 3573 4655; x_wconf 81' lang='lat' dir='ltr'><strong>revelari</strong></span> 
     </span>
    </p>
   </div>
   <div class='ocr_carea' id='block_1_92' title="bbox 290 4663 1884 4735">
    <p class='ocr_par' dir='ltr' id='par_1_92' title="bbox 290 4663 1884 4735">
     <span class='ocr_line' id='line_1_92' title="bbox 290 4663 1884 4735; baseline 0.003 -17"><span class='ocrx_word' id='word_1_693' title='bbox 290 4663 479 4718; x_wconf 86' lang='lat' dir='ltr'><strong>Justus</strong></span> <span class='ocrx_word' id='word_1_694' title='bbox 504 4664 651 4718; x_wconf 84' lang='lat' dir='ltr'><strong>enim</strong></span> <span class='ocrx_word' id='word_1_695' title='bbox 678 4665 812 4719; x_wconf 87' lang='lat' dir='ltr'><strong>sicut</strong></span> <span class='ocrx_word' id='word_1_696' title='bbox 836 4664 1015 4735; x_wconf 85' lang='lat' dir='ltr'><strong>palma</strong></span> <span class='ocrx_word' id='word_1_697' title='bbox 1052 4664 1336 4734; x_wconf 75' lang='lat' dir='ltr'><strong>florebit&quot;,</strong></span> <span class='ocrx_word' id='word_1_698' title='bbox 1368 4664 1538 4720; x_wconf 85' lang='lat' dir='ltr'><strong>David</strong></span> <span class='ocrx_word' id='word_1_699' title='bbox 1578 4664 1732 4722; x_wconf 80' lang='lat' dir='ltr'><strong>dixit.</strong></span> <span class='ocrx_word' id='word_1_700' title='bbox 1775 4666 1884 4721; x_wconf 90' lang='lat' dir='ltr'><strong>Sed</strong></span> 
     </span>
    </p>
   </div>
   <div class='ocr_carea' id='block_1_93' title="bbox 290 4756 1885 4827">
    <p class='ocr_par' dir='ltr' id='par_1_93' title="bbox 290 4756 1885 4827">
     <span class='ocr_line' id='line_1_93' title="bbox 290 4756 1885 4827; baseline 0.002 -16"><span class='ocrx_word' id='word_1_701' title='bbox 290 4757 425 4827; x_wconf 89' lang='lat' dir='ltr'><strong>quia</strong></span> <span class='ocrx_word' id='word_1_702' title='bbox 451 4757 522 4811; x_wconf 91' lang='lat' dir='ltr'><strong>de</strong></span> <span class='ocrx_word' id='word_1_703' title='bbox 547 4756 726 4827; x_wconf 83' lang='lat' dir='ltr'><strong>palma</strong></span> <span class='ocrx_word' id='word_1_704' title='bbox 754 4756 893 4811; x_wconf 89' lang='lat' dir='ltr'><strong>nihil</strong></span> <span class='ocrx_word' id='word_1_705' title='bbox 924 4766 1028 4820; x_wconf 86' lang='lat' dir='ltr'><strong>est,</strong></span> <span class='ocrx_word' id='word_1_706' title='bbox 1072 4756 1535 4826; x_wconf 87' lang='lat' dir='ltr'><strong>quemadmodqu</strong></span> <span class='ocrx_word' id='word_1_707' title='bbox 1566 4772 1670 4812; x_wconf 90' lang='lat' dir='ltr'><strong>nec</strong></span> <span class='ocrx_word' id='word_1_708' title='bbox 1702 4757 1771 4813; x_wconf 89' lang='lat' dir='ltr'><strong>de</strong></span> <span class='ocrx_word' id='word_1_709' title='bbox 1803 4758 1885 4815; x_wconf 88' lang='lat' dir='ltr'><strong>eis</strong></span> 
     </span>
    </p>
   </div>
   <div class='ocr_carea' id='block_1_94' title="bbox 290 4849 1432 4920">
    <p class='ocr_par' dir='ltr' id='par_1_94' title="bbox 290 4849 1432 4920">
     <span class='ocr_line' id='line_1_94' title="bbox 290 4849 1432 4920; baseline 0 -17"><span class='ocrx_word' id='word_1_710' title='bbox 290 4849 392 4920; x_wconf 85' lang='lat' dir='ltr'><strong>qui</strong></span> <span class='ocrx_word' id='word_1_711' title='bbox 412 4849 562 4919; x_wconf 86' lang='lat' dir='ltr'><strong>juste</strong></span> <span class='ocrx_word' id='word_1_712' title='bbox 589 4849 803 4914; x_wconf 85' lang='lat' dir='ltr'><strong>vivunt,</strong></span> <span class='ocrx_word' id='word_1_713' title='bbox 840 4849 986 4919; x_wconf 90' lang='lat' dir='ltr'><strong>quod</strong></span> <span class='ocrx_word' id='word_1_714' title='bbox 1013 4850 1194 4919; x_wconf 89' lang='lat' dir='ltr'><strong>respui</strong></span> <span class='ocrx_word' id='word_1_715' title='bbox 1223 4849 1394 4918; x_wconf 86' lang='lat' dir='ltr'><strong>possit</strong></span> <span class='ocrx_word' id='word_1_716' title='bbox 1418 4865 1432 4903; x_wconf 89' lang='lat'><strong>:</strong></span> 
     </span>
    </p>
   </div>
   <div class='ocr_carea' id='block_1_95' title="bbox 366 4940 1887 5013">
    <p class='ocr_par' dir='ltr' id='par_1_95' title="bbox 366 4940 1887 5013">
     <span class='ocr_line' id='line_1_95' title="bbox 366 4940 1887 5013; baseline 0 -17"><span class='ocrx_word' id='word_1_717' title='bbox 366 4940 530 4996; x_wconf 88' lang='lat' dir='ltr'><strong>Sume</strong></span> <span class='ocrx_word' id='word_1_718' title='bbox 559 4951 608 4996; x_wconf 86' lang='lat' dir='ltr'><strong>et</strong></span> <span class='ocrx_word' id='word_1_719' title='bbox 664 4957 841 4996; x_wconf 86' lang='lat' dir='ltr'><strong>ramos</strong></span> <span class='ocrx_word' id='word_1_720' title='bbox 871 4941 999 5013; x_wconf 87' lang='lat' dir='ltr'><strong>ligni</strong></span> <span class='ocrx_word' id='word_1_721' title='bbox 1042 4942 1327 4998; x_wconf 85' lang='lat' dir='ltr'><strong>densarum</strong></span> <span class='ocrx_word' id='word_1_722' title='bbox 1365 4942 1653 5011; x_wconf 77' lang='lat' dir='ltr'><strong>frondium.</strong></span> <span class='ocrx_word' id='word_1_723' title='bbox 1682 4940 1887 4997; x_wconf 87' lang='lat' dir='ltr'><strong>Omnes</strong></span> 
     </span>
    </p>
   </div>
   <div class='ocr_carea' id='block_1_96' title="bbox 289 5032 1887 5102">
    <p class='ocr_par' dir='ltr' id='par_1_96' title="bbox 289 5032 1887 5102">
     <span class='ocr_line' id='line_1_96' title="bbox 289 5032 1887 5102; baseline 0.002 -16"><span class='ocrx_word' id='word_1_724' title='bbox 289 5032 519 5102; x_wconf 90' lang='lat' dir='ltr'><strong>quidem</strong></span> <span class='ocrx_word' id='word_1_725' title='bbox 569 5032 837 5089; x_wconf 83' lang='lat' dir='ltr'><strong>virtutum</strong></span> <span class='ocrx_word' id='word_1_726' title='bbox 874 5032 1108 5099; x_wconf 86' lang='lat' dir='ltr'><strong>fructus,</strong></span> <span class='ocrx_word' id='word_1_727' title='bbox 1150 5033 1387 5087; x_wconf 79' lang='lat' dir='ltr'><strong>maxime</strong></span> <span class='ocrx_word' id='word_1_728' title='bbox 1436 5042 1621 5091; x_wconf 87' lang='lat' dir='ltr'><strong>autem</strong></span> <span class='ocrx_word' id='word_1_729' title='bbox 1672 5034 1887 5090; x_wconf 85' lang='lat' dir='ltr'><strong>miseri-</strong></span> 
     </span>
    </p>
   </div>
   <div class='ocr_carea' id='block_1_97' title="bbox 292 5114 1883 5196">
    <p class='ocr_par' dir='ltr' id='par_1_97' title="bbox 292 5114 1883 5196">
     <span class='ocr_line' id='line_1_97' title="bbox 292 5114 1883 5196; baseline 0.002 -17"><span class='ocrx_word' id='word_1_730' title='bbox 292 5126 577 5181; x_wconf 87' lang='lat' dir='ltr'><strong>cordiam:</strong></span> <span class='ocrx_word' id='word_1_731' title='bbox 634 5134 855 5196; x_wconf 83' lang='lat' dir='ltr'><strong>oportet</strong></span> <span class='ocrx_word' id='word_1_732' title='bbox 902 5126 1052 5180; x_wconf 89' lang='lat' dir='ltr'><strong>enim</strong></span> <span class='ocrx_word' id='word_1_733' title='bbox 1101 5140 1223 5183; x_wconf 87' lang='lat' dir='ltr'><strong>eam</strong></span> <span class='ocrx_word' id='word_1_734' title='bbox 1278 5114 1402 5181; x_wconf 85' lang='lat' dir='ltr'><strong>esse</strong></span> <span class='ocrx_word' id='word_1_735' title='bbox 1454 5126 1795 5192; x_wconf 88' lang='lat' dir='ltr'><strong>continuam,</strong></span> <span class='ocrx_word' id='word_1_736' title='bbox 1828 5134 1883 5182; x_wconf 89' lang='lat' dir='ltr'><strong>et</strong></span> 
     </span>
    </p>
   </div>
   <div class='ocr_carea' id='block_1_98' title="bbox 289 5214 1878 5286">
    <p class='ocr_par' dir='ltr' id='par_1_98' title="bbox 289 5214 1878 5286">
     <span class='ocr_line' id='line_1_98' title="bbox 289 5214 1878 5286; baseline 0.001 -17"><span class='ocrx_word' id='word_1_737' title='bbox 289 5225 737 5286; x_wconf 75' lang='lat' dir='ltr'><strong>permanentem.</strong></span> <span class='ocrx_word' id='word_1_738' title='bbox 806 5215 963 5281; x_wconf 80' lang='lat' dir='ltr'><strong>Quod</strong></span> <span class='ocrx_word' id='word_1_739' title='bbox 1050 5214 1411 5270; x_wconf 81' lang='lat' dir='ltr'><strong>Ecclesiastes</strong></span> <span class='ocrx_word' id='word_1_740' title='bbox 1465 5216 1878 5271; x_wconf 88' lang='lat' dir='ltr'><strong>commendans.</strong></span> 
     </span>
    </p>
   </div>
   <div class='ocr_carea' id='block_1_99' title="bbox 291 5304 1877 5376">
    <p class='ocr_par' dir='ltr' id='par_1_99' title="bbox 291 5304 1877 5376">
     <span class='ocr_line' id='line_1_99' title="bbox 291 5304 1877 5376; baseline -0.001 -16"><span class='ocrx_word' id='word_1_741' title='bbox 291 5305 505 5370; x_wconf 85' lang='lat' dir='ltr'><strong>Oleum,</strong></span> <span class='ocrx_word' id='word_1_742' title='bbox 562 5306 760 5376; x_wconf 89' lang='lat' dir='ltr'><strong>inquit,</strong></span> <span class='ocrx_word' id='word_1_743' title='bbox 825 5306 888 5359; x_wconf 85' lang='lat' dir='ltr'><strong>de</strong></span> <span class='ocrx_word' id='word_1_744' title='bbox 916 5306 1089 5375; x_wconf 82' lang='lat' dir='ltr'><strong>capite</strong></span> <span class='ocrx_word' id='word_1_745' title='bbox 1139 5314 1227 5357; x_wconf 89' lang='lat' dir='ltr'><strong>tuo</strong></span> <span class='ocrx_word' id='word_1_746' title='bbox 1256 5321 1361 5359; x_wconf 82' lang='lat' dir='ltr'><strong>non</strong></span> <span class='ocrx_word' id='word_1_747' title='bbox 1389 5304 1602 5374; x_wconf 79' lang='lat' dir='ltr'><strong>deﬁciat</strong></span> <span class='ocrx_word' id='word_1_748' title='bbox 1627 5306 1692 5360; x_wconf 84' lang='grc'><strong>⁸⁸.</strong></span> <span class='ocrx_word' id='word_1_749' title='bbox 1724 5306 1793 5360; x_wconf 81' lang='lat' dir='ltr'><strong>Et</strong></span> <span class='ocrx_word' id='word_1_750' title='bbox 1823 5306 1877 5360; x_wconf 89' lang='lat' dir='ltr'><strong>in</strong></span> 
     </span>
    </p>
   </div>
   <div class='ocr_carea' id='block_1_100' title="bbox 292 5394 1881 5453">
    <p class='ocr_par' dir='ltr' id='par_1_100' title="bbox 292 5394 1881 5453">
     <span class='ocr_line' id='line_1_100' title="bbox 292 5394 1881 5453; baseline 0.001 -4"><span class='ocrx_word' id='word_1_751' title='bbox 292 5394 647 5453; x_wconf 82' lang='lat' dir='ltr'><strong>Proverbiis:</strong></span> <span class='ocrx_word' id='word_1_752' title='bbox 681 5397 805 5452; x_wconf 85' lang='lat' dir='ltr'><strong>Non</strong></span> <span class='ocrx_word' id='word_1_753' title='bbox 821 5398 968 5451; x_wconf 88' lang='lat' dir='ltr'><strong>dicas</strong></span> <span class='ocrx_word' id='word_1_754' title='bbox 988 5411 1007 5449; x_wconf 90' lang='lat'><strong>:</strong></span> <span class='ocrx_word' id='word_1_755' title='bbox 1036 5396 1171 5450; x_wconf 86' lang='lat' dir='ltr'><strong>Vade</strong></span> <span class='ocrx_word' id='word_1_756' title='bbox 1205 5405 1254 5450; x_wconf 94' lang='lat' dir='ltr'><strong>et</strong></span> <span class='ocrx_word' id='word_1_757' title='bbox 1295 5408 1551 5451; x_wconf 76' lang='lat' dir='ltr'><strong>revertere</strong></span> <span class='ocrx_word' id='word_1_758' title='bbox 1572 5406 1619 5451; x_wconf 90' lang='lat' dir='ltr'><strong>et</strong></span> <span class='ocrx_word' id='word_1_759' title='bbox 1648 5400 1881 5452; x_wconf 87' lang='lat' dir='ltr'><strong>crastino</strong></span> 
     </span>
    </p>
   </div>
   <div class='ocr_carea' id='block_1_101' title="bbox 293 5488 1362 5557">
    <p class='ocr_par' dir='ltr' id='par_1_101' title="bbox 293 5488 1362 5557">
     <span class='ocr_line' id='line_1_101' title="bbox 293 5488 1362 5557; baseline 0 -14"><span class='ocrx_word' id='word_1_760' title='bbox 293 5490 433 5544; x_wconf 90' lang='lat' dir='ltr'><strong>dabo</strong></span> <span class='ocrx_word' id='word_1_761' title='bbox 458 5489 575 5553; x_wconf 85' lang='lat' dir='ltr'><strong>tibi,</strong></span> <span class='ocrx_word' id='word_1_762' title='bbox 609 5505 729 5543; x_wconf 85' lang='lat' dir='ltr'><strong>cum</strong></span> <span class='ocrx_word' id='word_1_763' title='bbox 752 5490 935 5543; x_wconf 88' lang='lat' dir='ltr'><strong>statim</strong></span> <span class='ocrx_word' id='word_1_764' title='bbox 960 5488 1129 5557; x_wconf 89' lang='lat' dir='ltr'><strong>possis</strong></span> <span class='ocrx_word' id='word_1_765' title='bbox 1150 5488 1280 5542; x_wconf 88' lang='lat' dir='ltr'><strong>dare</strong></span> <span class='ocrx_word' id='word_1_766' title='bbox 1295 5488 1362 5543; x_wconf 78' lang='lat'><strong>&quot;.</strong></span> 
     </span>
    </p>
   </div>
   <div class='ocr_carea' id='block_1_102' title="bbox 403 5618 1427 5712">
    <p class='ocr_par' dir='ltr' id='par_1_102' title="bbox 403 5618 1427 5712">
     <span class='ocr_line' id='line_1_102' title="bbox 403 5618 1427 5712; baseline 0 -15"><span class='ocrx_word' id='word_1_767' title='bbox 403 5644 446 5678; x_wconf 79' lang='grc'><strong>⁷⁷</strong></span> <span class='ocrx_word' id='word_1_768' title='bbox 482 5643 625 5702; x_wconf 79' lang='lat' dir='ltr'><strong>Psal.</strong></span> <span class='ocrx_word' id='word_1_769' title='bbox 662 5662 701 5712; x_wconf 87' lang='grc' dir='ltr'><strong>ι,</strong></span> <span class='ocrx_word' id='word_1_770' title='bbox 733 5645 788 5698; x_wconf 78' lang='lat'><strong>3.</strong></span> <span class='ocrx_word' id='word_1_771' title='bbox 901 5643 947 5676; x_wconf 83' lang='lat'><strong>&quot;</strong></span> <span class='ocrx_word' id='word_1_772' title='bbox 976 5618 1304 5699; x_wconf 76' lang='lat' dir='ltr'><strong>Exod.xxnt</strong></span> <span class='ocrx_word' id='word_1_773' title='bbox 1326 5685 1340 5709; x_wconf 89' lang='lat'><strong>,</strong></span> <span class='ocrx_word' id='word_1_774' title='bbox 1374 5644 1427 5698; x_wconf 81' lang='lat'><strong>‘5.</strong></span> 
     </span>
    </p>
   </div>
   <div class='ocr_carea' id='block_1_103' title="bbox 1992 4660 3573 4734">
    <p class='ocr_par' dir='ltr' id='par_1_103' title="bbox 1992 4660 3573 4734">
     <span class='ocr_line' id='line_1_103' title="bbox 1992 4660 3573 4734; baseline 0.008 -22"><span class='ocrx_word' id='word_1_775' title='bbox 1992 4660 2046 4712; x_wconf 91' lang='lat' dir='ltr'><strong>in</strong></span> <span class='ocrx_word' id='word_1_776' title='bbox 2068 4670 2301 4728; x_wconf 88' lang='lat' dir='ltr'><strong>tempore</strong></span> <span class='ocrx_word' id='word_1_777' title='bbox 2345 4662 2624 4715; x_wconf 78' lang='lat' dir='ltr'><strong>novissimo</strong></span> <span class='ocrx_word' id='word_1_778' title='bbox 2676 4664 2732 4716; x_wconf 88' lang='lat' dir='ltr'><strong>in</strong></span> <span class='ocrx_word' id='word_1_779' title='bbox 2788 4681 2890 4734; x_wconf 89' lang='lat' dir='ltr'><strong>quo</strong></span> <span class='ocrx_word' id='word_1_780' title='bbox 2920 4666 3246 4733; x_wconf 76' lang='lat' dir='ltr'><strong>exsultabis,</strong></span> <span class='ocrx_word' id='word_1_781' title='bbox 3308 4672 3573 4726; x_wconf 86' lang='lat' dir='ltr'><strong>modicum</strong></span> 
     </span>
    </p>
   </div>
   <div class='ocr_carea' id='block_1_104' title="bbox 1995 4752 3576 4821">
    <p class='ocr_par' dir='ltr' id='par_1_104' title="bbox 1995 4752 3576 4821">
     <span class='ocr_line' id='line_1_104' title="bbox 1995 4752 3576 4821; baseline 0.008 -16"><span class='ocrx_word' id='word_1_782' title='bbox 1995 4767 2132 4805; x_wconf 81' lang='lat' dir='ltr'><strong>nunc</strong></span> <span class='ocrx_word' id='word_1_783' title='bbox 2166 4752 2213 4805; x_wconf 90' lang='lat' dir='ltr'><strong>si</strong></span> <span class='ocrx_word' id='word_1_784' title='bbox 2243 4761 2448 4821; x_wconf 82' lang='lat' dir='ltr'><strong>oportet</strong></span> <span class='ocrx_word' id='word_1_785' title='bbox 2492 4755 2803 4808; x_wconf 79' lang='lat' dir='ltr'><strong>contristari</strong></span> <span class='ocrx_word' id='word_1_786' title='bbox 2839 4756 2894 4809; x_wconf 84' lang='lat' dir='ltr'><strong>in</strong></span> <span class='ocrx_word' id='word_1_787' title='bbox 2916 4759 3083 4811; x_wconf 86' lang='lat' dir='ltr'><strong>variis</strong></span> <span class='ocrx_word' id='word_1_788' title='bbox 3114 4761 3576 4820; x_wconf 76' lang='lat' dir='ltr'><strong>tentationibus”.</strong></span> 
     </span>
    </p>
   </div>
   <div class='ocr_carea' id='block_1_105' title="bbox 1994 4843 3573 4925">
    <p class='ocr_par' dir='ltr' id='par_1_105' title="bbox 1994 4843 3573 4925">
     <span class='ocr_line' id='line_1_105' title="bbox 1994 4843 3573 4925; baseline 0.009 -29"><span class='ocrx_word' id='word_1_789' title='bbox 1994 4843 2085 4897; x_wconf 85' lang='lat' dir='ltr'><strong>Sic</strong></span> <span class='ocrx_word' id='word_1_790' title='bbox 2138 4844 2566 4900; x_wconf 88' lang='lat' dir='ltr'><strong>novissimorum</strong></span> <span class='ocrx_word' id='word_1_791' title='bbox 2600 4856 2911 4917; x_wconf 88' lang='lat' dir='ltr'><strong>temporum</strong></span> <span class='ocrx_word' id='word_1_792' title='bbox 2958 4849 3185 4921; x_wconf 90' lang='lat' dir='ltr'><strong>ﬁguram</strong></span> <span class='ocrx_word' id='word_1_793' title='bbox 3216 4852 3359 4923; x_wconf 83' lang='lat' dir='ltr'><strong>gerit</strong></span> <span class='ocrx_word' id='word_1_794' title='bbox 3394 4856 3573 4925; x_wconf 86' lang='lat' dir='ltr'><strong>septi-</strong></span> 
     </span>
    </p>
   </div>
   <div class='ocr_carea' id='block_1_106' title="bbox 1995 4937 3573 5016">
    <p class='ocr_par' dir='ltr' id='par_1_106' title="bbox 1995 4937 3573 5016">
     <span class='ocr_line' id='line_1_106' title="bbox 1995 4937 3573 5016; baseline 0.007 -26"><span class='ocrx_word' id='word_1_795' title='bbox 1995 4950 2121 4991; x_wconf 91' lang='lat' dir='ltr'><strong>mus</strong></span> <span class='ocrx_word' id='word_1_796' title='bbox 2152 4937 2379 4992; x_wconf 88' lang='lat' dir='ltr'><strong>mensis.</strong></span> <span class='ocrx_word' id='word_1_797' title='bbox 2418 4937 2709 4994; x_wconf 86' lang='lat' dir='ltr'><strong>Festivitas</strong></span> <span class='ocrx_word' id='word_1_798' title='bbox 2738 4950 2793 4995; x_wconf 91' lang='lat' dir='ltr'><strong>et</strong></span> <span class='ocrx_word' id='word_1_799' title='bbox 2821 4942 3079 5011; x_wconf 88' lang='lat' dir='ltr'><strong>gaudium</strong></span> <span class='ocrx_word' id='word_1_800' title='bbox 3105 4958 3205 5013; x_wconf 90' lang='lat' dir='ltr'><strong>per</strong></span> <span class='ocrx_word' id='word_1_801' title='bbox 3234 4944 3418 5009; x_wconf 88' lang='lat' dir='ltr'><strong>ﬁdem,</strong></span> <span class='ocrx_word' id='word_1_802' title='bbox 3449 4963 3573 5016; x_wconf 71' lang='lat' dir='ltr'><strong>quas</strong></span> 
     </span>
    </p>
   </div>
   <div class='ocr_carea' id='block_1_107' title="bbox 1992 5028 3574 5109">
    <p class='ocr_par' dir='ltr' id='par_1_107' title="bbox 1992 5028 3574 5109">
     <span class='ocr_line' id='line_1_107' title="bbox 1992 5028 3574 5109; baseline 0.006 -26"><span class='ocrx_word' id='word_1_803' title='bbox 1992 5037 2078 5083; x_wconf 88' lang='lat' dir='ltr'><strong>est</strong></span> <span class='ocrx_word' id='word_1_804' title='bbox 2123 5028 2179 5081; x_wconf 91' lang='lat' dir='ltr'><strong>in</strong></span> <span class='ocrx_word' id='word_1_805' title='bbox 2209 5029 2453 5095; x_wconf 82' lang='lat' dir='ltr'><strong>Christo,</strong></span> <span class='ocrx_word' id='word_1_806' title='bbox 2482 5039 2537 5086; x_wconf 91' lang='lat' dir='ltr'><strong>et</strong></span> <span class='ocrx_word' id='word_1_807' title='bbox 2568 5046 2669 5101; x_wconf 90' lang='lat' dir='ltr'><strong>pro</strong></span> <span class='ocrx_word' id='word_1_808' title='bbox 2716 5033 3067 5103; x_wconf 86' lang='lat' dir='ltr'><strong>passionibus</strong></span> <span class='ocrx_word' id='word_1_809' title='bbox 3119 5036 3260 5105; x_wconf 87' lang='lat' dir='ltr'><strong>ejus.</strong></span> <span class='ocrx_word' id='word_1_810' title='bbox 3300 5036 3407 5093; x_wconf 90' lang='lat' dir='ltr'><strong>Sed</strong></span> <span class='ocrx_word' id='word_1_811' title='bbox 3437 5055 3574 5109; x_wconf 89' lang='lat' dir='ltr'><strong>quo-</strong></span> 
     </span>
    </p>
   </div>
   <div class='ocr_carea' id='block_1_108' title="bbox 1991 5122 3573 5189">
    <p class='ocr_par' dir='ltr' id='par_1_108' title="bbox 1991 5122 3573 5189">
     <span class='ocr_line' id='line_1_108' title="bbox 1991 5122 3573 5189; baseline 0.008 -13"><span class='ocrx_word' id='word_1_812' title='bbox 1991 5122 2156 5177; x_wconf 91' lang='lat' dir='ltr'><strong>modo</strong></span> <span class='ocrx_word' id='word_1_813' title='bbox 2189 5122 2331 5178; x_wconf 90' lang='lat' dir='ltr'><strong>hanc</strong></span> <span class='ocrx_word' id='word_1_814' title='bbox 2363 5122 2716 5178; x_wconf 87' lang='lat' dir='ltr'><strong>festivitatem</strong></span> <span class='ocrx_word' id='word_1_815' title='bbox 2741 5139 3127 5183; x_wconf 86' lang='lat' dir='ltr'><strong>consummare</strong></span> <span class='ocrx_word' id='word_1_816' title='bbox 3160 5139 3217 5183; x_wconf 88' lang='lat' dir='ltr'><strong>et</strong></span> <span class='ocrx_word' id='word_1_817' title='bbox 3243 5130 3573 5189; x_wconf 83' lang='lat' dir='ltr'><strong>concludere</strong></span> 
     </span>
    </p>
   </div>
   <div class='ocr_carea' id='block_1_109' title="bbox 1984 5213 3367 5290">
    <p class='ocr_par' dir='ltr' id='par_1_109' title="bbox 1984 5213 3367 5290">
     <span class='ocr_line' id='line_1_109' title="bbox 1984 5213 3367 5290; baseline 0.006 -21"><span class='ocrx_word' id='word_1_818' title='bbox 1984 5213 2313 5279; x_wconf 87' lang='lat' dir='ltr'><strong>debeamus,</strong></span> <span class='ocrx_word' id='word_1_819' title='bbox 2342 5215 2642 5271; x_wconf 88' lang='lat' dir='ltr'><strong>ostendunt</strong></span> <span class='ocrx_word' id='word_1_820' title='bbox 2674 5217 2788 5272; x_wconf 69' lang='lat' dir='ltr'><strong>haec</strong></span> <span class='ocrx_word' id='word_1_821' title='bbox 2822 5217 3149 5290; x_wconf 85' lang='lat' dir='ltr'><strong>legislatoris</strong></span> <span class='ocrx_word' id='word_1_822' title='bbox 3179 5223 3367 5277; x_wconf 80' lang='lat' dir='ltr'><strong>verba.</strong></span> 
     </span>
    </p>
   </div>
   <div class='ocr_carea' id='block_1_110' title="bbox 2055 5305 3574 5382">
    <p class='ocr_par' dir='ltr' id='par_1_110' title="bbox 2055 5305 3574 5382">
     <span class='ocr_line' id='line_1_110' title="bbox 2055 5305 3574 5382; baseline 0.003 -18"><span class='ocrx_word' id='word_1_823' title='bbox 2055 5305 2514 5379; x_wconf 86' lang='lat' dir='ltr'><strong>Celebrabitisque</strong></span> <span class='ocrx_word' id='word_1_824' title='bbox 2539 5309 2877 5380; x_wconf 81' lang='lat' dir='ltr'><strong>festivitatem</strong></span> <span class='ocrx_word' id='word_1_825' title='bbox 2909 5310 3025 5380; x_wconf 84' lang='lat' dir='ltr'><strong>ejus</strong></span> <span class='ocrx_word' id='word_1_826' title='bbox 3051 5321 3248 5381; x_wconf 88' lang='lat' dir='ltr'><strong>septem</strong></span> <span class='ocrx_word' id='word_1_827' title='bbox 3276 5313 3454 5368; x_wconf 88' lang='lat' dir='ltr'><strong>diebus</strong></span> <span class='ocrx_word' id='word_1_828' title='bbox 3481 5330 3574 5382; x_wconf 88' lang='lat' dir='ltr'><strong>per</strong></span> 
     </span>
    </p>
   </div>
   <div class='ocr_carea' id='block_1_111' title="bbox 1982 5398 3573 5474">
    <p class='ocr_par' dir='ltr' id='par_1_111' title="bbox 1982 5398 3573 5474">
     <span class='ocr_line' id='line_1_111' title="bbox 1982 5398 3573 5474; baseline 0.004 -21"><span class='ocrx_word' id='word_1_829' title='bbox 1982 5398 2529 5472; x_wconf 86' lang='lat' dir='ltr'><strong>annum.Legitimum</strong></span> <span class='ocrx_word' id='word_1_830' title='bbox 2552 5403 2926 5469; x_wconf 86' lang='lat' dir='ltr'><strong>sempiternum</strong></span> <span class='ocrx_word' id='word_1_831' title='bbox 2954 5403 3053 5457; x_wconf 90' lang='lat' dir='ltr'><strong>erit</strong></span> <span class='ocrx_word' id='word_1_832' title='bbox 3078 5404 3133 5458; x_wconf 88' lang='lat' dir='ltr'><strong>in</strong></span> <span class='ocrx_word' id='word_1_833' title='bbox 3155 5406 3573 5474; x_wconf 85' lang='lat' dir='ltr'><strong>generationibus</strong></span> 
     </span>
    </p>
   </div>
   <div class='ocr_carea' id='block_1_112' title="bbox 1982 5491 3572 5564">
    <p class='ocr_par' dir='ltr' id='par_1_112' title="bbox 1982 5491 3572 5564">
     <span class='ocr_line' id='line_1_112' title="bbox 1982 5491 3572 5564; baseline 0.004 -18"><span class='ocrx_word' id='word_1_834' title='bbox 1982 5494 2185 5549; x_wconf 84' lang='lat' dir='ltr'><strong>vestris.</strong></span> <span class='ocrx_word' id='word_1_835' title='bbox 2220 5491 2403 5548; x_wconf 83' lang='lat' dir='ltr'><strong>Mense</strong></span> <span class='ocrx_word' id='word_1_836' title='bbox 2426 5494 2647 5563; x_wconf 84' lang='lat' dir='ltr'><strong>septimo</strong></span> <span class='ocrx_word' id='word_1_837' title='bbox 2688 5495 2823 5564; x_wconf 80' lang='lat' dir='ltr'><strong>festa</strong></span> <span class='ocrx_word' id='word_1_838' title='bbox 2853 5495 3202 5563; x_wconf 85' lang='lat' dir='ltr'><strong>celebrabitis,</strong></span> <span class='ocrx_word' id='word_1_839' title='bbox 3231 5509 3279 5552; x_wconf 91' lang='lat' dir='ltr'><strong>et</strong></span> <span class='ocrx_word' id='word_1_840' title='bbox 3304 5500 3572 5553; x_wconf 84' lang='lat' dir='ltr'><strong>habitabi-</strong></span> 
     </span>
    </p>
   </div>
   <div class='ocr_carea' id='block_1_113' title="bbox 1540 5627 1885 5720">
    <p class='ocr_par' dir='ltr' id='par_1_113' title="bbox 1540 5644 1885 5720">
     <span class='ocr_line' id='line_1_113' title="bbox 1540 5644 1885 5720; baseline 0.012 -23"><span class='ocrx_word' id='word_1_841' title='bbox 1540 5645 1631 5720; x_wconf 83' lang='lat' dir='ltr'><strong>&quot;’_l</strong></span> <span class='ocrx_word' id='word_1_842' title='bbox 1662 5644 1787 5720; x_wconf 80' lang='lat' dir='ltr'><strong>Cor.</strong></span> <span class='ocrx_word' id='word_1_843' title='bbox 1810 5663 1885 5701; x_wconf 83' lang='lat' dir='ltr'><strong>vn</strong></span> 
     </span>
    </p>
   </div>
   <div class='ocr_carea' id='block_1_114' title="bbox 1986 5627 3567 5720">
    <p class='ocr_par' dir='ltr' id='par_1_114' title="bbox 1986 5627 3567 5720">
     <span class='ocr_line' id='line_1_114' title="bbox 1986 5627 3567 5720; baseline 0.004 -20"><span class='ocrx_word' id='word_1_844' title='bbox 1986 5649 2028 5720; x_wconf 54' lang='grc' dir='ltr'><strong>7ἶ</strong></span> <span class='ocrx_word' id='word_1_845' title='bbox 2095 5649 2151 5720; x_wconf 31' lang='grc' dir='ltr'><strong>,δυ</strong></span> <span class='ocrx_word' id='word_1_846' title='bbox 2182 5646 2329 5720; x_wconf 78' lang='lat' dir='ltr'><strong>Eccl.</strong></span> <span class='ocrx_word' id='word_1_847' title='bbox 2358 5665 2441 5710; x_wconf 83' lang='lat' dir='ltr'><strong>tu.</strong></span> <span class='ocrx_word' id='word_1_848' title='bbox 2473 5648 2495 5702; x_wconf 77' lang='grc' dir='ltr'><strong>Ι</strong></span> <span class='ocrx_word' id='word_1_849' title='bbox 2535 5665 2653 5718; x_wconf 85' lang='lat' dir='ltr'><strong>seq.</strong></span> <span class='ocrx_word' id='word_1_850' title='bbox 2726 5650 2771 5683; x_wconf 78' lang='grc'>⁸⁸</span> <span class='ocrx_word' id='word_1_851' title='bbox 2804 5651 2820 5704; x_wconf 96' lang='lat' dir='ltr'><strong>l</strong></span> <span class='ocrx_word' id='word_1_852' title='bbox 2848 5649 2981 5720; x_wconf 78' lang='lat' dir='ltr'><strong>Reg.</strong></span> <span class='ocrx_word' id='word_1_853' title='bbox 3018 5668 3106 5717; x_wconf 87' lang='lat' dir='ltr'><strong>xv,</strong></span> <span class='ocrx_word' id='word_1_854' title='bbox 3134 5627 3207 5707; x_wconf 64' lang='lat'><strong>8.</strong></span> <span class='ocrx_word' id='word_1_855' title='bbox 3259 5652 3303 5682; x_wconf 81' lang='lat'><strong>&quot;</strong></span> <span class='ocrx_word' id='word_1_856' title='bbox 3334 5650 3475 5706; x_wconf 79' lang='lat' dir='ltr'><strong>Joel.</strong></span> <span class='ocrx_word' id='word_1_857' title='bbox 3509 5670 3567 5717; x_wconf 83' lang='grc' dir='ltr'><strong>ιι,</strong></span> 
     </span>
    </p>
   </div>
   <div class='ocr_carea' id='block_1_115' title="bbox 294 5714 1937 5781">
    <p class='ocr_par' dir='ltr' id='par_1_115' title="bbox 294 5714 1937 5781">
     <span class='ocr_line' id='line_1_115' title="bbox 294 5714 1937 5781; baseline 0.002 -13"><span class='ocrx_word' id='word_1_858' title='bbox 294 5714 389 5769; x_wconf 68' lang='lat'><strong>22.</strong></span> <span class='ocrx_word' id='word_1_859' title='bbox 460 5716 506 5747; x_wconf 81' lang='grc'><strong>⁸³</strong></span> <span class='ocrx_word' id='word_1_860' title='bbox 530 5717 690 5770; x_wconf 85' lang='lat' dir='ltr'><strong>Cant.</strong></span> <span class='ocrx_word' id='word_1_861' title='bbox 715 5732 779 5780; x_wconf 88' lang='lat' dir='ltr'><strong>tt,</strong></span> <span class='ocrx_word' id='word_1_862' title='bbox 816 5716 871 5771; x_wconf 80' lang='lat'><strong>5.</strong></span> <span class='ocrx_word' id='word_1_863' title='bbox 944 5715 1063 5746; x_wconf 73' lang='lat'><strong>“&#39;&quot;</strong></span> <span class='ocrx_word' id='word_1_864' title='bbox 1096 5714 1263 5779; x_wconf 85' lang='lat' dir='ltr'><strong>lCor,</strong></span> <span class='ocrx_word' id='word_1_865' title='bbox 1289 5731 1400 5777; x_wconf 74' lang='lat' dir='ltr'><strong>xiv,</strong></span> <span class='ocrx_word' id='word_1_866' title='bbox 1424 5715 1512 5770; x_wconf 69' lang='grc'><strong>40.</strong></span> <span class='ocrx_word' id='word_1_867' title='bbox 1590 5718 1637 5748; x_wconf 76' lang='grc'><strong>⁸⁸</strong></span> <span class='ocrx_word' id='word_1_868' title='bbox 1674 5716 1775 5770; x_wconf 89' lang='lat' dir='ltr'><strong>lsa.</strong></span> <span class='ocrx_word' id='word_1_869' title='bbox 1811 5734 1861 5781; x_wconf 76' lang='grc' dir='ltr'>χ,</span> <span class='ocrx_word' id='word_1_870' title='bbox 1890 5719 1937 5771; x_wconf 84' lang='grc'><strong>1.</strong></span> 
     </span>
    </p>
   </div>
   <div class='ocr_carea' id='block_1_116' title="bbox 2014 5718 3567 5787">
    <p class='ocr_par' dir='ltr' id='par_1_116' title="bbox 2014 5718 3567 5787">
     <span class='ocr_line' id='line_1_116' title="bbox 2014 5718 3567 5787; baseline 0.003 -15"><span class='ocrx_word' id='word_1_871' title='bbox 2014 5719 2059 5751; x_wconf 83' lang='grc'><strong>⁸⁷</strong></span> <span class='ocrx_word' id='word_1_872' title='bbox 2092 5718 2235 5773; x_wconf 82' lang='lat' dir='ltr'><strong>Psal.</strong></span> <span class='ocrx_word' id='word_1_873' title='bbox 2272 5735 2379 5784; x_wconf 78' lang='lat' dir='ltr'><strong>xei,</strong></span> <span class='ocrx_word' id='word_1_874' title='bbox 2418 5720 2504 5775; x_wconf 80' lang='grc'><strong>15,</strong></span> <span class='ocrx_word' id='word_1_875' title='bbox 2581 5721 2628 5753; x_wconf 78' lang='grc'><strong>⁸⁸</strong></span> <span class='ocrx_word' id='word_1_876' title='bbox 2651 5720 2797 5775; x_wconf 86' lang='lat' dir='ltr'><strong>Eccl.</strong></span> <span class='ocrx_word' id='word_1_877' title='bbox 2838 5736 2915 5783; x_wconf 84' lang='lat' dir='ltr'><strong>Ix.</strong></span> <span class='ocrx_word' id='word_1_878' title='bbox 2940 5718 3000 5775; x_wconf 72' lang='grc' dir='ltr'><strong>Β.</strong></span> <span class='ocrx_word' id='word_1_879' title='bbox 3100 5723 3146 5755; x_wconf 79' lang='grc'><strong><em>⁸⁸</em></strong></span> <span class='ocrx_word' id='word_1_880' title='bbox 3181 5722 3340 5779; x_wconf 81' lang='lat' dir='ltr'><strong>Prov.</strong></span> <span class='ocrx_word' id='word_1_881' title='bbox 3368 5738 3451 5787; x_wconf 84' lang='grc' dir='ltr'>ιιι,</span> <span class='ocrx_word' id='word_1_882' title='bbox 3479 5726 3567 5777; x_wconf 69' lang='grc'><strong>28.</strong></span> 
     </span>
    </p>
   </div>
   <div class='ocr_carea' id='block_1_117' title="bbox 297 5784 1885 5863">
    <p class='ocr_par' dir='ltr' id='par_1_117' title="bbox 297 5784 1885 5863">
     <span class='ocr_line' id='line_1_117' title="bbox 297 5784 1885 5863; baseline 0.003 -22"><span class='ocrx_word' id='word_1_883' title='bbox 297 5788 345 5863; x_wconf 59' lang='lat' dir='ltr'>ff</span> <span class='ocrx_word' id='word_1_884' title='bbox 370 5784 491 5863; x_wconf 61' lang='grc' dir='ltr'><strong>[καὶ.</strong></span> <span class='ocrx_word' id='word_1_885' title='bbox 526 5787 715 5863; x_wconf 53' lang='lat' dir='ltr'><strong>un},</strong></span> <span class='ocrx_word' id='word_1_886' title='bbox 739 5788 803 5863; x_wconf 49' lang='grc' dir='ltr'>ξι</span> <span class='ocrx_word' id='word_1_887' title='bbox 826 5854 843 5863; x_wconf 89' lang='lat'><em>_</em></span> <span class='ocrx_word' id='word_1_888' title='bbox 867 5785 909 5819; x_wconf 83' lang='lat'><strong>&quot;</strong></span> <span class='ocrx_word' id='word_1_889' title='bbox 934 5784 1028 5839; x_wconf 85' lang='lat' dir='ltr'><strong>Ps.</strong></span> <span class='ocrx_word' id='word_1_890' title='bbox 1058 5786 1479 5863; x_wconf 36' lang='grc' dir='ltr'><strong>εκᾼιιινιηξιῖζ-</strong></span> <span class='ocrx_word' id='word_1_891' title='bbox 1516 5788 1561 5819; x_wconf 75' lang='grc'>⁸³</span> <span class='ocrx_word' id='word_1_892' title='bbox 1590 5787 1713 5863; x_wconf 75' lang='lat' dir='ltr'><strong>lsai.</strong></span> <span class='ocrx_word' id='word_1_893' title='bbox 1746 5804 1835 5854; x_wconf 80' lang='lat' dir='ltr'><strong>xv,</strong></span> <span class='ocrx_word' id='word_1_894' title='bbox 1864 5791 1885 5846; x_wconf 77' lang='grc'><strong><em>4</em></strong></span> 
     </span>
    </p>
   </div>
   <div class='ocr_carea' id='block_1_118' title="bbox 1986 5784 3580 5863">
    <p class='ocr_par' dir='ltr' id='par_1_118' title="bbox 2030 5784 3580 5863">
     <span class='ocr_line' id='line_1_118' title="bbox 2030 5784 3580 5863; baseline 0.004 -19"><span class='ocrx_word' id='word_1_895' title='bbox 2030 5789 2079 5822; x_wconf 77' lang='grc'><strong><em>⁸³</em></strong></span> <span class='ocrx_word' id='word_1_896' title='bbox 2110 5793 2129 5844; x_wconf 90' lang='lat' dir='ltr'><strong>l</strong></span> <span class='ocrx_word' id='word_1_897' title='bbox 2159 5792 2288 5848; x_wconf 88' lang='lat' dir='ltr'><strong>Cor.</strong></span> <span class='ocrx_word' id='word_1_898' title='bbox 2322 5808 2416 5857; x_wconf 86' lang='lat' dir='ltr'><strong>vn,</strong></span> <span class='ocrx_word' id='word_1_899' title='bbox 2440 5790 2493 5845; x_wconf 83' lang='lat'><strong>5.</strong></span> <span class='ocrx_word' id='word_1_900' title='bbox 2568 5792 2613 5823; x_wconf 79' lang='lat'><strong>“</strong></span> <span class='ocrx_word' id='word_1_901' title='bbox 2643 5791 2660 5845; x_wconf 90' lang='lat' dir='ltr'><strong>l</strong></span> <span class='ocrx_word' id='word_1_902' title='bbox 2694 5792 2836 5848; x_wconf 79' lang='lat' dir='ltr'><strong>Tim.</strong></span> <span class='ocrx_word' id='word_1_903' title='bbox 2872 5808 2933 5859; x_wconf 88' lang='grc' dir='ltr'><strong>ιι,</strong></span> <span class='ocrx_word' id='word_1_904' title='bbox 2960 5792 3013 5849; x_wconf 90' lang='grc'><strong>9.</strong></span> <span class='ocrx_word' id='word_1_905' title='bbox 3090 5794 3136 5826; x_wconf 78' lang='grc'><strong><em>³⁵</em></strong></span> <span class='ocrx_word' id='word_1_906' title='bbox 3158 5793 3324 5849; x_wconf 84' lang='lat' dir='ltr'><strong>Hebr.</strong></span> <span class='ocrx_word' id='word_1_907' title='bbox 3364 5784 3483 5863; x_wconf 69' lang='lat' dir='ltr'><strong>xui,</strong></span> <span class='ocrx_word' id='word_1_908' title='bbox 3514 5795 3580 5851; x_wconf 65' lang='lat' dir='ltr'><strong>l.‘</strong></span> 
     </span>
    </p>
   </div>
   <div class='ocr_carea' id='block_1_119' title="bbox 295 5854 1717 5924">
    <p class='ocr_par' dir='ltr' id='par_1_119' title="bbox 295 5854 1717 5924">
     <span class='ocr_line' id='line_1_119' title="bbox 295 5854 1717 5924; baseline 0 -13"><span class='ocrx_word' id='word_1_909' title='bbox 295 5856 344 5890; x_wconf 84' lang='lat'><strong>&quot;</strong></span> <span class='ocrx_word' id='word_1_910' title='bbox 368 5854 459 5911; x_wconf 80' lang='lat' dir='ltr'><strong>Ps.</strong></span> <span class='ocrx_word' id='word_1_911' title='bbox 485 5872 594 5924; x_wconf 77' lang='lat' dir='ltr'><strong>etx,</strong></span> <span class='ocrx_word' id='word_1_912' title='bbox 626 5854 705 5911; x_wconf 81' lang='lat'><strong>7.</strong></span> <span class='ocrx_word' id='word_1_913' title='bbox 759 5855 803 5888; x_wconf 83' lang='lat'><strong>&quot;</strong></span> <span class='ocrx_word' id='word_1_914' title='bbox 826 5854 932 5911; x_wconf 87' lang='lat' dir='ltr'><strong>lsa.</strong></span> <span class='ocrx_word' id='word_1_915' title='bbox 961 5872 1089 5920; x_wconf 82' lang='lat' dir='ltr'><strong>Lvn,</strong></span> <span class='ocrx_word' id='word_1_916' title='bbox 1112 5854 1203 5909; x_wconf 70' lang='lat' dir='ltr'><strong>2L</strong></span> <span class='ocrx_word' id='word_1_917' title='bbox 1279 5857 1326 5887; x_wconf 73' lang='lat'><strong>9&quot;</strong></span> <span class='ocrx_word' id='word_1_918' title='bbox 1355 5854 1376 5910; x_wconf 94' lang='lat' dir='ltr'><strong>l</strong></span> <span class='ocrx_word' id='word_1_919' title='bbox 1416 5856 1558 5911; x_wconf 88' lang='lat' dir='ltr'><strong>Petr.</strong></span> <span class='ocrx_word' id='word_1_920' title='bbox 1592 5874 1630 5924; x_wconf 86' lang='grc' dir='ltr'><strong>ι,</strong></span> <span class='ocrx_word' id='word_1_921' title='bbox 1663 5859 1717 5912; x_wconf 84' lang='grc'><strong>6.</strong></span> 
     </span>
    </p>
   </div>
   <div class='ocr_carea' id='block_1_120' title="bbox 582 5950 1266 6015">
    <p class='ocr_par' dir='ltr' id='par_1_120' title="bbox 582 5950 1266 6015">
     <span class='ocr_line' id='line_1_120' title="bbox 582 5950 1266 6015; baseline -0.001 0"><span class='ocrx_word' id='word_1_922' title='bbox 582 5954 860 6015; x_wconf 71' lang='lat' dir='ltr'><strong>Pareat.</strong></span> <span class='ocrx_word' id='word_1_923' title='bbox 899 5952 1017 6013; x_wconf 76' lang='lat' dir='ltr'><strong>Cn.</strong></span> <span class='ocrx_word' id='word_1_924' title='bbox 1050 5950 1266 6014; x_wconf 75' lang='lat' dir='ltr'><strong>XCIII.</strong></span> 
     </span>
    </p>
   </div>
   <div class='ocr_carea' id='block_1_121' title="bbox 3172 5956 3248 6018">
    <p class='ocr_par' dir='ltr' id='par_1_121' title="bbox 3172 5956 3248 6018">
     <span class='ocr_line' id='line_1_121' title="bbox 3172 5956 3248 6018; baseline 0 0"><span class='ocrx_word' id='word_1_925' title='bbox 3172 5956 3248 6018; x_wconf 83' lang='lat'><strong>35</strong></span> 
     </span>
    </p>
   </div>
  </div>
