3928 6414
532 409 667 474 10⁸³9

1732 408 2096 469 llESYCllII
2144 406 2621 472 PRESBYTERI

3656 408 3762 472 tim

531 534 595 584 tis
620 531 676 581 in
712 524 1033 580 umbraculis
1060 526 1246 579 vestris
1266 535 1463 595 septem
1487 526 1685 589 diebus.
1720 526 1790 580 Ut
1821 536 1936 582 toto
1974 542 2116 598 prae-
2145 533 2188 588 A
2223 529 2403 583 omnis
2458 529 2551 598 qui
2606 543 2672 582 ex
2722 541 2925 599 genere
2986 525 3153 580 Israel
3208 533 3319 587 est,
3368 522 3481 576 sive
3513 530 3766 582 secundum

540 619 689 675 senti
721 619 940 683 saeculo,
969 617 1428 688 quemadmodum
1480 618 1838 675 tabernaculo
1867 629 2110 684 utamur,

530 713 611 767 sic
639 712 786 766 enim
816 726 943 766 eum
975 710 1235 766 Ezechias
1276 710 1596 780 appellavit,
1633 711 1864 769 dicens:
1910 711 2113 778 Quievit

530 802 802 871 generatio
836 817 976 863 mea,
1025 800 1213 854 ablata
1269 809 1320 853 et
1373 799 1650 853 convoluta
1674 809 1749 855 est
1773 818 1806 854 a
1836 819 1937 865 me.
1961 804 2115 872 quasi

531 895 933 952 tabernaculum
961 893 1314 965 pastorum".
1365 892 1489 946 Non
1521 907 1651 964 ergo
1696 894 1989 948 transitum
2026 895 2113 948 vel

531 991 822 1045 decursum
877 988 996 1057 ejus
1029 987 1371 1056 ignoramus,
1430 984 1649 1039 divitias
1696 993 2112 1056 congregantes,

529 1085 619 1138 vel
664 1083 857 1138 domos
908 1094 1131 1151 magnas
1190 1078 1568 1133 mdiﬁcantes:
1629 1079 1726 1133 sed
1760 1079 2117 1148 quemadmo-

530 1179 661 1234 dum
708 1175 909 1231 Paulus
959 1174 1077 1228 ait:
1121 1172 1486 1235 Intendamus,
1534 1173 1661 1243 quia
1710 1181 1915 1241 tempus
1966 1173 2117 1226 breve

529 1280 625 1335 est,
681 1277 739 1323 ut
789 1276 1016 1322 ementes
1055 1267 1189 1319 sicut
1221 1282 1326 1319 non
1375 1275 1602 1319 ementes
1644 1265 1832 1327 simus,
1872 1273 1920 1318 et
1948 1266 2116 1333 possi-

529 1365 731 1427 dentes,
768 1370 1022 1431 tanquam
1064 1375 1169 1413 non
1205 1359 1550 1428 possidentes,
1581 1368 1628 1412 et
1663 1367 1866 1411 utentes
1922 1359 2116 1411 mundo

530 1458 644 1519 hoc,
692 1463 749 1508 ut
780 1470 884 1507 non
933 1462 1155 1507 utentes.
1194 1450 1440 1506 Praeterit
1491 1452 1630 1504 enim
1696 1451 1867 1521 ﬁgura
1934 1452 2119 1505 mundi

530 1550 689 1612 huius
709 1548 749 1601 ¹.

599 1641 781 1695 Omnis
805 1641 895 1710 qui
934 1656 997 1693 ea:
1033 1654 1218 1710 genere
1251 1646 1326 1691 est
1355 1635 1550 1702 Israel,
1589 1638 1819 1691 manebit
1854 1639 1907 1691 in
1939 1638 2117 1690 taber-

531 1732 756 1795 naculis,
788 1740 841 1783 ut
871 1731 1073 1803 discant
1106 1728 1298 1797 posteri
1335 1727 1513 1791 vestri,
1550 1729 1686 1796 quod
1708 1727 1763 1778 in
1801 1725 2122 1780 tabernacu-

532 1822 598 1876 lis
622 1822 862 1875 habitare
888 1820 1099 1890 fecerim
1150 1818 1287 1883 ﬁlios
1318 1816 1506 1883 Israel,
1557 1833 1675 1870 cum
1714 1819 1990 1871 eduxerim
2031 1834 2118 1870 eos

532 1915 597 1968 de
641 1923 783 1967 terra
820 1911 1059 1981 /Egypti.
1107 1910 1220 1981 Ego
1263 1908 1519 1963 Dominus
1562 1909 1703 1963 Deus
1732 1919 1917 1964 vester.
1952 1910 2117 1967 Vides
2155 1893 2195 1947 Β

531 2006 658 2075 quia
690 2005 874 2077 ﬁgurae
900 2005 985 2059 hae
1014 2004 1214 2074 populo
1243 2002 1577 2067 Judazorum,
1611 2012 1667 2057 et
1694 2003 1962 2073 imagines
1994 2019 2113 2058 ma-

529 2094 712 2166 jorum
766 2094 1152 2166 mysteriorum
1177 2093 1318 2149 datae
1347 2102 1512 2147 sunt:
1546 2104 1603 2148 et
1629 2103 1918 2164 propterea
1956 2094 2118 2149 habi-

535 2198 655 2243 tare
688 2188 743 2241 in
777 2185 1169 2250 tabernaculis,
1226 2194 1283 2240 et
1323 2185 1803 2240 tabernaculorum
1848 2185 2119 2241 festivita-

536 2290 649 2336 tem
674 2280 952 2335 celehrare
998 2278 1137 2348 jussi
1181 2286 1332 2341 sunt,
1390 2287 1452 2333 ut
1503 2294 1613 2333 non
1668 2278 2122 2334 obliviscerentur

534 2374 877 2430 liberationis
925 2371 1228 2445 Egyptize:
1278 2373 1375 2429 sed
1413 2373 1522 2428 hoc
1556 2372 1779 2443 quidem
1813 2374 2120 2428 secundum

534 2466 793 2528 litteram,
845 2463 1165 2534 spiritaliter
1191 2474 1374 2519 autem
1408 2473 1467 2518 ut
1503 2464 1920 2519 reminiscamur
1947 2506 1962 2529 ,
1992 2464 2120 2534 quia

534 2556 603 2611 de
656 2556 983 2627 intelligibili
1026 2555 1259 2627 ngypto
1307 2555 1527 2610 liberati
1586 2571 1795 2620 sumus,
1847 2556 1899 2610 id
1934 2565 2019 2611 est
2057 2557 2125 2611 ab

534 2648 892 2720 intelligibilis
909 2649 1212 2705 Pharaonis
1242 2649 1526 2713 servitute,
1560 2664 1682 2719 quae
1706 2658 1791 2704 est
1821 2651 2120 2704 secundum

535 2740 947 2810 corruptionem
1011 2740 1247 2795 laterum
1302 2742 1587 2811 praesentis
1640 2741 1848 2807 saeculi,
1913 2757 2020 2811 qua
2073 2742 2119 2796 si

534 2834 660 2902 quis
724 2834 882 2902 plene
927 2847 1115 2887 carere
1163 2832 1301 2897 vult,
1335 2833 1391 2887 in
1440 2834 1812 2887 tabernaculis
1866 2832 2119 2899 habitet,

536 2923 708 2979 Deum
743 2938 903 2980 suum
950 2924 1169 2978 imitans
1208 2924 1522 2979 dicentem:
1563 2924 1748 2994 Vulpes
1780 2926 1956 2994 foveas
2021 2926 2123 2978 ha-

537 3018 675 3083 bent,
727 3027 778 3072 et
805 3018 1040 3072 volucres
1083 3018 1197 3071 ωειὶ
1229 3018 1453 3072 nidum:
1488 3017 1662 3072 bilius
1704 3028 1880 3071 autem
1903 3019 2126 3073 hominis

531 3126 642 3165 non
673 3111 825 3165 habet
859 3110 945 3164 ubi
978 3119 1136 3179 caput
1162 3127 1317 3165 suum
1352 3111 1629 3167 reclinet’.
1664 3110 1911 3166 Manebit
1937 3119 2123 3165 autem

1630 3462 1989 3549 LIBER

1098 3830 1339 3888 CAPUT
1371 3830 1562 3886 XXIV.

608 3920 777 3980 Vens.
813 3925 927 3979 ‘l-L.
956 3944 984 3977 ·‹
1012 3924 1081 3980 Et
1108 3926 1327 3980 locutus
1361 3932 1447 3977 est
1476 3922 1742 3976 Dominus
1776 3921 1843 3977 ad
1888 3921 2128 3993 Moysen,

538 4020 757 4075 dicens:
784 4018 1019 4089 Ρωθοίρο
1068 4019 1195 4074 ﬁliis
1254 4017 1438 4080 Israel,
1475 4024 1533 4070 ut
1558 4014 1793 4069 oﬂ‘erant
1825 4014 1923 4070 tibi
1950 4016 2130 4068 oleum

539 4118 607 4171 tle
635 4114 794 4170 olivis
824 4115 1177 4184 purissimum
1212 4128 1275 4166 ac
1320 4110 1584 4174 lucidum,
1621 4108 1688 4162 ad
1711 4107 2128 4162 concinnandas

538 4209 791 4263 lucernas
850 4207 1052 4278 iugiter
1090 4214 1243 4261 extra
1279 4203 1459 4258 velum
1497 4200 1821 4266 testimonii,
1854 4200 1911 4253 in
1946 4200 2131 4254 taber—

538 4299 797 4355 naculum
859 4297 1101 4352 l‘oederis.
1160 4296 1440 4365 Ponetque
1501 4308 1596 4347 eas
1650 4292 1835 4347 Aaron
1895 4305 2130 4359 vespere

539 4408 714 4463 usque
743 4392 798 4446 in
836 4408 994 4445 mane
1035 4405 1218 4444 coram
1258 4388 1490 4442 Domino
1529 4386 1703 4451 cultu,
1733 4387 1955 4455 rituque
2000 4400 2126 4453 per-

538 4494 708 4553 petuo
747 4484 800 4537 in
844 4480 1291 4553 generationibus
1323 4477 1544 4533 vestris.
1582 4475 1761 4547 Super
1796 4475 2128 4531 candelabro

539 4574 903 4631 mundissimo
958 4582 1237 4643 ponentur
1287 4587 1507 4641 semper
1566 4570 1622 4624 in
1676 4577 1974 4640 conspectu
2022 4567 2127 4620 Do-

536 4667 691 4722 mini.
728 4684 746 4716 ι

607 4757 772 4812 Plena
824 4764 881 4809 et
928 4769 1077 4808 nunc
1114 4753 1275 4809 bonis
1312 4752 1653 4817 multivaria,
1701 4762 1757 4808 et
1806 4753 2126 4807 multimoda

535 4850 619 4903 lex
667 4848 914 4918 spiritus,
949 4862 1051 4900 nec
1095 4847 1241 4901 enim
1296 4847 1584 4914 exquirere
1628 4860 1692 4899 ea
1738 4862 1860 4915 quae
1900 4856 2030 4899 sunt
2059 4847 2126 4900 ad

533 4939 933 4994 correctionem
988 4938 1322 5007 placentium
1369 4940 1482 4993 Deo
1531 4946 1588 4991 et
1633 4952 1756 5006 qua:
1799 4946 2121 5007 perpetuam

534 5031 704 5085 vitam
750 5030 912 5085 nobis
961 5030 1319 5099 conquirant,
1359 5039 1559 5085 cessat.
1605 5029 1776 5099 Cujus
1821 5045 1951 5100 ergo
1990 5030 2123 5101 ﬁgu-

533 5136 653 5176 ram
696 5122 820 5185 hoc,
855 5121 999 5190 quod
1031 5135 1181 5174 nunc
1212 5121 1519 5191 expositum
1556 5130 1642 5175 est
1673 5138 1701 5175 a
1737 5122 1875 5192 lege,
1913 5124 2118 5178 cande—

533 5214 771 5277 labrum,
811 5224 868 5268 et
910 5213 1187 5278 lucernae,
1237 5220 1295 5266 et
1341 5214 1521 5268 oleum
1574 5223 1788 5283 gerant,
1837 5230 1901 5268 ex
1940 5216 2123 5271 verbis
2155 5191 2200 5246 Ῐ)

530 5304 665 5375 ipsis
690 5303 880 5375 legens
906 5302 1119 5357 discere
1150 5309 1350 5372 potest,
1381 5303 1515 5357 illud
1540 5302 1715 5370 Pauli,
1748 5308 1891 5373 quod
1916 5305 1983 5359 ad
2015 5306 2124 5360 He-

530 5400 709 5454 braeos
738 5396 984 5466 scripsit,
1010 5395 1080 5450 ad
1108 5395 1430 5449 memoriam
1459 5396 1615 5465 prius
1656 5412 1921 5451 revocans
1956 5416 1968 5452 :
2006 5402 2119 5452 Ha-

529 5492 639 5546 buit
679 5491 890 5563 quidem
930 5498 978 5543 et
1017 5489 1164 5557 prius
1194 5487 1603 5557 justiﬁcationes
1635 5489 1879 5555 culturae,
1916 5500 1964 5545 et
1995 5508 2120 5545 san-

529 5601 670 5638 ctum
700 5583 979 5639 swculare.
1021 5580 1439 5634 Tabernaculum
1479 5582 1618 5634 enim
1662 5586 1861 5652 factum
1897 5593 1971 5637 est
2004 5586 2118 5652 pri-

599 5784 644 5815 "
667 5781 772 5837 lsa.
799 5799 1028 5845 xxxviii,
1062 5784 1148 5838 l9...
1242 5783 1259 5813 ⁸
1304 5784 1320 5837 Ι
1347 5782 1472 5838 Cor.
1509 5801 1605 5846 vn,
1635 5784 1825 5842 29-51.

532 5867 613 5925 ιλ.¹
646 5850 696 5919 ἱ,
731 5856 782 5908 2.
873 5858 892 5885 ⁵
918 5857 1082 5909 llclir.
1110 5854 1245 5919 ,x,l.
1345 5857 1365 5885 ⁸
1401 5856 1529 5911 Luc.
1564 5874 1681 5922 \‘m,
1723 5858 1802 5912 lli.

1939 5792 1975 5863 ξ-
2000 5788 2189 5843 Matth.
2221 5809 2338 5852 ειη.
2363 5794 2467 5859 2|;
2502 5794 2636 5851 Luc.
2671 5813 2744 5863 tx,
2783 5794 2871 5852 58.

1886 5861 1903 5889 ⁷
1930 5858 2122 5915 Matth.
2147 5877 2271 5928 xxv,
2300 5865 2324 5917 «ι
2350 5881 2503 5936 seqq.

2224 618 2386 674 LXX.
2434 621 2707 690 indigena,
2740 619 2793 675 id
2826 626 2913 674 est
2946 632 3077 673 vere
3123 615 3354 681 nobilis,
3393 630 3550 668 verus
3574 614 3769 673 Israelita

2220 712 2456 768 Abrahae
2508 714 2707 777 haeres,
2755 713 2849 782 qui
2903 711 3135 782 patriam
3188 718 3248 765 et
3287 723 3481 781 genus,
3519 717 3571 763 et
3606 711 3771 766 domus

2222 813 2483 872 paternas
2539 803 2779 874 reliquit,
2835 812 2892 859 et
2942 804 2997 857 in
3035 788 3410 858 mbizrnaculis
3437 801 3772 863 cumlsaacet
3864 862 3865 873 χ

2221 900 2413 967 Jacob,
2490 900 2876 983 cobmrediby
2942 898 3339 970 promissionis
3398 897 3618 952 habitat.
3668 898 3776 964 Qui:

2222 1003 2405 1048 autem
2457 1010 2569 1049 non
2604 1004 2819 1064 septem
2865 1002 3079 1047 tantum
3127 992 3333 1046 diebus
3380 990 3617 1043 habitare
3642 989 3689 1043 in
3713 1001 3776 1043 ta-

2222 1087 2539 1142 bernaculis
2592 1103 2783 1142 verum
2840 1086 3145 1140 lsraelitam
3206 1082 3496 1153 legislator
3530 1082 3654 1144 vult,
3699 1085 3771 1136 sed
3864 1082 3865 1137 l

2220 1197 2317 1249 per
2366 1180 2514 1234 hunc
2562 1194 2852 1233 numerum
2906 1193 3127 1231 onmem
3162 1176 3341 1230 vitam
3399 1174 3774 1244 signiﬁcat,ftlii

2223 1272 2327 1325 hoc
2354 1271 2621 1336 Jonadab,
2658 1272 2749 1325 lilii
2787 1271 3032 1330 Rechab.
3059 1279 3114 1325 et
3147 1285 3213 1323 ea
3248 1283 3376 1339 qua:
3409 1267 3477 1323 de
3504 1268 3581 1323 eis
3608 1269 3769 1339 scripta

2221 1376 2350 1420 sunt
2406 1382 2504 1435 per
2564 1364 2817 1420 Jeremiae
2873 1364 3248 1432 prophetiam,
3312 1361 3537 1415 docent.
3602 1360 3774 1415 Habent

2196 1459 2515 1514 enimsic:
2571 1458 2638 1512 Et
2690 1457 3010 1511 obedivimus
3056 1455 3169 1509 voci
3212 1453 3468 1508 Ionadab
3492 1452 3586 1520 ﬁlii
3610 1451 3773 1507 Rechab

2222 1552 2391 1620 patris
2436 1551 2624 1611 nostri,
2669 1551 2725 1603 in
2776 1549 3017 1603 omnibus
3042 1564 3159 1618 qua:
3176 1546 3432 1617 prmeepit
3459 1546 3615 1608 nobis,
3645 1547 3709 1597 ita
3734 1556 3774 1598 ut

2224 1639 2642 1698 non'biberemus
2692 1642 2893 1703 vinum,
2926 1642 3125 1695 cunctis
3173 1638 3367 1693 diebus
3418 1624 3623 1701 nostris,
3648 1653 3721 1691 nos
3740 1644 3775 1690 et

2224 1735 2468 1788 mulieres
2518 1744 2731 1799 nostrre,
2806 1744 2853 1787 et
2904 1750 3007 1786 non
3081 1732 3478 1800 wdiﬁcaremus
3525 1730 3684 1783 domos
3727 1732 3776 1783 ad

2223 1826 2592 1884 habitandum.
2615 1835 2664 1879 et
2709 1827 2937 1888 vineam,
2972 1833 3021 1878 et
3051 1840 3268 1894 agrum,
3314 1832 3363 1877 et
3394 1831 3657 1877 sementem
3700 1839 3775 1874 non

2225 1919 2526 1982 habuimus,
2577 1922 2664 1972 sed
2709 1919 3063 1972 habitavimus
3104 1919 3159 1970 in
3208 1914 3588 1979 tabernaculis,
3615 1923 3656 1965 et
3680 1913 3771 1966 obs.

2225 2013 2429 2064 dientes
2449 2011 2667 2081 fecimus
2697 2010 2859 2079 juxta
2906 2010 3084 2062 omnia
3121 2024 3243 2078 qum
3285 2006 3535 2077 pra-cepit
3578 2005 3773 2058 Jonadab

2225 2115 2379 2174 pater
2419 2112 2592 2156 noster
2608 2102 2648 2157 ³.
2689 2102 2781 2156 Sic
2821 2115 3119 2171 supernam
3163 2100 3436 2169 quietem,
3482 2104 3535 2152 et
3576 2113 3671 2151 non
3719 2097 3775 2149 di-
3864 2097 3865 2163 ξ

2225 2196 2507 2267 spertitam
2568 2194 2758 2259 vitam,
2811 2204 2867 2249 et
2920 2194 3042 2248 sine
3092 2193 3279 2264 aliqua
3339 2191 3620 2246 vexatione
3670 2190 3770 2259 justi

2229 2288 2584 2348 studuerunt,
2647 2285 2743 2355 qui
2799 2291 3104 2355 potuerunt
3159 2280 3472 2351 intelligere
3524 2278 3772 2348 spiritalem

2229 2378 2468 2433 fructum
2500 2385 2758 2446 tanquam
2804 2377 3023 2431 botrum
3056 2376 3202 2429 inter
3232 2373 3365 2429 folia
3395 2371 3630 2426 caelatum
3657 2368 3773 2422 litte-

2233 2486 2333 2526 rae.
2366 2470 2478 2527 Has
2510 2470 2638 2525 ﬁliis
2670 2470 2835 2524 Israel
2874 2468 3209 2531 festivitates
3240 2466 3453 2537 Moyses
3481 2465 3672 2519 loeutus
3693 2470 3769 2525 est,

2233 2562 2288 2616 in
2341 2563 2545 2632 quibus
2602 2576 2704 2617 nos
2757 2562 3029 2623 laetemur,
3068 2560 3210 2615 festa
3238 2559 3579 2614 celebrantes
3610 2555 3655 2608 in
3684 2553 3770 2622 lege

2228 2654 2345 2717 Dei,
2378 2663 2434 2709 et
2459 2656 2592 2724 ’quaa
2628 2656 2699 2709 ab
2730 2669 2796 2709 eo
2827 2654 3081 2709 ordinata
3115 2660 3271 2714 sunt,
3312 2649 3605 2705 secundum
3626 2646 3766 2699 inten-

2227 2749 2432 2802 tionem
2467 2747 2588 2816 ejus
2610 2757 2853 2817 ageutes,
2889 2755 2945 2801 et
2972 2762 3074 2817 pro
3102 2746 3338 2800 materia
3372 2757 3492 2813 quae
3519 2748 3662 2794 vexat
3687 2738 3761 2790 ho-

2226 2842 2457 2903 minem,
2488 2850 2702 2910 partem
2729 2839 2931 2895 bonam
2965 2840 3258 2909 eligamus,
3284 2838 3597 2891 charitatem
3620 2830 3763 2891 Patn's,

2234 2935 2462 3006 gratiam
2496 2933 2642 2997 Filii,
2676 2933 2990 2987 societatem
3020 2932 3199 2985 sancti
3228 2930 3485 3000 Spiritus.
3508 2925 3608 2997 lpsi
3641 2923 3765 2995 gloria

2235 3028 2288 3080 in
2322 3026 2522 3081 saecula
2554 3026 2901 3080 steculorum.
2931 3024 3127 3078 Amen.

2093 3457 2719 3550 SEPTIMUS.

2159 3841 2201 3898 C
2237 3851 2406 3899 mum,
2439 3836 2495 3889 in
2528 3852 2628 3905 quo
2668 3846 2818 3889 erant
2854 3835 3199 3900 candelabra,
3238 3845 3288 3889 et
3323 3848 3516 3896 mensa,
3544 3838 3584 3884 et
3608 3837 3731 3896 ρν⁰Ρ⁰⁴

2237 3929 2358 3981 sitio
2385 3944 2586 3996 panum
2610 3928 2652 3983 ‘.
2687 3928 2894 3983 Deinde
2920 3928 3195 4000 quomodo
3230 3929 3350 3984 haec
3374 3940 3491 3997 quae
3518 3922 3617 3978 talia
3636 3923 3735 3975 sunt.

2236 4019 2612 4090 intelligentur
2661 4035 2946 4091 exponens
3002 4021 3120 4091 ipse
3167 4035 3367 4075 rursus
3408 4013 3626 4072 Hebraeis.
3655 4023 3741 4059 ιηι·

2236 4113 2388 4164 bram
2422 4111 2615 4165 habere
2648 4112 2811 4182 legem
2842 4112 2862 4143 ⁵
2898 4111 3055 4166 dixit.
3090 4110 3237 4183 Ergo
3269 4125 3370 4183 per
3401 4107 3619 4165 umbram,
3648 4110 3740 4150 cor-

2234 4216 2339 4272 pus
2377 4204 2733 4273 exquiramus
2764 4221 2776 4257 :
2816 4204 3225 4259 Candelabrum
3271 4218 3403 4274 ergo
3438 4197 3624 4255 dicimus
3647 4199 3739 4242 esse

2233 4294 2608 4365 evangelicam
2655 4295 3154 4361 conversationem,
3192 4296 3250 4349 in
3289 4310 3398 4365 qua
3441 4288 3649 4346 Christus
3679 4279 3745 4331 lu-

2232 4400 2417 4440 cerna:
2452 4387 2615 4441 modo
2652 4386 3020 4456 exsplendere
3060 4386 3298 4442 virtutes
3332 4381 3557 4456 praecipit
3585 4395 3595 4429 :
3623 4373 3747 4426 Nemo

2234 4480 2396 4546 enim,
2421 4479 2620 4549 inquit,
2644 4481 2932 4534 accendens
2957 4480 3250 4545 lucernam,
3274 4488 3423 4550 ponet
3450 4489 3554 4530 eam
3570 4468 3645 4524 sub
3668 4478 3749 4515 m0-

2233 4574 2343 4634 dio,
2377 4572 2467 4627 sed
2511 4590 2667 4643 super
2713 4572 3111 4638 candelabrum,
3144 4583 3203 4626 ut
3249 4573 3417 4626 luceat
3455 4562 3655 4622 omnibus
3683 4552 3749 4623 qui

2228 4665 2475 4719 in'domo
2494 4675 2622 4718 sunt
2656 4665 2697 4718 ⁸.
2719 4664 2828 4718 llis
2851 4663 3092 4719 lucernis
3121 4665 3306 4720 oleum
3341 4663 3648 4725 eleemosyna
3672 4654 3747 4700 est.

2230 4758 2359 4827 quia
2391 4768 2445 4812 et
2472 4756 2770 4827 jejunium,
2806 4767 2863 4813 et
2896 4757 3203 4828 virginitas,
3234 4766 3291 4812 et
3326 4754 3513 4813 oratio,
3548 4755 3595 4801 et
3626 4737 3747 4812 justi-

2229 4850 2323 4912 tia,
2358 4857 2415 4903 et
2458 4848 2639 4904 omnis
2685 4849 2833 4905 actio
2878 4851 3023 4905 bona
3066 4866 3165 4919 per
3204 4840 3609 4904 misericordiam
3644 4830 3749 4886 dile-

2228 4939 2430 4994 ctionis
2462 4955 2764 5010 pauperum
2843 4940 3124 5011 irrigatur,
3166 4950 3222 4996 et
3282 4935 3631 4995 custodiuntur
3683 4921 3744 4974 in-

2227 5033 2666 5105 exstinguibiles.
2696 5033 2851 5100 Quod
2880 5035 3236 5091 manifestant
3258 5030 3520 5102 lampades
3553 5021 3745 5092 quinm"3

2229 5126 2504 5181 fatuarum
2559 5126 2833 5196 virginum
2863 5128 2883 5157 ⁷
2915 5145 2932 5183 ι
2966 5144 3108 5197 quae,
3147 5130 3273 5199 quia
3322 5115 3602 5179 dilectionis
3639 5120 3741 5179 pau'

2229 5234 2423 5289 perum
2462 5219 2643 5273 minus
2677 5218 2991 5273 habuerunt
3031 5220 3237 5283 oleum,
3270 5233 3302 5273 a
3337 5225 3527 5286 sponso
3558 5200 3739 5260 exclusS

2230 5322 2378 5366 sunt.
2408 5312 2516 5367 Sed
2541 5322 2759 5382 oportet
2782 5313 2965 5368 oleum
2993 5329 3117 5369 esse
3144 5314 3402 5369 olivarum
3425 5297 3732 5385 purissimllm:

2230 5414 2291 5458 ut
2318 5418 2430 5458 non
2466 5421 2533 5459 ex
2570 5404 2863 5475 injustitia,
2898 5421 3077 5475 neque
3106 5422 3172 5460 ex
3204 5401 3485 5474 rapacitate
3514 5384 3733 5475 dilectioni

2227 5512 2532 5567 pauperum
2573 5498 2900 5566 serviamus,
2935 5516 3118 5570 neque
3148 5500 3212 5555 ad
3253 5490 3647 5554 ostentationem.
3674 5474 3729 5571 [te

2227 5589 2385 5644 olivis
2414 5598 2600 5645 autem
2626 5602 2734 5660 est,
2763 5592 2810 5646 si
2851 5609 2915 5647 ex
2950 5592 3111 5647 bonis
3142 5590 3426 5648 laboribus,
3456 5591 3504 5636 et
3530 5589 3585 5632 ex
3605 5572 3729 5641 justi-

2951 5798 2971 5829 ⁸
3006 5796 3120 5853 Jer.
3164 5811 3319 5857 xxxv.
3350 5788 3487 5846 6-l0.
3558 5779 3572 5806 ⁸
3596 5769 3719 5826 llclu'.
