4032 6424
378 406 508 475 110!

372 528 460 582 tite.
515 525 792 596 pecuniis,
851 526 935 579 vel
992 527 1337 597 possessione
1394 530 1709 599 pcrticiatur
1758 550 1773 583 :

372 619 518 673 euim
549 618 708 671 oliva:
735 618 1025 681 urnbrosaa,
1056 626 1111 674 et
1142 619 1437 675 fructuosae.
1479 633 1627 677 recte
1665 622 1946 692 appellan-

374 722 482 766 tur.
534 709 951 765 Lucidissimum
1002 722 1207 778 autem,
1238 720 1297 767 ut
1338 728 1448 767 non
1495 730 1595 784 pro
1633 714 1803 785 gloria
1845 714 1949 768 hu-

373 818 533 858 mana
567 804 970 874 eleemosynam
1017 802 1300 859 faciamus.
1339 804 1570 875 Oportet
1606 820 1738 877 ergo
1767 803 1948 861 lucer-

374 902 501 948 nam
548 893 689 948 hanc
732 908 951 964 semper
998 894 1250 959 accendi,
1283 902 1436 950 extra
1483 897 1660 949 velum
1696 895 1951 951 videlicet

348 986 620 1056 .corporis
665 983 913 1040 Christi:
954 985 1058 1040 hoc
1105 987 1251 1041 enim
1302 1003 1424 1042 esse
1469 988 1811 1060 intelligibile
1857 1002 1951 1043 ve~

372 1072 510 1135 lum.
541 1094 637 1147 per
670 1077 837 1132 multa
869 1079 1235 1148 praecedentia
1264 1079 1697 1134 demonstratum
1738 1089 1843 1135 est.
1886 1080 1949 1134 In

372 1171 714 1224 tabernaculo
750 1179 933 1225 autem
969 1166 1196 1241 foederis,
1230 1172 1347 1226 sive
1379 1182 1438 1226 ut
1473 1172 1614 1226 LXX
1644 1173 1948 1238 testimonii,

373 1262 425 1317 id
467 1271 553 1317 est
586 1263 641 1315 in
673 1256 830 1325 cmlo,
865 1263 919 1316 in
956 1280 1064 1332 quo
1096 1262 1341 1317 habitare
1380 1263 1550 1318 Deum
1597 1263 1950 1320 manifestum

372 1366 457 1411 est
488 1374 503 1411 :
538 1366 831 1426 utrumque
884 1373 1014 1428 ergo
1062 1374 1090 1410 a
1134 1354 1443 1428 legislatore
1485 1359 1688 1413 dictum
1724 1370 1810 1414 est
1841 1378 1854 1414 :
1892 1359 1951 1415 Si

368 1451 521 1504 enim
566 1460 909 1520 qumcunqhe
954 1450 1186 1504 facimus
1225 1451 1555 1521 pauperibus
1582 1449 1624 1518 ⁸,
1669 1444 1787 1505 haec:
1829 1462 1951 1506 tan-

370 1558 534 1612 quam
567 1543 669 1596 sibi
706 1541 865 1605 facta,
901 1542 944 1595 is
972 1543 1061 1610 qui
1107 1552 1332 1611 propter
1364 1558 1460 1595 nos
1495 1541 1673 1596 factus
1702 1552 1785 1596 cst
1815 1558 1952 1611 pau-

369 1650 488 1705 per,
520 1634 771 1703 imputat,
803 1645 949 1687 recte
979 1640 1105 1687 ante
1134 1642 1331 1703 Corpus
1362 1633 1700 1687 Dominicum
1730 1631 1951 1688 lucerna

369 1728 730 1796 cleemosyne
772 1724 1099 1789 incenditur,
1138 1726 1231 1779 sed
1275 1734 1455 1779 tamen
1486 1734 1539 1779 et
1570 1726 1622 1779 in
1652 1726 1790 1780 caalo
1828 1743 1841 1778 :
1877 1725 1952 1780 ibi

370 1816 516 1870 enim
589 1832 718 1870 suos
795 1817 1083 1870 thesauros
1152 1816 1535 1871 misericordes
1604 1819 1947 1887 permittunt.

370 1905 602 1975 Propter
644 1903 787 1972 quod
840 1904 1137 1958 succendat
1186 1918 1304 1959 eam
1345 1890 1546 1970 Aaron,
1584 1906 1699 1960 sive
1755 1920 1953 1959 secun-

368 1998 500 2053 dum
554 1993 715 2059 LXX,
757 2003 805 2048 et
862 1995 961 2063 ﬁlii
1011 1998 1146 2065 ejus.
1186 1994 1439 2065 Christus
1492 1997 1673 2059 enim,
1727 1999 1816 2066 qtti
1870 2006 1953 2052 est

369 2107 535 2145 verus
598 2090 877 2151 sacerdos,
938 2102 1243 2160 pauperum
1289 2092 1724 2161 eompassionetn
1786 2093 1950 2162 cepit.

370 2183 660 2235 Imitantur
713 2190 897 2235 autem
970 2196 1132 2248 eum,
1191 2182 1507 2252 quicunque
1566 2182 1686 2251 ejus
1757 2182 1952 2237 lucrari

369 2274 719 2341 adeptionem
757 2272 969 2326 volunt.

447 2364 708 2434 Ponetqne
741 2382 831 2418 eas
864 2364 1065 2431 Aaron,
1094 2366 1179 2420 vel
1209 2364 1353 2420 sicut
1383 2360 1523 2419 LXX
1562 2365 1834 2420 incendent
1866 2379 1955 2419 eas

382 2459 575 2515 Aaron,
604 2465 649 2508 et
674 2456 775 2524 ﬁlii
805 2457 918 2525 ejus
942 2473 973 2508 η
996 2472 1207 2526 vespere
1237 2472 1398 2525 usque
1427 2473 1602 2512 mane.
1637 2456 1693 2511 Id
1722 2466 1806 2510 est
1836 2455 1955 2511 sine

382 2550 711 2613 et-ssatinne,
756 2549 881 2618 quia
928 2555 984 2600 et
1024 2545 1285 2601 Salomon
1333 2548 1553 2603 dicebat
1600 2566 1613 2602 :
1663 2547 1843 2602 Oleum
1893 2550 1956 2601 de

381 2639 545 2706 rapite
582 2648 670 2690 tuo
711 2655 813 2691 non
851 2637 1061 2706 deﬁciat
1092 2639 1135 2701 9,
1176 2648 1237 2692 ut
1277 2648 1561 2708 oporteret
1598 2639 1956 2710 eleemosynre

373 2730 651 2785 lucernam
712 2731 1006 2785 incendere
1066 2730 1327 2785 continue
1384 2732 1704 2795 ostendens,
1750 2740 1805 2785 et
1850 2732 1956 2786 hoc

372 2823 553 2890 ipsum
608 2838 791 2876 coram
842 2821 1093 2884 Domino,
1127 2821 1268 2877 sicut
1316 2823 1431 2893 ipse
1471 2822 1735 2877 Dominus
1775 2823 1909 2879 dixit
1941 2838 1954 2879 :

370 2912 440 2967 Te
475 2923 651 2967 autem
680 2915 903 2984 faciente
960 2914 1360 2984 eleemosynam,
1402 2916 1828 2969 nesciatsinistra
1864 2927 1955 2969 tua

369 3007 499 3075 quid
545 3007 711 3075 faciat
757 3007 968 3059 dextera
1025 3016 1138 3068 tua,
1177 3018 1232 3059 ut
1277 3007 1603 3076 eleemosyna
1644 3017 1736 3061 tua
1783 3009 1852 3061 sit
1902 3010 1958 3062 in

370 3096 697 3163 abscondito,
748 3108 795 3152 et
838 3098 1002 3153 Pater
1045 3109 1164 3153 tuus
1210 3100 1299 3169 qui
1346 3101 1482 3153 videt
1534 3100 1591 3153 in
1637 3101 1954 3165 abscondito,

372 3191 553 3244 reddet
586 3192 678 3244 tibi
708 3193 773 3244 ιθ.

1499 412 1579 472 IN
1614 404 2050 475 LEVITICUM.
2086 438 2152 449 --
2191 412 2336 471 LIB.
2365 410 2499 472 VII.

1831 530 1949 584 haec
1982 548 2019 596 Α
2052 528 2171 596 rjus
2198 544 2211 579 :
2237 526 2492 581 Christus
2517 523 2662 579 enim
2688 522 2805 593 ipse
2831 520 3025 592 plenus
3050 528 3130 574 cst
3157 518 3371 589 spiritu,
3394 519 3585 595 dicens
3611 541 3626 577 :

3492 403 3628 472 1102

2051 617 2286 689 Spiritus
2305 616 2524 672 Domini
2550 631 2707 685 super
2740 628 2842 673 me.
2880 623 3093 684 propter
3116 612 3253 684 quod
3280 614 3429 667 unxit
3458 632 3538 668 me
3561 616 3627 670 ³³.

2053 703 2233 782 Super
2261 726 2421 781 quem
2453 709 2509 764 in
2539 708 2720 779 specie
2760 706 3028 761 columbae
3057 705 3125 759 de
3156 704 3297 758 cmlo
3336 703 3633 761 descende-

2050 806 2161 860 bat.
2194 802 2297 859 Sed
2330 812 2379 856 et
2408 799 2581 873 ignem
2612 798 2728 854 veni
2763 800 2969 853 mittere
2996 814 3151 866 super
3181 806 3398 862 terram,
3430 806 3480 851 et
3519 792 3632 852 volo

2050 906 2106 950 ut
2137 896 2456 950 accendatur
2484 888 2548 946 ⁸⁸.
2577 894 2711 948 Cum
2747 891 2911 959 hujus
2944 889 3181 945 lucerna:
3214 888 3390 960 ignem
3426 888 3633 960 signiti-

2050 994 2232 1050 caret,
2285 984 2520 1039 dicebat.
2572 982 2711 1036 Nam
2766 988 2822 1035 et
2870 979 2988 1049 ipse
3043 979 3167 1033 {iliis
3220 978 3335 1033 suis
3389 978 3629 1043 tradidit,

2051 1077 2270 1147 quando
2308 1072 2589 1128 insulIIans
2628 1071 2908 1142 apostolis,
2946 1072 3159 1125 dicebat
3188 1088 3201 1126 :
3235 1070 3471 1140 Accipite
3508 1071 3631 1141 Spi-

2052 1172 2213 1222 ritum
2264 1178 2505 1221 sanctum
2540 1167 2601 1220 ".
2641 1164 2749 1219 Sed
2795 1165 3015 1218 lucerna
3051 1162 3154 1217 ista
3195 1162 3353 1215 aliter
3388 1177 3497 1217 non
3546 1164 3632 1216 in-

2051 1256 2321 1320 cenditur,
2351 1253 2457 1308 nisi
2498 1268 2595 1323 per
2624 1252 2790 1305 vitam
2826 1251 3105 1313 mundam,
3135 1259 3190 1308 et
3218 1263 3315 1318 per
3342 1265 3630 1305 conversa-

2054 1347 2256 1401 tionem
2287 1343 2701 1407 lucidissimam,
2732 1342 2846 1396 sive
2883 1342 3106 1396 claram.
3143 1342 3245 1406 Qui
3284 1352 3462 1394 autem
3509 1342 3630 1395 talis

2051 1456 2161 1492 non
2205 1448 2310 1503 est,
2349 1438 2571 1507 spiritus
2604 1437 2657 1489 iu
2698 1450 2764 1489 eo
2807 1436 3204 1507 ergstinguetur.
3257 1434 3442 1502 Neque
3486 1439 3630 1487 enim

2051 1548 2167 1586 sne
2214 1539 2375 1585 caiisa
2422 1530 2622 1583 Paulus
2671 1528 3099 1588 contestabatur,
3156 1525 3415 1596 Spiritum
3476 1530 3635 1582 nolite

2052 1626 2377 1694 exstinguere
2401 1620 2444 1653 ¹⁸
2477 1639 2490 1674 :
2524 1622 2578 1674 in
2609 1620 2766 1674 nobis
2793 1632 2936 1682 esse,
2962 1618 3254 1673 incendere
3287 1606 3405 1688 ejus
3437 1635 3636 1687 Opera-

2052 1718 2253 1771 tionem
2283 1724 2338 1769 et
2368 1714 2735 1783 exstinguere,
2763 1720 2857 1765 aut
2884 1709 3168 1765 studentes
3201 1724 3284 1775 ea,
3317 1712 3515 1781 quibus
3547 1711 3634 1765 itt-

2052 1807 2340 1871 ceudatur,
2393 1814 2487 1859 aut
2547 1803 2920 1873 negligentes,
2976 1800 3260 1855 evidenter
3316 1803 3631 1857 ostendens.

2053 1897 2228 1951 Nimis
2265 1908 2396 1966 ergo
2433 1895 2702 1959 ordinate,
2735 1892 3173 1962 quandoquidem
3214 1889 3450 1947 lucernae
3481 1911 3637 1949 men-

2055 1990 2258 2042 tionem
2300 1988 2449 2052 facit,
2479 2000 2588 2042 non
2634 1996 2815 2041 autem
2854 1986 3223 2049 lacernarum,
3259 1984 3386 2055 quia
3415 1988 3483 2041 de
3517 1987 3635 2057 ipso

2054 2090 2242 2135 sancto
2266 2080 2504 2149 loquitur
2529 2077 2755 2149 Spiritu,
2786 2078 2867 2133 sic
2893 2077 3044 2142 dicit,
3072 2087 3128 2131 ut
3159 2075 3381 2133 lucerna
3420 2091 3635 2150 semper

2054 2174 2264 2235 ardeat,
2298 2182 2408 2227 tam
2438 2173 2558 2243 ejus
2582 2172 2940 2226 aeternitatem
2981 2170 3297 2236 ostendens,
3320 2167 3444 2240 quia
3472 2188 3635 2241 spon-

2055 2274 2130 2330 te,
2162 2274 2217 2320 et
2252 2283 2315 2319 ex
2363 2278 2459 2319 sua
2501 2264 2828 2319 auctoritate
2869 2263 3240 2318 succenditur.
3275 2262 3410 2329 Quia
3451 2272 3633 2319 autem

2055 2356 2402 2411 lucernarum
2441 2355 2756 2409 memoriam
2794 2354 2941 2418 fecit,
2978 2354 3475 2422 dicitoperationes
3516 2355 3636 2425 Spi-

2056 2446 2216 2499 ritus.
2267 2444 2438 2499 Aiunt
2482 2454 2663 2498 autem
2701 2443 2835 2498 LXX
2871 2460 2884 2495 :
2914 2443 3192 2497 Incendent
3236 2444 3475 2498 lucernas
3513 2455 3638 2520 ante

2056 2536 2343 2591 Dominum
2377 2521 2546 2606 usque
2587 2549 2761 2599 mane,
2808 2536 2911 2590 hoc
2960 2536 3334 2601 ostendentes,
3373 2537 3497 2606 quia
3535 2552 3634 2592 nor

2055 2646 2193 2700 opus
2266 2630 2528 2685 habemus
2602 2628 2902 2681 accendere
2974 2626 3320 2695 operationes
3382 2628 3639 2697 Spiritalis

2056 2722 2216 2793 ignis,
2249 2721 2527 2775 materiam
2565 2722 2645 2773 eis
2675 2718 3174 2781 subministrantes,
3204 2730 3267 2772 ex
3308 2719 3507 2788 quibus
3544 2735 3636 2773 ac—

2056 2816 2215 2869 cendi
2256 2815 2390 2868 vult.
2428 2813 2582 2879 Quod
2629 2823 2810 2867 autem
2852 2812 3005 2877 dixit,
3041 2826 3200 2882 usque
3227 2828 3403 2876 mane,
3447 2814 3497 2867 id
3530 2819 3633 2879 est,

2058 2921 2232 2975 usque
2279 2905 2344 2959 ad
2395 2905 2653 2958 saeculum
2700 2912 3015 2966 venturum,
3053 2910 3183 2956 tunc
3229 2917 3337 2956 non
3382 2904 3492 2973 jam
3538 2916 3639 2958 nos

2057 2998 2372 3061 incendere,
2407 3011 2586 3065 neque
2616 2987 3084 3063 accendere'opus
3112 2994 3394 3049 habemus.
3434 2996 3637 3049 Omnes

2058 3091 2204 3145 enim
2250 3089 2455 3142 erimus
2495 3088 2788 3157 spiritales,
2826 3086 2917 3156 qui
2954 3087 3112 3140 nobis
3144 3086 3462 3157 dignitatem
3496 3088 3637 3143 hanc

2060 3183 2115 3236 in
2147 3184 2252 3236 hoc
2276 3182 2475 3237 saeculo
2501 3180 3019 3251 comparaverimus.

452 3280 607 3335 Hanc
646 3281 809 3351 legem
855 3284 1140 3337 habeamus
1180 3282 1324 3336 cultu
1372 3284 1581 3353 rituque
1614 3293 1861 3353 perpetuo
1900 3285 1951 3337 in

2127 3274 2287 3329 Vens.
2323 3275 2440 3329 5-9.
2480 3293 2498 3325 ι
2543 3272 2793 3343 Accpies
2827 3271 3327 3341 qttoque'similam,
3359 3280 3413 3326 et
3434 3286 3634 3342 coques

371 3376 797 3443 generationibus
832 3377 1019 3429 nostris
1053 3393 1210 3445 super
1239 3376 1554 3430 candelabro
1589 3378 1951 3431 mundissimo.

330 3467 434 3529 _Id
493 3476 578 3522 est
644 3467 1009 3536 evangelicam
1078 3468 1584 3529 conversationem,
1655 3470 1953 3521 secundum

372 3558 519 3627 quod
555 3558 666 3625 jam
714 3558 971 3612 diximus.
1024 3558 1106 3610 Ab
1148 3558 1295 3611 omni
1337 3558 1481 3611 enim
1523 3557 1640 3612 haec
1673 3557 1867 3621 ironia,
1899 3565 1956 3611 et

376 3650 646 3718 hypocrisi
690 3650 891 3703 munda
941 3658 1043 3709 cst,
1076 3657 1264 3718 utpote
1304 3650 1555 3702 lucernas
1595 3649 1955 3719 eleemosynae

371 3746 502 3794 ante
534 3741 846 3804 Dominum,
875 3751 927 3794 et
963 3757 1070 3794 nou
1120 3752 1246 3795 ante
1288 3741 1540 3795 homines
1576 3741 1952 3795 incendentes.

373 3831 559 3902 Usque
598 3849 760 3888 mane
789 3844 969 3888 autem
1012 3834 1389 3898 incendamus,
1427 3835 1479 3887 in
1516 3834 1769 3903 praesenti
1802 3833 1955 3888 vide-

370 3925 503 3980 licet
550 3926 768 3980 szeculo.
813 3925 1043 3991 Quando
1090 3926 1235 3979 enim
1289 3941 1448 3979 mane
1500 3925 1736 3979 illuxerit
1786 3925 1951 3979 futuri

371 4017 580 4081 saeculi,
605 4016 715 4085 jam
755 4032 864 4070 non
897 4025 977 4070 est
1003 4032 1167 4085 super
1203 4024 1417 4085 tempus
1445 4015 1781 4084 Operationis
1807 4016 1955 4069 elee-

373 4122 640 4177 mosynm,
690 4108 836 4177 quod
884 4116 1071 4176 aperte
1120 4106 1389 4177 signiﬁcat
1438 4105 1691 4159 Salomon
1720 4106 1951 4161 dicens:

371 4196 455 4251 Ne
482 4198 628 4250 dicas
662 4198 834 4250 amico
863 4207 952 4249 tuo
984 4210 1001 4249 :
1038 4194 1194 4260 Vade,
1235 4204 1282 4248 et
1324 4207 1601 4255 revertere,
1637 4204 1685 4248 et
1725 4196 1954 4249 crastino

372 4283 508 4337 dabo
539 4285 654 4345 tibi,
683 4300 801 4335 cum
846 4284 1024 4337 statim
1059 4285 1225 4353 possis
1266 4284 1415 4348 dare,
1448 4286 1611 4337 nescis
1651 4286 1791 4338 enim
1829 4288 1955 4355 quid

376 4375 554 4443 pariat
604 4384 979 4442 superuentura
1031 4375 1138 4426 dies
1177 4374 1240 4425 “.
1278 4372 1332 4426 Id
1366 4381 1467 4438 est,
1500 4373 1717 4439 festina,
1752 4384 1807 4429 et
1842 4391 1952 4428 non

376 4464 614 4530 dilIeras,
647 4476 715 4519 ne
746 4464 885 4519 forte
920 4465 1208 4519 deducaris
1240 4464 1292 4517 in
1324 4465 1479 4530 locis,
1511 4464 1567 4518 in
1597 4465 1797 4534 quibus
1823 4482 1953 4535 cpe-

373 4556 484 4610 rari
518 4567 734 4625 tempus
765 4572 875 4610 non
924 4555 1112 4619 habes,
1150 4557 1243 4610 scd
1295 4557 1538 4611 rationes
1579 4557 1687 4611 illic
1725 4573 1952 4615 necesse

370 4647 444 4701 sit
471 4646 625 4701 reddi
651 4648 717 4701 de
747 4648 833 4701 his
856 4663 977 4716 quae
1008 4648 1096 4700 hic
1124 4648 1330 4715 operati
1363 4647 1647 4701 fuerimus.
1679 4648 1950 4703 Prteterea

370 4737 460 4792 his
480 4739 716 4792 salutare
744 4747 961 4808 tempus
988 4745 1071 4792 est
1092 4738 1415 4808 lcgislatoris
1440 4740 1796 4805 intellectum,
1817 4757 1949 4795 cau-

366 4830 649 4885 delabrum
670 4830 931 4883 mundum
944 4830 1313 4899 qnidem,quia
1332 4839 1603 4899 peccatum
1623 4846 1727 4883 non
1746 4832 1952 4897 habuit,

368 4937 465 4976 nec
488 4922 639 4975 dolus
664 4923 902 4974 inventus
925 4936 996 4974 est
1022 4923 1076 4973 in
1098 4938 1187 4974 ore
1207 4921 1319 4990 ejus
1338 4923 1401 4974 ".
1429 4921 1825 4976 Candelabrum
1855 4939 1951 4975 au-

367 5021 502 5077 tem,
518 5013 641 5081 quia
667 5014 778 5080 ipse
797 5023 870 5065 est
892 5013 1062 5065 lumen
1084 5030 1261 5066 verum
1284 5014 1442 5082 ,quod
1462 5012 1727 5065 illuminat
1750 5029 1953 5066 omnem

366 5105 631 5157 hominem
660 5104 947 5157 venientem
986 5108 1041 5157 in
1077 5106 1214 5157 liunc
1253 5104 1509 5157 mundum
1542 5104 1605 5158 “.
1644 5104 1821 5174 Super
1844 5104 1951 5158 hoc

366 5195 681 5251 incenditur
724 5195 970 5258 lucerna,
1011 5195 1246 5265 Spiritus
1294 5204 1538 5259 sanctus,
1570 5195 1761 5267 igneus
1802 5197 1947 5249 enim

365 5295 453 5340 est
481 5284 804 5350 substantia,
832 5294 887 5339 et
915 5285 1255 5354 operatione,
1288 5285 1432 5337 unde
1463 5284 1519 5336 in
1550 5284 1732 5353 specie
1762 5282 1949 5353 ignea-

368 5394 491 5431 rum
525 5378 833 5448 linguarum
875 5392 1037 5447 super
1067 5376 1361 5446 discipulos
1389 5375 1674 5430 descendit
1703 5374 1765 5429 “.
1811 5375 1948 5427 Hinc

367 5470 725 5539 purissimum
766 5471 945 5523 oleum
998 5468 1217 5532 oﬂ‘erre,
1252 5468 1305 5522 id
1348 5477 1432 5522 est
1473 5468 1636 5521 vitam
1689 5465 1946 5519 mundam

366 5563 680 5617 debemus:
717 5562 973 5625 scientes,
1004 5561 1130 5630 quia
1177 5575 1286 5613 non
1336 5560 1579 5613 omnium
1627 5567 1712 5612 est
1760 5557 1948 5611 incen-

368 5653 501 5706 dere
530 5652 682 5717 illud,
704 5653 798 5707 sed
829 5652 999 5707 solius
1028 5651 1378 5722 intelligibilis
1404 5652 1604 5715 Aaron,
1630 5658 1686 5705 et
1714 5649 1944 5703 filiorum

1071 5808 1093 5839 ’
1121 5805 1267 5862 Eccl.
1298 5825 1371 5869 ix,
1400 5806 1452 5861 8.
1531 5805 1578 5836 ¹⁰
1611 5805 1779 5858 Matth

1071 5893 1175 5942 LXI,
1211 5879 1259 5932 I.
1374 5876 1552 5931 “Luc
1602 5876 1788 5942 xu,”

445 5808 466 5838 "
499 5806 688 5862 Matth.
719 5825 842 5875 xxv,
870 5808 958 5863 40.

375 5874 420 5906 ⁸⁵
450 5875 572 5933 Act.
608 5894 665 5944 u,
694 5878 747 5931 5.
830 5874 903 5911 ⁷³⁵
936 5879 1035 5933 Isa.
1066 5893 1175 5943 LXI,
1211 5879 1259 5932 I.

1531 5804 1578 5836 ¹⁰
1611 5803 1803 5858 Matth.
1846 5803 1996 5857 v1.3.
2034 5800 2086 5854 4.

1926 5873 1965 5903 ”
1986 5870 2145 5925 Joau.
2167 5887 2255 5936 xx,
2286 5872 2374 5924 ‘22.

2056 3375 2123 3415 ex
2167 3374 2230 3414 ea
2258 3361 2542 3415 duodecim
2581 3375 2766 3429 panes,
2803 3361 2892 3429 qui
2940 3360 3139 3429 singuli
3176 3360 3451 3414 habebunt
3497 3361 3637 3417 duas

2056 3448 2310 3501 decimas.
2354 3447 2595 3514 Quorum
2626 3463 2788 3501 senos
2836 3448 3157 3504 altrinsecus
3196 3466 3360 3519 super
3389 3466 3634 3506 mensam

2056 3539 2404 3609 purissimam
2444 3555 2625 3594 coram
2655 3540 2885 3594 Domino
2915 3548 3138 3604 statues,
3173 3550 3229 3596 et
3258 3557 3429 3612 pones
3473 3559 3637 3613 super

2055 3643 2150 3683 eos
2178 3631 2304 3685 thus
2334 3631 2751 3694 lucidissimum,
2785 3639 2844 3684 ut
2871 3632 2939 3685 sit
2974 3633 3127 3702 panis
3151 3633 3204 3686 in
3236 3635 3634 3689 monimentum

2055 3720 2341 3776 oblationis
2371 3722 2603 3775 Domini.
2634 3721 2735 3776 Per
2771 3722 2980 3793 singula
3011 3721 3244 3776 Sabbata
3277 3725 3636 3779 mutabuntur

2055 3827 2237 3866 coram
2263 3812 2511 3878 Domino,
2538 3815 2771 3884 suscepti
2796 3833 2824 3868 a
2856 3815 2977 3868 ﬁliis
3004 3814 3167 3869 Israel
3200 3814 3404 3871 ftedere
3431 3819 3637 3887 sempi-

2056 3908 2235 3966 terno,
2282 3913 2551 3974 eruntque
2596 3907 2775 3959 Aaron
2815 3913 2868 3958 ct
2919 3904 3151 3959 ﬁliorum
3183 3905 3322 3974 ejus,
3362 3916 3418 3961 ut
3451 3925 3635 3963 come-

2055 3995 2187 4048 dant
2216 4011 2310 4049 eos
2340 3995 2397 4049 in
2442 4006 2630 4049 sancto
2672 3997 2811 4060 loco,
2865 3998 2991 4066 quia
3032 4008 3280 4051 sanctum
3321 4007 3635 4055 sanctorum

2058 4096 2140 4140 est
2170 4087 2237 4140 de
2274 4088 2540 4141 sacriﬁcio
2567 4088 2776 4141 Domini
2806 4088 2929 4156 jure
2955 4100 3275 4158 perpetuen

2128 4178 2295 4231 Vocat
2315 4177 2384 4232 ad
2412 4179 2922 4248 contemplationem
2950 4181 3188 4234 mandati
3237 4196 3340 4235 nos
3385 4182 3503 4252 ipse
3536 4199 3633 4254 pa-

2054 4286 2185 4323 num
2231 4285 2512 4332 numerus,
2544 4271 2636 4324 sed
2677 4279 2731 4323 et
2781 4272 3120 4340 propositio:
3150 4281 3201 4325 et
3246 4274 3371 4342 quia
3417 4291 3527 4329 non
3578 4284 3636 4331 et

2055 4363 2218 4430 ipsos,
2255 4362 2711 4429 quemadmodum
2750 4377 2809 4414 ea
2843 4377 2962 4429 qum
3007 4371 3131 4414 sunt
3161 4363 3229 4415 de
3256 4366 3548 4434 sartagine.
3580 4375 3636 4420 et

2054 4453 2330 4515 craticula,
2379 4460 2431 4504 et
2486 4452 2721 4514 clibano,
2772 4454 3143 4505 holocaustum
3207 4453 3321 4507 ﬁeri
3369 4456 3632 4525 pra’cipit,

2055 4546 2149 4598 sed
2187 4544 2311 4613 poni
2344 4543 2564 4614 quidem
2604 4544 2658 4597 in
2695 4559 2880 4597 mensa
2918 4545 3264 4608 altrinsecus,
3298 4556 3354 4599 et
3383 4547 3511 4600 solis
3538 4564 3635 4601 eos

1982 4615 2026 4672 Ῑ)
2058 4637 2216 4690 licere
2259 4636 2650 4699 sacerdotibus,
2682 4652 2791 4689 non
2824 4644 2879 4689 et
2914 4635 3113 4689 Levitis
3140 4637 3418 4701 edereynt
3453 4646 3633 4691 tamen

2057 4737 2110 4782 et
2139 4730 2206 4783 ab
2238 4730 2369 4799 ipsis
2408 4729 2461 4782 in
2494 4728 2612 4784 loco
2640 4738 2827 4783 sancto
2856 4729 3231 4782 comedantur.
3264 4728 3368 4782 Sed
3411 4739 3466 4783 et
3507 4731 3634 4798 quia

2059 4830 2305 4875 sanctum
2348 4828 2661 4875 sanctorum
2712 4819 2967 4888 appellati
3018 4826 3163 4885 sunt,
3226 4820 3467 4890 intellige
3511 4837 3634 4891 quae

2058 4914 2333 4967 dicuntur.
2361 4913 2519 4968 Dabit
2549 4912 2693 4966 enim
2722 4913 2818 4967 tibi
2848 4912 3110 4967 Dominus
3132 4913 3484 4967 intellecmm.
3518 4913 3633 4968 Me-

2061 5016 2247 5059 mento
2286 5005 2525 5076 mysticaz
2576 5020 2802 5066 mensaa,
2856 5004 2924 5057 de
2963 5020 3069 5073 qua
3115 5005 3249 5058 nulli
3303 5020 3634 5074 praesumere

2060 5106 2392 5167 prteceptum
2422 5106 2527 5159 est,
2573 5105 2799 5166 excepto
2843 5094 3165 5167 intelligibili
3214 5096 3417 5158 Aaron,
3458 5097 3509 5150 id
3552 5106 3635 5151 est

2056 5188 2319 5241 Christo:
2354 5188 2472 5257 ipse
2516 5188 2660 5242 enim
2708 5204 2825 5241 eam
2876 5189 3084 5257 primus
3137 5188 3371 5242 initiavit
3416 5189 3549 5243 :sed
3576 5197 3633 5244 et

2057 5282 2180 5334 liliis
2221 5280 2361 5349 ejus,
2399 5280 2492 5350 qui
2533 5281 2602 5335 ab
2644 5297 2709 5335 eo
2753 5281 2879 5336 facti
2909 5290 3036 5336 sunt
3079 5280 3305 5346 Christi,
3354 5290 3407 5336 et
3453 5282 3628 5336 induti

2056 5382 2184 5426 sunt
2207 5388 2273 5426 eo
2300 5389 2313 5425 :
2336 5386 2497 5442 quam
2530 5380 2708 5426 tamen
2736 5375 3021 5429 comedere
3050 5374 3105 5428 in
3134 5374 3254 5428 loco
3282 5382 3468 5429 sancto
3490 5374 3627 5442 jussi

2056 5473 2201 5518 sunt.
2250 5463 2344 5518 Est
2389 5481 2517 5519 vero
2545 5475 2596 5518 et
2627 5474 2876 5519 sanctum
2919 5474 3253 5528 sanctorum,
3297 5476 3356 5520 ut
3386 5467 3630 5519 sanctiﬁ-

2056 5555 2326 5608 cationem
2373 5556 2610 5608 habeant
2660 5555 3010 5624 przecipuam,
3055 5565 3111 5609 et
3161 5555 3626 5625 indespicabilcm.

2058 5646 2137 5699 Illi
2167 5661 2335 5715 panes
2363 5662 2428 5700 ex
2465 5645 2675 5700 duabus
2701 5646 2948 5709 decimis,
2981 5646 3073 5699 Dei
3099 5645 3243 5701 enim
3282 5657 3337 5700 et
3370 5646 3627 5708 hominis,

2179 5800 2219 5831 “
2247 5797 2407 5853 Prov.
2432 5814 2515 5857 tu.
2547 5799 2637 5852 ‘28.
2716 5800 2759 5830 "
2785 5798 2929 5853 Petr.
2968 5814 3007 5855 ι.
3037 5797 3127 5852 22.

2491 5870 2574 5924 ⁸⁸1
2603 5868 2799 5924 Thess.
2828 5885 2882 5935 v,
2922 5867 3006 5922 l9.

3242 5796 3456 5852 "Joan.
3505 5816 3538 5864 ι,
3573 5799 3625 5853 9.
