3928 6410
504 442 683 531 nos,

1684 445 2046 505 HESYCHII
2092 439 2563 505 PRESBYTER!

3620 422 3731 495 llt‘il

494 571 626 618 sunt
646 560 890 632 ejusdem
912 562 976 614 ‘in
997 572 1231 630 utroque
1269 560 1519 630 perfecti,
1550 569 1830 629 ponuntur
1857 561 1975 615 seni
2005 560 2077 614 al-
2105 573 2148 626 Α
2180 575 2333 612 suam
2359 574 2480 612 esse
2510 570 2772 619 mensam,
2800 564 2854 607 et
2897 558 3295 606 testamentum
3323 550 3477 601 suum
3508 560 3735 601 a-termnn

498 652 784 705 trinsecus.
815 649 1035 721 Mystica
1061 665 1247 703 mensa
1276 649 1498 719 ponitur
1522 650 1741 719 quidem
1766 649 1878 712 hic,
1910 650 2073 720 poni-

496 750 586 796 titr
600 741 761 796 etiam
791 741 846 794 in
878 740 1059 795 futuro
1090 739 1307 794 saeculo.
1336 738 1441 794 Sex
1467 749 1646 793 autem
1667 756 1858 809 panes,
1878 740 2076 809 positio

499 848 622 897 una,
665 830 792 901 quia
833 829 1110 900 perfectus
1152 844 1432 895 numerus,
1489 830 1712 884 sicutet
1757 830 2073 901 mysterium

497 920 674 990 ipsum
713 920 1033 991 perfectum,
1074 928 1130 973 et
1175 920 1446 991 perfectos
1493 920 1622 976 facit
1675 936 1789 985 eos,
1832 920 1925 989 qui
1973 921 2077 974 hoc

488 1010 771 1067 fruuntur.
811 1011 874 1066 In
901 1028 993 1067 sex
1022 1022 1203 1066 autem
1249 1013 1444 1068 diebus
1489 1014 1607 1068 lnnc
1648 1013 1882 1069 visibilis
1935 1011 2076 1066 facta

485 1112 583 1159 “est
618 1112 888 1170 creatura,
932 1114 1191 1175 sextaque
1234 1106 1321 1160 die
1367 1106 1533 1161 homo
1581 1106 1876 1176 productus
1899 1114 1982 1159 est
2010 1106 2076 1171 ",

492 1207 719 1267 propter
743 1213 905 1267 quem
941 1198 1195 1253 Christus
1238 1199 1523 1270 mysticam
1562 1201 1887 1270 praeparavit
1920 1214 2077 1252 men-

499 1305 635 1344 sam.
668 1288 1055 1344 Verumtamen
1091 1298 1147 1343 et
1171 1306 1363 1345 omnes
1408 1291 1571 1345 simul
1614 1299 1760 1346 recte
1787 1289 2077 1344 duodecim

500 1396 667 1451 panes
690 1394 837 1448 sunt,
858 1382 983 1452 quia
1010 1382 1169 1452 primi
1198 1384 1531 1438 Dominicam
1562 1392 1916 1439 coenaverunt
1944 1398 2080 1453 apo-

499 1473 646 1537 stoli,
678 1472 771 1542 qui
815 1482 971 1528 erant
1005 1469 1292 1529 duodecim
1321 1490 1569 1530 numero.
1602 1476 1780 1546 Super
1823 1475 1923 1531 hos
1950 1477 2080 1531 thus

500 1565 895 1621 Iucidissimum
925 1567 1164 1637 ponitur,
1207 1567 1320 1622 sive
1350 1576 1409 1622 ut
1436 1567 1599 1634 LXX,
1628 1569 1791 1623 etiam
1824 1569 1921 1623 sal.
1974 1569 2080 1623 Sed

503 1655 630 1710 thus
655 1655 827 1726 prius,
867 1656 1163 1728 gratiarum
1194 1658 1486 1721 actionem,
1519 1658 1571 1711 id
1599 1666 1681 1711 est
1726 1658 2079 1721 oblationem,

500 1763 623 1817 quae
647 1746 1014 1817 principatum
1047 1757 1198 1804 tenet
1222 1749 1278 1802 in
1304 1749 1640 1803 Dominicam
1667 1764 1901 1818 ctenam,
1924 1751 2084 1821 signi-

501 1835 629 1891 ﬁcat
653 1837 801 1903 thus,
829 1852 943 1893 non
969 1837 1143 1893 solum
1172 1838 1298 1908 quia
1324 1838 1635 1893 immolatur
1667 1840 1795 1903 Dco,
1826 1840 1919 1893 scd
1954 1840 2083 1910 quia

2179 651 2466 719 solumque
2497 648 2700 710 Aaron,
2726 654 2780 699 et
2817 644 2954 697 ﬁlios
2989 642 3108 710 ejus
3161 639 3336 708 hujus
3374 637 3478 691 cibi
3508 653 3617 691 esse
3634 654 3741 707 par-

2180 720 2392 810 ticipes,
2436 739 2683 809 praecipit
2709 736 2997 793 comedere
3027 750 3136 787 non
3172 732 3409 800 ubique,
3440 732 3529 783 sed
3561 730 3611 783 in
3641 733 3742 784 ιρι-ο

2179 842 2389 887 sancto.
2418 830 2497 884 Sit
2528 840 2712 884 autem
2747 828 2906 882 nobis
2930 834 3154 880 sanctus
3182 824 3346 877 locus
3378 821 3525 891 prius
3556 822 3743 891 quidem

2178 923 2301 977 aula
2327 922 2447 985 Dei,
2474 922 2673 977 deinde
2698 928 2884 975 nostra
2911 932 3142 987 corpora
3174 915 3405 984 quando
3456 924 3577 967 sunt
3599 930 3626 966 a
3648 915 3747 983 pol-

2181 1014 2484 1069 lutionibus
2544 1013 2769 1075 munda,
2813 1012 2886 1065 ita
2922 1020 2981 1064 ut
3008 1018 3063 1064 et
3103 1008 3273 1062 nobis
3306 1006 3629 1060 conveniant
3655 1006 3747 1059 haec

2179 1104 2333 1160 Pauli
2382 1105 2587 1161 verba:
2619 1103 2886 1173 Templum
2922 1103 3055 1156 enim
3098 1100 3200 1154 Dei
3250 1109 3496 1152 sanctum
3524 1110 3609 1157 est,
3636 1100 3747 1167 quod

2182 1200 2301 1253 estis
2323 1216 2409 1254 vos
2433 1198 2498 1252 ".
2526 1196 2752 1266 Insuper
2773 1196 2993 1251 elevans
3023 1194 3143 1264 ejus
3172 1192 3439 1265 gloriam,
3471 1201 3525 1245 et
3543 1192 3748 1260 mysterii

2181 1292 2501 1362 dignitatem
2532 1290 2770 1346 eﬁ'erens
2806 1290 2861 1343 in
2889 1288 3121 1343 sublime
3150 1286 3309 1342 addit
3344 1304 3360 1339 :

2252 1382 2505 1438 Sanctum
2522 1393 2825 1437 sanctorum
2844 1392 2919 1437 est
2936 1383 2999 1435 de
3012 1380 3284 1449 sacriﬁcio
3300 1376 3513 1432 Domini
3520 1375 3580 1445 ju
3589 1393 3637 1428 re
3656 1391 3751 1444 per-

2183 1486 2361 1545 petuo.
2382 1476 2523 1547 Ergo
2540 1483 2727 1530 sancta
2745 1484 2829 1529 est
2847 1474 3045 1540 oratio,
3061 1479 3257 1527 sancta
3272 1470 3476 1525 divina:
3493 1468 3749 1537 Scriptura:

2185 1568 2348 1623 lectio
2364 1578 2420 1623 et
2442 1567 2909 1639 interpretationis
2929 1567 3158 1631 auditio,
3182 1574 3377 1620 sancta
3399 1571 3547 1626 sunt,
3570 1573 3623 1615 ut
3649 1562 3751 1615 bre-

2183 1662 2326 1716 viter
2355 1661 2553 1722 dicam,
2594 1661 2777 1716 omnia
2804 1676 2925 1730 qua:
2957 1658 3012 1714 in
3052 1658 3321 1714 Ecclesiis
3352 1657 3448 1712 Dei
3483 1654 3746 1711 secundum

2185 1755 2358 1825 legem
2383 1755 2503 1824 ejus
2523 1754 2781 1809 dicuntur
2809 1764 2864 1809 et
2887 1761 3146 1824 aguntur.
3181 1752 3393 1805 Sancta
3435 1760 3609 1803 autem
3645 1766 3748 1801 san-

2186 1856 2399 1903 ctorum
2434 1846 2502 1901 de
2550 1845 2817 1901 sacriﬁcio
2847 1844 3083 1906 Domini.
3118 1843 3189 1899 de
3224 1842 3487 1898 omnibus
3532 1841 3749 1896 videlicet

500 1939 558 1985 et
608 1931 830 1996 multas,
890 1932 1031 1987 sicut
1084 1933 1274 1989 dicunt
1327 1933 1546 1999 medici,
1588 1943 1744 1988 sanat
1800 1934 2080 1989 oculorum
2119 1912 2161 1967 Β
2185 1956 2307 2010 qua:
2346 1939 2660 1995 oﬂ‘eruntur
2693 1948 2748 1993 et
2775 1946 3029 2009 aguntur,
3064 1936 3131 1990 ad
3162 1936 3290 2006 ejus
3324 1932 3550 2005 gloriam
3592 1948 3748 1985 mensa

497 2026 873 2097 egritudines.
904 2025 995 2081 Sal
1019 2027 1162 2082 enim
1182 2028 1547 2098 apostolorum
1584 2028 1885 2083 doctrinam
1919 2029 2085 2099 signi-

500 2115 650 2183 ﬁcat,
681 2117 749 2172 ad
789 2132 926 2189 quos
957 2118 1158 2172 dicitur
1184 2136 1198 2172 :
1232 2118 1329 2173 Vos
1361 2121 1483 2173 estis
1529 2119 1611 2173 sal
1647 2130 1799 2175 terra:
1823 2120 1889 2175 ³ο.
1919 2119 2085 2174 Recte

502 2217 686 2263 autem
714 2208 772 2263 in
808 2207 992 2264 multis
1025 2209 1156 2266 locis
1181 2210 1419 2281 mysticae
1450 2226 1674 2275 mensa},
1708 2211 1808 2281 ipsi
1855 2210 2085 2280 apostoli

505 2309 559 2355 et
584 2301 833 2356 doctrina
860 2316 1051 2356 eorum
1081 2312 1380 2373 ponuntur,
1438 2304 1565 2373 quia
1618 2304 2080 2373 quemadmodum

504 2393 642 2463 ipsis
700 2393 987 2461 Dominus,
1026 2394 1105 2450 sic
1143 2394 1246 2465 ipsi
1300 2396 1456 2450 nobis
1485 2396 1684 2450 divinae
1731 2412 1900 2451 cmnae
1933 2411 2087 2451 com-

504 2486 823 2541 munionem
856 2486 1217 2552 tradiderunt,
1249 2503 1483 2557 quorum
1524 2505 1709 2544 mensa
1742 2492 1968 2551 munda,
2002 2490 2087 2543 vi-

502 2579 699 2634 delicet
742 2579 934 2647 altare,
972 2579 1170 2650 dequo
1219 2580 1385 2635 David
1434 2582 1730 2651 psallebat:
1774 2581 1984 2635 Parasti
2033 2584 2087 2635 in

504 2682 776 2743 conspectu
816 2689 928 2727 meo
972 2690 1225 2739 mensam,
1277 2674 1526 2729 adversus
1567 2693 1651 2730 eos
1700 2678 1789 2747 qui
1835 2676 2085 2730 tribulam

504 2780 587 2820 me
615 2766 681 2821 ²¹.
709 2764 832 2820 Ilzec
870 2765 1071 2821 munda
1103 2774 1188 2822 est
1230 2768 1466 2838 primum
1497 2768 1718 2839 quidem
1754 2770 1892 2825 sicut
1926 2786 2089 2823 mun-

503 2858 663 2924 dans,
700 2858 898 2914 deinde
924 2858 1066 2913 sicut
1101 2859 1237 2914 nihil
1275 2861 1567 2927 mendacii,
1614 2878 1718 2918 nec
1758 2863 2086 2931 infectionis,

504 2950 684 3019 qualia
706 2959 833 3006 sunt
854 2950 908 3005 in
939 2952 1209 3023 mysteriis
1231 2969 1590 3025 paganorum,
1617 2956 1824 3013 habens
1846 2958 2087 3027 insuper,

504 3042 634 3113 quia
663 3058 775 3097 non
799 3042 926 3097 licet
954 3044 1271 3115 participem
1304 3047 1447 3102 illius
1477 3046 1595 3101 ﬁeri
1639 3064 1788 3115 eum,
1836 3049 1929 3119 qui
1980 3065 2087 3104 non

507 3134 714 3189 mundo
746 3135 957 3190 accedit
981 3150 1165 3203 sensu,
1190 3154 1367 3209 neque
1413 3140 1634 3195 indutus
1661 3151 1746 3196 est
1764 3149 1913 3196 veste
1944 3141 2088 3205 alba,

504 3225 724 3296 qualem
752 3226 846 3297 qui
876 3227 1101 3284 indutus
1127 3245 1236 3283 non
1275 3231 1439 3285 fuerit
1468 3232 1751 3303 projicitur
1778 3248 1846 3288 ex
1870 3233 1969 3297 eis,
1995 3233 2087 3303 qui

505 3318 683 3376 vocati
711 3327 841 3374 sunt
865 3320 932 3375 ad
962 3336 1173 3375 etenam
1202 3322 1343 3378 hanc
1369 3338 1588 3394 semper
1625 3325 1691 3379 ¹’.
1740 3323 1849 3380 Sed
1890 3334 1945 3380 et
1996 3326 2087 3380 die

510 3410 872 3466 Sabbatorum
901 3412 1149 3483 pracipit
1173 3414 1323 3483 poni,
1349 3415 1583 3485 primum
1610 3416 1852 3486 quidem,
1884 3417 2008 3485 quia
2033 3425 2090 3472 et

506 3501 567 3555 in
594 3502 917 3575 intelligibili
957 3505 1145 3573 requie
1175 3520 1296 3575 quae
1324 3516 1408 3561 est
1440 3522 1631 3562 verum
1662 3506 1979 3572 Sabbatum,
2008 3509 2089 3562 lo-

509 3610 633 3651 cum
659 3594 844 3661 habet,
870 3605 925 3651 et
950 3597 1053 3652 hoc
1077 3608 1161 3653 est
1185 3614 1372 3655 mensa
1400 3601 1635 3665 Domini,
1666 3602 1768 3656 etsi
1794 3616 1948 3656 coena
1973 3603 2092 3671 ejus

521 3696 608 3742 est
643 3703 806 3753 nova,
847 3689 1306 3757 quemadmodum
1360 3692 1488 3746 licet
1513 3693 1565 3746 in
1618 3693 1723 3757 his,
1773 3709 1895 3763 quae
1947 3694 2091 3749 dicta

511 3789 643 3838 sunt
687 3796 717 3835 α
760 3781 989 3836 1)οωίηο
1027 3782 1095 3837 de
1144 3783 1312 3839 calice
1356 3785 1482 3840 vitae
1510 3795 1749 3849 aeternas,
1795 3786 2091 3855 conjicere.

511 3872 649 3939 Quia
697 3882 878 3927 autem
925 3890 1035 3927 non
1079 3873 1279 3929 frustra
1325 3876 1462 3943 haec,
1491 3893 1612 3947 quae
1643 3893 1789 3933 nunc
1819 3878 2094 3949 lcgislator

513 3963 785 4033 exposuit,
816 3963 873 4017 in
911 3963 1195 4035 Unigeniti
1223 3967 1525 4037 accipimus
1550 3984 1757 4033 mensa,
1794 3984 1895 4023 nec
1922 3970 2096 4039 loqui-

514 4070 638 4108 tnur
688 4065 1021 4127 arroganter,
1064 4068 1160 4111 aut
1200 4058 1501 4113 scurriliter
1547 4060 1903 4129 exquirimus,
1949 4061 2094 4130 quod

516 4160 624 4198 non
653 4146 722 4200 ad
750 4144 1109 4201 intentionem
1135 4146 1271 4218 legis
1299 4149 1558 4218 pertinet,
1590 4151 1687 4205 sed
1719 4151 1828 4206 imo
1855 4152 2010 4205 valde
2041 4161 2097 4206 et

516 4249 645 4288 vere
694 4235 1041 4306 conjicimus,
1100 4238 1221 4309 ipsa
1284 4240 1523 4295 auditori
1576 4244 1738 4297 verba
1784 4245 2097 4300 satisfacere

516 4336 764 4396 possunt,
815 4327 871 4381 iu
906 4328 1106 4398 quibus
1153 4330 1243 4386 hic
1314 4332 1536 4402 proprie
1593 4333 1812 4389 locutus
1856 4336 2095 4400 videtur,

502 4406 592 4473 ait
618 4419 765 4473 enim
794 4436 808 4473 :

590 4510 655 4569 Ut
704 4513 773 4567 sit
832 4513 985 4582 panis
1038 4514 1095 4568 in
1125 4516 1502 4571 monimentum
1534 4518 1810 4573 oblationis
1857 4518 2096 4574 Domini.

2192 2040 2301 2099 est,
2327 2046 2490 2101 quam
2523 2030 2592 2086 de
2619 2029 2885 2085 sacriﬁcio
2907 2045 3009 2084 suo
3054 2027 3314 2083 Christus
3339 2025 3605 2097 praponit.
3638 2024 3744 2078 Nam

2176 2139 2297 2177 'non
2329 2123 2648 2192 simpliciter
2670 2121 2826 2185 dixit,
2859 2120 2984 2191 quia
3013 2129 3271 2174 sanctum
3317 2125 3621 2172 sanctorum
3649 2125 3746 2168 est:

2187 2216 2286 2271 sed
2322 2216 2527 2271 addidit
2561 2215 2859 2270 secundum
2895 2212 3060 2277 LXX,
3094 2212 3200 2282 ipsi
3240 2227 3355 2265 non
3394 2210 3563 2265 solum
3594 2209 3673 2279 qui
3693 2208 3747 2260 ab

2188 2324 2256 2365 eo
2305 2307 2737 2363 satisfactionem
2786 2305 2953 2360 habet
2994 2304 3090 2358 scd
3117 2313 3174 2357 et
3219 2301 3622 2357 subsistentiam
3659 2315 3746 2353 non

2189 2399 2523 2471 negligenter
2549 2414 2669 2453 eam
2702 2396 2798 2451 sed
2823 2395 3046 2467 proprio
3082 2394 3359 2465 sanguine
3392 2412 3403 2446 :
3430 2393 3518 2463 qui
3554 2407 3643 2463 pro
3668 2406 3745 2444 no-

2188 2490 2272 2546 bis
2304 2491 2509 2546 eﬁ'usus
2537 2498 2620 2544 est
2643 2489 2966 2544 ostendente
2996 2496 3051 2541 et
3074 2489 3477 2541 constituente.

2257 2583 2421 2638 Vens.
2440 2583 2626 2637 10-14.
2646 2600 2665 2634 r
2695 2583 2839 2637 Ecce
2863 2592 3044 2636 autem
3079 2594 3342 2650 egressus
3371 2578 3510 2631 ﬁlius
3538 2574 3743 2630 mulieris

2190 2675 2528 2742 Israelitidis,
2557 2690 2720 2745 quem
2751 2683 3039 2744 pepererat
3067 2674 3134 2726 de
3166 2674 3288 2727 viro
3340 2669 3586 2741 Egyptio
3628 2668 3743 2721 inter

2188 2770 2327 2824 ﬁlios
2355 2771 2543 2827 Israel.
2563 2770 2809 2840 jurgatus
2831 2778 2911 2822 est
2934 2768 2985 2820 in
3006 2767 3200 2820 castris
3226 2781 3355 2819 cum
3380 2766 3495 2818 viro
3518 2761 3737 2816 Israelita.

2189 2861 2433 2930 Cumque
2458 2861 2887 2931 blasphemasset
2906 2874 3101 2913 nomen
3123 2856 3363 2921 Domini,
3392 2864 3448 2909 ct
3474 2849 3740 2907 maledixi».

2189 2963 2273 3009 set
2288 2954 2358 3014 ei,
2386 2952 2653 3008 adductus
2680 2960 2763 3006 est
2780 2950 2845 3005 ad
2866 2950 3103 3021 Moysen.
3122 2949 3439 3004 Vocabatur
3460 2954 3627 2999 autem
3648 2959 3738 2995 tua-

2192 3055 2274 3101 tcr
2290 3046 2409 3115 ejus
2422 3044 2740 3106 Salomiteh,
2758 3044 2863 3097 lilia
2880 3043 3060 3105 Dabri,
3076 3042 3147 3097 de
3168 3042 3316 3095 tribu
3334 3039 3470 3093 Dan.
3494 3036 3737 3090 Miserum-

2191 3155 2297 3209 que
2328 3154 2452 3193 eum
2484 3138 2539 3192 in
2566 3152 2861 3201 carcerem,
2888 3136 3062 3191 donec
3085 3144 3334 3199 nossent,
3364 3131 3506 3202 quod
3529 3127 3695 3201 jussiss
3723 3134 3738 3177 t

2195 3230 2479 3284 Dominus.
2508 3228 2611 3294 Qui
2643 3229 2857 3283 locutus
2885 3236 2969 3281 est
2999 3227 3065 3281 ad
3100 3226 3348 3298 Moysen,
3381 3224 3561 3279 dicens
3587 3220 3736 3275 :Educ

2192 3322 2570 3392 blasphemum
2618 3321 2781 3375 istum
2817 3329 2967 3374 extra
3002 3328 3205 3382 castra,
3241 3327 3297 3372 et
3342 3324 3542 3387 ponant
3581 3325 3735 3366 omnes

2190 3415 2285 3486 qui
2316 3415 2628 3478 audierunt,
2665 3428 2860 3467 manus
2902 3428 3027 3467 suas
3058 3428 3226 3482 super
3258 3420 3422 3481 caput
3454 3409 3569 3478 ejus
3593 3412 3640 3460 et
3673 3403 3734 3455 la-

2191 3507 2343 3578 pidet
2367 3522 2491 3561 eum
2521 3506 2755 3576 populus
2781 3504 3085 3558 universus.
3140 3524 3160 3556 ι

2254 3598 2607 3653 Admirabilia
2638 3606 2692 3652 et
2720 3613 2865 3650 nunc
2893 3596 3051 3651 nobis
3079 3596 3359 3668 lcgislator
3375 3592 3551 3655 tradit,
3572 3589 3619 3643 in
3637 3585 3728 3655 qui-

2191 3687 2295 3742 bus
2328 3688 2548 3758 dignum
2579 3696 2663 3741 est
2693 3686 2877 3740 dicere
2914 3705 2925 3739 :
2964 3685 3137 3749 Quam
3171 3685 3355 3739 dulcia
3385 3681 3607 3755 faucibus
3632 3674 3722 3728 irrit

2194 3780 2401 3849 eloquia
2434 3789 2546 3844 tua,
2578 3778 2821 3842 Domine,
2856 3795 3012 3848 super
3042 3778 3145 3831 mel
3172 3788 3223 3831 et
3256 3780 3433 3849 favum
3466 3775 3539 3827 ori
3568 3766 3710 3824 meo".

2194 3869 2509 3925 Necessaria
2540 3869 2708 3934 enim,
2742 3879 2796 3923 et
2826 3870 2990 3924 nimis
3012 3868 3163 3922 utilia
3192 3868 3249 3922 in
3270 3864 3579 3936 imaginibus
3605 3854 3715 3915 vitis.

2195 3971 2250 4017 et
2271 3964 2439 4034 signis
2460 3962 2736 4026 animatis,
2760 3972 2815 4016 et
2837 3962 3191 4032 operantibus
3212 3961 3375 4014 modo
3399 3955 3606 4026 quodam
3624 3960 3716 4002 s-se

2197 4055 2543 4109 moventibus
2575 4054 2758 4109 tradit.
2796 4052 3044 4107 Exterior
3075 4053 3225 4106 enim
3268 4048 3523 4120 sapientia
3551 4050 3629 4101 est,
3666 4037 3717 4088 de

2195 4160 2301 4215 qua
2347 4145 2422 4199 ait
2454 4144 2650 4198 Paulus
2677 4162 2689 4197 :
2722 4142 2855 4209 Quia
2886 4143 3105 4198 stultam
3148 4144 3277 4213 fecit
3305 4141 3443 4194 Deus
3468 4130 3710 4205 sapientiam

2198 4237 2355 4306 hujus
2387 4236 2570 4290 mundi
2598 4237 2663 4290 ³⁸.
2703 4235 2773 4289 Et
2802 4252 2994 4289 rursus
3022 4253 3035 4288 :
3073 4233 3354 4304 Sapientia
3394 4230 3538 4298 hujus
3561 4217 3716 4278 mundi.

2197 4330 2424 4383 stultitia
2451 4338 2525 4382 est
2558 4329 2700 4396 apud
2729 4328 2895 4382 Deum
2918 4328 2982 4379 “.
3018 4326 3157 4380 Dicit
3190 4327 3340 4381 enim
3382 4336 3514 4382 eam,
3541 4327 3638 4385 qua:
3657 4316 3721 4360 εει

2199 4440 2324 4492 erga
2352 4438 2544 4477 cursus
2576 4422 2840 4484 siderum,
2873 4427 2928 4474 et
2958 4435 3241 4474 mensuras
3274 4417 3415 4479 caeli,
3444 4421 3495 4467 ct
3541 4407 3725 4463 aliorum

2202 4514 2359 4569 nobis
2422 4512 3057 4584 incomprehensibilium
3101 4510 3591 4583 pcrsrrutationem,
3629 4505 3723 4584 qua?

516 4602 672 4670 Quis,
704 4613 798 4659 aut
812 4605 879 4660 .in
903 4606 1061 4676 cujus
1083 4610 1650 4665 commemoratione?
1678 4610 1786 4666 Sed
1810 4611 1941 4667 illud
1968 4630 2096 4683 pro-
2132 4638 2176 4696 ο
2202 4608 2347 4677 apud
2395 4583 2676 4677 Egyptios
2724 4605 3104 4669 studebantur,
3138 4614 3192 4659 et
3232 4605 3340 4658 illic
3385 4583 3725 4696 quo-damma?

516 4697 603 4750 cul
620 4697 789 4753 dubio
814 4707 919 4762 est,
939 4700 1087 4768 quod
1114 4715 1173 4755 se
1199 4701 1405 4756 dixisse
1426 4701 1629 4757 Paulus
1656 4703 1952 4759 Dominum
1986 4714 2095 4758 tra-

513 4788 737 4844 dentem
768 4792 1082 4862 mysterium
1131 4793 1368 4864 scripsit.
1399 4793 1843 4866 Quotiescunque
1870 4797 1987 4851 haec
2015 4797 2096 4851 Ie-

517 4880 726 4945 ceritis,
786 4881 841 4934 in
896 4882 1211 4937 memoriam
1259 4885 1367 4939 mei
1420 4884 1606 4951 facite,
1661 4884 1860 4941 deinde
1910 4902 2099 4940 rursus

518 4971 760 5026 additum
791 4982 895 5028 est.

594 5060 701 5115 Per
746 5062 956 5132 singula
988 5062 1223 5118 Sabbata
1253 5066 1600 5121 mutabuntur
1640 5085 1821 5123 coram
1849 5068 2095 5134 Domino,

519 5156 746 5223 suscepti
762 5172 793 5208 a
810 5156 935 5223 ﬁliis
954 5155 1121 5209 Israel
1142 5159 1330 5227 findere
1344 5164 1677 5229 sempiterno.
1704 5163 1832 5217 Sive
1857 5172 1915 5217 ut
1933 5162 2096 5228 LXX,

524 5254 891 5299 testamentum
915 5246 1289 5313 sempiternum
1322 5264 1336 5300 :
1367 5248 1495 5303 illud
1528 5250 1716 5318 procul
1747 5250 1914 5303 dubio
1943 5262 2104 5305 testa-

522 5344 768 5391 mentum
803 5336 1010 5401 dicens,
1042 5338 1197 5407 cujus
1220 5336 1485 5395 Dominus
1513 5343 1732 5397 tradens
1759 5345 2098 5413 mysterium,

525 5429 859 5483 mentionem
882 5426 1028 5483 facit.
1056 5429 1162 5484 Sed
1197 5438 1251 5484 et
1284 5445 1384 5484 nos
1424 5431 1689 5498 dicentes,
1721 5443 1983 5503 quantum
2018 5453 2107 5489 ve-

524 5523 718 5586 ritatis,
748 5533 1123 5593 quantumque
1156 5524 1432 5595 dignitatis
1455 5526 1679 5591 habeat,
1708 5544 1836 5583 cum
1867 5530 2104 5585 maximo

527 5614 720 5671 timore
761 5625 817 5671 et
860 5632 1044 5673 amore
1080 5618 1421 5674 accedamus.
1484 5617 1621 5685 Quia
1663 5620 1920 5675 mundam
1974 5623 2105 5677 dicit

633 5811 676 5842 "
704 5809 842 5883 Gen.
876 5829 914 5878 t,
941 5812 1028 5866 27.
1108 5814 1154 5846 ’°
1177 5814 1368 5869 Matth.
1398 5833 1453 5883 v,
1486 5817 1577 5872 15.

525 5880 863 5947 cxvtn,105.
978 5884 1023 5915 "
1072 5885 1242 5939 ICor.
1281 5902 1318 5954 ι,
1345 5880 1448 5941 2οζ
1548 5887 1594 5919 ³⁸
1622 5887 1643 5941 Ι
1672 5888 1797 5944 Cor.
1845 5900 1928 5957 nt,
1961 5890 2043 5948 19.

1687 5819 1732 5849 II
1765 5819 1886 5850 ι).η1
1934 5838 2043 5850 vv"
2098 5822 2125 5850 l‘.‘

1765 5818 1911 5874 Psal.
1934 5838 2067 5886 χχιι,
2095 5822 2147 5878 5.
2264 5825 2307 5853 ¹²
2338 5825 2534 5878 Matth.
2565 5842 2667 5878 xxv

1765 5906 1797 5943 Γ.
1845 5900 1928 5957 tit,
1961 5890 2043 5948 I9.
2155 5895 2196 5925 ’7
2225 5892 2286 5946 Ill
2324 5894 2555 5965 I1cg.tv,
2580 5898 2667 5950 50.

2203 4698 2440 4763 initium,
2477 4707 2531 4753 et
2570 4697 2850 4767 praemium
2878 4696 3131 4765 sumpsit,
3167 4711 3327 4765 quam
3362 4706 3456 4745 nec
3480 4686 3657 4752 Moyses
3682 4688 3721 4724 ιη

2201 4792 2501 4846 Pharaonis
2548 4790 2821 4859 regalibus
2870 4789 3126 4850 nutritus,
3175 4784 3451 4859 ignoravit.
3494 4775 3585 4831 Sed
3620 4767 3726 4823 lib"

2202 4884 2409 4955 Regum
2441 4884 2613 4939 dicit:
2642 4881 2976 4937 Pra'cedebat
3030 4882 3295 4952 sapientia
3341 4866 3611 4931 Salomonis
3652 4876 3722 4962 5-0.-

2203 4984 2458 5051 pientiam
2512 4984 2749 5035 omnium
2795 4979 3174 5043 Orientalium,
3220 4989 3268 5034 et
3296 4968 3634 5058 ﬁgyptioruttt

2205 5076 2461 5130 lsraelitis
2495 5084 2675 5129 autem
2713 5075 2926 5136 mulier,
2964 5073 3148 5127 divina
3187 5070 3453 5137 Scriptura
3496 5050 3718 5150 videlicet.

2206 5169 2274 5223 dc
2301 5185 2406 5238 qua
2436 5169 2491 5221 in
2528 5167 2836 5222 Proverbiis
2865 5168 3065 5220 dictant
3106 5174 3189 5219 est
3217 5182 3230 5219 :
3265 5160 3447 5217 Mulier
3478 5145 3719 5238 intelligf'l’

2210 5263 2549 5327 benedicitur,
2609 5264 2849 5315 timorem
2905 5270 3082 5313 autem
3146 5255 3350 5311 Domini
3404 5231 3717 5335 ipsa-laud”:

2214 5355 2339 5423 quia
2376 5356 2671 5423 superﬂuas
2698 5354 3005 5423 quaestiones
3033 5351 3345 5420 relinquens,
3364 5331 3715 5425 adhaesit-timur:

2212 5418 2389 5495 divino
2419 5418 2485 5497 ἦ.
2533 5418 2657 5497 Non
2698 5418 2913 5513 oportet
2957 5457 3085 5512 ergo
3119 5435 3459 5494 lsraelitidcm
3485 5418 3713 5517 muliere":

2209 5544 2266 5589 et
2281 5535 2602 5604 sapientiam
2624 5510 2883 5605 spiritalis
2904 5510 3215 5603 Scriptura},
3235 5519 3467 5585 exteriori
3489 5510 3714 5598 sapientia!

2210 5628 2376 5691 coire,
2407 5627 2480 5680 ita
2506 5636 2564 5681 ut
2588 5636 2643 5681 et
2662 5627 3006 5696 subjiciatur,
3040 5634 3095 5679 ct
3115 5640 3240 5678 eum
3267 5620 3354 5691 qui
3381 5632 3439 5670 ex
3469 5608 3537 5663 eis
3571 5606 3713 5654 uasa-

2264 5825 2307 5853 si
2338 5825 2534 5878 Matth.
2565 5826 2728 5889 xxtt,l
2773 5838 2888 5890 qu.
3005 5822 3050 5851 υ
3083 5822 3119 5873 η
3155 5822 3278 5893 cur.
3310 5833 3376 5879 γ’,
3408 5808 3483 5863 16.
3578 5786 3702 5843 stips,

2780 5896 2824 5925 '°
2847 5894 3005 5948 l'rov.
3032 5907 3181 5959 xvin,
3214 5896 3263 5948 1.
