4032 6410
365 383 503 450 1105

1511 401 1591 460 IN
1624 398 2150 464 LEVITICUM.—
2186 398 2333 458 LIB.
2366 396 2497 460 VII.

3504 396 3640 462 1106

362 516 469 565 tur,
489 502 896 571 videlicetcum,
919 509 1011 578 qui
1034 526 1099 564 ex
1124 520 1351 581 utraque
1367 512 1618 578 docetur,
1640 532 1751 571 non
1775 518 1950 571 solum
1982 515 2029 570 Α
2054 512 2148 581 qui
2190 511 2528 567 maledixerit
2555 511 2665 566 Deo
2704 525 2823 574 suo,
2865 510 3104 579 portabit
3134 520 3418 580 peccatum
3454 528 3637 579 suum,

367 598 537 652 tilium
592 599 927 669 Israelitidis,
966 606 1061 660 sed
1100 616 1155 662 et
1180 607 1350 662 ﬁlium
1385 608 1621 681 Egyptii
1652 627 1945 675 esse,cum

363 690 540 759 sapiat
567 692 816 749 videlicet
842 712 963 763 quae
992 698 1225 770 Egyptii
1272 711 1419 765 sunt,
1452 712 1508 758 et
1556 705 1813 759 exterioni
1862 721 1947 759 sa-

364 782 585 851 pientia:
616 800 673 839 se
695 787 1011 859 coniungat,
1063 801 1119 845 et
1143 807 1205 845 ea
1232 809 1352 863 quae
1380 795 1489 850 illic
1539 806 1670 851 sunt
1698 798 1947 868 dogmata

364 871 613 927 obtinere
658 875 809 928 velit.
855 877 911 930 Si
958 879 1251 949 aliquando
1296 885 1398 939 hoc
1441 886 1533 941 ﬁet
1579 897 1636 942 et
1680 888 1949 958 quispiam

369 962 493 1021 talis
523 964 690 1019 fuerit
731 966 874 1022 inter
905 969 1043 1025 ﬁlios
1080 972 1429 1045 intelligibilis
1460 978 1631 1034 ﬁdelis
1672 979 1856 1046 Israel,
1897 991 1953 1037 et

366 1054 421 1106 in
449 1057 662 1121 castris,
704 1060 849 1127 quod
876 1069 958 1115 est
988 1062 1247 1129 Ecclesia,
1284 1084 1446 1137 quam
1476 1069 1645 1126 Jacob
1682 1072 1738 1125 in
1777 1072 1950 1144 ﬁgura

368 1162 469 1214 per
519 1151 796 1205 somnium
848 1153 1062 1219 videns,
1101 1154 1364 1215 dicebat:
1414 1160 1604 1216 Castra
1667 1164 1768 1218 Dei
1819 1176 1951 1220 'sunt

363 1241 473 1293 [nec
505 1243 569 1307 '9,
597 1250 652 1295 et
688 1254 772 1299 est
801 1262 864 1301 ex
904 1245 1226 1317 Israelitide,
1252 1262 1308 1307 et
1349 1252 1612 1320 Israelita,
1672 1257 1943 1323 rixentur,

365 1334 458 1403 qui
492 1351 720 1406 magnus
742 1348 843 1401 est,
875 1349 931 1393 et
971 1343 1210 1397 mundus
1240 1354 1295 1399 et
1323 1347 1413 1415 qui
1438 1362 1497 1402 se
1528 1349 1809 1419 sapientiae.
1852 1351 1945 1405 Dei

368 1434 541 1479 totum
575 1426 746 1492 dedit,
775 1437 829 1482 et
870 1430 963 1499 qui
994 1432 1127 1486 dicit
1163 1434 1305 1489 sicut
1344 1436 1575 1493 Paulus:
1624 1438 1956 1511 Sapientiam

367 1514 634 1584 loquimur
662 1519 801 1572 inter
836 1524 1113 1592 perfectos,
1144 1527 1459 1593 sapientiam
1504 1540 1683 1584 autem
1715 1550 1819 1586 non
1852 1536 1951 1588 lm-

367 1605 451 1675 ius
482 1610 683 1672 mundi,
716 1620 765 1664 et
802 1614 1098 1682 principum
1131 1619 1310 1671 surculi
1341 1620 1521 1689 hujus,
1562 1625 1653 1694 qui
1683 1626 1957 1680 destruen-

369 1711 458 1753 tur
471 1700 536 1754 ⁸⁸.
556 1701 822 1758 Rixentur
838 1715 1019 1759 autem
1037 1707 1105 1761 de
1132 1709 1330 1775 verbis,
1354 1723 1446 1766 aut
1471 1714 1812 1785 dogmatibus
1825 1735 1955 1773 con-

376 1794 686 1859 tendentes,
710 1804 765 1850 et
780 1796 1242 1867 blasphemaverit
1277 1802 1419 1858 ﬁlius
1434 1807 1676 1863 mulieris
1699 1810 1957 1865 Israeliti-

369 1886 456 1940 dis
498 1902 738 1941 nomen:
769 1888 840 1942 sit
876 1889 1022 1945 enim
1065 1892 1169 1948 hoc
1215 1898 1434 1964 quando
1474 1900 1519 1953 is
1551 1902 1645 1969 qui
1691 1903 1955 1973 sapientia

369 1980 629 2034 exteriori
656 1982 815 2036 laesus
855 1991 960 2048 est,
1006 1988 1343 2044 mentionem
1383 1991 1513 2047 facit
1553 1994 1781 2050 Christi.
1837 1997 1957 2051 VIIII

371 2071 543 2138 enim,
593 2072 721 2141 quia
744 2073 907 2129 nimis
961 2076 1319 2134 subtilitatem
1381 2098 1625 2154 sequens
1684 2086 1961 2157 legislator

372 2167 489 2220 ait:

444 2262 681 2332 Cumque
714 2264 1120 2333 blasphemasset
1152 2283 1359 2322 nomen.
1398 2266 1555 2335 Quod
1589 2281 1772 2325 autem
1797 2282 1960 2339 tacet,

377 2353 608 2406 necdum
640 2355 786 2408 enim
818 2357 1037 2425 quando
1066 2358 1172 2412 hoc
1212 2360 1565 2415 sanciebatur
1598 2372 1717 2416 erat
1750 2374 1962 2428 notum,

384 2443 506 2514 quia
522 2446 753 2499 necdum
781 2456 942 2501 natus
959 2458 1076 2502 erat
1101 2450 1167 2513 is,
1194 2451 1285 2519 qui
1313 2466 1381 2505 ex
1418 2452 1648 2522 virgine,
1679 2462 1735 2508 et
1760 2455 1962 2525 Spiritu

389 2547 565 2591 sancto
590 2538 907 2594 incarnatus
937 2549 1042 2605 est,
1081 2542 1148 2596 de
1179 2559 1288 2612 quo
1317 2544 1454 2599 dixit
1486 2546 1699 2601 Gabriel
1725 2565 1740 2601 :
1769 2549 1836 2603 Et
1877 2568 1966 2603 vo—

386 2638 566 2689 cabunt
618 2648 805 2685 nomen
856 2633 969 2700 ejus
1000 2634 1199 2699 Iesum,
1224 2638 1335 2706 ipse
1364 2638 1503 2690 enim
1565 2639 1963 2712 salvumfuciet

380 2725 631 2789 populum
670 2741 825 2778 suum
853 2742 885 2778 a
923 2728 1150 2794 peccatis
1196 2744 1376 2782 eorum
1417 2729 1484 2782 ⁸¹.
1536 2727 1738 2785 Paulus
1776 2742 1958 2786 autem

378 2827 644 2886 quantum
673 2820 742 2873 sit
782 2820 884 2874 hoc
922 2836 1120 2874 nomen
1148 2823 1446 2876 ostendens
1471 2822 1547 2877 ait
1577 2841 1590 2877 :
1640 2823 1705 2876 Et
1749 2825 1890 2878 dedit
1920 2826 1967 2878 ei

382 2907 524 2962 Deus
562 2924 749 2962 nomen
785 2924 940 2977 super
984 2927 1136 2963 omne
1184 2929 1392 2975 nomen,
1434 2922 1490 2965 ut
1524 2913 1580 2966 in
1611 2915 1817 2967 nomine
1842 2914 1967 2969 Jesu

380 3014 535 3053 omne
546 3016 677 3069 genu
693 3001 961 3068 ﬂectatur,
976 3002 1283 3066 caelestium,
1303 3006 1646 3068 terrestrium,
1668 3016 1715 3059 et
1732 3007 1968 3077 inferno-

382 3109 504 3145 rum
535 3090 848 3158 ".Quando
874 3110 1003 3166 ergo
1027 3095 1092 3161 is,
1122 3097 1216 3166 qui
1244 3097 1297 3149 in
1333 3097 1600 3168 sapientia
1632 3099 1877 3158 conﬁdit.
1914 3110 1969 3154 et

384 3184 623 3239 intendit
672 3186 958 3252 exteriori,
1013 3204 1135 3257 quae
1184 3188 1318 3243 dicit
1375 3205 1627 3260 parvum,
1685 3206 1967 3263 magnum,

392 3278 728 3344 maximum;
757 3288 813 3335 et
836 3281 1053 3351 gradus,
1072 3282 1215 3350 quod
1244 3281 1583 3351 impossibile
1602 3292 1705 3349 est,
1722 3282 1973 3352 exquiret

385 3369 442 3422 in
474 3369 780 3435 divinitate,
818 3371 1277 3441 blasphemaverit
1304 3389 1506 3427 nomen
1542 3372 1743 3429 Christi
1783 3393 1796 3428 :
1830 3376 1970 3429 blas-

382 3461 606 3531 phemat
631 3462 777 3515 enim
799 3459 1020 3526 Filium,
1043 3462 1134 3531 qui
1168 3478 1292 3517 eum
1318 3461 1462 3516 Patri
1491 3462 1625 3518 dicit
1658 3464 1923 3519 minorem
1955 3483 1968 3518 :

388 3562 546 3607 extra
598 3562 772 3608 castra
817 3555 1128 3609 necessarie
1175 3556 1484 3625 expellitur,
1516 3565 1571 3610 et
1598 3572 1628 3609 a
1658 3559 1973 3627 spectaculo

384 3644 645 3705 Ecclesiae
690 3645 964 3701 educitur.
1017 3645 1120 3713 Qui
1161 3658 1346 3702 autem
1389 3648 1701 3715 audierunt,
1770 3662 1975 3719 ponent

384 3751 581 3790 manus
601 3752 728 3791 suas
753 3752 918 3807 super
959 3749 1122 3809 caput
1149 3740 1270 3809 ejus
1309 3759 1324 3795 :
1357 3742 1710 3797 ostendentes
1748 3758 1847 3812 per
1882 3759 1973 3797 ca-

380 3837 502 3894 put,
531 3828 656 3898 quia
686 3838 851 3899 caput
877 3846 1001 3884 vere
1045 3831 1315 3899 Christus,
1362 3841 1525 3903 caput
1562 3842 1740 3888 autem
1770 3833 1972 3889 Christi

321 3952 338 3971 ε.
386 3923 532 3979 Deus
567 3944 579 3979 :
616 3927 741 3995 quia
767 3926 859 3996 qui
907 3928 1105 3983 Filium
1139 3929 1554 4001 blasphemavit,
1588 3938 1645 3985 et
1670 3930 1889 3986 Patrem
1916 3933 1970 3984 in

382 4018 478 4072 illo
509 4017 926 4088 blasphemavit.

444 4113 514 4165 Et
542 4112 738 4183 lapidet
766 4131 884 4168 eum
910 4115 1134 4184 populus
1164 4116 1452 4171 universus.
1476 4116 1580 4182 Qui
1611 4117 1873 4173 occidunt
1914 4129 1971 4172 et

384 4206 706 4273 disperdunt
734 4221 860 4260 eum
880 4207 973 4276 qui
1004 4207 1419 4277 blaSphemavit.
1453 4206 1559 4263 Sed
1590 4217 1645 4264 et
1666 4210 1784 4264 haec
1807 4211 1971 4264 verba

386 4299 550 4368 hujus
578 4298 878 4352 sanationis
898 4309 1202 4369 opportunae
1228 4308 1380 4361 uota,
1399 4316 1510 4371 quo
1534 4302 1697 4356 modo
1722 4301 1975 4357 adduxe-

392 4401 517 4444 runt
543 4407 668 4445 enim
694 4392 763 4446 ad
797 4389 1039 4462 Moysen.
1087 4390 1210 4460 Ipse
1257 4400 1447 4446 autem
1476 4407 1588 4446 non
1634 4407 1698 4447 ex
1733 4394 1974 4448 auctori-

394 4490 499 4537 tate
528 4482 661 4554 agit,
682 4498 787 4536 nec
819 4477 1029 4553 profert
1072 4490 1264 4539 contra
1311 4498 1439 4537 eum
1481 4486 1831 4551 sententiam,
1875 4487 1970 4541 sed

2053 604 2213 675 etqui
2231 605 2895 675 blasphemaveritnomen
2911 605 3146 667 Domini,
3168 613 3343 660 morte
3354 606 3637 659 moriatur.
3672 654 3675 657 .

2056 696 2355 768 Lqpidibus
2388 699 2667 768 opprimet
2692 713 2818 756 eum
2848 697 3030 751 omnis
3062 697 3377 763 multitudo,
3412 697 3526 751 sive
3554 696 3642 751 ille

2056 789 2191 843 civis
2243 790 2358 845 sive
2406 791 2728 861 peregrinus
2760 788 2968 844 fuerit.
3020 788 3126 855 Qui
3181 789 3644 861 blasphemaverit

2056 900 2257 940 nomen
2292 884 2534 949 Domini,
2561 891 2739 939 morte
2762 882 3049 937 moriatur.
3094 900 3113 934 ι

2126 978 2341 1033 Novum
2370 978 2482 1041 hic,
2544 987 2601 1032 et
2624 979 2770 1048 quod
2803 977 3097 1033 conturbet
3132 992 3295 1032 aures
3346 977 3642 1032 multorum

2058 1068 2362 1124 secundum
2416 1067 2714 1123 editionem
2767 1066 2911 1122 LXX
2945 1068 3197 1139 praecipit
3229 1086 3243 1123 :
3271 1067 3465 1131 Homo,
3491 1069 3645 1122 homo

2058 1162 2354 1232 quicunque
2396 1161 2732 1214 maledicerit
2784 1160 2914 1226 Deo,
2964 1169 3237 1230 peccatum
3259 1161 3501 1229 accipiet,
3556 1162 3645 1230 qui

2058 1263 2235 1307 autem
2275 1254 2514 1307 nominat
2558 1268 2745 1306 nomen
2789 1252 3029 1320 Domini,
3076 1264 3243 1307 morte
3271 1254 3554 1307 moriatur.
3581 1252 3647 1307 Et

2058 1344 2490 1415 blasphemando
2518 1344 2709 1409 Deum,
2732 1343 3018 1400 nominare
3038 1360 3237 1400 nomen
3273 1343 3488 1398 Domini
3525 1360 3648 1416 grav

2060 1440 2180 1494 vius
2206 1446 2292 1494 est
2319 1456 2331 1492 :
2361 1453 2488 1492 nam
2518 1436 2611 1491 ille
2639 1436 2859 1506 quidem
2890 1445 3177 1506 peccatum
3209 1437 3409 1507 accipit
3438 1437 3645 1495 solum-

2062 1530 2245 1594 modo,
2282 1529 2372 1583 ille
2405 1536 2459 1585 et
2508 1544 2726 1597 poenam
2779 1528 3015 1583 sustinet
3056 1528 3266 1583 mortis.
3313 1527 3448 1594 Quae
3496 1529 3645 1583 enim

2061 1619 2372 1675 diﬁ‘erentia
2406 1620 2548 1673 inter
2562 1618 2852 1673 Dominum
2877 1628 2933 1673 et
2960 1619 3133 1674 Deum
3164 1620 3405 1675 ?Nonne
3424 1620 3513 1675 hic
3544 1620 3647 1675 iste

2063 1712 2177 1780 ipse
2206 1720 2291 1766 est
2312 1711 2403 1781 qui
2431 1711 2568 1766 dixit
2592 1729 2605 1764 :
2628 1712 2788 1776 Audi,
2831 1710 3024 1777 Israel,
3054 1711 3309 1766 Dominus
3336 1712 3475 1766 Deus
3502 1722 3644 1779 tuus,

2064 1802 2202 1857 Deus
2232 1820 2365 1856 unus
2393 1812 2469 1857 est
2501 1804 2567 1857 ³⁵.
2596 1804 2665 1858 Et
2690 1820 2881 1858 rursus
2904 1823 2917 1857 :
2942 1803 3144 1875 Diliges
3169 1804 3451 1858 Dominum
3476 1805 3646 1859 Deum

2063 1908 2210 1951 tuum
2231 1914 2293 1951 ea:
2311 1906 2417 1950 toto
2435 1897 2589 1950 corde
2616 1895 3068 1959 tuo".Quomodo
3096 1912 3225 1967 ergo
3248 1896 3341 1965 qui
3367 1896 3647 1951 maledixit

2062 1990 2195 2053 Deo,
2228 1997 2514 2058 peccatum
2551 1989 2769 2057 accipit,
2802 1988 2895 2057 qui
2929 1996 3112 2042 autem
3152 1987 3516 2041 nominaverit
3542 2001 3645 2038 no-

2063 2097 2187 2135 men
2217 2079 2438 2134 Domini
2471 2089 2648 2135 morte
2683 2081 2948 2136 morietur
2975 2082 2999 2134 ?
3031 2080 3139 2135 Aut
3166 2081 3324 2150 cujus
3370 2080 3445 2134 rei
3476 2081 3648 2151 gratia

2069 2172 2296 2225 omnino
2346 2188 2525 2242 paena:
2575 2173 2936 2237 submittitur,
2984 2172 3078 2243 qui
3136 2172 3387 2227 nominat
3447 2188 3647 2227 nomen

2067 2264 2320 2319 Domini?
2349 2263 2603 2319 Invenies
2629 2265 2775 2318 enim
2810 2264 3002 2319 Isaiam
3029 2265 3397 2320 exsultantem
3427 2265 3485 2319 in
3518 2264 3644 2327 hoc,

2064 2370 2121 2411 et
2148 2358 2423 2411 dicentem
2457 2375 2470 2410 :
2504 2355 2744 2422 Domine,
2776 2366 2927 2409 extra
2974 2366 3023 2409 te
3055 2357 3223 2410 alium
3248 2358 3530 2420 nescimus,
3564 2372 3652 2409 no-

2067 2465 2185 2531 m.en
2228 2457 2376 2501 tuum
2415 2449 2747 2501 nominamus
2767 2447 2830 2500 ³⁷.
2852 2446 3007 2512 Quod
3049 2461 3178 2517 ergo
3202 2461 3404 2501 nomen
3436 2446 3649 2501 Domini

2066 2546 2188 2614 quis
2222 2543 2533 2608 nominans,
2570 2543 2671 2599 sub
2699 2543 2992 2597 maledicto
3029 2549 3085 2597 et
3116 2541 3220 2596 sub
3264 2556 3425 2611 paena
3460 2542 3652 2596 mortis

2066 2636 2349 2691 efﬁcitur?
2384 2634 2664 2704 Siquidem
2698 2634 2917 2703 aliquod
2954 2633 3131 2687 latens
3168 2647 3392 2695 nomen,
3418 2639 3474 2684 et
3507 2632 3653 2700 quod

2068 2744 2169 2782 nos
2191 2727 2528 2799 ignoramus,
2561 2724 2842 2796 legislator
2859 2739 3008 2777 nunc
3036 2722 3187 2785 dicit,
3214 2722 3361 2792 quod
3404 2720 3460 2775 in
3504 2720 3655 2775 Scri-

2070 2829 2230 2889 ptura
2282 2832 2435 2873 sacra
2479 2831 2587 2869 non
2613 2823 2698 2870 est
2720 2814 3129 2868 manifestatum
3158 2831 3170 2866 :
3203 2812 3477 2883 quomodo
3503 2811 3655 2881 quis-

2070 2914 2216 2983 piam
2246 2912 2346 2965 hoc
2381 2910 2646 2971 nominet,
2681 2906 2825 2978 quod
2853 2921 2963 2960 non
2994 2905 3183 2960 didicit
3208 2945 3222 2967 ,
3258 2920 3362 2960 nec
3407 2904 3477 2958 ad
3540 2920 3655 2957 me-

2070 3005 2220 3059 dium
2259 3002 2504 3073 proferre
2525 3000 2750 3072 potest?
2786 2998 2920 3054 Vide
2947 3006 3129 3053 autem
3158 2996 3290 3067 quid
3327 2997 3485 3053 nobis
3512 2997 3659 3053 Deus

2072 3112 2170 3166 per
2218 3095 2438 3166 Moysen
2504 3090 2939 3147 manifestaverit
2976 3107 2991 3145 :
3029 3089 3268 3158 Cumque
3312 3088 3657 3143 descendisset

2083 3188 2339 3241 Dominus
2382 3202 2475 3253 per
2511 3184 2721 3247 nubem,
2752 3184 2895 3236 stetit
2925 3198 3043 3235 cum
3068 3198 3127 3234 eo
3152 3181 3373 3251 Moyses,
3409 3181 3657 3234 invocans

2079 3294 2265 3331 nomen
2311 3276 2546 3337 Domini,
2572 3291 2673 3344 quo
2706 3282 3007 3327 transeunte
3023 3289 3206 3341 coram
3238 3288 3298 3325 eo
3327 3272 3406 3325 ait
3426 3288 3444 3324 :
3469 3271 3657 3324 Domi-

2076 3378 2230 3424 nator
2244 3367 2463 3421 Domine
2474 3365 2613 3419 Deus
2631 3364 2926 3417 misericors
2943 3372 2990 3415 et
3008 3362 3229 3415 clemens
3245 3361 3309 3416 ³⁸.
3326 3361 3445 3416 Non
3473 3369 3655 3415 autem

2077 3464 2182 3517 hoc
2226 3461 2390 3515 nobis
2435 3457 2831 3521 manifestaret,
2881 3455 2926 3509 si
2957 3470 3058 3509 nos
3084 3455 3187 3509 hoc
3216 3470 3325 3508 non
3370 3452 3658 3508 nominare

2074 3555 2355 3611 voluisset.
2382 3552 2490 3607 Sed
2519 3551 2663 3605 aliud
2694 3564 2841 3604 nunc
2870 3564 2969 3617 per
2999 3546 3340 3614 praesentiam
3386 3545 3659 3617 legislator

2075 3649 2415 3703 demonstrat
2442 3660 2455 3696 :
2492 3642 2639 3696 illam
2658 3640 2804 3695 enim
2828 3636 3248 3709 blasphemiam,
3280 3652 3444 3707 quam
3473 3636 3656 3690 scien-

2075 3745 2146 3799 do
2166 3742 2289 3813 quis
2318 3737 2629 3802 committit,
2662 3737 2806 3791 hanc
2835 3736 2937 3789 sub
2975 3749 3135 3803 poena
3169 3733 3404 3789 maxima
3435 3746 3579 3795 esse,
3604 3738 3659 3784 et

2075 3853 2186 3891 non
2203 3834 2472 3891 venialem
2494 3832 2632 3887 vult.
2656 3828 2723 3883 Et
2735 3829 2839 3883 hoc
2855 3827 2988 3882 dicit
3010 3836 3216 3897 aperte,
3231 3824 3377 3896 quod
3404 3824 3461 3878 in
3476 3823 3657 3877 Evan-

2074 3927 2231 3999 geliis
2266 3924 2529 3980 Dominus
2554 3921 2626 3976 ait
2664 3918 2870 3974 :Omne
2907 3926 3201 3986 peccatum,
3233 3925 3281 3968 et
3332 3912 3660 3982 blasphemia

2076 4019 2373 4072 dimittetur
2400 4012 2717 4067 hominibus.
2750 4009 2853 4074 Qui
2881 4017 3065 4062 autem
3091 4006 3284 4059 dixerit
3312 4013 3497 4057 contra
3531 4000 3660 4071 Spi-

2076 4112 2239 4165 ritum
2262 4114 2527 4167 sanctum,
2548 4119 2650 4157 non
2667 4101 2964 4155 dimittetur
2983 4098 3052 4163 ei,
3078 4112 3243 4166 neque
3258 4096 3315 4148 in
3333 4096 3427 4148 hoc
3444 4091 3658 4157 saeculo,

2077 4219 2243 4275 neque
2278 4202 2335 4254 in
2370 4201 2548 4271 futuro
2575 4196 2638 4250 ³³.
2665 4191 3070 4263 Blasphemiam
3108 4188 3355 4259 spiritus,
3385 4203 3506 4242 eam
3534 4201 3659 4255 qua:

2076 4297 2133 4351 in
2164 4292 2392 4350 scientia
2417 4291 2512 4344 Dei
2537 4287 2914 4350 committitur,
2938 4281 3333 4353 blasphemiam
3356 4279 3659 4350 appellans,

2076 4388 2203 4459 quia
2231 4384 2458 4442 scientia
2499 4384 2704 4437 donum
2737 4386 2823 4433 est
2850 4377 3163 4449 specialiter
3204 4374 3463 4445 Spiritus,
3492 4374 3565 4426 ita
3602 4379 3656 4425 ut

2076 4468 2278 4535 Paulus
2307 4478 2515 4533 diceret
2534 4494 2546 4529 :
2564 4474 2703 4529 Huic
2731 4471 2941 4541 quidem
2973 4470 3133 4523 datur
3151 4483 3245 4536 per
3260 4466 3521 4536 Spiritum
3545 4480 3656 4517 ser-

387 4574 537 4628 misit
563 4591 687 4629 eum
732 4576 786 4628 in
820 4590 1116 4637 carcerem,
1151 4584 1210 4629 ut
1264 4574 1588 4644 diiudicaret
1637 4590 1732 4643 per
1766 4592 1970 4646 przece—
2006 4597 2049 4653 ι)
2080 4591 2162 4628 mo
2189 4571 2488 4640 sapientiae,
2519 4567 2614 4621 alii
2643 4581 2814 4620 sermo
2833 4563 3065 4617 scientia:
3092 4560 3161 4613 ‘°.
3191 4558 3558 4653 Quamobrem
3606 4565 3656 4653 et

388 4678 541 4738 ptum
576 4669 806 4723 Domini.
832 4668 968 4722 Nam
999 4667 1233 4722 Mosaica
1266 4668 1372 4731 lex,
1396 4669 1523 4724 odio
1557 4668 1777 4738 quidem
1810 4669 1973 4724 habet

390 4760 508 4831 ipsa
523 4759 722 4817 Filium
753 4759 1247 4829 blasphemantem,
1271 4760 1416 4830 quod
1444 4760 1792 4814 manifestum
1809 4768 1892 4814 est
1908 4777 1972 4814 ex

390 4869 482 4916 eo,
509 4852 658 4923 quod
692 4851 1007 4921 frequenter
1039 4849 1326 4907 Trinitatis
1363 4852 1604 4907 insinuat
1631 4852 1970 4923 mysterium,

392 4944 529 5017 (non
567 4944 784 5014 quidem
829 4950 1039 5013 aperte,
1068 4958 1174 5002 nec
1212 4943 1289 4997 sic
1318 4942 1481 5012 plane
1507 4942 1575 4998 de
1606 4959 1667 4998 ea
1710 4943 1971 5013 loquitur,

400 5035 547 5089 sicut
597 5032 995 5105 Evangelium),
1017 5042 1073 5088 et
1101 5040 1389 5103 pr0pterea
1438 5047 1564 5085 eum
1610 5032 1678 5086 ad
1708 5032 1973 5102 judicium

392 5126 776 5181 mandatorum
807 5124 1019 5179 Domini
1070 5125 1388 5179 reservavit.
1439 5122 1973 5188 Quorum?lllorum

393 5223 668 5285 videlicet,
698 5237 819 5291 qua:
844 5222 1067 5276 dicunt:
1091 5218 1191 5285 Qui
1217 5236 1319 5273 non
1345 5218 1509 5271 credit
1555 5214 1664 5270 inF
1668 5215 1815 5268 ilium
1853 5216 1973 5285 jam

389 5316 661 5384 judicatus
708 5323 782 5368 est
811 5314 877 5366 ³³.
905 5314 975 5367 Et
1006 5327 1195 5366 rursus
1216 5330 1229 5365 :
1249 5310 1306 5367 Si
1336 5327 1439 5364 non
1468 5310 1812 5372 credideritis,
1849 5310 1973 5378 quia

403 5420 489 5474 -go
515 5420 651 5465 sum,
670 5404 967 5456 moriemini
989 5402 1045 5455 in
1063 5403 1285 5469 peccatis
1305 5400 1557 5454 vestris”.
1582 5398 1854 5468 Multaque
1872 5398 1974 5453 alia

402 5495 523 5549 :alia
545 5495 597 5546 in
626 5492 954 5561 evangelicis
992 5492 1279 5561 prteceptis
1310 5490 1474 5544 dicta.

470 5582 632 5638 Vens.
670 5585 849 5638 1546.
896 5604 912 5635 ι
956 5582 1021 5638 Et
1053 5584 1117 5639 ad
1150 5584 1286 5637 ﬁlios
1306 5582 1470 5636 Israel
1510 5580 1777 5651 loqueris:
1805 5580 1976 5634 Homo

475 5742 520 5771 ’θ
559 5740 689 5790 non.
750 5754 921 5795 xxxii,
953 5738 1007 5790 ‘2.

412 5810 493 5864 21,
606 5812 649 5841 ³⁵
690 5809 728 5857 It
768 5820 842 5859 ut.
878 5826 949 5871 γι,
981 5809 1033 5862 4.

409 5880 455 5912 ⁸⁸
492 5880 665 5935 Illor.
700 5896 795 5947 xu,
832 5880 882 5931 8.

1115 5809 1156 5837 3‘
1184 5807 1331 5862 Matt!

1121 5738 1165 5767 ³ο
1201 5736 1228 5823 Ι.
1252 5736 1381 5789 Cor.
1418 5750 1479 5796 ιι,
1514 5733 1639 5819 6.--
1681 5736 1719 5766 ³³
1752 5735 1883 5823 Ιςᾳς.
1916 5750 1955 5789 ι.
1986 5731 2073 5784 51.
2143 5732 2197 5814 3’
2233 5728 2425 5794 Philip.
2463 5743 2523 5808 Ir.
2557 5726 2639 5779 I0.

2081 4680 2230 4721 nunc
2261 4660 2521 4730 intelligis
2546 4656 2876 4713 maledicere
2920 4654 3114 4713 Deum,
3154 4650 3245 4720 qui
3290 4662 3401 4702 non
3438 4648 3658 4702 sciendo

2082 4756 2445 4827 blaSphemat.
2468 4751 2628 4807 Unde
2642 4763 2745 4803 nec
2758 4746 3141 4816 blasphemare
3157 4758 3283 4796 eum
3300 4740 3658 4810 Symmachus

2082 4850 2224 4906 sicut
2252 4846 2424 4901 ﬁlium
2445 4841 2704 4897 mulieres
2730 4836 3047 4893 Israelitidis
3080 4832 3319 4905 scripsit,
3358 4831 3454 4887 sed
3475 4831 3656 4885 detra-

2082 4944 2237 4997 here.
2267 4938 2409 4993 Dixit
2433 4936 2581 4992 enim
2614 4952 2627 4988 :
2659 4932 2830 4986 Homo
2851 4930 2941 5001 qui
2969 4928 3258 4984 detraxerit
3291 4925 3400 4979 Deo
3438 4941 3550 4978 suo.
3593 4923 3663 4978 Et

2081 5044 2180 5101 per
2209 5030 2314 5083 hoc
2342 5026 2576 5081 maxime
2606 5020 2931 5086 ostenditur,
2963 5018 3088 5089 quia
3115 5032 3215 5087 per
3247 5014 3474 5069 nimiam
3508 5012 3663 5082 igno-

2079 5121 2334 5183 rantiam,
2362 5134 2425 5174 ea
2449 5120 2517 5173 de
2546 5119 2675 5181 Deo,
2695 5130 2817 5185 quae
2848 5113 2917 5168 de
2940 5111 3162 5167 homine
3184 5110 3350 5164 habet
3379 5107 3437 5161 in
3460 5105 3660 5176 quibus

2078 5215 2257 5269 locum
2298 5213 2465 5267 habet
2495 5208 2777 5273 detractio,
2820 5206 3025 5261 dicere.
3066 5203 3457 5258 Verumtamen
3495 5206 3552 5253 et
3583 5197 3663 5253 sic

2080 5313 2364 5375 peccatum
2379 5302 2597 5371 accipit,
2616 5300 2741 5370 quia
2762 5299 2891 5354 dum
2908 5298 3134 5352 deberet
3150 5295 3435 5351 scientiam
3453 5292 3661 5347 habere

2079 5409 2187 5448 non
2211 5391 2420 5447 habuit.
2436 5389 2732 5444 Nominare
2748 5394 2928 5441 autem
2948 5400 3147 5439 nomen
3174 5383 3388 5438 Domini
3415 5382 3471 5435 in
3491 5379 3663 5433 male-3

2083 5485 2319 5541 dicendo
2359 5482 2433 5539 ait
2470 5498 2619 5546 eum,
2671 5479 2765 5550 qui
2828 5479 2884 5533 in
2918 5478 3146 5532 scientia
3183 5476 3545 5545 blasphemat.
3589 5470 3657 5524 Ili

2085 5585 2266 5632 autem
2298 5574 2517 5646 pronrie
2552 5571 2838 5626 Dominum
2881 5570 3185 5633 nominant,
3212 5566 3303 5636 qui
3325 5565 3445 5632 eius
3482 5563 3659 5617 scicn-

2718 5700 3052 5781 33.Ivansm,
3098 5720 3179 5769 18.
3258 5718 3480 5771 “Joau.
3533 5731 3653 5781 vtn,

2796 5794 2819 5803 "
2960 5796 3001 5825 ³⁸
3034 5789 3222 5844 Matth.
3259 5803 3355 5856 xu,
3389 5787 3479 5839 51.
