3928 6410
503 397 640 464 1107

1692 422 2058 484 HESYl‘HII
2104 426 2584 488 PRESBYTERI

3650 431 3765 497 “"8
3826 497 3832 508 ,

493 519 617 572 tiam
657 520 1072 589 conquisierunt
1105 540 1202 594 per
1233 526 1522 597 Spiritum.
1554 531 1723 587 Nemo
1760 538 1896 590 enim
1920 551 2089 607 potest
2125 553 2166 600 Α
2197 540 2303 594 Sed
2331 549 2386 596 et
2415 542 2458 595 si
2485 540 2816 613 percusserit
2845 539 3068 604 animal,
3110 539 3383 596 videlicet
3427 556 3551 599 eum
3575 543 3660 610 qui
3683 560 3767 612 pe-

492 611 715 665 dicere:
744 612 997 670 Dominus
1032 615 1205 684 Jesus,
1239 624 1699 689 quemadmodum
1730 627 1936 686 Paulus
1974 632 2071 697 ait,

495 703 597 755 nisi
616 703 668 756 in
692 702 892 774 Spiritu
919 717 1100 761 sancto
1122 710 1208 764 ⁶⁰“.
1234 710 1371 778 Quia
1399 731 1524 786 ergo
1553 717 1785 774 scientes
1818 721 2074 791 blasphe-

495 803 666 858 mant,
699 805 844 850 recte
870 812 998 852 sunt
1019 799 1138 854 sine
1169 802 1349 869 venia,
1387 804 1502 860 sive
1537 823 1566 860 a
1609 807 1860 864 Patribus
1892 813 2076 866 scien-

497 887 624 940 tiam
661 889 888 954 habent,
922 902 976 948 et
1005 895 1347 964 appellantur
1376 909 1600 970 propter
1629 901 1733 957 hoc
1761 904 1928 968 cives,
1961 909 2076 960 sive

495 979 657 1032 modo
690 995 809 1034 eam
859 982 1170 1040 didicerunt
1208 997 1264 1041 et
1295 1000 1581 1065 propterea
1609 1003 1740 1048 sunt
1781 997 2070 1068 peregrini.

493 1073 629 1124 Cum
659 1075 950 1128 imminant
990 1092 1122 1148 ergo
1147 1095 1351 1134 nomen
1388 1084 1630 1148 Domini,
1657 1096 1804 1142 recte
1835 1091 2074 1143 morien-

495 1175 583 1218 tur
617 1183 628 1217 :
665 1166 717 1219 id
767 1177 871 1228 est,
905 1184 1030 1223 cum
1073 1172 1356 1228 nominaut
1387 1185 1442 1230 et
1470 1177 1872 1248 blasphemant.
1911 1182 2076 1237 Vides

491 1266 642 1322 ergo,
668 1253 794 1322 quia
823 1265 878 1308 et
920 1256 1010 1311 ille
1044 1256 1309 1315 lsraelicaa
1337 1263 1584 1320 mulieris
1638 1268 1942 1322 nominavit
1975 1285 2074 1322 no-

492 1359 639 1408 men,
686 1356 741 1399 et
785 1346 1203 1416 blasphemavit,
1258 1369 1475 1422 poenam
1525 1357 1629 1411 sibi
1673 1360 2071 1428 superinduxit.

492 1434 599 1486 Sed
645 1434 699 1487 in
743 1435 846 1490 hac
879 1439 1161 1495 sanctione
1207 1441 1310 1496 hoc
1371 1446 1513 1512 quod
1564 1447 1778 1502 videtur
1823 1449 2073 1515 dubium,

488 1525 681 1594 Aquila
717 1529 932 1598 plani-us
960 1532 1150 1596 edidit,
1175 1533 1253 1588 ait
1280 1535 1427 1590 enim
1467 1556 1478 1588 :

575 1638 665 1692 Vir
685 1647 894 1711 quando
923 1644 1362 1715 blasphemaverit
1389 1648 1554 1702 Deum
1591 1668 1766 1715 suum,
1795 1664 1844 1716 et
1863 1672 2057 1735 accepe-

486 1731 558 1783 rit
607 1733 942 1804 iniquitatem
985 1739 1106 1802 sibi,
1144 1748 1192 1792 et
1213 1741 1554 1796 denominans
1598 1761 1786 1800 nomen
1837 1747 2073 1812 Domini,

489 1836 653 1882 morte
671 1828 948 1882 moriatur.
967 1830 1086 1884 Non
1103 1831 1256 1899 dixit,
1271 1834 1579 1902 nominans,
1596 1838 1691 1892 sed
1708 1840 2071 1907 denominans,

486 1923 548 1968 ut
572 1915 738 1980 hunc,
772 1917 965 1989 dequo
995 1935 1143 1976 nunc
1169 1938 1350 1978 sermo
1367 1934 1469 1987 est,
1503 1929 1665 1982 simul
1689 1930 2070 2001 blasphemare

485 2013 542 2056 et
578 2005 864 2062 nominare
899 2012 1235 2078 ostenderet,
1275 2029 1421 2079 eunt,
1467 2017 1560 2087 qui
1605 2019 1969 2090 blasphemat,
2013 2033 2069 2079 et

487 2093 733 2148 no'niuat
759 2112 956 2152 nomen
991 2099 1224 2164 Domini,
1257 2104 1510 2160 videlicet
1542 2109 1790 2177 spiritus,
1825 2111 1901 2166 ait
1938 2129 2068 2185 ergo

484 2185 686 2239 l’.mlns
741 2187 992 2244 Dominus
1026 2195 1165 2247 enim
1213 2195 1446 2266 Spiritus
1488 2211 1586 2255 est.
1633 2200 1794 2257 Hunc
1834 2207 1971 2260 mori
2013 2216 2068 2262 et.

483 2276 661 2329 occidi
698 2280 942 2350 prsecipit
971 2282 1270 2354 legislator,
1304 2298 1388 2342 est
1419 2299 1602 2345 autem
1645 2293 1690 2347 is
1713 2294 1805 2363 qui
1843 2296 2068 2351 sciendo

483 2366 848 2436 blasphemat,
888 2375 1032 2429 sicut
1057 2378 1225 2432 semel
1256 2379 1512 2436 diximus.

560 2459 718 2516 Vens.
757 2465 947 2520 17-22.
996 2487 1014 2518 ι
1061 2469 1162 2534 Qui
1200 2475 1533 2541 percusserit
1557 2486 1612 2531 et
1659 2479 1919 2535 occiderit
1964 2485 2065 2538 lm-

483 2553 710 2622 niinem,
757 2567 931 2613 morte
976 2563 1270 2619 moriatur.
1309 2565 1410 2639 Qui
1461 2572 1795 2638 percusserit
1840 2577 2063 2640 animal,

482 2646 672 2701 reddat
706 2648 990 2716 vicarium,
1021 2651 1074 2707 id
1111 2666 1192 2709 est
1215 2657 1455 2712 animam
1490 2675 1587 2730 pro
1619 2663 1825 2718 anima.
1860 2665 1963 2731 Qui
1995 2669 2067 2721 ir-

489 2740 758 2808 rogaverit
807 2743 1077 2797 maculam
1131 2747 1359 2802 cuilibet
1399 2751 1600 2807 civium
1640 2769 1890 2821 suorum,
1925 2759 2067 2814 sicut

480 2829 611 2885 fecit
643 2831 804 2886 faciat
843 2833 890 2887 ei
920 2850 934 2887 :
960 2833 1255 2895 fracturam
1290 2855 1388 2910 pro
1430 2842 1690 2909 fractura,
1724 2848 1943 2902 oculum
1968 2867 2065 2919 pro

478 2921 662 2985 ouillo,
689 2922 909 2978 dentem
941 2941 1040 2994 pro
1063 2927 1227 2982 dente
1253 2932 1524 2987 restituet.
1553 2935 1780 3000 Qualem
1806 2938 2065 2995 inﬂixerit

479 3013 770 3080 maculam,
813 3017 976 3070 talem
1018 3020 1292 3076 sustinere
1323 3025 1552 3096 cogitur.
1588 3027 1692 3093 Qui
1737 3035 2065 3100 percusserit

472 3107 806 3179 jumentum,
845 3112 1037 3167 reddet
1070 3114 1235 3169 aliud.
1265 3115 1366 3182 Qui
1403 3123 1733 3189 percusserit
1755 3124 2061 3190 hominem,

478 3199 755 3274 punietur.
775 3199 1016 3272 Equum
1040 3203 1311 3274 judicium
1339 3209 1411 3264 sit
1439 3210 1582 3266 inter
1602 3229 1722 3282 vos,
1753 3216 1869 3271 sive
1901 3233 2061 3287 pere-

474 3269 684 3357 grinus,
714 3291 828 3348 sive
856 3293 994 3350 civis
1024 3299 1389 3366 peccaverint.
1423 3299 1560 3368 Quia
1587 3319 1688 3376 ego
1723 3321 1846 3362 sum
1870 3307 2060 3363 Domi-
2090 3269 2133 3327 ϐ

477 3394 582 3431 nus
615 3379 758 3435 Dens
792 3394 995 3439 vester.
1036 3403 1056 3437 ι

548 3489 715 3553 Multa
744 3502 796 3547 et
833 3511 982 3550 nunc
1017 3503 1410 3568 consequentia
1455 3504 1821 3576 legislatorem
1849 3511 2065 3566 inveni-

423 3601 428 3604 ·
478 3598 599 3644 inus
632 3583 730 3652 uti,
763 3585 807 3639 si
841 3587 1132 3650 intentioni
1165 3608 1350 3646 eorum
1373 3611 1494 3665 qua:
1517 3598 1716 3667 scripta
1752 3611 1880 3655 sunt
1911 3620 2064 3658 men-

478 3685 587 3737 tem
622 3677 883 3751 ﬁgamus:
908 3682 1163 3760 quoniam
1197 3686 1342 3740 nulla
1373 3687 1466 3742 Dei
1503 3691 1672 3759 gloria
1700 3709 1764 3747 ex
1800 3695 2058 3766 blasphe-

476 3767 584 3830 mia
621 3770 856 3841 alicujus
891 3757 1126 3830 sustinet
1157 3779 1593 3838 imminutionem
1623 3802 1724 3851 nec
1763 3791 1847 3849 sui
1879 3794 2051 3861 gratia

478 3860 600 3927 hos,
643 3863 736 3932 qui
770 3880 892 3927 cum
924 3867 1324 3936 blasphemaut,
1356 3876 1458 3928 sub
1487 3878 1579 3931 tali
1613 3895 1735 3934 esse
1785 3860 1967 3952 paena,
2007 3896 2063 3942 et

475 3954 765 4009 tormentis
830 3959 1096 4038 praecipit.
1151 3963 1286 4016 Cum
1355 3975 1536 4022 autem
1603 3987 1705 4026 nos
1759 3991 2061 4036 noceamur

477 4042 674 4108 talibus
701 4046 904 4110 verbis,
938 4059 994 4103 et
1022 4051 1260 4113 divinam
1304 4057 1619 4116 minuentes
1651 4064 1874 4131 famam,
1907 4073 2058 4140 quod

478 4145 566 4192 est
599 4138 913 4197 hominibus
938 4146 1331 4215 perniciosum,
1380 4151 1633 4222 ignorare
1678 4138 1960 4218 Creatoris
1997 4173 2056 4218 et

474 4231 783 4289 eomuumis
812 4233 1180 4303 benefactoris
1207 4239 1551 4311 dignitatem,
1588 4258 1735 4304 recte
1765 4257 2058 4321 praesentia

477 4320 725 4376 subdidit
764 4341 780 4387 ξ
1494 4409 1496 4413 ι

547 4431 649 4498 Qui
701 4440 1040 4503 percusserit,
1104 4451 1152 4496 et
1195 4448 1442 4502 occiderit
1492 4452 1775 4522 hominem,
1812 4458 1928 4515 sive
1978 4477 2059 4516 se-

472 4526 712 4586 cundum
777 4529 937 4591 LXX,
984 4533 1088 4599 Qui
1135 4543 1446 4604 percusserit
1511 4547 1750 4602 animam
1801 4551 2051 4619 hominis,

2179 629 2325 684 coris
2360 630 2522 684 modo
2567 629 2722 690 vivit.
2757 630 2825 684 de
2855 646 2964 700 quo
3000 633 3078 684 ait
3108 628 3324 684 David:
3365 632 3539 682 Homo
3581 647 3688 684 cum
3721 635 3769 688 in

2177 722 2370 775 honore
2399 733 2549 787 esset,
2581 739 2683 776 non
2719 723 3002 786 intellexit,
3037 731 3398 792 comparatus
3439 733 3515 775 est
3535 724 3768 792 jumentis

2175 814 2559 884 insipientibus,
2597 825 2649 868 et
2685 815 2876 870 similis
2906 816 3080 886 factus
3113 825 3192 868 est
3231 816 3313 868 eis
3358 815 3430 878 δ’,
3479 817 3663 870 reddet
3697 821 3770 872 vi-

2177 906 2406 971 carium,
2454 907 2506 961 id
2545 917 2630 960 est
2664 907 2900 960 animam
2949 922 3050 976 pro
3087 909 3303 960 anima.
3345 904 3462 961 Nec
3497 907 3656 969 enim,
3679 911 3763 978 qui

2179 1006 2541 1068 peccatorem,
2579 1007 2667 1050 aut
2701 998 3046 1067 popularem,
3076 1007 3133 1052 et
3171 1014 3293 1052 non
3331 998 3632 1052 habentem
3669 1001 3768 1054 dis-

2175 1088 2473 1142 cretionem
2524 1089 2780 1143 subtilem
2840 1089 2908 1142 de
2944 1089 3074 1154 Deo,
3150 1104 3352 1144 errare
3429 1089 3578 1152 fecit,
3630 1094 3766 1147 venia

2176 1180 2402 1235 omnino
2431 1181 2630 1250 dignus
2657 1191 2764 1235 est.
2799 1180 2854 1234 Si
2885 1190 3072 1235 autem
3121 1197 3239 1235 non
3288 1181 3375 1234 sic
3408 1183 3688 1250 percussit,
3719 1195 3767 1238 ut

2177 1274 2416 1344 perfecte
2449 1290 2573 1328 eum
2611 1274 2678 1329 ad
2714 1275 3052 1344 impietatem
3097 1274 3462 1344 perduceret,
3496 1285 3551 1328 et
3581 1292 3643 1329 ex
3668 1285 3762 1331 toto

2175 1383 2301 1420 eum
2343 1381 2530 1421 errare
2565 1366 2770 1422 faceret
2812 1383 2842 1421 a
2875 1367 3008 1429 Deo,
3031 1366 3266 1428 omnino
3304 1377 3494 1421 autem
3538 1369 3761 1436 quaedam

2175 1458 2223 1512 ei
2268 1458 2490 1522 dixerit,
2547 1468 2641 1511 aut
2689 1459 2882 1525 egerit,
2919 1458 3188 1513 maculam
3257 1459 3478 1527 peccati
3530 1459 3758 1530 irregat'it

2176 1550 2478 1605 secundum
2514 1550 2638 1613 hoc,
2673 1559 2728 1603 et
2756 1565 2973 1619 pinnam
3003 1550 3346 1616 sustinebit;
3377 1551 3459 1602 ait
3481 1552 3623 1609 enim
3656 1570 3668 1606 :

2246 1663 2351 1730 Qui
2409 1665 2724 1735 irrogaverit
2792 1664 3060 1717 maculam
3122 1664 3346 1718 cuilibet
3401 1665 3592 1718 civium
3648 1683 3755 1720 suo-

2177 1773 2316 1820 rum,
2367 1758 2503 1811 sicut
2570 1759 2721 1829 fecit,
2775 1757 2872 1827 ﬁat
2922 1758 2972 1811 ei
3018 1773 3036 1812 :
3079 1755 3419 1811 Fracturum
3489 1775 3583 1826 pro
3633 1761 3756 1829 frac-

2177 1858 2320 1909 tura.
2374 1849 2490 1903 sive
2537 1860 2597 1902 ut
2647 1847 2812 1914 LXX,
2857 1851 3232 1910 contritionem
3297 1866 3398 1918 pro
3446 1851 3750 1914 contritione,

2105 1919 2145 1974 Β
2175 1941 2379 1996 oculum
2443 1957 2537 2010 pro
2573 1941 2757 2006 oculo,
2803 1942 3009 1998 dentem
3049 1959 3143 2010 pro
3206 1942 3392 1996 dente.
3451 1940 3576 1996 Sive
3627 1944 3749 1995 enim

2173 2033 2450 2098 virtutem,
2506 2049 2671 2102 quam
2723 2035 2909 2090 habuit
2959 2035 3116 2100 civis,
3168 2035 3292 2090 sive
3348 2034 3627 2104 proximus
3671 2033 3745 2092 ille

2171 2125 2311 2178 i‘nala
2354 2125 2558 2180 docens
2612 2135 2707 2180 aut
2762 2127 3022 2190 suadens,
3076 2135 3173 2181 aut
3213 2127 3622 2187 scandalizans.
3669 2136 3746 2182 aut

2169 2216 2550 2282 detrahens,et
2569 2217 2912 2273 calumnians
2931 2217 3214 2281 contrivit,
3250 2219 3372 2272 sive
3395 2218 3607 2273 oculum
3623 2216 3739 2284 ejus,

2170 2307 2425 2368 videlicet
2482 2309 2792 2374 scientiam,
2848 2310 3320 2380 unumquodlihet
3384 2311 3739 2380 przrdictorum

2169 2413 2334 2468 agens
2378 2399 2619 2460 caecavit,
2653 2407 2748 2453 aut
2791 2399 3032 2463 dentem,
3085 2401 3356 2453 virtutem
3421 2401 3737 2453 verborum:

2169 2490 2359 2544 dentes
2380 2489 2526 2547 enim
2547 2505 2645 2558 pro
2661 2490 2839 2544 verbis
2860 2489 3140 2558 Scriptura
3165 2492 3429 2560 accipere
3448 2491 3736 2558 solet,quod

2167 2580 2409 2635 ostendit
2439 2579 2607 2634 David
2637 2580 2826 2636 dicens
2851 2599 2862 2634 :
2895 2579 3027 2634 Filii
3056 2583 3334 2634 hominum
3375 2581 3555 2634 dentes
3584 2595 3736 2632 eorum

2168 2687 2320 2723 arma
2350 2679 2398 2724 et
2428 2672 2656 2741 sagittas,
2685 2680 2734 2732 et
2762 2671 2944 2740 lingua
2966 2689 3147 2728 eorum
3190 2673 3464 2729 macluera
3499 2680 3646 2724 acuta
3677 2670 3730 2722 ”.

2168 2761 2243 2815 De
2267 2760 2484 2816 Christo
2527 2770 2709 2816 autem
2735 2759 2904 2815 Jacob
2934 2761 3248 2838 patriarcha
3277 2761 3331 2813 in
3368 2756 3732 2814 benedictioni-

2166 2853 2268 2906 bus
2302 2853 2516 2909 dicebat
2547 2873 2559 2907 :
2586 2854 2922 2908 Pulchriores
2953 2855 3090 2908 oculi
3134 2855 3256 2924 ejus
3293 2855 3438 2916 vino,
3488 2863 3534 2905 et
3574 2852 3727 2903 dentes

2168 2945 2301 2998 lacte
2329 2947 2662 3000 candidiores
2686 2945 2757 3003 “.7
2781 2946 2924 3000 Clari
2958 2947 3127 3011 enim,
3170 2956 3232 3000 et
3257 2944 3433 3016 aperti
3461 2940 3725 3014 evangelici

2165 3037 2369 3093 Christi
2417 3053 2701 3093 sermones
2736 3046 2864 3092 sunt
2893 3054 3058 3108 super
3084 3039 3168 3092 lac
3197 3037 3399 3109 legale.
3438 3033 3726 3090 Necessario

2165 3144 2293 3200 ergo
2318 3145 2531 3190 eorum,
2559 3145 2681 3198 quze
2716 3130 2857 3185 dicta
2888 3139 3021 3192 sunt,
3039 3130 3248 3198 aliquid
3277 3143 3503 3191 nocens,
3525 3123 3725 3179 similem

2166 3221 2351 3291 etipse
2368 3221 2602 3276 sustinet
2626 3223 2914 3285 maculam,
2941 3222 2997 3276 in
3025 3223 3236 3293 judicio
3271 3220 3523 3276 videlicet
3543 3219 3718 3288 futuro.

2169 3311 2227 3366 Si
2257 3312 2404 3367 enim
2427 3313 2650 3368 alterius
2679 3314 2865 3369 virtuti
2894 3316 3235 3380 nocuit,.aut
3277 3312 3551 3378 contrivit,
3577 3308 3723 3379 ipsius

2167 3413 2482 3459 conteretur
2523 3423 2536 3458 :
2573 3404 2855 3459 scientiam
2883 3406 3217 3467 obscuravit,
3252 3407 3377 3474 ejus
3408 3401 3617 3460 scientia
3636 3415 3719 3470 pro

2167 3497 2316 3551 nullo
2357 3497 2669 3567 habebitur,
2715 3497 2758 3550 si
2804 3498 2982 3552 verbis
3024 3498 3406 3553 doctoralibus
3447 3493 3636 3554 nocuit,
3669 3496 3714 3545 et

2166 3588 2284 3652 ejus
2315 3603 2600 3643 sermones
2626 3587 2996 3644 infructuosos
3027 3589 3099 3654 ei,
3135 3598 3307 3661 atque
3341 3589 3552 3643 inutiles
3575 3583 3708 3656 judcx

2165 3679 2380 3735 efficiet.
2420 3680 2648 3751 Propter
2678 3681 2821 3751 quod
2845 3699 2957 3736 non
2985 3683 3139 3749 dixit,
3169 3683 3266 3740 Sic
3297 3683 3506 3740 facietis
3530 3680 3594 3746 ei,
3617 3674 3701 3738 sed,

2165 3772 2242 3827 sic
2274 3772 2365 3828 fiet
2393 3774 2464 3837 ei,
2509 3773 2755 3829 futurum
2783 3775 3050 3844 judicium
3088 3777 3439 3845 innuens,iin
3462 3791 3556 3846 quo
3572 3771 3696 3867 Ῑυξίιξ

2165 3868 2345 3922 reddet
2397 3867 2678 3938 unicuique
2719 3868 3003 3922 secundant
3045 3886 3208 3937 opera.
3258 3887 3358 3929 sua
3403 3869 3469 3920 “.
3505 3861 3632 3931 Quod
3659 3861 3692 3910 Si

2164 3961 2284 4029 quis
2315 3960 2479 4014 etiam
2510 3960 2787 4014 hominem
2817 3963 3151 4030 percusserit
3180 3962 3491 4032 perfectum
3523 3958 3568 4011 in
3596 3951 3694 4012 ﬁde.

2163 4063 2218 4109 et
2249 4064 2684 4109 consummatum
2713 4072 2726 4106 :
2760 4055 2864 4109 hoc
2900 4055 3045 4110 enim
3090 4056 3316 4125 proprie
3355 4064 3440 4109 est
3466 4047 3689 4105 hominis-

2162 4156 2385 4218 propter
2405 4148 2548 4216 quod
2566 4149 2703 4203 dixit
2724 4148 2924 4203 David:
2953 4150 3205 4203 Homines
3234 4159 3285 4203 et
3301 4151 3531 4218 jumeuta
3555 4137 3690 4192 salvos

2163 4241 2346 4311 facies,
2367 4240 2684 4294 Domine":
2710 4241 2962 4295 homines
2983 4241 3172 4295 dicens
3191 4256 3311 4301 eos.
3327 4238 3419 4310 qui
3440 4242 3690 4306 θευιιιαιιιυ

2162 4332 2401 4404 perlecta
2450 4341 2598 4398 sunt,
2650 4334 2922 4403 jumenta.
2969 4334 3346 4403 imperfectos,
3396 4341 3448 4387 et
3492 4329 3688 4426 idiotas:

2161 4428 2491 4500 percusserit
2522 4438 2702 4482 autem
2739 4427 2951 4481 mortali
2983 4428 3159 4497 plaga,
3187 4443 3312 4498 quae
3342 4423 3498 4481 trahit
3522 4420 3577 4519 ad
3601 4420 3696 4519 iui-

2163 4522 2440 4592 pietatem,
2453 4519 2542 4573 hic
2557 4529 2729 4574 morte
2744 4519 3025 4574 morietur.
3045 4518 3177 4573 Nam
3191 4532 3246 4575 et
3261 4520 3304 4576 si
3324 4520 3534 4575 idoneus
3549 4505 3695 4566 fuitat!

476 4623 640 4666 morte
696 4618 975 4677 moriatur.
1039 4619 1106 4682 Et
1161 4626 1286 4694 quis
1341 4629 1582 4686 hominis
1643 4639 1881 4704 percutit
1936 4610 2057 4696 aui;
2097 4610 2135 4663 υ
2169 4614 2540 4683 repellendum
2562 4611 2780 4677 vulnus,
2803 4610 2892 4680 qui
2927 4611 3364 4682 percutiebatur.
3402 4610 3500 4663 hoc
3535 4613 3696 4704 quat-“‘-

475 4721 616 4759 nuun
648 4747 663 4770 ,
704 4709 808 4764 nisi
868 4713 958 4780 qui
995 4729 1121 4774 eum
1154 4717 1340 4780 illiciat
1389 4722 1454 4776 ad
1527 4725 1902 4794 impietatem?
1964 4735 2055 4802 qui

473 4812 600 4851 eum
652 4802 719 4858 ad
778 4803 1124 4874 blasphemos
1179 4813 1344 4866 trahit
1391 4821 1703 4873 sermones?
1746 4821 1800 4874 in
1859 4826 2058 4892 quibus

474 4891 742 4946 moriatur
791 4896 1026 4962 pessima
1081 4904 1292 4968 peccati
1345 4916 1554 4974 morte
1635 4927 1756 4982 quae
1801 4891 1925 4969 vera
1974 4929 2059 4972 est

477 4994 625 5034 mors
681 4983 899 5040 animm.
954 4987 1185 5059 Propter
1235 4997 1382 5063 quod
1437 5011 1612 5060 morte
1674 5005 1811 5059 mori
1871 5007 2053 5076 hunc,

475 5070 568 5138 qui
598 5071 719 5125 talis
767 5084 869 5138 est,
913 5079 1174 5152 praecipit.
1231 5083 1330 5140 llic
1374 5097 1554 5144 tamen
1594 5094 1831 5156 animam
1871 5098 2060 5153 dicens

476 5159 717 5222 hominis
769 5165 1056 5234 animalem
1123 5175 1358 5234 maxime
1424 5179 1700 5248 hominem
1770 5188 1953 5254 dicit,
2006 5191 2059 5246 id

479 5259 564 5306 cst
619 5265 784 5318 eum,
863 5257 955 5326 qui
1002 5274 1112 5313 non
1163 5274 1342 5333 potest
1401 5270 1702 5345 intelligere
1761 5294 1880 5347 quae
1931 5295 2060 5339 sunt

477 5347 754 5417 spiritus,
801 5351 870 5406 de
931 5368 1040 5421 quo
1100 5356 1177 5419 ait
1232 5356 1432 5415 Paulus
1480 5381 1492 5417 :
1543 5366 1805 5424 Animalia
1879 5385 2056 5426 autem

475 5439 630 5496 homo
661 5458 762 5505 non
786 5444 1007 5514 percipit
1045 5463 1107 5500 ea
1139 5465 1257 5520 qua:
1284 5462 1405 5510 sunt
1435 5456 1674 5524 spiritus.
1714 5458 1955 5522 Stultitia
1983 5475 2058 5519 est

477 5534 616 5586 enim
651 5534 729 5586 illi
758 5543 807 5588 et
837 5552 938 5589 non
982 5551 1147 5607 potest
1203 5543 1517 5616 intelligere,
1573 5551 1700 5620 quia
1747 5555 2059 5622 spiritaliter

476 5627 814 5680 nuntiantur
831 5629 894 5682 δ’.
923 5628 1094 5695 Quem
1117 5635 1206 5703 qui
1230 5642 1581 5710 percusserit,
1609 5657 1782 5702 morte
1803 5651 2053 5706 moritur.

547 5804 591 5836 ⁸⁸
624 5806 924 5888 l‘_Cor.‘xtt,
1111 5815 1151 5848 “
1194 5815 1212 5871 l
1247 5817 1370 5875 Cur.
1402 5838 1458 5888 tt,
1501 5823 1581 5884 Η.

483 5887 594 5943 sv,
622 5877 710 5932 ‘27.
786 5880 832 5910 “
866 5880 1004 5942 l'sal.
1047 5899 1208 5954 xxxv,
1234 5888 1285 5943 7.

1669 5831 1710 5861 ’δ’
1735 5826 1874 5887 Psal.
1904 5846 2087 5900 stt-nt,
2118 5833 2200 5888 l5.

2165 4710 2299 4766 libet
2326 4709 2750 4765 satisfactionem
2783 4723 2894 4761 non
2922 4716 3075 4776 paret
3109 4705 3454 4778 percutienti,
3482 4708 3532 4755 et
3553 4694 3696 4752 multo

2166 4803 2334 4872 magis
2360 4802 2461 4855 sub
2477 4815 2636 4869 ptena
2654 4800 2777 4865 erit,
2805 4799 2931 4870 quia
2951 4808 3008 4854 et
3025 4816 3151 4854 eum
3173 4801 3266 4870 qui
3285 4795 3459 4871 potuit
3477 4789 3694 4848 resistere

2164 4895 2236 4960 ei,
2275 4893 2494 4947 occidit.
3117 4885 3125 4896 ’
3655 4982 3666 4993 .

2231 5004 2464 5072 {Equum
2489 5001 2746 5069 judicium
2766 5000 2835 5054 sit
2863 5001 3001 5055 inter
3024 5019 3132 5064 vos,
3163 5002 3351 5073 inquit,
3367 4999 3467 5052 sive
3491 4995 3690 5063 ρετεςηο

2165 5096 2404 5158 nus,sive
2423 5093 2546 5148 civis
2561 5093 2872 5160 peccaverit,
2898 5093 3024 5163 quia
3050 5110 3143 5162 ego
3177 5112 3293 5149 sum
3313 5087 3550 5146 Dominus
3575 5078 3688 5132 De!"

2166 5197 2349 5241 vester.
2377 5186 2488 5242 Nec
2502 5189 2664 5243 modo
2687 5192 2903 5259 excepit
2932 5205 3048 5250 eos,
3064 5190 3156 5257 qui
3179 5203 3325 5243 nunc
3346 5179 3476 5238 docti
3500 5177 3612 5264 sunt
3630 5163 3686 5264 θοι)

2168 5281 2269 5341 eis,
2303 5281 2395 5350 ιιιιί
2429 5283 2582 5351 prius
2602 5293 2657 5336 et
2679 5299 2711 5345 a
2735 5284 3056 5353 parentibus
3095 5296 3279 5337 sacras
3316 5275 3537 5331 scierunt
3561 5261 3683 5314 Scr"

2167 5380 2380 5441 pturas.
2417 5377 2777 5430 Communem
2801 5385 2983 5434 autem
3003 5385 3194 5430 contra
3226 5378 3469 5436 utrosque
3497 5361 3679 5430 903W“

2165 5463 2374 5529 dellnit,
2419 5475 2474 5520 et
2505 5466 2670 5520 infert
2704 5487 2718 5522 :
2753 5469 2879 5537 quia
2922 5483 3022 5538 ego
3053 5465 3308 5519 Dominus
3335 5457 3468 5509 Deus
3512 5449 3676 5538 vester,

2164 5556 2258 5624 qui
2313 5527 2449 5620 dixi,
2486 5561 2612 5628 quia
2645 5527 3418 5631 Quicunquevscandalixaeerit
3454 5550 3592 5596 unum
3623 5527 3677 5580 ἀι

2165 5647 2372 5713 pusillis
2403 5650 2536 5713 istis,
2568 5652 2658 5720 qui
2690 5654 2743 5704 in
2779 5669 2858 5706 me
2883 5653 3119 5716 credunt,
3165 5647 3361 5748 expedit
3404 5639 3466 5701 ei,
3498 5640 3546 5683 αι
3579 5634 3674 5677 ιη’

3451 5799 3665 5865 "Matth:
3717 5812 3722 5819 '

2329 5837 2372 5867 ⁴³
2411 5835 2552 5896 l‘sal.
2581 5852 2688 5901 ut,
2859 5839 2900 5871 θλ
2927 5835 3063 5891 Gen.
3102 5851 3244 5901 sua,
3281 5827 3357 5886 12-
