4032 6424
265 388 294 450 τ
304 387 414 452 Σῦ)

1410 396 1489 456 IN
1532 395 1971 456 LEVITICUM.
2009 419 2073 430 -
2108 393 2260 454 LIB.
2299 393 2434 455 VII.

3431 370 3557 460 tuo

257 504 532 570 pendetur
582 505 720 559 mola
765 507 1002 561 asinaria
1034 510 1106 562 ad
1142 509 1334 562 callum
1369 510 1502 578 ejus,
1537 519 1585 562 et
1614 509 1688 562 sic
1724 525 1865 562 mer-
1894 527 1937 582 Α
1968 521 2143 571 seres,
2187 513 2244 561 et
2285 506 2503 562 vineam
2548 521 2660 562 non
2703 507 2944 578 putabis.
2995 506 3130 574 Quae
3159 519 3355 578 sponte
3374 511 3559 585 gignet

255 605 432 663 gatar
458 595 513 648 in
552 598 809 666 profundo
843 600 1010 652 maris
1048 599 1114 654 ⁸⁷.
1145 601 1332 670 Neque
1359 602 1504 656 cnim
1538 601 1656 656 haec
1694 601 1856 655 verba

257 683 542 748 distinxit,
578 690 671 743 sed
697 689 922 745 dicens:
957 691 1491 762 Quicunque,onmes
1525 708 1699 763 paena:
1727 692 1860 748 sub-

251 776 424 844 jecit,
481 787 705 849 propter
760 782 906 851 quod
957 792 1013 838 et
1060 785 1264 840 Paulus
1306 785 1443 840 dixit
1481 803 1494 839 :
1534 783 1636 850 Qui
1683 794 1861 838 autem

256 871 551 926 conturbat
566 890 675 936 vos,
702 876 931 942 portabit
952 877 1241 946 judicium,
1271 879 1566 950 quicunque
1587 887 1663 932 est
1685 876 1775 930 ille
1791 876 1858 940 “,

257 957 319 1012 id
370 970 475 1024 est,
524 963 640 1018 sive
669 980 893 1034 parvus,
943 967 1060 1022 sive
1101 985 1351 1041 magnus,
1417 969 1534 1024 sive
1576 967 1861 1024 scientiam

258 1051 486 1108 habens
519 1056 806 1124 plurimam
838 1059 952 1115 sive
983 1077 1232 1131 parvam,
1262 1063 1377 1118 sive
1407 1076 1556 1116 nunc
1586 1060 1860 1124 didicerit,

255 1142 390 1198 sive
424 1147 595 1214 prius,
626 1149 744 1204 sive
817 1151 953 1207 civis
995 1153 1122 1219 fide,
1173 1154 1286 1210 sive
1341 1154 1684 1224 peregrinus.
1725 1153 1860 1208 Cum

255 1246 457 1292 autem
486 1240 602 1295 haec
633 1241 704 1296 ita
734 1259 792 1298 se
825 1244 1080 1310 habeant,
1107 1247 1414 1301 necessaria
1440 1255 1555 1300 erat
1576 1245 1784 1301 Iudaeis
1810 1254 1866 1300 et

256 1329 471 1387 littera:
503 1334 732 1398 sanctio,
768 1351 946 1406 neque
979 1337 1272 1408 cupiebant
1304 1333 1505 1394 audire
1532 1356 1545 1392 :
1571 1338 1630 1394 Si
1666 1339 1782 1410 quis
1817 1347 1864 1392 te

260 1424 589 1488 percusserit
624 1424 678 1476 in
703 1427 947 1480 dextram
981 1427 1282 1495 maxillam,
1332 1428 1508 1500 prwbe
1531 1427 1613 1482 illi
1652 1436 1700 1482 et
1729 1427 1864 1481 alte-

264 1531 395 1568 rum
423 1516 490 1579 ι’,
525 1517 648 1586 quia
680 1533 806 1572 cum
834 1531 1019 1576 essent
1045 1521 1315 1586 malevoli,
1345 1521 1724 1592 unusquisque
1760 1522 1864 1576 hoc

262 1609 587 1679 proximum
609 1620 905 1668 exacturus
934 1624 1070 1679 erat,
1106 1623 1160 1669 et
1191 1631 1302 1669 non
1335 1617 1450 1686 ipse
1474 1630 1655 1686 agere.
1686 1614 1863 1668 Recte

261 1719 405 1774 ergo
431 1706 514 1760 eis
547 1705 766 1761 oculum
794 1721 893 1776 pro
922 1708 1103 1773 oculo,
1129 1711 1348 1762 dentem
1394 1725 1495 1778 pro
1522 1709 1686 1763 dente
1719 1709 1865 1761 dice-

268 1798 456 1861 lsutnr,
491 1805 552 1850 ut
589 1806 738 1851 metu
779 1797 1005 1851 alterna:
1045 1814 1220 1868 paula:
1247 1816 1276 1852 a
1313 1799 1623 1863 vinolentis,
1662 1809 1716 1853 et
1760 1798 1864 1852 ho-

268 1888 518 1944 micidiis
551 1889 912 1944 abstinerent.

350 1999 516 2055 Vens.
542 2001 634 2057 23.
663 2021 683 2053 ί
713 2001 1061 2071 Locutusque
1091 2013 1177 2058 est
1195 2002 1374 2074 Moyes
1402 2003 1468 2056 ad
1505 2001 1645 2057 ﬁlios
1676 2001 1863 2068 Israel,

271 2104 331 2147 (τι
371 2095 680 2149 eduxerunt
711 2111 835 2150 eum
869 2096 960 2165 qui
1003 2095 1478 2166 hlasphemaverat
1510 2105 1661 2149 extra
1687 2105 1864 2149 castra

274 2203 341 2241 ac
390 2186 668 2257 lapidibus
711 2197 1127 2258 oppresserunt,
1171 2186 1527 2257 fecerunttwe
1558 2187 1654 2242 lilii
1693 2185 1866 2242 Israel

278 2283 423 2333 sicut
443 2286 780 2349 praeceperat
803 2279 1065 2335 Dominus
1093 2279 1281 2351 Moysi.
1317 2297 1335 2329 ›

353 2370 493 2441 Ergo
521 2385 630 2423 non
662 2369 762 2424 tibi
794 2371 996 2426 frustra
1023 2386 1177 2436 eum,
1214 2371 1306 2441 qui
1337 2371 1579 2425 animam
1620 2372 1865 2429 hominis

287 2461 572 2531 percussit,
597 2471 694 2517 aut
736 2464 970 2533 pecoris,
992 2473 1088 2519 aut
1126 2464 1430 2529 hominem,
1459 2480 1622 2534 quem
1646 2475 1702 2521 et
1726 2468 1864 2522 mori

291 2562 510 2621 propter
553 2554 656 2609 hoc
700 2556 985 2625 praeepit,
1023 2556 1174 2610 illum
1225 2571 1349 2611 esse
1383 2557 1686 2611 secundum
1734 2556 1868 2628 legis

287 2645 801 2714 contemplationem
854 2648 1215 2714 ostendimus,
1269 2649 1359 2719 qui
1403 2649 1571 2703 alium
1611 2649 1678 2704 ad
1719 2649 1868 2705 blas-

284 2735 564 2802 phemiam
593 2739 926 2806 percusserit
951 2739 1174 2805 docens,
1203 2750 1297 2794 aut
1314 2754 1605 2804 exacnans,
1638 2749 1733 2794 aut
1763 2739 1868 2796 tale

276 2824 484 2894 aliquid
517 2826 664 2881 aliud
698 2842 885 2897 agens.
921 2829 1062 2884 Ecce
1092 2830 1238 2884 enim
1257 2830 1393 2885 ordo
1418 2831 1722 2886 sanctionis
1743 2847 1870 2902 pro-

277 2917 376 2971 bat
407 2917 509 2972 hoc
527 2926 582 2972 et
615 2918 821 2989 absque
845 2920 1024 2990 aliqua
1046 2921 1327 2977 dubietate
1358 2923 1719 2988 demonstrat,
1739 2925 1867 2994 quia

276 3010 463 3066 dehis
515 3012 610 3081 qui
661 3013 994 3069 maledicunt
1044 3013 1240 3082 Deum,
1304 3024 1400 3070 aut
1460 3017 1864 3087 blasphemant,

277 3103 634 3172 praecipiens,
660 3106 950 3172 conjunxit
971 3106 1056 3162 his
1075 3122 1201 3161 eum
1223 3107 1318 3177 qui
1348 3108 1586 3163 hominis
1603 3109 1864 3174 animam,

275 3206 376 3248 aut
412 3196 679 3262 animalis,
714 3207 810 3252 aut
838 3199 1118 3253 hominem
1153 3199 1331 3270 ipsum
1364 3201 1727 3270 percussisset
1762 3219 1774 3256 :
1807 3212 1861 3257 et

1968 599 2190 665 humus,
2243 615 2356 654 non
2400 608 2596 663 metes,
2645 611 2700 656 et
2751 615 2886 656 uvas
2915 600 3281 672 primitiarum
3337 612 3556 659 tuarum

1967 708 2080 747 non
2106 693 2332 773 colliges
2359 694 2514 763 quasi
2554 693 2913 750 vindemiam.
2940 692 3135 751 Annus
3169 704 3254 752 est
3277 697 3426 752 enim
3467 713 3560 752 re-

1967 771 2265 854 quietionis
2316 794 2493 840 terrae.
2545 784 2654 840 Sed
2697 794 2860 841 erunt
2906 786 3062 842 vobis
3102 787 3159 841 in
3191 786 3377 843 cibum
3411 805 3426 843 :
3459 789 3556 844 tibi

1968 887 2025 932 et
2050 894 2210 933 servo
2238 888 2350 942 tuo,
2377 879 2591 935 ancillae
2621 888 2676 934 et
2710 880 3055 935 mercenaria
3086 889 3200 946 tuo,
3226 890 3284 936 et
3310 882 3556 946 advenae,

1968 970 2059 1038 qui
2085 971 2504 1041 peregrinantur
2531 972 2675 1042 apud
2695 984 2748 1026 te
2767 1011 2781 1026 .
2815 971 3088 1027 Jumentis
3109 973 3238 1037 tuis,
3266 982 3324 1028 et
3351 974 3562 1044 pecori-

1968 1061 2094 1125 bus,
2128 1063 2312 1117 mnnia
2343 1079 2466 1133 quae
2491 1073 2798 1118 nascuntur
2827 1065 3152 1134 prmbebunt
3181 1065 3388 1121 cibum.
3427 1083 3446 1115 ι

2043 1153 2292 1217 Terram,
2317 1168 2482 1224 quam
2502 1163 2559 1210 et
2576 1155 2746 1210 Deum
2771 1155 2930 1210 nobis
2952 1156 3083 1211 dare
3111 1157 3292 1222 decet,
3319 1166 3377 1211 et
3399 1154 3561 1210 nobis

1971 1243 2192 1314 expedit
2233 1244 2506 1314 accipere,
2539 1260 2606 1300 ex
2649 1261 2756 1316 qua
2802 1262 2991 1301 veram
3019 1247 3186 1302 vitam
3233 1247 3562 1317 conquirere

1970 1349 2283 1405 possumus,
2330 1334 2384 1390 id
2410 1344 2506 1390 est'
2541 1337 3014 1393 conversationem
3061 1338 3259 1393 bonam
3299 1353 3420 1409 qua:
3475 1345 3562 1392 est

1970 1427 2274 1482 secundum
2322 1426 2446 1497 ejus
2483 1427 2682 1499 legem,
2730 1437 2896 1498 atque
2937 1430 3210 1493 mandata,
3245 1446 3368 1501 quae
3399 1430 3560 1486 nobis

1972 1520 2138 1585 dedit,
2159 1521 2227 1575 de
2249 1535 2357 1590 qua
2386 1521 2464 1575 ait
2489 1520 2659 1576 David
2693 1539 2707 1575 :
2738 1521 2879 1577 Doce
2906 1540 2988 1576 me
3015 1523 3338 1578 uoluntatem
3373 1532 3519 1578 tuam
3539 1539 3558 1577 :

1972 1613 2097 1681 quia
2129 1620 2186 1665 tu
2218 1628 2271 1666 es
2301 1612 2442 1667 Deus
2486 1629 2654 1677 meus,
2687 1611 2919 1682 Spiritus
2950 1625 3070 1668 tuus
3098 1626 3312 1670 sanctus
3341 1617 3557 1671 deducet

1973 1721 2054 1756 me
2079 1704 2134 1758 in
2170 1713 2371 1758 terram
2410 1712 2610 1758 rectam
2633 1704 2700 1759 ⁵⁸.
2734 1704 2890 1761 Ilanc
2932 1707 2977 1760 si
3011 1707 3416 1774 intraverimus,
3463 1724 3557 1763 sex

1972 1796 2134 1850 annis
2163 1812 2366 1881 serere
2392 1807 2642 1852 nostrum
2679 1813 2891 1868 agrum,
2941 1808 2997 1854 et
3028 1799 3276 1869 plantare
3317 1802 3555 1867 vineam,

1897 1909 1944 1968 Β
1972 1896 2028 1941 et
2057 1887 2310 1958 colligere
2335 1887 2544 1943 fructus
2577 1889 2670 1959 qui
2699 1905 2766 1944 ex
2801 1906 2862 1944 ea
2897 1901 3218 1957 nascuntur,
3248 1907 3555 1963 possumus.

1976 1979 2027 2034 id
2069 1988 2173 2043 est,
2215 1995 2388 2050 usque
2419 1981 2551 2036 dum
2582 1981 2639 2036 in
2683 1982 2794 2038 vita
2825 1982 2925 2037 hac
2969 1991 3025 2038 et
3064 1982 3120 2036 in
3169 1991 3418 2038 creatura
3459 1987 3558 2038 hac

1965 2071 2166 2127 visibili
2212 2088 2451 2129 sumus:
2492 2089 2656 2146 quam
2709 2089 2807 2137 sex
2853 2075 3065 2131 dierum
3107 2091 3372 2131 numerus
3413 2085 3560 2131 recte

1967 2164 2238 2236 signiﬁcat
2287 2165 2416 2237 quia
2459 2166 2516 2221 in
2549 2182 2643 2222 sex
2695 2167 2890 2222 diebus
2915 2168 3214 2223 constituta
3243 2178 3391 2235 sunt,
3437 2184 3558 2238 qua:

1965 2254 2222 2310 videntur
2258 2256 2463 2312 omnia.
2510 2255 2757 2328 Septimo
2783 2266 2969 2312 autem
3013 2274 3182 2322 anno,
3235 2257 3556 2324 Sabbatum,

1967 2353 2024 2400 et
2053 2346 2276 2417 requies
2308 2348 2413 2403 erit
2435 2357 2619 2404 terrm.
2657 2348 2889 2415 Quando
2916 2350 3066 2404 enim
3096 2350 3434 2422 intelligibile
3461 2366 3560 2405 no-

1967 2444 2140 2492 strum
2161 2439 2372 2493 venerit
2400 2437 2718 2505 Sabbatum,
2763 2440 2814 2494 id
2838 2448 2922 2520 est
2952 2440 3237 2510 praesentis
3266 2440 3447 2496 saeculi
3471 2455 3559 2495 re-

1967 2531 2143 2602 quies,
2180 2532 2248 2588 de
2275 2549 2381 2604 qua
2409 2533 2488 2589 ait
2514 2532 2717 2589 Paulus
2741 2553 2756 2589 :
2785 2533 2928 2606 Ergo
2944 2533 3260 2602 relinquitur
3285 2533 3561 2588 Sabbatis-

1977 2641 2093 2679 mus
2121 2626 2304 2695 populi
2337 2625 2433 2680 Dei
2464 2627 2508 2658 “
2541 2643 2557 2682 :
2591 2641 2752 2696 quem
2790 2625 2973 2697 signat
2999 2625 3116 2680 dies
3149 2626 3400 2695 septima,
3433 2625 3561 2696 quia

1979 2716 2214 2785 septima
2263 2716 2352 2772 die
2403 2716 2674 2788 requievit
2706 2715 2854 2771 Deus
2891 2717 2960 2772 ab
3000 2717 3257 2772 omnibus
3305 2715 3562 2786 operibus

1977 2807 2114 2871 suis,
2146 2807 2403 2862 videlicet
2429 2807 2739 2862 visibilibus
2765 2825 2780 2864 :
2807 2815 2939 2861 tunc
2973 2805 3308 2876 operationis
3335 2820 3446 2861 non
3476 2817 3563 2860 est

1971 2905 2205 2967 tempus,
2234 2908 2290 2954 et
2312 2899 2435 2954 ideo
2468 2914 2575 2954 nec
2602 2914 2793 2970 agrum
2829 2899 2962 2970 legis
3009 2909 3140 2953 tunc
3192 2913 3400 2967 serere,
3460 2912 3564 2952 nec.

1969 2992 2342 3061 evangelicam
2375 2992 2592 3047 vineam
2631 2992 2878 3062 plantare
2905 3006 3220 3062 possumus.
3243 2993 3386 3062 Ager
3414 2991 3561 3046 enim

1971 3096 2000 3133 a
2028 3081 2186 3134 nobis
2212 3080 2296 3136 lex
2333 3090 2480 3136 recte
2507 3081 2849 3154 intelligitur,
2883 3081 3010 3152 quia
3059 3080 3245 3136 senior
3270 3081 3433 3146 ﬁlius,
3467 3082 3562 3151 qui

1967 3173 2170 3242 juniori
2213 3174 2414 3244 populo
2468 3174 2700 3228 a-mulus
2747 3183 2852 3240 est,
2909 3175 3001 3244 qui
3046 3173 3335 3242 imaginem
3377 3175 3562 3244 populi

276 3303 394 3342 non
426 3288 600 3344 solum
625 3255 764 3344 sicut
791 3292 887 3355 illi,
923 3299 980 3346 et
1006 3293 1136 3347 huic
1156 3255 1383 3364 pugnaui
1403 3255 1596 3350 mortis
1626 3255 1860 3362 induxit,
1891 3255 1937 3315 ϐ
1978 3264 2576 3364 δυδθίξῳψῧθνίίζηδθ
2605 3283 2756 3339 θετον
2784 3267 3038 3323 Videlicet
3061 3267 3381 3364 099ml?“
3405 3267 3560 3364 [fgis’

277 3379 378 3431 sed
425 3381 722 3448 explanans
758 3383 903 3452 quod
940 3399 1104 3436 unam
1137 3385 1376 3439 habeant
1420 3400 1505 3446 ea.
1550 3401 1670 3456 quae
1722 3387 1867 3441 dicta

275 3479 435 3538 sunt,
448 3471 828 3536 intentionem,
846 3490 1034 3531 rursus
1056 3475 1282 3540 addidit.
1297 3477 1387 3547 qui
1404 3477 1866 3546 blasphemaverit,

276 3577 500 3631 poenam
529 3581 691 3631 quam
717 3568 897 3622 omnis
930 3567 1227 3624 multitudo
1251 3569 1514 3625 obediens
1540 3570 1645 3641 legi
1679 3570 1868 3638 exige-

279 3655 401 3708 bat.
460 3658 784 3713 Audivimus
833 3660 1002 3727 enim,
1045 3661 1506 3730 quemadmodum
1557 3663 1625 3716 de
1669 3663 1868 3717 Castris

275 3747 474 3802 eduxit
508 3766 654 3814 eum,
693 3751 786 3822 qui
838 3752 1259 3822 blasphemavit,
1312 3747 1693 3826 lapidibusque
1738 3769 1866 3810 eum

278 3841 523 3911 opprimi
559 3843 843 3915 praecepit.
897 3843 1190 3916 Propterea
1234 3846 1596 3915 indignationi
1640 3855 1868 3917 etopus

280 3933 515 3999 addidit,
549 3943 604 3990 et
632 3937 806 4007 legem
834 3936 932 3992 tibi
957 3939 1121 3992 etiam
1157 3939 1534 4008 experimento
1575 3940 1694 4010 ipso
1733 3955 1868 3994 con-

283 4027 553 4079 tinuatam
570 4029 826 4092 ostendit,
844 4039 973 4085 utet
990 4039 1047 4084 tu
1065 4029 1444 4099 blasphemare
1465 4030 1632 4085 Deum
1651 4031 1870 4087 timeres

279 4125 337 4170 et
362 4118 602 4188 fugeres,
626 4119 770 4174 illam
792 4121 988 4179 timens
1007 4125 1212 4192 peccati
1233 4121 1684 4193 magnitudinem,
1703 4140 1869 4194 quam

280 4223 395 4263 non
443 4211 620 4265 solum
675 4213 979 4283 principes,
1040 4215 1135 4269 sed
1188 4229 1406 4269 onmem
1464 4215 1866 4271 multitudinem

284 4304 565 4360 vindicare
614 4307 902 4376 praecepit.
958 4307 1281 4362 Communis
1336 4307 1483 4362 enim
1539 4310 1702 4364 debet
1745 4325 1869 4366 esse

290 4395 542 4450 onmibus
568 4406 759 4450 contra
800 4397 1151 4468 blasphemos
1196 4415 1396 4470 pugna,
1418 4401 1545 4471 quia
1587 4402 1867 4457 communi

285 4495 473 4541 nostro
511 4489 868 4553 benefactori,
910 4491 1185 4543 communi
1221 4500 1422 4547 nostra:
1463 4493 1586 4549 vita:
1643 4509 1711 4549 ex
1760 4510 1870 4564 quo

278 4595 476 4634 oumes
498 4587 553 4634 et
577 4597 720 4644 esse,
744 4589 799 4634 et
823 4581 961 4636 bene
978 4597 1099 4637 esse
1137 4583 1418 4649 habemus,
1437 4585 1725 4641 detrahere
1750 4593 1863 4642 ten-
1900 4617 1945 4674 υ

279 4681 424 4734 tant,
454 4674 574 4742 ejus
607 4673 829 4742 quidem
863 4675 1045 4746 gloriae
1075 4675 1212 4730 nihil
1240 4687 1524 4746 nocentes,
1547 4694 1648 4734 nos
1681 4688 1867 4735 autem

274 4764 351 4818 ab
377 4780 444 4820 eo
470 4780 743 4835 separare,
775 4775 832 4820 et
859 4767 1137 4837 expellere
1170 4770 1439 4825 volentes.

852 4902 1083 4959 CAPUT
1123 4904 1292 4960 XXV.

355 5013 520 5069 Vens.
541 5017 658 5070 1-7.
706 5035 725 5068 ι
751 5015 1099 5086 Locutusque
1130 5027 1214 5072 est
1255 5017 1518 5073 Dominus
1545 5019 1611 5074 ad
1649 5019 1869 5091 Moysen

278 5108 336 5161 in
370 5119 558 5164 monte
579 5108 751 5174 Sinai,
771 5109 958 5165 dicens
983 5128 997 5164 :
1019 5111 1266 5180 Loquere
1291 5110 1418 5165 ﬁliis
1453 5110 1615 5164 Israel
1644 5121 1698 5165 et
1721 5111 1871 5166 dices

275 5201 350 5254 ad
379 5216 474 5256 eos
505 5219 518 5254 :
545 5201 775 5268 Quando
807 5203 1035 5272 ingressi
1078 5202 1290 5258 fueritis
1331 5212 1556 5270 terram,
1581 5220 1744 5273 quam
1769 5219 1870 5275 ego

278 5298 425 5350 dabo
445 5296 623 5362 vobis,
638 5295 981 5350 sabbatizetis
1002 5294 1294 5350 Sabbatum
1318 5296 1566 5350 Domino.
1587 5296 1691 5351 Sex
1712 5298 1871 5352 annis

278 5399 435 5438 seres
457 5399 646 5454 agrum
669 5393 843 5449 tuum,
865 5392 920 5438 et
937 5399 1030 5438 sex
1051 5386 1210 5439 annis
1236 5387 1454 5455 putabis
1475 5387 1689 5440 vineam
1723 5396 1868 5441 tuam

279 5477 610 5548 colligesqne
647 5475 871 5532 fructus'
895 5478 1034 5546 ejus.
1059 5477 1308 5547 Septimo
1334 5463 1517 5534 autem
1547 5495 1695 5534 anno
1731 5479 1871 5534 Sab-

281 5570 473 5625 batum
505 5570 611 5626 erit
655 5579 815 5626 terra:
845 5569 1209 5640 requietionis
1239 5571 1472 5626 Domini.
1503 5573 1706 5644 Agrum
1752 5588 1860 5627 non

356 5791 400 5824 ⁸⁷
427 5793 617 5848 Matth.
653 5813 804 5860 xvnt,
849 5796 901 5849 6.

416 5869 460 5898 ⁸⁸
484 5877 622 5920 Cen:
649 5885 790 5932 λιι),
841 5871 921 5922 lt.
1001 5868 1044 5898 “
1069 5867 1258 5921 Matth.
1290 5884 1433 5934 xvn,
1467 5869 1555 5924 29.

982 5796 1025 5826 ⁸⁸
1057 5794 1173 5848 Cal.
1197 5811 1247 5858 ν,
1278 5797 1358 5850 10.
1435 5795 1478 5829 ⁸³
1509 5795 1700 5854 Matth.
1738 5817 1788 5864 v,
1820 5799 1909 5854 59.

1974 3357 2170 3410 reverti
2203 3356 2420 3411 dicitur.
2455 3355 2619 3411 Vinea
2650 3366 2858 3420 autem,
2903 3356 3214 3426 evangelica
3239 3355 3358 3408 sine
3383 3354 3562 3423 aliqua

1973 3449 2249 3504 dubietate
2283 3448 2597 3519 praedicatio
2625 3458 2710 3504 est
2735 3467 2748 3502 :
2776 3449 3028 3504 Christus
3051 3448 3198 3502 enim
3233 3447 3286 3501 ei
3317 3446 3562 3502 occasio-

1973 3557 2100 3596 nem
2135 3549 2189 3596 et
2231 3541 2515 3595 materiam
2560 3539 2734 3605 dedit,
2765 3541 2860 3612 qui
2905 3541 3081 3595 dixit:
3113 3539 3226 3610 Ego
3261 3555 3379 3594 sum
3422 3538 3560 3602 vitis,

1973 3648 2062 3685 vos
2084 3640 2263 3686 autem
2284 3631 2554 3702 palmites,
2586 3631 2752 3687 Pater
2798 3649 2943 3686 meus
2976 3632 3208 3704 agricola
3242 3640 3318 3685 est
3360 3631 3429 3684 ".
3450 3630 3565 3684 Nec

1975 3739 2105 3795 ergo
2177 3723 2359 3780 colere
2397 3723 2610 3796 legalia,
2659 3733 2755 3780 aut
2789 3725 3100 3796 evangelica
3143 3723 3398 3779 mandata
3440 3733 3564 3793 post

1976 3818 2183 3872 exitum
2210 3817 2279 3872 de
2309 3818 2415 3872 hac
2461 3818 2595 3882 vita,
2637 3827 2732 3872 aut
2764 3819 3056 3874 transitum
3103 3817 3428 3888 poterimus,
3468 3817 3560 3870 sed

1974 3898 2078 3964 nec
2115 3923 2179 3963 ea
2207 3925 2330 3980 quae
2375 3917 2571 3980 sponte
2601 3919 2928 3976 nascuntur,
2979 3918 3205 3974 metere,
3246 3908 3298 3964 id
3329 3918 3414 3963 est
3461 3923 3564 3962 nec

1974 4017 2317 4073 quaecunque
2359 4003 2625 4058 naturalis
2649 4003 2738 4058 lex
2765 4003 2834 4058 ad
2851 4003 3225 4074 operationem
3249 4000 3562 4056 hominibus

1979 4093 2242 4165 suggerit,
2276 4092 2396 4148 haec
2424 4102 2510 4148 est
2554 4093 2702 4149 enim
2746 4109 2868 4164 qua:
2889 4103 3086 4164 sponte
3133 4093 3391 4164 gignitur,
3435 4091 3568 4161 quia,

1976 4195 2128 4241 extra
2147 4185 2560 4241 meditationem
2588 4185 2874 4250 librorum,
2899 4193 2954 4245 et
2973 4198 3196 4240 omnem
3230 4181 3562 4238 doctoralem

1975 4279 2225 4334 auditum
2258 4277 2524 4349 suggerit,
2552 4286 2608 4332 et
2629 4277 2950 4332 exhortatur
2982 4291 3104 4346 quae
3135 4283 3266 4330 sunt
3305 4273 3482 4339 utilia,
3508 4281 3564 4327 et

1977 4373 2335 4445 cogitationes
2355 4371 2514 4427 nobis
2535 4371 2860 4440 adjuvantes
2880 4369 3121 4424 animam
3144 4374 3424 4438 praestant.
3457 4365 3562 4420 Sed

1976 4482 2081 4520 nec
2111 4481 2244 4519 uvas
2273 4462 2644 4532 primitiarum
2669 4461 2782 4516 sive
2813 4471 2872 4516 ut
2900 4460 3042 4514 LXX
3081 4476 3236 4514 uvam
3258 4457 3563 4527 sanctiﬁca-

1979 4559 2158 4622 tionis,
2200 4557 2538 4610 vindemiare
2582 4562 2715 4609 tunc
2750 4569 2978 4612 necesse
3029 4553 3314 4617 habemus,
3356 4559 3411 4604 et
3443 4565 3566 4619 quae

1976 4657 2061 4704 est
2081 4646 2648 4710 sanctiﬁcationisuva
2672 4665 2685 4700 :
2714 4644 3005 4722 sciuntqui
3033 4644 3227 4699 imbuti
3252 4651 3378 4697 sunt
3398 4642 3563 4698 Chri-

1978 4740 2049 4796 sti
2076 4738 2416 4811 mysterium,
2443 4737 2536 4809 qui
2557 4737 2934 4808 experimento
2962 4736 3030 4792 de
3055 4734 3277 4790 Christo
3328 4734 3565 4805 prophe-

1988 4833 2120 4888 tiam
2149 4839 2519 4902 perceperunt
2544 4849 2558 4885 :
2592 4829 2818 4902 Lavabit
2852 4831 2910 4883 in
2929 4831 3049 4884 vino
3075 4828 3268 4882 stolam
3292 4843 3467 4894 suam,
3517 4836 3564 4880 et

1987 4923 2044 4977 in
2069 4923 2329 4993 sanguine
2350 4938 2464 4976 uva:
2484 4921 2711 4995 pallium
2734 4921 2968 4985 suum”,
2999 4919 3165 4990 hujus
3187 4917 3566 4974 sanctiﬁcatio-

1978 5013 2066 5068 nis
2093 5027 2399 5088 quamnon
2429 5011 2926 5078 vindemiabimus;
2961 5011 3075 5066 illic
3091 5025 3216 5064 nam
3243 5008 3562 5080 mysterium

1973 5103 2092 5159 fore
2139 5102 2485 5158 Dominicum
2513 5103 2820 5158 videbimus
2859 5110 3010 5163 tunc.
3065 5100 3163 5156 sed
3202 5114 3328 5154 cum
3369 5097 3560 5168 majori

1975 5195 2144 5266 gloria
2168 5194 2374 5249 nullius
2401 5179 2677 5249 sensibilis
2693 5193 2766 5248 rei
2790 5193 2936 5250 sicut
2957 5207 3105 5246 nunc
3131 5188 3377 5262 egentes.
3403 5190 3563 5245 Unde

1974 5288 2254 5360 legislator
2309 5287 2530 5357 quidem
2573 5301 2732 5340 uvam
2779 5284 3251 5348 commemoravit,
3310 5281 3564 5338 Christus

1975 5389 2158 5435 autem
2191 5381 2296 5434 hoc
2324 5394 2384 5433 se
2405 5377 2594 5434 bibere
2618 5377 2676 5432 in
2706 5392 2878 5450 regno
2909 5376 3222 5442 nobiscum,
3245 5374 3341 5429 sed
3359 5390 3561 5429 novum

1975 5474 2228 5546 promisit
2245 5475 2314 5528 ⁵⁵.
2333 5471 2448 5528 Hoc
2469 5488 2598 5547 ergo
2623 5471 2929 5534 sabbatum,
2950 5469 3003 5523 id
3025 5480 3109 5522 est
3124 5468 3340 5538 requies
3355 5467 3563 5530 saeculi,

1975 5568 2034 5623 in
2082 5582 2194 5639 quo
2238 5565 2496 5637 praedicta
2566 5573 2705 5620 terra
2765 5561 3183 5632 requiescimus,
3239 5575 3362 5615 cum
3416 5559 3564 5612 enim

3160 5789 3203 5820 δ’
3273 5785 3430 5840 Joan.
3475 5798 3562 5836 xv.

1989 5800 2039 5833 ⁵ο-
2067 5795 2206 5851 Psal.
2243 5808 2399 5858 chn,
2433 5793 2515 5848 10.
2616 5793 2656 5824 ’³³
2690 5791 2854 5846 Ilebr.
2899 5807 2973 5857 tv,
3007 5791 3060 5846 9.
