4032 6486
505 363 633 428 1111

1708 375 2072 437 HESYCHII
2103 373 2577 437 PRESBYTERI

3648 363 3767 432 1112

506 485 630 526 tunc
647 471 730 526 fas
759 489 869 527 non
892 474 983 541 sit,
1007 491 1152 531 nunc
1176 487 1390 548 tempus
1417 480 1684 536 habemus
1705 497 1827 552 qua:
1845 498 2076 552 operan-
2104 494 2151 551 Α
2178 485 2394 540 sionem
2439 483 2656 540 cunctis
2705 479 3103 538 habitatoribus
3149 488 3323 534 terra:
3377 486 3512 532 tum.
3545 477 3666 547 Ipse
3700 490 3778 537 est

499 563 565 619 da
582 574 729 619 sunt.
748 564 901 623 Unde
918 575 974 622 et
993 569 1236 638 quinque
1255 570 1420 626 fatuae
1439 572 1696 642 virgines,
1711 574 1835 644 quia
1853 583 2078 638 vocatae,

503 666 564 712 ut
583 658 850 714 intrarent
877 660 945 716 ad
978 663 1182 732 regales
1219 664 1464 733 nuptias.
1500 665 1682 719 oleum
1730 666 2084 726 ambulabant

503 764 708 815 emere,
737 751 879 808 sicut
900 753 1210 824 ignorantes
1235 764 1471 825 tempus,
1502 757 1735 812 exclusae
1757 766 1887 812 sunt
1914 759 1982 811 ⁵⁸.

572 841 678 898 Sed
695 855 848 899 erunt
875 847 1016 900 vobis
1038 848 1094 901 in
1121 848 1310 905 cibum.
1337 850 1448 913 tibi,
1483 861 1530 904 et
1555 865 1702 904 servo
1725 861 1835 916 tuo,
1870 851 2083 906 ancilla:

505 943 552 988 ct
575 939 900 990 mercenaria
931 947 1041 1002 tuo,
1073 949 1123 992 et
1149 940 1363 994 advena:
1389 942 1479 1011 qui
1508 943 1912 1013 peregrinantur
1943 945 2087 1013 apud

506 1035 577 1090 te,
615 1027 874 1096 jumcutis
917 1031 1040 1095 tuis,
1092 1032 1364 1100 pecoribus
1408 1036 1531 1088 tuis.
1576 1035 1901 1106 Quicunque
1939 1036 2086 1089 enim

508 1133 656 1174 nunc
680 1121 893 1190 operati
917 1121 1204 1187 fuerimus,
1235 1126 1430 1179 horum
1462 1125 1534 1180 ibi
1579 1126 1814 1184 fructum
1849 1127 2090 1197 percipi-

508 1227 653 1277 mus,
683 1223 736 1268 et
766 1214 896 1269 illud
927 1215 1128 1272 Psalmi
1171 1219 1332 1273 nobis
1372 1219 1689 1288 aptabitur:
1723 1220 1876 1274 Beati
1913 1237 2090 1276 omnes

509 1307 600 1375 qui
627 1307 811 1360 timent
833 1307 1136 1364 Dominum.
1157 1309 1386 1366 Labores
1401 1313 1671 1383 fructuum
1693 1324 1904 1368 tuorum
1932 1331 2090 1368 man-

511 1397 745 1456 ducabis.
773 1399 972 1454 Beatus
998 1417 1070 1465 es,
1100 1412 1150 1456 et
1195 1402 1321 1457 bene
1349 1373 1442 1456 tibi
1463 1373 1652 1459 erit‘".
1693 1402 2090 1460 Beatitudinem

511 1504 642 1556 ergo
655 1489 915 1544 describit
934 1491 1107 1551 futuri
1134 1493 1334 1556 saeculi,
1353 1493 1570 1548 beatum
1591 1494 1885 1568 quemdam
1909 1494 2091 1553 cibum

513 1578 782 1636 invenire.
822 1579 1048 1640 Beatum
1075 1583 1223 1637 enim
1250 1585 1344 1647 ait,
1375 1583 1466 1654 qui
1493 1584 1792 1638 comederit
1814 1600 2010 1654 panem
2035 1585 2092 1638 in

512 1686 681 1740 regno
705 1673 993 1730 cmlorum.
1026 1674 1193 1736 Multo
1224 1675 1397 1747 magis
1436 1685 1619 1730 autem
1662 1675 1881 1730 beatum
1928 1683 2095 1731 estet

512 1776 702 1815 servos
735 1763 960 1829 habere,
983 1773 1038 1819 et
1064 1766 1290 1820 ancillas
1321 1776 1376 1820 et
1401 1769 1793 1833 mercenarios,
1833 1769 2094 1834 advenas,

511 1851 757 1924 jumenta
783 1863 838 1910 et
873 1871 1092 1926 pecora,
1120 1858 1235 1912 sive
1270 1859 1587 1916 secundum
1625 1858 1767 1915 LXX
1807 1869 1855 1914 et
1881 1860 2092 1914 bestias.

516 2035 571 2089 in
615 2047 801 2096 sancta
830 2039 936 2107 ,Dei
990 2044 1413 2098 conversatione
1444 2054 1574 2100 sunt
1624 2045 1876 2100 diversae.
1939 2043 2096 2109 Servi

515 2129 738 2195 quidem
767 2140 823 2188 et
843 2132 1075 2200 ancillae,
1114 2144 1380 2205 quotquot
1421 2136 1578 2194 nobis
1608 2137 1672 2192 ad
1712 2136 2098 2209 discipulatum

518 2221 874 2291 semetipsum
903 2225 1266 2293 subdiderint,
1307 2227 1394 2283 vel
1432 2244 1462 2283 a
1497 2229 1659 2284 nobis
1695 2229 1863 2300 empti
1896 2229 2101 2285 fuerint

518 2315 587 2370 de
608 2315 868 2371 exteriori
895 2319 1139 2374 servitio.
1167 2320 1488 2378 Mercenarii
1514 2332 1698 2377 autem
1723 2323 1914 2389 nostri,
1946 2324 2037 2393 qui
2069 2339 2100 2378 a

520 2406 680 2460 nobis
726 2407 934 2464 invitati
976 2419 1126 2474 sunt,
1168 2427 1283 2467 non
1335 2423 1519 2474 tamen
1571 2423 1783 2470 tantum
1837 2415 2095 2484 subjecti,

523 2507 588 2553 ut
609 2507 668 2554 et
685 2502 850 2566 servi,
878 2513 934 2557 et
959 2503 1172 2560 ancillae
1195 2505 1570 2564 nominentur.
1601 2508 1861 2572 Advenee,
1891 2509 2006 2564 sive
2044 2517 2104 2562 ut

524 2591 686 2654 LXX.
710 2593 981 2664 inquilini,
1003 2597 1318 2666 adjacentes
1339 2601 1534 2656 nobis:
1564 2616 1745 2672 neque
1761 2602 1918 2657 .enim
1947 2602 2102 2656 dixe-

523 2695 672 2752 runt,
690 2686 1008 2758 inquilinos,
1035 2691 1132 2747 sed
1155 2691 1414 2762 inquilino
1434 2693 1700 2762 adjacenti
1730 2693 1802 2747 ad
1831 2702 1880 2747 te
1912 2711 1925 2748 :
1952 2703 2106 2764 quot-

525 2787 660 2846 quot
689 2779 744 2833 in
784 2781 894 2835 vita
925 2781 1026 2836 ista
1057 2798 1154 2852 per
1191 2785 1618 2855 philosophiam,
1669 2785 1824 2854 quasi
1857 2788 2104 2856 inquilini

476 2865 481 2871 ’
525 2878 656 2925 sunt
681 2885 791 2924 non
822 2878 1004 2926 tamen
1031 2873 1396 2932 exterioribus
1424 2875 1698 2944 adjacent,
1717 2875 1812 2930 sed
1837 2876 1994 2930 nobis
2014 2875 2106 2946 qui

478 3024 481 3027 _
527 2962 581 3014 in
598 2962 794 3020 bonum
815 2973 1014 3020 terram
1035 2964 1264 3037 ingressi
1285 2981 1496 3032 sumus,
1513 2975 1570 3028 et
1588 2967 1935 3038 possidemus
1956 2983 2105 3032 eum,

527 3063 728 3124 etquae
763 3057 830 3111 ad
859 3073 979 3111 eam
1030 3058 1288 3128 pertinet.
1347 3058 1455 3118 Sed
1487 3067 1543 3114 et
1571 3060 1614 3115 si
1647 3075 1809 3130 quem
1855 3059 2106 3124 idiotam,

529 3143 644 3200 sive
673 3144 990 3215 popularem
1037 3145 1371 3216 juvabimus,
1401 3147 1458 3202 bi
1488 3149 1635 3208 enim
1666 3157 1794 3203 sunt
1819 3149 2067 3218 jumenta
2092 3165 2108 3202 :

530 3240 758 3310 insuper
806 3251 863 3296 et
904 3243 951 3297 si
990 3258 1151 3314 quem
1184 3242 1484 3298 inﬁdelium
1525 3243 1613 3297 vel
1668 3243 1981 3313 impiorum.
2021 3242 2113 3316 qui

531 3343 680 3389 recte
709 3349 928 3404 pecora,
959 3335 1060 3389 sivi
1089 3344 1150 3390 ut
1175 3335 1334 3400 LXX,
1360 3335 1537 3390 bestiae
1557 3335 1930 3403 nominantur,
1957 3352 2117 3390 man-

532 3435 750 3486 suetum
814 3427 1099 3492 facientes,
1147 3428 1458 3497 relinquere
1497 3428 1755 3499 sylvas,et
1796 3427 1863 3482 ad
1916 3436 2119 3482 terram

533 3522 723 3577 venire
759 3531 999 3580 nostram
1040 3523 1356 3590 fecerimus,
1403 3534 1459 3580 et
1502 3525 1704 3589 bestias
1733 3523 1844 3596 agri
1881 3522 2008 3588 dici,
2053 3523 2120 3577 de

536 3614 735 3684 quibus
785 3615 922 3671 dixit
965 3616 1173 3672 David:
1202 3616 1351 3670 Inter
1381 3626 1579 3669 montes
1614 3615 1911 3668 transibunt
1948 3630 2120 3684 aqum,

539 3707 793 3782 potabant
827 3725 918 3763 eas
941 3725 1119 3763 omnes
1151 3709 1328 3762 bestia:
1371 3709 1489 3779 agri
1511 3708 1578 3762 ⁸⁷.
1613 3707 1680 3762 Et
1703 3706 1759 3762 hi
1787 3706 1878 3777 qui
1913 3705 2124 3760 fructus

541 3801 698 3855 bona:
723 3808 902 3868 terrae,
924 3817 1045 3871 qua:
1067 3818 1097 3856 a
1127 3802 1237 3857 Deo
1264 3799 1461 3855 tradita
1483 3807 1567 3854 est
1621 3797 1778 3852 nobis
1825 3813 2124 3852 conversa-

541 3893 736 3956 tionis,
754 3893 895 3950 sicut
921 3894 1158 3953 diximus
1199 3891 1528 3962 intelligibili
1553 3891 1780 3944 sabbato
1812 3890 2123 3950 comedent,

541 3986 598 4042 in
622 3985 865 4056 requiem
884 3985 1051 4040 futuri
1071 3985 1276 4050 saeculi,
1295 3983 1567 4054 praedictae
1591 3974 1749 4036 terra;
1767 3979 2130 4051 percipientes

542 4080 820 4134 fructuum
837 4079 1082 4144 delicias,
1098 4088 1322 4150 propter
1343 4077 1486 4148 quod
1505 4075 1862 4131 Ecclesiastes
1883 4072 2127 4128 dicebat:
2159 4127 2162 4130 λ

542 4173 808 4243 Ρηερατα
853 4175 924 4226 ad
954 4174 1151 4232 exitum
1189 4189 1349 4240 opera
1381 4181 1472 4225 tua
1504 4170 1573 4233 ³⁸,
1603 4168 1730 4240 quia
1769 4176 1894 4238 post
1924 4167 2130 4221 exitum

546 4276 774 4338 tangere
808 4265 1108 4336 quamlibet
1131 4264 1507 4334 operationem
1551 4277 1662 4316 non
1703 4261 1848 4314 licet.
1874 4258 2129 4314 Christus

545 4369 729 4422 autem
757 4359 833 4414 ait
863 4375 881 4414 :
912 4358 1223 4429 Operamini
1255 4373 1359 4412 non
1390 4356 1559 4411 cibum
1581 4355 1672 4425 qui
1697 4354 1857 4423 perit,
1892 4356 1982 4406 sed
2014 4366 2133 4404 eum

546 4451 637 4521 qui
661 4462 932 4519 permanet
959 4450 1016 4504 in
1043 4451 1207 4504 vitam
1235 4459 1511 4512 cateruam,
1535 4466 1688 4520 quem
1712 4445 1884 4501 Filius
1914 4444 2136 4498 hominis

2179 577 2439 647 jubilens.
2496 577 2824 632 Revertetur
2869 575 3032 627 homo
3053 573 3120 626 ad
3168 568 3602 640 possessionem
3638 587 3775 627 suam

2184 680 2241 725 et
2288 669 2665 739 unusquisque
2714 667 2889 721 rediet
2933 665 2998 720 ad
3035 663 3306 719 familiam
3352 660 3645 730 pristinam
3689 662 3778 727 Qui

2182 761 2424 832 jubileus
2453 770 2537 820 est
2589 769 2645 814 et
2679 757 3164 830 quinquagesimus
3217 768 3418 808 annus
3457 767 3569 807 non
3601 758 3782 811 seretis

2186 869 2368 924 neque
2390 851 2614 908 metetis
2639 863 2836 922 sponte
2864 851 2917 904 in
2949 864 3078 919 agro
3100 845 3425 906 nascentia,
3448 856 3502 899 et
3536 846 3784 914 primitias

2187 947 2479 1004 vindemia:
2513 960 2622 999 non
2641 941 3016 1014 colligetis,ob
3049 938 3562 994 sanctiﬁcationem
3588 937 3782 1006 jubiloi,

2190 1040 2285 1094 sed
2320 1039 2504 1093 statim
2561 1038 2737 1093 ablata
2787 1033 3110 1091 comedetis.
3141 1034 3311 1086 Anno
3339 1029 3544 1103 jubilei
3591 1032 3790 1087 redierit

2189 1146 2382 1185 omnes
2409 1132 2476 1185 ad
2507 1129 2882 1202 possessiones
2911 1143 3062 1182 suas.
3095 1145 3114 1178 1

2263 1224 2366 1280 Hic
2402 1221 2772 1295 interrogandi
2804 1230 2937 1276 sunt
2975 1219 3172 1284 Judaei,
3203 1217 3250 1273 si
3287 1215 3620 1286 septimam,
3661 1217 3791 1272 sicut

2194 1317 2299 1388 ipsi
2323 1315 2533 1381 dicunt,
2568 1314 2712 1368 diem
2735 1313 3013 1384 legislator
3035 1312 3349 1373 honorans,
3383 1320 3586 1359 vacare
3607 1306 3660 1359 in
3684 1305 3788 1376 ipsa

2194 1415 2263 1464 ab
2295 1407 2408 1482 agri
2463 1405 2744 1477 operibus,
2789 1403 3018 1472 aliisque
3061 1401 3264 1456 talibus
3304 1395 3600 1470 praecepit,
3647 1399 3790 1464 cujus

2196 1502 2366 1574 gratia
2393 1497 2846 1570 quinquagesimo
2870 1510 3016 1549 anno
3035 1508 3252 1574 cessare
3271 1492 3347 1546 ab
3375 1490 3645 1560 operibus
3666 1505 3790 1559 prae-

2195 1569 2360 1665 cepit.
2381 1569 2436 1648 Si
2461 1592 2605 1647 enim
2625 1588 2994 1645 hebdomadas
3013 1569 3500 1642 hebdomadarum
3525 1583 3592 1638 ad
3609 1599 3788 1637 novem

2196 1696 2253 1741 et
2277 1684 2633 1756 quadraginta
2655 1681 2871 1737 numeri
2912 1695 3087 1734 annos
3113 1678 3486 1749 colliguntur,
3507 1691 3619 1728 non
3641 1690 3791 1742 opor-

2204 1778 2352 1832 tebat
2373 1774 2881 1846 quinquagesimum
2929 1785 3142 1833 vacare,
3174 1767 3284 1824 nisi
3315 1767 3562 1823 forsitan
3603 1767 3787 1834 aliquid

2136 1845 2178 1901 Β
2205 1845 2555 1934 signiﬁcaret,
2583 1845 2639 1918 et
2666 1861 2922 1934 mysteria
2949 1861 3034 1915 lex
3053 1867 3391 1930 exponeret,
3419 1873 3550 1928 quae
3573 1857 3789 1911 necdum

471 2025 478 2030 _
515 1945 736 2014 Species
766 1947 912 2007 enim
967 1949 1085 2006 haec
1105 1949 1492 2020 discipulalum
1528 1952 1889 2022 praebentium
1936 1953 2095 2006 nobis
2133 1969 2142 1974 '

2204 1968 2419 2028 tempus
2439 1966 2557 2012 erat
2581 1963 2772 2026 aperte
2799 1960 3025 2024 propter
3061 1951 3386 2006 auditorum
3432 1948 3787 2002 inﬁrmitatem

2205 2050 2427 2123 aperiri.
2457 2049 2590 2118 Quae
2617 2056 2744 2103 sunt
2769 2056 2951 2100 autem
2979 2043 3134 2098 haec?
3154 2041 3297 2097 Audi
3328 2060 3343 2094 :
3379 2039 3594 2108 Duplex
3624 2049 3786 2092 autem

2205 2143 2454 2216 quaedam
2489 2139 2766 2196 infertura
2785 2137 2896 2192 Deo
2923 2136 3172 2191 omnium
3191 2132 3508 2188 visibilium
3553 2145 3786 2186 consum-

2208 2237 2397 2299 matio,
2441 2249 2551 2291 una
2605 2231 2830 2303 quidem
2879 2229 3319 2296 uniuscujusque
3369 2233 3648 2279 nostrum.
3701 2223 3789 2276 alia

2209 2336 2410 2390 autem,
2439 2323 2751 2379 communis
2783 2320 3006 2375 humani
3043 2318 3259 2389 generis
3303 2316 3662 2386 ipsorumque
3707 2313 3787 2366 ho-

2211 2434 2352 2484 rum,
2403 2432 2524 2488 quae
2571 2416 2735 2482 hanc,
2767 2429 2890 2484 qua:
2939 2426 3092 2467 nunc
3151 2416 3254 2473 est,
3322 2407 3788 2461 conversationem
3859 2461 3870 2482 ι

2210 2515 2575 2570 constituunt.
2605 2512 2712 2566 Sed
2737 2525 2841 2565 nec
2863 2508 3082 2579 quando
3133 2504 3524 2575 unusquisque
3564 2511 3783 2554 nostrum

2212 2615 2624 2662 Consummatus
2658 2602 2844 2668 fuerit,
2895 2611 3114 2670 tempus
3144 2597 3311 2652 nobis
3366 2593 3781 2666 operandi'erit.

2212 2715 2316 2754 nec
2344 2698 2563 2768 quando
2609 2711 2844 2749 omnes:
2879 2701 2936 2748 et
2978 2693 3083 2746 hoc
3123 2689 3293 2744 nimis
3343 2685 3590 2741 scienter
3635 2685 3781 2754 legem

2213 2796 2370 2853 dans.
2397 2793 2540 2846 Deus
2557 2789 2758 2860 quippe
2774 2795 2912 2851 erat,
2936 2785 3022 2840 his
3047 2783 3207 2840 nobis
3229 2780 3419 2836 innuit
3439 2788 3497 2833 et
3516 2777 3781 2846 superiori-

2215 2888 2318 2942 bus
2347 2883 2554 2945 verbis,
2585 2883 2639 2936 in
2673 2879 3052 2951 superioribus
3084 2875 3333 2946 quidem,
3369 2871 3779 2938 uniuscujusque

2217 2978 2382 3032 ﬁnem
2405 2974 2714 3038 insinuans,
2742 2971 2829 3025 his
2850 2979 3056 3032 autem,
3084 2962 3622 3022 consummationem
3644 2964 3780 3015 totius

2216 3069 2436 3142 generis
2459 3066 2707 3130 humani,
2739 3062 3041 3131 mundique
3064 3057 3321 3112 visibilis.

2288 3159 2605 3216 Numerabis
2641 3175 2762 3228 ergo
2792 3157 2884 3209 tibi
2912 3165 3106 3226 septem
3131 3150 3498 3205 hebdomadas
3533 3162 3777 3205 annorum,

2219 3254 2346 3310 Sive
2401 3261 2462 3307 ut
2511 3247 2931 3318 LXX:Septcm
2979 3263 3100 3317 ergo
3139 3243 3450 3298 numerabis
3472 3240 3565 3293 tibi
3611 3236 3777 3306 requies.

2219 3362 2502 3401 annorum.
2520 3342 2752 3398 Sabbata
2779 3349 2981 3399 autem,
3000 3354 3099 3407 pro
3123 3337 3304 3407 requie
3333 3332 3527 3400 reliqui
3546 3331 3775 3396 interpre-

2221 3452 2336 3498 tum
2378 3440 2690 3495 ediderunt.
2742 3433 2808 3487 Et
2834 3435 2963 3505 quid
2997 3434 3100 3488 hoc
3126 3441 3212 3486 est
3235 3432 3258 3484 ?
3285 3429 3513 3499 Septem
3555 3423 3685 3479 enim
3717 3421 3777 3479 ait

2223 3533 2593 3589 hebdomadas
2613 3545 2880 3585 annorum
2907 3526 3131 3597 septies.
3160 3525 3227 3580 Et
3257 3531 3395 3577 sunt
3435 3527 3636 3588 septem
3666 3513 3770 3567 hrb-

2225 3626 2484 3681 domades
2525 3639 2797 3678 annormn
2833 3618 3191 3691 quadraginta
3217 3630 3418 3669 novem
3443 3607 3712 3678 anni,quia
3733 3606 3772 3658 in

2228 3717 2568 3774 hebdomade
2590 3715 2804 3770 dierum
2838 3721 3008 3766 totum
3038 3709 3301 3764 saeculum
3344 3706 3635 3760 humanum
3662 3697 3765 3752 divi—

2226 3813 2395 3876 ditur,
2419 3810 2639 3881 quando
2658 3808 2746 3862 hic
2762 3807 2880 3876 ipse
2900 3805 2955 3858 in
2976 3801 3274 3870 semetipso
3296 3794 3675 3866 multiplicatus
3688 3789 3760 3841 tuo

2228 3907 2321 3966 rit,
2351 3913 2405 3957 et
2432 3911 2542 3956 tota
2585 3898 2766 3956 saeculi
2797 3896 3068 3967 completa
3098 3893 3266 3948 fuerit
3288 3887 3613 3946 volubilitas.
3649 3881 3754 3948 cujus

2233 4008 2448 4066 tempus
2473 3993 2701 4048 Creator
2719 3988 2986 4050 deﬁnivit,
3010 3987 3105 4042 diu
3125 3983 3491 4054 semetipsum
3510 3977 3700 4031 volvens
3715 3970 3763 4024 ad

2234 4089 2398 4142 ﬁnem
2450 4085 2721 4156 pervenit.
2756 4082 2826 4136 Et
2864 4091 3160 4152 propterea
3207 4077 3299 4132 ille
3346 4075 3473 4130 ﬁnis
3511 4078 3758 4138 temporum

2238 4177 2700 4235 hebdomadarum
2755 4186 2906 4230 recte
3000 4172 3306 4244 appellatus
3368 4161 3757 4239 quadragesimus

2235 4288 2415 4328 nonus
2460 4286 2637 4325 annus
2678 4276 2784 4323 est.
2833 4267 2940 4322 Sed
2990 4273 3207 4336 oportet
3243 4263 3414 4318 etiam
3469 4264 3737 4326 sequentem

2236 4362 2766 4436 quinquagesimum,
2786 4361 2926 4414 sicut
2952 4359 3029 4412 ait
3059 4357 3148 4411 hic
3177 4353 3476 4426 legislator,
3505 4345 3763 4436 snectutem,

2242 4456 2296 4509 in
2322 4469 2430 4531 quo
2462 4460 2806 4506 mortuorum
2842 4448 2903 4502 ﬁt
2933 4445 3286 4501 resurrectio.
3318 4443 3451 4497 Post
3479 4439 3622 4492 tinem
3651 4442 3763 4484 etaim

547 4542 698 4596 dabit
727 4541 869 4597 vobis
895 4541 961 4596 ⁵⁸.
997 4539 1172 4610 Hujus
1196 4541 1415 4610 quidem
1451 4555 1589 4610 opus
1616 4538 1725 4602 hic,
1749 4537 1802 4590 in
1835 4536 2018 4590 futuro
2044 4551 2110 4589 au

2243 4523 2571 4601 resurrectio
2613 4541 2881 4612 sequitur.
2901 4537 3035 4603 Quae
3063 4534 3361 4607 quomodo,
3393 4542 3448 4588 et
3467 4523 3765 4612 quemadmo-

551 4644 660 4689 tem
687 4633 898 4688 fructus
924 4642 1027 4688 est.
1052 4631 1144 4687 Vae
1175 4632 1344 4694 enim,
1368 4631 1417 4688 si
1434 4631 1556 4704 quis
1582 4629 1768 4685 vacuis
1787 4628 1914 4683 hinc
1939 4626 2133 4681 ambu-

550 4726 746 4784 laverit
775 4725 1049 4792 manibus,
1093 4725 1206 4782 illic
1234 4725 1326 4783 ubi
1357 4734 1574 4795 tempus
1597 4723 1707 4794 jam
1735 4736 1847 4775 non
1879 4728 1963 4774 est
2007 4719 2134 4772 the-

553 4819 880 4885 saurizandi,
902 4835 1014 4880 non
1040 4818 1326 4888 operandi,
1355 4817 1450 4871 sed
1468 4817 1586 4870 haec
1615 4812 1989 4886 proferuntur,
2023 4811 2141 4864 haec

553 4913 834 4978 fruuntur,
865 4927 986 4982 quas
1037 4911 1130 4969 hic
1156 4909 1364 4982 operati
1383 4894 1685 4965 fuerimus:
1716 4905 1915 4975 quibus
1947 4918 2142 4974 super-

555 5005 836 5064 tediﬁcans
863 5003 1157 5076 legislator,
1183 5000 1465 5074 sequentia
1491 4997 1766 5055 subdidit:

655 5117 801 5178 Vsus
858 5116 1012 5174 8-13.
1069 5132 1089 5172 ι
1145 5113 1476 5172 Numerabis
1521 5125 1742 5183 quoque
1791 5109 1888 5166 tibi
1933 5116 2144 5179 septem

560 5203 936 5266 hebdomades
972 5218 1265 5268 annorum,
1308 5203 1362 5256 id
1400 5210 1505 5264 est,
1549 5201 1774 5272 septies,
1823 5215 1943 5274 quae
1983 5199 2145 5254 simul

561 5297 772 5360 faciunt
797 5311 971 5358 annos
1011 5293 1375 5366 quadraginta
1416 5309 1638 5360 novem,
1669 5302 1726 5348 et
1761 5293 1980 5364 clanges
2008 5291 2144 5347 buc-

562 5392 711 5454 cina,
736 5405 925 5448 mense
955 5387 1212 5460 septimo,
1249 5386 1461 5441 decima
1510 5387 1599 5442 die
1626 5385 1854 5448 mensis,
1878 5383 2146 5454 propitia-

566 5479 730 5560 tionis
757 5488 1021 5549 tempore,
1059 5476 1114 5531 in
1145 5475 1397 5533 universa
1427 5483 1570 5532 terra
1605 5483 1808 5539 vestra,
1845 5474 2149 5530 sanctiﬁca-

565 5573 759 5644 hisque
794 5589 998 5628 annum
1037 5568 1565 5647 quinquagesimum,
1597 5575 1653 5624 et
1696 5566 1919 5626 vocabis
1958 5565 2149 5623 remis-

661 5774 710 5807 “
750 5772 918 5828 Matth
977 5789 1103 5837 xxv,
1138 5772 1160 5825 1
1197 5790 1312 5838 seq.
1423 5772 1470 5806 ⁵⁸
1499 5770 1638 5825 Psal.
1669 5787 1864 5837 cxxvu,
1905 5771 2035 5840 L2.

573 5845 619 5884 σθ
647 5842 668 5898 1
699 5844 827 5902 Cor.
861 5863 947 5906 xv,
981 5845 1078 5908 ὥς
1117 5845 1131 5896 1
1160 5845 1352 5902 'l'hess.
1393 5861 1467 5910 tv,
1505 5842 1587 5898 15.

2140 5768 2184 5801 ⁵⁷
2227 5765 2370 5822 Psal.
2403 5781 2517 5830 ctu,
2559 5764 2640 5817 ll.

2240 4640 2369 4695 dum
2401 4609 2709 4707 proveniat;
2730 4632 2862 4694 dicit
2891 4630 3117 4685 Paulus.
3139 4627 3405 4682 Similiter
3439 4629 3605 4677 autem
3642 4621 3686 4664 et
3705 4609 3765 4664 lc-

2243 4731 2466 4800 g‘islator
2482 4725 2844 4798 praesentibus
2865 4721 3108 4779 subdidit
3135 4719 3340 4778 verbis.
3360 4716 3434 4771 ait
3454 4713 3586 4797 enim
3606 4723 3619 4760 ἒ

2207 4870 2217 4882 ,
2300 4823 2368 4879 Et
2386 4821 2633 4891 clangens
2655 4819 3073 4880 buccina.mense
3093 4813 3336 4882 septimo,
3357 4811 3410 4863 in
3427 4806 3764 4891 universatcrta

2247 4925 2445 4971 uestra.
2470 4882 2620 4966 Illam
2649 4910 2838 4965 tubam
2859 4906 3199 4979 signiﬁcans,
3226 4905 3295 4958 de
3328 4916 3431 4973 qua
3459 4892 3633 4950 Paulus
3656 4882 3765 4941 scri-

2251 5008 2331 5064 bit
2350 5003 2676 5070 Corinthiis,
2705 5002 2896 5064 dicens
2922 5018 2937 5054 :
2969 4997 3112 5074 Quia
3141 4998 3253 5065 ipse
3291 4991 3534 5049 Dominus
3560 4985 3606 5036 in
3617 4979 3760 5074 just".

2250 5105 2308 5158 in
2335 5116 2456 5155 uoce
2501 5067 2838 5169 Archangeli.
2869 5096 2925 5149 in
2971 5067 3096 5148 tuba
3128 5091 3227 5146 Dei
3272 5083 3531 5143 descendet
3565 5075 3621 5128 de
3644 5067 3759 5169 acie.

2250 5205 2300 5250 et
2326 5193 2519 5254 mortui
2547 5192 2636 5263 qui
2664 5190 2719 5244 in
2745 5187 2954 5251 Christo
2979 5195 3125 5250 sunt,
3162 5186 3427 5252 resurgent
3451 5157 3756 5263 incorrupti".

2251 5288 2485 5359 Οροτιει
2511 5285 2658 5340 enim
2689 5290 3030 5341 mortuorum
3067 5275 3514 5333 resurrectionem
3542 5257 3758 5359 suscitari:

2255 5349 2364 5437 te'm
2381 5395 2476 5435 eos
2497 5377 2810 5452 praecedere
2830 5375 3040 5429 tubam.
3063 5370 3219 5426 Unde
3245 5367 3303 5422 in
3331 5352 3698 5436 quadragesimo
3711 5349 3757 5452 rt

2256 5489 2407 5529 nono
2428 5486 2593 5536 anno,
2621 5469 2676 5522 in
2703 5484 2813 5539 quo
2846 5478 3193 5521 communem
3225 5460 3452 5516 diximus
3470 5447 3753 5539 consumma:

2262 5569 2469 5623 tionem
2509 5565 2646 5630 ﬁeri,
2675 5537 2804 5618 tuba
2833 5559 2957 5617 cani
2997 5556 3272 5629 praecepit.
3319 5553 3376 5608 lu
3414 5554 3579 5605 mense
3611 5537 3752 5588 autem

2750 5763 2794 5794 "
2827 5760 2990 5819 Ercli.
3024 5775 3134 5824 MV,
3165 5757 3248 5813 l7.
3363 5751 3403 5786 "
3435 5747 3569 5803 JOall-
3600 5721 3744 5794 "'27'
