4032 6422
243 359 387 428 1113

1385 377 1467 435 ΙΝ
1503 378 1946 440 LEVITICUM.
1990 406 2056 417 -
2099 382 2244 442 LIB.
2285 385 2414 444 VII.

3399 384 3534 451 1114

237 475 505 544 septimo,
562 477 772 534 decima
809 483 1036 551 mensis,
1092 485 1499 557 propitiationis
1555 499 1822 561 tempore,
1854 495 1900 556 Α
1929 491 2204 548 thesauros
2226 497 2280 548 in
2311 497 2460 561 cwlo,
2502 499 2588 552 ubi
2619 515 2711 554 nec
2747 498 2909 560 tinea,
2939 515 3031 552 nec
3061 514 3237 566 rrrugo
3287 515 3534 553 corrum-

233 566 561 638 clangentes
612 570 843 629 buccina
889 575 944 628 in
979 577 1235 634 universa
1275 588 1417 635 terra
1460 591 1643 638 vestra
1684 593 1834 638 recte

233 657 529 727 praecepit,
597 675 699 730 per
760 665 1206 735 propitiationem
1274 669 1653 738 manifestans,
1707 673 1834 742 quia

232 756 480 817 propter
521 749 824 806 bonitatem
857 764 912 809 et
939 756 1284 811 clementiam
1317 775 1441 830 erga
1473 777 1637 817 omne
1663 778 1836 834 genus

232 833 571 904 humanum,
623 845 1026 902 communionis
1081 850 1502 906 resurrectionis
1554 833 1836 924 dispensat

229 933 587 1003 mysterium,
608 935 1039 993 misericordiam
1073 939 1395 1010 impendens
1416 943 1608 1009 Adam,
1625 945 1717 1014 qui
1738 960 1837 1015 per

229 1024 678 1083 inobedientiam
714 1029 770 1083 in
798 1039 1000 1086 terram
1044 1034 1244 1088 reverti
1279 1047 1586 1106 praeceptus
1615 1045 1700 1091 est
1731 1056 1745 1091 :
1784 1036 1832 1092 si

228 1119 394 1177 enim
427 1137 542 1176 non
576 1122 832 1178 misertor
865 1126 1302 1196 propitiatorium
1333 1128 1546 1193 fuisset,
1574 1145 1687 1186 non
1709 1145 1836 1186 eum

228 1227 264 1265 a
295 1215 655 1286 corruptione
681 1226 900 1276 terrena
939 1221 1247 1278 liberasset.
1285 1221 1439 1288 Quod
1475 1233 1662 1280 autem
1699 1224 1838 1281 dixit

229 1321 468 1360 omnem
518 1316 743 1375 terram,
789 1311 917 1381 quia
965 1314 1132 1371 totius
1187 1315 1294 1376 erit
1339 1297 1566 1371 humani
1617 1317 1838 1390 generis

228 1402 598 1456 resurrectio.
635 1402 737 1457 Per
764 1406 1057 1475 septimum
1088 1417 1273 1464 autem
1302 1425 1570 1477 mensem,
1604 1420 1659 1465 et
1681 1409 1836 1466 deei-

232 1508 394 1546 mam
423 1494 588 1559 diem,
621 1510 745 1550 eum
790 1498 880 1567 qui
916 1498 1032 1554 hare
1077 1501 1208 1570 egit,
1260 1501 1512 1558 videlicet
1554 1502 1836 1559 Christum

235 1584 540 1656 intelliges.
566 1588 750 1643 Mense
789 1591 934 1646 enim
977 1592 1216 1662 septimo
1243 1602 1376 1649 retas
1415 1595 1606 1649 mundi
1633 1597 1831 1651 venit:

237 1679 412 1747 cuius
443 1696 688 1734 mensem
712 1682 946 1750 primum
979 1685 1215 1739 dicimus
1251 1701 1377 1740 eum
1402 1687 1495 1756 qui
1530 1687 1630 1742 fuit
1653 1687 1706 1741 in
1740 1703 1837 1758 pa-

240 1770 436 1825 radiso
465 1787 481 1836 ;
509 1774 812 1827 secundum
843 1791 1012 1846 usque
1037 1778 1104 1832 ad
1135 1778 1401 1833 diluvium
1426 1797 1441 1834 :
1469 1781 1714 1848 tertium,
1737 1797 1833 1836 us-

241 1878 357 1931 que
398 1863 464 1918 ad
495 1865 768 1920 Abraham
799 1885 812 1921 :
843 1878 1098 1936 quartum
1136 1887 1306 1942 usque
1345 1872 1413 1926 ad
1441 1881 1678 1944 tempus,
1727 1891 1839 1945 quo

243 1955 582 2013 descensum
625 1968 710 2013 est
749 1959 803 2014 in
851 1961 1145 2032 .‘Egyptum
1177 1981 1190 2016 :
1223 1963 1498 2033 quintum,
1552 1983 1726 2037 usque
1771 1969 1839 2025 ad

245 2051 624 2121 captivitatem
656 2053 710 2107 in
743 2054 1128 2125 Babyloniam:
1156 2065 1393 2124 sextum,
1428 2075 1601 2130 usque
1643 2061 1710 2115 ad
1739 2061 1840 2116 ad-

248 2153 478 2198 ventum
495 2142 692 2200 Christi
714 2164 726 2200 :
748 2147 1060 2216 septimum,
1079 2148 1255 2218 ipsum
1279 2151 1491 2206 Domini
1512 2152 1840 2222 adventum;

250 2249 378 2288 nam
424 2238 529 2294 etsi
593 2251 703 2292 non
758 2253 950 2294 onmes
1011 2241 1097 2295 hae
1138 2242 1501 2300 diﬁ‘erentiam
1546 2245 1839 2314 quamdam

256 2323 397 2378 inter
424 2341 484 2381 se
501 2335 690 2381 aetates
713 2327 954 2393 habent,
996 2336 1176 2385 tamen
1199 2340 1504 2403 temporum
1529 2334 1680 2405 signa
1702 2336 1843 2394 sicut

262 2433 477 2473 menses
505 2419 729 2476 habent.
758 2421 864 2476 Sed
891 2422 1158 2478 decimam
1191 2425 1334 2480 diem
1369 2437 1655 2498 propterea
1685 2431 1842 2486 addi-

267 2510 369 2574 dit,
393 2512 512 2581 quia
541 2513 596 2567 in
621 2513 1034 2584 perfectionem,
1059 2519 1333 2588 perfectus
1353 2522 1556 2591 quippe
1579 2537 1843 2581 numerus

267 2612 351 2656 est
400 2603 655 2668 decimus,
690 2607 1132 2676 propitiationem
1178 2621 1418 2667 nostram
1465 2629 1563 2683 per
1597 2631 1842 2684 crucem,

261 2704 422 2763 atque
466 2696 777 2765 passionem
818 2697 1072 2754 Christus
1117 2702 1345 2774 peregit.
1393 2703 1548 2760 Unde
1589 2714 1642 2762 et
1684 2723 1842 2763 ovem

256 2803 418 2856 quam
459 2787 671 2860 Moyses
713 2793 976 2862 prmcepit
1016 2792 1305 2860 immolari,
1354 2797 1652 2866 perfectam
1694 2815 1840 2866 esse,

253 2880 538 2935 etdecima
555 2882 642 2937 die
653 2885 894 2954 separari
925 2888 1203 2958 prtecepit,
1222 2889 1387 2959 hujus
1408 2902 1688 2960 gerentem
1708 2894 1843 2950 ima-

252 2973 462 3042 ginem,
492 2973 560 3028 de
585 2990 696 3044 quo
719 2977 882 3032 nobis
910 2993 1059 3034 nunc
1101 2995 1283 3036 sermo
1330 2990 1436 3036 est.
1483 2981 1626 3051 Quid
1657 2995 1843 3042 autem

247 3065 345 3120 his
367 3064 620 3120 addidit?

1941 587 2040 657 pit,
2071 603 2162 641 nec
2188 590 2334 659 fures
2369 590 2642 659 eﬂ'odiunt,
2692 602 2744 646 et
2805 593 3059 663 {uruntur
3078 591 3145 644 ⁸³.
3203 588 3311 644 Sed
3359 599 3414 644 et
3461 589 3532 646 ad

1943 676 2204 732 familiam
2238 678 2524 748 pristinam
2556 682 2823 743 redimus.
2855 681 2942 736 vel
2963 679 3108 737 sicut
3140 679 3528 751 Septuaginta,

1947 770 2019 824 ad
2068 772 2304 837 patriam
2361 782 2601 828 nostram
2655 775 3062 830 ambulabimus.
3109 772 3396 829 Manifesta
3448 783 3536 829 est

1943 863 2089 916 enim
2128 865 2378 942 quzetlant
2403 865 2704 922 amantium
2729 867 3158 937 hospitalitatem
3199 867 3394 937 patria,
3416 867 3534 923 sive

1944 953 2170 1020 familia,
2231 958 2318 1014 cui
2365 958 2641 1014 Abraham
2703 969 2922 1028 praeest,
2982 960 3269 1015 manifesta
3323 969 3531 1016 castro-

1945 1064 2088 1115 rum,
2121 1048 2279 1119 cujus
2293 1047 2497 1119 Joseph
2531 1051 2788 1121 princeps
2816 1059 2904 1107 est
2933 1069 2946 1106 :
2979 1051 3272 1108 manifesta
3325 1051 3534 1106 zelatu-

1945 1157 2085 1204 rum,
2114 1142 2272 1213 cujus
2305 1141 2444 1197 Elias
2470 1143 2764 1212 primatum
2795 1153 2968 1209 tenet,
3011 1160 3243 1214 quarum
3300 1143 3533 1198 [neredi-

1945 1242 2111 1292 tatem
2143 1233 2496 1305 percipimus,
2545 1237 2766 1306 quando
2812 1237 3008 1291 horum
3075 1254 3199 1308 quae
3239 1237 3328 1292 hic
3381 1246 3533 1302 sunt,

1942 1324 2216 1389 remissio,
2264 1336 2322 1381 et
2368 1327 2735 1386 sanctiﬁcatio
2777 1336 2968 1386 contra
3018 1339 3254 1384 mortem
3291 1328 3536 1385 victoriat

1943 1427 2161 1487 peracta
2190 1419 2374 1472 fuerit.

2013 1511 2077 1566 In
2139 1513 2576 1583 quinquagesimo
2633 1529 2778 1567 anno
2831 1515 2924 1584 qui
2985 1524 3100 1583 post
3149 1514 3532 1569 hebdomadam

1943 1601 2428 1656 hebdomadarum:
2490 1601 2548 1660 Id
2605 1612 2727 1667 est,
2785 1613 2908 1673 post
2963 1620 3311 1658 communem
3367 1606 3531 1660 linem

1944 1696 2150 1758 veniet.
2185 1696 2515 1772 sicutsemel
2542 1704 2826 1752 ostensum
2875 1705 2980 1752 est.
3027 1699 3182 1753 'l'unc
3231 1714 3343 1752 non
3403 1713 3535 1768 pos-

1945 1798 2074 1843 sunt
2111 1789 2393 1853 seminari,
2425 1803 2605 1858 neque
2639 1789 2773 1844 meti
2807 1799 3005 1857 sponte
3037 1790 3094 1842 in
3130 1805 3260 1860 agro
3301 1805 3537 1844 nascen-

1869 1862 1913 1917 Β
1945 1882 2039 1946 tia,
2073 1897 2253 1952 neque
2282 1881 2554 1952 primitias
2582 1881 2879 1936 vindemia;
2928 1880 3131 1952 colligi.
3158 1879 3347 1950 Neque
3388 1881 3537 1934 enim

1941 1982 2160 2045 tempus
2182 1983 2287 2039 est,
2324 1975 2377 2029 in
2405 1990 2517 2044 quo
2556 1973 2717 2030 nobis
2741 1990 2838 2043 per
2869 1975 3250 2044 operationem
3300 1971 3537 2043 conqui-

1941 2085 2127 2124 ramus
2166 2069 2404 2140 aliquam
2444 2071 2888 2130 sanctimoniam.
2942 2086 3105 2140 quam
3161 2068 3216 2122 in
3264 2070 3366 2124 hac
3429 2069 3538 2124 vita

1939 2177 2051 2216 non
2079 2161 2516 2232 conquisivimus
2549 2162 2607 2217 in
2640 2163 2842 2218 saeculo
2885 2162 3092 2228 futuro,
3122 2162 3217 2216 sed
3259 2160 3364 2214 frui
3423 2160 3536 2230 his,

1940 2269 2061 2323 qua:
2093 2254 2182 2308 hic
2208 2253 2418 2324 operati
2436 2253 2727 2319 fuerimus,
2758 2265 2815 2308 et
2845 2263 3132 2323 propterea
3175 2255 3394 2308 subdit:

2013 2346 2118 2403 Sed
2149 2347 2335 2402 statim
2367 2346 2549 2401 oblata
2616 2347 2917 2401 comedetis.
2957 2345 3052 2399 Vel
3112 2345 3254 2400 sicut
3305 2343 3540 2414 Septua-

1940 2440 2110 2511 ginta,
2135 2441 2200 2494 de
2221 2440 2424 2509 campis
2463 2439 2766 2504 comedetis,
2803 2455 2920 2510 qua:
2951 2447 3244 2491 nascuntur
3276 2437 3334 2489 in
3358 2453 3446 2499 ea,
3487 2433 3540 2490 id

1942 2542 2025 2588 est
2055 2542 2262 2602 parata,
2313 2549 2424 2589 non
2478 2548 2600 2603 qua:
2654 2541 2786 2588 tunc
2830 2533 3211 2595 seminantur,
3262 2545 3368 2584 nec
3419 2543 3543 2598 quin

1940 2625 2217 2689 coluntur,
2273 2625 2367 2680 sed
2429 2625 2559 2680 olim
2597 2625 3004 2695 praeseminata,
3058 2631 3114 2677 et
3175 2629 3540 2692 praeoperata.

1946 2715 2080 2770 Illud
2130 2724 2215 2770 est
2273 2716 2425 2770 enitn
2472 2706 2709 2786 tenipus,
2772 2716 2840 2771 de
2871 2732 2982 2785 quo
3013 2715 3092 2769 ait
3150 2713 3360 2768 David:
3403 2711 3542 2777 Quia

1944 2807 2118 2861 reddis
2143 2807 2428 2877 unicuique
2477 2809 2763 2862 secundum
2795 2824 2960 2876 opera
3021 2823 3121 2860 sua
3141 2806 3207 2858 "‘.
3253 2803 3365 2859 Sed
3405 2803 3543 2874 quid

1943 2897 1998 2953 iu
2023 2897 2189 2954 finem
2217 2899 2510 2968 praesentis
2531 2899 2843 2954 sanctionis
2863 2897 3023 2952 dixit:
3046 2897 3196 2950 Anno
3215 2896 3427 2965 jubilei,
3458 2895 3544 2951 vel

1941 2995 2248 3052 secundum
2280 2991 2661 3065 Septuaginta,
2689 3010 2828 3046 anno
2855 2993 3177 3046 remissionis
3196 2990 3546 3064 signiﬁcatio-

1948 3088 2026 3142 nis
2051 3087 2250 3141 redient
2282 3104 2460 3141 omnes
2500 3089 2571 3141 ad
2595 3087 2943 3158 possessiones
2971 3103 3118 3138 suas.

329 3176 801 3250 Sanctiﬁcabisque
837 3197 1038 3236 annum
1077 3183 1596 3255 quinquagesimum,
1661 3197 1712 3242 et
1752 3206 1845 3244 uo-
1873 3211 1916 3269 ρ
2019 3179 2318 3234 Evidenter
2352 3196 2454 3234 nos
2499 3181 2606 3244 lex,
2651 3196 2751 3250 per
2793 3181 2896 3233 hoc
2942 3177 3088 3247 quod
3135 3192 3286 3230 nttnc
3331 3176 3541 3269 dictum

252 3270 405 3322 tabis
429 3271 787 3326 remissionem
834 3273 1037 3326 cunctis
1083 3274 1467 3330 habitatoribus
1515 3287 1672 3334 teme
1721 3290 1846 3335 tute.

255 3363 622 3432 Septuaginta
655 3372 840 3419 autem
873 3364 1104 3428 addunt,
1144 3366 1327 3422 Annus
1365 3370 1686 3425 remissionis
1751 3373 1852 3426 erit

253 3455 429 3512 vobis.
477 3456 814 3526 Signiﬁcatio
874 3450 990 3514 haac
1039 3459 1491 3527 sanctilicabitur,
1551 3463 1605 3519 id
1665 3473 1750 3520 est
1793 3467 1851 3520 in

253 3546 632 3601 sanctimonia
657 3547 805 3603 hunc
837 3558 1171 3618 exspectate,
1201 3559 1251 3605 et
1281 3561 1469 3606 sancta
1495 3553 1564 3608 de
1602 3570 1669 3610 eo
1701 3559 1854 3628 cogi-

257 3647 401 3693 tate.
439 3638 546 3693 Sed
568 3648 625 3694 et
653 3641 1072 3696 sanctimoniam
1096 3643 1150 3696 in
1188 3659 1255 3699 eo
1290 3646 1567 3716 corrigite,
1598 3648 1852 3703 reminis-

255 3739 458 3784 centes
495 3729 672 3795 illum,
697 3733 791 3802 qui
822 3731 986 3788 dixit:
1018 3733 1216 3789 Pacem
1232 3753 1405 3791 mwm
1429 3739 1709 3808 sequimini
1735 3757 1854 3794 cum

254 3825 504 3882 omnibus
554 3836 602 3879 et
649 3828 1082 3893 sanctimoniam,
1137 3829 1251 3882 sine
1293 3847 1400 3900 qua
1451 3839 1603 3886 nemo
1648 3835 1841 3889 uidebit

255 3916 518 3971 Deum“.
548 3915 656 3972 Sed
685 3929 742 3973 et
771 3919 1030 3974 omnibus
1058 3919 1153 3990 qui
1183 3932 1313 3976 sunt
1347 3921 1406 3976 in
1439 3932 1604 3988 terra,
1656 3927 1852 3980 remis.

261 4008 488 4064 sionem
543 4011 966 4075 annuntiemus,
1004 4013 1219 4082 prolata
1247 4021 1436 4068 contra
1485 4030 1588 4070 nos
1630 4028 1857 4087 propter

259 4101 438 4163 Adam
478 4104 774 4158 sententia.
816 4105 1160 4175 Signiﬁcatio
1192 4105 1313 4160 haec
1360 4115 1465 4172 est,
1505 4107 1722 4178 signum
1770 4119 1855 4164 est

201 4247 206 4250 _
259 4193 412 4247 enim
441 4203 782 4249 inor-tuorum
825 4195 1160 4250 resurrectio
1188 4197 1390 4252 Christi
1447 4197 1710 4262 victoriae,
1759 4215 1856 4268 per

264 4300 432 4351 quam
461 4283 635 4346 vincit
683 4284 986 4349 inimicum,
1049 4287 1232 4341 omnia
1270 4288 1570 4358 subjiciens
1627 4289 1754 4356 sibi,
1798 4299 1858 4346 et

268 4379 558 4431 destructis
619 4387 894 4443 mortem,
953 4380 1416 4448 quemadmodum
1483 4382 1680 4436 Paulus
1734 4383 1850 4437 ait:

263 4465 484 4535 Oportet
512 4485 633 4521 eum
666 4485 906 4539 regnare,
970 4470 1132 4523 donec
1182 4483 1345 4539 ponat
1398 4489 1576 4526 omnes
1617 4473 1855 4527 inimicos

1955 3280 2039 3325 cst
2094 3279 2456 3333 contestatur,
2509 3273 2638 3341 quia
2699 3271 2783 3326 vel
2833 3270 2880 3325 si
2930 3270 3060 3324 hinc
3114 3268 3542 3328 recesserimus.

1957 3380 2128 3433 usque
2153 3364 2220 3419 ad
2253 3379 2458 3420 annum
2481 3364 2843 3428 remissionis,
2903 3362 2996 3433 qui
3035 3370 3120 3418 est
3151 3361 3546 3416 sanctiﬁcatio-

1954 3459 2064 3523 nis,
2103 3473 2277 3528 usque
2302 3459 2371 3514 ad
2406 3473 2757 3514 commonent
2804 3457 3065 3512 videlicet
3107 3455 3545 3510 consummatio-

1954 3567 2106 3615 nem,
2130 3560 2185 3605 et
2216 3560 2559 3608 mortuorum
2591 3550 3076 3612 resurrectionem,
3108 3564 3269 3618 quam
3289 3547 3549 3602 Christus

1955 3652 2234 3712 operatur,
2271 3643 2493 3713 quando
2536 3643 2811 3713 integrum
2838 3641 3014 3712 surgit
3039 3650 3232 3695 contra
3259 3639 3544 3695 inimicum

1955 3743 2012 3789 et
2044 3743 2278 3792 mortem
2323 3734 2655 3804 trophaeum,
2689 3733 2759 3787 ad
2810 3732 3218 3802 possessionem
3249 3747 3428 3795 suam,
3479 3730 3547 3785 ad

1957 3827 2335 3884 hiereditatem
2369 3826 2632 3882 videlicet
2654 3840 2820 3880 nemo
2848 3824 3031 3879 redire
3075 3831 3277 3894 potest,
3324 3831 3550 3893 pmpter

1955 3917 2104 3986 quod
2133 3927 2189 3973 et
2226 3918 2427 3973 Paulus
2455 3917 2560 3972 ait:
2596 3916 2706 3972 Nos
2735 3917 2827 3988 qui
2862 3917 3105 3978 vivimus,
3133 3932 3238 3970 non
3259 3915 3546 3985 preuenis-

1957 4028 2073 4065 mus
2095 4027 2179 4065 eos
2211 4011 2300 4080 qui
2355 4011 2681 4064 dormierunt
2701 4010 2768 4063 “.
2799 4007 2989 4078 Neque
3045 4006 3191 4062 enim
3244 4005 3400 4075 justi,
3454 4005 3546 4073 qni

1956 4103 2063 4158 vivi
2101 4103 2447 4172 appellantur
2493 4111 2742 4157 mortuos
2770 4100 3110 4171 praecedunt,
3158 4097 3252 4154 sed
3301 4097 3548 4152 omnium

1953 4195 2219 4266 judicium
2253 4196 2356 4250 erit
2388 4210 2706 4258 commune,
2763 4202 2820 4248 et
2851 4208 3050 4247 omnes
3089 4191 3248 4246 simul
3281 4191 3348 4247 ad
3398 4206 3548 4246 com-

1957 4290 2200 4359 petentia
2261 4289 2363 4344 sibi
2437 4288 2553 4343 loca
2609 4287 3089 4342 transmittuntur.
3167 4284 3314 4339 Bene
3360 4295 3547 4338 autem

1959 4380 2194 4443 redierit,
2239 4380 2335 4442 ait,
2368 4379 2492 4449 quia
2525 4379 2591 4434 ad
2635 4380 2804 4433 Deum
2860 4378 3235 4444 ambulamus,
3270 4392 3301 4430 a
3343 4391 3454 4446 quo
3492 4383 3550 4430 et

1958 4473 2234 4534 venimus,
2268 4489 2393 4526 cum
2425 4488 2534 4526 non
2581 4487 2828 4526 essemus
2870 4470 3044 4540 prius.
3096 4467 3324 4533 Quando
3362 4473 3546 4521 autem

259 4561 361 4618 sub
422 4564 642 4631 pedibus
713 4564 843 4616 suis.
899 4565 1194 4619 Novissime
1276 4567 1494 4620 inimica
1555 4568 1853 4621 destruetur
1887 4551 1930 4607 ι)
1957 4565 2268 4621 venerimus
2297 4565 2366 4620 ad
2398 4579 2548 4626 eum,
2582 4573 2712 4618 tunc
2738 4577 2863 4617 esse
2890 4561 3210 4631 incipimus.
3240 4557 3351 4613 Sed
3375 4557 3547 4627 ccepi-

234 4671 408 4727 .mors
435 4655 502 4708 ⁵⁸.
537 4655 642 4710 Sed
675 4656 1001 4726 signiﬁcatio
1038 4658 1154 4712 hanc
1183 4673 1281 4728 per
1306 4657 1678 4727 evangelicam
1707 4673 1851 4728 prae-

257 4746 597 4804 dicationem
623 4746 858 4802 efﬁcitur
883 4765 898 4815 ;
924 4748 1173 4806 Christus
1204 4750 1351 4805 enim
1375 4750 1697 4819 adveniens,
1727 4763 1850 4806 eam

258 4838 596 4910 signiﬁcavit
616 4848 780 4910 atque
800 4841 1140 4911 praedicavit.

336 4935 484 4990 Tunc
517 4944 804 4990 revertetur
841 4936 995 4993 homo
1041 4939 1113 4990 ad
1157 4937 1535 5004 possessionem
1577 4954 1755 5004 suam,
1809 4949 1859 4994 et

259 5029 626 5099 unusquisque
655 5027 821 5082 rediet
850 5029 921 5084 ad
955 5029 1218 5100 familiam
1249 5030 1550 5099 pristinam,
1590 5031 1677 5086 vel
1715 5031 1858 5087 sicut

259 5122 653 5192 Septuaginta,
718 5122 791 5175 ad
845 5123 1081 5192 patriam
1139 5140 1315 5182 suam.
1367 5122 1656 5181 Possessio
1706 5125 1855 5180 enim

262 5221 461 5268 nostra
494 5220 597 5277 est,
627 5220 684 5266 et
707 5211 952 5281 indeptio
986 5214 1152 5270 futuri
1181 5213 1393 5279 saeculi,
1414 5214 1542 5285 quia
1566 5215 1714 5270 illam
1742 5229 1852 5270 non

261 5303 334 5360 ad
365 5314 606 5373 tempus,
638 5303 738 5358 sed
786 5303 842 5365 in
878 5313 1206 5375 perpetuum
1246 5306 1614 5376 possndemus,
1644 5315 1701 5362 et
1752 5323 1857 5363 nec

263 5410 421 5450 nunc
447 5394 673 5464 quidem
695 5395 884 5465 huius.
913 5412 1063 5451 nunc
1093 5409 1278 5452 autem
1311 5398 1476 5464 illius,
1497 5399 1597 5454 sed
1633 5414 1852 5470 semper

267 5487 520 5557 ejusdem
558 5495 641 5542 est
670 5487 846 5550 ﬁrma,
888 5498 944 5542 et
967 5505 1086 5558 quae
1126 5505 1233 5544 non
1268 5490 1443 5560 possit
1489 5490 1693 5546 auferri
1731 5507 1856 5562 pos-

267 5577 468 5641 sessio,
501 5577 570 5632 de
598 5593 704 5648 qua
734 5578 998 5633 Dominus
1023 5579 1276 5634 dicebat:
1312 5580 1682 5640 Thesaurizate
1717 5579 1857 5635 vobis

1958 4675 2081 4714 mus
2101 4659 2321 4728 quidem
2345 4673 2466 4713 esse
2486 4656 2872 4716 communiter,
2900 4670 2964 4710 ex
2996 4670 3104 4724 quo
3128 4653 3300 4706 Adam
3331 4659 3550 4706 creatus

1957 4759 2069 4807 est:
2104 4747 2421 4817 specialiter
2455 4756 2639 4800 autem
2672 4745 3051 4815 unusquisque
3085 4751 3191 4802 est.
3221 4757 3286 4796 ex
3336 4756 3446 4809 quo
3489 4739 3546 4793 in

1961 4848 2151 4894 ventre
2177 4849 2427 4892 materno
2450 4838 2754 4908 plasmatus
2777 4847 2884 4899 est,
2902 4835 3142 4889 aitenim
3179 4850 3193 4887 :
3216 4831 3320 4900 Qui
3347 4831 3548 4886 format

1958 4931 2214 5000 spiritum
2250 4930 2489 4986 hominis
2528 4929 2583 4983 in
2616 4919 2820 4999 ipsum.
2853 4928 2899 4982 Δ
2933 4927 3044 4982 Deo
3074 4935 3258 4982 tamen
3290 4925 3546 4980 venimus

1959 5024 2175 5080 ratione
2209 5021 2435 5094 opiﬁcii,
2479 5031 2535 5076 et
2589 5021 2925 5076 conditionis
2970 5021 3112 5091 ejus,
3146 5025 3374 5090 propter
3398 5018 3543 5087 quod

1956 5127 2015 5174 et
2043 5117 2243 5172 Paulus
2272 5116 2526 5171 dicebat:
2564 5115 2824 5170 Coarctor
2853 5124 3028 5168 autem
3065 5130 3130 5166 ea:
3149 5111 3377 5177 duobus,
3407 5111 3546 5164 desi-

1955 5210 2165 5264 derium
2194 5208 2390 5266 habens
2422 5207 2658 5272 dissolvi,
2685 5217 2736 5262 et
2766 5223 2887 5261 cum
2913 5205 3124 5259 Christo
3156 5221 3267 5260 esse
3286 5205 3354 5260 “.
3387 5202 3545 5270 Quod

1957 5302 2260 5371 unicuique
2311 5310 2563 5357 nostrum
2593 5316 2716 5355 cum
2769 5299 2969 5355 ﬁducia
3003 5298 3308 5369 proveniat,
3354 5298 3406 5352 id
3436 5305 3542 5362 est,

1962 5405 2024 5450 ut
2051 5395 2454 5466 possessionem
2493 5395 2716 5459 bonam,
2743 5403 2800 5449 et
2836 5409 2959 5464 quae
3003 5392 3224 5446 familiis
3270 5391 3543 5461 justorum

1964 5499 2422 5553 connumerctur,
2497 5487 2531 5541 i.
2577 5487 2840 5543 veniamus
2907 5495 3070 5555 atque
3145 5483 3541 5553 possideamus.

1966 5582 2121 5637 Tunc
2135 5582 2281 5638 enim
2295 5588 2532 5641 nostras,
2548 5581 2691 5635 sicut
2714 5579 2970 5642 diximus,
2989 5574 3364 5646 possessiones
3387 5573 3541 5625 inve-

346 5754 390 5790 “
419 5753 587 5836 Hebr.
618 5771 707 5819 sn,
750 5756 830 5810 ll.
917 5757 957 5786 ‘“
987 5758 1002 5808 l
1036 5756 1156 5811 Cor.
1195 5775 1282 5823 sv,
1313 5758 1402 5823 25,
1428 5760 1512 5813 26.
1589 5753 1630 5791 ⁸³
1659 5735 1842 5815 Matth.

1987 5761 2068 5816 19.
2152 5761 2196 5792 ⁸⁵
2227 5758 2368 5814 Psal.
2403 5772 2509 5822 th,
2555 5757 2635 5810 15.
2734 5756 2777 5788 ⁸⁸
2811 5753 3042 5808 l-Thcss.
3072 5767 3144 5816 ix,
3175 5750 3257 5805 14.
3342 5749 3384 5781 ⁸⁸
3412 5747 3542 5805 Phi-

272 5827 346 5900 lip
396 5843 434 5891 ι,
459 5826 548 5882 ‘25.
