3928 6434
555 396 690 461 1115

1753 404 2050 464 HESYCH
2056 403 2118 463 II
2162 402 2642 463 PRESBYTERI

3700 397 3803 463 1'16

552 517 768 571 niemus
794 556 809 578 ,
872 526 1003 572 tunc
1058 517 1433 573 lia-reditatem
1486 518 1844 589 accipiemus.
1908 519 2141 588 Propter
2170 521 2216 577 Α
2243 517 2439 571 habens
2478 533 2589 571 suae
2613 516 2925 575 voluntatis.
2953 526 3001 568 et
3050 514 3159 567 hoc
3188 512 3469 583 judicavit
3500 513 3551 564 in
3581 515 3715 567 corde
3736 528 3803 569 ιιιο

553 606 700 672 quod
732 606 1050 662 numerabis
1078 606 1173 661 tibi
1206 615 1417 676 septem
1448 609 1844 672 hebdomadas,
1902 608 2017 663 sive
2062 624 2144 663 se-

555 706 702 764 ptem
741 696 1055 750 numerabis
1091 696 1416 766 tibimetipsi
1463 699 1684 767 requies
1737 714 2031 762 annorum,
2088 699 2144 753 in

559 787 722 855 hujus
754 786 886 856 legis
918 787 1143 841 exordio
1178 786 1453 857 legislator
1483 789 1641 843 dixit.
1673 788 1790 844 Non
1841 792 1967 860 quia
1998 790 2144 844 diem

558 890 615 932 et
647 879 837 934 horam
867 879 1009 932 illam
1050 894 1281 934 numero
1313 882 1783 949 comprehendere
1829 897 2142 952 possumus,

558 970 652 1023 sed
701 980 756 1024 et
783 970 1244 1040 quemadmodum
1294 983 1654 1028 numerantes
1714 974 1877 1027 ﬁnem
1932 974 2144 1028 numeri

557 1072 899 1131 exspectant,
929 1063 1009 1119 sic
1047 1078 1149 1119 nos
1177 1079 1289 1118 non
1324 1065 1497 1119 solum
1525 1066 1816 1135 specialem
1877 1076 2143 1128 nostram,

559 1157 656 1211 sed
697 1165 751 1209 et
774 1171 1122 1211 communem
1176 1156 1536 1227 respiciamus
1592 1159 2144 1219 consummationem,

559 1245 614 1298 in
679 1261 785 1314 qua
836 1252 1113 1299 terrenam
1174 1246 1576 1316 correptionem
1629 1248 2027 1317 relinquentes,
2080 1245 2149 1301 ad

560 1352 826 1404 supernas
852 1337 1250 1406 possessiones,
1284 1354 1408 1408 qua:
1435 1338 1553 1393 sine
1583 1339 1770 1393 labore
1804 1349 1952 1403 sunt,
1974 1348 2151 1393 trans-

562 1429 849 1483 mittimur.
878 1429 982 1487 Sed
1019 1439 1075 1484 et
1122 1430 1191 1484 ad
1224 1431 1470 1500 requiem
1502 1431 1685 1486 saeculi
1743 1430 1929 1494 futuri,
1986 1447 2149 1501 quam

561 1522 1049 1591 quinquagesimus
1077 1538 1257 1576 annus
1294 1523 1601 1594 signiﬁcare
1633 1523 1813 1578 dictus
1843 1532 1946 1589 est,
2005 1526 2151 1580 unde

561 1621 619 1666 et
649 1612 902 1668 Salomon
940 1613 995 1666 in
1035 1614 1344 1669 Proverbiis
1381 1615 1555 1669 dixit:
1617 1614 1697 1667 Da
1731 1626 1907 1683 partes
1932 1627 2148 1684 septem,

563 1720 776 1756 necnon
808 1714 921 1757 octo
944 1705 1008 1765 ⁸⁷,
1035 1714 1096 1759 ιιι
1142 1706 1209 1760 ad
1246 1707 1805 1777 consummatipnem,
1865 1723 2027 1775 quam
2061 1724 2151 1761 se—

560 1796 844 1865 ptenarius
879 1812 1143 1851 numerus
1209 1798 1501 1868 signiﬁcat,
1555 1799 1927 1864 intendamus,
1979 1812 2031 1855 et
2083 1802 2151 1856 ad

563 1891 810 1959 requiem
861 1890 1044 1944 sazculi
1102 1890 1323 1945 futuri:
1380 1893 1525 1946 illam
1586 1894 1731 1946 enim
1787 1904 1977 1948 octava
2032 1896 2150 1949 dies

563 1983 856 2050 signiﬁcat.
892 1983 1122 2052 Propter
1147 1985 1291 2054 quod
1328 1996 1382 2039 et
1413 1985 1615 2040 Christi
1658 1988 1989 2040 resurrectio
2028 1996 2151 2056 post

562 2074 1018 2141 septimamdiem
1052 2074 1272 2130 Sabbati
1334 2077 1389 2131 in
1443 2088 1633 2131 octava
1670 2088 1886 2146 peracta
1925 2088 2028 2142 est,
2081 2094 2149 2131 ex

565 2180 675 2234 qua
747 2166 1115 2221 substantiam
1164 2169 1355 2223 habuit
1409 2169 1738 2224 universalis
1808 2180 2149 2225 mortuorum

562 2259 915 2312 resurrectio.
1387 2270 1393 2276 ‘

635 2348 800 2406 Vsus.
850 2352 1041 2406 H-l7.
1110 2371 1129 2403 ι
1172 2354 1404 2419 Quando
1446 2355 1653 2410 vendes
1713 2357 1995 2429 quidpiam
2044 2359 2150 2414 civi

564 2452 680 2505 tuo,
711 2445 796 2499 vel
834 2460 985 2500 emes
1010 2446 1077 2501 ab
1108 2461 1208 2513 eo,
1264 2463 1335 2502 ne
1379 2449 1672 2504 contrisres
1716 2452 1940 2507 fratrem
1973 2462 2149 2517 tuum,

562 2536 833 2606 sedjuxta
860 2554 1148 2592 numerum
1194 2555 1462 2594 annorum
1496 2536 1694 2612 jubilei
1744 2558 1897 2598 emes
1950 2545 2020 2599 ab
2063 2560 2149 2609 eo,

564 2641 619 2681 et.
650 2630 802 2697 juxta
836 2633 1281 2700 supputationem
1308 2633 1523 2703 frugum
1554 2636 1755 2690 vendet
1784 2636 1901 2692 tibi.
1934 2636 2153 2703 Quanto

565 2721 690 2790 plus
720 2722 849 2775 auiti
884 2726 1251 2778 remanserint
1285 2710 1713 2794 postjubileum,
1749 2737 1902 2781 tanto
1947 2730 2150 2784 crescit

565 2815 831 2883 pretium.
885 2817 950 2869 Et
1002 2817 1393 2885 quantominus
1433 2820 1816 2874 numeraveris
1868 2823 2149 2892 temporis,

564 2914 776 2960 tantum
806 2908 1035 2962 minoris
1075 2919 1129 2963 et
1160 2909 1364 2977 emrtio
1385 2910 1681 2964 constabit.
1715 2910 1955 2982 Tempus
2005 2916 2149 2968 enim

564 2999 784 3067 frugum
838 3002 1040 3053 vendet
1102 3001 1221 3055 tibi.
1285 3001 1463 3057 Nolite
1520 3004 1758 3073 allligere
1817 3007 2153 3062 contribules

564 3099 797 3149 vestros.
824 3091 918 3145 sed
953 3092 1140 3146 timeat
1168 3096 1549 3166 unusquisque
1598 3095 1766 3151 Deum
1804 3115 1985 3154 suum.
2015 3100 2150 3166 Quia

563 3198 666 3252 ego
694 3184 957 3238 Dominus
994 3185 1138 3239 Deus
1170 3196 1368 3241 vester.
1418 3206 1437 3241 ι

637 3276 770 3329 Esse
819 3275 1056 3346 aliquam
1105 3278 1503 3347 venditionem,
1555 3282 1716 3351 cujus
1753 3282 1874 3337 sine
1931 3294 2153 3354 argento

564 3376 887 3422 contractus
933 3372 1208 3439 provenit,
1264 3382 1454 3441 aperte
1485 3389 1587 3430 nos
1614 3375 1781 3429 lsaias
1819 3375 2027 3436 docuit,
2078 3377 2155 3430 ait

564 3473 729 3529 ergo:
768 3459 961 3515 Omnes
1010 3463 1247 3517 sitientes
1275 3465 1446 3519 venite
1482 3466 1553 3519 ad
1601 3482 1792 3536 aquas,
1822 3476 1871 3520 et
1929 3468 2018 3537 qui
2052 3485 2154 3521 non

566 3548 767 3603 habetis
798 3562 1081 3621 argentum
1105 3564 1413 3623 properate,
1465 3565 1515 3609 et
1554 3558 1808 3609 comedite
1827 3557 1891 3609 ⁸⁸.
1927 3556 2157 3627 Propter

570 3642 717 3710 quod
750 3642 829 3698 sic
887 3645 1104 3699 dicebat
1139 3644 1358 3709 Petrus,
1407 3647 1786 3702 condemnatis
1837 3649 2153 3704 Simonem:

574 3733 808 3788 Pecunia
840 3745 931 3788 tua
952 3746 1122 3789 tecum
1146 3738 1216 3790 sit
1246 3738 1301 3790 in
1331 3738 1644 3806 perditione,
1681 3741 1807 3809 quia
1830 3740 2023 3793 donum
2054 3740 2155 3794 Dei

581 3825 862 3877 a'stimasti
893 3828 1117 3893 pecunia
1146 3828 1407 3895 possideri
1431 3828 1505 3883 ⁸⁸.
1538 3828 1749 3883 Βοιιιιιιι
1780 3841 1834 3885 et
1865 3848 1994 3887 vere
2024 3833 2156 3887 bea-

574 3919 689 3965 tum
717 3921 822 3976 est,
848 3915 992 3982 quod
1033 3916 1279 3986 spiritale
1326 3925 1430 3982 est,
1463 3934 1575 3972 non
1610 3929 1792 3974 tamen
1824 3921 1974 3989 cujus
2031 3938 2158 3993 pos-

573 4003 877 4058 sessionem
902 4005 984 4060 l'as
1012 4007 1082 4062 sit
1122 4008 1371 4078 pecuniis
1392 4009 1642 4080 adipisci.
1679 4012 1864 4067 Talem
1896 4024 1951 4069 et
2010 4031 2158 4071 nunc

574 4098 944 4153 venditionem
983 4108 1039 4154 ct
1067 4102 1469 4171 possessionem
1503 4105 1807 4175 spiritalem
1832 4108 1917 4163 lex
1963 4125 2159 4180 propo-

572 4205 606 4243 ιι
635 4201 674 4253 ι,
708 4192 785 4245 ait
813 4193 997 4248 enim:
1998 4216 2001 4221 '

645 4284 868 4347 Quando
899 4294 1083 4341 vendes
1100 4289 1373 4358 quidpiam
1400 4291 1499 4344 civi
1530 4300 1640 4356 tuo,
1678 4293 1759 4346 vel
1800 4310 1936 4348 entes
1966 4296 2028 4348 ab
2059 4298 2157 4350 eo?

572 4376 630 4431 Id
689 4387 792 4444 est,
848 4380 892 4433 si
947 4380 1182 4449 aliquam
1245 4381 1576 4445 doctrinam,
1629 4394 1724 4438 aut
1764 4386 2004 4452 dederis,
2063 4396 2157 4443 aut

570 4472 867 4541 acceperis,
906 4473 958 4526 id
1002 4484 1103 4526 est.
1140 4483 1233 4529 aut
1264 4475 1538 4541 docueris,
1572 4486 1668 4531 aut
1699 4478 1926 4534 edoctus
1962 4479 2153 4545 fueris,

2246 609 2512 662 custodire
2550 609 2806 679 uirginem
2848 624 3024 671 suam,
3079 606 3222 659 bene
3252 606 3412 674 facit.
3464 602 3752 674 Conjugiam
3777 615 3809 663 ei

2246 701 2338 769 qui
2366 716 2467 753 non
2500 702 2644 767 capit
2679 700 3002 769 virginitatis
3029 698 3284 758 verbum,
3337 697 3484 752 idem
3513 698 3647 751 enim
3679 700 3809 755 dixit:

2246 791 2315 845 Et
2333 793 2422 861 qui
2454 793 2617 845 tradit
2647 801 2867 862 nuptum
2900 793 3162 862 virginem
3195 806 3387 851 suam,
3416 790 3814 859 benefacit,etqui

2250 899 2352 935 non
2387 884 2574 945 tradit,
2609 883 2794 937 melius
2841 884 2991 954 facit.
3027 884 3097 937 Et
3132 898 3372 938 rursus:
3428 879 3491 935 Si
3519 884 3627 952 quis
3673 896 3811 937 autem
3872 882 3873 954 ἦ

2249 983 2454 1042 turpem
2479 990 2533 1026 se
2548 973 2717 1027 videri
2736 974 3005 1027 existimat
3034 988 3206 1042 super
3230 972 3501 1040 virginem
3529 988 3690 1035 suam,
3710 978 3814 1042 quod

2248 1064 2314 1116 sit
2344 1081 2503 1133 super
2530 1064 2739 1126 adulta,
2762 1073 2810 1117 et
2836 1065 2911 1117 ita
2942 1072 3150 1132 oportet
3188 1061 3341 1130 ﬁeri,
3371 1063 3512 1122 quod
3530 1061 3633 1113 vult
3667 1064 3810 1131 factm,

2251 1173 2354 1209 non
2384 1157 2627 1224 peccatsi
2650 1155 2897 1209 nubat“.
2930 1156 3260 1210 Etrursus:
3304 1154 3502 1207 Melius
3538 1163 3609 1207 est
3648 1158 3811 1221 nubere,

2251 1267 2412 1320 quam
2438 1252 2555 1304 uri:
2579 1251 2726 1303 Idem
2755 1259 2811 1304 et
2830 1250 2897 1305 de.
2927 1249 3345 1309 ommvirtute,
3383 1263 3503 1300 eam
3534 1263 3650 1321 qua!
3669 1264 3812 1305 secun-

2250 1343 2377 1395 dum
2404 1339 2818 1410 possibilitatem
2848 1351 2953 1406 est,
2988 1356 3090 1395 nos
3130 1341 3262 1411 ipse
3292 1338 3657 1409 Deusexigit,
3694 1350 3739 1394 et
3775 1344 3810 1394 in

2251 1432 2569 1486 alterutrius
2618 1432 2933 1486 ministrare
2958 1432 3096 1495 vult,
3145 1447 3283 1484 nam
3328 1429 3632 1483 Pharisa‘os
3674 1445 3810 1499 repre-

2253 1523 2550 1587 hendebat,
2580 1533 2767 1594 utpote
2799 1524 2983 1595 gravia
3012 1525 3116 1578 illis
3140 1523 3567 1593 praecipientes,
3595 1522 3663 1574 ait
3684 1525 3807 1575 enim:

2253 1616 2491 1686 Alligant
2523 1634 2683 1670 onera
2728 1619 2918 1688 gravia
2970 1627 3018 1671 et
3051 1616 3465 1686 importabilia.
3500 1625 3549 1668 et
3595 1616 3809 1682 imponunt

2253 1704 2309 1756 in
2339 1705 2571 1757 humeris
2619 1705 2889 1757 hominum
2909 1704 2976 1758 ".
3028 1704 3212 1759 Nimis
3278 1718 3418 1773 ergo
3469 1714 3813 1772 consequenter

2256 1794 2536 1865 legislator
2565 1795 2801 1849 addidit:
3195 1796 3199 1800 ’

2186 1867 2226 1920 Β
2322 1886 2425 1942 Sed
2458 1888 2620 1957 juxta
2659 1906 2935 1942 numerum
2963 1906 3237 1941 annorum
3273 1888 3474 1957 jubilei
3503 1904 3632 1939 entes
3657 1889 3710 1939 ab
3752 1906 3809 1940 eo.

2258 1977 2350 2033 Vel
2391 1980 2534 2035 sicut
2560 1981 2935 2050 Septuaginta,
2966 1983 3267 2034 secundum
3297 1995 3578 2031 numerum
3602 1995 3808 2030 annorum

2252 2084 2366 2143 post
2387 2074 2824 2145 signiﬁcationem
2857 2074 3145 2143 possidebis
3170 2091 3205 2125 a
3241 2074 3492 2141 proximo
3533 2084 3554 2127 :
3585 2071 3807 2140 signiﬁca-
3872 2052 3873 2087 Ε

2254 2163 2483 2227 tionem,
2518 2165 2824 2218 secundum
2857 2164 3001 2233 quod
3022 2164 3133 2233 jam
3167 2163 3390 2218 dictum
3435 2171 3537 2225 cst,
3568 2161 3804 2213 adventum

2255 2253 2600 2309 Dominicum
2646 2256 2975 2328 intelligens,
3027 2266 3245 2326 etquae
3300 2257 3368 2309 ad
3400 2271 3523 2307 eum
3576 2253 3803 2323 pertinens

2254 2345 2586 2399 annuntiata
2625 2354 2711 2399 est
2748 2347 3062 2417 evangelica
3122 2346 3476 2416 prmdicatio,
3530 2360 3641 2413 quae
3690 2345 3803 2395 nobis

2254 2436 2494 2491 futuram
2570 2447 2763 2493 contra
2818 2448 3050 2493 mortem
3108 2440 3442 2504 victoriam,
3500 2436 3795 2507 requiemque

2255 2530 2423 2584 futuri
2452 2530 2635 2585 saeculi
2675 2530 3020 2598 signiﬁcavit.
3056 2531 3132 2585 Ex
3196 2548 3313 2600 quo
3361 2544 3491 2599 ergo
3538 2529 3798 2598 signiﬁcatio

2256 2623 2372 2677 haec
2431 2622 2512 2689 ﬁt,
2570 2638 2734 2677 nemo
2778 2623 2978 2678 durum
3037 2635 3225 2694 portat
3275 2625 3494 2694 jugnm,
3558 2638 3647 2677 nec
3693 2638 3794 2674 unus

2255 2729 2419 2784 grave
2449 2715 2609 2784 gerit,
2659 2715 2753 2769 sed
2788 2717 3088 2769 secundum
3140 2731 3445 2769 numerum
3478 2729 3732 2771 annorum.
3758 2713 3792 2763 id

2255 2815 2361 2868 est,
2388 2806 2694 2861 secundum
2729 2822 2884 2860 suam
2937 2808 3227 2871 virtutem,
3262 2807 3393 2876 quia
3439 2805 3563 2859 anni
3605 2803 3788 2858 hominis

2254 2906 2471 2953 aetatem
2501 2899 2822 2964 ostendunt,
2858 2915 2924 2951 ex
2959 2914 3063 2968 qua
3104 2899 3442 2952 manifestus
3471 2897 3585 2966 quis
3612 2896 3663 2949 ﬁt
3700 2896 3790 2963 quid

2254 2992 2428 3061 possit
2476 2992 2780 3045 secundum
2838 3008 3058 3061 corpus.
3122 2993 3287 3058 Quod
3331 2992 3501 3062 magis
3555 2989 3787 3057 explanatis

2255 3084 2526 3139 subdidit:
2565 3084 2735 3137 Juxta
2772 3086 3207 3154 supputationem
3242 3087 3458 3155 frugum
3498 3083 3660 3135 vendet
3710 3079 3788 3130 tibi.

2176 3206 2219 3262 ο
2259 3179 2569 3234 Secundum
2619 3179 2765 3248 quod
2794 3178 2959 3232 habet
3006 3178 3275 3233 virtutem
3305 3175 3514 3247 operari
3550 3183 3598 3229 et
3614 3173 3786 3228 fructiﬁ-

2255 3287 2400 3336 care,
2435 3271 2625 3326 reddat
2654 3271 2917 3342 magistro
2948 3270 3194 3325 fructum
3228 3271 3549 3340 discipulus.

2324 3362 2535 3428 Quanto
2564 3363 2682 3431 plus
2714 3364 2844 3417 anui
2877 3366 3235 3417 remanserint
3261 3373 3378 3430 post
3394 3360 3649 3430 jubileum,
3677 3365 3781 3407 tanta

2259 3455 2445 3507 crescit
2504 3455 2762 3524 pretium,
2801 3464 2849 3508 et
2881 3465 3078 3523 quanto
3111 3457 3293 3508 minus
3339 3450 3664 3506 numeraveris
3688 3457 3782 3497 tent-

2254 3549 2416 3616 poris,
2455 3556 2662 3600 tantum
2701 3549 2920 3601 minoris
2948 3558 3011 3602 'et
3064 3550 3265 3618 emptio
3301 3545 3569 3600 constabit.
3616 3541 3780 3603 Tempus

2256 3640 2396 3693 enim
2425 3641 2639 3709 frugum
2673 3640 2855 3693 vendet
2904 3640 3018 3693 tibi.
3057 3639 3111 3693 Si
3170 3649 3356 3710 potest
3411 3638 3571 3691 multa
3600 3629 3769 3701 operari.

2258 3727 2493 3781 multum
2520 3727 2755 3782 fructum
2776 3728 2995 3799 exiges:
3023 3729 3067 3783 si
3108 3740 3299 3784 autem
3354 3742 3519 3798 pauca
3577 3732 3760 3794 parm"!

2257 3834 2384 3872 nam
2419 3818 2755 3888 hic-quidem
2789 3819 3157 3889 trigesimum,
3194 3820 3341 3873 alter
3369 3826 3543 3871 autem
3568 3804 3753 3876 sexagesi-

2257 3927 2429 3974 mum,
2464 3910 2603 3965 alter
2637 3926 2768 3967 vero
2802 3912 3169 3966 centesimum
3220 3912 3459 3966 fructum
3497 3907 3617 3960 ferre
3637 3897 3753 3964 exigi-

2258 4013 2367 4058 tur.
2386 4002 2500 4057 Nec
2530 4004 2872 4075 negligenter
2897 4004 3003 4059 hoc
3044 4020 3073 4058 a
3110 4004 3445 4076 legislatore.
3478 3998 3557 4053 sed
3579 4009 3627 4047 ex
3645 4000 3763 4058 ουτω

2256 4094 2532 4157 studetur,
2561 4110 2690 4148 nam
2717 4094 2794 4149 ait
2822 4094 3052 4149 iterum:

2326 4185 2507 4240 Nolite
2560 4187 2789 4257 uﬂligere
2840 4187 3163 4240 contribules
3244 4196 3474 4249 vestros,
3516 4176 3583 4233 sed
3621 4173 3761 4225 timeat

2257 4280 2613 4349 unusquisque
2649 4280 2817 4333 Deum
2853 4297 3028 4345 suum,
3089 4283 3215 4351 quia
3258 4297 3351 4352 ego
3405 4274 3621 4331 Dominus
3660 4263 3764 4317 De“

2256 4380 2445 4425 vester.
2481 4371 2601 4426 Non
2627 4372 2827 4443 afﬂigat
2859 4373 3024 4427 homo
3067 4375 3453 4434 contribulem,
3490 4369 3533 4423 id
3567 4371 3651 4422 est,
3680 4369 3763 4411 non

2260 4462 2309 4516 ei
2333 4478 2498 4534 grave
2528 4480 2669 4518 onus
2697 4465 2964 4534 imponat,
3005 4476 3058 4518 et
3087 4481 3258 4536 super
3285 4466 3528 4519 virtutem
3554 4457 3665 4524 ejus,
3696 4444 3764 4500 “id

570 4538 797 4616 luee’est
824 4564 967 4616 enim
1001 4564 1141 4617 bona
1176 4565 1475 4634 possessio,
1501 4538 1621 4636 quae
1655 4568 1724 4621 ad
1750 4571 2150 4638 possessionem
2186 4547 2230 4603 Ῑ)
2258 4553 2446 4608 “meai
2478 4555 2852 4624 υηυείιυίείιυθ
2894 4556 3063 4609 Dem“
3101 4572 3285 4619 suum.
3335 4554 3423 4625 qui
3453 4550 3598 4606 dicit:
3625 4538 3762 4637 Tollite

568 4651 739 4706 futuri
790 4653 1110 4707 transmittit
1148 4653 1353 4708 saeculi.
1402 4653 1551 4709 Bene
1604 4665 1789 4711 autem
1846 4660 2152 4728 conjunxit,

565 4743 789 4813 quando
820 4744 1023 4798 vendes
1052 4746 1337 4816 quidpiam
1369 4749 1477 4801 civi
1514 4757 1629 4813 tuo,
1664 4749 1745 4802 vel
1787 4752 1926 4803 emis
1952 4752 2021 4806 ab
2068 4767 2153 4808 eo.

565 4839 902 4892 Alterutrum
928 4839 1072 4891 enim
1102 4840 1480 4904 suntdivitize,
1501 4841 1831 4897 alterutrum
1856 4845 2151 4913 possessio,

565 4930 818 4999 disvipuli
851 4939 1016 4998 atque
1054 4930 1346 4986 doctores:
1389 4922 1534 5001 q'uod
1566 4933 1908 4989 demonstrat
1931 4935 2152 4995 Paulus.

566 5021 868 5075 Corinthiis
890 5023 1176 5077 scribens:
1209 5022 1347 5087 Quia
1381 5024 1553 5092 gloria
1584 5038 1760 5080 vestra
1791 5043 1992 5089 sumus,
2021 5028 2158 5081 sicut

567 5120 615 5162 et
665 5126 751 5164 vos
790 5121 995 5175 nostra,
1028 5112 1085 5164 in
1128 5114 1212 5166 die
1271 5112 1470 5167 Christi
1498 5115 1705 5169 Jesu".
1736 5114 1816 5170 Ne
1869 5116 2161 5172 contristet

568 5212 700 5266 ergo
737 5199 899 5252 homo
940 5198 1187 5263 fratrem,
1226 5200 1276 5252 id
1303 5211 1406 5263 est,
1437 5209 1496 5255 ut
1548 5219 1655 5256 non
1686 5219 1853 5273 super
1898 5203 2160 5259 virtutem

569 5289 857 5357 discipulis
893 5290 1228 5359 ingeramus,
1279 5291 1373 5345 sed
1401 5308 1523 5360 qua:
1570 5296 1652 5347 eis
1701 5303 1829 5347 sunt
1861 5294 2161 5362 possibilia,

570 5380 623 5433 id
666 5388 751 5433 est
785 5380 1153 5449 virginitatem
1174 5380 1245 5444 ei,
1288 5382 1374 5434 cui
1404 5383 1677 5450 possibilis
1704 5392 1809 5445 est,
1852 5383 1929 5437 illi
1970 5384 2161 5438 videli-

572 5484 681 5533 cet.
709 5475 775 5527 de
799 5489 908 5542 quo
938 5474 1016 5528 ait
1043 5473 1276 5527 Paulus:
1319 5474 1420 5538 Qui
1447 5476 1636 5528 statuit
1668 5476 1722 5528 in
1767 5477 1921 5530 corde
1949 5494 2041 5531 suo
2062 5477 2156 5545 ﬁr-

574 5580 709 5626 mus,
767 5580 870 5617 non
919 5563 1116 5618 habens
1176 5567 1574 5631 necessitatem,
1612 5576 1927 5635 potestatem
1974 5578 2154 5621 autem

646 5764 686 5792 ’τ
724 5765 929 5819 Hei-les.
965 5784 1041 5830 tu,
1070 5768 1123 5820 Ξ.
1199 5766 1243 5799 ⁸⁸
1278 5767 1353 5821 lsa
1406 5785 1493 5828 LV.
1528 5770 1576 5820 l.
1655 5770 1698 5799 ⁶⁹
1726 5770 1846 5822 Aet.
1878 5785 1993 5826 vtn.
2020 5770 2113 5823 9.0.

581 5850 736 5893 niti,
770 5838 821 5890 ι.
896 5840 942 5870 ⁷³
975 5838 1162 5892 Matth.
1198 5856 1271 5904 si,
1297 5841 1364 5894 .30
1460 5841 1499 5871 ⁷⁵
1526 5839 1713 5894 Matth.
1757 5858 1867 5905 xm,
1906 5840 2106 5904 11,12.

2189 5768 2234 5801 '°
2273 5768 2313 5823 ll
2353 5768 2459 5824 Cor
2515 5786 2550 5833 ι,
2590 5770 2676 5825 Μ.

2251 4645 2446 4715 jugum
2480 4663 2675 4710 meum,
2724 4649 2849 4709 quia
2896 4664 3057 4701 suave
3089 4658 3184 4712 est,
3213 4658 3263 4702 et
3302 4663 3427 4700 onus
3476 4652 3637 4696 meum,
3671 4642 3767 4699 9""

2258 4738 2369 4792 leve
2396 4747 2469 4793 est
2493 4740 2559 4792 ⁷³.
2584 4738 2693 4809 Ego
2720 4739 2983 4794 Dominus
3024 4745 3164 4794 licus
3195 4752 3388 4795 vester.
3417 4735 3468 4789 ld
3509 4739 3594 4790 est,
3617 4722 3689 4792 qui
3710 4718 3758 4771 δε

2260 4830 2575 4901 virginitate
2627 4833 2891 4901 apostolis
2937 4834 3196 4903 praecepi,
3252 4843 3306 4888 et
3336 4830 3461 4890 dixi,
3486 4825 3587 4878 Non
3627 4825 3758 4868 οηπικτ

2262 4923 2499 4991 capiunt,
2530 4924 2621 4977 sed
2644 4924 2735 4994 qui
2760 4934 2926 4993 potest
2957 4942 3145 4993 capere
3181 4922 3428 4994 capiat".
3481 4916 3557 4969 Sic
3604 4918 3752 4962 unum-

2261 5029 2535 5084 quemque
2570 5015 2736 5085 exigit
2767 5017 3069 5071 secundum
3114 5017 3366 5070 virtutem
3408 5021 3564 5067 suam,
3606 5007 3651 5053 et
3682 4995 3754 5047 hoc

2260 5106 2482 5174 quidem
2509 5106 2722 5160 lucrum
2758 5116 2843 5162 est
2872 5109 3341 5178 contemplationis
3376 5100 3589 5172 spiritus.
3624 5086 3749 5177 Ηὲώθξ

2260 5208 2443 5254 autem
2459 5209 2513 5253 et
2534 5199 2712 5254 littera
2738 5215 2851 5253 non
2878 5216 3102 5270 parvam
3130 5196 3520 5254 instructionem
3541 5203 3552 5237 ε
3571 5181 3748 5270 Catulli“l

2260 5291 2408 5345 enim
2466 5292 2737 5362 proximo,
2772 5301 2829 5347 et
2864 5293 2916 5346 in
2978 5294 3315 5348 contactibus
3353 5277 3667 5342 sensibilibus,
3708 5269 3745 5314 ει

2262 5384 2578 5439 nullatenus
2624 5400 2847 5456 gravem
2909 5387 3256 5455 quempiam,
3305 5394 3466 5450 neque
3518 5369 3743 5427 onerosum

2261 5475 2380 5529 vult
2425 5491 2568 5543 esse,
2612 5493 2716 5531 nec
2749 5478 2818 5533 de
2857 5493 3162 5548 pauperum
3204 5468 3574 5532 necessitatibus
3617 5462 3738 5517 ορκο·

2262 5565 2406 5631 tiari,
2432 5581 2536 5621 nec
2552 5567 2789 5634 studere,
2823 5584 2919 5623 seu
2960 5568 3219 5622 lestinare
3246 5558 3574 5637 possessiones
3600 5548 3737 5597 eorm“

2760 5770 2801 5801 ⁷¹
2840 5768 2857 5822 l
2886 5770 3007 5825 Cor.
3045 5787 3138 5833 vn,
3167 5771 3252 5830 56,
3284 5766 3362 5821 58.
3430 5744 3641 5806 "Matth.
