3928 6448
594 401 727 465 1119

1780 396 2146 459 HESYCHII
2182 396 2659 457 PRESBYTER!

3738 403 3832 474 112)

592 528 698 571 tem
774 515 1010 578 haheat,
1073 523 1128 568 et
1184 512 1707 583 contemplationem
1779 522 2177 569 consonantem
2208 525 2256 576 Α
2358 512 2516 567 Varia
2556 514 2724 568 etiam
2772 528 2923 582 nunc
2952 509 3126 570 nobis
3163 510 3460 583 legislator
3502 518 3721 583 exponit,
3758 540 3830 580 non

594 607 938 661 inveniamus
968 605 1215 675 spiritus.
1262 604 1382 658 Non
1421 605 1605 661 seretis
1633 621 1777 676 ergo,
1812 622 1976 675 neque
2017 617 2180 659 mete-

595 702 659 751 tis
679 699 743 753 de
763 700 1198 769 quinquagesimo
1241 699 1347 752 die.
1374 697 1485 751 Nec
1533 714 1723 752 semen
1756 700 2005 768 septimae
2039 700 2179 755 heb-

592 792 839 849 domadzn
896 804 1103 856 serant,
1139 794 1207 847 de
1251 809 1360 862 quo
1400 792 1602 847 messio
1642 792 1694 845 in
1726 793 2181 864 quinquagesimo

593 906 741 943 anno
780 897 1107 957 proventura
1132 896 1269 940 erat.
1302 884 1427 939 llam
1450 885 1594 939 enim
1619 886 1780 946 satio.
1804 887 1914 941 'etsi
1946 886 2001 939 in
2042 902 2182 957 prae-

595 981 811 1035 cedenti
851 996 1017 1045 anno,
1046 989 1102 1034 et
1122 979 1538 1050 quadragesimo
1560 980 1938 1050 proveniebat,
1978 979 2032 1034 in
2073 996 2183 1050 quo

598 1073 853 1131 maxime.
903 1073 1046 1127 sicut
1094 1071 1148 1125 in
1177 1072 1406 1139 septima
1460 1072 1821 1137 hebdomada,
1874 1083 2180 1129 sementem
2214 1064 2227 1067 ’

597 1181 794 1219 vacare
818 1164 1140 1234 oportebat:
1171 1174 1546 1218 verumtamen
1575 1164 2015 1235 quinquagesimi
2047 1166 2183 1225 dici-

599 1270 706 1319 tur.
740 1259 881 1327 quod
905 1268 1130 1328 propter
1158 1273 1283 1311 eum
1319 1258 1703 1323 scminaretur,
1741 1265 1795 1313 et
1828 1267 2047 1328 propter
2080 1259 2184 1314 hoc

596 1353 941 1422 prohibetur.
983 1350 1171 1421 Neque
1214 1351 1361 1404 enim
1412 1350 1469 1404 in
1523 1351 1754 1419 septima
1817 1350 2179 1413 hebdomada,

596 1460 758 1513 quam
833 1444 1071 1498 diximus
1128 1458 1253 1498 esse
1313 1442 1624 1513 communis
1691 1443 2183 1499 consummationis

598 1538 934 1607 exemplum,
969 1536 1229 1591 seminari
1258 1536 1507 1601 omnino,
1537 1544 1631 1589 aut
1666 1535 1883 1605 operari
1912 1534 2011 1605 ,lex
2046 1552 2183 1605 pra:-

598 1629 765 1699 cepit.
806 1627 961 1683 Sicut
1010 1644 1139 1699 ergo
1178 1628 1482 1682 nos’littcra
1522 1628 1729 1681 nonad
1781 1644 1840 1682 se
1876 1629 2180 1695 intendere,

601 1724 698 1779 sed
728 1724 797 1778 ad
827 1723 1188 1777 intentionem
1215 1721 1542 1792 lsgislatoris
1562 1722 1847 1791 compulit,
1907 1731 1967 1775 ut
2004 1722 2183 1776 solve-

602 1828 778 1881 retur,
812 1834 873 1872 ea
901 1833 1024 1888 qua:
1057 1818 1344 1872 videbatur
1389 1830 1513 1870 esse
1554 1816 1732 1886 legum
1790 1818 2181 1880 contrarietas,

603 1909 685 1964 sic
713 1909 863 1964 dabit
903 1917 958 1965 et
983 1909 1049 1963 de
1079 1907 1544 1978 contemplatione
1593 1923 1831 1963 consona
1879 1909 2193 1963 existimare
2224 1883 2266 1937 Β
2298 1918 2519 1981 prOpter
2542 1911 2687 1978 quod
2721 1906 3076 1978 Septuaginta
3106 1927 3121 1962 :
3168 1906 3232 1961 Si
3265 1922 3481 1977 pauper
3515 1907 3672 1975 factus
3688 1907 3831 1975 fuerit;
3876 1896 3882 2045 J

606 1999 899 2045 intentioni
933 1999 1402 2045 internmtatinnis
1422 1999 1700 2045 sniritalis-
1736 2000 2019 2045 Seminnnt
2046 2000 2191 2045 enim
2303 2004 2487 2045 Anniln
2568 2004 2613 2045 xi
2687 2003 2937 2045 exciderit
2972 2023 2985 2045 ς
3032 2000 3446 2045 Snnmachns-
3504 1999 3551 2045 si
3597 1999 3833 2045 humilium

606 1999 901 2059 intentioni
931 1999 1402 2071 interpretationis
1422 1999 1700 2069 spiritalis.
1736 2000 2019 2054 Seminant
2046 2000 2194 2055 enim

606 2108 755 2147 anno
779 2102 991 2157 octavo,
1023 2090 1225 2148 seculo
1281 2091 1496 2148 futuro:
1553 2106 1661 2145 non
1705 2092 2018 2161 quicunque
2067 2099 2197 2146 tunc

606 2184 885 2240 seminant
915 2184 1044 2253 (hoc
1063 2184 1211 2239 enim
1267 2200 1376 2239 non
1397 2192 1481 2238 est
1516 2183 1616 2250 fas,
1643 2184 1736 2239 sed
1767 2193 1823 2238 et
1857 2184 2196 2253 impossibile

609 2276 752 2332 sicut
778 2276 946 2331 semel
980 2276 1278 2346 diximus):
1308 2278 1401 2331 sed
1433 2292 1535 2329 nec
1567 2277 1656 2344 qui
1696 2276 1749 2330 in
1785 2277 2041 2345 septimo,
2067 2291 2196 2347 ceg-

609 2368 811 2423 novisti
851 2368 997 2423 enim
1050 2369 1176 2437 quia
1204 2369 1369 2422 etiam
1420 2369 1525 2423 hoc
1562 2369 1895 2437 prohibitum
1923 2376 2028 2422 est.
2087 2367 2194 2422 Sed

607 2469 881 2531 quotquot
921 2461 974 2515 in
1024 2471 1199 2523 sexto,
1258 2461 1311 2514 in
1364 2477 1475 2530 quo
1524 2461 1727 2516 bonum
1794 2460 1953 2515 nobis
2007 2475 2199 2515 semen

606 2554 859 2611 Christus
884 2553 1112 2609 veniens
1138 2550 1309 2619 dedit,
1339 2555 1654 2624 quicunque
1694 2569 1883 2609 semen
1937 2554 2028 2609 hic
2058 2568 2200 2624 prte-

608 2648 857 2712 mittunt,
891 2664 956 2703 ex
996 2665 1107 2717 qtto
1160 2648 1582 2716 promissionum
1613 2647 1771 2702 nobis
1805 2646 2021 2702 ﬂorebit
2050 2662 2199 2702 mes-

607 2739 706 2803 sis,
733 2739 786 2794 id
811 2748 916 2805 est,
938 2753 1189 2793 messura
1212 2737 1614 2800 retributionis,
1641 2737 1710 2791 de
1741 2753 1845 2806 qua
1868 2738 1945 2791 ait
1991 2735 2195 2791 David:

620 2830 896 2886 Venientes
924 2840 1102 2885 autem
1132 2831 1337 2884 venient
1366 2847 1482 2883 cum
1530 2830 1875 2892 exultatione,
1927 2840 2199 2900 portantes

608 2924 911 2992 manipulos
960 2940 1081 2978 suos
1099 2925 1167 2976 ⁷⁸.
1203 2922 1313 2977 Sed
1367 2931 1424 2976 et
1462 2913 1694 2976 Paulus:
1729 2922 1833 2989 Qui
1876 2924 2103 2977 seminat
2144 2923 2201 2976 in

609 3016 1076 3079 benedictionibus,
1097 3017 1161 3070 de
1177 3016 1617 3070 benedictionibus
1647 3025 1695 3069 et
1727 3026 1898 3071 ntetet.
1927 3015 2029 3079 Qui
2042 3017 2202 3070 semi-

611 3121 703 3165 nat
732 3112 787 3163 in
822 3126 1000 3174 carne,
1030 3110 1093 3162 de
1120 3125 1279 3162 carne
1306 3120 1375 3161 -et
1410 3116 1563 3162 metet
1619 3109 2052 3176 corruptionem;
2107 3111 2201 3178 qui

610 3213 792 3254 autem
826 3200 1053 3253 seminat
1078 3201 1133 3252 in
1181 3199 1397 3268 spiritu,
1432 3199 1496 3252 de
1529 3199 1721 3268 spiritu
1751 3208 1802 3253 et
1836 3209 1991 3252 metet
2037 3200 2201 3253 vitam

611 3294 947 3349 wternam“.
966 3294 1120 3349 'llinc
1140 3292 1414 3349 seminare
1433 3292 1489 3345 in
1512 3300 1707 3348 octavo
1723 3308 1891 3356 anno,
1917 3292 1973 3346 in
1998 3293 2199 3347 saeculo

611 3388 869 3443 videlicet
898 3387 1105 3451 futuro,
1138 3401 1367 3441 necesse
1407 3386 1707 3441 habemus:
1754 3385 1834 3441 sic
1863 3385 2011 3441 enim
2063 3400 2200 3440 con-

613 3481 845 3537 veniunt
873 3480 1031 3535 nobis
1060 3496 1182 3550 qua:
1213 3489 1544 3549 sequuntur.

683 3576 751 3628 Et
777 3574 1054 3627 comedetis
1087 3583 1281 3627 veteres
1308 3573 1535 3643 fructus,
1566 3588 1729 3641 usque
1760 3570 1831 3625 ad
1874 3586 2078 3624 annum
2106 3587 2202 3624 no-

617 3682 764 3719 uum.
794 3658 969 3721 Donec
986 3681 1117 3718 nova
1142 3664 1629 3725 nascantur,edetis
1648 3673 1847 3717 vetera.
1872 3661 2202 3735 Septuagin-

617 3769 670 3812 ta
690 3766 895 3820 autem,
913 3740 1193 3809 comedetis
1220 3763 1398 3809 vetera
1426 3764 1662 3809 veterum
1681 3770 1702 3809 :
1722 3770 1833 3809 non
1871 3754 2206 3826 simpliciter

616 3860 826 3915 vetera,
872 3849 967 3903 sed
1011 3857 1197 3903 vetera
1243 3856 1516 3911 veterum,
1565 3848 1692 3917 quia
1742 3847 2205 3917 quemadmodum

618 3943 877 4010 diximus,
912 3956 1021 3996 non
1071 3939 1247 3994 solum
1276 3954 1403 3995 mox
1433 3948 1493 3995 ut
1515 3941 1644 3996 hinc
1694 3941 2025 4011 egredimur,
2060 3942 2206 4011 quod

619 4045 697 4092 est
730 4050 908 4090 annus
940 4034 1227 4104 septimus,
1252 4034 1348 4089 sed
1371 4044 1426 4091 et
1447 4035 1500 4089 in
1524 4035 1929 4090 resurrectione
1956 4044 2205 4090 mortuo-

621 4142 765 4188 rum.
801 4142 924 4196 quae
977 4136 1064 4182 est
1102 4140 1282 4180 annus
1313 4126 1571 4182 videlicet
1611 4137 1857 4190 octavus,
1890 4143 2108 4183 necnon
2153 4128 2205 4182 in

622 4218 1006 4285 retributione,
1034 4234 1200 4288 quam
1235 4233 1438 4273 nonum
1461 4234 1669 4273 annum
1714 4220 2036 4290 accipimus,
2084 4236 2208 4275 cum

623 4312 843 4382 quidem
891 4327 1062 4366 unum
1113 4311 1187 4367 sit
1240 4312 1501 4367 saeculum
1554 4312 1821 4377 futurum,
1855 4314 2128 4368 dividatur
2155 4314 2210 4368 in

624 4405 913 4477 praedictos
952 4404 1193 4469 ordines,
1225 4405 1569 4461 comedimus
1619 4422 1954 4476 qutecunque
2000 4406 2210 4477 operati

626 4499 912 4559 fuerimus,
947 4507 1002 4553 et
1028 4506 1319 4569 propterea
1343 4498 1600 4553 dicuntur
1629 4508 1813 4553 vetera
1859 4507 2110 4553 veterum
2142 4499 2212 4554 ad

628 4598 775 4645 tanta
802 4589 1008 4654 saeculi,
1034 4605 1157 4658 quae
1185 4589 1414 4644 vincunt
1438 4605 1729 4645 numerum
1765 4590 2131 4664 considerata.

698 4682 863 4738 Vens.
886 4681 1080 4737 25-28.
1104 4702 1123 4734 ι
1151 4682 1206 4738 Si
1222 4691 1539 4737 attenuatus
1561 4682 1731 4737 frater
1755 4691 1884 4738 tuus
1904 4682 2214 4739 vendiderit

627 4775 1121 4846 possessiunculam
1164 4791 1340 4841 suam,
1361 4783 1417 4830 et
1446 4775 1680 4831 voluerit
1708 4776 2045 4846 propinquus
2068 4776 2209 4847 ejus,

627 4876 809 4937 potest
835 4868 1106 4924 redimere
1122 4874 1267 4940 quod
1296 4869 1387 4924 ille
1403 4868 1756 4934 vendiderat;
1782 4872 1866 4923 sin
1890 4878 2074 4923 autem
2095 4883 2210 4923 non

630 4959 884 5021 habuerit
900 4960 1228 5029 proximum,
1246 4970 1304 5017 et
1321 4960 1438 5030 ipse
1462 4959 1703 5032 pretium
1733 4960 1802 5016 ad
1827 4960 2210 5016 redimendum

629 5051 1629 5123 potueritinvenire,computabuntur
1654 5053 1863 5109 fructus
1881 5068 1946 5107 ex
1973 5067 2041 5107 eo
2069 5061 2211 5108 tem—

632 5158 783 5213 pore,
823 5159 934 5214 quo
967 5145 1230 5209 vendidit,
1264 5155 1322 5201 et
1371 5145 1518 5218 quod
1557 5146 1830 5215 reliquum
1877 5153 1982 5209 est,
2024 5144 2217 5200 reddat

632 5236 865 5303 emptori
895 5254 909 5291 :
942 5236 1129 5307 sicque
1153 5238 1383 5308 recipiet.
1406 5237 1815 5308 possessionem
1845 5251 2023 5292 suam.
2055 5235 2215 5303 Quod

635 5325 679 5379 si
715 5341 824 5379 non
874 5326 1146 5382 invenerit
1200 5344 1397 5385 manus
1425 5328 1567 5398 ejus,
1601 5337 1663 5382 ut
1712 5326 1905 5385 reddat
1953 5328 2213 5397 pretium,

637 5412 860 5469 habebit
884 5424 1100 5484 emptor
1130 5417 1273 5486 quod
1322 5425 1553 5481 emerat,
1585 5432 1757 5486 usque
1785 5417 1853 5471 ad
1896 5432 2100 5473 annum
2127 5419 2215 5488 ju-

639 5505 863 5571 bileum,
886 5508 938 5561 in
971 5508 1090 5579 ipso
1123 5510 1267 5563 enim
1298 5508 1476 5564 omnis
1497 5508 1738 5563 venditio
1768 5509 1909 5563 redit
1933 5509 1998 5563 ad
2034 5509 2216 5565 Domi—

642 5614 798 5661 num,
827 5610 884 5656 et
912 5603 979 5655 ad
1007 5616 1376 5672 possessorem
1405 5602 1714 5672 pristinum.
1748 5620 1766 5653 ι

715 5806 758 5835 τ’
787 5801 930 5857 Psal.
969 5819 1125 5866 (xxxv,
1156 5805 1208 5856 (ἰ.

646 5876 688 5908 ⁸⁵
723 5875 810 5931 Τιι
866 5892 945 5935 ttt,
981 5879 1058 5927 10.

1288 5805 1332 5835 ⁸⁸³
1361 5802 1527 5859 lCor.
1556 5820 1627 5859 Ix.
1654 5804 1717 5865 ii;
1756 5803 1927 5856 Galal.
1961 5820 2032 5864 vt,
2072 5802 2120 5863 8.

1142 5875 1185 5906 ⁸⁵
1215 5874 1253 5928 ll
1286 5873 1441 5930 Joan.
1479 5893 1527 5929 χ.
1602 5877 1644 5908 ⁸⁵
1673 5875 1813 5932 l’sal.
1842 5890 2077 5941 manu,
2124 5875 2206 5929 l6.

2223 5805 2263 5836 '“
2298 5802 2315 5857 Ι
2346 5803 2469 5860 Cor.
2504 5822 2594 5870 vn,
2627 5804 2717 5860 9.0.

2282 608 2545 679 qualibet,
2567 607 2660 663 sed
2682 610 2921 661 maxima
2947 607 3264 679 sapientia.
3297 606 3348 658 si
3368 604 3493 674 quis
3520 607 3737 664 intendat
3758 618 3831 679 ριε.

2282 715 2409 753 nam
2446 718 2458 752 ε
2491 714 2615 753 nam
2635 709 2690 754 et
2710 715 2831 769 qua:
2864 699 2935 754 sit
2965 712 3170 753 nostra
3197 696 3523 752 substantia
3548 707 3601 753 et
3628 710 3833 769 possessio

2283 802 2339 848 et
2369 793 2646 863 quomodo
2674 793 2795 862 ejus
2818 802 3026 862 partem
3070 792 3439 852 alienantns,
3462 807 3569 860 quo
3598 794 3739 847 modo
3762 814 3816 851 ru
3880 826 3881 831 η

2242 936 2247 945 ,
2283 902 2378 939 sus
2411 886 2727 957 recipimus,
2766 902 2866 956 per
2908 886 3177 941 ordinem
3227 884 3425 939 docet.
3476 884 3825 958 Cniuscujnsqn
3880 918 3881 927 ι

2284 994 2414 1049 ergo
2440 979 2676 1033 hominis
2694 979 2987 1049 possessio,
3011 980 3171 1034 bona
3206 978 3575 1032 conversatio
3609 988 3703 1044 est,
3731 997 3830 1050 quan

2284 1073 2462 1127 sortiti
2493 1088 2682 1131 sumus
2712 1089 2742 1126 a
2772 1073 2904 1137 Deo,
2942 1072 3013 1127 de
3041 1088 3162 1141 qua
3204 1070 3427 1126 Paulus
3462 1068 3833 1128 dicebaub'm

2285 1169 2503 1237 quisque
2531 1168 2586 1221 in
2615 1184 2720 1237 qua
2748 1168 3019 1221 vocatione
3054 1174 3301 1219 vocatus
3328 1174 3408 1218 est
3433 1169 3618 1233 frater,
3644 1165 3693 1218 in
3715 1170 3835 1219 eadem

2286 1270 2502 1317 maneat
2532 1261 2676 1330 apud
2711 1260 2883 1315 Deum
2908 1260 2978 1324 ⁸¹,
3008 1260 3101 1315 hic
3153 1267 3364 1312 autem
3412 1256 3833 1327 virginitatemilie
3880 1294 3881 1299 η

2285 1363 2470 1407 autem
2494 1363 2706 1408 castum
2737 1354 3075 1424 conjugium,
3126 1353 3283 1406 alter
3327 1351 3503 1413 vitam
3539 1350 3750 1418 iustitia,
3783 1353 3835 1405 hic
3880 1376 3881 1409 ἐ

2287 1447 2564 1502 silentium
2614 1446 3088 1515 retuotionemque
3147 1459 3487 1506 causarum,
3538 1442 3622 1496 hic
3651 1446 3833 1497 sacerdo.
3880 1470 3881 1473 η

2290 1544 2444 1603 tium,
2465 1541 2554 1596 ille
2571 1556 2870 1610 pauperum
2887 1539 3297 1607 patrocinium:
3320 1538 3466 1597 alter
3487 1537 3609 1597 alia.
3624 1554 3837 1602 llllllsqlbs-
3880 1558 3881 1591 i

2286 1652 2393 1706 que
2432 1634 2699 1690 scundum
2727 1634 3001 1704 propriam
3039 1632 3320 1687 virtutem
3342 1630 3833 1699 possidet.b'edqm-

2288 1730 2358 1783 do
2378 1746 2471 1798 per
2481 1726 2742 1784 desidiam
2770 1728 3133 1798 cogitationes
3148 1723 3833 1785 ttoslraeinlirmataifuerint,
3879 1736 3881 1817 ξ

2294 1830 2424 1880 tunc
2464 1834 2529 1873 ex
2576 1827 2732 1887 parte
2775 1816 2846 1872 de
2896 1816 3118 1887 pr0pria
3164 1832 3237 1870 ea
3285 1815 3492 1869 demus
3544 1814 3830 1884 possessione,
3879 1814 3881 1857 l

2296 2004 2513 2075 Aquila,
2567 2004 2614 2057 si
2687 2003 2985 2058 exciderit.
3032 2000 3446 2074 Symmachus,
3504 1999 3551 2053 si
3597 1999 3833 2054 humiliatus
3872 2022 3877 2081 έ

2295 2098 2475 2168 fuerit,
2522 2095 2832 2150 ediderunt.
2860 2093 2992 2161 Quae
3033 2094 3331 2163 quomodo
3379 2091 3541 2147 nobis
3574 2101 3626 2145 et
3649 2102 3744 2159 post
3769 2110 3832 2143 ('1-

2297 2203 2512 2244 cessum
2540 2186 2738 2242 salvari
2766 2187 2989 2258 poterit,
3020 2187 3214 2242 disces
3244 2201 3352 2255 per
3385 2194 3569 2254 partes
3596 2184 3728 2237 verba
3753 2186 3827 2253 ipsa

2297 2283 2620 2338 discutiens.

2368 2376 2425 2432 Si
2443 2385 2749 2432 attenuatus
2773 2376 2940 2446 frater
2963 2382 3083 2427 tuus
3099 2373 3417 2429 vendiderit
3436 2371 3820 2440 possessimtwlan

2298 2481 2475 2532 suam,
2514 2473 2563 2519 et
2607 2464 2830 2518 voluerit
2869 2463 3206 2533 propinquus
3261 2462 3408 2530 ejus,
3446 2470 3603 2530 potest
3641 2462 3819 2513 redimere

2298 2559 2437 2630 quod
2471 2558 2565 2612 ille
2606 2557 2934 2611 vendiderat.
2978 2556 3237 2610 Fratrem
3286 2552 3540 2608 nostt'um
3583 2552 3818 2606 conlidelem

2301 2652 2385 2706 lex
2441 2650 2727 2706 intellexit.
2759 2647 2945 2718 Neque
3002 2648 3154 2702 enim
3218 2646 3549 2716 simpliciter
3597 2645 3815 2698 secundum

2300 2742 2656 2813 Septuaginta
2682 2740 3044 2811 dixit;frater
3073 2748 3244 2804 tuus;
3292 2737 3395 2793 sed
3444 2734 3818 2801 addiditzlitqn'

2302 2845 2471 2890 tecum
2501 2844 2576 2889 est
2613 2850 2632 2889 :
2670 2833 2789 2889 illos
2816 2834 3017 2903 quippe
3046 2833 3315 2897 innuens,
3348 2830 3417 2887 de
3452 2830 3635 2900 quibus
3650 2826 3814 2885 Joannis

2302 2927 2631 2999 evangelista
2660 2927 2880 2996 scripsit
2908 2945 2922 2981 :
2947 2924 3003 2980 Si
3032 2928 3179 2983 enim
3202 2924 3429 2996 fuissent
3456 2939 3518 2976 ex
3540 2921 3684 2979 nobis,
3712 2934 3813 2970 nian-

2301 3020 2488 3072 sissent
2524 3016 2706 3086 utique
2744 3015 3014 3070 nobiscum
3044 3014 3112 3067 ⁸¹.
3150 3014 3301 3068 Sunt
3345 3026 3474 3081 ergo
3513 3008 3702 3077 quidam
3736 3002 3807 3055 falsi

2304 3111 2521 3175 fratres,
2566 3108 2769 3179 iniquis
2818 3108 3118 3165 haeresibus
3172 3107 3541 3164 adhaerentes.
3587 3110 3633 3153 et
3667 3095 3809 3168 pietatis

2228 3237 2272 3295 ο
2305 3202 2505 3255 frustra
2531 3200 2954 3255 cicuml'erentes
2987 3215 3215 3261 nomen,
3238 3200 3310 3254 de
3343 3197 3536 3267 quibus
3561 3193 3719 3246 Paulus
3738 3189 3800 3240 ait:

2304 3293 2563 3347 Periculis
2602 3294 2657 3346 in
2694 3293 2842 3362 falsis
2885 3291 3145 3362 fratribus
3177 3292 3254 3345 ⁸⁸.
3289 3290 3395 3355 Qui
3448 3298 3611 3341 autem
3647 3286 3688 3335 ln
3724 3281 3803 3341 sint,

2302 3387 2417 3456 ipse
2430 3387 2561 3441 alias
2579 3385 2834 3441 admonet
2851 3404 2864 3439 :
2886 3386 3208 3440 llwrcticum
3223 3385 3488 3439 hominem
3514 3388 3612 3448 post
3626 3376 3798 3445 primm

2301 3488 2350 3531 et
2371 3480 2651 3532 secundam
2670 3478 3083 3540 admonitionem
3102 3478 3287 3531 devita
3315 3476 3383 3528 ⁸⁵.
3412 3472 3516 3527 Sed
3543 3480 3591 3524 et
3611 3469 3796 3522 Joannes:

2301 3570 2361 3624 Si
2389 3572 2504 3641 quis
2538 3572 2675 3633 venit
2707 3571 2778 3623 ad
2816 3588 2924 3635 vos,
2963 3580 3011 3625 et
3038 3572 3349 3629 doctrinam
3396 3575 3526 3621 hanc
3551 3580 3635 3618 non
3661 3560 3796 3629 afferri.

2304 3678 2408 3716 non
2429 3663 2731 3731 suscipiatis
2746 3679 2868 3716 eum
2895 3663 2952 3716 in
2978 3662 3223 3728 domum,
3247 3678 3343 3716 nec
3368 3662 3470 3721 Ave
3489 3676 3531 3712 et
3551 3651 3733 3709 dixeritis
3749 3648 3796 3699 “.

2305 3755 2417 3811 Hos
2449 3766 2634 3810 autem
2651 3756 2946 3827 corrigere,
2983 3757 3186 3836 quibus
3217 3759 3432 3812 sociare
3460 3768 3559 3807 non
3586 3743 3784 3836 licetnullu

2306 3845 2600 3917 possumus
2634 3848 2815 3911 modo,
2834 3848 2904 3902 ad
2935 3831 3130 3902 horum
3153 3843 3560 3913 ἁντιδιάστολην
3576 3840 3640 3892 ait.
3661 3831 3699 3886 Si
3722 3840 3777 3880 at-

2308 3949 2554 3994 tenuatus
2594 3942 2761 4011 frater
2801 3950 2946 4006 tuus,
2988 3940 3105 3996 sive
3145 3941 3457 3996 secundum
3499 3927 3782 4003 Septuaginta;

2308 4033 2366 4087 Si
2422 4034 2493 4087 ad
2533 4044 2907 4103 paupertatem
2962 4037 3259 4104 pervenerit
3309 4036 3471 4103 frater
3514 4040 3609 4081 tuus
3642 4017 3708 4088 qui
3743 4022 3792 4063 (³⁸

2309 4137 2500 4181 tecum.
2543 4124 2789 4181 Fratrem
2837 4136 3111 4189 nostrum.
3142 4137 3201 4182 et
3246 4126 3341 4196 qui
3371 4122 3607 4179 nobiscum
3632 4117 3711 4166 est,
3733 4106 3792 4156 in-

2311 4218 2518 4285 tellexit
2566 4220 2913 4285 conlidelem,
2974 4221 3028 4275 in
3077 4222 3242 4291 cujus
3290 4216 3582 4290 cogitatione
3632 4198 3794 4273 quamdo

2310 4310 2524 4364 venerit
2550 4320 2855 4380 peccatum,
2876 4312 2931 4366 in
2957 4323 3339 4383 paupertatem
3370 4310 3567 4372 labitur,
3582 4310 3625 4354 et
3643 4303 3792 4366 ραιψυτ

2309 4418 2440 4458 vere
2459 4413 2563 4467 est,
2597 4405 2852 4474 quoniam
2898 4405 3117 4472 divitias
3142 4405 3382 4476 perdidit
3409 4394 3637 4472 spiritales
3673 4387 3792 4481 iactus

2310 4496 2492 4564 qualis
2517 4495 2605 4550 ille
2637 4496 2705 4551 de
2733 4511 2843 4566 quo
2861 4496 3032 4552 David
3065 4498 3225 4562 dixit,
3262 4512 3385 4551 cum
3412 4507 3523 4547 eum
3536 4486 3613 4556 qui
3637 4482 3679 4535 in
3696 4489 3791 4542 cog!-

2241 4595 2284 4650 D
2316 4589 2612 4643 tationibus
2662 4598 3013 4658 peccatorum
3063 4591 3393 4645 constitutus
3426 4591 3546 4644 erat,
3574 4572 3790 4642 eximere“

2318 4682 2598 4737 hominem
2620 4700 2633 4734 :
2656 4681 2827 4753 Egens
2846 4699 2964 4737 sum
2990 4698 3101 4752 ego,
3134 4695 3185 4736 et
3211 4685 3266 4736 in
3285 4677 3531 4735 laboribus
3551 4667 3791 4753 ajumlttt

2316 4790 2459 4837 mea,
2477 4750 2745 4829 excitatus
2779 4784 2978 4841 autem,
2999 4750 3307 4829 liumiliatus
3336 4787 3447 4827 sum
3468 4776 3510 4822 et
3534 4750 3784 4829 ennium”

2316 4864 2548 4932 Quando
2575 4882 2704 4938 ergo
2724 4866 2830 4930 hic,
2855 4866 2949 4935 qui
2972 4866 3093 4922 talis
3111 4875 3189 4922 est
3211 4875 3411 4936 partem
3433 4853 3645 4929 proprie,
3661 4846 3786 4938 bonat‘

2316 4973 2423 5028 que
2445 4937 2828 5028 possessionis,
2843 4975 2965 5029 quae
2985 4960 3033 5014 ei
3052 4971 3199 5014 sorte
3218 4961 3513 5015 obvenerat,
3530 4937 3780 5031 vendiderat.

2317 5051 2702 5122 cogitationem
2759 5052 2968 5123 peccati
3017 5052 3341 5122 suscipiens.
3386 5042 3551 5102 νεηάίί
3588 5032 3700 5090 ⁸³³1³³
3725 5025 3782 5123 ’θ

2319 5144 2633 5201 adversario
2665 5160 2819 5200 suam
2853 5154 3118 5209 mentem,
3147 5136 3569 5216 quemadmodum
3595 5114 3780 5216 ³1³⁸

2322 5237 2453 5292 dacis
2492 5236 2749 5291 dicebat:
2781 5234 2914 5291 Ecce
2950 5214 3180 5305 peccatis
3216 5235 3388 5291 vestris
3416 5214 3779 5311 venundatith

2320 5331 2487 5385 veniet
2511 5330 2684 5398 affinis
2708 5339 2757 5383 et
2786 5330 3109 5400 propinquus
3136 5331 3273 5399 ejus,
3298 5319 3563 5381 secundum
3582 5306 3773 5400 spiritalia

2323 5427 2584 5490 cegnatus
2613 5428 2668 5477 et
2701 5419 3003 5485 conﬁdelis,
3032 5430 3078 5473 et
3114 5420 3273 5489 legem
3302 5404 3586 5479 cognationis

2326 5470 2620 5575 ostendens,
2651 5521 2698 5567 et
2742 5512 2979 5573 liberabit
3023 5470 3356 5573 venditionem
3389 5501 3544 5575 fratris
3575 5488 3653 5585 sui.
3685 5470 3771 5532 illud

2327 5605 2579 5676 implens,
2624 5606 2769 5675 quod
2800 5605 2999 5660 Paulus
3043 5605 3312 5666 scribebat
3341 5618 3354 5655 :
3384 5596 3584 5651 Fratres.
3613 5596 3647 5632 δι
3676 5588 3772 5623 6W

2819 5806 2862 5836 ει
2905 5803 2922 5859 l
2949 5803 3107 5861 Joan.
3137 5819 3196 5871 ll,
3233 5802 3313 5860 l9.
3380 5795 3419 5828 σε
3445 5788 3483 5847 ιι
3505 5785 3605 5842 Cor.
3632 5784 3687 5833 ιι.
3708 5763 3765 5822 *5.
