4032 6438
165 418 319 499 1121

1295 444 1376 502 IN
1416 444 1860 506 LEVITICUM.
1897 472 1965 481 -
2010 446 2156 506 LIB.
2191 446 2324 508 VII.

3328 444 3458 505 1192

167 562 467 623 prehensus
518 552 678 621 [κει-ξι
730 545 883 606 homo
928 555 983 608 in
1041 546 1221 626 aliquo
1280 557 1490 621 delicto,
1543 574 1632 611 vos
1690 560 1780 629 qui
1811 571 1850 625 Α
1884 561 2241 632 cogitationes
2290 562 2784 625 emendaverimus,
2818 570 2873 615 et
2905 561 3271 630 receperimus
3316 564 3462 630 quod

166 641 454 712 spiritales
479 644 621 703 estis.
648 645 894 697 instruite
911 646 1216 715 hujusmodi
1234 647 1290 701 in
1307 649 1498 718 spiritu
1526 666 1775 703 mansue-

170 737 409 800 tudinis,
441 736 782 792 considerans
810 739 1054 806 teipsum,
1093 754 1157 794 ne
1183 750 1231 794 et
1266 751 1321 793 tu
1355 743 1592 797 tenteris.
1627 742 1778 796 Alter

164 829 410 884 alterius
458 845 623 883 onera
681 837 912 899 portate,
972 840 1022 886 et
1073 834 1152 886 sic
1204 834 1559 905 adimplebitis
1614 835 1777 906 legem

164 922 387 977 Christi
402 921 544 978 ".Si
572 922 717 977 enim
747 924 977 979 invicem
1007 941 1173 981 onera
1209 935 1395 981 nostra
1435 929 1778 983 exhortatio-

167 1014 385 1079 nibus,
432 1014 959 1071 commonitionibus
987 1059 1001 1081 ,
1050 1019 1484 1089 Opportunisque
1536 997 1779 1077 consiliis

168 1107 613 1176 portaverimus,
662 1107 895 1162 liberare
932 1108 1165 1188 fratrem
1209 1126 1239 1165 a
1284 1121 1606 1182 paupertate
1647 1128 1779 1184 pos-

171 1214 405 1264 sumus,
437 1208 493 1254 et
523 1200 793 1255 redimere
838 1217 999 1271 quam
1037 1203 1153 1272 ipse
1188 1217 1252 1258 ex
1284 1204 1613 1276 negligentia
1654 1222 1780 1276 pos-

170 1292 515 1357 sessionem,
561 1308 686 1347 cum
743 1308 853 1347 non
899 1294 1159 1359 deberet,
1209 1297 1475 1361 vendidit,
1524 1306 1581 1352 et
1616 1299 1780 1354 modo

166 1386 423 1455 quodam
446 1380 506 1439 fit
528 1387 839 1441 communis
866 1388 1161 1455 possessio.
1184 1388 1239 1442 Si
1269 1397 1450 1444 autem
1484 1390 1645 1445 alicui
1670 1406 1777 1445 non

166 1476 355 1530 fuerit
384 1476 670 1546 proximus
705 1477 792 1531 vel
820 1479 1183 1549 propinquus,
1222 1480 1454 1535 forsitan
1483 1481 1630 1535 enim
1663 1498 1775 1537 non

172 1570 434 1625 ostendit
460 1578 778 1638 opportuno
806 1579 1053 1640 tempore
1078 1587 1203 1643 erga
1244 1573 1409 1628 alium
1442 1574 1781 1643 compassio-

171 1678 318 1719 nem
346 1671 406 1717 ut
437 1672 491 1717 et
523 1662 640 1732 ipse
666 1662 715 1716 ei
742 1663 1003 1733 spiritalis
1024 1663 1304 1721 affinitatis
1325 1665 1416 1737 jus
1444 1674 1662 1721 servet:
1689 1675 1783 1721 aut

178 1753 417 1809 forsitan
449 1752 555 1806 hoc
586 1752 731 1821 quod
761 1753 1007 1824 contigit,
1031 1770 1320 1826 suggerere
1336 1757 1436 1822 eis,
1467 1756 1561 1825 qui
1584 1771 1784 1811 secun-

177 1844 322 1898 dum
343 1842 598 1913 spiritum
620 1851 749 1897 sunt
766 1846 1033 1915 cognatis,
1058 1846 1335 1903 erubescit
1363 1866 1376 1902 :
1403 1857 1458 1903 et
1485 1848 1615 1904 illud
1637 1849 1781 1919 quod

1880 653 1948 706 de
1998 663 2182 707 nostra
2232 653 2576 721 possessione
2616 654 2912 709 alienatum
2955 662 3059 717 est,
3093 653 3465 708 dominabitur

1880 745 2019 806 citis,
2060 743 2154 813 qui
2194 759 2314 798 eam
2357 760 2456 813 per
2499 747 2742 799 nostrain
2776 743 3157 817 negligentiam
3198 743 3461 815 possedit.

1882 836 2065 905 Usque
2095 837 2161 891 ad
2194 852 2334 906 opus
2366 837 2511 890 enim
2551 846 2833 906 peccatum
2876 836 3218 907 producitur,
3263 844 3319 890 et
3351 851 3464 888 non

1881 930 2039 983 aliter
2056 928 2448 1000 intelligibilem
2469 939 2708 984 nostram
2728 928 3129 1003 possessionem
3151 928 3464 999 recipimus,

1882 1021 1984 1074 nisi
2019 1021 2070 1074 in
2105 1031 2351 1091 tempore
2375 1022 2588 1092 jubilei,
2627 1022 2727 1076 sivi
2775 1030 2837 1077 ut
2861 1020 3238 1093 Septuaginta,
3270 1020 3467 1074 remis-

1883 1112 2075 1168 sionis.
2122 1112 2259 1179 Quia
2295 1113 2568 1183 perfectus
2605 1123 2689 1168 est
2732 1129 2931 1176 annus,
2979 1114 3071 1183 qui
3098 1128 3287 1167 omnes
3328 1112 3380 1164 in
3409 1127 3467 1165 se

1883 1208 2049 1264 horas
2078 1206 2267 1275 habet,
2297 1217 2351 1263 et
2382 1208 2624 1262 omnium
2652 1209 2937 1262 modorum
2982 1207 3294 1262 circuitum.
3339 1204 3466 1258 Per-

1887 1305 2072 1347 actum
2100 1301 2282 1348 autem
2316 1304 2622 1365 peccatum,
2645 1307 2699 1350 et
2725 1312 2822 1366 per
2858 1296 3087 1349 multum
3114 1304 3327 1365 tempus
3350 1310 3465 1348 ma-

1885 1398 2042 1449 nen‘s,
2062 1402 2173 1440 non
2204 1387 2364 1442 aliter
2394 1389 2474 1441 fas
2504 1396 2588 1441 est
2614 1388 2832 1458 corrigi,
2864 1397 2919 1443 et
2948 1388 3178 1442 liberare
3202 1396 3464 1451 mentem,

1884 1477 1941 1532 in
1972 1493 2079 1548 qua
2095 1478 2407 1533 dominatus
2435 1489 2520 1534 est
2549 1479 2612 1544 is,
2633 1480 2725 1549 qui
2747 1479 2888 1533 male
2908 1489 3093 1534 nostra
3115 1479 3466 1548 conquisivit,

1883 1570 1988 1624 nisi
2020 1587 2118 1641 per
2144 1571 2444 1641 perfectam
2468 1572 2873 1642 paenitentiam,
2902 1570 2956 1624 in
2982 1588 3087 1641 qua
3106 1570 3467 1639 etjejunium,

1885 1669 1942 1715 et
1959 1662 2152 1726 oratio,
2172 1669 2231 1717 et
2248 1662 2509 1726 cilicium,
2526 1663 2958 1732 eteleemosyna,
2977 1670 3032 1714 et
3049 1660 3300 1729 lacrymze
3344 1674 3471 1728 per-

1884 1752 2251 1822 aguntur.Per
2276 1751 2393 1808 bazc
2414 1752 2665 1806 remissio
2684 1751 2837 1806 nobis
2849 1751 3006 1821 plena
3022 1749 3382 1819 conquiritur.
3414 1746 3472 1801 Si

1894 1856 2079 1902 autem
2108 1846 2391 1901 hominem
2410 1845 2613 1900 dictum
2636 1842 2807 1897 fuisse
2825 1859 2854 1896 a
2872 1842 3179 1913 legislatore
3199 1856 3347 1901 eum.
3375 1839 3473 1909 qui

181 1936 397 1993 dictum
427 1943 515 1989 est
543 1934 597 1989 in
627 1935 940 1991 Proverbiis
976 1938 1268 2009 ignoravit.
1296 1940 1488 1994 Frater
1512 1950 1691 1996 autem
1729 1944 1785 1996 in
1817 1918 1857 1972 Β
1887 1938 2186 2008 captivavit
2214 1944 2430 1992 mentes
2464 1946 2702 1999 nostras,
2731 1934 2991 1996 diximus,
3018 1948 3127 1986 non
3160 1931 3470 1995 admireris,

182 2028 452 2099 angustiis
497 2028 876 2096 comprobatur
908 2029 974 2092 ⁸⁸,
1022 2031 1148 2099 quia
1183 2031 1274 2101 qui
1308 2033 1594 2087 abscondit
1628 2046 1782 2088 suam

187 2119 524 2191 passionem,
545 2134 647 2174 nec
664 2120 942 2190 accipiens
965 2121 1108 2176 illico
1131 2122 1185 2175 in
1205 2133 1388 2178 mente
1419 2124 1782 2190 medicamen,

192 2215 311 2286 ipse
339 2215 696 2284 semetipsum
720 2214 937 2269 salvare
955 2215 1135 2280 debet,
1164 2226 1219 2270 et
1238 2217 1513 2289 propriam
1539 2218 1786 2272 substan-

196 2306 326 2360 tiam
357 2305 651 2370 redimere,
679 2314 735 2359 et
760 2313 1047 2375 pr0pterea
1075 2308 1150 2361 ait
1173 2326 1185 2362 :

273 2396 331 2452 Si
353 2407 526 2451 autem
566 2412 671 2449 non
708 2397 951 2451 habuerit
984 2400 1303 2466 proximum,
1338 2409 1385 2453 et
1417 2401 1529 2471 ipse
1556 2403 1785 2472 pretium

207 2491 278 2543 ad
340 2490 694 2543 redimendum
741 2491 969 2558 potuerit
1021 2492 1275 2558 invenire,
1344 2495 1787 2563 computabantur

213 2585 410 2650 [ructus
431 2597 493 2635 ea:
512 2597 569 2634 eo
592 2590 846 2651 tempore,
874 2600 976 2654 quo
1003 2584 1255 2649 vendidit,
1285 2594 1335 2638 et
1365 2587 1504 2657 quod
1526 2586 1785 2653 reliquum

207 2682 297 2736 est,
320 2673 489 2727 reddet
517 2674 761 2743 emptori,
777 2673 953 2743 sicque
972 2676 1186 2743 recipiet
1207 2679 1580 2746 possessionem
1608 2695 1782 2733 suam.

197 2764 333 2831 Quis
358 2780 488 2838 ergo
516 2775 767 2821 nostrum
790 2765 1023 2821 idoneus
1051 2777 1154 2832 est,
1186 2777 1280 2823 aut
1309 2777 1513 2839 potest,
1538 2785 1602 2825 ex
1637 2771 1786 2827 desi-

194 2858 310 2923 dia,
332 2868 430 2913 aut
455 2858 724 2928 pravitate
744 2866 987 2915 mentem
1018 2860 1296 2916 venditam
1319 2861 1568 2928 liberare,
1598 2871 1784 2917 utnon

195 2965 267 3005 ex
299 2959 415 3005 toto
446 2958 637 3020 pereat
669 2950 738 3004 ab
764 2950 1059 3016 alienante,
1095 2952 1201 3005 nisi
1232 2952 1341 3005 vita
1375 2952 1536 3015 bona,
1565 2963 1621 3007 et
1644 2954 1786 3007 actio

194 3043 495 3112 repellens,
513 3042 830 3113 quicunque
854 3043 1066 3099 inventi
1084 3042 1349 3098 fuerimus
1366 3044 1419 3097 in
1443 3052 1626 3099 mente
1658 3059 1785 3114 pec-

193 3134 447 3188 cantes?
494 3133 726 3204 Oportet
773 3148 906 3205 ergo
954 3136 1195 3205 cogitare
1245 3143 1511 3205 quantum
1570 3144 1787 3205 tempus

189 3221 489 3292 praedictas
542 3230 758 3277 mentes
811 3222 864 3278 ei
906 3224 999 3293 qui
1039 3224 1178 3279 solet
1218 3240 1313 3279 eas
1362 3226 1786 3296 cogitationibus

190 3313 358 3368 malis
379 3328 585 3378 emere,
602 3323 660 3369 et
688 3313 746 3368 in
776 3316 1098 3370 servitutem
1122 3315 1389 3388 redigere,
1415 3318 1784 3383 vendidimus,

187 3404 480 3474 placentes
505 3404 578 3471 ei,
609 3414 667 3460 et
691 3406 1125 3473 consentientes,
1153 3415 1210 3461 et
1232 3407 1387 3462 reddi
1416 3408 1468 3462 ei
1493 3409 1636 3478 quod
1664 3408 1788 3462 reli-

187 3511 368 3566 quum
414 3508 501 3552 est
530 3496 619 3552 vel
660 3496 961 3553 secundum
988 3495 1365 3569 Septuaginta,
1415 3497 1571 3569 qnod'
1599 3498 1783 3553 habet.

187 3590 391 3659 Neque
416 3590 565 3645 enim
597 3589 855 3645 dixerunt
885 3590 1030 3660 quod
1066 3590 1334 3660 reliquum
1361 3600 1467 3654 est,
1514 3590 1610 3645 sed
1641 3591 1787 3660 quod

189 3697 365 3752 super
415 3681 598 3747 habet,
641 3691 701 3736 ut
726 3691 1011 3737 contractu
1057 3682 1358 3737 valentiore
1389 3682 1695 3746 vincamus,
1733 3690 1789 3736 et

193 3775 498 3829 liberemus
549 3784 792 3829 mentem
841 3784 1108 3829 nostram.
1167 3774 1235 3829 Et
1269 3774 1334 3838 si,
1378 3774 1532 3829 verbi
1593 3776 1784 3846 gratia,

190 3865 533 3920 desiderium
563 3873 814 3920 nostrum
853 3866 1097 3921 avaritiae
1120 3866 1389 3938 cogitatus
1421 3866 1622 3920 invasit
1660 3882 1784 3929 nos,

196 3970 593 4027 recuperemus
642 3964 883 4011 mentem
918 3964 1185 4023 nostram,
1217 3964 1278 4011 ιιι
1319 3971 1414 4011 838
1441 3956 1626 4018 etiam,
1663 3971 1787 4025 quae

201 4048 271 4101 de
289 4048 441 4119 justo
459 4054 609 4112 sunt,
631 4045 894 4118 pecunias
921 4055 978 4101 et
1003 4046 1381 4118 possessiones
1398 4046 1785 4116 deSpiciamus.

198 4139 258 4192 Si
280 4138 670 4210 gastrimargite
690 4138 1067 4208 captivitatem
1090 4138 1381 4210 suggessit,
1399 4153 1503 4193 nos
1526 4137 1788 4192 intentio-

196 4244 327 4284 nem
361 4229 557 4300 jejunii
576 4228 837 4294 districti,
873 4236 931 4285 et
958 4230 1203 4285 omnium
1229 4230 1477 4285 ciborum
1496 4231 1788 4285 continen-

200 4323 338 4377 tiam
363 4337 770 4393 recuperemus.
808 4320 868 4376 Si
903 4322 1052 4377 enim
1091 4322 1493 4393 possessionem
1539 4332 1786 4377 nostram

200 4415 448 4485 recipere
474 4432 505 4471 a
535 4415 731 4486 majori
778 4413 1023 4481 inimico,
1052 4431 1215 4486 quem
1250 4416 1634 4481 devicerimus,
1658 4429 1788 4485 pos-

193 4521 410 4562 sumus.
431 4505 489 4561 Si
503 4516 688 4562 autem
710 4504 815 4561 hoc
830 4504 1037 4561 factum
1054 4522 1163 4562 non
1186 4507 1371 4572 fuerit,
1394 4507 1527 4577 quid
1548 4507 1786 4571 eveniat,

193 4599 403 4655 disce:
867 4655 878 4663 ,

273 4694 339 4750 Et
362 4694 407 4748 si
434 4708 537 4747 non
560 4693 810 4747 invenerit
842 4709 1033 4747 manus
1064 4693 1199 4763 ejus,
1233 4702 1292 4747 ut
1325 4694 1510 4749 reddat
1536 4693 1783 4763 pretium.

191 4787 431 4857 Oportet
450 4786 619 4850 enim,
640 4786 783 4840 sicut
802 4784 1056 4850 diximus,
1074 4786 1293 4854 quando
1310 4800 1417 4840 non
1443 4784 1785 4856 praeveniens

193 4879 325 4949 quis
352 4878 698 4948 propinquus
746 4874 1006 4946 spiritalis
1046 4875 1468 4939 commonuerit,
1512 4874 1787 4944 quomodo

194 4972 377 5027 malas
406 4970 771 5041 cegitationes
801 4967 922 5025 sine
948 4968 1172 5023 laesione
1214 4967 1561 5039 repellamus,
1592 4967 1787 5022 subse-

192 5062 294 5135 qui
331 5062 718 5134 cogitationem
759 5066 816 5114 et
854 5059 1128 5115 actionem
1169 5075 1236 5115 ex
1260 5074 1367 5130 qua
1394 5060 1626 5115 liberare
1656 5074 1786 5129 pos-

192 5158 378 5213 simus
414 5168 751 5226 quacunque
791 5153 994 5223 reperti
1036 5153 1306 5208 fuerimus
1331 5153 1473 5208 male
1497 5152 1787 5207 alienasse.

194 5252 437 5308 Habebit
468 5258 685 5322 emptor
707 5247 853 5320 quod
883 5257 1093 5302 emerat
1130 5263 1301 5319 usque
1325 5248 1393 5303 ad
1415 5260 1621 5301 annum
1645 5244 1793 5316 jubi-

196 5347 375 5404 leum.

278 5438 343 5493 In
380 5439 493 5507 ipso
518 5442 658 5495 enim
679 5443 850 5496 omnis
873 5439 1106 5496 venditio
1130 5435 1263 5491 redit
1298 5434 1369 5488 ad
1398 5431 1709 5492 Dominum,
1743 5438 1793 5483 et

199 5529 279 5583 ad
298 5545 645 5599 possessorem
673 5534 979 5603 pristinum.
1022 5529 1078 5586 Si
1108 5544 1238 5599 ergo
1277 5541 1456 5595 neque
1479 5539 1577 5594 per
1603 5524 1795 5577 frater-

200 5636 340 5679 nam
376 5624 682 5681 doctrinam
712 5642 890 5697 neque
917 5641 1017 5697 per
1046 5623 1279 5678 aliouam
1301 5622 1558 5677 virtutem
1581 5625 1797 5673 nostras

282 5852 329 5885 "
352 5853 470 5910 Gal.
497 5872 573 5922 vt,
602 5856 651 5911 l.

204 5940 310 5990 ut.
346 5926 432 5985 Ν.

765 5862 808 5893 ἐ
842 5856 1001 5915 Prov.
1033 5867 1163 5919 xvu,
1191 5851 1275 5907 l7.
1354 5851 1397 5883 θ’
1431 5847 1472 5903 ll
1499 5847 1695 5902 Thess.
1724 5862 1780 5909 ιι,
1812 5845 1862 5899 5.

1886 2032 2014 2103 quia
2052 2041 2110 2086 et
2151 2030 2356 2087 Paulus
2402 2045 2549 2095 eum,
2594 2028 2876 2083 hominem
2931 2026 3163 2098 peccati,
3208 2035 3265 2079 et
3305 2024 3477 2078 lilium

1888 2122 2215 2193 perditionis
2264 2119 2553 2192 appellavit
2584 2119 2652 2171 ⁸9.
2708 2118 2874 2173 Isaias
2927 2126 3109 2170 autem
3157 2111 3474 2186 Egyptian:

1890 2214 2192 2278 hominem,
2209 2222 2385 2267 etnon
2403 2212 2594 2277 Deum,
2623 2210 2675 2263 in
2695 2226 2790 2264 sua
2809 2224 2935 2263 eum
2955 2207 3239 2278 prophetia
3255 2206 3387 2259 dixit
3404 2208 3472 2257 ’°.

1890 2308 1999 2362 Sed
2029 2316 2084 2360 et
2101 2306 2366 2361 Dominus
2393 2303 2673 2359 hominem
2698 2300 2883 2357 vocari
2904 2299 3192 2371 manifeste
3219 2300 3475 2353 concedit

1887 2398 2186 2463 diabolum,
2229 2413 2328 2467 pro
2367 2411 2433 2450 eo
2464 2394 2607 2465 quod
2647 2396 2791 2447 inter
2817 2392 3068 2447 homines
3097 2402 3474 2455 conversetur,

1886 2500 1944 2547 et
1998 2491 2065 2546 ad
2096 2506 2283 2545 eorum
2318 2497 2476 2543 vacet
2528 2486 2779 2541 insidias.
2809 2482 2946 2539 Cum
2987 2499 3118 2555 ergo
3163 2485 3477 2554 parabolam

1889 2584 2223 2639 zizaniorum
2245 2590 2564 2652 exponeret,
2594 2580 2731 2634 dixit
2756 2595 2769 2632 ς
2802 2576 3118 2631 Accedentes
3138 2586 3317 2629 autent
3341 2576 3477 2629 servi

1887 2677 2062 2747 patris
2101 2674 2359 2747 familias,
2396 2672 2641 2725 dixerunt
2664 2670 2753 2724 ei:
2784 2666 3031 2733 Domine,
3077 2681 3247 2719 nonne
3287 2666 3479 2718 bonum

1886 2786 2061 2824 semen
2075 2766 2347 2824 seminasti
2369 2766 2425 2819 in
2444 2780 2571 2836 agro
2606 2772 2714 2828 tuo,
2739 2760 2878 2814 unde
2903 2760 3111 2813 zizania
3132 2759 3156 2812 ?
3181 2758 3277 2812 Ille
3298 2769 3477 2810 autem

1888 2864 2023 2917 dixit
2046 2860 2157 2916 eis:
2193 2858 2451 2914 Inimicus
2474 2860 2626 2911 homo
2646 2858 2741 2910 hoc
2766 2855 2884 2925 fecit
2909 2854 2975 2908 θ’.
3011 2850 3216 2907 Deinde
3247 2851 3478 2920 parabo-

1888 2954 1995 3007 lam
2033 2954 2422 3022 interpretans,
2454 2958 2507 3003 et
2549 2948 2808 3003 inimicus
2835 2944 2957 3016 quis
2979 2953 3146 3007 esset,
3170 2957 3470 3012 exponens,

1889 3045 1969 3100 sic
1990 3045 2123 3099 dicit
2150 3034 2447 3098 {Inimicus
2468 3051 2647 3094 autem
2668 3040 2758 3111 qui
2778 3038 3053 3092 seminavit
3079 3053 3164 3099 ea,
3186 3046 3260 3089 est
3290 3034 3475 3088 diabo-

1891 3138 1991 3192 lus.
2023 3136 2157 3202 Quia
2182 3146 2237 3191 et
2270 3135 2362 3206 qui
2384 3145 2624 3189 mentem
2647 3148 2801 3187 suam
2828 3147 2926 3202 per
2947 3137 3229 3200 peccatum
3257 3128 3475 3182 diabolo

1811 3256 1854 3314 ο
1889 3230 2092 3302 prodit,
2120 3227 2455 3284 venditionis
2481 3243 2593 3281 suae
2616 3242 2795 3296 pravae
2827 3232 2883 3279 et
2908 3222 3232 3294 perniciosa!
3253 3231 3474 3276 contra-

1888 3336 2036 3380 ctum
2062 3321 2379 3378 celebravit.
2395 3308 2593 3374 Paulus
2616 3319 2776 3373 etiam
2798 3318 2901 3371 hoc
2920 3314 3177 3370 Romanis
3204 3313 3471 3377 scribens,

1892 3416 2287 3487 interpretatus
2314 3422 2417 3468 est.
2446 3410 2650 3467 Scimus
2675 3411 2813 3464 enim
2838 3409 2964 3481 quia
2989 3407 3072 3462 lex
3093 3404 3350 3475 spiritalis
3376 3414 3473 3469 est,

1888 3525 1983 3579 ego
2031 3517 2211 3560 autem
2246 3503 2482 3558 carnalis
2520 3519 2661 3567 sum,
2690 3500 3019 3555 venundatus
3054 3496 3149 3550 sub
3190 3496 3474 3565 peccato”.

1888 3596 2025 3653 lllud
2050 3607 2233 3653 autem
2277 3606 2408 3651 nota
2458 3594 2716 3658 maxime,
2766 3591 2895 3662 quia
2939 3606 3049 3643 non
3084 3588 3332 3654 fratrem,
3365 3602 3477 3642 non

1892 3690 2259 3760 propinquum
2288 3686 2425 3743 dixit
2470 3700 2593 3739 esse
2622 3682 2791 3747 hunc,
2827 3679 2916 3735 cui
2947 3677 3212 3739 vendidit,
3256 3676 3352 3730 sed
3377 3690 3480 3729 nec

1890 3781 2198 3851 proximum
2220 3793 2369 3842 eum,
2394 3775 2553 3839 dixit,
2578 3769 3038 3844 quemadmodum
3065 3765 3118 3820 in
3146 3763 3480 3837 praecedenti

1893 3875 2199 3938 sanctione,
2230 3873 2285 3926 in
2313 3887 2420 3941 qua
2454 3869 2590 3925 dixit
2625 3886 2638 3922 :
2671 3864 2900 3933 Quando
2944 3860 3151 3918 vendes
3198 3859 3481 3929 quidpiam

1891 3966 1995 4022 civi
2016 3974 2133 4028 tuo,
2167 3964 2251 4019 vel
2273 3962 2411 4017 emis
2428 3960 2495 4015 ab
2517 3975 2603 4026 eo,
2626 3974 2737 4012 non
2763 3954 3059 4011 contristes
3077 3956 3302 4006 fratrem
3323 3960 3480 4004 tuum

1889 4058 2030 4112 nihil
2072 4056 2179 4111 tale
2222 4054 2309 4109 hic
2338 4053 2565 4116 addens,
2608 4048 2848 4105 ostendit
2872 4054 3081 4117 aperte,
3114 4044 3241 4115 quia
3276 4044 3343 4098 de
3375 4042 3477 4096 ali-

1892 4164 2002 4218 quo
2025 4162 2055 4201 a
2085 4146 2245 4201 nobis
2288 4144 2492 4206 alieno,
2539 4140 2632 4211 qui
2657 4138 2797 4193 male
2824 4147 3009 4192 nostra
3054 4134 3348 4205 conquirit.
3383 4133 3482 4187 lo—

1891 4240 2096 4312 quitur.
2132 4238 2202 4292 Et
2239 4238 2360 4291 hatc
2393 4233 2613 4304 quidem
2642 4239 2727 4286 est
2759 4228 3021 4300 spiritalis
3065 4227 3478 4297 contemplatio.

1891 4329 2175 4385 Manifesta
2198 4338 2377 4382 autem
2395 4332 2479 4381 est
2499 4322 2755 4379 omnibus
2774 4321 2943 4376 solius
2970 4318 3240 4389 expositio
3259 4319 3480 4383 litterae,

1892 4432 1949 4480 et
1974 4420 2149 4477 facilis
2171 4418 2412 4483 traditio,
2451 4416 2577 4487 quia
2598 4413 2806 4468 Judaais
2828 4412 3003 4483 legem
3038 4409 3401 4472 suﬁicientiae,
3427 4417 3483 4462 et

1892 4531 2004 4571 non
2036 4512 2307 4586 gaudendi
2334 4510 2388 4565 in
2411 4508 2641 4563 avaritia
2676 4520 2773 4577 per
2807 4505 2911 4559 tale
2938 4503 3255 4557 mandatum
3279 4517 3481 4572 propo-

1823 4599 1869 4654 Ι)
1897 4609 1999 4669 nit.
2033 4616 2088 4662 et
2112 4613 2401 4677 propterea
2441 4600 2818 4673 possessiones
2849 4612 2948 4667 per
2970 4594 3235 4651 cireulum
3273 4594 3340 4648 ad
3364 4609 3483 4658 eos,

1898 4700 1990 4771 qui
2014 4714 2107 4754 eas
2124 4695 2292 4753 semel
2314 4694 2648 4759 habuerunt,
2668 4689 2867 4746 reverti
2885 4688 3021 4752 vult,
3046 4695 3101 4741 et
3122 4701 3227 4741 nec
3245 4685 3487 4740 vendere

1893 4794 2092 4857 vetuit,
2114 4801 2176 4848 ut
2204 4804 2312 4845 non
2332 4795 2648 4859 angustaret
2667 4798 2986 4857 pauperem,
3011 4794 3115 4836 nec
3147 4786 3371 4850 angeret
3401 4778 3484 4830 in-

1894 4887 2191 4957 digentem,
2232 4881 2323 4952 qui
2354 4895 2465 4934 non
2505 4878 2662 4932 aliter
2686 4876 2904 4946 degere,
2944 4886 3125 4942 neque
3154 4869 3489 4924 necessitate

1895 4975 2075 5043 aliqua
2095 4971 2328 5027 evadere
2341 4968 2567 5032 valeret,
2586 4965 2689 5021 nisi
2711 4965 2851 5019 forte
2871 4961 3226 5018 vendidisset.
3245 4958 3349 5014 Sed
3380 4973 3485 5013 nec

1897 5080 1993 5121 eos
2017 5063 2110 5134 qui
2156 5059 2626 5130 conquisiverunt,
2659 5070 2878 5126 semper
2902 5052 3184 5124 possidere
3214 5049 3484 5121 przecipit,

1899 5154 1997 5209 sed
2026 5162 2244 5221 tempus
2275 5148 2526 5205 definivit
2559 5146 2703 5201 intra
2733 5144 2878 5215 quod
2923 5144 3007 5198 lex
3042 5141 3282 5211 antiquis
3305 5139 3487 5195 domi-

1900 5247 1987 5300 nis
2008 5244 2410 5315 possessionem
2439 5241 2711 5296 redderet.
2732 5237 2867 5305 Quia
2887 5249 3069 5291 aulem
3090 5233 3325 5305 amplius
3350 5247 3488 5286 con-

1902 5334 2275 5405 templationis
2331 5334 2435 5397 lex,
2494 5340 2549 5386 et
2599 5330 2899 5401 juvaminis
2955 5326 3237 5399 spiritalis,
3284 5333 3342 5379 et
3372 5340 3485 5377 non

1902 5425 2203 5482 secundum
2232 5424 2468 5477 litteram
2495 5422 2757 5488 mandati,
2795 5432 2850 5475 et
2872 5436 2991 5489 qtae
3014 5419 3069 5472 in
3096 5415 3382 5487 superficie
3402 5424 3489 5469 est

1903 5517 2281 5588 expositionis,
2309 5530 2496 5568 curam
2519 5515 2737 5575 habeat,
2769 5512 3121 5566 manifestant
3142 5507 3446 5578 sequentia.

1978 5608 2143 5664 Vnus.
2182 5608 2373 5665 29-34.
2397 5628 2415 5660 ί
2453 5606 2556 5673 Qui
2585 5605 2889 5661 vendiderit
2915 5605 3135 5659 domum
3169 5603 3309 5656 intra
3337 5598 3493 5655 urbis

2500 5839 2544 5873 δ’
2576 5838 2767 5894 Matth.
2797 5851 2917 5902 xm,
2948 5830 3041 5903 Ξῖ,
3073 5836 3163 5891 28.
3254 5836 3299 5866 ⁹²
3330 5832 3490 5889 Hom.

2844 5933 2869 5961 δ

1964 5843 2009 5874 ⁹⁰
2049 5842 2153 5898 lsa.
2188 5857 2335 5907 xm,
2370 5839 2421 5893 l.
