3928 6440
622 414 759 480 11°23

1802 413 1850 471 ll
1864 410 2161 471 ESYCllII
2215 404 2691 471 PRESBYTERI

3754 412 3842 475 liii
3882 430 3883 433 ‘

620 545 827 589 mutos,
873 526 1097 583 ha‘behit
1149 524 1425 581 licentiam
1480 520 1802 589 redimendi,
1847 526 2023 579 donec.
2059 538 2200 577 unus
2230 530 2274 583 Α
2303 524 2717 593 quodammodo
2738 523 3043 577 libertatem
3063 520 3394 591 accipiunt.
3420 519 3843 583 Sedetlndieonm

620 620 909 689 impleatur
948 636 1140 672 annus.
1169 618 1223 671 Si
1260 635 1366 671 non
1394 617 1704 681 redemerit,
1730 626 1786 672 et
1804 616 1931 669 anni
1960 616 2200 668 circulus

620 712 783 767 fuerit
816 712 1087 771 evolutus,
1122 716 1336 780 emptor
1378 709 1675 780 possidebit
1714 724 1855 771 eam,
1904 718 1961 762 et
1998 707 2200 777 posteri

619 805 747 874 ejus
768 803 823 858 in
851 814 1202 875 perpetuum,
1239 815 1294 856 et
1338 801 1525 856 redimi
1568 816 1677 856 non
1707 802 1911 871 poterit
1939 802 2102 855 etiam
2145 800 2200 853 in

614 895 840 967 jubileo.
874 895 968 950 Sin
993 906 1173 949 autem
1208 895 1262 948 in
1282 895 1405 947 villa
1438 894 1597 947 fuerit
1636 892 1850 959 domus,
1874 908 1996 962 quae
2017 907 2204 947 muros

620 1001 730 1043 non
751 989 934 1051 habet,
966 1003 1218 1058 agrorum
1252 987 1371 1057 iure
1384 986 1670 1040 vendetur.
1697 984 1755 1039 Si
1773 995 1898 1039 ante
1922 985 2200 1054 redempta

618 1099 731 1137 non
754 1082 940 1145 fuerit,
969 1081 1021 1133 in
1049 1077 1254 1149 juhileo
1277 1086 1582 1134 revertetur
1599 1083 1665 1133 ad
1688 1079 1999 1133 Dominum.
2031 1078 2202 1132 IEdes

620 1173 935 1228 Levitarum
986 1188 1107 1240 quae
1144 1170 1199 1223 in
1249 1170 1477 1224 urbibus
1528 1180 1676 1234 sunt,
1710 1182 1927 1239 semper
1975 1179 2205 1239 possunt

620 1262 832 1318 redimi.
864 1262 922 1318 Si
955 1264 1249 1333 redemptae
1281 1277 1389 1316 non
1429 1262 1632 1316 fuerint
1672 1261 1724 1316 in
1752 1261 1976 1329 jubileo,
2017 1277 2204 1314 rever-

621 1366 806 1410 tentur
844 1356 909 1410 ad
944 1355 1212 1419 dominos,
1254 1355 1379 1423 quia
1411 1354 1607 1408 domus
1648 1354 1862 1408 urbium
1893 1348 2205 1421 Levitarum

622 1464 720 1518 pro
767 1446 1205 1517 possessionibus
1247 1456 1374 1500 sunt
1422 1445 1563 1499 inter
1594 1440 1734 1498 filios
1774 1440 1962 1498 lsrael.
1991 1445 2205 1496 Subur-

621 1540 761 1594 bana
812 1550 993 1593 autem
1037 1554 1227 1593 eorum
1275 1555 1387 1592 non
1440 1536 1685 1601 veniunt,
1753 1538 1879 1607 quia
1932 1538 2206 1607 possessio

620 1631 954 1700 sempiterna
978 1641 1083 1685 est.
1124 1650 1141 1681 ›

691 1722 745 1778 Si
787 1721 855 1777 ad
888 1740 1049 1777 unam
1080 1721 1184 1777 hnc
1210 1700 1570 1777 intentionem
1600 1719 1877 1793 legislator
1903 1721 2204 1783 habuisset,
2254 1736 2261 1753 ι

622 1824 681 1869 ut
713 1815 1088 1884 possessiones
1124 1825 1232 1867 non
1257 1812 1517 1869 caderent
1554 1814 1622 1868 ab
1648 1814 1768 1867 aliis
1807 1815 1875 1869 ad
1904 1815 2058 1878 alios,
2090 1821 2208 1867 erat

620 1909 825 1979 quippe
872 1904 976 1961 hoc
1026 1905 1175 1971 utile,
1220 1908 1345 1977 quia
1396 1908 1462 1962 de
1511 1905 1857 1967 sufﬁcientia.
1903 1906 2203 1961 secundum

623 1998 767 2066 quod
800 1993 1059 2056 diximus.
1082 1996 1164 2049 lex
1193 2012 1380 2050 curam
1414 1997 1587 2065 gerit:
1618 1997 1775 2065 cujus
1810 2007 1966 2066 putas
1985 1998 2057 2049 rei
2088 2014 2213 2067 gra-

626 2090 721 2154 tia,
750 2090 972 2159 quando
1000 2104 1108 2143 non
1137 2089 1341 2143 fuerint
1379 2089 1519 2142 intra
1546 2104 1771 2152 annum,
1812 2091 1956 2143 sicut
1991 2089 2088 2154 ait,
2120 2104 2211 2141 re-

626 2179 880 2249 demptae,
931 2178 1150 2249 proprie
1189 2193 1310 2233 esse
1358 2178 1799 2247 conquirentium
1836 2179 2003 2249 jussee
2045 2178 2212 2233 sunt?

626 2272 735 2326 Sed
760 2288 860 2326 nec
886 2272 988 2326 hoc
1019 2269 1356 2341 simpliciter,
1386 2274 1484 2325 sed
1508 2272 1617 2325 imo
1648 2271 1901 2326 subtilem
1920 2272 2212 2341 quamdam

627 2358 943 2416 custodiens
968 2359 1315 2415 divisionem.
1351 2359 1703 2430 Quatcuuque
1734 2358 1881 2416 enim
1918 2363 2059 2416 intra
2090 2379 2212 2418 mu-

626 2471 718 2510 ros
740 2462 869 2509 sunt
898 2450 1231 2508 munitarum
1254 2453 1562 2519 civitatum,
1605 2451 1745 2508 intra
1776 2470 1983 2508 annum
2018 2454 2213 2509 redimi

626 2547 973 2603 solummodo
1008 2546 1199 2600 liceret
1248 2560 1262 2597 :
1292 2561 1632 2616 qtuecunque
1662 2557 1843 2601 autem
1866 2542 1919 2600 in
1949 2562 2058 2601 non
2091 2563 2214 2600 mu-

627 2638 777 2703 ratis,
812 2634 1087 2691 licentiam
1107 2634 1294 2689 haberi
1315 2634 1579 2689 liberandi
1600 2650 1693 2690 eas
1712 2650 1930 2705 semper
1943 2635 2214 2705 permisit.

628 2730 943 2786 Levitarum
987 2733 1173 2783 autem
1216 2727 1427 2794 domos,
1466 2728 1581 2782 sive
1624 2728 1681 2781 in
1734 2729 1963 2783 muratis
2011 2723 2126 2783 sive
2161 2729 2215 2782 in

627 2840 737 2879 non
787 2821 1018 2876 muralis
1055 2820 1191 2885 sint,
1243 2834 1461 2889 semper
1503 2819 1695 2873 redimi
1724 2818 2004 2890 praecepit.
2045 2822 2218 2891 Agros

629 2924 812 2969 autem
841 2910 1310 2975 vendere,omnes
1342 2909 1640 2980 prohibuit.
1659 2909 1786 2964 Haec
1815 2919 1998 2965 autem
2021 2908 2218 2964 distin-

628 3004 760 3062 ctio,
810 3003 927 3071 jam
982 2996 1317 3054 infructuosa
1371 3008 1455 3053 est
1475 2999 1540 3052 ad
1596 2997 1790 3052 faciem
1838 2999 2034 3054 litterae
2058 3014 2217 3068 quam

629 3093 874 3149 ostendit
902 3111 914 3146 :
945 3093 1072 3162 quia
1100 3093 1186 3146 lex
1232 3090 1334 3146 fuit
1365 3092 1604 3161 quidem,
1654 3092 1872 3161 quando
1902 3092 2093 3147 habuit
2129 3092 2219 3159 ju-

2304 616 2703 679 collectionem,
2758 615 3032 685 quomodo
3066 615 3347 685 quaedam
3403 627 3505 681 per
3532 615 3762 680 quosdam
3795 620 3844 671 in.
3882 606 3883 633 ³

2304 708 2610 779 telligibiles
2637 707 2874 772 Levitas,
2898 706 2950 761 id
2976 715 3078 771 est,
3111 702 3418 774 apostolos
3446 705 3722 769 salventur,
3742 710 3843 764 nimis

2304 804 2607 859 secundum
2636 804 2781 874 quod
2815 804 2984 857 Deum
3018 803 3213 865 decet,
3247 799 3489 869 exponit
3509 798 3719 853 dicens:
3882 796 3883 821 ξ

2376 895 2479 961 Qui
2514 896 2807 951 vendiderit
2837 897 3050 949 domum
3084 894 3251 947 intra
3278 892 3457 945 .urbis
3487 908 3674 955 muros,
3706 892 3832 943 Italian
3882 878 3883 914 ἶ

2306 988 2576 1042 licentiam
2632 989 2919 1041 redimendi
2975 988 3142 1040 donec
3190 1000 3341 1037 unus
3394 983 3672 1052 impleatur
3718 1000 3840 1039 anan.

2306 1080 2435 1135 limo
2480 1082 2547 1135 de
2576 1080 2892 1135 Judteorum
2948 1079 3244 1149 Synagoga
3280 1074 3667 1145 intelligamus,
3693 1091 3785 1143 qua
3814 1081 3841 1129 in
3881 1068 3883 1100 ἶ

2308 1173 2413 1227 hac
2455 1174 2697 1227 nubatur
2757 1170 2977 1241 quidem
3032 1189 3046 1223 :
3104 1176 3432 1238 propterea
3459 1167 3605 1219 enim
3632 1182 3732 1219 eam
3756 1168 3846 1220 Deus
3882 1160 3883 1189 ἶ

2307 1282 2406 1336 per
2449 1266 2690 1335 Moysen,
2721 1273 2781 1317 ut
2810 1272 2866 1317 et
2910 1262 3273 1316 habitaretur
3306 1256 3615 1321 constituit,
3647 1256 3749 1311 licet
3773 1260 3841 1326 ipsa
3882 1276 3883 1283 η

2310 1361 2424 1415 haec
2440 1376 2550 1414 non
2581 1358 2927 1422 custodierit,
2954 1358 3021 1411 ab
3044 1357 3135 1420 iis,
3166 1356 3230 1409 in
3260 1354 3475 1423 quibus
3505 1352 3841 1405 inhabitarent.
3882 1354 3883 1357 “

2307 1455 2535 1524 Propter
2572 1452 2737 1523 quod,
2777 1464 2832 1507 et
2872 1450 3144 1505 Dominus
3178 1448 3403 1501 Judzeis
3438 1446 3645 1500 dicebat
3675 1464 3686 1497 :
3713 1447 3841 1499 Doms

2307 1563 2447 1611 mea,
2495 1546 2680 1598 domus
2712 1544 2967 1598 orationis
3011 1541 3304 1596 vocabitur
3329 1555 3348 1592 :
3374 1555 3464 1592 vos
3510 1547 3677 1590 autem
3717 1540 3841 1607 fecisti

2308 1652 2430 1689 eam
2470 1635 2777 1705 speluncam
2814 1634 3081 1687 latronum
3111 1630 3186 1685 ".
3247 1630 3384 1683 Erat
3413 1638 3595 1682 autem
3626 1627 3673 1680 in
3697 1629 3841 1683 civitate
3882 1648 3883 1651 η

2310 1736 2525 1781 murata
2560 1726 2614 1780 in
2655 1725 2959 1781 Jerusalem
2996 1742 3008 1776 :
3040 1722 3294 1777 habebat
3325 1720 3482 1774 enim
3511 1733 3708 1772 murum
3731 1721 3841 1788 lt’grtu
3882 1740 3883 1743 η

2314 1818 2491 1885 hanc;
2520 1818 2710 1872 vendit
2740 1816 3014 1886 quispiam
3042 1832 3055 1867 :
3080 1829 3197 1867 non
3235 1821 3432 1865 tanien
3458 1810 3549 1864 hic
3568 1808 3839 1869 venditorem,
3882 1804 3883 1837 ‘

2313 1924 2494 1978 neque
2543 1910 2933 1979 propinquum,
2979 1921 3164 1975 neque
3194 1904 3549 1974 proximum,
3580 1902 3704 1955 sicut
3734 1918 3841 1969 supra
3881 1928 3883 1989 ἢ

2311 2001 2624 2071 appellavit,
2652 2016 2832 2070 neque
2852 2000 2996 2055 enim
3023 2012 3174 2051 unus
3206 2003 3335 2050 erat
3370 1995 3518 2049 hanc
3548 1993 3763 2056 vendens,
3782 1996 3841 2044 sed
3872 2004 3881 2069 ί

2314 2092 2481 2146 totius
2521 2091 2836 2146 Judazorum
2880 2089 3118 2160 populus
3172 2088 3327 2141 male
3368 2087 3577 2146 vivens,
3605 2084 3684 2152 qui
3722 2099 3840 2151 neque
3872 2072 3879 2089 δ

2314 2182 2500 2251 frater,
2546 2198 2726 2253 neque
2753 2191 3021 2253 cognatus
3060 2180 3274 2250 dignus
3310 2186 3437 2231 emt
3469 2175 3719 2246 appellari,
3746 2182 3839 2228 unde

2314 2290 2441 2328 eum
2503 2275 2668 2329 etiam
2729 2272 2993 2344 populum
3046 2271 3433 2324 Sodomorum
3496 2276 3551 2321 et
3586 2266 3831 2322 Gomorihai

2316 2366 2461 2421 Deus
2476 2383 2574 2437 per
2600 2366 2755 2421 Isaia:
2778 2364 3121 2435 prophetiam
3140 2360 3470 2431 appellavit.
3490 2359 3682 2421 Audite,
3701 2357 3828 2425 inquit.

2316 2460 2531 2513 verbum
2566 2457 2805 2521 Domini,
2830 2457 3094 2527 principes
3123 2453 3510 2515 Sodomorum,
3538 2449 3723 2502 auribus
3746 2466 3827 2513 per-

2317 2550 2474 2620 cipite
2526 2549 2688 2620 legem
2728 2549 2825 2602 Dei
2874 2548 3042 2601 nostri
3073 2546 3313 2616 populus
3359 2541 3650 2598 Comorrltat
3667 2540 3825 2593 “.Atilti

2316 2654 2500 2698 autem
2546 2643 2615 2697 ad
2664 2656 2759 2697 eos
2792 2656 3010 2695 rursum
3036 2639 3324 2709 Propheta
3362 2636 3574 2691 dicebat
3604 2650 3617 2687 :
3653 2632 3728 2685 Cui
3750 2648 3823 2681 res.

2317 2737 2479 2790 ditari
2503 2734 2715 2789 vendidi
2758 2750 2844 2787 vos
2866 2734 2891 2787 7
2913 2733 3046 2787 Ecce
3097 2732 3308 2786 venditi
3336 2729 3459 2782 estis
3476 2728 3528 2779 in
3553 2724 3823 2792 iniquitath

2317 2830 2503 2884 vestris
2525 2829 2590 2881 ⁸⁸.
2616 2828 2724 2883 Sed
2743 2828 2938 2883 licebat
2958 2827 3037 2881 eis
3062 2826 3212 2880 hanc
3243 2823 3610 2878 venditionem
3632 2820 3818 2873 redimere

2318 2922 2373 2976 in
2405 2937 2574 2984 anno,
2617 2920 2673 2974 in
2704 2936 2811 2990 quo
2840 2920 3091 2974 Christus
3120 2917 3283 2973 omni
3305 2916 3492 2986 generi
3518 2916 3732 2971 humano,
3747 2925 3819 2962 ma-

2319 3015 2465 3070 xime
2489 3015 2690 3084 pepulo
2719 3012 3030 3067 Judazorum
3073 3008 3517 3078 redemptionem
3563 3013 3813 3075 peccatorum

2320 3107 2655 3177 przedicavit.
2705 3106 2877 3173 Quem
2926 3118 3131 3158 annum
3174 3117 3333 3157 nunc
3379 3100 3587 3171 quidem
3626 3094 3814 3166 legislator

628 3205 825 3245 “amen
860 3188 928 3244 de
959 3188 1161 3249 “ne”.
1195 3203 1304 3240 “0"
1342 3195 1522 3240 tamen
1550 3201 1785 3256 semper,
1816 3202 1920 3241 nec
1946 3187 2013 3241 de
2048 3188 2215 3251 omni.
2247 3224 2289 3279 ο
2323 3199 2527 3263 innuit,
2551 3205 2738 3267 aperte
2770 3198 2938 3252 Isaias
2958 3195 3210 3252 exhibuit
3238 3213 3251 3248 :
3281 3194 3509 3263 Spiritus
3528 3189 3808 3251 ﬂuminisripa

628 3292 855 3353 propter
882 3278 1026 3351 quod
1059 3280 1107 3334 ei
1157 3279 1548 3349 contemplatio
1593 3277 1855 3348 spiritalis
1895 3280 2209 3334 necessaria

629 3387 734 3432 est.
781 3375 996 3431 Utilitas
1042 3382 1227 3429 autem
1261 3373 1389 3427 hinc
1418 3370 1722 3428 intendenti
1754 3382 2038 3442 perpetua,
2065 3382 2119 3427 et
2152 3373 2219 3428 de

630 3469 781 3524 omni
827 3467 1084 3521 mandato
1132 3464 1268 3535 legis
1305 3464 1558 3534 provenit
1594 3474 1923 3534 :propterea
1969 3464 2221 3519 durescit

630 3564 835 3623 littera,
867 3569 929 3613 ut
951 3556 1279 3613 necessitate
1309 3560 1502 3621 coacti,
1524 3559 1591 3612 ad
1619 3560 1955 3628 spiritualem
1980 3570 2223 3615 contem-

633 3653 931 3723 plationem
980 3664 1349 3704 recnrramus.
1398 3650 1554 3705 Unde
1583 3661 1639 3704 et
1696 3650 1896 3706 l'aulus
1947 3652 2162 3706 dicebat
2204 3671 2217 3706 :

636 3749 779 3798 Ante
822 3742 965 3797 enim
1009 3756 1171 3810 quam
1218 3742 1429 3796 veniret
1485 3743 1637 3804 ﬁdes,
1668 3744 1769 3796 sub
1798 3744 1915 3813 lege
1950 3746 2221 3799 custodie-

635 3836 855 3896 bamur,
883 3829 1125 3887 conclusi
1154 3832 1208 3886 in
1240 3848 1359 3886 eam
1385 3833 1569 3897 ﬁdem,
1626 3851 1745 3900 quae
1770 3832 2054 3890 revelanda
2079 3847 2217 3891 erat.

637 3924 859 3980 Litterae
886 3922 1032 3977 enim
1084 3922 1387 3989 conclusio,
1434 3924 1740 3980 libertatem
1800 3943 1983 3982 amare
2031 3930 2223 3984 suadet

636 4017 864 4086 spiritus
899 4014 1113 4069 ".Jam
1175 4032 1324 4070 nunc
1383 4032 1512 4087 ergo
1568 4016 1855 4088 prazsentis
1912 4023 2221 4076 sanctionis

637 4113 997 4166 discutiamus
1044 4113 1332 4176 virtutem,
1366 4111 1418 4165 in
1454 4114 1887 4183 praecedentibus
1936 4112 2094 4173 unius
2127 4135 2223 4173 cu-

632 4205 851 4277 jusdam
881 4200 1280 4274 possessionem
1312 4218 1641 4273 proponens,
1672 4206 1747 4259 ait
1778 4224 1925 4278 ergo:

709 4296 767 4353 Si
793 4307 1097 4351 attenuatus
1133 4298 1298 4366 frater
1332 4306 1473 4359 tuus,
1506 4298 1793 4352 vendiderit
1836 4304 2223 4367 possessiuncu-

642 4391 749 4444 lam
774 4407 949 4454 suam,
974 4398 1021 4442 et
1044 4386 1261 4441 voluerit
1281 4389 1603 4458 propinquus
1627 4388 1761 4457 ejus,
1785 4401 1950 4455 potest
1972 4393 2223 4447 redimere

638 4476 775 4553 quod
816 4481 906 4535 ille
939 4480 1245 4534 vendiderat
1272 4494 1290 4533 :
1319 4481 1400 4533 sin
1426 4491 1603 4533 autem
1634 4490 1734 4533 non
1772 4481 2011 4536 habuerit
2042 4487 2221 4553 proxi-

634 4590 800 4638 mum,
816 4586 865 4628 et
885 4574 994 4642 ipse
1011 4571 1237 4640 pretium
1257 4572 1326 4623 ad
1340 4571 1697 4625 redimendum
1716 4578 1942 4641 potuerit
1964 4578 2226 4633 invenire:

635 4665 1079 4733 computabantur
1102 4664 1301 4734 fructus
1330 4679 1394 4716 ex
1422 4672 1737 4729 eo-tempore
1759 4682 1859 4736 quo
1886 4670 2133 4732 vendidit,
2171 4682 2219 4725 et

635 4757 774 4827 quod
804 4756 1065 4818 reliquum
1091 4764 1163 4808 est
1192 4751 1369 4808 reddet
1392 4756 1633 4823 emptori,
1656 4758 1830 4828 sicque
1854 4762 2068 4830 recipiet
2100 4781 2220 4833 pos-

634 4849 914 4902 sessionem
958 4863 1112 4901 suam
1141 4861 1157 4900 :
1190 4847 1326 4916 quod
1354 4847 1397 4900 si
1433 4862 1532 4900 non
1576 4846 1829 4904 invenerit
1857 4869 2043 4908 manus
2083 4856 2216 4925 ejus,

635 4949 694 4992 ut
727 4940 915 4993 reddat
947 4939 1194 5009 pretium,
1218 4936 1422 4992 habebit
1444 4953 1647 5009 emptor
1676 4944 1812 5012 quod
1838 4956 2035 4999 emerat
2059 4964 2221 5019 usque

636 5030 710 5081 ad
738 5045 938 5081 annum
957 5027 1245 5097 jubileum.

709 5118 1014 5189 Specialem
1051 5121 1485 5192 uniuscujusque
1524 5127 1998 5184 conversationem
2032 5134 2221 5201 procul

636 5209 807 5265 dubio
829 5211 1100 5280 exposuit.
1134 5210 1229 5265 Hic
1256 5223 1439 5266 autem
1473 5230 1585 5269 nou
1609 5217 1721 5280 jam
1748 5222 1815 5271 de
1846 5227 2220 5278 conversatio-

638 5316 710 5355 ne
792 5303 1036 5371 speciali,
1093 5306 1188 5357 sed
1249 5304 1415 5359 totius
1467 5303 1783 5377 Synagogaa,
1828 5312 1909 5364 vel
1961 5313 2219 5371 Ecclesia:

634 5393 896 5462 loquitur.
921 5393 980 5446 In
1005 5394 1200 5463 quibus
1226 5391 1543 5448 Judaeorum
1567 5398 1847 5468 Synagoga
1875 5401 1929 5453 in
1955 5418 2041 5466 eo,
2073 5408 2219 5473 quod

634 5497 816 5542 manet
863 5502 1036 5556 usque
1080 5501 1226 5539 nunc
1273 5486 1415 5555 apud
1461 5488 1871 5557 conquirentem
1914 5492 2216 5564 inimicum,

632 5584 689 5633 et
718 5577 1089 5633 adversarium
1121 5574 1369 5630 serviens
1400 5593 1415 5631 :
1454 5573 1709 5633 Ecclesiae
1746 5590 1951 5650 autem,
1979 5588 2217 5657 gentium

703 5800 747 5831 ’³
772 5799 1062 5882 Galat._iu,
1093 5796 1184 5853 ‘25.
1262 5794 1309 5829 "
1348 5794 1541 5852 Matth.
1580 5817 1689 5871 κει,
1726 5803 1809 5859 15.
1886 5807 1931 5840 ’⁸
1966 5806 2070 5863 lsa.
2112 5824 2149 5875 t,
2193 5809 2210 5863 l

2354 5813 2400 5845 θ’
2431 5810 2533 5870 lsa.
2565 5830 2617 5882 ι,
2656 5815 2676 5870 ι

638 5868 769 5924 Luc.
802 5885 920 5933 sui,
951 5872 1040 5923 54.

2322 3308 2427 3356 me,
2470 3307 2529 3345 eo
2570 3290 2708 3361 quod
2746 3290 2897 3342 unxit
2939 3288 3202 3343 Dominus
3242 3303 3330 3340 me
3373 3286 3443 3339 ad
3491 3279 3807 3336 annuntiandsu

2320 3384 2609 3437 mansuetis
2651 3383 2788 3436 misit
2820 3399 2921 3445 me,
2970 3391 3028 3433 ut
3073 3381 3319 3435 mederer
3355 3378 3589 3433 contritas
3621 3372 3751 3431 corde,
3773 3378 3804 3417 ut

2319 3476 2666 3545 prwdicarcm
2697 3472 2916 3543 captivis
2945 3470 3341 3540 indulgentiam
3378 3478 3424 3521 et
3451 3466 3621 3519 clausis
3648 3459 3799 3527 apertia-

2322 3584 2461 3632 nem,
2518 3577 2573 3621 ut
2611 3568 2957 3636 pra’dicarem
3018 3581 3221 3619 annum
3254 3560 3554 3635 placabilem
3592 3555 3799 3611 Dominis

2322 3662 2462 3715 diem
2488 3660 2704 3713 ultionis
2727 3658 2952 3712 Domino
2977 3667 3155 3711 nostro
3186 3656 3263 3710 °’.
3297 3657 3455 3711 Unde
3481 3662 3531 3706 et
3552 3646 3802 3717 Septuaginta

2322 3752 2655 3806 ediderunt:
2697 3749 2903 3804 Diurna
2945 3751 3043 3804 erit
3103 3749 3338 3802 redditio
3377 3746 3504 3814 ejus,
3534 3733 3792 3811 quumm-

2321 3844 2472 3916 gulos
2498 3845 2608 3898 dies
2634 3844 2748 3912 ejus
2780 3857 2797 3895 :
2831 3842 2923 3912 qui
2954 3841 3133 3896 dictus
3158 3850 3250 3895 est
3271 3838 3419 3901 anni,
3444 3829 3672 3891 licebateis
3690 3821 3784 3893 (Ιυοά

2322 3936 2693 3992 vendiderunt
2738 3934 2976 3997 diabolo,
3022 3932 3426 3987 redimentibus
3450 3920 3682 3983 venundari
3702 3918 3786 3969 Deo.

2324 4029 2445 4085 Non
2464 4030 2576 4099 jam
2625 4028 2772 4083 enim
2807 4025 3075 4082 dominari
3106 4025 3190 4079 eis
3218 4024 3490 4081 inimicus,
3518 4023 3661 4085 utpote
3681 4006 3796 4099 senui

2326 4124 2436 4177 Deo
2476 4120 2821 4184 venundatis,
2848 4129 3082 4189 poterat,
3113 4118 3247 4188 quia
3278 4117 3428 4169 enim
3462 4112 3526 4166 eis
3548 4120 3632 4161 non
3654 4096 3795 4154 semel.

2324 4232 2429 4272 nec
2470 4216 2735 4279 secundo,
2777 4215 2870 4269 sed
2892 4212 3133 4282 quotidie
3169 4212 3372 4266 licebat
3404 4201 3801 4282 captivitatemer

2322 4309 2498 4378 priam
2515 4306 2806 4369 redimere,
2824 4305 2947 4358 audi
2965 4303 3256 4357 Dominum
3272 4302 3527 4356 dicentem
3542 4312 3551 4347 ;
3565 4280 3795 4381 Jerusalem:

2321 4365 2758 4468 ierusalenuqute
2778 4365 2965 4450 occidis
2984 4395 3301 4462 Prop/tetas,
3322 4401 3367 4445 et
3389 4388 3571 4456 lapides
3586 4394 3651 4434 eos
3668 4371 3733 4442 σαί
3754 4365 3796 4417 ηδ

2326 4504 2376 4548 te
2417 4493 2562 4547 missi
2602 4502 2746 4554 sunt,
2801 4491 3002 4561 quoties
3036 4488 3177 4541 volui
3230 4494 3531 4555 congregare
3565 4472 3677 4561 ﬁlios
3705 4474 3795 4561 litos.

2261 4582 2303 4635 Ι)
2334 4584 2775 4656 quemadmodum
2794 4554 2997 4653 gallina
3019 4589 3299 4650 congregat
3319 4554 3478 4646 pullos
3498 4581 3598 4623 suos
3614 4558 3685 4615 sub
3703 4554 3794 4649 alat.

2326 4640 2374 4727 et
2398 4674 2611 4728 noluisti
2648 4672 2738 4725 θεῖ
2769 4640 2829 4726 1?.
2862 4686 2928 4725 eo
2957 4670 3105 4724 enim
3135 4640 3279 4738 qubd
3304 4665 3450 4727 dixit,
3480 4655 3658 4729 quaties.
3680 4640 3796 4700 mani-

2328 4764 2566 4826 festavit,
2592 4762 2718 4831 quia
2748 4761 2992 4831 quotidie
3022 4760 3222 4814 licebat
3246 4759 3324 4812 eis
3350 4751 3590 4825 propriam
3613 4744 3791 4812 ρεηεετε

2327 4856 2780 4925 redemptionem,
2804 4854 2849 4907 si
2871 4853 3096 4908 omnino
3116 4852 3425 4910 voluissent,
3441 4842 3551 4913 quia
3570 4842 3709 4925 autern
3722 4837 3790 4877 ηοη

2326 4920 2606 5011 volebant,
2639 4947 2835 5002 similia
2874 4947 2961 5002 his
3001 4963 3122 5016 quae
3160 4946 3293 5001 dixit
3315 4938 3563 4996 Christus,
3596 4920 3787 5016 legislawr

2323 5040 2596 5110 exposuit,
2630 5041 2701 5095 ab
2722 5040 2841 5110 ipso
2867 5039 3013 5093 enim
3045 5038 3096 5094 ei
3115 5038 3333 5108 spiritus
3362 5014 3784 5110 subministraball":

2392 5132 2453 5188 Si
2480 5142 2603 5186 ante
2640 5103 2912 5201 redempta
2947 5146 3053 5184 non
3091 5103 3250 5201 fuerit
3277 5139 3426 5194 usque
3457 5120 3564 5172 dum
3584 5103 3782 5201 impleant

2323 5239 2497 5277 annus
2543 5195 2943 5291 conﬁrmabitur
2975 5195 3160 5275 domus
3202 5233 3313 5290 qua:
3334 5222 3401 5268 est
3440 5211 3488 5261 in
3514 5195 3784 5294 οἱυὶιαιξοφξω

2324 5312 2479 5366 habet
2500 5330 2677 5367 muros
2708 5313 2815 5366 veri
2852 5312 3101 5381 emptoris
3123 5289 3520 5381 posteroruqu
3536 5294 3627 5362 ἐλαι
3650 5289 3689 5335 ίπ
3700 5289 3779 5381 Pii

2324 5413 2539 5470 petuum
2563 5414 2612 5456 et
2636 5405 2823 5458 redimi
2850 5370 2951 5458 non
2970 5370 3159 5474 poterit
3178 5405 3231 5457 in
3244 5398 3447 5472 jubileo.
3464 5370 3780 5479 Domiti-allii?"

2326 5495 2472 5548 enim
2500 5494 2810 5549 Iudaeorum
2833 5494 3148 5566 Synagogte,
3173 5495 3263 5565 qui
3296 5504 3404 5546 eam
3429 5481 3542 5538 emit
3564 5470 3753 5566 inimicm:
3764 5470 3771 5502 ε

2328 5600 2382 5643 et
2406 5589 2614 5659 posteri
2645 5589 2764 5660 ejus
2790 5590 2843 5645 in
2872 5563 3206 5662 perpetuum
3222 5586 3358 5644 omni
3376 5575 3589 5636 videlicet
3610 5563 3775 5635 ρηεεειι·

2688 5854 2703 5870 .
2786 5813 2830 5845 υτ
2853 5813 2953 5868 ua.
2985 5828 3094 5878 LXI,
3130 5812 3211 5869 ιδ.
3303 5797 3525 5861 "Matth.
3559 5797 3675 5847 ιιιιιι
3700 5774 3765 5837 ετξ
