4032 6428
260 397 402 464 1425

1398 398 1478 463 IN
1506 402 1947 464 LEVITICUM.
1981 428 2048 440 -
2070 403 2217 464 LIB.
2254 406 2385 467 VII.

3406 407 3540 473 1126

258 516 297 569 ti
337 524 603 583 tempore.
646 511 759 568 Hoc
790 514 938 569 enim
978 515 1286 587 appellatur
1314 532 1411 587 per
1440 518 1562 586 ejus
1593 528 1849 587 posteros
1881 526 1923 580 Α
1954 518 2160 573 Christi
2193 530 2278 574 est
2308 520 2646 592 mysterium,
2672 519 2838 591 hujus
2865 534 2995 592 ergo
3021 519 3134 589 agri
3154 520 3279 591 jure
3300 526 3542 580 venden-

253 606 345 659 vel
401 606 805 674 generationes,
860 608 1005 677 quod
1068 607 1428 680 Septuaginta
1486 610 1675 676 edunt,
1717 609 1843 677 quia

250 698 549 768 praesentis
620 699 881 770 temporis
930 708 1253 771 potestatem
1302 702 1467 757 habet
1502 711 1693 757 contra
1746 716 1842 755 eos

251 792 355 860 qui
386 793 796 863 conjunguntur
826 793 896 859 ei,
928 802 983 848 et
1013 793 1201 848 redimi
1232 809 1343 848 non
1374 794 1574 864 poterit
1596 795 1761 849 etiam
1790 794 1844 847 in

241 882 487 954 j‘ubileo,
520 884 634 939 sive
677 896 737 939 ut
768 885 1122 957 Septuaginta
1154 886 1212 941 in
1240 887 1586 952 remissione,
1617 903 1723 958 qua
1762 903 1845 940 rc-

247 968 547 1042 lnissione,
574 978 679 1034 nisi
711 979 898 1053 utique
934 979 1101 1047 illam,
1126 997 1288 1050 quam
1323 981 1404 1036 eis
1436 980 1697 1035 Dominus
1722 996 1847 1035 cru-

248 1072 456 1129 ciﬁxus
486 1074 618 1128 dixit
650 1093 662 1128 :
695 1073 875 1141 Pater,
903 1076 1107 1128 dimitte
1130 1075 1257 1141 illis,
1288 1076 1412 1145 quia
1446 1075 1680 1129 nesciunt
1721 1074 1848 1144 quid

248 1164 472 1233 faciunt
497 1167 563 1219 ”.
608 1165 715 1222 Sed
749 1175 1029 1235 peccatum
1062 1174 1483 1231 renovaverunt,
1507 1178 1631 1237 post
1660 1166 1847 1221 datum

256 1256 646 1313 temissionetn
676 1258 928 1313 malitiosi
959 1257 1159 1325 effecti,
1193 1268 1251 1314 et
1283 1259 1559 1329 praeterito
1588 1274 1696 1313 non
1730 1258 1847 1312 sui-

254 1348 482 1405 ﬁciente
498 1360 742 1421 peccato,
766 1351 1095 1406 addiderunt
1120 1351 1223 1405 alia
1252 1351 1542 1415 deteriora,
1564 1367 1685 1421 quae
1703 1351 1847 1405 circa

258 1442 596 1512 sepulcrum,
627 1451 681 1497 et
708 1452 832 1513 post
857 1443 1341 1508 resurrectionem,
1362 1452 1416 1498 et
1444 1452 1569 1513 post
1599 1444 1649 1497 in
1680 1444 1849 1497 caelos

262 1533 647 1588 ascensionem
666 1542 852 1587 contra
878 1531 1055 1601 ipsum
1081 1531 1379 1596 Christum,
1411 1541 1465 1586 et
1496 1538 1685 1585 contra
1714 1532 1849 1584 cho-

258 1634 384 1677 rum
435 1623 801 1693 apostolorum
836 1632 1323 1692 praesumpserunt.
1349 1622 1692 1677 Conﬁrmans
1720 1637 1848 1693 ergo

257 1731 323 1770 ea
357 1731 479 1785 qua:
504 1730 654 1769 nunc
687 1730 716 1767 a
737 1714 894 1769 nobis
924 1714 1066 1769 dicta
1095 1724 1224 1768 sunt
1267 1715 1549 1779 Dominus,
1580 1725 1634 1769 et
1663 1724 1849 1769 osten-

256 1810 400 1864 dens
433 1809 559 1879 quia
596 1808 904 1863 Judaaorum
925 1807 1142 1875 domos,
1174 1816 1228 1862 et
1251 1807 1553 1862 Jerusalem
1583 1809 1847 1878 templum

1949 622 2060 675 tur,
2092 612 2180 668 vel
2226 613 2408 670 adhuc
2452 629 2645 686 agrum
2692 614 3131 679 aestimabuntur,
3165 616 3291 685 quia
3323 618 3374 671 ei
3409 630 3543 674 sunt

1947 707 2231 778 proximae,
2257 722 2370 761 non
2400 706 2529 778 legi.
2555 706 2925 773 Quamobrem
2955 722 3172 778 semper
3197 709 3393 764 redimi
3415 716 3542 780 posé

1948 808 2099 864 sunt,
2124 799 2213 855 vel
2241 787 2546 855 secundum
2579 800 2937 871 Septuaginta
2962 800 3209 857 liberatae
3234 817 3333 872 per
3358 807 3541 858 omnia

1948 899 2134 948 erunt.
2170 891 2253 947 Ex
2302 908 2411 963 quo
2444 908 2576 964 ergo
2611 893 2877 949 Dominus
2913 894 3084 960 venit,
3122 910 3294 965 usque
3335 896 3404 950 ad
3452 912 3542 950 se.-

1948 986 2191 1042 cundum
2222 984 2521 1041 adventum
2544 986 2685 1056 ejus,
2714 1001 2815 1057 per
2839 995 3026 1057 partes
3048 996 3239 1058 gentes
3260 988 3544 1043 redimun-

1950 1087 2057 1144 tur,
2091 1086 2146 1132 et
2191 1092 2290 1147 per
2320 1077 2701 1132 remissionem
2742 1079 3002 1144 evadunt,
3038 1094 3202 1149 quam
3237 1079 3355 1149 ipse
3387 1080 3544 1135 omni

1950 1169 2136 1242 generi
2180 1170 2423 1225 humano
2457 1186 2555 1240 per
2585 1185 2806 1225 crucem
2840 1171 3153 1241 appellavit.
3185 1171 3329 1225 Crux
3365 1173 3539 1237 enim,

1949 1271 2036 1317 est
2062 1277 2192 1315 vera
2223 1260 2669 1317 remissio.Unde
2695 1271 2751 1315 et
2776 1262 2897 1332 ejus
2922 1262 3149 1333 ﬁguram
3178 1278 3375 1333 gerens
3403 1264 3547 1319 aries

1949 1353 2043 1427 (μή
2074 1370 2172 1425 pro
2203 1355 2354 1409 Isaac
2398 1354 2452 1408 in
2496 1352 2819 1410 holocausto
2854 1355 3072 1410 oblatus
3108 1365 3212 1418 est,
3241 1357 3545 1411 secundum

1950 1447 2097 1517 quod
2124 1445 2483 1517 Septuaginta
2519 1446 2712 1511 edunt,
2750 1448 2807 1500 in
2841 1446 3067 1518 virgulto
3107 1446 3306 1501 Sabech
3350 1449 3547 1502 inven-

1952 1549 2041 1594 tus
2069 1549 2154 1595 est
2180 1540 2459 1609 religatus.
2494 1538 2706 1594 Sabech
2742 1548 2948 1602 autem,
2984 1540 3238 1594 remissio
3272 1541 3548 1611 interpre-

1952 1641 2121 1696 tatur,
2153 1632 2279 1703 quia
2327 1648 2570 1695 crucem,
2592 1648 2713 1703 qua:
2738 1632 2841 1686 fuit
2864 1632 3206 1688 remissionis
3226 1634 3545 1705 virgultum,

1950 1726 2335 1797 praeﬁgurabat
2365 1727 2469 1781 hoc
2508 1726 2654 1796 quod
2695 1736 2825 1779 tunc
2854 1736 3069 1796 gestum
3116 1734 3220 1780 est.
3252 1725 3392 1797 Ergo
3424 1737 3547 1781 tan-

1952 1832 2117 1886 quam
2166 1817 2443 1871 Abraham
2498 1816 2555 1870 in
2611 1815 2782 1887 ﬁgura
2836 1816 2981 1871 diem
3031 1818 3211 1871 crucis
3262 1828 3545 1883 cernente,

255 1910 437 1956 totum
474 1899 768 1955 adversarii
802 1899 1001 1954 laetum
1033 1908 1137 1961 εει,
1171 1910 1223 1953 Cl
1245 1909 1453 1969 partem
1482 1899 1627 1968 amid
1660 1898 1845 1953 Ποηιί-
1879 1889 1919 1943 Β
1949 1906 2202 1963 Christus
2232 1908 2405 1963 dixit:
2444 1907 2717 1961 Abraham
2742 1908 3047 1973 exsultavit,
3078 1918 3133 1961 ut
3162 1910 3361 1963 videret
3403 1911 3547 1963 diem

254 2009 394 2047 num
416 1992 618 2047 habere
642 1992 751 2061 jam
784 2006 890 2044 non
910 2000 1110 2061 potest,
1143 1990 1269 2060 quia
1296 1992 1715 2062 evangelizatam
1738 2007 1847 2044 non

257 2092 624 2155 susceperunt
679 2083 1132 2152 redemptionem.
1179 2083 1367 2139 dicens
1402 2100 1414 2137 :
1452 2082 1665 2149 Quoties
1708 2086 1850 2139 volui

257 2192 579 2248 congregare
597 2192 706 2238 vos,
736 2176 1174 2245 quemadmodum
1196 2175 1397 2247 gallina
1422 2188 1700 2249 congregat
1731 2178 1851 2247 pul-

262 2272 340 2324 los
368 2287 489 2324 suos
518 2269 611 2323 sub
636 2266 754 2322 alas
787 2284 912 2321 suos
956 2276 1025 2331 ,et
1048 2267 1287 2322 noluistis
1318 2271 1344 2323 .9
1372 2269 1524 2325 addit
1555 2288 1569 2326 :
1602 2269 1736 2324 Ecce
1758 2287 1845 2325 re-

267 2356 532 2433 linquetur
562 2358 707 2414 vobis
748 2360 933 2412 domus
962 2369 1133 2413 vestra
1177 2364 1381 2413 deserta
1411 2360 1449 2413 ⁸.
1483 2358 1850 2427 Quemadmo-

272 2453 406 2506 dum
442 2467 564 2522 ergo
617 2466 681 2505 ea
730 2467 852 2521 quae
896 2451 965 2506 de
984 2451 1225 2506 ludaicis
1268 2451 1562 2524 Synagogis
1604 2453 1853 2523 praadixit

278 2543 533 2615 Spiritus,
570 2544 648 2598 sic
668 2543 889 2599 intende
909 2559 1030 2614 qum
1048 2544 1301 2599 Ecclesiae
1326 2545 1568 2617 gentium
1603 2546 1757 2601 dicit.

347 2636 445 2692 Sin
479 2646 656 2691 autem
704 2639 757 2691 in
797 2637 926 2692 villa
957 2640 1116 2710 fuerit
1159 2640 1366 2702 domus,
1400 2656 1518 2712 qua:
1541 2658 1722 2695 muros
1748 2657 1852 2695 non

264 2728 444 2793 habet,
475 2746 727 2799 agrorum
750 2728 878 2799 jure
902 2730 1174 2784 vendetur.
1208 2729 1271 2785 Si
1297 2740 1419 2784 ante
1443 2733 1714 2802 redempta
1748 2748 1853 2787 non

263 2821 429 2891 fuerit
456 2821 511 2874 in
530 2821 758 2891 jubileo,
786 2832 1073 2875 revertetur
1098 2823 1169 2875 ad
1194 2821 1497 2877 Dominum.
1532 2824 1733 2880 Domos
1761 2841 1852 2881 er-

263 2928 336 2983 go
384 2928 510 2983 quae
552 2913 608 2967 in
656 2913 782 2968 villa
836 2922 984 2979 sunt,
1018 2914 1164 2983 quod
1196 2913 1450 2970 Ecclesia:
1479 2918 1723 2985 gentium
1754 2919 1853 2973 de-

262 3006 437 3060 beant
479 3005 745 3077 intelligi,
782 3006 952 3061 lsaias
997 3007 1157 3062 nobis
1190 3008 1460 3078 pr0pheta
1490 3008 1851 3075 demonstrat,

263 3097 482 3164 Lauda,
511 3099 732 3161 sterilis,
769 3116 885 3170 qua:
930 3116 1036 3152 non
1067 3100 1234 3169 puris,
1265 3100 1491 3154 decanto
1524 3101 1736 3155 laudem
1757 3144 1771 3167 ,
1806 3110 1855 3155 et

259 3193 439 3258 hinni,
461 3208 578 3257 quin
607 3210 710 3247 non
740 3194 1006 3262 pariebas,
1029 3198 1288 3263 quomodo
1316 3193 1499 3249 multa:
1524 3194 1651 3263 ﬁlire
1677 3196 1855 3248 deser-

262 3298 369 3349 tas,
399 3287 568 3355 magis
600 3302 761 3355 quam
791 3287 905 3356 ejus
936 3303 1053 3356 quia
1078 3286 1231 3341 habet
1264 3287 1467 3354 virum,
1509 3288 1637 3341 dicit
1669 3287 1857 3340 Domi-

261 3395 367 3432 nus
386 3378 408 3409 ¹
443 3396 456 3431 :
485 3378 617 3443 Quae
648 3386 733 3431 est
760 3386 945 3433 autem
971 3378 1173 3432 sterilis
1201 3386 1258 3433 et
1289 3379 1510 3435 deserta
1537 3387 1725 3433 etnon
1757 3395 1855 3449 pa-

262 3471 443 3537 riens,
476 3469 583 3524 nisi
620 3470 863 3540 gentium
891 3469 1173 3525 Ecclesia?
1206 3469 1338 3538 Quae
1372 3487 1485 3526 non
1510 3472 1856 3527 Patriarchas

262 3563 482 3628 habuit,
515 3577 625 3617 non
675 3562 871 3633 legem,
919 3578 1033 3617 non
1080 3563 1416 3633 prophetas,
1446 3564 1593 3619 unde
1635 3573 1690 3620 et
1738 3565 1857 3619 sine

260 3669 433 3708 muro
464 3661 613 3708 recte
646 3654 983 3708 nominatur.
1017 3653 1174 3709 Unde
1202 3668 1334 3726 ergo
1358 3654 1492 3725 quid
1524 3664 1580 3710 et
1608 3655 1757 3710 aliud
1790 3656 1858 3710 de

263 3746 390 3816 ipsa
416 3747 705 3816 prophetia
741 3747 1024 3801 subdidit:
1062 3746 1210 3801 Dixit
1254 3748 1394 3802 enim
1426 3748 1679 3803 Dominus
1713 3765 1731 3801 :
1759 3748 1855 3801 Di-

265 3839 384 3891 lata
420 3838 589 3891 locum
624 3840 837 3892 tentorii
877 3841 988 3904 tui,
1034 3850 1083 3893 et
1114 3841 1365 3894 aularum
1397 3842 1646 3895 tuarum'
1682 3860 1694 3895 :
1728 3856 1857 3912 ergo

263 3947 392 4001 quae
419 3931 477 3985 in
502 3931 665 3994 villis,
698 3932 817 3987 sive
843 3940 903 3986 ut
931 3931 1310 4004 Septuaginta,
1349 3933 1401 3987 in
1432 3934 1572 3988 aulis
1606 3944 1734 3988 sunt
1761 3936 1859 3989 do-

268 4039 398 4080 mus
439 4027 702 4096 gentium,
739 4024 998 4081 Ecclesia:
1030 4026 1436 4097 intelliguntur.
1478 4026 1631 4094 Quod
1678 4029 1860 4083 adhuc

268 4115 490 4187 planius
523 4117 576 4171 in
616 4117 1021 4188 posterioribus
1042 4120 1289 4188 ejusdem
1325 4120 1631 4190 prophetiae
1668 4131 1858 4175 osten-

266 4210 441 4263 ditur.
477 4208 629 4279 Euge
673 4224 782 4262 non
820 4225 1033 4279 parcas.
1060 4211 1294 4266 extende
1320 4211 1482 4266 funes
1513 4221 1655 4279 tuos,
1685 4222 1734 4267 et
1767 4229 1861 4281 pa-

268 4302 435 4357 xillos
472 4311 599 4357 tuos
628 4302 898 4367 conforta,
931 4302 1110 4358 adhuc
1153 4304 1222 4357 ad
1274 4305 1581 4370 dexteram,
1614 4315 1669 4360 et
1720 4308 1859 4362 sini-

272 4403 442 4450 stram
472 4396 740 4460 extende,
775 4403 831 4449 et
861 4410 1048 4449 semen
1082 4404 1237 4449 tuum
1268 4407 1458 4467 gentes
1492 4397 1856 4463 lnereditabit,

268 4497 331 4543 et
362 4487 612 4544 civitates
641 4489 887 4543 desertas
921 4487 1269 4544 inhabitabit.
1303 4490 1445 4546 Ecce
1483 4491 1735 4546 civitates
1764 4492 1860 4546 de-

268 4590 469 4642 sertas.
502 4580 623 4635 sine
653 4595 813 4634 muro
844 4578 1121 4645 videlicet,
1155 4594 1248 4634 eas
1282 4595 1403 4649 quae
1430 4590 1560 4637 sunt
1589 4582 1853 4653 gentium,
1889 4618 1933 4672 Β

266 4675 594 4745 appellavit.
621 4673 811 4744 Neque
858 4673 1008 4728 enim
1058 4674 1335 4728 habebant
1369 4674 1501 4746 legis
1531 4691 1771 4739 murum,
1803 4684 1859 4729 et

267 4768 508 4822 desertae
534 4776 713 4831 erant,
752 4781 907 4821 error
936 4767 1019 4821 eis
1052 4765 1341 4830 dolorum,
1387 4783 1620 4836 quorum
1666 4768 1863 4823 domus

268 4864 331 4916 in
356 4860 524 4925 villis,
555 4875 695 4931 quas
728 4859 1089 4931 Septuaginta
1132 4861 1189 4914 in
1234 4860 1376 4915 aulis
1419 4860 1699 4927 dixerunt,
1726 4877 1863 4932 quas

266 4969 400 5009 esse
428 4952 702 5009 Ecclesias
739 4954 977 5008 diximus
1000 4972 1013 5007 :

345 5038 609 5110 Agrorum
647 5040 774 5109 jure
811 5043 1118 5097 vendentur.
1148 5040 1247 5097 Vel
1290 5042 1594 5099 secundum
1627 5045 1861 5116 Septua-

268 5129 427 5200 ginta
459 5149 472 5185 :
502 5133 586 5185 Ad
614 5148 803 5202 agrum
838 5143 993 5188 terra:
1020 5135 1449 5191 wstimabuntur.
1484 5137 1655 5207 Cujus
1702 5139 1860 5209 agri?

271 5223 428 5278 Illius
452 5224 661 5293 utique,
680 5242 843 5295 quem
870 5226 1129 5283 Dominus
1145 5229 1314 5284 dicit:
1337 5228 1524 5285 Simile
1546 5242 1619 5285 est
1642 5248 1860 5302 regnum

272 5314 521 5368 calorum
550 5317 795 5371 thesauro
820 5319 1123 5373 abscondito
1154 5321 1210 5374 in
1238 5338 1389 5392 agro,
1407 5334 1557 5390 quem
1593 5324 1682 5394 qui
1717 5325 1863 5378 inve-

273 5406 358 5457 nit
391 5404 543 5457 homo
577 5406 844 5459 abscondit
874 5423 991 5459 eum
1032 5423 1142 5476 pra:
1170 5410 1366 5478 gaudio
1413 5426 1432 5463 :
1467 5409 1605 5463 alius
1635 5409 1785 5470 abiit,
1814 5418 1863 5462 et

274 5499 509 5552 vendidit
544 5502 746 5564 omnia,
773 5516 890 5570 qua:
919 5500 1123 5585 habuit,
1150 5509 1199 5554 et
1242 5503 1367 5556 emit
1409 5520 1597 5574 agrum
1640 5504 1791 5557 illum
1814 5503 1856 5555 ⁵.

279 5587 426 5646 Dicit
457 5601 639 5647 autem
670 5607 883 5663 agrum,
922 5592 1276 5664 Evangelium
1302 5636 1316 5660 ,
1349 5593 1403 5647 in
1432 5610 1541 5664 quo
1570 5595 1860 5651 thesaurus

363 5815 410 5851 ”
440 5804 572 5873 an.
598 5833 752 5881 χχιιι,
784 5820 871 5873 3i.

289 5886 380 5942 εδ.
456 5891 478 5920 ⁸
503 5889 657 5945 Nunt.
697 5906 849 5956 .\\'lll,
882 5891 934 5944 (5.
1010 5890 1026 5919 ⁷
1058 5886 1248 5941 Matth.
1285 5905 1393 5954 xix,
1425 5889 1514 5946 ‘27.

952 5815 1185 5869 ‘Matth.
1215 5833 1375 5872 xvtu.
1400 5817 1489 5877 37,
1522 5818 1610 5875 '58.
1690 5818 1708 5848 ¹
1736 5816 1834 5873 lsa.
1861 5834 1969 5885 LIV,
2002 5819 2053 5873 1.

1950 2017 2147 2066 meum,
2176 2009 2225 2053 et
2254 2000 2407 2065 vidit,
2433 2010 2482 2054 et
2501 2000 2712 2071 gavisus
2742 2011 2816 2055 est
2840 2002 2885 2055 ⁸.
2903 1999 3059 2066 Quod
3097 2017 3227 2071 ergo
3256 2011 3375 2056 erat
3401 2019 3545 2071 pree-

1950 2092 2113 2148 dictis
2156 2092 2225 2147 de
2268 2090 2496 2147 Judaica
2530 2092 2694 2147 domo
2722 2093 3079 2156 contrarium.
3114 2094 3239 2148 vide
3268 2095 3547 2163 quomodo

1949 2180 2262 2252 praevidens
2293 2180 2571 2252 legislator
2600 2181 2788 2242 solvit.
2820 2180 2948 2250 quia
2978 2182 3126 2234 enim
3165 2190 3288 2250 post
3314 2196 3542 2243 annum,

1951 2274 2008 2330 in
2052 2289 2162 2344 quo
2203 2272 2461 2329 Christus
2489 2274 2546 2327 in
2574 2287 2742 2327 carne
2781 2287 3028 2344 praesens
3054 2272 3321 2327 liberabat
3351 2273 3546 2328 huma-

1950 2381 2085 2421 num
2119 2379 2293 2437 genus
2313 2405 2327 2429 ,
2359 2363 2569 2435 integre
2599 2364 2913 2420 Judzeorum
2951 2363 3247 2435 Synagogze
3281 2379 3379 2435 per
3407 2380 3538 2436 apo-

1953 2457 2207 2512 Stolicam
2237 2456 2544 2512 doctrinam
2570 2455 2815 2511 liberatae
2845 2464 2995 2519 sunt,
3018 2471 3169 2509 nunc
3198 2456 3418 2524 quidem
3443 2456 3544 2513 tria

1952 2550 2141 2617 millia,
2177 2564 2324 2604 nunc
2356 2540 2539 2603 autem
2564 2549 2806 2619 quinque
2832 2548 3020 2614 millia,
3045 2564 3347 2619 rursusque
3373 2550 3547 2605 multo

1952 2643 2137 2715 plures
2166 2658 2329 2713 quam
2362 2642 2494 2698 dicti
2539 2651 2702 2707 sunt,
2736 2657 2809 2698 ne
2853 2642 2978 2712 quis
3014 2642 3119 2697 hoc
3151 2643 3432 2714 ignorasse
3464 2644 3545 2699 le-

1953 2740 2267 2813 gislatorem
2298 2741 2680 2805 arbitraretur,
2706 2739 2853 2804 vide,
2884 2739 3343 2810 quemadmodum
3363 2749 3420 2795 et
3443 2741 3548 2797 hoc

1954 2833 2227 2903 sapientia
2260 2832 2522 2903 spiritalis
2552 2833 2975 2888 demonstravit.

2022 2922 2185 2977 .lEdes
2212 2921 2540 2991 Levitarum,
2578 2924 2670 2994 qui
2707 2924 2763 2976 in
2790 2924 3005 2977 urbibus
3035 2933 3159 2978 sunt
3186 2941 3391 2994 semper
3421 2943 3546 2999 pos-

1953 3024 2075 3069 sunt
2114 3016 2327 3080 redimi,
2358 3016 2404 3069 si
2430 3016 2701 3085 redempta
2738 3032 2843 3070 non
2874 3018 3102 3086 fuerint,
3140 3019 3195 3071 in
3220 3018 3422 3087 jubileo
3455 3036 3543 3072 re-

1954 3114 2224 3161 vertentur
2260 3108 2332 3160 ad
2388 3106 2646 3172 dominos,
2681 3108 2806 3173 quia
2853 3109 3038 3162 domus
3081 3110 3291 3163 urbium
3330 3111 3545 3165 Levita-

1960 3215 2079 3251 rum
2111 3214 2206 3266 pro
2234 3198 2650 3267 possessionibus
2694 3208 2816 3251 sunt
2860 3200 2998 3253 inter
3036 3200 3174 3269 ﬁlios
3205 3202 3389 3255 Israel.
3425 3204 3543 3258 Non

1958 3290 2161 3346 frustra
2193 3289 2410 3345 Levitas
2438 3289 2707 3360 quispiam
2754 3290 2901 3345 dicat
2934 3293 3209 3361 apostolos
3258 3294 3542 3363 appellari,

1956 3383 2053 3439 sed
2090 3383 2217 3451 quia
2247 3382 2316 3437 de
2350 3381 2555 3437 Levitis
2585 3383 2794 3438 dictum
2821 3391 2905 3438 est
2934 3403 2948 3439 :
2984 3385 3051 3439 In
3085 3396 3227 3440 terra
3250 3403 3430 3441 eorum
3457 3390 3546 3441 ni-

1956 3476 2033 3529 hil
2053 3476 2357 3543 possidebis,
2386 3493 2477 3530 nec
2506 3476 2716 3531 habebis
2747 3489 2955 3544 partem
2988 3480 3125 3533 inter
3150 3497 3254 3536 eos.
3293 3480 3401 3553 Ego
3421 3499 3547 3551 pars

1958 3576 2006 3621 et
2038 3568 2321 3622 hiereditas
2350 3577 2466 3632 tua,
2505 3568 2561 3621 in
2587 3570 2758 3623 medio
2784 3569 3018 3638 filiorum
3045 3571 3215 3626 Israel
3231 3573 3271 3626 ⁸.
3305 3574 3420 3629 Hoc
3444 3592 3546 3629 all-

1958 3665 2069 3710 tem
2104 3657 2161 3710 in
2205 3657 2474 3726 apostolis
2524 3658 2746 3727 proprie
2797 3658 3082 3729 impletum
3131 3669 3235 3723 est,
3267 3663 3357 3732 qui
3394 3664 3548 3719 dice-

1959 3750 2097 3804 bant
2124 3748 2485 3815 conﬁdenter,
2532 3749 2600 3803 ad
2636 3748 2929 3804 Dominum
2961 3768 2975 3804 :
3010 3750 3144 3805 Ecce
3191 3769 3284 3806 nos
3325 3754 3547 3823 reliqui-

1962 3857 2077 3893 mus
2110 3840 2311 3905 omnia,
2346 3849 2393 3893 et
2430 3840 2599 3892 secuti
2626 3856 2808 3895 sumus
2842 3849 2891 3893 te
2912 3882 2926 3905 ,
2966 3842 3093 3909 quid
3127 3852 3283 3909 putas
3320 3846 3420 3897 erit
3451 3861 3548 3899 no-

1962 3933 2116 3988 bis'?
2142 3932 2346 3987 Horum
2377 3948 2507 4003 ergo
2546 3933 2709 3999 mdes,
2742 3950 2865 4004 qum
2899 3935 2956 3988 in
2986 3935 3215 3991 urbibus
3245 3948 3393 4002 sunt,
3431 3938 3549 3994 sive

1961 4025 2261 4080 secundum
2288 4024 2862 4094 Septuaginta,domos
2889 4027 3181 4089 civitatum,
3203 4042 3392 4082 eorum
3420 4045 3548 4099 pos-

1962 4115 2262 4175 sessiones,
2293 4124 2562 4184 quotquot
2592 4131 2689 4171 eos
2724 4117 2897 4172 secuti
2937 4128 3067 4172 sunt
3099 4118 3203 4174 ﬁde
3235 4131 3289 4174 et
3316 4136 3550 4177 convcr-

1962 4207 2198 4269 satione,
2232 4205 2459 4260 Iudaica
2513 4206 2739 4277 collegia
2796 4216 2942 4262 recte
2996 4209 3396 4281 intelliguntur,
3425 4212 3551 4283 quia

1961 4301 2115 4370 prius
2141 4308 2366 4369 propter
2395 4313 2491 4353 eos
2523 4298 2623 4363 ire,
2662 4308 2721 4354 ut
2763 4300 2828 4353 ad
2862 4315 2992 4355 oves
3032 4317 3155 4370 quae
3203 4302 3423 4357 fuerant
3452 4321 3552 4374 per

1962 4394 2119 4448 dictae
2147 4394 2344 4447 domus
2375 4392 2564 4457 Israel,
2595 4408 2625 4444 a
2671 4390 2890 4445 Christo
2936 4392 3079 4461 jussi
3117 4403 3267 4449 sunt.
3304 4395 3447 4466 Ergo
3483 4398 3553 4452 ad

1961 4495 2166 4541 sortem
2202 4501 2392 4540 eorum
2424 4484 2775 4555 pertinebant
2804 4484 2905 4550 illi,
2930 4493 3096 4554 atque
3122 4488 3549 4557 possessionem,

1962 4594 2288 4649 semperque
2324 4586 2576 4647 poterant
2605 4575 2823 4641 redimi,
2848 4584 2903 4630 et
2936 4577 3039 4631 hoc
3061 4578 3288 4632 historia
3314 4581 3552 4635 Actuum

1961 4672 2334 4741 apostolorum
2367 4668 2763 4725 demonstravit
2799 4687 2811 4723 :
2844 4670 3014 4724 multa
3053 4672 3202 4726 enim
3232 4672 3551 4728 Iudaeorum

1960 4778 2060 4833 per
2107 4763 2386 4832 apostolos
2428 4762 2496 4816 ab
2521 4777 2709 4815 errore
2743 4760 2853 4816 dixi
2890 4762 3119 4817 liberata
3154 4765 3400 4836 collegia.
3433 4767 3552 4821 Non

1961 4856 2092 4912 solis
2128 4865 2309 4910 autem
2356 4855 2515 4909 licuit
2567 4857 2829 4926 apostolis
2863 4855 3006 4912 hanc
3034 4872 3300 4930 peragere
3335 4862 3554 4916 redem-

1962 4949 2230 5019 ptionem,
2267 4948 2361 5002 sed
2395 4956 2450 5002 et
2480 4948 2764 5018 discipulis
2804 4964 3017 5003 eorum.
3048 4949 3155 5006 Sed
3190 4959 3372 5007 tamen
3412 4954 3555 5009 hanc

1965 5041 2268 5095 secundum
2314 5040 2533 5094 illorum
2573 5041 2860 5111 oportebat
2907 5042 3045 5098 elliei
3085 5044 3391 5102 doctrinam
3422 5088 3438 5113 ,
3498 5059 3558 5104 ut

1964 5133 2071 5188 illis
2114 5132 2480 5202 imputaretur
2522 5134 2615 5203 qui
2655 5135 2940 5190 exordium
2990 5135 3134 5192 facto
3180 5140 3553 5209 praebuerunt,

1966 5226 2061 5295 qui
2111 5236 2418 5297 posuerunt
2460 5228 2735 5299 dogmata,
2773 5231 3048 5300 quomodo
3100 5232 3176 5297 hi,
3209 5235 3302 5303 qui
3350 5235 3404 5289 in
3442 5237 3556 5290 cir-

1967 5319 2307 5374 cumcisione
2362 5328 2520 5374 erant
2567 5321 2768 5374 salvari
2818 5329 2875 5375 et
2924 5322 3145 5378 liberari
3199 5326 3429 5394 possint.
3490 5328 3557 5382 Et

1969 5422 2262 5483 propterea
2302 5413 2602 5468 secundum
2633 5413 2991 5486 Septuaginta
3019 5416 3095 5471 ait
3130 5436 3143 5472 :
3175 5417 3244 5472 Et
3267 5421 3561 5491 quicunque

1969 5506 2226 5559 rediment
2253 5523 2286 5565 α
2313 5505 2526 5571 Levitis,
2561 5506 2613 5560 id
2644 5516 2745 5571 est,
2787 5508 2856 5562 ab
2889 5508 2995 5563 illis
3028 5510 3303 5580 accipiens
3333 5512 3556 5565 modum

1968 5594 2262 5651 liberandi.
2312 5595 2431 5650 Non
2482 5596 2628 5652 enim
2678 5614 2709 5652 a
2765 5598 2970 5654 Levitis
3019 5600 3356 5667 liberantur,
3402 5603 3557 5672 quasi

2131 5818 2155 5851 ⁸
2187 5817 2315 5874 ibid.
2355 5817 2411 5875 2.
2489 5818 2723 5877 ‘Matth.
2761 5838 2882 5887 xm,
2912 5822 3000 5891 44,
3031 5822 3120 5877 45.
3202 5823 3221 5854 ⁸
3252 5821 3405 5878 loan.
3439 5842 3560 5894 vm,
