3928 6412
609 404 740 473 1127

1792 399 2162 466 ilESYCHII
2210 402 2687 466 PRESBYTERI

3728 408 3827 473 llis

606 526 744 595 lpsis
790 520 1233 593 possidentibus,
1270 530 1327 575 et
1375 532 1661 592 pr0pterca
1698 520 2095 592 Symmachus,
2138 530 2194 575 et
2224 534 2265 584 Α
2297 522 2366 575 ab
2394 537 2481 587 eo,
2511 537 2611 575 nec
2633 520 2869 591 amplius
2888 512 3050 591 quam
3078 520 3485 575 dedisti.Time
3518 521 3673 576 Deum
3698 539 3830 593 tuum,

604 616 821 685 Aquila,
868 616 1184 685 quicunque
1222 613 1401 669 aliinis
1446 623 1532 670 est
1576 614 1647 669 de
1690 613 1928 678 Levitis,
1979 615 2189 670 dicunt.

605 706 930 777 Quicunque
962 720 1093 775 ergo
1119 706 1227 759 illis
1255 705 1451 760 similia
1478 706 1659 771 docet,
1691 716 1747 760 et
1774 704 2005 760 redimet
2033 720 2196 776 quas-

605 800 733 854 dam
761 804 976 860 domos,
1001 799 1087 853 vel
1117 799 1163 854 si
1193 798 1249 852 in
1277 798 1595 853 civitatibus
1624 798 1869 854 Judaicis
1897 800 2029 863 sint,
2058 799 2197 855 exiit

605 892 909 947 secundum
934 890 1287 961 Septuaginta
1314 890 1580 953 venditio,
1605 892 1655 946 id
1684 901 1786 955 est,
1817 892 2197 946 liberabuntur

607 983 662 1036 in
696 982 1017 1037 remissione
1042 982 1164 1036 ﬁdei
1194 982 1396 1047 crucis,
1430 992 1487 1039 et
1511 996 1787 1039 concessae
1819 999 1919 1055 per
1949 999 2070 1039 eam
2099 999 2196 1041 ve-

606 1074 736 1129 niae.
767 1073 922 1139 Quod
950 1082 1136 1128 nostra
1167 1074 1339 1129 editio
1363 1075 1553 1129 habet.

596 1144 607 1161 Ι
679 1164 1054 1235 Si-redemptd:
1088 1182 1192 1220 non
1224 1168 1444 1237 fuerint,
1470 1168 1525 1221 in
1547 1166 1751 1238 jubilee
1776 1177 2101 1223 reuertentur
2127 1169 2199 1224 ad

607 1260 864 1314 dominos.
896 1258 1079 1325 Quare
1124 1268 1308 1315 autem
1360 1261 1565 1316 dictum
1605 1268 1710 1327 est,
1761 1260 2200 1333 sequium-Quia

607 1354 794 1407 domus
819 1352 1026 1406 urbium
1052 1352 1358 1407 Levitarum
1387 1370 1485 1423 pro
1513 1348 1924 1424 possessionibus
1962 1367 2085 1410 sunt
2118 1358 2203 1409 9n-

614 1455 693 1499 ter
722 1445 859 1515 filios
892 1444 1085 1500 Israel.
1116 1444 1175 1501 Id
1206 1456 1311 1509 est,
1341 1456 1565 1517 propter
1591 1447 1963 1518 apostolorum
1997 1464 2202 1520 cogna-

616 1538 847 1603 tionem,
881 1537 1303 1610 intelligibilium
1358 1540 1505 1594 enim
1558 1538 1894 1606 Levitarum,
1924 1542 2201 1611 apostolo-

611 1646 735 1685 rum
772 1630 1049 1700 possessio
1098 1630 1152 1685 in
1200 1632 1383 1686 medio
1415 1630 1650 1686 ﬁliorum
1694 1630 1857 1686 lsrael
1889 1642 2024 1697 erat,
2063 1633 2203 1689 sicut

608 1722 991 1794 cognovimus,
1010 1723 1138 1791 quia
1170 1722 1365 1779 Petrus
1394 1734 1449 1780 et
1475 1720 1716 1779 Joannes
1749 1734 1953 1779 sortem
1983 1734 2205 1794 apostoe

611 1813 752 1868 latus
778 1814 832 1867 in
860 1814 1251 1883 prmdicatione
1289 1830 1502 1879 eorum,
1537 1815 1628 1884 qui
1660 1830 1728 1869 ex
1756 1815 2197 1882 circumcisione,

610 1913 998 1974 perceperunt.
1035 1904 1141 1960 Sed
1185 1913 1241 1959 et
1272 1906 1382 1959 alio
1428 1905 1593 1961 modo
1630 1906 1893 1976 apostolis
1921 1906 2199 1977 possessio

612 1996 669 2050 in
691 1996 869 2052 medio
898 1996 1134 2052 ﬁliorum
1164 1998 1329 2053 Israel
1359 2007 1500 2055 erat.
1530 1997 2025 2053 Circumcisionem
2052 1998 2197 2053 enim

612 2089 892 2145 habebant
929 2099 985 2145 et
1015 2090 1140 2160 ipsi,
1162 2100 1218 2145 et
1248 2091 1552 2145 secundum
1576 2090 1751 2163 legem
1786 2091 1950 2146 Israel
1983 2106 2203 2162 semper

612 2177 885 2232 vixerant.
923 2178 1156 2249 Propter
1180 2181 1327 2249 quod
1360 2188 1416 2235 et
1437 2196 1626 2235 eorum
1659 2190 1817 2236 erant
1848 2182 1981 2253 ipsa:
2004 2182 2201 2237 domus

614 2268 899 2325 civitatum
931 2288 944 2325 :
977 2272 1046 2327 ab
1078 2273 1211 2343 ipsis
1242 2275 1391 2328 enim
1417 2285 1579 2329 erant
1606 2275 1868 2336 liberatae,
1887 2284 1943 2330 et
1969 2276 2201 2345 quicun-

613 2376 725 2429 que
754 2363 943 2417 salvati
976 2374 1126 2430 sunt,
1164 2381 1265 2436 per
1317 2381 1413 2421 eos
1460 2366 1655 2421 salvati
1683 2375 1832 2421 sunt.
1868 2366 2084 2422 Etcum
2113 2368 2201 2421 in-

614 2456 763 2528 digni
793 2467 979 2512 essent
1007 2469 1231 2529 propter
1257 2459 1677 2529 blasphemiam,
1714 2474 1877 2529 quam
1908 2460 2202 2515 commise-

614 2561 746 2606 runt
780 2550 836 2605 in
870 2566 1110 2618 crucem,
1147 2561 1204 2606 et
1246 2567 1411 2621 quam
1455 2568 1648 2607 rursus
1680 2560 1805 2622 post
1843 2553 2204 2608 resurrectio-

616 2660 742 2699 nem
790 2654 1281 2715 pnesumpscrunt,
1313 2646 1524 2699 honore
1576 2653 1759 2698 tamen
1806 2645 2201 2714 apostolorum,

615 2736 708 2807 qui
758 2746 814 2792 et
858 2745 986 2792 ante
1029 2749 1248 2792 crucem
1293 2736 1688 2804 crediderunt,
1722 2745 1777 2791 et
1810 2734 1868 2790 in
1899 2752 2084 2801 cruce,
2118 2738 2203 2791 vel

615 2829 780 2882 etiam
817 2838 939 2898 post
970 2842 1187 2883 crucem
1230 2835 1685 2897 permanserunt,
1716 2826 1773 2879 in
1816 2826 1922 2882 ﬁde
1964 2827 2203 2897 suscepti

616 2932 764 2979 sunt.
802 2924 869 2978 Et
897 2924 1024 2993 quia
1071 2924 1177 2977 hoc
1207 2938 1397 2977 verum
1446 2931 1551 2986 est,
1582 2924 1734 2979 disce
1769 2922 1905 2980 lsaia
1942 2924 2159 2981 dicente
2188 2943 2202 2980 :

618 3016 737 3071 Nisi
788 3015 1043 3070 Dominus
1089 3015 1416 3070 exercituum
1459 3014 1754 3086 reliquisset
1800 3017 1945 3071 nobis
1985 3034 2161 3073 semen
2189 3058 2205 3078 .

617 3110 773 3181 quasi
812 3107 1041 3165 Sodoma
1072 3109 1387 3178 fuissemus,
1415 3117 1465 3163 et
1495 3110 1648 3180 quasi
1681 3105 1977 3165 Gomorrha
2009 3111 2207 3167 similes

617 3203 896 3258 essemus".
930 3202 988 3257 Si
1022 3204 1171 3258 enim
1206 3219 1316 3257 non
1366 3202 1616 3257 relictum
1664 3212 1811 3258 esset
1857 3219 2043 3259 semen
2074 3219 2206 3275 apo-

617 3293 906 3359 stolorum,
932 3294 1069 3349 nihil
1093 3294 1434 3366 prohiberet,
1470 3294 1526 3347 in
1558 3294 1779 3349 modum
1807 3293 2126 3349 Gomorrhaa
2152 3303 2208 3347 et

620 3384 873 3441 Sodomae
904 3400 1125 3441 omnem
1154 3386 1367 3457 plebem
1387 3382 1668 3440 Judaicam
1692 3384 1895 3456 perire.
1926 3383 2035 3440 Sed
2076 3398 2209 3454 apo-

619 3462 886 3533 stolorum
919 3494 1084 3533 causa
1123 3494 1232 3532 non
1264 3494 1457 3533 omnes
1491 3479 1800 3549 perierunt.
1830 3476 2074 3542 Quorum
2100 3476 2210 3531 vir-

623 3578 769 3624 tutes
818 3579 874 3624 et
915 3569 1314 3638 possessiones,
1343 3568 1535 3639 quales
1564 3577 1744 3632 erant,
1778 3570 1834 3623 in
1884 3567 2077 3639 paucis
2125 3567 2210 3622 his

622 3660 911 3716 considera
947 3661 1153 3715 verbis.

696 3751 1012 3808 Suburbana
1046 3763 1224 3806 autem
1260 3764 1439 3806 eorum
1465 3767 1567 3806 non
1595 3752 1829 3818 veniunt,
1856 3752 1983 3822 quia
2012 3766 2213 3821 posses-

620 3846 700 3901 sio
729 3848 1045 3914 sempiterna
1077 3854 1172 3898 est.
1210 3844 1493 3912 Quorum?
1525 3844 1892 3914 apostolorum
1921 3844 2207 3906 videlicet,

623 3940 683 3994 hi
716 3954 837 3995 esse
868 3937 1073 3993 Levita:
1119 3938 1249 3993 dicti
1285 3946 1413 3992 sunt
1451 3954 1465 3992 :
1499 3937 1695 3993 horum
1729 3938 2065 4000 suburbana,
2096 3936 2212 3991 sive

624 4034 736 4103 agri
774 4048 886 4087 non
918 4031 1251 4095 venduntur,
1289 4029 1343 4085 id
1377 4038 1483 4093 est,
1516 4030 1985 4091 conversutiones,
2016 4027 2212 4089 et,vir-

625 4135 793 4188 tutes,
825 4132 880 4179 et
932 4123 1216 4177 doctrinas.
1250 4122 1378 4177 Haec
1424 4122 1573 4175 enim
1627 4136 1879 4191 agrorum
1914 4121 2034 4175 vice
2065 4118 2213 4174 cole-

623 4220 782 4283 bant,
813 4217 885 4271 ita
934 4224 990 4269 ut
1027 4214 1228 4268 Paulus
1269 4212 1337 4268 de
1382 4213 1464 4267 eis
1495 4212 1740 4267 diceret:
1776 4209 1905 4276 Quis
1950 4211 2212 4280 plantavit

625 4314 835 4368 vineam
867 4319 915 4364 et
948 4310 1011 4363 de
1041 4310 1216 4380 fructu
1246 4306 1360 4376 ejus
1395 4322 1499 4359 non
1529 4304 1714 4359 edet’?
1766 4304 1831 4359 Et
1864 4320 2089 4359 rursus:
2122 4303 2215 4357 Di-

626 4422 760 4477 gnus
788 4415 861 4457 est
884 4400 1160 4471 aperarius
1192 4402 1428 4453 mercede
1463 4413 1559 4450 sua
1583 4396 1649 4449 “.
1684 4395 1754 4449 Et
1783 4410 1975 4449 rursus
2002 4413 2016 4449 :
2056 4393 2213 4448 Nun-

627 4498 755 4568 quid
782 4498 846 4549 de
879 4496 1037 4548 bobus
1078 4508 1209 4546 cura
1264 4500 1336 4545 est
1375 4488 1485 4543 Deo
1510 4489 1577 4543 “.
1619 4485 1703 4542 An
1732 4487 1799 4542 de
1830 4487 1988 4541 nobis
2028 4487 2214 4556 utique

627 4590 800 4646 dicit?
829 4588 969 4654 Quia
1001 4587 1145 4641 debet
1176 4586 1231 4638 in
1254 4598 1345 4654 spe
1369 4584 1461 4655 qui
1497 4592 1619 4636 arat
1646 4597 1826 4645 arare,
1856 4591 1904 4635 et
1942 4586 2031 4652 qui
2058 4583 2212 4636 semi-

628 4693 743 4748 nat,
783 4683 838 4736 in
864 4697 955 4749 spe
981 4678 1181 4748 fructus
1209 4676 1532 4747 percipiendi
1551 4675 1615 4727 “.
1638 4673 1702 4728 Et
1734 4689 1923 4728 rursus
1956 4692 1969 4728 :
2002 4671 2093 4727 Sic
2122 4690 2213 4728 nos

627 4777 772 4830 vobis
804 4771 1071 4844 spiritalia
1108 4771 1506 4831 seminavimus,
1547 4782 1798 4839 magnum
1844 4777 1919 4820 est
1955 4767 2000 4820 si
2041 4776 2213 4820 vestra

630 4868 872 4921 carnalia
922 4874 1180 4919 metamus
1200 4862 1279 4915 "‘l
1332 4859 1425 4915 lla:
1463 4874 1593 4931 ergo
1641 4859 1905 4913 doetrina:
1950 4868 2215 4928 separatae

630 4969 791 5013 erant
819 4956 1133 5012 civitatibus
1162 4966 1375 5017 eorum,
1409 4952 1500 5022 qui
1549 4967 1644 5022 per
1685 4952 1835 5021 ipsos
1864 4951 2209 5015 constabant,

631 5058 692 5105 et
741 5065 837 5119 per
880 5049 1029 5118 ipsos
1079 5045 1431 5103 salvabantur
1466 5061 1479 5097 :
1516 5052 1573 5098 et
1599 5043 1762 5098 vendi
1793 5058 1905 5097 non
1936 5051 2210 5113 poterant,

632 5141 763 5213 quia
800 5141 866 5196 ad
902 5141 1052 5210 ipsos
1096 5139 1380 5194 dicebatur
1412 5153 1427 5190 :
1462 5135 1644 5190 Gratis
1686 5136 1957 5205 accepistis
1981 5175 1998 5201 ,
2047 5138 2214 5208 gratis

634 5237 756 5291 date
771 5235 813 5267 “
847 5234 1003 5289 Unde
1053 5241 1111 5289 et
1150 5231 1435 5287 Simonem
1485 5244 1668 5284 emere
1706 5228 1982 5284 volentem
2011 5229 2212 5284 donum

632 5330 880 5400 spiritus,
910 5328 1029 5396 ejus
1056 5325 1330 5396 portione,
1362 5322 1476 5376 sive
1503 5331 1649 5376 sorte
1678 5321 1934 5390 privavit.

707 5420 869 5476 Vens.
904 5419 1084 5475 55-36.
1131 5436 1150 5472 ‹
1183 5416 1241 5471 Si
1274 5422 1594 5470 attenuatus
1632 5411 1799 5468 fuerit
1845 5413 2017 5468 frater
2050 5423 2177 5469 tuus
2199 5452 2215 5480 ,

632 5522 693 5568 et
724 5513 973 5567 inﬁrmus
996 5527 1160 5565 manu
1187 5518 1244 5564 et
1268 5506 1575 5576 susceperis
1596 5521 1720 5561 eum
1746 5507 1904 5577 quasi
1930 5505 2217 5570 advenam,

634 5613 693 5659 et
721 5603 1093 5676 peregrinum,
1124 5610 1180 5656 et
1205 5597 1402 5655 vixerit
1435 5604 1637 5665 tecum,
1667 5612 1741 5653 ne
1762 5598 2000 5669 accipias
2026 5613 2221 5653 usuras

722 5796 859 5853 ‘Isa.
895 5814 936 5854 ι.
972 5800 1025 5852 9.
1108 5800 1130 5830 ⁸
1164 5796 1180 5848 Ι
1212 5796 1338 5848 Cor.
1367 5811 1441 5858 Ix,
1467 5794 1521 5848 7.

641 5866 697 5923 8.
775 5868 889 5902 ⁸⁸⁸⁸⁸
910 5868 1053 5925 Psal.
1087 5880 1311 5930 Lxxvtu,
1342 5868 1396 5918 8.

1632 5794 1674 5825 “
1702 5792 1721 5849 l
1746 5790 1889 5849 Tim.
1927 5811 1981 5858 v,
2016 5794 2101 5853 l8.

1477 5866 1517 5897 ⁸⁷
1551 5863 1743 5920 Matth.
1782 5882 1855 5931 ix,
1893 5866 1978 5922 il‘

2184 5796 2221 5828 "
2248 5796 2269 5849 ι
2300 5794 2428 5854 Cor.
2463 5814 2538 5866 ix,
2570 5798 2625 5855 9.

2296 627 2355 670 ut
2376 617 2561 669 vivere
2589 614 2762 685 possit
2796 614 2965 668 frater
2991 623 3117 667 tuus
3152 613 3307 682 apud
3346 612 3833 674 te.Pecuniamtuam

2297 724 2404 761 non
2433 707 2589 761 dabis
2627 708 2675 761 ei
2703 707 2769 760 ad
2814 722 3056 768 usuram,
3090 717 3144 760 et
3173 705 3402 775 frugum
3443 710 3835 777 superabundan-

2297 803 2427 856 tiam
2472 818 2583 855 non
2627 802 2831 871 exiges.
2865 800 2979 869 Ego
3029 801 3310 855 Dominus
3362 801 3509 855 Deus
3550 814 3731 866 vester,
3770 810 3836 874 qui

2296 893 2459 947 etltixi
2492 908 2589 948 vos
2625 894 2693 947 de
2722 903 2875 951 terra
2903 891 3114 962 .Egvpti
3135 935 3148 957 ,
3190 900 3258 945 ut
3286 892 3480 947 darem
3508 894 3653 949 vobis
3686 906 3836 952 terram

2296 987 2555 1042 Chanaan
2588 1002 2599 1038 :
2640 998 2695 1041 et
2722 1002 2897 1041 essem
2924 996 3107 1040 vester
3128 987 3305 1040 Deus.
3342 1005 3362 1039 s

2370 1102 2427 1154 In
2460 1102 2715 1172 praesenti
2749 1100 2863 1173 lege
2894 1102 3004 1157 duo
3033 1112 3164 1156 sunt
3190 1143 3206 1167 ,
3242 1118 3372 1172 qua:
3403 1102 3591 1155 mirari
3618 1101 3835 1171 legislatu-

2299 1207 2414 1247 rem
2443 1204 2680 1264 oportet,
2716 1195 2769 1249 id
2805 1205 2889 1250 est
2914 1236 2929 1259 ,
2964 1196 3238 1265 sapientia
3293 1203 3353 1249 et
3393 1196 3585 1265 pietas.
3620 1196 3834 1267 Sapienti:

2300 1287 2544 1356 quidem,
2570 1289 2696 1357 quia
2724 1304 2845 1358 qum
2875 1299 3005 1343 sunt
3029 1288 3318 1349 sublimia,
3343 1304 3444 1358 per
3473 1304 3535 1342 ea
3564 1306 3675 1358 qua:
3693 1292 3833 1345 viden-

2301 1388 2392 1433 tur
2424 1378 2674 1445 humilia,
2709 1380 2954 1450 exponit.
2991 1379 3171 1435 Pietas
3201 1390 3421 1444 autem,
3450 1396 3571 1449 qua:
3602 1392 3679 1435 est
3703 1381 3746 1434 in
3770 1399 3833 1435 cu-

2301 1470 2475 1525 stodia
2507 1470 2731 1535 litterae,
2768 1480 2825 1526 et
2860 1472 3353 1542 contemplationis
3391 1470 3660 1540 spiritalis.
3686 1472 3832 1527 Littera

2302 1560 2594 1629 siquidem,
2634 1561 2891 1631 pauperis
2927 1562 3095 1632 exigit
3124 1561 3591 1626 subventiouem,
3627 1569 3676 1616 et
3710 1579 3834 1632 neque

2304 1652 2481 1707 claudi
2514 1668 2640 1724 erga
2673 1667 2798 1707 eum
2827 1653 3036 1707 viscera
3074 1656 3290 1722 petenti
3341 1662 3621 1714 mutuum,
3652 1670 3739 1707 nec
3772 1672 3833 1707 ue-

2305 1746 2496 1816 gotiari
2524 1748 2591 1801 de
2620 1756 2942 1817 paupertate
2988 1748 3106 1817 ejus
3126 1787 3141 1811 ,
3179 1746 3725 1816 superabundantiam
3759 1749 3836 1802 exi-

2306 1839 2503 1910 gendo,
2536 1849 2592 1893 et
2618 1855 2839 1895 usuram
2872 1840 3252 1910 percipiendo,
3280 1849 3339 1893 et
3368 1839 3573 1893 lucrum
3598 1839 3659 1893 de
3685 1850 3832 1909 pietate

2307 1931 2599 2000 captando.
2640 1930 2877 2001 Spiritus
2926 1943 3109 1986 autem
3157 1933 3465 2003 anagogice
3523 1930 3833 1997 demonstrat,

2306 2023 2582 2092 quomodo
2616 2032 2868 2093 oporteat
2915 2022 2990 2077 uti
3040 2023 3141 2081 eis.
3169 2025 3267 2093 qui
3304 2025 3394 2077 illa
3422 2035 3714 2093 paupertate
3738 2042 3830 2093 puu-

2306 2131 2468 2186 peres
2512 2116 2639 2171 lacti
2671 2126 2821 2180 sunt,
2856 2118 2924 2171 de
2950 2133 3055 2186 qua
3095 2116 3271 2171 David
3305 2116 3575 2170 clamabat
3607 2135 3618 2169 :
3651 2117 3743 2172 Cito
3772 2136 3832 2169 an.

2307 2207 2488 2274 ticipes
2510 2222 2602 2260 nos
2622 2208 2985 2261 misericordia
3009 2217 3121 2268 tua.
3136 2210 3268 2276 quia
3291 2224 3551 2275 pauperes
3564 2210 3681 2278 facti
3698 2226 3828 2262 sumus

2307 2300 2464 2354 nimis
2485 2298 2718 2355 “’“‘.Sic
2733 2317 2862 2373 ergo
2879 2302 3181 2357 secundum
3206 2301 3461 2358 ordinem
3482 2303 3582 2365 his,
3604 2317 3707 2371 quae
3728 2304 3825 2356 dicta

2305 2403 2457 2458 sunt,
2482 2393 2837 2451 intendimus.

2378 2507 2439 2565 Si
2470 2518 2774 2564 attenuatus
2797 2511 2955 2581 fuerit
2977 2513 3145 2581 frater
3181 2522 3343 2575 tuus,
3367 2520 3414 2564 et
3448 2511 3670 2579 infirmus
3693 2526 3821 2567 manu,

2308 2609 2358 2657 et
2390 2602 2681 2669 susceperis
2728 2618 2846 2657 eum
2880 2606 3030 2672 quasi
3071 2602 3339 2656 advenam
3372 2614 3423 2655 et
3450 2603 3818 2670 peregrinatum!

2308 2696 2495 2751 uixerit
2522 2705 2711 2750 tecum.
2741 2695 2983 2751 Fratrem
3032 2694 3473 2764 uniuscujusque
3506 2694 3589 2748 hic
3624 2693 3820 2761 aqualem

2310 2788 2593 2860 dignitate,
2613 2796 2668 2843 et
2692 2787 3115 2844 conversatione
3138 2788 3299 2843 dicit.
3319 2787 3421 2841 llic
3440 2787 3483 2841 si
3505 2786 3556 2839 in
3568 2785 3817 2855 operatione

2311 2883 2574 2938 virtutum
2609 2882 2916 2939 inﬁrmatus
2944 2883 3113 2939 fuerit
3143 2904 3158 2938 :
3196 2884 3307 2938 hoc
3338 2891 3423 2939 est
3462 2883 3599 2936 enim
3625 2880 3817 2935 infirmari

2312 2993 2501 3043 tnanu,
2540 2987 2763 3047 propter
2805 2978 2951 3047 quod
2994 2978 3188 3047 Aquila
3225 2997 3239 3031 :
3280 2974 3341 3031 Si
3389 2976 3639 3041 exciderit,
3678 2974 3813 3042 inquit,

2314 3072 2480 3142 frater
2508 3080 2651 3138 tuus,
2675 3082 2721 3126 et
2743 3071 3035 3141 culpaverit
3065 3088 3259 3126 manus
3283 3071 3398 3140 ejus
3423 3081 3598 3125 tecum.
3628 3068 3815 3122 auxiliari

2312 3162 2383 3226 ei,
2414 3162 2718 3218 secundum
2748 3162 3103 3234 Septuaginta
3133 3161 3502 3232 lnterpretum
3526 3175 3728 3217 sensum,
3750 3171 3813 3208 nos

2234 3236 2277 3294 (ἶ
2312 3261 2569 3321 tanquam
2627 3252 2921 3323 proselyto,
2976 3260 3032 3306 et
3082 3250 3361 3321 iuquilino
3404 3248 3535 3303 vult.
3584 3245 3813 3311 Proselytus

2307 3348 2493 3394 autem
2536 3349 2749 3402 noster,
2777 3342 2895 3395 sive
2941 3339 3152 3394 advena
3189 3348 3283 3393 est
3319 3337 3412 3408 qui
3457 3350 3592 3390 nunc
3614 3332 3668 3386 sd
3701 3330 3810 3384 ﬁnem

2309 3430 2484 3485 venit.
2528 3430 2842 3500 luquilinus
2885 3438 3069 3484 autem
3116 3438 3337 3493 noster,
3368 3426 3460 3497 qui
3503 3423 3701 3479 necdum
3728 3435 3810 3488 pur

2310 3523 2484 3593 priam
2516 3524 2739 3578 domum
2789 3523 2986 3589 habet,
3042 3522 3135 3577 sed
3179 3532 3378 3578 nostra
3416 3515 3810 3573 admonitionem!

2312 3614 2558 3685 diligenti
2603 3614 2965 3669 instructione
3005 3624 3162 3684 eget,
3194 3621 3261 3666 ut
3319 3611 3697 3680 protegatur,et
3734 3610 3807 3650 nun

2310 3707 2773 3776 quemadmodum
2816 3706 2936 3760 sine
2968 3709 3130 3760 domo
3181 3705 3298 3759 huc
3344 3710 3403 3757 et
3448 3700 3569 3754 illuc
3600 3701 3716 3750 erret.
3739 3688 3801 3739 Sic

2311 3812 2443 3868 ergo
2470 3796 2800 3851 auxiliamur
2830 3796 3048 3851 inﬁrmo
3079 3794 3236 3851 fratri
3273 3813 3287 3848 ι
3322 3803 3383 3849 ut
3422 3791 3560 3845 vivat
3584 3783 3786 3841 nobiscum.

2313 3897 2367 3943 et
2394 3887 2711 3942 nullatenus
2735 3886 3020 3949 moriatur,
3054 3901 3085 3940 a
3114 3883 3538 3940 conversatione
3564 3876 3635 3931 Dei
3652 3872 3790 3926 alienus

2314 3982 2575 4045 eil‘ectus,
2606 3982 2798 4036 vivens
2828 3981 3138 4043 nobiscum,
3190 3978 3247 4033 id
3285 3986 3391 4037 est.
3426 3989 3518 4045 per
3551 3986 3645 4033 nos.
3674 3970 3797 4059 elue

2315 4084 2559 4129 nostram
2606 4073 2935 4139 doctrinam,
2971 4071 3444 4141 quemadmodum
3470 4058 3721 4138 quibusdam
3744 4066 3801 4102 Cl-

2314 4168 2399 4224 bis
2426 4167 2586 4223 bonis
2611 4165 2975 4222 confortatus.
2999 4164 3232 4237 Oportet
3263 4175 3447 4220 autem
3474 4161 3535 4222 ei,
3560 4156 3669 4211 sicut
3690 4144 3805 4247 inﬁt-

2316 4276 2429 4325 mo,
2472 4259 2921 4329 condescendere
2947 4269 3005 4315 et
3032 4260 3278 4323 mederi,
3313 4274 3435 4328 quae
3463 4247 3705 4309 secundum
3728 4251 3806 4290 vn-

2317 4360 2491 4408 tntem
2526 4352 2650 4423 ejus
2678 4360 2827 4421 sunt,
2854 4362 3144 4425 propterea
3182 4351 3431 4409 subdidit
3462 4366 3474 4402 :

2389 4464 2475 4520 Ne
2505 4466 2738 4535 accipias
2760 4482 2951 4520 usuras
2976 4465 3042 4519 ab
3073 4481 3153 4529 eo,
3186 4480 3280 4520 nec
3304 4461 3523 4532 amplius
3541 4465 3671 4526 quam
3703 4442 3807 4495 dedi-

2246 4580 2287 4633 ι)
2317 4558 2408 4612 sti.
2447 4555 2527 4612 Ne
2557 4557 2699 4612 forte
2720 4572 2846 4612 cum
2880 4555 3132 4612 inﬁrmus
3167 4556 3347 4612 lactus
3374 4554 3461 4619 sit,
3479 4559 3571 4605 eta
3594 4537 3725 4615 priori
3747 4550 3805 4587 τε·

2316 4650 2441 4722 gula
2475 4650 2798 4705 imminutus
2821 4690 2837 4715 ,
2870 4649 3245 4705 abundantius
3276 4650 3345 4704 ab
3371 4662 3436 4703 eo
3463 4643 3685 4699 virtutum
3717 4642 3808 4699 ope-

2314 4746 2584 4799 rationem
2616 4744 2921 4814 exigamus,
2957 4743 3055 4798 sed
3082 4757 3437 4813 provocemus
3462 4749 3593 4794 eum,
3618 4736 3804 4784 insnum.

2316 4850 2424 4906 que
2456 4835 2575 4904 ejus
2601 4844 2663 4889 ut
2687 4834 2886 4888 inﬁrmi
2910 4843 3306 4895 sustentemus,
3334 4838 3584 4900 caputque
3605 4831 3705 4875 eum
3724 4820 3805 4863 un-

2321 4928 2602 4984 tummodo
2632 4928 2788 4999 legis,
2820 4937 2877 4982 et
2913 4927 3225 4983 divinorum
3262 4923 3631 4981 mandatorum,
3663 4908 3703 4962 id
3730 4908 3800 4999 est

2320 5033 2380 5077 ut
2410 5039 2516 5078 non
2545 4994 2737 5095 peccet
2762 4994 3062 5097 exigentes.
3099 5024 3241 5095 Ergo
3267 5020 3425 5077 nimis
3453 5003 3713 5068 necessarie
3736 4994 3801 5050 δέ’

2318 5114 2457 5170 didit
2484 5132 2498 5168 :

2396 5228 2545 5282 Time
2592 5226 2760 5281 Deum
2805 5238 2975 5281 tuum.
3022 5227 3133 5299 Ego
3182 5227 3432 5283 Dominus
3475 5218 3598 5272 Deus
3630 5213 3797 5299 vester;

2326 5321 2481 5390 cujus
2509 5320 2699 5390 jtlgttm
2727 5334 2892 5375 suave
2922 5328 3024 5384 est,
3051 5320 3142 5391 qui
3176 5320 3439 5376 hominem
3482 5304 3633 5365 modis
3673 5306 3796 5352 οῐηιιι·

2319 5418 2423 5471 bus
2461 5433 2569 5469 non
2604 5430 2833 5486 peccare
2875 5419 3063 5490 exigit,
3093 5419 3320 5472 virtutes
3366 5421 3530 5468 autem
3566 5395 3713 5490 exigit:

2319 5508 2560 5561 cundum
2593 5482 3029 5579 possibilitatem.
3054 5482 3284 5583 vProplcr
3314 5504 3446 5578 quod
3479 5500 3537 5555 de
3564 5482 3792 5583 virginitate

2321 5597 2594 5653 sanciens.
2626 5598 2745 5654 Non
2796 5617 2973 5656 omnes
3020 5566 3232 5673 capiurnt
3254 5603 3316 5668 ",
3346 5594 3522 5666 inquit.
3551 5582 3638 5640 Sed
3677 5583 3719 5628 ει
3748 5566 3793 5621 δε

2707 5801 2751 5833 η
2781 5800 2915 5861 ibid.
2950 5802 3039 5859 to.
3137 5802 3180 5836 ιι
3206 5800 3329 5859 ibid.
3364 5796 3441 5851 ll.
3514 5789 3547 5819 ιι
3577 5772 3725 5837 ιιπιιιι.
3750 5778 3785 5823 x.
