4032 6436
254 437 398 505 1129

1375 448 1457 509 ΙΝ
1497 447 1933 510 LEVITICUM.
1964 473 2031 483 -
2069 448 2217 509 LIB.
2252 450 2384 511 VII.

3396 450 3529 514 1130

254 578 370 616 non
425 561 755 632 possidendo
789 564 1036 619 docens:
1069 540 1130 619 Si
1174 566 1284 629 vis,
1334 565 1541 635 inquit,
1590 568 1848 637 perfectus
1878 575 1919 627 Α
1952 566 2325 637 Septuaginta,
2350 568 2535 623 cibos:
2572 569 2628 622 in
2674 569 2969 639 Scripturis
3004 570 3206 624 sanctis
3257 570 3527 626 intellecta

251 655 446 709 esse".
476 653 535 708 In
570 655 825 709 mandato
847 654 987 709 dixit
1018 673 1032 710 :

333 744 426 800 Sic
453 762 576 817 ergo
609 747 779 817 frater
804 755 924 799 tuus
948 747 1089 801 vivat
1112 763 1252 815 apua
1281 757 1349 801 te.
1377 748 1666 804 Pecuniam
1696 759 1845 803 tuam

254 856 365 893 non
390 838 537 893 dabis
563 839 611 892 ei
628 839 699 892 ad
724 855 966 900 usuram,
989 850 1038 894 et
1061 842 1271 910 frugum
1297 842 1843 910 superabundantiam

254 945 366 982 non
398 928 591 999 exiges.
628 927 735 986 Sed
769 928 999 985 Paulum
1040 930 1256 987 imitare
1292 933 1607 989 dicentem:
1642 933 1845 990 Factus

253 1038 377 1076 sum
404 1022 645 1091 inﬁrmus
671 1021 901 1091 infirmis
921 1024 984 1077 η.
1014 1022 1161 1079 Nihil
1195 1040 1289 1080 eos
1327 1026 1394 1081 ad
1426 1027 1646 1083 virtutis
1676 1027 1843 1083 ratio-

256 1130 387 1170 nem
416 1114 619 1185 exigas,
651 1112 774 1184 plus
807 1131 838 1169 a
871 1116 1089 1186 propria
1118 1117 1339 1173 virtute.
1372 1116 1428 1172 Si
1460 1128 1641 1174 autem
1669 1120 1840 1185 dicas,

258 1206 488 1261 forsitan
510 1221 607 1262 eos
630 1223 811 1277 posse,
843 1209 940 1263 sed
963 1210 1210 1265 inﬁrmos
1240 1226 1301 1265 se
1338 1211 1562 1282 ﬁngere,
1606 1213 1709 1267 hoc
1730 1214 1841 1281 jam

254 1314 373 1353 non
408 1307 493 1354 est
530 1308 706 1364 tuum,
741 1301 838 1355 sed
869 1300 1013 1356 illius
1032 1311 1135 1368 est,
1160 1304 1252 1373 qui
1277 1304 1380 1358 scit
1402 1304 1535 1375 quid
1555 1320 1684 1359 vere
1718 1320 1845 1375 pos-

256 1391 451 1445 simus.
479 1389 581 1456 Qui
616 1390 753 1446 dixit
777 1393 844 1447 ad
870 1393 1041 1459 illum,
1083 1395 1176 1465 qui
1206 1396 1468 1451 talentum
1504 1397 1793 1453 abscondit
1827 1416 1840 1452 :

261 1482 549 1551 Oportebat
590 1492 640 1537 te
675 1484 805 1538 dare
837 1487 1113 1555 pecuniam
1155 1505 1328 1542 meam
1361 1489 1732 1543 nummulariis
1752 1530 1765 1553 ,
1795 1499 1843 1543 et

254 1591 354 1645 ego
391 1577 618 1640 veniens,
651 1592 770 1630 cum
802 1579 976 1633 usuris
1005 1581 1183 1649 utique
1223 1584 1504 1651 exegissem
1539 1600 1654 1636 eam
1670 1583 1736 1636 ὀ.
1779 1584 1845 1637 Ει

256 1683 370 1721 non
396 1676 482 1722 est
509 1669 931 1737 condemnatus,
956 1674 1081 1742 quia
1115 1690 1335 1729 usuram
1362 1692 1470 1731 non
1494 1677 1725 1747 accepit,
1749 1677 1844 1732 scd

255 1760 385 1827 quia
418 1760 705 1829 pecuniam
741 1777 852 1815 non
882 1764 1035 1818 dedit
1067 1783 1080 1817 :
1117 1765 1441 1836 sibimetipsi
1483 1768 1628 1821 enim
1662 1780 1844 1838 pater-

258 1851 494 1906 familias
544 1853 883 1908 exactionem
928 1856 1232 1911 reservavit
1276 1872 1476 1913 usurae.
1506 1860 1843 1915 Alterutrum

256 1950 445 1997 autem
472 1959 573 1999 nos
601 1954 661 1999 ut
678 1961 969 2003 caveamus
992 1959 1296 2018 peccatum,
1318 1951 1530 2006 solvere
1551 1961 1609 2006 et
1627 1953 1845 2021 exigere

258 2036 398 2096 vult,
427 2036 607 2090 locum
639 2038 799 2094 nobis
832 2040 1054 2096 alternae
1084 2043 1489 2111 coniunctionis
1522 2061 1632 2100 non
1665 2047 1846 2101 detra-

258 2125 543 2193 hentibus,
578 2145 688 2185 non
740 2131 1100 2201 rapientibus,
1137 2151 1248 2190 non
1298 2138 1702 2205 occidentibus,
1733 2155 1846 2195 non

260 2220 368 2275 tale
401 2221 605 2291 aliquid
637 2225 992 2293 peccantibus
1016 2269 1030 2293 ,
1076 2244 1175 2299 per
1207 2229 1428 2286 Paulum
1456 2233 1739 2303 praebens,
1772 2234 1849 2288 ait

260 2328 391 2383 ergo
417 2331 431 2366 :
461 2311 519 2368 Si
547 2316 663 2384 quis
695 2317 865 2387 frater
895 2321 1198 2387 appellatur
1224 2324 1534 2393 fornicator,
1570 2336 1666 2379 aut
1692 2327 1847 2381 idolis

264 2407 508 2469 serviens,
533 2417 625 2459 aut
655 2424 870 2475 avarus,
900 2422 992 2464 aut
1030 2413 1316 2477 detractor,
1341 2425 1434 2469 aut
1466 2416 1719 2484 ebriosus,
1754 2428 1847 2472 aut

270 2514 464 2566 rapax,
496 2514 606 2551 cum
637 2499 941 2569 hujusmodi
971 2520 1062 2557 nec
1089 2505 1259 2559 cibum
1292 2511 1577 2563 sumere".
1618 2510 1735 2564 Non
1767 2512 1850 2567 di-

276 2591 357 2644 xit
388 2609 402 2643 :
433 2588 486 2643 Si
523 2590 642 2660 quis
668 2607 779 2647 non
814 2595 1123 2651 vendiderit
1150 2600 1511 2655 substantiam
1548 2618 1723 2664 suam,
1752 2620 1849 2659 ne-

267 2698 394 2750 que,
420 2683 472 2736 Si
504 2699 613 2737 non
646 2687 1010 2758 virginitatem
1043 2691 1317 2760 pollicitus
1342 2693 1524 2758 fuerit,
1553 2711 1731 2765 neque
1753 2713 1847 2751 su-

262 2774 444 2829 blimis
473 2779 911 2835 conversationis
941 2782 1123 2838 fuerit.
1160 2783 1285 2839 Haec
1315 2796 1497 2841 autem
1530 2789 1697 2843 nimis
1725 2804 1847 2858 per-

259 2863 527 2920 fectorum
556 2880 877 2925 cunctorum
906 2874 1199 2930 humiliora
1240 2880 1493 2933 mandata
1525 2891 1673 2935 sunt.
1712 2880 1847 2936 Vide

258 2971 392 3027 ergo
422 2974 583 3028 quam
610 2963 1016 3019 conclusionem
1044 2969 1299 3023 mandato
1329 2971 1539 3026 addidit
1563 2991 1575 3026 :

338 3046 451 3118 Ego
485 3050 737 3105 Dominus
768 3051 910 3107 Deus
935 3065 1117 3121 vester,
1151 3060 1239 3128 qui
1270 3061 1425 3114 eduxi
1471 3080 1559 3116 vos
1598 3065 1661 3119 de
1706 3075 1847 3122 terra

258 3138 501 3210 Egypti,
537 3152 594 3195 ut
634 3144 816 3199 darent
861 3148 1003 3201 vobis
1032 3157 1230 3201 terram
1271 3148 1553 3218 Chanaan,
1582 3165 1638 3209 ut
1688 3174 1849 3213 essent

258 3244 433 3287 vester
456 3235 610 3289 Deus.
638 3235 700 3291 Et
730 3238 860 3307 quid
888 3240 942 3293 in
976 3244 1229 3309 praesenti
1257 3244 1376 3300 loco
1393 3246 1496 3302 hoc
1515 3264 1848 3307 commemo-

264 3341 388 3379 rare
439 3327 709 3399 legislator
755 3332 940 3402 eguit?
968 3332 1075 3388 Sed
1106 3336 1280 3391 modis
1307 3340 1561 3396 omnibus
1590 3342 1718 3398 illud
1751 3346 1848 3401 tle-

263 3428 570 3473 monstrare
597 3421 805 3485 volens,
824 3424 973 3493 quia,
1001 3429 1459 3497 quemadmodum
1493 3436 1750 3503 populum
1779 3437 1847 3493 de

266 3514 413 3560 terra
439 3508 674 3580 Ajgypti,
706 3520 758 3564 et
794 3512 862 3567 de
891 3516 1093 3583 populo
1127 3519 1428 3585 peccatoris
1457 3521 1676 3584 eduxit,
1703 3533 1756 3576 et
1791 3523 1846 3577 in

263 3608 414 3654 terra
441 3601 700 3656 Chanaan
729 3604 953 3661 alterius
982 3609 1188 3677 populi,
1224 3626 1414 3666 rursus
1436 3615 1738 3682 peccatoris
1765 3616 1848 3669 in-

263 3692 533 3757 troduxit,
575 3694 671 3749 scd
704 3695 850 3751 illinc
879 3698 1099 3767 quidem
1128 3716 1225 3756 eos
1250 3703 1471 3770 eduxit,
1507 3715 1567 3761 ut
1595 3722 1706 3761 non
1747 3708 1848 3763 sub

261 3781 663 3854 ngyptiorum,
693 3787 739 3841 si
787 3788 968 3844 adhuc
1014 3800 1215 3848 terram
1267 3794 1596 3864 habitarent,
1626 3799 1849 3856 domino

264 3879 689 3941 tenerentur,in
737 3888 935 3936 terram
980 3894 1165 3940 autem
1196 3886 1631 3945 Chananzeorum
1673 3892 1847 3947 intro-

264 3966 442 4032 duxit,
475 3968 603 4037 quia
638 3971 881 4040 expulsis
910 3977 1183 4045 gentibus,
1211 3994 1321 4033 non
1350 3991 1505 4035 erant
1527 3982 1639 4052 jam
1673 3984 1726 4039 in
1751 4001 1847 4041 eo-

267 4076 383 4113 rum
416 4062 643 4117 servitio
679 4066 983 4137 redigendi,
1013 4071 1106 4124 sed
1155 4085 1210 4125 et
1248 4079 1390 4128 terra
1435 4077 1727 4132 emundata
1757 4093 1847 4131 ca-

264 4151 422 4205 rebat
450 4153 607 4207 malis
634 4154 1066 4211 habitatoribus:
1100 4160 1177 4215 sic
1221 4176 1324 4216 nos
1364 4163 1509 4220 Deus
1538 4168 1640 4222 sub
1672 4168 1848 4222 domi-

264 4247 489 4300 natione
521 4246 742 4315 quidem
778 4248 947 4319 redigi
982 4262 1327 4319 peccatorum
1359 4271 1469 4311 non
1505 4259 1727 4328 patitur,
1754 4261 1849 4316 sed

266 4347 443 4401 neque
487 4349 677 4389 eormn
713 4337 1051 4403 societatem,
1089 4345 1390 4412 usquedum
1422 4357 1548 4402 sunt
1599 4360 1849 4418 peccato-

268 4439 380 4487 res,
408 4426 661 4495 amplecti
682 4445 696 4495 ;
719 4430 939 4497 quando
966 4441 1150 4487 autem
1176 4450 1363 4491 eorum
1388 4448 1529 4493 terra
1556 4443 1848 4497 emundata

265 4516 450 4579 fuerit.
480 4520 725 4589 praecipit
756 4536 881 4576 cum
913 4524 994 4577 eis
1022 4540 1163 4592 esse,
1196 4538 1251 4583 et
1292 4530 1455 4585 simul
1496 4533 1761 4601 habitare,
1795 4544 1851 4589 et

262 4607 397 4662 dare
432 4610 513 4663 eis
540 4624 781 4666 nostram
820 4616 1133 4684 pecuniam,
1163 4629 1219 4673 et
1262 4632 1481 4677 nostros
1528 4624 1762 4687 fructus,
1797 4627 1847 4681 id

1948 670 2076 715 sunt
2099 669 2355 730 pecunia,
2389 671 2576 733 utpote
2605 679 2727 733 qua:
2756 663 2955 719 divites
2979 662 3128 727 facit,
3161 663 3369 719 fructus
3400 681 3529 719 vero

1948 754 2033 807 vel
2080 754 2258 816 cibus,
2293 764 2352 808 ut
2397 755 2664 810 nutriens.
2706 753 2909 810 llorum
2957 756 3343 813 abundantiam
3386 758 3530 811 Deus

1947 846 2089 917 exigi
2135 862 2245 901 non
2271 846 2448 915 jubet,
2485 847 2582 902 sed
2629 848 2741 902 sola
2788 864 2907 916 qua:
2936 848 3238 904 secundum
3271 849 3526 904 virtutem

1948 948 2097 1002 sunt,
2134 948 2193 993 ut
2236 940 2307 995 sit
2352 949 2539 995 noster
2580 939 2740 995 Deus.
2772 941 2910 1007 Quia
2953 951 3010 997 et
3041 943 3157 1012 ipse
3200 942 3530 1013 poenitentes

1946 1039 2262 1100 peccatores
2302 1032 2370 1087 ad
2415 1047 2474 1087 se
2524 1033 2751 1103 suscipit
2776 1043 2832 1089 et
2864 1034 3203 1090 moderatum
3225 1035 3413 1105 jngum
3449 1035 3530 1089 eis

1948 1123 2201 1192 hnponh.

2019 1213 2182 1270 Vsus.
2220 1216 2399 1271 59-45.
2446 1235 2464 1268 ι
2494 1215 2549 1269 Si
2581 1217 2908 1273 necessitate
2932 1220 3246 1287 compulsus
3272 1218 3533 1275 vendide-

1948 1307 2020 1361 rit
2044 1324 2103 1363 se
2134 1307 2230 1363 tibi
2268 1307 2437 1362 frater
2464 1314 2590 1362 tuus
2613 1347 2627 1369 ,
2668 1324 2780 1363 non
2809 1324 2933 1363 eum
2963 1311 3240 1379 opprimes
3266 1310 3532 1368 servitute

1946 1399 2295 1465 famulorum,
2324 1400 2417 1455 sed
2460 1400 2612 1470 quasi
2646 1400 3017 1456 mercenarius
3054 1412 3111 1456 et
3147 1403 3375 1457 colonus
3404 1402 3528 1457 erit.

1949 1488 2133 1558 Usque
2164 1489 2231 1544 ad
2282 1506 2487 1544 annum
2534 1489 2817 1558 jubilzeum
2850 1492 3168 1561 operabitur
3195 1494 3336 1563 apud
3371 1503 3441 1555 te.
3476 1506 3531 1548 et

1946 1592 2133 1651 postea
2168 1582 2481 1653 egredietur
2511 1599 2634 1638 cum
2665 1584 2855 1638 liberis
2888 1585 3022 1645 suis,
3052 1595 3107 1639 et
3136 1597 3439 1642 revertetur
3463 1588 3531 1642 ad

1945 1675 2322 1746 cognationem
2348 1691 2523 1737 suam,
2564 1688 2617 1730 et
2635 1676 2701 1730 ad
2737 1679 3136 1746 possessionem
3166 1689 3378 1750 patrum
3403 1696 3533 1735 suo-

1946 1783 2063 1821 rum
2096 1786 2109 1821 :
2142 1769 2246 1822 mei
2272 1768 2416 1822 enim
2442 1772 2583 1823 servi
2614 1776 2761 1831 sunt,
2787 1778 2842 1823 et
2868 1785 2968 1840 ego
2995 1771 3158 1825 eduxi
3182 1787 3276 1826 eos
3294 1772 3360 1827 de
3386 1781 3531 1827 terra

1946 1857 2185 1930 Egypti,
2217 1875 2325 1914 non
2358 1860 2583 1916 venient
2611 1860 2926 1916 conditione
2960 1878 3264 1917 servorum.
3287 1863 3366 1917 Ne
3393 1863 3530 1917 aﬂli-
3558 1864 3559 1867 “

1878 1974 1918 2028 Β
1947 1968 2038 2024 gas
2066 1968 2188 2007 eum
2219 1968 2318 2023 per
2340 1954 2661 2024 potentiam,
2686 1955 2778 2009 sed
2812 1955 3039 2009 metuito
3061 1954 3233 2010 Deum
3265 1966 3438 2011 tuum.
3472 1977 3488 2007 ι

2018 2044 2183 2099 Multa
2234 2045 2415 2100 littera
2465 2046 2581 2117 ipsa
2629 2048 2832 2116 pietate
2878 2049 3035 2117 plena
3082 2057 3186 2113 est,
3216 2049 3309 2103 sed
3361 2049 3532 2102 multo

1949 2138 2121 2208 magis
2147 2138 2407 2208 spiritalis
2452 2138 2781 2195 intellectus.
2813 2140 3090 2207 Quantum
3123 2142 3272 2196 enim
3311 2141 3533 2197 libertas

1948 2229 2145 2285 animae
2175 2230 2370 2285 melior
2405 2240 2489 2285 est
2520 2247 2551 2286 a
2582 2232 2835 2287 libertate
2864 2233 3141 2303 corporis,
3169 2240 3381 2289 tantum
3423 2236 3534 2305 spi-

1948 2321 2121 2377 ritalis
2164 2324 2552 2394 contemplatio
2596 2324 2717 2388 his,
2754 2325 2847 2394 qui
2894 2326 3014 2395 ejus
3047 2337 3279 2396 possunt
3322 2327 3533 2384 fructus

1951 2415 2251 2485 percipere,
2284 2416 2512 2472 clariora
2549 2417 2716 2473 donat
2757 2434 2919 2488 quam
2959 2419 3159 2475 littera.
3188 2420 3323 2487 Quia
3353 2422 3530 2477 littera

1950 2522 2078 2578 ergo
2124 2508 2431 2564 nullatenus
2473 2525 2573 2565 nos
2621 2510 2740 2570 his,
2772 2527 2892 2580 qua:
2939 2512 3199 2567 fratribus
3244 2515 3527 2575 eveniunt,

1949 2598 2099 2653 abuti
2130 2599 2264 2663 vult,
2293 2600 2344 2655 id
2374 2610 2475 2665 est,
2496 2601 2877 2668 conlidelibus,
2898 2605 2991 2659 sed
3022 2605 3104 2659 vel
3131 2605 3174 2660 si
3196 2607 3318 2676 quis
3340 2622 3530 2661 eorum

1950 2693 2107 2747 nobis
2146 2695 2396 2749 venditus
2438 2695 2622 2757 fuerit,
2657 2712 2687 2750 a
2717 2697 2957 2766 qualibet
2991 2698 3307 2755 humiliatus
3335 2716 3530 2757 neces-

1950 2784 2127 2848 sitate,
2166 2785 2476 2840 nullatenus
2519 2788 2589 2842 ab
2632 2804 2698 2843 eo
2745 2789 3027 2844 servitium
3060 2792 3201 2847 servi
3231 2793 3529 2865 exigamus.

1949 2875 2121 2940 Quem
2145 2877 2292 2931 enim
2323 2879 2495 2934 semel
2536 2879 2758 2936 fratrem
2802 2898 2898 2953 per
2941 2885 3289 2954 adoptionem
3327 2886 3529 2941 Christi

1952 2968 2263 3034 habuimus,
2285 2973 2558 3041 quomodo
2592 2973 2855 3044 deinceps
2903 2992 3120 3031 servum
3168 2978 3532 3035 habebimus?

1951 3063 2106 3119 Unde
2122 3074 2177 3120 et
2198 3065 2419 3130 Paulus,
2441 3068 2685 3123 scribens
2704 3069 2770 3124 de
2794 3068 3053 3127 Onesimo
3074 3073 3139 3127 ad
3158 3073 3529 3129 Philemonem

1951 3157 2197 3213 dicebat:
2225 3159 2511 3228 Propterea
2539 3164 2747 3217 recessit
2776 3166 2844 3218 ad
2863 3166 3071 3231 horam,
3090 3177 3146 3219 ut
3173 3178 3422 3223 aeternum
3445 3187 3530 3223 re-

1952 3252 2166 3319 ciperes,
2201 3270 2302 3307 non
2327 3271 2445 3324 1am
2487 3264 2542 3308 ut
2584 3273 2811 3324 servum,
2842 3266 2933 3313 sed
2978 3277 3073 3329 pro
3119 3277 3267 3316 servo
3310 3264 3529 3334 fratrem

1875 3344 1919 3402 C
1952 3341 2337 3406 charissimum,
2368 3348 2599 3401 maxime
2627 3351 2989 3419 mihi,quanto
3020 3354 3188 3420 magis
3216 3363 3391 3408 autem
3415 3357 3528 3418 tibi,

1950 3442 1998 3486 et
2031 3435 2086 3487 in
2115 3451 2293 3499 carne,
2324 3447 2372 3491 et
2402 3440 2457 3492 in
2501 3439 2721 3493 Domino
2738 3442 2823 3494 “?
2858 3443 2924 3497 Et
2953 3460 3141 3499 rursus
3177 3464 3190 3499 :
3225 3445 3327 3511 Qui
3355 3459 3530 3503 autem

1947 3526 2122 3595 ﬁdeles
2161 3529 2351 3583 habent
2382 3532 2616 3587 dominos
2637 3575 2650 3597 ,
2682 3552 2785 3588 non
2818 3537 3127 3606 despiciant,
3166 3540 3293 3610 quia
3340 3542 3532 3612 fratres

1947 3622 2150 3674 sunt".
2198 3620 2424 3693 Insuper
2478 3637 2659 3681 autem
2699 3637 2755 3682 et
2793 3629 3017 3699 spiritus
3061 3633 3320 3703 pra’ccpit
3368 3634 3531 3689 etiam

1949 3714 2116 3779 aliud,
2142 3718 2358 3785 quando
2393 3718 2626 3789 aliquem
2671 3721 2921 3785 fratrum,
2965 3734 3019 3779 et
3057 3728 3322 3796 aqualem
3369 3730 3531 3783 nobis

1949 3808 2235 3864 vocatione
2278 3820 2335 3864 et
2376 3815 2791 3869 conversatione
2841 3818 3144 3882 venditum,
3185 3820 3528 3876 humiliatum

1951 3908 2132 3956 tamen
2161 3903 2217 3956 in
2241 3904 2552 3972 virtutibus,
2579 3908 2629 3962 id
2664 3918 2766 3971 est,
2794 3909 3126 3967 inlirmatum
3153 3914 3522 3983 deprehende-

1951 3993 2143 4060 rimus,
2174 4005 2230 4050 et
2264 3996 2411 4052 hunc
2434 4003 2886 4070 converterimus,
2921 4006 3305 4075 corripientes,
3341 4008 3535 4062 exhor—

1952 4095 2149 4152 tantes,
2172 4088 2485 4146 nullatenus
2505 4107 2571 4146 eo
2606 4094 2778 4158 abuti,
2808 4096 2903 4151 sed
2926 4107 2985 4151 ut
3009 4099 3249 4153 modeste
3278 4110 3332 4154 et
3357 4101 3529 4155 humi-

1952 4177 2075 4231 liter
2103 4193 2227 4232 eum
2252 4181 2595 4249 accedamus,
2626 4195 2847 4257 pr0pter
2884 4189 3029 4257 quod
3079 4190 3135 4243 in
3175 4191 3357 4246 verbis
3396 4192 3531 4264 ipsis

1953 4266 2197 4323 intende.

2020 4360 2185 4417 Vens.
2218 4362 2305 4427 39,
2332 4364 2421 4420 40.
2469 4385 2487 4418 ι
2518 4364 2575 4421 Si
2599 4380 2917 4439 paupertate
2940 4376 3251 4444 compulsus
3274 4380 3532 4435 vendide-

1950 4452 2020 4506 rit
2046 4469 2105 4508 se
2134 4456 2229 4510 tibi
2274 4456 2441 4512 frater
2464 4468 2613 4523 tuus,
2643 4477 2755 4517 non
2796 4479 2923 4518 eum
2965 4468 3239 4536 opprimes
3270 4472 3533 4527 servitute

1955 4544 2306 4611 famulorum,
2327 4551 2421 4605 sed
2446 4552 2601 4621 quasi
2635 4557 3010 4611 mercenarius
3031 4567 3087 4611 et
3107 4559 3334 4615 colonus
3367 4564 3492 4616 erit.
3509 4583 3526 4613 ι

2024 4638 2156 4706 Quia
2187 4653 2475 4711 paupertas
2497 4645 2691 4701 animae
2715 4656 2798 4702 est
2820 4647 3103 4705 infirmitas
3124 4654 3534 4722 consequenda-

2046 4702 2066 4706 -
2190 4702 2202 4710 _
2297 4702 2312 4711 ,
2972 4702 3503 4722 .,_---w-c1_-u_“

260 4711 371 4765 85'.
409 4702 623 4758 diVinaS
681 4707 962 4763 dthl'inas
1017 4726 1153 4779 quas
1211 4717 1545 4785 accepimuso
1591 4718 1696 4773 Ρτο
1743 4721 1846 4775 dO-
1880 4702 1924 4758 θ
1952 4745 2073 4783 rum
2107 4732 2391 4796 virtutum,
2421 4735 2769 4791 manifestum
2800 4748 2970 4794 estex
2999 4741 3104 4803 his,
3135 4759 3257 4812 quae
3281 4745 3349 4799 ad
3372 4744 3529 4799 Sam~

260 4793 441 4848 ctrina
490 4805 671 4850 autern
718 4798 1039 4872 intelligitur
1073 4806 1326 4873 pecunia,
1357 4820 1579 4879 propter
1620 4815 1765 4883 quod
1794 4828 1849 4871 ct

258 4886 468 4940 Paulus
485 4887 699 4943 dicebat
731 4907 742 4943 :
769 4889 871 4955 Qui
900 4895 1238 4963 ludiﬁcaverit
1271 4916 1427 4969 super
1452 4904 1849 4972 fundamentum

256 4978 359 5030 hoc
379 5018 395 5041 ,
427 4995 621 5033 aurum
644 5020 659 5044 ,
691 4992 969 5052 argentum
996 5026 1010 5050 ,
1056 4986 1257 5058 lapides
1286 4995 1618 5063 pretiosos",
1652 4998 1849 5054 bonam

257 5067 569 5125 doctrinam
620 5087 716 5142 per
747 5074 863 5129 haec
894 5075 1149 5134 innuens.
1186 5081 1301 5137 Hoc
1330 5093 1511 5139 autem
1548 5087 1724 5157 ipsum
1764 5099 1852 5145 est

255 5169 321 5213 et
349 5160 581 5227 fructus,
609 5164 819 5229 sive,ut
846 5167 1679 5248 Septuaginta,cibi;utrumque
1704 5183 1849 5237 enim

260 5252 371 5307 hoc
397 5270 585 5310 rursus
608 5256 853 5313 invenies
874 5259 1095 5316 Paulum
1120 5279 1484 5335 exponentem
1503 5287 1518 5335 ;
1535 5268 1853 5329 Corinthios

256 5347 435 5411 enim,
464 5348 554 5403 alii
600 5350 868 5407 doctrina:
914 5369 973 5409 se
1022 5357 1319 5427 sociantes,
1347 5377 1610 5432 suamque
1664 5366 1851 5437 despi-

255 5437 493 5503 cientes,
552 5444 965 5511 reprehendens
1012 5447 1231 5517 scripsit
1265 5450 1424 5505 :Jam
1473 5456 1659 5509 satiati
1705 5459 1853 5542 estis,

245 5529 377 5598 jam
423 5531 607 5585 divites
658 5534 788 5603 facti
840 5536 982 5601 estis,
1013 5538 1127 5591 sine
1176 5542 1320 5594 nobis
1367 5548 1682 5613 regnatis".
1713 5529 1855 5620 Ergo

253 5621 567 5676 doctrinam
596 5640 695 5693 per
725 5628 1016 5696 pecuniam
1043 5638 1098 5683 et
1128 5629 1357 5701 fructus,
1392 5636 1529 5703 sive,
1551 5642 1855 5696 secundum

1951 4836 2048 4876 son
2095 4822 2284 4890 Dalila,
2308 4836 2364 4880 et
2391 4827 2505 4896 ipse
2540 4828 2608 4883 ad
2638 4846 2760 4884 eam
2794 4832 3057 4901 loquitur.
3097 4835 3330 4890 Noluisti
3358 4838 3533 4891 dicere

1951 4915 2007 4967 in
2035 4932 2136 4984 quo
2177 4918 2246 4969 sit
2285 4921 2522 4973 maxima
2559 4922 2831 4992 fortitudo.
2866 4924 3100 4996 Cumque
3130 4928 3347 4983 molesta
3377 4930 3425 4983 ei
3452 4947 3531 4984 es-

1950 5014 2047 5067 set,
2076 5017 2121 5058 et
2149 5024 2241 5073 per
2270 5009 2461 5063 multos
2493 5012 2602 5065 dies
2617 5011 2821 5082 jugiter
2858 5016 3165 5082 adhaereret,
3195 5021 3428 5089 spatium
3461 5028 3531 5079 ad

1952 5098 2172 5165 quietem
2202 5116 2304 5152 non
2329 5101 2581 5169 tribuens,
2611 5114 2733 5159 tunc
2757 5109 2997 5176 aperiens
3024 5112 3295 5165 veritatem
3322 5114 3417 5177 rei,
3446 5115 3529 5166 (li-

1951 5189 2028 5241 atit
2064 5191 2134 5242 ad
2162 5207 2279 5243 eam
2310 5208 2329 5245 .'
2350 5193 2572 5249 Ferrum
2610 5214 2878 5268 nunquam
2922 5202 3153 5255 ascendit
3189 5219 3344 5271 super
3375 5216 3531 5275 caput

1955 5294 2147 5342 meum,
2189 5283 2314 5351 quia
2350 5283 2663 5353 Nazarwus,
2691 5290 2743 5342 id
2771 5299 2867 5355 est,
2900 5303 3230 5347 consecratus
3256 5294 3365 5349 Deo
3388 5314 3531 5362 sum,

1955 5372 2017 5423 de
2049 5381 2195 5425 utero
2237 5378 2423 5430 matris
2452 5395 2597 5433 mew.
2634 5379 2696 5435 Si
2733 5399 2913 5437 rasum
2949 5384 3107 5453 fuerit
3136 5397 3293 5456 caput
3338 5406 3528 5452 nteant,

1956 5464 2154 5516 recedet
2195 5483 2227 5518 a
2278 5484 2358 5521 me
2390 5470 2639 5536 fortitudo
2693 5491 2830 5539 mea,
2861 5484 2910 5528 et
2956 5477 3217 5545 deﬁciam,
3254 5496 3442 5549 eraque
3476 5492 3533 5534 ut

1957 5555 2129 5606 m'teri
2165 5556 2393 5611 homines
2409 5558 2473 5611 ³⁸.
2500 5560 2626 5616 Post
2659 5561 2795 5629 hac,
2827 5564 3052 5621 historia
3084 5567 3322 5622 subdidit
3358 5587 3371 5622 :
3400 5569 3530 5622 Item

1959 5654 2015 5696 at
2049 5644 2139 5697 illa
2175 5647 2404 5702 dormire
2430 5665 2548 5704 eum
2578 5653 2696 5722 fecit
2716 5670 2871 5723 super
2899 5671 3068 5725 genua
3110 5675 3227 5723 sua,
3258 5668 3305 5711 et
3333 5660 3387 5711 in
3413 5661 3530 5713 sinu

339 5800 864 5905 "bigtghhiithzl.
890 5806 953 5905 1":
984 5806 1396 5905 l(iqr;.;x=1“22-.u
1438 5812 1485 5905 ἐξ
1516 5812 1709 5905 Matth.
1730 5821 2069 5905 lxxv,27._‘n‘
2098 5820 2273 5905 lngor.
2303 5840 2354 5889 v,
2385 5826 2471 5886 10,
2513 5825 2596 5878 ll.
2640 5827 2685 5857 ²¹
2716 5827 2887 5886 lCor.
2925 5847 3005 5894 Ill,
3036 5833 3123 5889 12.
3177 5834 3222 5865 "
3251 5837 3268 5887 l
3295 5836 3418 5894 Cor.
3449 5856 3524 5905 ιν,

253 5871 317 5927 ε.
419 5874 463 5903 ³⁸
494 5871 725 5927 Philem.
761 5891 849 5939 xv,
890 5877 974 5931 l6.
1048 5877 1133 5931 "l
1168 5871 1310 5935 Tim.
1348 5898 1419 5947 γι,
1452 5883 1506 5936 ει..

462 5963 717 6025 Ps'ruor.
776 5967 893 6027 Gn.
945 5966 1146 6029 XCIII.

1578 5886 1621 5916 ⁸³
1647 5884 1826 5942 Judic.
1857 5904 1966 5955 xvi,
1996 5891 2085 5955 16,
2116 5891 2198 5947 1⁷.

3132 6000 3203 6059 36
