  <div class='ocr_page' id='page_1' title='image "/cluster/home/n/w/nwhite01/storage/ocr_20150623/93/hvd.32044019208040/573.png"; bbox 0 0 3928 6410; ppageno 0'>
   <div class='ocr_carea' id='block_1_1' title="bbox 606 429 740 498">
    <p class='ocr_par' dir='ltr' id='par_1_1' title="bbox 606 429 740 498">
     <span class='ocr_line' id='line_1_1' title="bbox 606 429 740 498; baseline 0 -1"><span class='ocrx_word' id='word_1_1' title='bbox 606 429 740 498; x_wconf 71' lang='lat'><strong><em>1131</em></strong></span> 
     </span>
    </p>
   </div>
   <div class='ocr_carea' id='block_1_2' title="bbox 1797 432 2686 494">
    <p class='ocr_par' dir='ltr' id='par_1_2' title="bbox 1797 432 2686 494">
     <span class='ocr_line' id='line_1_2' title="bbox 1797 432 2686 494; baseline 0 0"><span class='ocrx_word' id='word_1_2' title='bbox 1797 433 2157 494; x_wconf 83' lang='lat' dir='ltr'><strong><em>HESYCHII</em></strong></span> <span class='ocrx_word' id='word_1_3' title='bbox 2195 432 2686 494; x_wconf 79' lang='lat' dir='ltr'><strong><em>PRESBYTERL</em></strong></span> 
     </span>
    </p>
   </div>
   <div class='ocr_carea' id='block_1_3' title="bbox 3692 430 3791 494">
    <p class='ocr_par' dir='ltr' id='par_1_3' title="bbox 3692 430 3791 494">
     <span class='ocr_line' id='line_1_3' title="bbox 3692 430 3791 494; baseline 0.04 -4"><span class='ocrx_word' id='word_1_4' title='bbox 3692 430 3791 494; x_wconf 70' lang='lat'><strong><em>11:32</em></strong></span> 
     </span>
    </p>
   </div>
   <div class='ocr_carea' id='block_1_4' title="bbox 603 543 3793 619">
    <p class='ocr_par' dir='ltr' id='par_1_4' title="bbox 603 543 3793 619">
     <span class='ocr_line' id='line_1_4' title="bbox 603 543 3793 619; baseline 0 -20"><span class='ocrx_word' id='word_1_5' title='bbox 603 562 698 601; x_wconf 84' lang='lat' dir='ltr'><strong><em>suo</em></strong></span> <span class='ocrx_word' id='word_1_6' title='bbox 727 545 983 601; x_wconf 73' lang='lat' dir='ltr'><strong><em>reclinare</em></strong></span> <span class='ocrx_word' id='word_1_7' title='bbox 1015 555 1187 617; x_wconf 85' lang='lat' dir='ltr'><strong><em>caput.</em></strong></span> <span class='ocrx_word' id='word_1_8' title='bbox 1218 546 1526 617; x_wconf 76' lang='lat' dir='ltr'><strong><em>Vocavitque</em></strong></span> <span class='ocrx_word' id='word_1_9' title='bbox 1554 557 1833 613; x_wconf 73' lang='lat' dir='ltr'><strong><em>tonsorem,</em></strong></span> <span class='ocrx_word' id='word_1_10' title='bbox 1866 556 1914 600; x_wconf 90' lang='lat' dir='ltr'><strong><em>et</em></strong></span> <span class='ocrx_word' id='word_1_11' title='bbox 1942 548 2073 601; x_wconf 86' lang='lat' dir='ltr'><strong><em>rasit</em></strong></span> <span class='ocrx_word' id='word_1_12' title='bbox 2100 563 2184 602; x_wconf 83' lang='lat' dir='ltr'><strong><em>se-</em></strong></span> <span class='ocrx_word' id='word_1_13' title='bbox 2216 552 2262 606; x_wconf 78' lang='grc' dir='ltr'><strong>Δ</strong></span> <span class='ocrx_word' id='word_1_14' title='bbox 2292 550 2492 601; x_wconf 88' lang='lat' dir='ltr'><strong><em>tionem</em></strong></span> <span class='ocrx_word' id='word_1_15' title='bbox 2548 557 2766 619; x_wconf 79' lang='lat' dir='ltr'><strong>patrum</strong></span> <span class='ocrx_word' id='word_1_16' title='bbox 2813 561 3058 609; x_wconf 83' lang='lat' dir='ltr'><strong><em>suorum,</em></strong></span> <span class='ocrx_word' id='word_1_17' title='bbox 3112 543 3385 613; x_wconf 80' lang='lat' dir='ltr'><strong><em>recipiens</em></strong></span> <span class='ocrx_word' id='word_1_18' title='bbox 3436 548 3793 605; x_wconf 68' lang='lat' dir='ltr'><strong><em>conversationis</em></strong></span> 
     </span>
    </p>
   </div>
   <div class='ocr_carea' id='block_1_5' title="bbox 607 639 2184 709">
    <p class='ocr_par' dir='ltr' id='par_1_5' title="bbox 607 639 2184 709">
     <span class='ocr_line' id='line_1_5' title="bbox 607 639 2184 709; baseline 0 -16"><span class='ocrx_word' id='word_1_19' title='bbox 607 649 743 707; x_wconf 83' lang='lat' dir='ltr'><strong><em>ptem</em></strong></span> <span class='ocrx_word' id='word_1_20' title='bbox 771 642 938 693; x_wconf 91' lang='lat' dir='ltr'><strong><em>crines</em></strong></span> <span class='ocrx_word' id='word_1_21' title='bbox 972 639 1083 708; x_wconf 83' lang='lat' dir='ltr'><strong><em>ejus</em></strong></span> <span class='ocrx_word' id='word_1_22' title='bbox 1104 682 1117 705; x_wconf 93' lang='lat'><strong><em>,</em></strong></span> <span class='ocrx_word' id='word_1_23' title='bbox 1148 649 1195 695; x_wconf 88' lang='lat' dir='ltr'><strong><em>et</em></strong></span> <span class='ocrx_word' id='word_1_24' title='bbox 1240 640 1390 708; x_wconf 68' lang='lat' dir='ltr'><strong><em>coepit</em></strong></span> <span class='ocrx_word' id='word_1_25' title='bbox 1424 640 1654 709; x_wconf 86' lang='lat' dir='ltr'><strong><em>abjicere</em></strong></span> <span class='ocrx_word' id='word_1_26' title='bbox 1686 657 1803 693; x_wconf 85' lang='lat' dir='ltr'><strong><em>eum</em></strong></span> <span class='ocrx_word' id='word_1_27' title='bbox 1834 658 1865 693; x_wconf 91' lang='lat' dir='ltr'><strong><em>a</em></strong></span> <span class='ocrx_word' id='word_1_28' title='bbox 1890 657 1964 707; x_wconf 85' lang='lat' dir='ltr'><strong><em>se,</em></strong></span> <span class='ocrx_word' id='word_1_29' title='bbox 1993 651 2040 694; x_wconf 90' lang='lat' dir='ltr'><strong><em>et</em></strong></span> <span class='ocrx_word' id='word_1_30' title='bbox 2070 657 2101 693; x_wconf 90' lang='lat' dir='ltr'><strong><em>a</em></strong></span> <span class='ocrx_word' id='word_1_31' title='bbox 2130 655 2184 693; x_wconf 88' lang='lat' dir='ltr'><strong><em>se</em></strong></span> 
     </span>
    </p>
   </div>
   <div class='ocr_carea' id='block_1_6' title="bbox 608 733 2184 802">
    <p class='ocr_par' dir='ltr' id='par_1_6' title="bbox 608 733 2184 802">
     <span class='ocr_line' id='line_1_6' title="bbox 608 733 2184 802; baseline 0.002 -18"><span class='ocrx_word' id='word_1_32' title='bbox 608 734 874 802; x_wconf 75' lang='lat' dir='ltr'><strong><em>repellere.</em></strong></span> <span class='ocrx_word' id='word_1_33' title='bbox 904 733 1096 788; x_wconf 85' lang='lat' dir='ltr'><strong><em>Statim</em></strong></span> <span class='ocrx_word' id='word_1_34' title='bbox 1121 736 1257 787; x_wconf 82' lang='lat' dir='ltr'><strong><em>enim</em></strong></span> <span class='ocrx_word' id='word_1_35' title='bbox 1285 736 1350 788; x_wconf 84' lang='lat' dir='ltr'><strong><em>ab</em></strong></span> <span class='ocrx_word' id='word_1_36' title='bbox 1389 751 1449 789; x_wconf 84' lang='lat' dir='ltr'><strong><em>eo</em></strong></span> <span class='ocrx_word' id='word_1_37' title='bbox 1478 736 1728 802; x_wconf 71' lang='lat' dir='ltr'><strong><em>fortitudo</em></strong></span> <span class='ocrx_word' id='word_1_38' title='bbox 1753 736 2002 799; x_wconf 86' lang='lat' dir='ltr'><strong><em>discessit,</em></strong></span> <span class='ocrx_word' id='word_1_39' title='bbox 2021 736 2184 788; x_wconf 71' lang='lat' dir='ltr'><strong><em>dixit-</em></strong></span> 
     </span>
    </p>
   </div>
   <div class='ocr_carea' id='block_1_7' title="bbox 607 824 2179 895">
    <p class='ocr_par' dir='ltr' id='par_1_7' title="bbox 607 824 2179 895">
     <span class='ocr_line' id='line_1_7' title="bbox 607 824 2179 895; baseline 0.001 -18"><span class='ocrx_word' id='word_1_40' title='bbox 607 842 705 893; x_wconf 84' lang='lat' dir='ltr'><strong><em>que</em></strong></span> <span class='ocrx_word' id='word_1_41' title='bbox 734 843 751 878; x_wconf 90' lang='lat'><strong><em>:</em></strong></span> <span class='ocrx_word' id='word_1_42' title='bbox 778 824 948 893; x_wconf 88' lang='lat' dir='ltr'><strong><em>Super</em></strong></span> <span class='ocrx_word' id='word_1_43' title='bbox 993 836 1041 879; x_wconf 88' lang='lat' dir='ltr'><strong><em>te</em></strong></span> <span class='ocrx_word' id='word_1_44' title='bbox 1072 826 1376 881; x_wconf 84' lang='lat' dir='ltr'><strong><em>Pltilistiint.</em></strong></span> <span class='ocrx_word' id='word_1_45' title='bbox 1407 826 1507 890; x_wconf 84' lang='lat' dir='ltr'><strong><em>Qui</em></strong></span> <span class='ocrx_word' id='word_1_46' title='bbox 1540 828 1603 880; x_wconf 86' lang='lat' dir='ltr'><strong><em>de</em></strong></span> <span class='ocrx_word' id='word_1_47' title='bbox 1635 843 1816 879; x_wconf 81' lang='lat' dir='ltr'><strong><em>somno</em></strong></span> <span class='ocrx_word' id='word_1_48' title='bbox 1848 843 2179 895; x_wconf 75' lang='lat' dir='ltr'><strong><em>consurgens,</em></strong></span> 
     </span>
    </p>
   </div>
   <div class='ocr_carea' id='block_1_8' title="bbox 606 918 2185 989">
    <p class='ocr_par' dir='ltr' id='par_1_8' title="bbox 606 918 2185 989">
     <span class='ocr_line' id='line_1_8' title="bbox 606 918 2185 989; baseline -0.001 -18"><span class='ocrx_word' id='word_1_49' title='bbox 606 918 738 971; x_wconf 67' lang='lat' dir='ltr'><strong><em>dixit</em></strong></span> <span class='ocrx_word' id='word_1_50' title='bbox 771 920 826 971; x_wconf 85' lang='lat' dir='ltr'><strong><em>in</em></strong></span> <span class='ocrx_word' id='word_1_51' title='bbox 850 919 1030 971; x_wconf 82' lang='lat' dir='ltr'><strong><em>animo</em></strong></span> <span class='ocrx_word' id='word_1_52' title='bbox 1061 935 1154 971; x_wconf 86' lang='lat' dir='ltr'><strong><em>suo</em></strong></span> <span class='ocrx_word' id='word_1_53' title='bbox 1196 934 1215 971; x_wconf 91' lang='lat'><strong><em>:</em></strong></span> <span class='ocrx_word' id='word_1_54' title='bbox 1253 918 1513 988; x_wconf 82' lang='lat' dir='ltr'><strong><em>Egrediar</em></strong></span> <span class='ocrx_word' id='word_1_55' title='bbox 1560 920 1691 972; x_wconf 87' lang='lat' dir='ltr'><strong><em>sicut</em></strong></span> <span class='ocrx_word' id='word_1_56' title='bbox 1723 930 1846 971; x_wconf 88' lang='lat' dir='ltr'><strong><em>ante</em></strong></span> <span class='ocrx_word' id='word_1_57' title='bbox 1876 920 1993 989; x_wconf 83' lang='lat' dir='ltr'><strong><em>feci,</em></strong></span> <span class='ocrx_word' id='word_1_58' title='bbox 2028 928 2075 972; x_wconf 86' lang='lat' dir='ltr'><strong><em>ct</em></strong></span> <span class='ocrx_word' id='word_1_59' title='bbox 2105 935 2185 971; x_wconf 87' lang='lat' dir='ltr'><strong><em>me</em></strong></span> 
     </span>
    </p>
   </div>
   <div class='ocr_carea' id='block_1_9' title="bbox 608 1010 2181 1079">
    <p class='ocr_par' dir='ltr' id='par_1_9' title="bbox 608 1010 2181 1079">
     <span class='ocr_line' id='line_1_9' title="bbox 608 1010 2181 1079; baseline 0.001 -15"><span class='ocrx_word' id='word_1_60' title='bbox 608 1012 888 1075; x_wconf 74' lang='lat' dir='ltr'><strong><em>excutiam,</em></strong></span> <span class='ocrx_word' id='word_1_61' title='bbox 918 1010 1147 1064; x_wconf 77' lang='lat' dir='ltr'><strong><em>nesciens</em></strong></span> <span class='ocrx_word' id='word_1_62' title='bbox 1182 1012 1318 1079; x_wconf 80' lang='lat' dir='ltr'><strong><em>quod</em></strong></span> <span class='ocrx_word' id='word_1_63' title='bbox 1354 1010 1605 1064; x_wconf 76' lang='lat' dir='ltr'><strong><em>Dominus</em></strong></span> <span class='ocrx_word' id='word_1_64' title='bbox 1631 1012 1917 1065; x_wconf 82' lang='lat' dir='ltr'><strong><em>recessisset</em></strong></span> <span class='ocrx_word' id='word_1_65' title='bbox 1947 1012 2010 1064; x_wconf 84' lang='lat' dir='ltr'><strong><em>ab</em></strong></span> <span class='ocrx_word' id='word_1_66' title='bbox 2040 1028 2098 1065; x_wconf 86' lang='lat' dir='ltr'><strong><em>eo</em></strong></span> <span class='ocrx_word' id='word_1_67' title='bbox 2117 1013 2181 1065; x_wconf 79' lang='grc'><strong><em>’⁷.</em></strong></span> 
     </span>
    </p>
   </div>
   <div class='ocr_carea' id='block_1_10' title="bbox 609 1098 2188 1169">
    <p class='ocr_par' dir='ltr' id='par_1_10' title="bbox 609 1098 2188 1169">
     <span class='ocr_line' id='line_1_10' title="bbox 609 1098 2188 1169; baseline 0.001 -16"><span class='ocrx_word' id='word_1_68' title='bbox 609 1099 715 1154; x_wconf 89' lang='lat' dir='ltr'><strong><em>Sed</em></strong></span> <span class='ocrx_word' id='word_1_69' title='bbox 736 1100 787 1153; x_wconf 93' lang='lat' dir='ltr'><strong><em>in</em></strong></span> <span class='ocrx_word' id='word_1_70' title='bbox 807 1098 1155 1169; x_wconf 68' lang='lat' dir='ltr'><strong><em>Septuaginta</em></strong></span> <span class='ocrx_word' id='word_1_71' title='bbox 1173 1100 1430 1165; x_wconf 83' lang='lat' dir='ltr'><strong><em>editione,</em></strong></span> <span class='ocrx_word' id='word_1_72' title='bbox 1453 1116 1576 1155; x_wconf 88' lang='lat' dir='ltr'><strong><em>cmn</em></strong></span> <span class='ocrx_word' id='word_1_73' title='bbox 1612 1101 1701 1155; x_wconf 83' lang='lat' dir='ltr'><strong><em>hic</em></strong></span> <span class='ocrx_word' id='word_1_74' title='bbox 1731 1101 1981 1156; x_wconf 83' lang='lat' dir='ltr'><strong><em>dixisset:</em></strong></span> <span class='ocrx_word' id='word_1_75' title='bbox 2001 1100 2057 1154; x_wconf 90' lang='lat' dir='ltr'><strong><em>Si</em></strong></span> <span class='ocrx_word' id='word_1_76' title='bbox 2086 1102 2188 1154; x_wconf 82' lang='lat' dir='ltr'><strong><em>Itu-</em></strong></span> 
     </span>
    </p>
   </div>
   <div class='ocr_carea' id='block_1_11' title="bbox 606 1191 2185 1264">
    <p class='ocr_par' dir='ltr' id='par_1_11' title="bbox 606 1191 2185 1264">
     <span class='ocr_line' id='line_1_11' title="bbox 606 1191 2185 1264; baseline 0.002 -20"><span class='ocrx_word' id='word_1_77' title='bbox 606 1191 843 1245; x_wconf 80' lang='lat' dir='ltr'><strong><em>miliatus</em></strong></span> <span class='ocrx_word' id='word_1_78' title='bbox 870 1194 1025 1262; x_wconf 80' lang='lat' dir='ltr'><strong><em>fuerit</em></strong></span> <span class='ocrx_word' id='word_1_79' title='bbox 1056 1195 1223 1264; x_wconf 77' lang='lat' dir='ltr'><strong><em>frater</em></strong></span> <span class='ocrx_word' id='word_1_80' title='bbox 1247 1204 1366 1246; x_wconf 82' lang='lat' dir='ltr'><strong><em>tuus</em></strong></span> <span class='ocrx_word' id='word_1_81' title='bbox 1390 1195 1538 1263; x_wconf 50' lang='lat' dir='ltr'><strong><em>.ﬂnon</em></strong></span> <span class='ocrx_word' id='word_1_82' title='bbox 1557 1194 1715 1253; x_wconf 83' lang='lat' dir='ltr'><strong><em>dixit,</em></strong></span> <span class='ocrx_word' id='word_1_83' title='bbox 1740 1210 1773 1245; x_wconf 90' lang='lat' dir='ltr'><strong><em>a</em></strong></span> <span class='ocrx_word' id='word_1_84' title='bbox 1805 1203 1872 1257; x_wconf 85' lang='lat' dir='ltr'><strong><em>te,</em></strong></span> <span class='ocrx_word' id='word_1_85' title='bbox 1898 1193 2016 1255; x_wconf 85' lang='lat' dir='ltr'><strong><em>sed,</em></strong></span> <span class='ocrx_word' id='word_1_86' title='bbox 2042 1196 2185 1262; x_wconf 88' lang='lat' dir='ltr'><strong><em>apud</em></strong></span> 
     </span>
    </p>
   </div>
   <div class='ocr_carea' id='block_1_12' title="bbox 607 1284 2183 1350">
    <p class='ocr_par' dir='ltr' id='par_1_12' title="bbox 607 1284 2183 1350">
     <span class='ocr_line' id='line_1_12' title="bbox 607 1284 2183 1350; baseline 0.001 -13"><span class='ocrx_word' id='word_1_87' title='bbox 607 1295 697 1338; x_wconf 85' lang='lat' dir='ltr'><strong><em>te:</em></strong></span> <span class='ocrx_word' id='word_1_88' title='bbox 729 1299 852 1338; x_wconf 89' lang='lat' dir='ltr'><strong><em>nam</em></strong></span> <span class='ocrx_word' id='word_1_89' title='bbox 889 1284 989 1338; x_wconf 84' lang='lat' dir='ltr'><strong><em>etsi</em></strong></span> <span class='ocrx_word' id='word_1_90' title='bbox 1024 1285 1305 1340; x_wconf 84' lang='lat' dir='ltr'><strong><em>nobiscum</em></strong></span> <span class='ocrx_word' id='word_1_91' title='bbox 1336 1294 1469 1350; x_wconf 89' lang='lat' dir='ltr'><strong><em>erat,</em></strong></span> <span class='ocrx_word' id='word_1_92' title='bbox 1504 1286 1599 1341; x_wconf 90' lang='lat' dir='ltr'><strong><em>sed</em></strong></span> <span class='ocrx_word' id='word_1_93' title='bbox 1632 1300 1732 1339; x_wconf 88' lang='lat' dir='ltr'><strong><em>nos</em></strong></span> <span class='ocrx_word' id='word_1_94' title='bbox 1763 1302 1869 1338; x_wconf 91' lang='lat' dir='ltr'><strong><em>non</em></strong></span> <span class='ocrx_word' id='word_1_95' title='bbox 1909 1285 1957 1337; x_wconf 89' lang='lat' dir='ltr'><strong><em>ei</em></strong></span> <span class='ocrx_word' id='word_1_96' title='bbox 1996 1300 2183 1339; x_wconf 83' lang='lat' dir='ltr'><strong><em>smnus</em></strong></span> 
     </span>
    </p>
   </div>
   <div class='ocr_carea' id='block_1_13' title="bbox 607 1377 2180 1447">
    <p class='ocr_par' dir='ltr' id='par_1_13' title="bbox 607 1377 2180 1447">
     <span class='ocr_line' id='line_1_13' title="bbox 607 1377 2180 1447; baseline -0.002 -15"><span class='ocrx_word' id='word_1_97' title='bbox 607 1377 731 1433; x_wconf 84' lang='lat' dir='ltr'><strong><em>facti</em></strong></span> <span class='ocrx_word' id='word_1_98' title='bbox 780 1378 1169 1431; x_wconf 86' lang='lat' dir='ltr'><strong><em>bumiliationis</em></strong></span> <span class='ocrx_word' id='word_1_99' title='bbox 1211 1392 1397 1431; x_wconf 88' lang='lat' dir='ltr'><strong><em>causa.</em></strong></span> <span class='ocrx_word' id='word_1_100' title='bbox 1468 1377 1588 1447; x_wconf 90' lang='lat' dir='ltr'><strong><em>Ipse</em></strong></span> <span class='ocrx_word' id='word_1_101' title='bbox 1635 1386 1813 1431; x_wconf 82' lang='lat' dir='ltr'><strong><em>autem</em></strong></span> <span class='ocrx_word' id='word_1_102' title='bbox 1862 1377 2180 1447; x_wconf 80' lang='lat' dir='ltr'><strong><em>negligens,</em></strong></span> 
     </span>
    </p>
   </div>
   <div class='ocr_carea' id='block_1_14' title="bbox 606 1469 2183 1540">
    <p class='ocr_par' dir='ltr' id='par_1_14' title="bbox 606 1469 2183 1540">
     <span class='ocr_line' id='line_1_14' title="bbox 606 1469 2183 1540; baseline -0.001 -17"><span class='ocrx_word' id='word_1_103' title='bbox 606 1471 962 1540; x_wconf 86' lang='lat' dir='ltr'><strong><em>semetipsum</em></strong></span> <span class='ocrx_word' id='word_1_104' title='bbox 994 1469 1321 1535; x_wconf 90' lang='lat' dir='ltr'><strong><em>bumiliavit,</em></strong></span> <span class='ocrx_word' id='word_1_105' title='bbox 1353 1478 1408 1523; x_wconf 90' lang='lat' dir='ltr'><strong><em>et</em></strong></span> <span class='ocrx_word' id='word_1_106' title='bbox 1433 1470 1687 1523; x_wconf 88' lang='lat' dir='ltr'><strong><em>venditus</em></strong></span> <span class='ocrx_word' id='word_1_107' title='bbox 1717 1480 1817 1531; x_wconf 82' lang='lat' dir='ltr'><strong><em>est,</em></strong></span> <span class='ocrx_word' id='word_1_108' title='bbox 1849 1484 1955 1522; x_wconf 92' lang='lat' dir='ltr'><strong><em>non</em></strong></span> <span class='ocrx_word' id='word_1_109' title='bbox 1992 1469 2183 1522; x_wconf 87' lang='lat' dir='ltr'><strong><em>vendi-</em></strong></span> 
     </span>
    </p>
   </div>
   <div class='ocr_carea' id='block_1_15' title="bbox 607 1559 2186 1631">
    <p class='ocr_par' dir='ltr' id='par_1_15' title="bbox 607 1559 2186 1631">
     <span class='ocr_line' id='line_1_15' title="bbox 607 1559 2186 1631; baseline -0.001 -14"><span class='ocrx_word' id='word_1_110' title='bbox 607 1563 753 1618; x_wconf 86' lang='lat' dir='ltr'><strong><em>tione</em></strong></span> <span class='ocrx_word' id='word_1_111' title='bbox 785 1564 873 1616; x_wconf 90' lang='lat' dir='ltr'><strong><em>illa</em></strong></span> <span class='ocrx_word' id='word_1_112' title='bbox 926 1563 994 1617; x_wconf 90' lang='lat' dir='ltr'><strong><em>de</em></strong></span> <span class='ocrx_word' id='word_1_113' title='bbox 1024 1578 1127 1631; x_wconf 86' lang='lat' dir='ltr'><strong><em>qua</em></strong></span> <span class='ocrx_word' id='word_1_114' title='bbox 1181 1561 1323 1615; x_wconf 82' lang='lat' dir='ltr'><strong><em>Elias</em></strong></span> <span class='ocrx_word' id='word_1_115' title='bbox 1369 1562 1435 1615; x_wconf 88' lang='lat' dir='ltr'><strong><em>ad</em></strong></span> <span class='ocrx_word' id='word_1_116' title='bbox 1483 1562 1671 1615; x_wconf 83' lang='lat' dir='ltr'><strong><em>Achab</em></strong></span> <span class='ocrx_word' id='word_1_117' title='bbox 1700 1561 1933 1615; x_wconf 84' lang='lat' dir='ltr'><strong><em>dicebat.</em></strong></span> <span class='ocrx_word' id='word_1_118' title='bbox 1965 1559 2186 1616; x_wconf 84' lang='lat' dir='ltr'><strong><em>Dicebat</em></strong></span> 
     </span>
    </p>
   </div>
   <div class='ocr_carea' id='block_1_16' title="bbox 606 1655 2185 1724">
    <p class='ocr_par' dir='ltr' id='par_1_16' title="bbox 606 1655 2185 1724">
     <span class='ocr_line' id='line_1_16' title="bbox 606 1655 2185 1724; baseline -0.001 -15"><span class='ocrx_word' id='word_1_119' title='bbox 606 1656 753 1709; x_wconf 80' lang='lat' dir='ltr'><strong><em>enim</em></strong></span> <span class='ocrx_word' id='word_1_120' title='bbox 784 1656 834 1709; x_wconf 87' lang='lat' dir='ltr'><strong><em>ei</em></strong></span> <span class='ocrx_word' id='word_1_121' title='bbox 866 1674 877 1708; x_wconf 92' lang='lat'><strong><em>:</em></strong></span> <span class='ocrx_word' id='word_1_122' title='bbox 912 1655 1055 1709; x_wconf 83' lang='lat' dir='ltr'><strong><em>Nunt</em></strong></span> <span class='ocrx_word' id='word_1_123' title='bbox 1088 1655 1331 1709; x_wconf 86' lang='lat' dir='ltr'><strong><em>invenisti</em></strong></span> <span class='ocrx_word' id='word_1_124' title='bbox 1366 1672 1447 1708; x_wconf 87' lang='lat' dir='ltr'><strong><em>mc</em></strong></span> <span class='ocrx_word' id='word_1_125' title='bbox 1480 1656 1751 1707; x_wconf 87' lang='lat' dir='ltr'><strong><em>inimicunt</em></strong></span> <span class='ocrx_word' id='word_1_126' title='bbox 1785 1656 1911 1708; x_wconf 84' lang='lat' dir='ltr'><strong><em>tibi?</em></strong></span> <span class='ocrx_word' id='word_1_127' title='bbox 1941 1655 2185 1724; x_wconf 80' lang='lat' dir='ltr'><strong><em>Respon-</em></strong></span> 
     </span>
    </p>
   </div>
   <div class='ocr_carea' id='block_1_17' title="bbox 605 1747 2184 1817">
    <p class='ocr_par' dir='ltr' id='par_1_17' title="bbox 605 1747 2184 1817">
     <span class='ocr_line' id='line_1_17' title="bbox 605 1747 2184 1817; baseline 0.002 -18"><span class='ocrx_word' id='word_1_128' title='bbox 605 1747 685 1801; x_wconf 83' lang='lat' dir='ltr'><strong><em>dit</em></strong></span> <span class='ocrx_word' id='word_1_129' title='bbox 720 1765 732 1799; x_wconf 90' lang='lat'><strong><em>:</em></strong></span> <span class='ocrx_word' id='word_1_130' title='bbox 768 1747 967 1811; x_wconf 85' lang='lat' dir='ltr'><strong><em>Inveni,</em></strong></span> <span class='ocrx_word' id='word_1_131' title='bbox 1002 1763 1060 1799; x_wconf 84' lang='lat' dir='ltr'><strong><em>eo</em></strong></span> <span class='ocrx_word' id='word_1_132' title='bbox 1092 1748 1226 1817; x_wconf 83' lang='lat' dir='ltr'><strong><em>quod</em></strong></span> <span class='ocrx_word' id='word_1_133' title='bbox 1257 1748 1583 1801; x_wconf 73' lang='lat' dir='ltr'><strong><em>venundatus</em></strong></span> <span class='ocrx_word' id='word_1_134' title='bbox 1613 1765 1664 1801; x_wconf 83' lang='lat' dir='ltr'><strong><em>es</em></strong></span> <span class='ocrx_word' id='word_1_135' title='bbox 1692 1749 1861 1817; x_wconf 80' lang='lat' dir='ltr'><strong><em>facere</em></strong></span> <span class='ocrx_word' id='word_1_136' title='bbox 1904 1750 2105 1803; x_wconf 89' lang='lat' dir='ltr'><strong><em>malum</em></strong></span> <span class='ocrx_word' id='word_1_137' title='bbox 2130 1751 2184 1802; x_wconf 79' lang='lat' dir='ltr'><strong><em>in</em></strong></span> 
     </span>
    </p>
   </div>
   <div class='ocr_carea' id='block_1_18' title="bbox 607 1838 2183 1911">
    <p class='ocr_par' dir='ltr' id='par_1_18' title="bbox 607 1838 2183 1911">
     <span class='ocr_line' id='line_1_18' title="bbox 607 1838 2183 1911; baseline 0.003 -20"><span class='ocrx_word' id='word_1_138' title='bbox 607 1848 879 1906; x_wconf 86' lang='lat' dir='ltr'><strong><em>conspectu</em></strong></span> <span class='ocrx_word' id='word_1_139' title='bbox 914 1838 1204 1891; x_wconf 70' lang='lat' dir='ltr'><strong><em>Domini“.</em></strong></span> <span class='ocrx_word' id='word_1_140' title='bbox 1239 1838 1331 1892; x_wconf 90' lang='lat' dir='ltr'><strong><em>Ille</em></strong></span> <span class='ocrx_word' id='word_1_141' title='bbox 1358 1839 1503 1893; x_wconf 88' lang='lat' dir='ltr'><strong><em>enim</em></strong></span> <span class='ocrx_word' id='word_1_142' title='bbox 1535 1840 1675 1894; x_wconf 86' lang='lat' dir='ltr'><strong><em>sicut</em></strong></span> <span class='ocrx_word' id='word_1_143' title='bbox 1723 1840 1940 1911; x_wconf 89' lang='lat' dir='ltr'><strong><em>impius,</em></strong></span> <span class='ocrx_word' id='word_1_144' title='bbox 2006 1841 2095 1909; x_wconf 90' lang='lat' dir='ltr'><strong><em>qui</em></strong></span> <span class='ocrx_word' id='word_1_145' title='bbox 2130 1842 2183 1895; x_wconf 92' lang='lat' dir='ltr'><strong><em>in</em></strong></span> 
     </span>
    </p>
   </div>
   <div class='ocr_carea' id='block_1_19' title="bbox 2288 635 3798 709">
    <p class='ocr_par' dir='ltr' id='par_1_19' title="bbox 2288 635 3798 709">
     <span class='ocr_line' id='line_1_19' title="bbox 2288 635 3798 709; baseline -0.003 -12"><span class='ocrx_word' id='word_1_146' title='bbox 2288 652 2511 701; x_wconf 84' lang='lat' dir='ltr'><strong><em>sortem,</em></strong></span> <span class='ocrx_word' id='word_1_147' title='bbox 2546 650 2594 693; x_wconf 90' lang='lat' dir='ltr'><strong><em>et</em></strong></span> <span class='ocrx_word' id='word_1_148' title='bbox 2632 649 2837 709; x_wconf 89' lang='lat' dir='ltr'><strong><em>partem</em></strong></span> <span class='ocrx_word' id='word_1_149' title='bbox 2870 638 3077 709; x_wconf 73' lang='lat' dir='ltr'><strong><em>gratim,</em></strong></span> <span class='ocrx_word' id='word_1_150' title='bbox 3105 651 3226 705; x_wconf 68' lang='lat' dir='ltr'><strong><em>quae</em></strong></span> <span class='ocrx_word' id='word_1_151' title='bbox 3265 636 3334 689; x_wconf 89' lang='lat' dir='ltr'><strong><em>ab</em></strong></span> <span class='ocrx_word' id='word_1_152' title='bbox 3366 635 3512 689; x_wconf 87' lang='lat' dir='ltr'><strong><em>initio</em></strong></span> <span class='ocrx_word' id='word_1_153' title='bbox 3545 646 3673 692; x_wconf 80' lang='lat' dir='ltr'><strong><em>sorte</em></strong></span> <span class='ocrx_word' id='word_1_154' title='bbox 3707 654 3798 709; x_wconf 84' lang='lat' dir='ltr'><strong><em>per-</em></strong></span> 
     </span>
    </p>
   </div>
   <div class='ocr_carea' id='block_1_20' title="bbox 2287 731 3800 807">
    <p class='ocr_par' dir='ltr' id='par_1_20' title="bbox 2287 731 3800 807">
     <span class='ocr_line' id='line_1_20' title="bbox 2287 731 3800 807; baseline -0.002 -17"><span class='ocrx_word' id='word_1_155' title='bbox 2287 746 2506 807; x_wconf 71' lang='lat' dir='ltr'><strong><em>ceperat</em></strong></span> <span class='ocrx_word' id='word_1_156' title='bbox 2532 750 2560 787; x_wconf 89' lang='lat' dir='ltr'><strong><em>a</em></strong></span> <span class='ocrx_word' id='word_1_157' title='bbox 2593 734 2721 791; x_wconf 84' lang='lat' dir='ltr'><strong><em>Deo.</em></strong></span> <span class='ocrx_word' id='word_1_158' title='bbox 2750 733 2840 802; x_wconf 85' lang='lat' dir='ltr'><strong><em>qui</em></strong></span> <span class='ocrx_word' id='word_1_159' title='bbox 2877 731 3096 802; x_wconf 88' lang='lat' dir='ltr'><strong><em>proprie</em></strong></span> <span class='ocrx_word' id='word_1_160' title='bbox 3122 739 3316 785; x_wconf 88' lang='lat' dir='ltr'><strong><em>noster</em></strong></span> <span class='ocrx_word' id='word_1_161' title='bbox 3362 740 3509 799; x_wconf 86' lang='lat' dir='ltr'><strong><em>pater</em></strong></span> <span class='ocrx_word' id='word_1_162' title='bbox 3532 742 3622 795; x_wconf 83' lang='lat' dir='ltr'><strong><em>est,</em></strong></span> <span class='ocrx_word' id='word_1_163' title='bbox 3648 734 3705 786; x_wconf 90' lang='lat' dir='ltr'><strong><em>de</em></strong></span> <span class='ocrx_word' id='word_1_164' title='bbox 3720 752 3800 803; x_wconf 81' lang='lat' dir='ltr'><strong><em>quo</em></strong></span> 
     </span>
    </p>
   </div>
   <div class='ocr_carea' id='block_1_21' title="bbox 2287 816 3803 890">
    <p class='ocr_par' dir='ltr' id='par_1_21' title="bbox 2287 816 3803 890">
     <span class='ocr_line' id='line_1_21' title="bbox 2287 816 3803 890; baseline -0.001 -11"><span class='ocrx_word' id='word_1_165' title='bbox 2287 827 2363 879; x_wconf 85' lang='lat' dir='ltr'><strong><em>ait</em></strong></span> <span class='ocrx_word' id='word_1_166' title='bbox 2391 826 2590 880; x_wconf 83' lang='lat' dir='ltr'><strong><em>Paulus</em></strong></span> <span class='ocrx_word' id='word_1_167' title='bbox 2624 842 2636 877; x_wconf 88' lang='lat'><strong><em>:</em></strong></span> <span class='ocrx_word' id='word_1_168' title='bbox 2682 824 2815 887; x_wconf 77' lang='lat' dir='ltr'><strong><em>Quia</em></strong></span> <span class='ocrx_word' id='word_1_169' title='bbox 2850 833 3028 875; x_wconf 81' lang='lat' dir='ltr'><strong><em>autent</em></strong></span> <span class='ocrx_word' id='word_1_170' title='bbox 3059 824 3181 875; x_wconf 83' lang='lat' dir='ltr'><strong><em>estis</em></strong></span> <span class='ocrx_word' id='word_1_171' title='bbox 3212 822 3337 889; x_wconf 76' lang='lat' dir='ltr'><strong><em>ﬁlii,</em></strong></span> <span class='ocrx_word' id='word_1_172' title='bbox 3370 822 3504 873; x_wconf 79' lang='lat' dir='ltr'><strong><em>misit</em></strong></span> <span class='ocrx_word' id='word_1_173' title='bbox 3529 816 3651 876; x_wconf 87' lang='lat' dir='ltr'><strong><em>Deus</em></strong></span> <span class='ocrx_word' id='word_1_174' title='bbox 3670 823 3803 890; x_wconf 82' lang='lat' dir='ltr'><strong><em>Spiri-</em></strong></span> 
     </span>
    </p>
   </div>
   <div class='ocr_carea' id='block_1_22' title="bbox 2289 914 3801 977">
    <p class='ocr_par' dir='ltr' id='par_1_22' title="bbox 2289 914 3801 977">
     <span class='ocr_line' id='line_1_22' title="bbox 2289 914 3801 977; baseline -0.001 -6"><span class='ocrx_word' id='word_1_175' title='bbox 2289 929 2398 971; x_wconf 86' lang='lat' dir='ltr'><strong><em>tum</em></strong></span> <span class='ocrx_word' id='word_1_176' title='bbox 2425 918 2550 971; x_wconf 83' lang='lat' dir='ltr'><strong><em>Filii</em></strong></span> <span class='ocrx_word' id='word_1_177' title='bbox 2575 918 2657 969; x_wconf 76' lang='lat' dir='ltr'><strong><em>sui</em></strong></span> <span class='ocrx_word' id='word_1_178' title='bbox 2680 919 2733 968; x_wconf 89' lang='lat' dir='ltr'><strong><em>in</em></strong></span> <span class='ocrx_word' id='word_1_179' title='bbox 2754 917 2995 968; x_wconf 82' lang='lat' dir='ltr'><strong><em>cordibus</em></strong></span> <span class='ocrx_word' id='word_1_180' title='bbox 3024 916 3212 967; x_wconf 79' lang='lat' dir='ltr'><strong><em>vestris</em></strong></span> <span class='ocrx_word' id='word_1_181' title='bbox 3234 955 3248 977; x_wconf 93' lang='lat'><strong><em>,</em></strong></span> <span class='ocrx_word' id='word_1_182' title='bbox 3294 914 3633 968; x_wconf 84' lang='lat' dir='ltr'><strong><em>clamantem:</em></strong></span> <span class='ocrx_word' id='word_1_183' title='bbox 3672 918 3801 977; x_wconf 78' lang='lat' dir='ltr'><strong><em>Abba,</em></strong></span> 
     </span>
    </p>
   </div>
   <div class='ocr_carea' id='block_1_23' title="bbox 2288 1004 3802 1075">
    <p class='ocr_par' dir='ltr' id='par_1_23' title="bbox 2288 1004 3802 1075">
     <span class='ocr_line' id='line_1_23' title="bbox 2288 1004 3802 1075; baseline -0.002 -13"><span class='ocrx_word' id='word_1_184' title='bbox 2288 1008 2451 1062; x_wconf 79' lang='lat' dir='ltr'><strong><em>Pater</em></strong></span> <span class='ocrx_word' id='word_1_185' title='bbox 2488 1010 2555 1061; x_wconf 80' lang='grc'><strong><em>³⁸.</em></strong></span> <span class='ocrx_word' id='word_1_186' title='bbox 2584 1008 2694 1062; x_wconf 89' lang='lat' dir='ltr'><strong><em>Cur</em></strong></span> <span class='ocrx_word' id='word_1_187' title='bbox 2722 1020 2903 1059; x_wconf 74' lang='lat' dir='ltr'><strong><em>autem</em></strong></span> <span class='ocrx_word' id='word_1_188' title='bbox 2949 1007 3064 1059; x_wconf 69' lang='lat' dir='ltr'><strong><em>Iizec</em></strong></span> <span class='ocrx_word' id='word_1_189' title='bbox 3094 1006 3352 1059; x_wconf 79' lang='lat' dir='ltr'><strong><em>sanciens</em></strong></span> <span class='ocrx_word' id='word_1_190' title='bbox 3401 1004 3536 1058; x_wconf 86' lang='lat' dir='ltr'><strong><em>Deus</em></strong></span> <span class='ocrx_word' id='word_1_191' title='bbox 3563 1014 3691 1059; x_wconf 86' lang='lat' dir='ltr'><strong><em>tanta</em></strong></span> <span class='ocrx_word' id='word_1_192' title='bbox 3717 1008 3802 1075; x_wconf 86' lang='lat' dir='ltr'><strong><em>pie-</em></strong></span> 
     </span>
    </p>
   </div>
   <div class='ocr_carea' id='block_1_24' title="bbox 2287 1096 3576 1169">
    <p class='ocr_par' dir='ltr' id='par_1_24' title="bbox 2287 1096 3576 1169">
     <span class='ocr_line' id='line_1_24' title="bbox 2287 1096 3576 1169; baseline -0.005 -14"><span class='ocrx_word' id='word_1_193' title='bbox 2287 1112 2398 1155; x_wconf 88' lang='lat' dir='ltr'><strong><em>tate</em></strong></span> <span class='ocrx_word' id='word_1_194' title='bbox 2421 1110 2622 1162; x_wconf 91' lang='lat' dir='ltr'><strong><em>utatur,</em></strong></span> <span class='ocrx_word' id='word_1_195' title='bbox 2653 1100 2767 1169; x_wconf 76' lang='lat' dir='ltr'><strong><em>ipse</em></strong></span> <span class='ocrx_word' id='word_1_196' title='bbox 2800 1098 2932 1167; x_wconf 83' lang='lat' dir='ltr'><strong><em>legis</em></strong></span> <span class='ocrx_word' id='word_1_197' title='bbox 2956 1096 3359 1151; x_wconf 76' lang='lat' dir='ltr'><strong><em>demonstravit</em></strong></span> <span class='ocrx_word' id='word_1_198' title='bbox 3384 1096 3576 1151; x_wconf 80' lang='lat' dir='ltr'><strong><em>verbis.</em></strong></span> 
     </span>
    </p>
   </div>
   <div class='ocr_carea' id='block_1_25' title="bbox 2354 1188 3802 1261">
    <p class='ocr_par' dir='ltr' id='par_1_25' title="bbox 2354 1188 3802 1261">
     <span class='ocr_line' id='line_1_25' title="bbox 2354 1188 3802 1261; baseline -0.001 -17"><span class='ocrx_word' id='word_1_199' title='bbox 2354 1193 2516 1247; x_wconf 78' lang='lat' dir='ltr'><strong><em>Vens.</em></strong></span> <span class='ocrx_word' id='word_1_200' title='bbox 2559 1191 2648 1244; x_wconf 63' lang='grc' dir='ltr'>Η.</span> <span class='ocrx_word' id='word_1_201' title='bbox 2689 1211 2705 1241; x_wconf 77' lang='grc' dir='ltr'><strong><em>ι</em></strong></span> <span class='ocrx_word' id='word_1_202' title='bbox 2746 1190 2845 1242; x_wconf 81' lang='lat' dir='ltr'><strong><em>Mei</em></strong></span> <span class='ocrx_word' id='word_1_203' title='bbox 2896 1198 3078 1261; x_wconf 81' lang='lat' dir='ltr'><strong><em>autem</em></strong></span> <span class='ocrx_word' id='word_1_204' title='bbox 3126 1188 3273 1242; x_wconf 90' lang='lat' dir='ltr'><strong><em>servi</em></strong></span> <span class='ocrx_word' id='word_1_205' title='bbox 3306 1197 3453 1251; x_wconf 87' lang='lat' dir='ltr'><strong><em>sunt,</em></strong></span> <span class='ocrx_word' id='word_1_206' title='bbox 3488 1197 3540 1241; x_wconf 90' lang='lat' dir='ltr'><strong><em>ct</em></strong></span> <span class='ocrx_word' id='word_1_207' title='bbox 3569 1203 3658 1258; x_wconf 88' lang='lat' dir='ltr'><strong><em>ego</em></strong></span> <span class='ocrx_word' id='word_1_208' title='bbox 3682 1190 3802 1243; x_wconf 76' lang='lat' dir='ltr'><strong><em>eduxi</em></strong></span> 
     </span>
    </p>
   </div>
   <div class='ocr_carea' id='block_1_26' title="bbox 2287 1282 2961 1353">
    <p class='ocr_par' dir='ltr' id='par_1_26' title="bbox 2287 1282 2961 1353">
     <span class='ocr_line' id='line_1_26' title="bbox 2287 1282 2961 1353; baseline -0.013 -11"><span class='ocrx_word' id='word_1_209' title='bbox 2287 1302 2382 1341; x_wconf 88' lang='lat' dir='ltr'><strong><em>eos</em></strong></span> <span class='ocrx_word' id='word_1_210' title='bbox 2410 1286 2476 1340; x_wconf 85' lang='lat' dir='ltr'><strong><em>de</em></strong></span> <span class='ocrx_word' id='word_1_211' title='bbox 2504 1296 2647 1339; x_wconf 88' lang='lat' dir='ltr'><strong><em>terra</em></strong></span> <span class='ocrx_word' id='word_1_212' title='bbox 2677 1282 2911 1353; x_wconf 61' lang='lat' dir='ltr'><strong><em>Egypti.</em></strong></span> <span class='ocrx_word' id='word_1_213' title='bbox 2943 1301 2961 1333; x_wconf 75' lang='grc' dir='ltr'><strong><em>ι</em></strong></span> 
     </span>
    </p>
   </div>
   <div class='ocr_carea' id='block_1_27' title="bbox 2362 1373 3802 1446">
    <p class='ocr_par' dir='ltr' id='par_1_27' title="bbox 2362 1373 3802 1446">
     <span class='ocr_line' id='line_1_27' title="bbox 2362 1373 3802 1446; baseline -0.003 -13"><span class='ocrx_word' id='word_1_214' title='bbox 2362 1377 2435 1433; x_wconf 87' lang='lat' dir='ltr'><strong><em>Ut</em></strong></span> <span class='ocrx_word' id='word_1_215' title='bbox 2465 1392 2595 1446; x_wconf 90' lang='lat' dir='ltr'><strong><em>ergo</em></strong></span> <span class='ocrx_word' id='word_1_216' title='bbox 2634 1378 2723 1445; x_wconf 88' lang='lat' dir='ltr'><strong><em>qui</em></strong></span> <span class='ocrx_word' id='word_1_217' title='bbox 2761 1374 2928 1428; x_wconf 87' lang='lat' dir='ltr'><strong><em>semel</em></strong></span> <span class='ocrx_word' id='word_1_218' title='bbox 2973 1375 3093 1443; x_wconf 87' lang='lat' dir='ltr'><strong><em>ejus</em></strong></span> <span class='ocrx_word' id='word_1_219' title='bbox 3122 1373 3252 1428; x_wconf 83' lang='lat' dir='ltr'><strong><em>facti</em></strong></span> <span class='ocrx_word' id='word_1_220' title='bbox 3281 1380 3413 1427; x_wconf 89' lang='lat' dir='ltr'><strong><em>sunt</em></strong></span> <span class='ocrx_word' id='word_1_221' title='bbox 3460 1373 3629 1438; x_wconf 85' lang='lat' dir='ltr'><strong><em>servi,</em></strong></span> <span class='ocrx_word' id='word_1_222' title='bbox 3670 1384 3713 1427; x_wconf 80' lang='lat' dir='ltr'><strong><em>et</em></strong></span> <span class='ocrx_word' id='word_1_223' title='bbox 3735 1392 3802 1443; x_wconf 73' lang='lat' dir='ltr'><strong><em>per</em></strong></span> 
     </span>
    </p>
   </div>
   <div class='ocr_carea' id='block_1_28' title="bbox 2287 1466 3801 1539">
    <p class='ocr_par' dir='ltr' id='par_1_28' title="bbox 2287 1466 3801 1539">
     <span class='ocr_line' id='line_1_28' title="bbox 2287 1466 3801 1539; baseline -0.005 -13"><span class='ocrx_word' id='word_1_224' title='bbox 2287 1487 2412 1526; x_wconf 88' lang='lat' dir='ltr'><strong><em>eum</em></strong></span> <span class='ocrx_word' id='word_1_225' title='bbox 2445 1468 2767 1539; x_wconf 80' lang='lat' dir='ltr'><strong><em>intelligibili</em></strong></span> <span class='ocrx_word' id='word_1_226' title='bbox 2803 1466 3065 1521; x_wconf 78' lang='lat' dir='ltr'><strong><em>servitute</em></strong></span> <span class='ocrx_word' id='word_1_227' title='bbox 3098 1466 3316 1537; x_wconf 60' lang='grc' dir='ltr'><strong><em>λείπῃ)ῑί</em></strong></span> <span class='ocrx_word' id='word_1_228' title='bbox 3364 1476 3670 1529; x_wconf 73' lang='lat' dir='ltr'><strong><em>caruerunt,</em></strong></span> <span class='ocrx_word' id='word_1_229' title='bbox 3701 1467 3801 1520; x_wconf 80' lang='lat' dir='ltr'><strong><em>hanc</em></strong></span> 
     </span>
    </p>
   </div>
   <div class='ocr_carea' id='block_1_29' title="bbox 2287 1560 3803 1634">
    <p class='ocr_par' dir='ltr' id='par_1_29' title="bbox 2287 1560 3803 1634">
     <span class='ocr_line' id='line_1_29' title="bbox 2287 1560 3803 1634; baseline -0.007 -15"><span class='ocrx_word' id='word_1_230' title='bbox 2287 1581 2382 1621; x_wconf 86' lang='lat' dir='ltr'><strong><em>eos</em></strong></span> <span class='ocrx_word' id='word_1_231' title='bbox 2418 1564 2644 1634; x_wconf 83' lang='lat' dir='ltr'><strong><em>perdere</em></strong></span> <span class='ocrx_word' id='word_1_232' title='bbox 2696 1562 3011 1631; x_wconf 82' lang='lat' dir='ltr'><strong><em>dignitatem</em></strong></span> <span class='ocrx_word' id='word_1_233' title='bbox 3047 1576 3156 1614; x_wconf 90' lang='lat' dir='ltr'><strong><em>non</em></strong></span> <span class='ocrx_word' id='word_1_234' title='bbox 3183 1560 3322 1624; x_wconf 86' lang='lat' dir='ltr'><strong><em>vult,</em></strong></span> <span class='ocrx_word' id='word_1_235' title='bbox 3352 1575 3455 1613; x_wconf 86' lang='lat' dir='ltr'><strong><em>nec</em></strong></span> <span class='ocrx_word' id='word_1_236' title='bbox 3483 1561 3600 1629; x_wconf 85' lang='lat' dir='ltr'><strong><em>quia</em></strong></span> <span class='ocrx_word' id='word_1_237' title='bbox 3638 1561 3693 1613; x_wconf 86' lang='lat' dir='ltr'><strong><em>ad</em></strong></span> <span class='ocrx_word' id='word_1_238' title='bbox 3720 1576 3803 1611; x_wconf 81' lang='lat' dir='ltr'><strong><em>ma-</em></strong></span> 
     </span>
    </p>
   </div>
   <div class='ocr_carea' id='block_1_30' title="bbox 2288 1654 3798 1727">
    <p class='ocr_par' dir='ltr' id='par_1_30' title="bbox 2288 1654 3798 1727">
     <span class='ocr_line' id='line_1_30' title="bbox 2288 1654 3798 1727; baseline -0.005 -14"><span class='ocrx_word' id='word_1_239' title='bbox 2288 1659 2467 1713; x_wconf 90' lang='lat' dir='ltr'><strong><em>dicum</em></strong></span> <span class='ocrx_word' id='word_1_240' title='bbox 2498 1658 2619 1727; x_wconf 88' lang='lat' dir='ltr'><strong><em>quis</em></strong></span> <span class='ocrx_word' id='word_1_241' title='bbox 2654 1656 2837 1725; x_wconf 88' lang='lat' dir='ltr'><strong><em>lapsus</em></strong></span> <span class='ocrx_word' id='word_1_242' title='bbox 2861 1664 2964 1717; x_wconf 89' lang='lat' dir='ltr'><strong><em>est,</em></strong></span> <span class='ocrx_word' id='word_1_243' title='bbox 2990 1664 3278 1724; x_wconf 89' lang='lat' dir='ltr'><strong><em>propterea</em></strong></span> <span class='ocrx_word' id='word_1_244' title='bbox 3307 1668 3430 1707; x_wconf 88' lang='lat' dir='ltr'><strong><em>eum</em></strong></span> <span class='ocrx_word' id='word_1_245' title='bbox 3462 1654 3513 1707; x_wconf 90' lang='lat' dir='ltr'><strong><em>in</em></strong></span> <span class='ocrx_word' id='word_1_246' title='bbox 3545 1662 3798 1723; x_wconf 76' lang='lat' dir='ltr'><strong><em>perpetuum</em></strong></span> 
     </span>
    </p>
   </div>
   <div class='ocr_carea' id='block_1_31' title="bbox 2288 1745 3801 1819">
    <p class='ocr_par' dir='ltr' id='par_1_31' title="bbox 2288 1745 3801 1819">
     <span class='ocr_line' id='line_1_31' title="bbox 2288 1745 3801 1819; baseline -0.003 -16"><span class='ocrx_word' id='word_1_247' title='bbox 2288 1749 2516 1819; x_wconf 76' lang='lat' dir='ltr'><strong><em>perdere</em></strong></span> <span class='ocrx_word' id='word_1_248' title='bbox 2563 1749 2841 1816; x_wconf 89' lang='lat' dir='ltr'><strong><em>antiquam</em></strong></span> <span class='ocrx_word' id='word_1_249' title='bbox 2885 1746 3205 1816; x_wconf 86' lang='lat' dir='ltr'><strong><em>dignitatem</em></strong></span> <span class='ocrx_word' id='word_1_250' title='bbox 3266 1745 3573 1810; x_wconf 86' lang='lat' dir='ltr'><strong><em>desiderat,</em></strong></span> <span class='ocrx_word' id='word_1_251' title='bbox 3626 1745 3801 1814; x_wconf 82' lang='lat' dir='ltr'><strong><em>ideoque</em></strong></span> 
     </span>
    </p>
   </div>
   <div class='ocr_carea' id='block_1_32' title="bbox 2289 1851 2399 1895">
    <p class='ocr_par' dir='ltr' id='par_1_32' title="bbox 2289 1851 2399 1895">
     <span class='ocr_line' id='line_1_32' title="bbox 2289 1851 2399 1895; baseline -0.009 0"><span class='ocrx_word' id='word_1_252' title='bbox 2289 1851 2399 1895; x_wconf 65' lang='grc' dir='ltr'><strong><em>3ης</em></strong></span> 
     </span>
    </p>
   </div>
   <div class='ocr_carea' id='block_1_33' title="bbox 606 1922 3802 2001">
    <p class='ocr_par' dir='ltr' id='par_1_33' title="bbox 606 1922 3802 2001">
     <span class='ocr_line' id='line_1_33' title="bbox 606 1922 3802 2001; baseline 0 -18"><span class='ocrx_word' id='word_1_253' title='bbox 606 1930 939 2000; x_wconf 80' lang='lat' dir='ltr'><strong><em>profundum</em></strong></span> <span class='ocrx_word' id='word_1_254' title='bbox 985 1930 1249 1984; x_wconf 88' lang='lat' dir='ltr'><strong><em>malorum</em></strong></span> <span class='ocrx_word' id='word_1_255' title='bbox 1290 1932 1579 1995; x_wconf 89' lang='lat' dir='ltr'><strong><em>ceciderat,</em></strong></span> <span class='ocrx_word' id='word_1_256' title='bbox 1615 1928 1969 2001; x_wconf 86' lang='lat' dir='ltr'><strong><em>despiciebat,</em></strong></span> <span class='ocrx_word' id='word_1_257' title='bbox 1998 1943 2052 1987; x_wconf 92' lang='lat' dir='ltr'><strong><em>et</em></strong></span> <span class='ocrx_word' id='word_1_258' title='bbox 2079 1933 2185 1987; x_wconf 91' lang='lat' dir='ltr'><strong><em>ini-</em></strong></span> <span class='ocrx_word' id='word_1_259' title='bbox 2220 1922 2263 1976; x_wconf 78' lang='grc' dir='ltr'>Β</span> <span class='ocrx_word' id='word_1_260' title='bbox 2362 1933 2483 1987; x_wconf 86' lang='grc' dir='ltr'><strong><em>Νοη</em></strong></span> <span class='ocrx_word' id='word_1_261' title='bbox 2528 1934 2693 1985; x_wconf 85' lang='lat' dir='ltr'><strong><em>veniet</em></strong></span> <span class='ocrx_word' id='word_1_262' title='bbox 2738 1932 3040 1984; x_wconf 80' lang='lat' dir='ltr'><strong><em>conditione</em></strong></span> <span class='ocrx_word' id='word_1_263' title='bbox 3082 1946 3377 1983; x_wconf 77' lang='lat' dir='ltr'><strong><em>servorum.</em></strong></span> <span class='ocrx_word' id='word_1_264' title='bbox 3420 1930 3615 1983; x_wconf 82' lang='lat' dir='ltr'><strong><em>Similia</em></strong></span> <span class='ocrx_word' id='word_1_265' title='bbox 3664 1930 3802 1983; x_wconf 80' lang='lat' dir='ltr'><strong><em>dicens</em></strong></span> 
     </span>
    </p>
   </div>
   <div class='ocr_carea' id='block_1_34' title="bbox 608 2022 2184 2088">
    <p class='ocr_par' dir='ltr' id='par_1_34' title="bbox 608 2022 2184 2088">
     <span class='ocr_line' id='line_1_34' title="bbox 608 2022 2184 2088; baseline 0 -11"><span class='ocrx_word' id='word_1_266' title='bbox 608 2023 751 2077; x_wconf 84' lang='lat' dir='ltr'><strong><em>ntico</em></strong></span> <span class='ocrx_word' id='word_1_267' title='bbox 782 2022 1053 2085; x_wconf 87' lang='lat' dir='ltr'><strong><em>venditus,</em></strong></span> <span class='ocrx_word' id='word_1_268' title='bbox 1090 2038 1200 2077; x_wconf 87' lang='lat' dir='ltr'><strong><em>non</em></strong></span> <span class='ocrx_word' id='word_1_269' title='bbox 1223 2023 1437 2077; x_wconf 87' lang='lat' dir='ltr'><strong><em>volebat</em></strong></span> <span class='ocrx_word' id='word_1_270' title='bbox 1471 2024 1843 2078; x_wconf 77' lang='lat' dir='ltr'><strong><em>venditionem</em></strong></span> <span class='ocrx_word' id='word_1_271' title='bbox 1875 2024 2184 2088; x_wconf 87' lang='lat' dir='ltr'><strong><em>immutare,</em></strong></span> 
     </span>
    </p>
   </div>
   <div class='ocr_carea' id='block_1_35' title="bbox 604 2115 2186 2186">
    <p class='ocr_par' dir='ltr' id='par_1_35' title="bbox 604 2115 2186 2186">
     <span class='ocr_line' id='line_1_35' title="bbox 604 2115 2186 2186; baseline 0.003 -19"><span class='ocrx_word' id='word_1_272' title='bbox 604 2130 709 2169; x_wconf 86' lang='lat' dir='ltr'><strong><em>nec</em></strong></span> <span class='ocrx_word' id='word_1_273' title='bbox 747 2116 1026 2184; x_wconf 72' lang='lat' dir='ltr'><strong><em>propheta:</em></strong></span> <span class='ocrx_word' id='word_1_274' title='bbox 1058 2115 1237 2178; x_wconf 85' lang='lat' dir='ltr'><strong><em>vendi,</em></strong></span> <span class='ocrx_word' id='word_1_275' title='bbox 1266 2116 1319 2171; x_wconf 88' lang='lat' dir='ltr'><strong><em>id</em></strong></span> <span class='ocrx_word' id='word_1_276' title='bbox 1359 2127 1460 2177; x_wconf 88' lang='lat' dir='ltr'><strong><em>est,</em></strong></span> <span class='ocrx_word' id='word_1_277' title='bbox 1490 2117 1668 2177; x_wconf 89' lang='lat' dir='ltr'><strong><em>subdi.</em></strong></span> <span class='ocrx_word' id='word_1_278' title='bbox 1701 2117 1793 2186; x_wconf 85' lang='lat' dir='ltr'><strong><em>qui</em></strong></span> <span class='ocrx_word' id='word_1_279' title='bbox 1836 2117 1885 2170; x_wconf 90' lang='lat' dir='ltr'><strong><em>ei</em></strong></span> <span class='ocrx_word' id='word_1_280' title='bbox 1930 2118 2186 2186; x_wconf 90' lang='lat' dir='ltr'><strong><em>paulatim</em></strong></span> 
     </span>
    </p>
   </div>
   <div class='ocr_carea' id='block_1_36' title="bbox 610 2206 2189 2276">
    <p class='ocr_par' dir='ltr' id='par_1_36' title="bbox 610 2206 2189 2276">
     <span class='ocr_line' id='line_1_36' title="bbox 610 2206 2189 2276; baseline 0.002 -18"><span class='ocrx_word' id='word_1_281' title='bbox 610 2221 830 2259; x_wconf 89' lang='lat' dir='ltr'><strong><em>manum</em></strong></span> <span class='ocrx_word' id='word_1_282' title='bbox 866 2206 1211 2276; x_wconf 86' lang='lat' dir='ltr'><strong><em>porrigendo,</em></strong></span> <span class='ocrx_word' id='word_1_283' title='bbox 1239 2206 1436 2276; x_wconf 86' lang='lat' dir='ltr'><strong><em>agravi</em></strong></span> <span class='ocrx_word' id='word_1_284' title='bbox 1482 2206 1711 2260; x_wconf 89' lang='lat' dir='ltr'><strong><em>liberare</em></strong></span> <span class='ocrx_word' id='word_1_285' title='bbox 1759 2222 1885 2260; x_wconf 90' lang='lat' dir='ltr'><strong><em>eum</em></strong></span> <span class='ocrx_word' id='word_1_286' title='bbox 1928 2208 2189 2261; x_wconf 84' lang='lat' dir='ltr'><strong><em>servitute</em></strong></span> 
     </span>
    </p>
   </div>
   <div class='ocr_carea' id='block_1_37' title="bbox 611 2297 2187 2369">
    <p class='ocr_par' dir='ltr' id='par_1_37' title="bbox 611 2297 2187 2369">
     <span class='ocr_line' id='line_1_37' title="bbox 611 2297 2187 2369; baseline 0.003 -19"><span class='ocrx_word' id='word_1_287' title='bbox 611 2307 839 2366; x_wconf 78' lang='lat' dir='ltr'><strong><em>poterat.</em></strong></span> <span class='ocrx_word' id='word_1_288' title='bbox 869 2297 925 2351; x_wconf 89' lang='lat' dir='ltr'><strong><em>Si</em></strong></span> <span class='ocrx_word' id='word_1_289' title='bbox 948 2313 1076 2369; x_wconf 83' lang='lat' dir='ltr'><strong><em>ergo</em></strong></span> <span class='ocrx_word' id='word_1_290' title='bbox 1097 2299 1193 2353; x_wconf 83' lang='lat' dir='ltr'><strong><em>tibi</em></strong></span> <span class='ocrx_word' id='word_1_291' title='bbox 1218 2298 1385 2363; x_wconf 84' lang='lat' dir='ltr'><strong><em>ﬁdeli,</em></strong></span> <span class='ocrx_word' id='word_1_292' title='bbox 1416 2306 1472 2353; x_wconf 92' lang='lat' dir='ltr'><strong><em>et</em></strong></span> <span class='ocrx_word' id='word_1_293' title='bbox 1493 2298 1692 2353; x_wconf 89' lang='lat' dir='ltr'><strong><em>colenti</em></strong></span> <span class='ocrx_word' id='word_1_294' title='bbox 1720 2299 1911 2363; x_wconf 89' lang='lat' dir='ltr'><strong><em>Deum,</em></strong></span> <span class='ocrx_word' id='word_1_295' title='bbox 1933 2299 2187 2354; x_wconf 82' lang='lat' dir='ltr'><strong><em>humilia-</em></strong></span> 
     </span>
    </p>
   </div>
   <div class='ocr_carea' id='block_1_38' title="bbox 610 2389 2186 2462">
    <p class='ocr_par' dir='ltr' id='par_1_38' title="bbox 610 2389 2186 2462">
     <span class='ocr_line' id='line_1_38' title="bbox 610 2389 2186 2462; baseline 0.002 -19"><span class='ocrx_word' id='word_1_296' title='bbox 610 2399 697 2444; x_wconf 90' lang='lat' dir='ltr'><strong><em>tus</em></strong></span> <span class='ocrx_word' id='word_1_297' title='bbox 720 2389 887 2445; x_wconf 77' lang='lat' dir='ltr'><strong><em>lrater</em></strong></span> <span class='ocrx_word' id='word_1_298' title='bbox 907 2390 1159 2446; x_wconf 85' lang='lat' dir='ltr'><strong><em>venditus</em></strong></span> <span class='ocrx_word' id='word_1_299' title='bbox 1185 2390 1369 2457; x_wconf 83' lang='lat' dir='ltr'><strong><em>fuerit,</em></strong></span> <span class='ocrx_word' id='word_1_300' title='bbox 1396 2391 1851 2461; x_wconf 87' lang='lat' dir='ltr'><strong><em>redemptionem,</em></strong></span> <span class='ocrx_word' id='word_1_301' title='bbox 1876 2399 1932 2445; x_wconf 88' lang='lat' dir='ltr'><strong><em>et</em></strong></span> <span class='ocrx_word' id='word_1_302' title='bbox 1950 2392 2186 2462; x_wconf 89' lang='lat' dir='ltr'><strong><em>pretium</em></strong></span> 
     </span>
    </p>
   </div>
   <div class='ocr_carea' id='block_1_39' title="bbox 607 2483 2188 2553">
    <p class='ocr_par' dir='ltr' id='par_1_39' title="bbox 607 2483 2188 2553">
     <span class='ocr_line' id='line_1_39' title="bbox 607 2483 2188 2553; baseline 0.001 -16"><span class='ocrx_word' id='word_1_303' title='bbox 607 2484 804 2537; x_wconf 63' lang='lat' dir='ltr'><strong><em>anima</em></strong></span> <span class='ocrx_word' id='word_1_304' title='bbox 822 2484 941 2553; x_wconf 88' lang='lat' dir='ltr'><strong><em>ejus</em></strong></span> <span class='ocrx_word' id='word_1_305' title='bbox 988 2492 1132 2538; x_wconf 92' lang='lat' dir='ltr'><strong><em>tuam</em></strong></span> <span class='ocrx_word' id='word_1_306' title='bbox 1163 2483 1491 2545; x_wconf 83' lang='lat' dir='ltr'><strong><em>doctrinam,</em></strong></span> <span class='ocrx_word' id='word_1_307' title='bbox 1523 2494 1578 2538; x_wconf 92' lang='lat' dir='ltr'><strong><em>et</em></strong></span> <span class='ocrx_word' id='word_1_308' title='bbox 1602 2485 2039 2539; x_wconf 85' lang='lat' dir='ltr'><strong><em>exhortationem</em></strong></span> <span class='ocrx_word' id='word_1_309' title='bbox 2068 2500 2188 2539; x_wconf 89' lang='lat' dir='ltr'><strong><em>sus-</em></strong></span> 
     </span>
    </p>
   </div>
   <div class='ocr_carea' id='block_1_40' title="bbox 608 2574 2190 2645">
    <p class='ocr_par' dir='ltr' id='par_1_40' title="bbox 608 2574 2190 2645">
     <span class='ocr_line' id='line_1_40' title="bbox 608 2574 2190 2645; baseline 0 -16"><span class='ocrx_word' id='word_1_310' title='bbox 608 2574 820 2645; x_wconf 83' lang='lat' dir='ltr'><strong><em>cipiens</em></strong></span> <span class='ocrx_word' id='word_1_311' title='bbox 857 2593 870 2627; x_wconf 88' lang='lat'><strong><em>:</em></strong></span> <span class='ocrx_word' id='word_1_312' title='bbox 903 2584 957 2629; x_wconf 91' lang='lat' dir='ltr'><strong><em>et</em></strong></span> <span class='ocrx_word' id='word_1_313' title='bbox 986 2576 1443 2645; x_wconf 87' lang='lat' dir='ltr'><strong><em>quemadmodum</em></strong></span> <span class='ocrx_word' id='word_1_314' title='bbox 1471 2591 1630 2629; x_wconf 89' lang='lat' dir='ltr'><strong><em>suum</em></strong></span> <span class='ocrx_word' id='word_1_315' title='bbox 1688 2576 1969 2631; x_wconf 90' lang='lat' dir='ltr'><strong><em>dominum</em></strong></span> <span class='ocrx_word' id='word_1_316' title='bbox 2003 2576 2190 2630; x_wconf 81' lang='lat' dir='ltr'><strong><em>existi-</em></strong></span> 
     </span>
    </p>
   </div>
   <div class='ocr_carea' id='block_1_41' title="bbox 608 2668 2189 2733">
    <p class='ocr_par' dir='ltr' id='par_1_41' title="bbox 608 2668 2189 2733">
     <span class='ocr_line' id='line_1_41' title="bbox 608 2668 2189 2733; baseline -0.001 -11"><span class='ocrx_word' id='word_1_317' title='bbox 608 2683 787 2731; x_wconf 85' lang='lat' dir='ltr'><strong><em>mans,</em></strong></span> <span class='ocrx_word' id='word_1_318' title='bbox 812 2684 922 2722; x_wconf 89' lang='lat' dir='ltr'><strong><em>non</em></strong></span> <span class='ocrx_word' id='word_1_319' title='bbox 949 2669 1151 2723; x_wconf 79' lang='lat' dir='ltr'><strong><em>serviat</em></strong></span> <span class='ocrx_word' id='word_1_320' title='bbox 1183 2669 1279 2723; x_wconf 80' lang='lat' dir='ltr'><strong><em>tibi</em></strong></span> <span class='ocrx_word' id='word_1_321' title='bbox 1308 2668 1573 2723; x_wconf 86' lang='lat' dir='ltr'><strong><em>servitute</em></strong></span> <span class='ocrx_word' id='word_1_322' title='bbox 1598 2669 1762 2733; x_wconf 79' lang='lat' dir='ltr'><strong><em>servi,</em></strong></span> <span class='ocrx_word' id='word_1_323' title='bbox 1799 2669 1892 2723; x_wconf 90' lang='lat' dir='ltr'><strong><em>sed</em></strong></span> <span class='ocrx_word' id='word_1_324' title='bbox 1926 2669 2189 2723; x_wconf 89' lang='lat' dir='ltr'><strong><em>subdetur</em></strong></span> 
     </span>
    </p>
   </div>
   <div class='ocr_carea' id='block_1_42' title="bbox 609 2757 2191 2829">
    <p class='ocr_par' dir='ltr' id='par_1_42' title="bbox 609 2757 2191 2829">
     <span class='ocr_line' id='line_1_42' title="bbox 609 2757 2191 2829; baseline -0.001 -17"><span class='ocrx_word' id='word_1_325' title='bbox 609 2758 850 2829; x_wconf 84' lang='lat' dir='ltr'><strong><em>quidem,</em></strong></span> <span class='ocrx_word' id='word_1_326' title='bbox 894 2767 1267 2812; x_wconf 77' lang='lat' dir='ltr'><strong><em>verumtamen</em></strong></span> <span class='ocrx_word' id='word_1_327' title='bbox 1293 2758 1541 2812; x_wconf 87' lang='lat' dir='ltr'><strong><em>libertate</em></strong></span> <span class='ocrx_word' id='word_1_328' title='bbox 1581 2759 1691 2821; x_wconf 88' lang='lat' dir='ltr'><strong><em>illa,</em></strong></span> <span class='ocrx_word' id='word_1_329' title='bbox 1712 2758 1779 2812; x_wconf 89' lang='lat' dir='ltr'><strong><em>de</em></strong></span> <span class='ocrx_word' id='word_1_330' title='bbox 1813 2774 1918 2827; x_wconf 89' lang='lat' dir='ltr'><strong><em>qua</em></strong></span> <span class='ocrx_word' id='word_1_331' title='bbox 1948 2758 2024 2811; x_wconf 86' lang='lat' dir='ltr'><strong><em>ait</em></strong></span> <span class='ocrx_word' id='word_1_332' title='bbox 2052 2757 2191 2810; x_wconf 80' lang='lat' dir='ltr'><strong><em>Pau-</em></strong></span> 
     </span>
    </p>
   </div>
   <div class='ocr_carea' id='block_1_43' title="bbox 609 2849 2189 2919">
    <p class='ocr_par' dir='ltr' id='par_1_43' title="bbox 609 2849 2189 2919">
     <span class='ocr_line' id='line_1_43' title="bbox 609 2849 2189 2919; baseline -0.001 -15"><span class='ocrx_word' id='word_1_333' title='bbox 609 2850 732 2904; x_wconf 88' lang='lat' dir='ltr'><strong><em>lus:</em></strong></span> <span class='ocrx_word' id='word_1_334' title='bbox 764 2850 1027 2912; x_wconf 77' lang='lat' dir='ltr'><strong><em>libertate,</em></strong></span> <span class='ocrx_word' id='word_1_335' title='bbox 1053 2866 1156 2919; x_wconf 78' lang='lat' dir='ltr'><strong><em>qua</em></strong></span> <span class='ocrx_word' id='word_1_336' title='bbox 1194 2849 1433 2903; x_wconf 82' lang='lat' dir='ltr'><strong><em>liberavit</em></strong></span> <span class='ocrx_word' id='word_1_337' title='bbox 1468 2866 1559 2903; x_wconf 88' lang='lat' dir='ltr'><strong><em>nos</em></strong></span> <span class='ocrx_word' id='word_1_338' title='bbox 1592 2849 1831 2904; x_wconf 82' lang='lat' dir='ltr'><strong><em>Christus</em></strong></span> <span class='ocrx_word' id='word_1_339' title='bbox 1848 2852 1915 2902; x_wconf 74' lang='lat'><strong><em>”.</em></strong></span> <span class='ocrx_word' id='word_1_340' title='bbox 1939 2849 2189 2903; x_wconf 83' lang='lat' dir='ltr'><strong><em>Invenies</em></strong></span> 
     </span>
    </p>
   </div>
   <div class='ocr_carea' id='block_1_44' title="bbox 607 2920 2190 2996">
    <p class='ocr_par' dir='ltr' id='par_1_44' title="bbox 607 2920 2190 2996">
     <span class='ocr_line' id='line_1_44' title="bbox 607 2920 2190 2996; baseline -0.003 -1"><span class='ocrx_word' id='word_1_341' title='bbox 607 2950 791 2996; x_wconf 84' lang='lat' dir='ltr'><strong><em>autem</em></strong></span> <span class='ocrx_word' id='word_1_342' title='bbox 858 2940 987 2995; x_wconf 85' lang='lat' dir='ltr'><strong><em>alibi</em></strong></span> <span class='ocrx_word' id='word_1_343' title='bbox 1038 2941 1288 2996; x_wconf 81' lang='lat' dir='ltr'><strong><em>eumdem</em></strong></span> <span class='ocrx_word' id='word_1_344' title='bbox 1336 2956 1528 2994; x_wconf 84' lang='lat' dir='ltr'><strong><em>rursus</em></strong></span> <span class='ocrx_word' id='word_1_345' title='bbox 1572 2940 1901 2994; x_wconf 83' lang='lat' dir='ltr'><strong><em>scribentem</em></strong></span> <span class='ocrx_word' id='word_1_346' title='bbox 1953 2957 1965 2991; x_wconf 90' lang='lat'><strong><em>:</em></strong></span> <span class='ocrx_word' id='word_1_347' title='bbox 2012 2920 2190 2992; x_wconf 75' lang='lat' dir='ltr'><strong><em>Pretio</em></strong></span> 
     </span>
    </p>
   </div>
   <div class='ocr_carea' id='block_1_45' title="bbox 608 3030 2189 3101">
    <p class='ocr_par' dir='ltr' id='par_1_45' title="bbox 608 3030 2189 3101">
     <span class='ocr_line' id='line_1_45' title="bbox 608 3030 2189 3101; baseline -0.001 -15"><span class='ocrx_word' id='word_1_348' title='bbox 608 3032 765 3101; x_wconf 77' lang='lat' dir='ltr'><strong><em>empti</em></strong></span> <span class='ocrx_word' id='word_1_349' title='bbox 786 3032 930 3093; x_wconf 85' lang='lat' dir='ltr'><strong><em>estis,</em></strong></span> <span class='ocrx_word' id='word_1_350' title='bbox 960 3030 1118 3086; x_wconf 84' lang='lat' dir='ltr'><strong><em>nolite</em></strong></span> <span class='ocrx_word' id='word_1_351' title='bbox 1140 3032 1253 3101; x_wconf 84' lang='lat' dir='ltr'><strong><em>ﬁeri</em></strong></span> <span class='ocrx_word' id='word_1_352' title='bbox 1279 3032 1413 3085; x_wconf 87' lang='lat' dir='ltr'><strong><em>servi</em></strong></span> <span class='ocrx_word' id='word_1_353' title='bbox 1438 3031 1780 3095; x_wconf 75' lang='lat' dir='ltr'><strong><em>hominum”,</em></strong></span> <span class='ocrx_word' id='word_1_354' title='bbox 1805 3038 2026 3101; x_wconf 88' lang='lat' dir='ltr'><strong><em>propter</em></strong></span> <span class='ocrx_word' id='word_1_355' title='bbox 2045 3030 2189 3099; x_wconf 88' lang='lat' dir='ltr'><strong><em>quod</em></strong></span> 
     </span>
    </p>
   </div>
   <div class='ocr_carea' id='block_1_46' title="bbox 609 3125 1039 3196">
    <p class='ocr_par' dir='ltr' id='par_1_46' title="bbox 609 3125 1039 3196">
     <span class='ocr_line' id='line_1_46' title="bbox 609 3125 1039 3196; baseline 0.005 -17"><span class='ocrx_word' id='word_1_356' title='bbox 609 3125 684 3181; x_wconf 85' lang='lat' dir='ltr'><strong><em>ait</em></strong></span> <span class='ocrx_word' id='word_1_357' title='bbox 713 3125 987 3196; x_wconf 87' lang='lat' dir='ltr'><strong><em>Iogislator</em></strong></span> <span class='ocrx_word' id='word_1_358' title='bbox 1024 3142 1039 3181; x_wconf 93' lang='lat'><strong><em>:</em></strong></span> 
     </span>
    </p>
   </div>
   <div class='ocr_carea' id='block_1_47' title="bbox 680 3217 2260 3319">
    <p class='ocr_par' dir='ltr' id='par_1_47' title="bbox 680 3217 2260 3319">
     <span class='ocr_line' id='line_1_47' title="bbox 680 3217 2260 3319; baseline -0.001 -45"><span class='ocrx_word' id='word_1_359' title='bbox 680 3218 845 3284; x_wconf 73' lang='lat' dir='ltr'><strong><em>Quasi</em></strong></span> <span class='ocrx_word' id='word_1_360' title='bbox 884 3219 1237 3273; x_wconf 77' lang='lat' dir='ltr'><strong><em>mercenarius</em></strong></span> <span class='ocrx_word' id='word_1_361' title='bbox 1274 3226 1323 3273; x_wconf 84' lang='lat' dir='ltr'><strong><em>et</em></strong></span> <span class='ocrx_word' id='word_1_362' title='bbox 1356 3218 1567 3274; x_wconf 84' lang='lat' dir='ltr'><strong><em>colonus</em></strong></span> <span class='ocrx_word' id='word_1_363' title='bbox 1616 3220 1737 3273; x_wconf 89' lang='lat' dir='ltr'><strong><em>erit.</em></strong></span> <span class='ocrx_word' id='word_1_364' title='bbox 1770 3217 1866 3273; x_wconf 78' lang='lat' dir='ltr'><strong><em>Vel</em></strong></span> <span class='ocrx_word' id='word_1_365' title='bbox 1900 3219 2041 3274; x_wconf 87' lang='lat' dir='ltr'><strong><em>sicut</em></strong></span> <span class='ocrx_word' id='word_1_366' title='bbox 2086 3217 2188 3273; x_wconf 89' lang='lat' dir='ltr'><strong><em>Se-</em></strong></span> <span class='ocrx_word' id='word_1_367' title='bbox 2217 3260 2260 3319; x_wconf 62' lang='grc' dir='ltr'>ϐ</span> 
     </span>
    </p>
   </div>
   <div class='ocr_carea' id='block_1_48' title="bbox 611 3310 2191 3383">
    <p class='ocr_par' dir='ltr' id='par_1_48' title="bbox 611 3310 2191 3383">
     <span class='ocr_line' id='line_1_48' title="bbox 611 3310 2191 3383; baseline -0.003 -16"><span class='ocrx_word' id='word_1_368' title='bbox 611 3313 916 3383; x_wconf 84' lang='lat' dir='ltr'><strong><em>ptuaginta,</em></strong></span> <span class='ocrx_word' id='word_1_369' title='bbox 944 3312 1233 3383; x_wconf 82' lang='lat' dir='ltr'><strong><em>inquilinus</em></strong></span> <span class='ocrx_word' id='word_1_370' title='bbox 1255 3311 1413 3380; x_wconf 89' lang='lat' dir='ltr'><strong><em>:quia</em></strong></span> <span class='ocrx_word' id='word_1_371' title='bbox 1446 3312 1639 3366; x_wconf 84' lang='lat' dir='ltr'><strong><em>horum</em></strong></span> <span class='ocrx_word' id='word_1_372' title='bbox 1668 3321 1895 3380; x_wconf 89' lang='lat' dir='ltr'><strong><em>uterque</em></strong></span> <span class='ocrx_word' id='word_1_373' title='bbox 1913 3310 2191 3380; x_wconf 88' lang='lat' dir='ltr'><strong><em>subjectus</em></strong></span> 
     </span>
    </p>
   </div>
   <div class='ocr_carea' id='block_1_49' title="bbox 611 3402 2192 3473">
    <p class='ocr_par' dir='ltr' id='par_1_49' title="bbox 611 3402 2192 3473">
     <span class='ocr_line' id='line_1_49' title="bbox 611 3402 2192 3473; baseline -0.003 -14"><span class='ocrx_word' id='word_1_374' title='bbox 611 3414 697 3459; x_wconf 87' lang='lat' dir='ltr'><strong><em>est</em></strong></span> <span class='ocrx_word' id='word_1_375' title='bbox 741 3405 958 3473; x_wconf 86' lang='lat' dir='ltr'><strong><em>quidem</em></strong></span> <span class='ocrx_word' id='word_1_376' title='bbox 1002 3405 1150 3468; x_wconf 89' lang='lat' dir='ltr'><strong><em>huic,</em></strong></span> <span class='ocrx_word' id='word_1_377' title='bbox 1181 3404 1337 3473; x_wconf 83' lang='lat' dir='ltr'><strong><em>cujus</em></strong></span> <span class='ocrx_word' id='word_1_378' title='bbox 1366 3404 1584 3457; x_wconf 88' lang='lat' dir='ltr'><strong><em>domum</em></strong></span> <span class='ocrx_word' id='word_1_379' title='bbox 1633 3402 1861 3466; x_wconf 89' lang='lat' dir='ltr'><strong><em>habitat,</em></strong></span> <span class='ocrx_word' id='word_1_380' title='bbox 1891 3412 1944 3457; x_wconf 88' lang='lat' dir='ltr'><strong><em>et</em></strong></span> <span class='ocrx_word' id='word_1_381' title='bbox 1978 3402 2033 3456; x_wconf 91' lang='lat' dir='ltr'><strong><em>in</em></strong></span> <span class='ocrx_word' id='word_1_382' title='bbox 2061 3417 2192 3472; x_wconf 85' lang='lat' dir='ltr'><strong><em>agro</em></strong></span> 
     </span>
    </p>
   </div>
   <div class='ocr_carea' id='block_1_50' title="bbox 611 3494 2191 3565">
    <p class='ocr_par' dir='ltr' id='par_1_50' title="bbox 611 3494 2191 3565">
     <span class='ocr_line' id='line_1_50' title="bbox 611 3494 2191 3565; baseline -0.001 -16"><span class='ocrx_word' id='word_1_383' title='bbox 611 3505 871 3563; x_wconf 72' lang='lat' dir='ltr'><strong><em>aperatur</em></strong></span> <span class='ocrx_word' id='word_1_384' title='bbox 919 3504 1144 3565; x_wconf 87' lang='lat' dir='ltr'><strong><em>propter</em></strong></span> <span class='ocrx_word' id='word_1_385' title='bbox 1196 3504 1597 3565; x_wconf 82' lang='lat' dir='ltr'><strong><em>paupertatem,</em></strong></span> <span class='ocrx_word' id='word_1_386' title='bbox 1634 3508 1735 3549; x_wconf 88' lang='lat' dir='ltr'><strong><em>nec</em></strong></span> <span class='ocrx_word' id='word_1_387' title='bbox 1793 3494 2011 3548; x_wconf 91' lang='lat' dir='ltr'><strong><em>domum</em></strong></span> <span class='ocrx_word' id='word_1_388' title='bbox 2062 3508 2191 3561; x_wconf 88' lang='lat' dir='ltr'><strong><em>pro-</em></strong></span> 
     </span>
    </p>
   </div>
   <div class='ocr_carea' id='block_1_51' title="bbox 612 3585 2192 3658">
    <p class='ocr_par' dir='ltr' id='par_1_51' title="bbox 612 3585 2192 3658">
     <span class='ocr_line' id='line_1_51' title="bbox 612 3585 2192 3658; baseline -0.001 -17"><span class='ocrx_word' id='word_1_389' title='bbox 612 3587 810 3658; x_wconf 81' lang='lat' dir='ltr'><strong><em>priam,</em></strong></span> <span class='ocrx_word' id='word_1_390' title='bbox 838 3601 941 3643; x_wconf 80' lang='lat' dir='ltr'><strong><em>nec</em></strong></span> <span class='ocrx_word' id='word_1_391' title='bbox 974 3602 1163 3657; x_wconf 90' lang='lat' dir='ltr'><strong><em>agrum</em></strong></span> <span class='ocrx_word' id='word_1_392' title='bbox 1198 3586 1440 3641; x_wconf 84' lang='lat' dir='ltr'><strong><em>habens:</em></strong></span> <span class='ocrx_word' id='word_1_393' title='bbox 1482 3600 1593 3639; x_wconf 90' lang='lat' dir='ltr'><strong><em>non</em></strong></span> <span class='ocrx_word' id='word_1_394' title='bbox 1624 3594 1803 3640; x_wconf 86' lang='lat' dir='ltr'><strong><em>tamen</em></strong></span> <span class='ocrx_word' id='word_1_395' title='bbox 1838 3595 2060 3654; x_wconf 88' lang='lat' dir='ltr'><strong><em>propter</em></strong></span> <span class='ocrx_word' id='word_1_396' title='bbox 2089 3585 2192 3639; x_wconf 91' lang='lat' dir='ltr'><strong><em>hoc</em></strong></span> 
     </span>
    </p>
   </div>
   <div class='ocr_carea' id='block_1_52' title="bbox 614 3676 2187 3748">
    <p class='ocr_par' dir='ltr' id='par_1_52' title="bbox 614 3676 2187 3748">
     <span class='ocr_line' id='line_1_52' title="bbox 614 3676 2187 3748; baseline -0.004 -14"><span class='ocrx_word' id='word_1_397' title='bbox 614 3679 862 3734; x_wconf 87' lang='lat' dir='ltr'><strong><em>aufertur</em></strong></span> <span class='ocrx_word' id='word_1_398' title='bbox 891 3677 1161 3734; x_wconf 86' lang='lat' dir='ltr'><strong><em>libertatis</em></strong></span> <span class='ocrx_word' id='word_1_399' title='bbox 1189 3677 1424 3748; x_wconf 79' lang='lat' dir='ltr'><strong><em>dignitas</em></strong></span> <span class='ocrx_word' id='word_1_400' title='bbox 1448 3716 1463 3741; x_wconf 92' lang='lat'><strong><em>,</em></strong></span> <span class='ocrx_word' id='word_1_401' title='bbox 1498 3676 1949 3745; x_wconf 80' lang='lat' dir='ltr'><strong><em>quemadmodum</em></strong></span> <span class='ocrx_word' id='word_1_402' title='bbox 1980 3683 2035 3729; x_wconf 87' lang='lat' dir='ltr'><strong><em>et</em></strong></span> <span class='ocrx_word' id='word_1_403' title='bbox 2064 3690 2187 3729; x_wconf 91' lang='lat' dir='ltr'><strong><em>eum</em></strong></span> 
     </span>
    </p>
   </div>
   <div class='ocr_carea' id='block_1_53' title="bbox 614 3766 2192 3841">
    <p class='ocr_par' dir='ltr' id='par_1_53' title="bbox 614 3766 2192 3841">
     <span class='ocr_line' id='line_1_53' title="bbox 614 3766 2192 3841; baseline -0.003 -16"><span class='ocrx_word' id='word_1_404' title='bbox 614 3772 707 3841; x_wconf 89' lang='lat' dir='ltr'><strong><em>qui</em></strong></span> <span class='ocrx_word' id='word_1_405' title='bbox 730 3786 828 3841; x_wconf 87' lang='lat' dir='ltr'><strong><em>per</em></strong></span> <span class='ocrx_word' id='word_1_406' title='bbox 851 3786 953 3825; x_wconf 86' lang='lat' dir='ltr'><strong><em>nos</em></strong></span> <span class='ocrx_word' id='word_1_407' title='bbox 983 3785 1013 3823; x_wconf 87' lang='lat' dir='ltr'><strong><em>a</em></strong></span> <span class='ocrx_word' id='word_1_408' title='bbox 1045 3777 1271 3839; x_wconf 86' lang='lat' dir='ltr'><strong><em>peccato</em></strong></span> <span class='ocrx_word' id='word_1_409' title='bbox 1287 3783 1584 3823; x_wconf 84' lang='lat' dir='ltr'><strong><em>conversus</em></strong></span> <span class='ocrx_word' id='word_1_410' title='bbox 1612 3776 1717 3829; x_wconf 90' lang='lat' dir='ltr'><strong><em>est,</em></strong></span> <span class='ocrx_word' id='word_1_411' title='bbox 1739 3775 1971 3836; x_wconf 85' lang='lat' dir='ltr'><strong><em>oportet,</em></strong></span> <span class='ocrx_word' id='word_1_412' title='bbox 1991 3766 2035 3821; x_wconf 88' lang='lat' dir='ltr'><strong><em>si</em></strong></span> <span class='ocrx_word' id='word_1_413' title='bbox 2066 3774 2192 3821; x_wconf 88' lang='lat' dir='ltr'><strong><em>ante</em></strong></span> 
     </span>
    </p>
   </div>
   <div class='ocr_carea' id='block_1_54' title="bbox 615 3859 2192 3934">
    <p class='ocr_par' dir='ltr' id='par_1_54' title="bbox 615 3859 2192 3934">
     <span class='ocr_line' id='line_1_54' title="bbox 615 3859 2192 3934; baseline -0.004 -16"><span class='ocrx_word' id='word_1_414' title='bbox 615 3871 899 3934; x_wconf 87' lang='lat' dir='ltr'><strong><em>peccatum</em></strong></span> <span class='ocrx_word' id='word_1_415' title='bbox 931 3861 1099 3917; x_wconf 87' lang='lat' dir='ltr'><strong><em>frater</em></strong></span> <span class='ocrx_word' id='word_1_416' title='bbox 1120 3869 1307 3915; x_wconf 89' lang='lat' dir='ltr'><strong><em>noster</em></strong></span> <span class='ocrx_word' id='word_1_417' title='bbox 1333 3861 1630 3914; x_wconf 90' lang='lat' dir='ltr'><strong><em>secundum</em></strong></span> <span class='ocrx_word' id='word_1_418' title='bbox 1674 3859 2037 3929; x_wconf 67' lang='lat' dir='ltr'><strong><em>mqualitatem</em></strong></span> <span class='ocrx_word' id='word_1_419' title='bbox 2072 3875 2192 3930; x_wconf 88' lang='lat' dir='ltr'><strong><em>gra-</em></strong></span> 
     </span>
    </p>
   </div>
   <div class='ocr_carea' id='block_1_55' title="bbox 620 3951 2191 4024">
    <p class='ocr_par' dir='ltr' id='par_1_55' title="bbox 620 3951 2191 4024">
     <span class='ocr_line' id='line_1_55' title="bbox 620 3951 2191 4024; baseline -0.004 -13"><span class='ocrx_word' id='word_1_420' title='bbox 620 3959 726 4021; x_wconf 66' lang='lat' dir='ltr'><strong><em>tim,</em></strong></span> <span class='ocrx_word' id='word_1_421' title='bbox 748 3957 1120 4024; x_wconf 82' lang='lat' dir='ltr'><strong><em>honoremque</em></strong></span> <span class='ocrx_word' id='word_1_422' title='bbox 1147 3952 1577 4008; x_wconf 83' lang='lat' dir='ltr'><strong><em>conversationis</em></strong></span> <span class='ocrx_word' id='word_1_423' title='bbox 1607 3951 1722 4005; x_wconf 82' lang='lat' dir='ltr'><strong><em>fuit.</em></strong></span> <span class='ocrx_word' id='word_1_424' title='bbox 1765 3952 1900 4005; x_wconf 83' lang='lat' dir='ltr'><strong><em>Nam</em></strong></span> <span class='ocrx_word' id='word_1_425' title='bbox 1932 3951 2035 4006; x_wconf 84' lang='lat' dir='ltr'><strong><em>etsi</em></strong></span> <span class='ocrx_word' id='word_1_426' title='bbox 2064 3966 2191 4020; x_wconf 90' lang='lat' dir='ltr'><strong><em>pro-</em></strong></span> 
     </span>
    </p>
   </div>
   <div class='ocr_carea' id='block_1_56' title="bbox 618 4042 2191 4116">
    <p class='ocr_par' dir='ltr' id='par_1_56' title="bbox 618 4042 2191 4116">
     <span class='ocr_line' id='line_1_56' title="bbox 618 4042 2191 4116; baseline -0.003 -17"><span class='ocrx_word' id='word_1_427' title='bbox 618 4046 792 4116; x_wconf 84' lang='lat' dir='ltr'><strong><em>priam</em></strong></span> <span class='ocrx_word' id='word_1_428' title='bbox 842 4060 989 4100; x_wconf 90' lang='lat' dir='ltr'><strong><em>nunc</em></strong></span> <span class='ocrx_word' id='word_1_429' title='bbox 1030 4045 1253 4099; x_wconf 83' lang='lat' dir='ltr'><strong><em>domum</em></strong></span> <span class='ocrx_word' id='word_1_430' title='bbox 1290 4042 1537 4113; x_wconf 64' lang='lat' dir='ltr'><strong><em>iustitiae,</em></strong></span> <span class='ocrx_word' id='word_1_431' title='bbox 1572 4052 1668 4096; x_wconf 90' lang='lat' dir='ltr'><strong><em>aut</em></strong></span> <span class='ocrx_word' id='word_1_432' title='bbox 1698 4058 1885 4113; x_wconf 86' lang='lat' dir='ltr'><strong><em>agrum</em></strong></span> <span class='ocrx_word' id='word_1_433' title='bbox 1910 4043 2191 4112; x_wconf 89' lang='lat' dir='ltr'><strong><em>proprium</em></strong></span> 
     </span>
    </p>
   </div>
   <div class='ocr_carea' id='block_1_57' title="bbox 616 4134 2192 4204">
    <p class='ocr_par' dir='ltr' id='par_1_57' title="bbox 616 4134 2192 4204">
     <span class='ocr_line' id='line_1_57' title="bbox 616 4134 2192 4204; baseline -0.001 -13"><span class='ocrx_word' id='word_1_434' title='bbox 616 4139 836 4192; x_wconf 79' lang='lat' dir='ltr'><strong><em>virtutis</em></strong></span> <span class='ocrx_word' id='word_1_435' title='bbox 867 4152 976 4193; x_wconf 84' lang='lat' dir='ltr'><strong><em>non</em></strong></span> <span class='ocrx_word' id='word_1_436' title='bbox 1002 4136 1195 4193; x_wconf 85' lang='lat' dir='ltr'><strong><em>habet.</em></strong></span> <span class='ocrx_word' id='word_1_437' title='bbox 1227 4150 1355 4189; x_wconf 88' lang='lat' dir='ltr'><strong><em>cum</em></strong></span> <span class='ocrx_word' id='word_1_438' title='bbox 1382 4134 1671 4204; x_wconf 86' lang='lat' dir='ltr'><strong><em>aliquando</em></strong></span> <span class='ocrx_word' id='word_1_439' title='bbox 1702 4135 2011 4199; x_wconf 85' lang='lat' dir='ltr'><strong><em>habuisset,</em></strong></span> <span class='ocrx_word' id='word_1_440' title='bbox 2046 4135 2192 4189; x_wconf 89' lang='lat' dir='ltr'><strong><em>unde</em></strong></span> 
     </span>
    </p>
   </div>
   <div class='ocr_carea' id='block_1_58' title="bbox 617 4226 2191 4295">
    <p class='ocr_par' dir='ltr' id='par_1_58' title="bbox 617 4226 2191 4295">
     <span class='ocr_line' id='line_1_58' title="bbox 617 4226 2191 4295; baseline -0.002 -13"><span class='ocrx_word' id='word_1_441' title='bbox 617 4246 727 4283; x_wconf 91' lang='lat' dir='ltr'><strong><em>non</em></strong></span> <span class='ocrx_word' id='word_1_442' title='bbox 751 4229 903 4293; x_wconf 82' lang='lat' dir='ltr'><strong><em>dixit,</em></strong></span> <span class='ocrx_word' id='word_1_443' title='bbox 938 4227 1329 4293; x_wconf 88' lang='lat' dir='ltr'><strong><em>mercenarius,</em></strong></span> <span class='ocrx_word' id='word_1_444' title='bbox 1358 4237 1451 4280; x_wconf 91' lang='lat' dir='ltr'><strong><em>aut</em></strong></span> <span class='ocrx_word' id='word_1_445' title='bbox 1484 4228 1725 4290; x_wconf 88' lang='lat' dir='ltr'><strong><em>colonus,</em></strong></span> <span class='ocrx_word' id='word_1_446' title='bbox 1760 4226 1843 4279; x_wconf 88' lang='lat' dir='ltr'><strong><em>vel</em></strong></span> <span class='ocrx_word' id='word_1_447' title='bbox 1891 4226 2191 4295; x_wconf 85' lang='lat' dir='ltr'><strong><em>inquilinus</em></strong></span> 
     </span>
    </p>
   </div>
   <div class='ocr_carea' id='block_1_59' title="bbox 617 4316 2181 4390">
    <p class='ocr_par' dir='ltr' id='par_1_59' title="bbox 617 4316 2181 4390">
     <span class='ocr_line' id='line_1_59' title="bbox 617 4316 2181 4390; baseline -0.004 -16"><span class='ocrx_word' id='word_1_448' title='bbox 617 4322 745 4385; x_wconf 82' lang='lat' dir='ltr'><strong><em>erit,</em></strong></span> <span class='ocrx_word' id='word_1_449' title='bbox 778 4320 893 4384; x_wconf 89' lang='lat' dir='ltr'><strong><em>sed,</em></strong></span> <span class='ocrx_word' id='word_1_450' title='bbox 930 4320 1083 4390; x_wconf 85' lang='lat' dir='ltr'><strong><em>quasi</em></strong></span> <span class='ocrx_word' id='word_1_451' title='bbox 1114 4320 1505 4380; x_wconf 84' lang='lat' dir='ltr'><strong><em>mercenarius,</em></strong></span> <span class='ocrx_word' id='word_1_452' title='bbox 1538 4328 1592 4371; x_wconf 88' lang='lat' dir='ltr'><strong><em>et</em></strong></span> <span class='ocrx_word' id='word_1_453' title='bbox 1622 4320 1869 4380; x_wconf 88' lang='lat' dir='ltr'><strong><em>colonus,</em></strong></span> <span class='ocrx_word' id='word_1_454' title='bbox 1895 4316 1977 4370; x_wconf 87' lang='lat' dir='ltr'><strong><em>vel</em></strong></span> <span class='ocrx_word' id='word_1_455' title='bbox 2006 4316 2181 4385; x_wconf 88' lang='lat' dir='ltr'><strong><em>inqui-</em></strong></span> 
     </span>
    </p>
   </div>
   <div class='ocr_carea' id='block_1_60' title="bbox 618 4408 2194 4477">
    <p class='ocr_par' dir='ltr' id='par_1_60' title="bbox 618 4408 2194 4477">
     <span class='ocr_line' id='line_1_60' title="bbox 618 4408 2194 4477; baseline -0.004 -9"><span class='ocrx_word' id='word_1_456' title='bbox 618 4415 764 4469; x_wconf 89' lang='lat' dir='ltr'><strong><em>linus</em></strong></span> <span class='ocrx_word' id='word_1_457' title='bbox 800 4414 903 4467; x_wconf 89' lang='lat' dir='ltr'><strong><em>erit</em></strong></span> <span class='ocrx_word' id='word_1_458' title='bbox 931 4413 1025 4466; x_wconf 91' lang='lat' dir='ltr'><strong><em>tibi</em></strong></span> <span class='ocrx_word' id='word_1_459' title='bbox 1060 4430 1071 4464; x_wconf 91' lang='lat'><strong><em>:</em></strong></span> <span class='ocrx_word' id='word_1_460' title='bbox 1109 4412 1163 4466; x_wconf 88' lang='lat' dir='ltr'><strong><em>in</em></strong></span> <span class='ocrx_word' id='word_1_461' title='bbox 1192 4411 1391 4465; x_wconf 83' lang='lat' dir='ltr'><strong><em>nostris</em></strong></span> <span class='ocrx_word' id='word_1_462' title='bbox 1414 4410 1558 4463; x_wconf 89' lang='lat' dir='ltr'><strong><em>enim</em></strong></span> <span class='ocrx_word' id='word_1_463' title='bbox 1596 4409 1841 4462; x_wconf 85' lang='lat' dir='ltr'><strong><em>habitare</em></strong></span> <span class='ocrx_word' id='word_1_464' title='bbox 1860 4423 2000 4477; x_wconf 91' lang='lat' dir='ltr'><strong><em>opus</em></strong></span> <span class='ocrx_word' id='word_1_465' title='bbox 2029 4408 2194 4462; x_wconf 84' lang='lat' dir='ltr'><strong><em>habet</em></strong></span> 
     </span>
    </p>
   </div>
   <div class='ocr_carea' id='block_1_61' title="bbox 616 4498 2191 4573">
    <p class='ocr_par' dir='ltr' id='par_1_61' title="bbox 616 4498 2191 4573">
     <span class='ocr_line' id='line_1_61' title="bbox 616 4498 2191 4573; baseline -0.004 -14"><span class='ocrx_word' id='word_1_466' title='bbox 616 4512 671 4559; x_wconf 82' lang='lat' dir='ltr'><strong><em>et</em></strong></span> <span class='ocrx_word' id='word_1_467' title='bbox 702 4502 939 4573; x_wconf 82' lang='lat' dir='ltr'><strong><em>operari,</em></strong></span> <span class='ocrx_word' id='word_1_468' title='bbox 982 4501 1037 4559; x_wconf 90' lang='lat' dir='ltr'><strong><em>id</em></strong></span> <span class='ocrx_word' id='word_1_469' title='bbox 1075 4510 1161 4557; x_wconf 84' lang='lat' dir='ltr'><strong><em>est</em></strong></span> <span class='ocrx_word' id='word_1_470' title='bbox 1182 4540 1196 4564; x_wconf 91' lang='lat'><strong><em>,</em></strong></span> <span class='ocrx_word' id='word_1_471' title='bbox 1229 4501 1299 4555; x_wconf 90' lang='lat' dir='ltr'><strong><em>ad</em></strong></span> <span class='ocrx_word' id='word_1_472' title='bbox 1328 4507 1542 4555; x_wconf 88' lang='lat' dir='ltr'><strong><em>nostras</em></strong></span> <span class='ocrx_word' id='word_1_473' title='bbox 1568 4498 1998 4563; x_wconf 80' lang='lat' dir='ltr'><strong><em>exhortationes,</em></strong></span> <span class='ocrx_word' id='word_1_474' title='bbox 2031 4514 2191 4568; x_wconf 80' lang='lat' dir='ltr'><strong><em>regu-</em></strong></span> 
     </span>
    </p>
   </div>
   <div class='ocr_carea' id='block_1_62' title="bbox 2290 2024 3795 2093">
    <p class='ocr_par' dir='ltr' id='par_1_62' title="bbox 2290 2024 3795 2093">
     <span class='ocr_line' id='line_1_62' title="bbox 2290 2024 3795 2093; baseline -0.003 -12"><span class='ocrx_word' id='word_1_475' title='bbox 2290 2027 2487 2081; x_wconf 81' lang='lat' dir='ltr'><strong><em>Paulo:</em></strong></span> <span class='ocrx_word' id='word_1_476' title='bbox 2516 2026 2695 2080; x_wconf 87' lang='lat' dir='ltr'><strong><em>Prelio</em></strong></span> <span class='ocrx_word' id='word_1_477' title='bbox 2718 2025 2878 2093; x_wconf 84' lang='lat' dir='ltr'><strong><em>empti</em></strong></span> <span class='ocrx_word' id='word_1_478' title='bbox 2911 2026 3053 2086; x_wconf 87' lang='lat' dir='ltr'><strong><em>estis,</em></strong></span> <span class='ocrx_word' id='word_1_479' title='bbox 3092 2024 3252 2076; x_wconf 87' lang='lat' dir='ltr'><strong><em>nolite</em></strong></span> <span class='ocrx_word' id='word_1_480' title='bbox 3281 2024 3400 2092; x_wconf 76' lang='lat' dir='ltr'><strong><em>ﬁeri</em></strong></span> <span class='ocrx_word' id='word_1_481' title='bbox 3423 2024 3551 2076; x_wconf 82' lang='lat' dir='ltr'><strong><em>serri</em></strong></span> <span class='ocrx_word' id='word_1_482' title='bbox 3573 2024 3795 2076; x_wconf 79' lang='lat' dir='ltr'><strong><em>hominum.</em></strong></span> 
     </span>
    </p>
   </div>
   <div class='ocr_carea' id='block_1_63' title="bbox 2291 2115 2883 2173">
    <p class='ocr_par' dir='ltr' id='par_1_63' title="bbox 2291 2115 2883 2173">
     <span class='ocr_line' id='line_1_63' title="bbox 2291 2115 2883 2173; baseline -0.01 0"><span class='ocrx_word' id='word_1_483' title='bbox 2291 2118 2398 2173; x_wconf 87' lang='lat' dir='ltr'><strong><em>Sed</em></strong></span> <span class='ocrx_word' id='word_1_484' title='bbox 2431 2125 2485 2171; x_wconf 91' lang='lat' dir='ltr'><strong><em>ct</em></strong></span> <span class='ocrx_word' id='word_1_485' title='bbox 2517 2118 2619 2171; x_wconf 92' lang='lat' dir='ltr'><strong><em>hoc</em></strong></span> <span class='ocrx_word' id='word_1_486' title='bbox 2647 2115 2883 2170; x_wconf 87' lang='lat' dir='ltr'><strong><em>addidit:</em></strong></span> 
     </span>
    </p>
   </div>
   <div class='ocr_carea' id='block_1_64' title="bbox 2360 2204 3795 2277">
    <p class='ocr_par' dir='ltr' id='par_1_64' title="bbox 2360 2204 3795 2277">
     <span class='ocr_line' id='line_1_64' title="bbox 2360 2204 3795 2277; baseline -0.004 -14"><span class='ocrx_word' id='word_1_487' title='bbox 2360 2209 2521 2263; x_wconf 74' lang='lat' dir='ltr'><strong><em>Vens.</em></strong></span> <span class='ocrx_word' id='word_1_488' title='bbox 2560 2208 2647 2261; x_wconf 68' lang='grc'><strong><em>45.</em></strong></span> <span class='ocrx_word' id='word_1_489' title='bbox 2691 2227 2708 2258; x_wconf 74' lang='grc' dir='ltr'>ι</span> <span class='ocrx_word' id='word_1_490' title='bbox 2748 2204 2825 2260; x_wconf 84' lang='lat' dir='ltr'><strong><em>Ne</em></strong></span> <span class='ocrx_word' id='word_1_491' title='bbox 2858 2206 3061 2277; x_wconf 77' lang='lat' dir='ltr'><strong><em>alliigas</em></strong></span> <span class='ocrx_word' id='word_1_492' title='bbox 3105 2221 3231 2261; x_wconf 90' lang='lat' dir='ltr'><strong><em>eum</em></strong></span> <span class='ocrx_word' id='word_1_493' title='bbox 3283 2221 3381 2275; x_wconf 85' lang='lat' dir='ltr'><strong><em>per</em></strong></span> <span class='ocrx_word' id='word_1_494' title='bbox 3409 2204 3693 2274; x_wconf 85' lang='lat' dir='ltr'><strong><em>potentiam,</em></strong></span> <span class='ocrx_word' id='word_1_495' title='bbox 3732 2204 3795 2257; x_wconf 78' lang='lat' dir='ltr'><strong><em>sed</em></strong></span> 
     </span>
    </p>
   </div>
   <div class='ocr_carea' id='block_1_65' title="bbox 2290 2299 3053 2354">
    <p class='ocr_par' dir='ltr' id='par_1_65' title="bbox 2290 2299 3053 2354">
     <span class='ocr_line' id='line_1_65' title="bbox 2290 2299 3053 2354; baseline -0.004 -1"><span class='ocrx_word' id='word_1_496' title='bbox 2290 2300 2518 2354; x_wconf 88' lang='lat' dir='ltr'><strong><em>metuito</em></strong></span> <span class='ocrx_word' id='word_1_497' title='bbox 2552 2299 2720 2353; x_wconf 89' lang='lat' dir='ltr'><strong><em>Deum</em></strong></span> <span class='ocrx_word' id='word_1_498' title='bbox 2754 2310 2906 2353; x_wconf 91' lang='lat' dir='ltr'><strong><em>tuum</em></strong></span> <span class='ocrx_word' id='word_1_499' title='bbox 2934 2302 2997 2353; x_wconf 71' lang='grc'><strong><em>³⁸.</em></strong></span> <span class='ocrx_word' id='word_1_500' title='bbox 3036 2317 3053 2349; x_wconf 85' lang='grc'><strong>›</strong></span> 
     </span>
    </p>
   </div>
   <div class='ocr_carea' id='block_1_66' title="bbox 2361 2389 3793 2459">
    <p class='ocr_par' dir='ltr' id='par_1_66' title="bbox 2361 2389 3793 2459">
     <span class='ocr_line' id='line_1_66' title="bbox 2361 2389 3793 2459; baseline -0.003 -15"><span class='ocrx_word' id='word_1_501' title='bbox 2361 2389 2592 2459; x_wconf 86' lang='lat' dir='ltr'><strong><em>Oportet</em></strong></span> <span class='ocrx_word' id='word_1_502' title='bbox 2641 2390 2788 2444; x_wconf 88' lang='lat' dir='ltr'><strong><em>enim</em></strong></span> <span class='ocrx_word' id='word_1_503' title='bbox 2833 2390 3104 2444; x_wconf 88' lang='lat' dir='ltr'><strong><em>moderari</em></strong></span> <span class='ocrx_word' id='word_1_504' title='bbox 3164 2404 3268 2442; x_wconf 89' lang='lat' dir='ltr'><strong><em>nos</em></strong></span> <span class='ocrx_word' id='word_1_505' title='bbox 3303 2389 3489 2457; x_wconf 79' lang='lat' dir='ltr'><strong><em>iugum</em></strong></span> <span class='ocrx_word' id='word_1_506' title='bbox 3541 2395 3793 2439; x_wconf 85' lang='lat' dir='ltr'><strong><em>converten-</em></strong></span> 
     </span>
    </p>
   </div>
   <div class='ocr_carea' id='block_1_67' title="bbox 2294 2477 3791 2549">
    <p class='ocr_par' dir='ltr' id='par_1_67' title="bbox 2294 2477 3791 2549">
     <span class='ocr_line' id='line_1_67' title="bbox 2294 2477 3791 2549; baseline -0.004 -12"><span class='ocrx_word' id='word_1_507' title='bbox 2294 2484 2429 2537; x_wconf 89' lang='lat' dir='ltr'><strong><em>tium</em></strong></span> <span class='ocrx_word' id='word_1_508' title='bbox 2450 2524 2463 2544; x_wconf 87' lang='lat'><strong><em>,</em></strong></span> <span class='ocrx_word' id='word_1_509' title='bbox 2493 2492 2547 2537; x_wconf 90' lang='lat' dir='ltr'><strong><em>et</em></strong></span> <span class='ocrx_word' id='word_1_510' title='bbox 2587 2482 2781 2537; x_wconf 90' lang='lat' dir='ltr'><strong><em>timere</em></strong></span> <span class='ocrx_word' id='word_1_511' title='bbox 2813 2482 2985 2536; x_wconf 88' lang='lat' dir='ltr'><strong><em>Deum</em></strong></span> <span class='ocrx_word' id='word_1_512' title='bbox 3021 2490 3275 2536; x_wconf 89' lang='lat' dir='ltr'><strong><em>nostrum</em></strong></span> <span class='ocrx_word' id='word_1_513' title='bbox 3301 2520 3315 2544; x_wconf 96' lang='lat'><strong><em>,</em></strong></span> <span class='ocrx_word' id='word_1_514' title='bbox 3343 2480 3431 2549; x_wconf 87' lang='lat' dir='ltr'><strong><em>qui</em></strong></span> <span class='ocrx_word' id='word_1_515' title='bbox 3467 2479 3619 2533; x_wconf 70' lang='lat' dir='ltr'><strong><em>dixit:</em></strong></span> <span class='ocrx_word' id='word_1_516' title='bbox 3650 2477 3701 2529; x_wconf 88' lang='lat' dir='ltr'><strong><em>In</em></strong></span> <span class='ocrx_word' id='word_1_517' title='bbox 3725 2496 3791 2548; x_wconf 73' lang='lat' dir='ltr'><strong><em>quo</em></strong></span> 
     </span>
    </p>
   </div>
   <div class='ocr_carea' id='block_1_68' title="bbox 2281 2570 3790 2644">
    <p class='ocr_par' dir='ltr' id='par_1_68' title="bbox 2281 2570 3790 2644">
     <span class='ocr_line' id='line_1_68' title="bbox 2281 2570 3790 2644; baseline -0.005 -17"><span class='ocrx_word' id='word_1_518' title='bbox 2281 2576 2487 2641; x_wconf 87' lang='lat' dir='ltr'><strong><em>judicio</em></strong></span> <span class='ocrx_word' id='word_1_519' title='bbox 2508 2574 2896 2644; x_wconf 83' lang='lat' dir='ltr'><strong><em>judicaveritis,</em></strong></span> <span class='ocrx_word' id='word_1_520' title='bbox 2915 2570 3317 2643; x_wconf 85' lang='lat' dir='ltr'><strong><em>judicabimini,</em></strong></span> <span class='ocrx_word' id='word_1_521' title='bbox 3345 2582 3395 2624; x_wconf 88' lang='lat' dir='ltr'><strong><em>et</em></strong></span> <span class='ocrx_word' id='word_1_522' title='bbox 3418 2574 3473 2623; x_wconf 88' lang='lat' dir='ltr'><strong><em>in</em></strong></span> <span class='ocrx_word' id='word_1_523' title='bbox 3500 2586 3592 2641; x_wconf 84' lang='lat' dir='ltr'><strong><em>qua</em></strong></span> <span class='ocrx_word' id='word_1_524' title='bbox 3614 2586 3790 2622; x_wconf 72' lang='lat' dir='ltr'><strong><em>mensura</em></strong></span> 
     </span>
    </p>
   </div>
   <div class='ocr_carea' id='block_1_69' title="bbox 2294 2664 3233 2735">
    <p class='ocr_par' dir='ltr' id='par_1_69' title="bbox 2294 2664 3233 2735">
     <span class='ocr_line' id='line_1_69' title="bbox 2294 2664 3233 2735; baseline -0.003 -15"><span class='ocrx_word' id='word_1_525' title='bbox 2294 2668 2454 2720; x_wconf 78' lang='lat' dir='ltr'><strong><em>mensi</em></strong></span> <span class='ocrx_word' id='word_1_526' title='bbox 2476 2666 2703 2735; x_wconf 79' lang='lat' dir='ltr'><strong><em>fueritis,</em></strong></span> <span class='ocrx_word' id='word_1_527' title='bbox 2736 2666 2979 2717; x_wconf 74' lang='lat' dir='ltr'><strong><em>metiatur</em></strong></span> <span class='ocrx_word' id='word_1_528' title='bbox 3000 2664 3140 2717; x_wconf 86' lang='lat' dir='ltr'><strong><em>vobis</em></strong></span> <span class='ocrx_word' id='word_1_529' title='bbox 3162 2664 3233 2717; x_wconf 82' lang='grc'><strong><em>³³.</em></strong></span> 
     </span>
    </p>
   </div>
   <div class='ocr_carea' id='block_1_70' title="bbox 2364 2751 3789 2812">
    <p class='ocr_par' dir='ltr' id='par_1_70' title="bbox 2364 2751 3789 2812">
     <span class='ocr_line' id='line_1_70' title="bbox 2364 2751 3789 2812; baseline -0.008 0"><span class='ocrx_word' id='word_1_530' title='bbox 2364 2758 2522 2812; x_wconf 77' lang='lat' dir='ltr'><strong><em>Vens.</em></strong></span> <span class='ocrx_word' id='word_1_531' title='bbox 2556 2756 2745 2812; x_wconf 60' lang='lat'><strong><em>44—56.</em></strong></span> <span class='ocrx_word' id='word_1_532' title='bbox 2786 2777 2802 2808; x_wconf 84' lang='grc'><strong><em>‹</em></strong></span> <span class='ocrx_word' id='word_1_533' title='bbox 2842 2756 3045 2809; x_wconf 88' lang='lat' dir='ltr'><strong><em>Servus</em></strong></span> <span class='ocrx_word' id='word_1_534' title='bbox 3071 2764 3126 2810; x_wconf 89' lang='lat' dir='ltr'><strong><em>et</em></strong></span> <span class='ocrx_word' id='word_1_535' title='bbox 3151 2754 3353 2809; x_wconf 86' lang='lat' dir='ltr'><strong><em>ancilla</em></strong></span> <span class='ocrx_word' id='word_1_536' title='bbox 3384 2754 3454 2806; x_wconf 89' lang='lat' dir='ltr'><strong><em>sit</em></strong></span> <span class='ocrx_word' id='word_1_537' title='bbox 3483 2752 3619 2805; x_wconf 86' lang='lat' dir='ltr'><strong><em>vobis</em></strong></span> <span class='ocrx_word' id='word_1_538' title='bbox 3649 2751 3700 2805; x_wconf 88' lang='lat' dir='ltr'><strong><em>de</em></strong></span> <span class='ocrx_word' id='word_1_539' title='bbox 3723 2766 3789 2803; x_wconf 82' lang='lat' dir='ltr'><strong><em>na-</em></strong></span> 
     </span>
    </p>
   </div>
   <div class='ocr_carea' id='block_1_71' title="bbox 2295 2844 3786 2919">
    <p class='ocr_par' dir='ltr' id='par_1_71' title="bbox 2295 2844 3786 2919">
     <span class='ocr_line' id='line_1_71' title="bbox 2295 2844 3786 2919; baseline -0.008 -14"><span class='ocrx_word' id='word_1_540' title='bbox 2295 2851 2538 2906; x_wconf 87' lang='lat' dir='ltr'><strong><em>tionibus</em></strong></span> <span class='ocrx_word' id='word_1_541' title='bbox 2563 2890 2578 2914; x_wconf 94' lang='lat'><strong><em>,</em></strong></span> <span class='ocrx_word' id='word_1_542' title='bbox 2608 2865 2729 2919; x_wconf 66' lang='lat' dir='ltr'><strong><em>qum</em></strong></span> <span class='ocrx_word' id='word_1_543' title='bbox 2758 2850 2813 2903; x_wconf 91' lang='lat' dir='ltr'><strong><em>in</em></strong></span> <span class='ocrx_word' id='word_1_544' title='bbox 2841 2849 3072 2903; x_wconf 88' lang='lat' dir='ltr'><strong><em>circuitu</em></strong></span> <span class='ocrx_word' id='word_1_545' title='bbox 3101 2858 3290 2903; x_wconf 85' lang='lat' dir='ltr'><strong><em>vestro</em></strong></span> <span class='ocrx_word' id='word_1_546' title='bbox 3315 2854 3441 2901; x_wconf 90' lang='lat' dir='ltr'><strong><em>sunt</em></strong></span> <span class='ocrx_word' id='word_1_547' title='bbox 3469 2887 3483 2910; x_wconf 93' lang='lat'><strong><em>,</em></strong></span> <span class='ocrx_word' id='word_1_548' title='bbox 3512 2854 3560 2899; x_wconf 89' lang='lat' dir='ltr'><strong><em>et</em></strong></span> <span class='ocrx_word' id='word_1_549' title='bbox 3590 2844 3647 2898; x_wconf 76' lang='lat' dir='ltr'><strong><em>de</em></strong></span> <span class='ocrx_word' id='word_1_550' title='bbox 3673 2844 3786 2896; x_wconf 76' lang='lat' dir='ltr'><strong><em>adve-</em></strong></span> 
     </span>
    </p>
   </div>
   <div class='ocr_carea' id='block_1_72' title="bbox 2292 2932 3786 3014">
    <p class='ocr_par' dir='ltr' id='par_1_72' title="bbox 2292 2932 3786 3014">
     <span class='ocr_line' id='line_1_72' title="bbox 2292 2932 3786 3014; baseline -0.01 -17"><span class='ocrx_word' id='word_1_551' title='bbox 2292 2946 2398 3008; x_wconf 91' lang='lat' dir='ltr'><strong><em>nis,</em></strong></span> <span class='ocrx_word' id='word_1_552' title='bbox 2429 2944 2519 3014; x_wconf 90' lang='lat' dir='ltr'><strong><em>qui</em></strong></span> <span class='ocrx_word' id='word_1_553' title='bbox 2545 2943 2962 3013; x_wconf 80' lang='lat' dir='ltr'><strong><em>peregrinantur</em></strong></span> <span class='ocrx_word' id='word_1_554' title='bbox 2990 2941 3132 3011; x_wconf 89' lang='lat' dir='ltr'><strong><em>apud</em></strong></span> <span class='ocrx_word' id='word_1_555' title='bbox 3170 2956 3292 3003; x_wconf 86' lang='lat' dir='ltr'><strong><em>vos,</em></strong></span> <span class='ocrx_word' id='word_1_556' title='bbox 3321 2938 3404 2992; x_wconf 88' lang='lat' dir='ltr'><strong><em>vel</em></strong></span> <span class='ocrx_word' id='word_1_557' title='bbox 3431 2938 3513 3007; x_wconf 88' lang='lat' dir='ltr'><strong><em>qui</em></strong></span> <span class='ocrx_word' id='word_1_558' title='bbox 3543 2951 3600 2989; x_wconf 78' lang='lat' dir='ltr'><strong><em>ex</em></strong></span> <span class='ocrx_word' id='word_1_559' title='bbox 3624 2933 3691 2986; x_wconf 84' lang='lat' dir='ltr'><strong><em>his</em></strong></span> <span class='ocrx_word' id='word_1_560' title='bbox 3714 2932 3786 2984; x_wconf 83' lang='lat' dir='ltr'><strong><em>nati</em></strong></span> 
     </span>
    </p>
   </div>
   <div class='ocr_carea' id='block_1_73' title="bbox 2292 3027 3785 3094">
    <p class='ocr_par' dir='ltr' id='par_1_73' title="bbox 2292 3027 3785 3094">
     <span class='ocr_line' id='line_1_73' title="bbox 2292 3027 3785 3094; baseline -0.012 -3"><span class='ocrx_word' id='word_1_561' title='bbox 2292 3036 2498 3091; x_wconf 86' lang='lat' dir='ltr'><strong><em>fuerint</em></strong></span> <span class='ocrx_word' id='word_1_562' title='bbox 2544 3036 2598 3089; x_wconf 90' lang='lat' dir='ltr'><strong><em>in</em></strong></span> <span class='ocrx_word' id='word_1_563' title='bbox 2635 3045 2776 3089; x_wconf 91' lang='lat' dir='ltr'><strong><em>terra</em></strong></span> <span class='ocrx_word' id='word_1_564' title='bbox 2812 3043 3031 3094; x_wconf 88' lang='lat' dir='ltr'><strong><em>vestra,</em></strong></span> <span class='ocrx_word' id='word_1_565' title='bbox 3076 3035 3175 3087; x_wconf 90' lang='lat' dir='ltr'><strong><em>hos</em></strong></span> <span class='ocrx_word' id='word_1_566' title='bbox 3229 3031 3493 3086; x_wconf 87' lang='lat' dir='ltr'><strong><em>habebitis</em></strong></span> <span class='ocrx_word' id='word_1_567' title='bbox 3524 3027 3726 3083; x_wconf 76' lang='lat' dir='ltr'><strong><em>famulos,</em></strong></span> <span class='ocrx_word' id='word_1_568' title='bbox 3751 3033 3785 3074; x_wconf 78' lang='lat' dir='ltr'><strong><em>et</em></strong></span> 
     </span>
    </p>
   </div>
   <div class='ocr_carea' id='block_1_74' title="bbox 2293 3129 3785 3201">
    <p class='ocr_par' dir='ltr' id='par_1_74' title="bbox 2293 3129 3785 3201">
     <span class='ocr_line' id='line_1_74' title="bbox 2293 3129 3785 3201; baseline -0.008 -15"><span class='ocrx_word' id='word_1_569' title='bbox 2293 3131 2637 3187; x_wconf 68' lang='lat' dir='ltr'><strong><em>hrcreditario</em></strong></span> <span class='ocrx_word' id='word_1_570' title='bbox 2661 3132 2783 3201; x_wconf 88' lang='lat' dir='ltr'><strong><em>jure</em></strong></span> <span class='ocrx_word' id='word_1_571' title='bbox 2814 3129 3201 3183; x_wconf 86' lang='lat' dir='ltr'><strong><em>transmittetis</em></strong></span> <span class='ocrx_word' id='word_1_572' title='bbox 3231 3129 3297 3183; x_wconf 91' lang='lat' dir='ltr'><strong><em>ad</em></strong></span> <span class='ocrx_word' id='word_1_573' title='bbox 3335 3137 3582 3198; x_wconf 89' lang='lat' dir='ltr'><strong><em>posteros,</em></strong></span> <span class='ocrx_word' id='word_1_574' title='bbox 3612 3139 3663 3175; x_wconf 88' lang='lat' dir='ltr'><strong><em>ac</em></strong></span> <span class='ocrx_word' id='word_1_575' title='bbox 3699 3136 3785 3189; x_wconf 81' lang='lat' dir='ltr'><strong><em>pos-</em></strong></span> 
     </span>
    </p>
   </div>
   <div class='ocr_carea' id='block_1_75' title="bbox 2293 3214 3783 3279">
    <p class='ocr_par' dir='ltr' id='par_1_75' title="bbox 2293 3214 3783 3279">
     <span class='ocr_line' id='line_1_75' title="bbox 2293 3214 3783 3279; baseline -0.009 -1"><span class='ocrx_word' id='word_1_576' title='bbox 2293 3224 2536 3279; x_wconf 87' lang='lat' dir='ltr'><strong><em>sidebitis</em></strong></span> <span class='ocrx_word' id='word_1_577' title='bbox 2568 3225 2620 3277; x_wconf 86' lang='lat' dir='ltr'><strong><em>in</em></strong></span> <span class='ocrx_word' id='word_1_578' title='bbox 2657 3234 2944 3278; x_wconf 64' lang='lat' dir='ltr'><strong><em>aeternum.</em></strong></span> <span class='ocrx_word' id='word_1_579' title='bbox 2983 3220 3204 3277; x_wconf 84' lang='lat' dir='ltr'><strong><em>Fratres</em></strong></span> <span class='ocrx_word' id='word_1_580' title='bbox 3260 3233 3437 3275; x_wconf 88' lang='lat' dir='ltr'><strong><em>autem</em></strong></span> <span class='ocrx_word' id='word_1_581' title='bbox 3470 3228 3650 3273; x_wconf 84' lang='lat' dir='ltr'><strong><em>vestros</em></strong></span> <span class='ocrx_word' id='word_1_582' title='bbox 3690 3214 3783 3266; x_wconf 74' lang='lat' dir='ltr'><strong><em>titius</em></strong></span> 
     </span>
    </p>
   </div>
   <div class='ocr_carea' id='block_1_76' title="bbox 2293 3292 3609 3385">
    <p class='ocr_par' dir='ltr' id='par_1_76' title="bbox 2293 3292 3609 3385">
     <span class='ocr_line' id='line_1_76' title="bbox 2293 3292 3609 3385; baseline -0.006 -17"><span class='ocrx_word' id='word_1_583' title='bbox 2293 3314 2478 3382; x_wconf 86' lang='lat' dir='ltr'><strong><em>Israel,</em></strong></span> <span class='ocrx_word' id='word_1_584' title='bbox 2501 3330 2571 3369; x_wconf 88' lang='lat' dir='ltr'><strong><em>ne</em></strong></span> <span class='ocrx_word' id='word_1_585' title='bbox 2597 3315 2920 3385; x_wconf 89' lang='lat' dir='ltr'><strong><em>opprimatis</em></strong></span> <span class='ocrx_word' id='word_1_586' title='bbox 2943 3330 3040 3384; x_wconf 91' lang='lat' dir='ltr'><strong><em>per</em></strong></span> <span class='ocrx_word' id='word_1_587' title='bbox 3070 3314 3395 3383; x_wconf 87' lang='lat' dir='ltr'><strong><em>potentiam.</em></strong></span> <span class='ocrx_word' id='word_1_588' title='bbox 3421 3331 3437 3361; x_wconf 77' lang='grc' dir='ltr'><strong><em>ι</em></strong></span> <span class='ocrx_word' id='word_1_589' title='bbox 3596 3292 3609 3307; x_wconf 74' lang='grc'>’</span> 
     </span>
    </p>
   </div>
   <div class='ocr_carea' id='block_1_77' title="bbox 2324 3397 3782 3479">
    <p class='ocr_par' dir='ltr' id='par_1_77' title="bbox 2324 3397 3782 3479">
     <span class='ocr_line' id='line_1_77' title="bbox 2324 3397 3782 3479; baseline -0.012 -15"><span class='ocrx_word' id='word_1_590' title='bbox 2324 3407 2482 3477; x_wconf 84' lang='lat' dir='ltr'><strong><em>&#39;_Non</em></strong></span> <span class='ocrx_word' id='word_1_591' title='bbox 2517 3416 2699 3479; x_wconf 91' lang='lat' dir='ltr'><strong><em>potest</em></strong></span> <span class='ocrx_word' id='word_1_592' title='bbox 2720 3409 2881 3479; x_wconf 86' lang='lat' dir='ltr'><strong><em>digne</em></strong></span> <span class='ocrx_word' id='word_1_593' title='bbox 2910 3408 3119 3461; x_wconf 84' lang='lat' dir='ltr'><strong><em>laudari</em></strong></span> <span class='ocrx_word' id='word_1_594' title='bbox 3145 3408 3385 3460; x_wconf 87' lang='lat' dir='ltr'><strong><em>varietas</em></strong></span> <span class='ocrx_word' id='word_1_595' title='bbox 3409 3413 3461 3457; x_wconf 91' lang='lat' dir='ltr'><strong><em>et</em></strong></span> <span class='ocrx_word' id='word_1_596' title='bbox 3496 3397 3782 3468; x_wconf 80' lang='lat' dir='ltr'><strong><em>multiplicius</em></strong></span> 
     </span>
    </p>
   </div>
   <div class='ocr_carea' id='block_1_78' title="bbox 2292 3488 3783 3569">
    <p class='ocr_par' dir='ltr' id='par_1_78' title="bbox 2292 3488 3783 3569">
     <span class='ocr_line' id='line_1_78' title="bbox 2292 3488 3783 3569; baseline -0.006 -18"><span class='ocrx_word' id='word_1_597' title='bbox 2292 3498 2553 3567; x_wconf 85' lang='lat' dir='ltr'><strong><em>spiritalis</em></strong></span> <span class='ocrx_word' id='word_1_598' title='bbox 2604 3499 2906 3569; x_wconf 67' lang='lat' dir='ltr'><strong><em>sapientiae.</em></strong></span> <span class='ocrx_word' id='word_1_599' title='bbox 2942 3497 3312 3563; x_wconf 86' lang='lat' dir='ltr'><strong><em>Quamobrem</em></strong></span> <span class='ocrx_word' id='word_1_600' title='bbox 3368 3505 3623 3566; x_wconf 82' lang='lat' dir='ltr'><strong><em>postquam</em></strong></span> <span class='ocrx_word' id='word_1_601' title='bbox 3669 3488 3783 3557; x_wconf 73' lang='lat' dir='ltr'><strong><em>digne</em></strong></span> 
     </span>
    </p>
   </div>
   <div class='ocr_carea' id='block_1_79' title="bbox 2292 3581 3780 3661">
    <p class='ocr_par' dir='ltr' id='par_1_79' title="bbox 2292 3581 3780 3661">
     <span class='ocr_line' id='line_1_79' title="bbox 2292 3581 3780 3661; baseline -0.007 -19"><span class='ocrx_word' id='word_1_602' title='bbox 2292 3590 2545 3644; x_wconf 88' lang='lat' dir='ltr'><strong><em>admirari</em></strong></span> <span class='ocrx_word' id='word_1_603' title='bbox 2600 3606 2712 3645; x_wconf 87' lang='lat' dir='ltr'><strong><em>non</em></strong></span> <span class='ocrx_word' id='word_1_604' title='bbox 2762 3606 3075 3661; x_wconf 89' lang='lat' dir='ltr'><strong><em>possumus,</em></strong></span> <span class='ocrx_word' id='word_1_605' title='bbox 3118 3592 3249 3660; x_wconf 88' lang='lat' dir='ltr'><strong><em>quia</em></strong></span> <span class='ocrx_word' id='word_1_606' title='bbox 3308 3606 3407 3643; x_wconf 88' lang='lat' dir='ltr'><strong><em>nec</em></strong></span> <span class='ocrx_word' id='word_1_607' title='bbox 3454 3588 3672 3657; x_wconf 85' lang='lat' dir='ltr'><strong><em>capimus,</em></strong></span> <span class='ocrx_word' id='word_1_608' title='bbox 3709 3581 3780 3633; x_wconf 81' lang='lat' dir='ltr'><strong><em>hoc</em></strong></span> 
     </span>
    </p>
   </div>
   <div class='ocr_carea' id='block_1_80' title="bbox 2292 3675 3772 3746">
    <p class='ocr_par' dir='ltr' id='par_1_80' title="bbox 2292 3675 3772 3746">
     <span class='ocr_line' id='line_1_80' title="bbox 2292 3675 3772 3746; baseline -0.005 -13"><span class='ocrx_word' id='word_1_609' title='bbox 2292 3682 2628 3746; x_wconf 75' lang='lat' dir='ltr'><strong><em>amittentes,</em></strong></span> <span class='ocrx_word' id='word_1_610' title='bbox 2654 3683 2958 3737; x_wconf 87' lang='lat' dir='ltr'><strong><em>districtius</em></strong></span> <span class='ocrx_word' id='word_1_611' title='bbox 2986 3698 3149 3737; x_wconf 89' lang='lat' dir='ltr'><strong><em>aures</em></strong></span> <span class='ocrx_word' id='word_1_612' title='bbox 3179 3684 3384 3739; x_wconf 86' lang='lat' dir='ltr'><strong><em>mentis</em></strong></span> <span class='ocrx_word' id='word_1_613' title='bbox 3410 3681 3559 3735; x_wconf 91' lang='lat' dir='ltr'><strong><em>etiam</em></strong></span> <span class='ocrx_word' id='word_1_614' title='bbox 3582 3675 3667 3735; x_wconf 88' lang='lat' dir='ltr'><strong><em>his,</em></strong></span> <span class='ocrx_word' id='word_1_615' title='bbox 3691 3681 3772 3737; x_wconf 69' lang='lat' dir='ltr'><strong><em>qua!</em></strong></span> 
     </span>
    </p>
   </div>
   <div class='ocr_carea' id='block_1_81' title="bbox 2292 3770 3759 3841">
    <p class='ocr_par' dir='ltr' id='par_1_81' title="bbox 2292 3770 3759 3841">
     <span class='ocr_line' id='line_1_81' title="bbox 2292 3770 3759 3841; baseline -0.001 -19"><span class='ocrx_word' id='word_1_616' title='bbox 2292 3785 2439 3826; x_wconf 81' lang='lat' dir='ltr'><strong><em>nunc</em></strong></span> <span class='ocrx_word' id='word_1_617' title='bbox 2471 3770 2614 3825; x_wconf 88' lang='lat' dir='ltr'><strong><em>dicta</em></strong></span> <span class='ocrx_word' id='word_1_618' title='bbox 2644 3780 2793 3833; x_wconf 87' lang='lat' dir='ltr'><strong><em>sunt,</em></strong></span> <span class='ocrx_word' id='word_1_619' title='bbox 2824 3773 3161 3841; x_wconf 72' lang='lat' dir='ltr'><strong><em>prmbeamus</em></strong></span> <span class='ocrx_word' id='word_1_620' title='bbox 3199 3782 3258 3827; x_wconf 88' lang='lat' dir='ltr'><strong><em>et</em></strong></span> <span class='ocrx_word' id='word_1_621' title='bbox 3288 3772 3759 3839; x_wconf 57' lang='lat' dir='ltr'><strong><em>unumquemque“!-</em></strong></span> 
     </span>
    </p>
   </div>
   <div class='ocr_carea' id='block_1_82' title="bbox 2293 3860 3757 3921">
    <p class='ocr_par' dir='ltr' id='par_1_82' title="bbox 2293 3860 3757 3921">
     <span class='ocr_line' id='line_1_82' title="bbox 2293 3860 3757 3921; baseline -0.01 -6"><span class='ocrx_word' id='word_1_622' title='bbox 2293 3876 2510 3916; x_wconf 81' lang='lat' dir='ltr'><strong><em>munem</em></strong></span> <span class='ocrx_word' id='word_1_623' title='bbox 2555 3863 2763 3917; x_wconf 89' lang='lat' dir='ltr'><strong><em>intente</em></strong></span> <span class='ocrx_word' id='word_1_624' title='bbox 2797 3874 3082 3919; x_wconf 88' lang='lat' dir='ltr'><strong><em>notemus:</em></strong></span> <span class='ocrx_word' id='word_1_625' title='bbox 3120 3864 3176 3919; x_wconf 88' lang='lat' dir='ltr'><strong><em>in</em></strong></span> <span class='ocrx_word' id='word_1_626' title='bbox 3209 3864 3510 3921; x_wconf 76' lang='lat' dir='ltr'><strong><em>ditl‘erentia</em></strong></span> <span class='ocrx_word' id='word_1_627' title='bbox 3551 3860 3653 3913; x_wconf 84' lang='lat' dir='ltr'><strong><em>enim</em></strong></span> <span class='ocrx_word' id='word_1_628' title='bbox 3674 3864 3757 3903; x_wconf 55' lang='lat' dir='ltr'><strong><em>vero</em></strong></span> 
     </span>
    </p>
   </div>
   <div class='ocr_carea' id='block_1_83' title="bbox 2292 3942 3764 4027">
    <p class='ocr_par' dir='ltr' id='par_1_83' title="bbox 2292 3942 3764 4027">
     <span class='ocr_line' id='line_1_83' title="bbox 2292 3942 3764 4027; baseline -0.009 -22"><span class='ocrx_word' id='word_1_629' title='bbox 2292 3952 2484 4010; x_wconf 89' lang='lat' dir='ltr'><strong><em>borum</em></strong></span> <span class='ocrx_word' id='word_1_630' title='bbox 2513 3995 2526 4019; x_wconf 94' lang='lat'><strong><em>,</em></strong></span> <span class='ocrx_word' id='word_1_631' title='bbox 2568 3954 2934 4009; x_wconf 67' lang='lat' dir='ltr'><strong><em>differentiam</em></strong></span> <span class='ocrx_word' id='word_1_632' title='bbox 2968 3972 3187 4027; x_wconf 88' lang='lat' dir='ltr'><strong><em>quoque</em></strong></span> <span class='ocrx_word' id='word_1_633' title='bbox 3222 3956 3572 4013; x_wconf 68' lang='lat' dir='ltr'><strong><em>intellecturum</em></strong></span> <span class='ocrx_word' id='word_1_634' title='bbox 3599 3942 3764 4015; x_wconf 78' lang='lat' dir='ltr'><strong><em>repetie-</em></strong></span> 
     </span>
    </p>
   </div>
   <div class='ocr_carea' id='block_1_84' title="bbox 2292 4035 3770 4119">
    <p class='ocr_par' dir='ltr' id='par_1_84' title="bbox 2292 4035 3770 4119">
     <span class='ocr_line' id='line_1_84' title="bbox 2292 4035 3770 4119; baseline -0.007 -21"><span class='ocrx_word' id='word_1_635' title='bbox 2292 4060 2433 4099; x_wconf 88' lang='lat' dir='ltr'><strong><em>mus.</em></strong></span> <span class='ocrx_word' id='word_1_636' title='bbox 2474 4045 2625 4100; x_wconf 86' lang='lat' dir='ltr'><strong><em>Scire</em></strong></span> <span class='ocrx_word' id='word_1_637' title='bbox 2674 4047 2838 4116; x_wconf 78' lang='lat' dir='ltr'><strong><em>igitur</em></strong></span> <span class='ocrx_word' id='word_1_638' title='bbox 2866 4063 2968 4102; x_wconf 90' lang='lat' dir='ltr'><strong><em>nos</em></strong></span> <span class='ocrx_word' id='word_1_639' title='bbox 3000 4049 3113 4102; x_wconf 88' lang='lat' dir='ltr'><strong><em>vult</em></strong></span> <span class='ocrx_word' id='word_1_640' title='bbox 3158 4050 3291 4119; x_wconf 91' lang='lat' dir='ltr'><strong><em>quid</em></strong></span> <span class='ocrx_word' id='word_1_641' title='bbox 3341 4056 3498 4103; x_wconf 76' lang='lat' dir='ltr'><strong><em>restet</em></strong></span> <span class='ocrx_word' id='word_1_642' title='bbox 3544 4044 3653 4095; x_wconf 85' lang='lat' dir='ltr'><strong><em>inter</em></strong></span> <span class='ocrx_word' id='word_1_643' title='bbox 3682 4035 3770 4087; x_wconf 83' lang='lat' dir='ltr'><strong><em>hos.</em></strong></span> 
     </span>
    </p>
   </div>
   <div class='ocr_carea' id='block_1_85' title="bbox 2292 4124 3769 4206">
    <p class='ocr_par' dir='ltr' id='par_1_85' title="bbox 2292 4124 3769 4206">
     <span class='ocr_line' id='line_1_85' title="bbox 2292 4124 3769 4206; baseline -0.007 -13"><span class='ocrx_word' id='word_1_644' title='bbox 2292 4153 2429 4206; x_wconf 85' lang='lat' dir='ltr'><strong><em>quos</em></strong></span> <span class='ocrx_word' id='word_1_645' title='bbox 2459 4153 2522 4192; x_wconf 80' lang='lat' dir='ltr'><strong><em>ex</em></strong></span> <span class='ocrx_word' id='word_1_646' title='bbox 2564 4139 2873 4195; x_wconf 86' lang='lat' dir='ltr'><strong><em>infidelibus</em></strong></span> <span class='ocrx_word' id='word_1_647' title='bbox 2903 4142 3015 4196; x_wconf 91' lang='lat' dir='ltr'><strong><em>Deo</em></strong></span> <span class='ocrx_word' id='word_1_648' title='bbox 3069 4143 3478 4203; x_wconf 88' lang='lat' dir='ltr'><strong><em>salvaverimus,</em></strong></span> <span class='ocrx_word' id='word_1_649' title='bbox 3506 4148 3547 4191; x_wconf 88' lang='lat' dir='ltr'><strong><em>et</em></strong></span> <span class='ocrx_word' id='word_1_650' title='bbox 3570 4134 3672 4193; x_wconf 88' lang='lat' dir='ltr'><strong><em>illos,</em></strong></span> <span class='ocrx_word' id='word_1_651' title='bbox 3700 4124 3769 4195; x_wconf 81' lang='lat' dir='ltr'><strong><em>qui</em></strong></span> 
     </span>
    </p>
   </div>
   <div class='ocr_carea' id='block_1_86' title="bbox 2292 4221 3775 4306">
    <p class='ocr_par' dir='ltr' id='par_1_86' title="bbox 2292 4221 3775 4306">
     <span class='ocr_line' id='line_1_86' title="bbox 2292 4221 3775 4306; baseline -0.01 -21"><span class='ocrx_word' id='word_1_652' title='bbox 2292 4246 2414 4285; x_wconf 84' lang='lat' dir='ltr'><strong><em>eum</em></strong></span> <span class='ocrx_word' id='word_1_653' title='bbox 2448 4231 2636 4286; x_wconf 77' lang='lat' dir='ltr'><strong><em>fideles</em></strong></span> <span class='ocrx_word' id='word_1_654' title='bbox 2683 4243 2903 4301; x_wconf 85' lang='lat' dir='ltr'><strong><em>essent,</em></strong></span> <span class='ocrx_word' id='word_1_655' title='bbox 2936 4234 3255 4306; x_wconf 89' lang='lat' dir='ltr'><strong><em>similesque</em></strong></span> <span class='ocrx_word' id='word_1_656' title='bbox 3281 4236 3437 4290; x_wconf 85' lang='lat' dir='ltr'><strong><em>nobis</em></strong></span> <span class='ocrx_word' id='word_1_657' title='bbox 3470 4224 3683 4300; x_wconf 80' lang='lat' dir='ltr'><strong><em>dignitatis</em></strong></span> <span class='ocrx_word' id='word_1_658' title='bbox 3708 4221 3775 4271; x_wconf 89' lang='lat' dir='ltr'><strong><em>in-</em></strong></span> 
     </span>
    </p>
   </div>
   <div class='ocr_carea' id='block_1_87' title="bbox 2293 4310 3773 4400">
    <p class='ocr_par' dir='ltr' id='par_1_87' title="bbox 2293 4310 3773 4400">
     <span class='ocr_line' id='line_1_87' title="bbox 2293 4310 3773 4400; baseline -0.003 -23"><span class='ocrx_word' id='word_1_659' title='bbox 2293 4322 2578 4377; x_wconf 84' lang='lat' dir='ltr'><strong><em>vocatione</em></strong></span> <span class='ocrx_word' id='word_1_660' title='bbox 2624 4334 2677 4379; x_wconf 91' lang='lat' dir='ltr'><strong><em>et</em></strong></span> <span class='ocrx_word' id='word_1_661' title='bbox 2705 4329 3144 4395; x_wconf 81' lang='lat' dir='ltr'><strong><em>conversatione,</em></strong></span> <span class='ocrx_word' id='word_1_662' title='bbox 3196 4339 3383 4400; x_wconf 85' lang='lat' dir='ltr'><strong><em>postea</em></strong></span> <span class='ocrx_word' id='word_1_663' title='bbox 3412 4340 3502 4397; x_wconf 90' lang='lat' dir='ltr'><strong><em>pro</em></strong></span> <span class='ocrx_word' id='word_1_664' title='bbox 3530 4328 3713 4386; x_wconf 79' lang='lat' dir='ltr'><strong><em>tempore</em></strong></span> <span class='ocrx_word' id='word_1_665' title='bbox 3736 4310 3773 4362; x_wconf 73' lang='lat' dir='ltr'><strong><em>ill</em></strong></span> 
     </span>
    </p>
   </div>
   <div class='ocr_carea' id='block_1_88' title="bbox 2294 4408 3772 4483">
    <p class='ocr_par' dir='ltr' id='par_1_88' title="bbox 2294 4408 3772 4483">
     <span class='ocr_line' id='line_1_88' title="bbox 2294 4408 3772 4483; baseline -0.014 -13"><span class='ocrx_word' id='word_1_666' title='bbox 2294 4416 2611 4483; x_wconf 86' lang='lat' dir='ltr'><strong><em>operatione</em></strong></span> <span class='ocrx_word' id='word_1_667' title='bbox 2676 4418 2941 4471; x_wconf 86' lang='lat' dir='ltr'><strong><em>virtutum</em></strong></span> <span class='ocrx_word' id='word_1_668' title='bbox 3004 4420 3265 4476; x_wconf 77' lang='lat' dir='ltr'><strong><em>infirmati</em></strong></span> <span class='ocrx_word' id='word_1_669' title='bbox 3334 4427 3455 4475; x_wconf 87' lang='lat' dir='ltr'><strong><em>sunt</em></strong></span> <span class='ocrx_word' id='word_1_670' title='bbox 3503 4408 3772 4469; x_wconf 72' lang='lat' dir='ltr'><strong><em>correximus.</em></strong></span> 
     </span>
    </p>
   </div>
   <div class='ocr_carea' id='block_1_89' title="bbox 2294 4491 3774 4584">
    <p class='ocr_par' dir='ltr' id='par_1_89' title="bbox 2294 4491 3774 4584">
     <span class='ocr_line' id='line_1_89' title="bbox 2294 4491 3774 4584; baseline -0.013 -23"><span class='ocrx_word' id='word_1_671' title='bbox 2294 4506 2524 4577; x_wconf 79' lang='lat' dir='ltr'><strong><em>Propter</em></strong></span> <span class='ocrx_word' id='word_1_672' title='bbox 2551 4510 2693 4578; x_wconf 92' lang='lat' dir='ltr'><strong><em>quod</em></strong></span> <span class='ocrx_word' id='word_1_673' title='bbox 2744 4513 2956 4580; x_wconf 89' lang='lat' dir='ltr'><strong><em>operari</em></strong></span> <span class='ocrx_word' id='word_1_674' title='bbox 2994 4514 3213 4582; x_wconf 89' lang='lat' dir='ltr'><strong><em>quidem</em></strong></span> <span class='ocrx_word' id='word_1_675' title='bbox 3269 4516 3407 4584; x_wconf 84' lang='lat' dir='ltr'><strong><em>apud</em></strong></span> <span class='ocrx_word' id='word_1_676' title='bbox 3442 4523 3529 4563; x_wconf 90' lang='lat' dir='ltr'><strong><em>nos</em></strong></span> <span class='ocrx_word' id='word_1_677' title='bbox 3578 4491 3774 4568; x_wconf 81' lang='lat' dir='ltr'><strong><em>usquead</em></strong></span> 
     </span>
    </p>
   </div>
   <div class='ocr_carea' id='block_1_90' title="bbox 616 4590 3775 4676">
    <p class='ocr_par' dir='ltr' id='par_1_90' title="bbox 616 4590 3775 4676">
     <span class='ocr_line' id='line_1_90' title="bbox 616 4590 3775 4676; baseline -0.007 -13"><span class='ocrx_word' id='word_1_678' title='bbox 616 4598 803 4666; x_wconf 67' lang='grc' dir='ltr'><strong><em>ὶδείιιιο</em></strong></span> <span class='ocrx_word' id='word_1_679' title='bbox 835 4597 991 4661; x_wconf 61' lang='lat' dir='ltr'><strong><em>VWB.</em></strong></span> <span class='ocrx_word' id='word_1_680' title='bbox 1018 4605 1073 4650; x_wconf 75' lang='grc' dir='ltr'><strong><em>θι</em></strong></span> <span class='ocrx_word' id='word_1_681' title='bbox 1116 4594 1364 4663; x_wconf 63' lang='grc' dir='ltr'><strong><em>εκεηιριελ</em></strong></span> <span class='ocrx_word' id='word_1_682' title='bbox 1389 4632 1405 4657; x_wconf 69' lang='grc' dir='ltr'><strong>ν</strong></span> <span class='ocrx_word' id='word_1_683' title='bbox 1448 4608 1570 4662; x_wconf 77' lang='lat' dir='ltr'><strong><em>quae</em></strong></span> <span class='ocrx_word' id='word_1_684' title='bbox 1600 4607 1628 4644; x_wconf 76' lang='grc'><strong>³</strong></span> <span class='ocrx_word' id='word_1_685' title='bbox 1660 4590 1818 4644; x_wconf 69' lang='grc' dir='ltr'><strong><em>ιιοὺίε</em></strong></span> <span class='ocrx_word' id='word_1_686' title='bbox 1847 4590 2150 4660; x_wconf 60' lang='lat' dir='ltr'><strong><em>susceperit</em></strong></span> <span class='ocrx_word' id='word_1_687' title='bbox 2177 4609 2195 4643; x_wconf 84' lang='lat'><strong><em>&#39;-</em></strong></span> <span class='ocrx_word' id='word_1_688' title='bbox 2225 4598 2268 4652; x_wconf 86' lang='lat' dir='ltr'><strong>D</strong></span> <span class='ocrx_word' id='word_1_689' title='bbox 2294 4614 2498 4653; x_wconf 83' lang='lat' dir='ltr'><strong><em>annum</em></strong></span> <span class='ocrx_word' id='word_1_690' title='bbox 2531 4602 2888 4667; x_wconf 87' lang='lat' dir='ltr'><strong><em>remissionis,</em></strong></span> <span class='ocrx_word' id='word_1_691' title='bbox 2918 4604 3168 4660; x_wconf 87' lang='lat' dir='ltr'><strong><em>videlicet</em></strong></span> <span class='ocrx_word' id='word_1_692' title='bbox 3204 4602 3542 4676; x_wconf 67' lang='lat' dir='ltr'><strong><em>poenitentiae,</em></strong></span> <span class='ocrx_word' id='word_1_693' title='bbox 3591 4605 3674 4647; x_wconf 83' lang='lat' dir='ltr'><strong><em>non</em></strong></span> <span class='ocrx_word' id='word_1_694' title='bbox 3707 4598 3775 4676; x_wconf 40' lang='lat' dir='ltr'><strong><em>au:</em></strong></span> 
     </span>
    </p>
   </div>
   <div class='ocr_carea' id='block_1_91' title="bbox 616 4680 2184 4760">
    <p class='ocr_par' dir='ltr' id='par_1_91' title="bbox 616 4680 2184 4760">
     <span class='ocr_line' id='line_1_91' title="bbox 616 4680 2184 4760; baseline -0.008 -16"><span class='ocrx_word' id='word_1_695' title='bbox 616 4705 743 4760; x_wconf 81' lang='lat' dir='ltr'><strong><em>spes</em></strong></span> <span class='ocrx_word' id='word_1_696' title='bbox 778 4699 957 4743; x_wconf 88' lang='lat' dir='ltr'><strong><em>tamen</em></strong></span> <span class='ocrx_word' id='word_1_697' title='bbox 995 4695 1080 4741; x_wconf 89' lang='lat' dir='ltr'><strong><em>est</em></strong></span> <span class='ocrx_word' id='word_1_698' title='bbox 1106 4700 1230 4740; x_wconf 92' lang='lat' dir='ltr'><strong><em>eum</em></strong></span> <span class='ocrx_word' id='word_1_699' title='bbox 1262 4685 1331 4739; x_wconf 88' lang='lat' dir='ltr'><strong><em>ad</em></strong></span> <span class='ocrx_word' id='word_1_700' title='bbox 1366 4698 1519 4739; x_wconf 87' lang='lat' dir='ltr'><strong><em>suam</em></strong></span> <span class='ocrx_word' id='word_1_701' title='bbox 1544 4696 1826 4736; x_wconf 86' lang='lat' dir='ltr'><strong><em>recurrere</em></strong></span> <span class='ocrx_word' id='word_1_702' title='bbox 1849 4680 2184 4751; x_wconf 82' lang='lat' dir='ltr'><strong><em>dignitatem,</em></strong></span> 
     </span>
    </p>
   </div>
   <div class='ocr_carea' id='block_1_92' title="bbox 617 4768 2183 4849">
    <p class='ocr_par' dir='ltr' id='par_1_92' title="bbox 617 4768 2183 4849">
     <span class='ocr_line' id='line_1_92' title="bbox 617 4768 2183 4849; baseline -0.006 -18"><span class='ocrx_word' id='word_1_703' title='bbox 617 4779 837 4849; x_wconf 86' lang='lat' dir='ltr'><strong><em>quando</em></strong></span> <span class='ocrx_word' id='word_1_704' title='bbox 867 4779 1132 4847; x_wconf 87' lang='lat' dir='ltr'><strong><em>integram</em></strong></span> <span class='ocrx_word' id='word_1_705' title='bbox 1178 4784 1235 4827; x_wconf 87' lang='lat' dir='ltr'><strong><em>et</em></strong></span> <span class='ocrx_word' id='word_1_706' title='bbox 1263 4775 1556 4843; x_wconf 82' lang='lat' dir='ltr'><strong><em>perlectam</em></strong></span> <span class='ocrx_word' id='word_1_707' title='bbox 1589 4770 1759 4841; x_wconf 84' lang='lat' dir='ltr'><strong><em>egerit</em></strong></span> <span class='ocrx_word' id='word_1_708' title='bbox 1788 4768 2183 4839; x_wconf 74' lang='lat' dir='ltr'><strong><em>pmnitentiam.</em></strong></span> 
     </span>
    </p>
   </div>
   <div class='ocr_carea' id='block_1_93' title="bbox 617 4864 1871 4935">
    <p class='ocr_par' dir='ltr' id='par_1_93' title="bbox 617 4864 1871 4935">
     <span class='ocr_line' id='line_1_93' title="bbox 617 4864 1871 4935; baseline -0.007 -12"><span class='ocrx_word' id='word_1_709' title='bbox 617 4871 729 4924; x_wconf 92' lang='lat' dir='ltr'><strong><em>Iloc</em></strong></span> <span class='ocrx_word' id='word_1_710' title='bbox 751 4868 897 4922; x_wconf 88' lang='lat' dir='ltr'><strong><em>enim</em></strong></span> <span class='ocrx_word' id='word_1_711' title='bbox 925 4866 1277 4922; x_wconf 83' lang='lat' dir='ltr'><strong><em>manifestans</em></strong></span> <span class='ocrx_word' id='word_1_712' title='bbox 1302 4866 1572 4935; x_wconf 83' lang='lat' dir='ltr'><strong><em>legislator</em></strong></span> <span class='ocrx_word' id='word_1_713' title='bbox 1596 4864 1871 4919; x_wconf 90' lang='lat' dir='ltr'><strong><em>subdidit:</em></strong></span> 
     </span>
    </p>
   </div>
   <div class='ocr_carea' id='block_1_94' title="bbox 692 4954 2187 5030">
    <p class='ocr_par' dir='ltr' id='par_1_94' title="bbox 692 4954 2187 5030">
     <span class='ocr_line' id='line_1_94' title="bbox 692 4954 2187 5030; baseline -0.005 -15"><span class='ocrx_word' id='word_1_714' title='bbox 692 4961 858 5030; x_wconf 84' lang='lat' dir='ltr'><strong><em>Usque</em></strong></span> <span class='ocrx_word' id='word_1_715' title='bbox 907 4959 976 5012; x_wconf 85' lang='lat' dir='ltr'><strong><em>ad</em></strong></span> <span class='ocrx_word' id='word_1_716' title='bbox 1026 4973 1226 5011; x_wconf 84' lang='lat' dir='ltr'><strong><em>annum</em></strong></span> <span class='ocrx_word' id='word_1_717' title='bbox 1258 4956 1537 5026; x_wconf 81' lang='lat' dir='ltr'><strong><em>jubilceum</em></strong></span> <span class='ocrx_word' id='word_1_718' title='bbox 1566 4957 1869 5025; x_wconf 82' lang='lat' dir='ltr'><strong><em>operabitur</em></strong></span> <span class='ocrx_word' id='word_1_719' title='bbox 1924 4954 2068 5021; x_wconf 82' lang='lat' dir='ltr'><strong><em>apud</em></strong></span> <span class='ocrx_word' id='word_1_720' title='bbox 2117 4964 2187 5008; x_wconf 90' lang='lat' dir='ltr'><strong><em>te.</em></strong></span> 
     </span>
    </p>
   </div>
   <div class='ocr_carea' id='block_1_95' title="bbox 616 5046 2190 5117">
    <p class='ocr_par' dir='ltr' id='par_1_95' title="bbox 616 5046 2190 5117">
     <span class='ocr_line' id='line_1_95' title="bbox 616 5046 2190 5117; baseline -0.001 -16"><span class='ocrx_word' id='word_1_721' title='bbox 616 5048 756 5114; x_wconf 86' lang='lat' dir='ltr'><strong><em>Quia</em></strong></span> <span class='ocrx_word' id='word_1_722' title='bbox 777 5065 870 5116; x_wconf 88' lang='lat' dir='ltr'><strong><em>per</em></strong></span> <span class='ocrx_word' id='word_1_723' title='bbox 905 5046 1203 5117; x_wconf 71' lang='lat' dir='ltr'><strong><em>perfectam</em></strong></span> <span class='ocrx_word' id='word_1_724' title='bbox 1228 5047 1776 5117; x_wconf 72' lang='lat' dir='ltr'><strong><em>pmnitentiam,sicut</em></strong></span> <span class='ocrx_word' id='word_1_725' title='bbox 1797 5047 2003 5117; x_wconf 89' lang='lat' dir='ltr'><strong><em>integre</em></strong></span> <span class='ocrx_word' id='word_1_726' title='bbox 2031 5062 2190 5100; x_wconf 90' lang='lat' dir='ltr'><strong><em>mun-</em></strong></span> 
     </span>
    </p>
   </div>
   <div class='ocr_carea' id='block_1_96' title="bbox 616 5136 2188 5209">
    <p class='ocr_par' dir='ltr' id='par_1_96' title="bbox 616 5136 2188 5209">
     <span class='ocr_line' id='line_1_96' title="bbox 616 5136 2188 5209; baseline -0.001 -15"><span class='ocrx_word' id='word_1_727' title='bbox 616 5140 797 5203; x_wconf 87' lang='lat' dir='ltr'><strong><em>datus,</em></strong></span> <span class='ocrx_word' id='word_1_728' title='bbox 830 5148 884 5193; x_wconf 90' lang='lat' dir='ltr'><strong><em>et</em></strong></span> <span class='ocrx_word' id='word_1_729' title='bbox 911 5148 1199 5209; x_wconf 88' lang='lat' dir='ltr'><strong><em>propterea</em></strong></span> <span class='ocrx_word' id='word_1_730' title='bbox 1246 5136 1539 5206; x_wconf 81' lang='lat' dir='ltr'><strong><em>perfectus,</em></strong></span> <span class='ocrx_word' id='word_1_731' title='bbox 1577 5138 1790 5207; x_wconf 88' lang='lat' dir='ltr'><strong><em>operari</em></strong></span> <span class='ocrx_word' id='word_1_732' title='bbox 1838 5147 1892 5191; x_wconf 91' lang='lat' dir='ltr'><strong><em>et</em></strong></span> <span class='ocrx_word' id='word_1_733' title='bbox 1937 5138 2079 5207; x_wconf 90' lang='lat' dir='ltr'><strong><em>apud</em></strong></span> <span class='ocrx_word' id='word_1_734' title='bbox 2130 5153 2188 5192; x_wconf 87' lang='lat' dir='ltr'><strong><em>se</em></strong></span> 
     </span>
    </p>
   </div>
   <div class='ocr_carea' id='block_1_97' title="bbox 616 5229 2187 5301">
    <p class='ocr_par' dir='ltr' id='par_1_97' title="bbox 616 5229 2187 5301">
     <span class='ocr_line' id='line_1_97' title="bbox 616 5229 2187 5301; baseline 0 -17"><span class='ocrx_word' id='word_1_735' title='bbox 616 5238 817 5301; x_wconf 88' lang='lat' dir='ltr'><strong><em>potest.</em></strong></span> <span class='ocrx_word' id='word_1_736' title='bbox 862 5240 917 5284; x_wconf 92' lang='lat' dir='ltr'><strong><em>et</em></strong></span> <span class='ocrx_word' id='word_1_737' title='bbox 958 5239 1164 5299; x_wconf 16' lang='lat' dir='ltr'><strong><em>postea:</em></strong></span> <span class='ocrx_word' id='word_1_738' title='bbox 1196 5229 1542 5301; x_wconf 86' lang='lat' dir='ltr'><strong><em>egredietur:</em></strong></span> <span class='ocrx_word' id='word_1_739' title='bbox 1579 5230 1719 5283; x_wconf 86' lang='lat' dir='ltr'><strong><em>sicut</em></strong></span> <span class='ocrx_word' id='word_1_740' title='bbox 1757 5229 1911 5283; x_wconf 89' lang='lat' dir='ltr'><strong><em>aiunt</em></strong></span> <span class='ocrx_word' id='word_1_741' title='bbox 1953 5232 2187 5299; x_wconf 81' lang='lat' dir='ltr'><strong><em>Septua-</em></strong></span> 
     </span>
    </p>
   </div>
   <div class='ocr_carea' id='block_1_98' title="bbox 616 5320 2189 5395">
    <p class='ocr_par' dir='ltr' id='par_1_98' title="bbox 616 5320 2189 5395">
     <span class='ocr_line' id='line_1_98' title="bbox 616 5320 2189 5395; baseline -0.001 -19"><span class='ocrx_word' id='word_1_742' title='bbox 616 5324 788 5395; x_wconf 89' lang='lat' dir='ltr'><strong><em>ginta,</em></strong></span> <span class='ocrx_word' id='word_1_743' title='bbox 815 5323 868 5375; x_wconf 90' lang='lat' dir='ltr'><strong><em>in</em></strong></span> <span class='ocrx_word' id='word_1_744' title='bbox 904 5320 1279 5376; x_wconf 88' lang='lat' dir='ltr'><strong><em>remissionem</em></strong></span> <span class='ocrx_word' id='word_1_745' title='bbox 1310 5336 1431 5375; x_wconf 88' lang='lat' dir='ltr'><strong><em>cum</em></strong></span> <span class='ocrx_word' id='word_1_746' title='bbox 1464 5320 1648 5374; x_wconf 88' lang='lat' dir='ltr'><strong><em>liberis</em></strong></span> <span class='ocrx_word' id='word_1_747' title='bbox 1696 5321 1828 5373; x_wconf 90' lang='lat' dir='ltr'><strong><em>suis.</em></strong></span> <span class='ocrx_word' id='word_1_748' title='bbox 1878 5320 1996 5374; x_wconf 86' lang='lat' dir='ltr'><strong><em>Non</em></strong></span> <span class='ocrx_word' id='word_1_749' title='bbox 2042 5321 2189 5376; x_wconf 91' lang='lat' dir='ltr'><strong><em>solus</em></strong></span> 
     </span>
    </p>
   </div>
   <div class='ocr_carea' id='block_1_99' title="bbox 615 5410 2188 5486">
    <p class='ocr_par' dir='ltr' id='par_1_99' title="bbox 615 5410 2188 5486">
     <span class='ocr_line' id='line_1_99' title="bbox 615 5410 2188 5486; baseline -0.004 -13"><span class='ocrx_word' id='word_1_750' title='bbox 615 5418 762 5473; x_wconf 86' lang='lat' dir='ltr'><strong><em>enim</em></strong></span> <span class='ocrx_word' id='word_1_751' title='bbox 794 5416 909 5486; x_wconf 88' lang='lat' dir='ltr'><strong><em>ipse</em></strong></span> <span class='ocrx_word' id='word_1_752' title='bbox 942 5414 1078 5469; x_wconf 87' lang='lat' dir='ltr'><strong><em>liber</em></strong></span> <span class='ocrx_word' id='word_1_753' title='bbox 1106 5412 1356 5477; x_wconf 74' lang='lat' dir='ltr'><strong><em>efﬁcitur,</em></strong></span> <span class='ocrx_word' id='word_1_754' title='bbox 1384 5412 1477 5465; x_wconf 90' lang='lat' dir='ltr'><strong><em>sed</em></strong></span> <span class='ocrx_word' id='word_1_755' title='bbox 1508 5420 1563 5465; x_wconf 88' lang='lat' dir='ltr'><strong><em>et</em></strong></span> <span class='ocrx_word' id='word_1_756' title='bbox 1606 5426 1727 5479; x_wconf 78' lang='lat' dir='ltr'><strong><em>quae</em></strong></span> <span class='ocrx_word' id='word_1_757' title='bbox 1772 5410 1841 5464; x_wconf 91' lang='lat' dir='ltr'><strong><em>ab</em></strong></span> <span class='ocrx_word' id='word_1_758' title='bbox 1881 5426 1947 5463; x_wconf 92' lang='lat' dir='ltr'><strong><em>eo</em></strong></span> <span class='ocrx_word' id='word_1_759' title='bbox 1993 5413 2188 5481; x_wconf 70' lang='lat' dir='ltr'><strong><em>genita:</em></strong></span> 
     </span>
    </p>
   </div>
   <div class='ocr_carea' id='block_1_100' title="bbox 615 5502 2189 5579">
    <p class='ocr_par' dir='ltr' id='par_1_100' title="bbox 615 5502 2189 5579">
     <span class='ocr_line' id='line_1_100' title="bbox 615 5502 2189 5579; baseline -0.008 -14"><span class='ocrx_word' id='word_1_760' title='bbox 615 5513 831 5579; x_wconf 68' lang='lat' dir='ltr'><strong><em>fuerant</em></strong></span> <span class='ocrx_word' id='word_1_761' title='bbox 866 5507 1116 5569; x_wconf 87' lang='lat' dir='ltr'><strong><em>virtutes,</em></strong></span> <span class='ocrx_word' id='word_1_762' title='bbox 1162 5515 1451 5573; x_wconf 89' lang='lat' dir='ltr'><strong><em>antequam</em></strong></span> <span class='ocrx_word' id='word_1_763' title='bbox 1493 5504 1595 5557; x_wconf 89' lang='lat' dir='ltr'><strong><em>sub</em></strong></span> <span class='ocrx_word' id='word_1_764' title='bbox 1639 5502 2007 5558; x_wconf 87' lang='lat' dir='ltr'><strong><em>venditionem</em></strong></span> <span class='ocrx_word' id='word_1_765' title='bbox 2059 5519 2189 5573; x_wconf 85' lang='lat' dir='ltr'><strong><em>pec-</em></strong></span> 
     </span>
    </p>
   </div>
   <div class='ocr_carea' id='block_1_101' title="bbox 612 5594 2185 5671">
    <p class='ocr_par' dir='ltr' id='par_1_101' title="bbox 612 5594 2185 5671">
     <span class='ocr_line' id='line_1_101' title="bbox 612 5594 2185 5671; baseline -0.007 -13"><span class='ocrx_word' id='word_1_766' title='bbox 612 5604 721 5658; x_wconf 89' lang='lat' dir='ltr'><strong><em>cati</em></strong></span> <span class='ocrx_word' id='word_1_767' title='bbox 749 5600 1105 5671; x_wconf 87' lang='lat' dir='ltr'><strong><em>redigeretur.</em></strong></span> <span class='ocrx_word' id='word_1_768' title='bbox 1145 5598 1437 5665; x_wconf 87' lang='lat' dir='ltr'><strong><em>Propterea</em></strong></span> <span class='ocrx_word' id='word_1_769' title='bbox 1467 5604 1523 5648; x_wconf 88' lang='lat' dir='ltr'><strong><em>et</em></strong></span> <span class='ocrx_word' id='word_1_770' title='bbox 1560 5601 1863 5647; x_wconf 86' lang='lat' dir='ltr'><strong><em>revertetur</em></strong></span> <span class='ocrx_word' id='word_1_771' title='bbox 1893 5594 1962 5649; x_wconf 88' lang='lat' dir='ltr'><strong><em>ad</em></strong></span> <span class='ocrx_word' id='word_1_772' title='bbox 1990 5610 2185 5665; x_wconf 88' lang='lat' dir='ltr'><strong><em>cogna-</em></strong></span> 
     </span>
    </p>
   </div>
   <div class='ocr_carea' id='block_1_102' title="bbox 684 5794 1937 5864">
    <p class='ocr_par' dir='ltr' id='par_1_102' title="bbox 684 5794 1937 5864">
     <span class='ocr_line' id='line_1_102' title="bbox 684 5794 1937 5864; baseline -0.005 -8"><span class='ocrx_word' id='word_1_773' title='bbox 684 5802 729 5834; x_wconf 82' lang='lat'><strong>&quot;</strong></span> <span class='ocrx_word' id='word_1_774' title='bbox 752 5800 931 5856; x_wconf 80' lang='lat' dir='ltr'><strong><em>Judie.</em></strong></span> <span class='ocrx_word' id='word_1_775' title='bbox 957 5815 1068 5859; x_wconf 77' lang='lat' dir='ltr'><strong><em>xvi,</em></strong></span> <span class='ocrx_word' id='word_1_776' title='bbox 1100 5796 1288 5849; x_wconf 52' lang='lat'><strong><em>18-10.</em></strong></span> <span class='ocrx_word' id='word_1_777' title='bbox 1366 5795 1412 5827; x_wconf 79' lang='grc'><strong><em>’⁸</em></strong></span> <span class='ocrx_word' id='word_1_778' title='bbox 1442 5794 1510 5849; x_wconf 89' lang='lat' dir='ltr'><strong><em>III</em></strong></span> <span class='ocrx_word' id='word_1_779' title='bbox 1536 5795 1670 5864; x_wconf 80' lang='lat' dir='ltr'><strong><em>Reg.</em></strong></span> <span class='ocrx_word' id='word_1_780' title='bbox 1707 5811 1822 5861; x_wconf 81' lang='lat' dir='ltr'><strong><em>xxi,</em></strong></span> <span class='ocrx_word' id='word_1_781' title='bbox 1845 5796 1937 5850; x_wconf 72' lang='lat'><strong><em>20.</em></strong></span> 
     </span>
    </p>
   </div>
   <div class='ocr_carea' id='block_1_103' title="bbox 618 5864 1397 5937">
    <p class='ocr_par' dir='ltr' id='par_1_103' title="bbox 618 5864 1397 5937">
     <span class='ocr_line' id='line_1_103' title="bbox 618 5864 1397 5937; baseline -0.008 -12"><span class='ocrx_word' id='word_1_782' title='bbox 618 5885 717 5937; x_wconf 76' lang='lat' dir='ltr'><strong><em>vn,</em></strong></span> <span class='ocrx_word' id='word_1_783' title='bbox 742 5872 832 5924; x_wconf 66' lang='lat'><strong><em>‘17.</em></strong></span> <span class='ocrx_word' id='word_1_784' title='bbox 913 5869 955 5900; x_wconf 86' lang='grc'>³³</span> <span class='ocrx_word' id='word_1_785' title='bbox 994 5867 1185 5921; x_wconf 80' lang='lat' dir='ltr'><strong><em>Matth.</em></strong></span> <span class='ocrx_word' id='word_1_786' title='bbox 1222 5881 1312 5929; x_wconf 85' lang='lat' dir='ltr'><strong><em>vn,</em></strong></span> <span class='ocrx_word' id='word_1_787' title='bbox 1342 5864 1397 5919; x_wconf 73' lang='lat'><strong><em>2.</em></strong></span> 
     </span>
    </p>
   </div>
   <div class='ocr_carea' id='block_1_104' title="bbox 2013 5796 2495 5866">
    <p class='ocr_par' dir='ltr' id='par_1_104' title="bbox 2013 5796 2495 5866">
     <span class='ocr_line' id='line_1_104' title="bbox 2013 5796 2495 5866; baseline 0.004 -15"><span class='ocrx_word' id='word_1_788' title='bbox 2013 5798 2057 5829; x_wconf 72' lang='lat'><strong><em>’9</em></strong></span> <span class='ocrx_word' id='word_1_789' title='bbox 2086 5796 2259 5853; x_wconf 62' lang='lat' dir='ltr'><strong><em>halat.</em></strong></span> <span class='ocrx_word' id='word_1_790' title='bbox 2294 5801 2495 5866; x_wconf 61' lang='grc' dir='ltr'><strong><em>ιν,,51.</em></strong></span> 
     </span>
    </p>
   </div>
   <div class='ocr_carea' id='block_1_105' title="bbox 2293 4672 3773 4766">
    <p class='ocr_par' dir='ltr' id='par_1_105' title="bbox 2293 4672 3773 4766">
     <span class='ocr_line' id='line_1_105' title="bbox 2293 4672 3773 4766; baseline -0.004 -19"><span class='ocrx_word' id='word_1_791' title='bbox 2293 4700 2401 4746; x_wconf 88' lang='lat' dir='ltr'><strong><em>tem</em></strong></span> <span class='ocrx_word' id='word_1_792' title='bbox 2426 4703 2612 4762; x_wconf 90' lang='lat' dir='ltr'><strong><em>postea</em></strong></span> <span class='ocrx_word' id='word_1_793' title='bbox 2649 4696 2924 4765; x_wconf 62' lang='lat' dir='ltr'><strong><em>praecepit.</em></strong></span> <span class='ocrx_word' id='word_1_794' title='bbox 2962 4695 3058 4751; x_wconf 89' lang='lat' dir='ltr'><strong><em>llic</em></strong></span> <span class='ocrx_word' id='word_1_795' title='bbox 3097 4672 3296 4761; x_wconf 74' lang='lat' dir='ltr'><strong><em>autem,</em></strong></span> <span class='ocrx_word' id='word_1_796' title='bbox 3325 4695 3443 4766; x_wconf 86' lang='lat' dir='ltr'><strong><em>quia</em></strong></span> <span class='ocrx_word' id='word_1_797' title='bbox 3469 4704 3555 4744; x_wconf 82' lang='lat' dir='ltr'><strong><em>nec</em></strong></span> <span class='ocrx_word' id='word_1_798' title='bbox 3576 4695 3689 4740; x_wconf 82' lang='lat' dir='ltr'><strong><em>eum.</em></strong></span> <span class='ocrx_word' id='word_1_799' title='bbox 3709 4672 3773 4741; x_wconf 71' lang='grc' dir='ltr'><strong><em>(ἰυί</em></strong></span> 
     </span>
    </p>
   </div>
   <div class='ocr_carea' id='block_1_106' title="bbox 2292 4778 3771 4861">
    <p class='ocr_par' dir='ltr' id='par_1_106' title="bbox 2292 4778 3771 4861">
     <span class='ocr_line' id='line_1_106' title="bbox 2292 4778 3771 4861; baseline -0.018 -19"><span class='ocrx_word' id='word_1_800' title='bbox 2292 4800 2357 4837; x_wconf 75' lang='lat' dir='ltr'><strong><em>ex</em></strong></span> <span class='ocrx_word' id='word_1_801' title='bbox 2388 4795 2612 4853; x_wconf 88' lang='lat' dir='ltr'><strong><em>peccato</em></strong></span> <span class='ocrx_word' id='word_1_802' title='bbox 2641 4788 2959 4842; x_wconf 86' lang='lat' dir='ltr'><strong><em>humiliatus</em></strong></span> <span class='ocrx_word' id='word_1_803' title='bbox 2988 4800 3093 4852; x_wconf 88' lang='lat' dir='ltr'><strong><em>est,</em></strong></span> <span class='ocrx_word' id='word_1_804' title='bbox 3138 4798 3191 4844; x_wconf 89' lang='lat' dir='ltr'><strong><em>et</em></strong></span> <span class='ocrx_word' id='word_1_805' title='bbox 3220 4799 3488 4861; x_wconf 75' lang='lat' dir='ltr'><strong><em>prapterea</em></strong></span> <span class='ocrx_word' id='word_1_806' title='bbox 3520 4778 3648 4834; x_wconf 83' lang='lat' dir='ltr'><strong><em>nobis</em></strong></span> <span class='ocrx_word' id='word_1_807' title='bbox 3681 4782 3771 4821; x_wconf 79' lang='lat' dir='ltr'><strong><em>ven-</em></strong></span> 
     </span>
    </p>
   </div>
   <div class='ocr_carea' id='block_1_107' title="bbox 2290 4866 3771 4945">
    <p class='ocr_par' dir='ltr' id='par_1_107' title="bbox 2290 4866 3771 4945">
     <span class='ocr_line' id='line_1_107' title="bbox 2290 4866 3771 4945; baseline -0.003 -15"><span class='ocrx_word' id='word_1_808' title='bbox 2290 4874 2457 4941; x_wconf 88' lang='lat' dir='ltr'><strong><em>ditus,</em></strong></span> <span class='ocrx_word' id='word_1_809' title='bbox 2492 4878 2586 4931; x_wconf 89' lang='lat' dir='ltr'><strong><em>sed</em></strong></span> <span class='ocrx_word' id='word_1_810' title='bbox 2640 4894 2743 4933; x_wconf 90' lang='lat' dir='ltr'><strong><em>nec</em></strong></span> <span class='ocrx_word' id='word_1_811' title='bbox 2788 4879 3008 4934; x_wconf 72' lang='lat' dir='ltr'><strong><em>fratrem</em></strong></span> <span class='ocrx_word' id='word_1_812' title='bbox 3060 4883 3205 4945; x_wconf 85' lang='lat' dir='ltr'><strong><em>dicit,</em></strong></span> <span class='ocrx_word' id='word_1_813' title='bbox 3239 4882 3332 4935; x_wconf 87' lang='lat' dir='ltr'><strong><em>sed</em></strong></span> <span class='ocrx_word' id='word_1_814' title='bbox 3360 4880 3422 4933; x_wconf 87' lang='lat' dir='ltr'><strong><em>de</em></strong></span> <span class='ocrx_word' id='word_1_815' title='bbox 3448 4875 3522 4929; x_wconf 80' lang='lat' dir='ltr'><strong><em>his</em></strong></span> <span class='ocrx_word' id='word_1_816' title='bbox 3552 4866 3657 4922; x_wconf 74' lang='lat' dir='ltr'><strong><em>dicit</em></strong></span> <span class='ocrx_word' id='word_1_817' title='bbox 3680 4870 3771 4927; x_wconf 55' lang='grc' dir='ltr'><strong>(ιυθί</strong></span> 
     </span>
    </p>
   </div>
   <div class='ocr_carea' id='block_1_108' title="bbox 2292 4953 3769 5036">
    <p class='ocr_par' dir='ltr' id='par_1_108' title="bbox 2292 4953 3769 5036">
     <span class='ocr_line' id='line_1_108' title="bbox 2292 4953 3769 5036; baseline -0.006 -15"><span class='ocrx_word' id='word_1_818' title='bbox 2292 4982 2393 5022; x_wconf 91' lang='lat' dir='ltr'><strong><em>nos</em></strong></span> <span class='ocrx_word' id='word_1_819' title='bbox 2431 4982 2495 5022; x_wconf 79' lang='lat' dir='ltr'><strong><em>ex</em></strong></span> <span class='ocrx_word' id='word_1_820' title='bbox 2526 4968 2854 5036; x_wconf 81' lang='lat' dir='ltr'><strong><em>inﬁdelibus,</em></strong></span> <span class='ocrx_word' id='word_1_821' title='bbox 2891 4982 2986 5027; x_wconf 89' lang='lat' dir='ltr'><strong><em>aut</em></strong></span> <span class='ocrx_word' id='word_1_822' title='bbox 3005 4975 3228 5031; x_wconf 87' lang='lat' dir='ltr'><strong><em>alterius</em></strong></span> <span class='ocrx_word' id='word_1_823' title='bbox 3261 4972 3380 5028; x_wconf 77' lang='lat' dir='ltr'><strong><em>ﬁdei</em></strong></span> <span class='ocrx_word' id='word_1_824' title='bbox 3404 4970 3452 5022; x_wconf 89' lang='lat' dir='ltr'><strong><em>in</em></strong></span> <span class='ocrx_word' id='word_1_825' title='bbox 3475 4953 3769 5026; x_wconf 65' lang='lat' dir='ltr'><strong><em>discipula“!m</em></strong></span> 
     </span>
    </p>
   </div>
   <div class='ocr_carea' id='block_1_109' title="bbox 2293 5048 3769 5127">
    <p class='ocr_par' dir='ltr' id='par_1_109' title="bbox 2293 5048 3769 5127">
     <span class='ocr_line' id='line_1_109' title="bbox 2293 5048 3769 5127; baseline -0.015 -15"><span class='ocrx_word' id='word_1_826' title='bbox 2293 5057 2780 5127; x_wconf 77' lang='lat' dir='ltr'><strong><em>acquisiverimus:</em></strong></span> <span class='ocrx_word' id='word_1_827' title='bbox 2829 5073 2978 5116; x_wconf 89' lang='lat' dir='ltr'><strong><em>recte</em></strong></span> <span class='ocrx_word' id='word_1_828' title='bbox 3023 5081 3117 5119; x_wconf 83' lang='lat' dir='ltr'><strong><em>eos</em></strong></span> <span class='ocrx_word' id='word_1_829' title='bbox 3145 5081 3246 5119; x_wconf 90' lang='lat' dir='ltr'><strong><em>nec</em></strong></span> <span class='ocrx_word' id='word_1_830' title='bbox 3290 5072 3463 5117; x_wconf 87' lang='lat' dir='ltr'><strong><em>servos</em></strong></span> <span class='ocrx_word' id='word_1_831' title='bbox 3490 5057 3668 5107; x_wconf 87' lang='lat' dir='ltr'><strong><em>nostros</em></strong></span> <span class='ocrx_word' id='word_1_832' title='bbox 3686 5048 3769 5092; x_wconf 68' lang='lat' dir='ltr'><strong><em>esse</em></strong></span> 
     </span>
    </p>
   </div>
   <div class='ocr_carea' id='block_1_110' title="bbox 2295 5135 3763 5222">
    <p class='ocr_par' dir='ltr' id='par_1_110' title="bbox 2295 5135 3763 5222">
     <span class='ocr_line' id='line_1_110' title="bbox 2295 5135 3763 5222; baseline -0.01 -20"><span class='ocrx_word' id='word_1_833' title='bbox 2295 5146 2588 5217; x_wconf 70' lang='lat' dir='ltr'><strong><em>praecepit:</em></strong></span> <span class='ocrx_word' id='word_1_834' title='bbox 2623 5146 2831 5203; x_wconf 85' lang='lat' dir='ltr'><strong><em>Christi</em></strong></span> <span class='ocrx_word' id='word_1_835' title='bbox 2881 5153 3031 5205; x_wconf 86' lang='lat' dir='ltr'><strong><em>enim</em></strong></span> <span class='ocrx_word' id='word_1_836' title='bbox 3062 5163 3114 5206; x_wconf 90' lang='lat' dir='ltr'><strong><em>et</em></strong></span> <span class='ocrx_word' id='word_1_837' title='bbox 3163 5154 3257 5222; x_wconf 80' lang='lat' dir='ltr'><strong><em>ipsi</em></strong></span> <span class='ocrx_word' id='word_1_838' title='bbox 3288 5156 3426 5209; x_wconf 79' lang='lat' dir='ltr'><strong><em>sunt,</em></strong></span> <span class='ocrx_word' id='word_1_839' title='bbox 3455 5142 3577 5195; x_wconf 82' lang='lat' dir='ltr'><strong><em>sicut</em></strong></span> <span class='ocrx_word' id='word_1_840' title='bbox 3608 5141 3651 5185; x_wconf 78' lang='lat' dir='ltr'><strong><em>et</em></strong></span> <span class='ocrx_word' id='word_1_841' title='bbox 3683 5135 3763 5177; x_wconf 65' lang='grc' dir='ltr'><strong><em>ποθι</em></strong></span> 
     </span>
    </p>
   </div>
   <div class='ocr_carea' id='block_1_111' title="bbox 2292 5226 3763 5310">
    <p class='ocr_par' dir='ltr' id='par_1_111' title="bbox 2292 5226 3763 5310">
     <span class='ocr_line' id='line_1_111' title="bbox 2292 5226 3763 5310; baseline -0.002 -22"><span class='ocrx_word' id='word_1_842' title='bbox 2292 5236 2459 5291; x_wconf 84' lang='lat' dir='ltr'><strong><em>servi.</em></strong></span> <span class='ocrx_word' id='word_1_843' title='bbox 2508 5237 2615 5293; x_wconf 86' lang='lat' dir='ltr'><strong><em>Sed</em></strong></span> <span class='ocrx_word' id='word_1_844' title='bbox 2661 5238 2763 5294; x_wconf 88' lang='lat' dir='ltr'><strong><em>sub</em></strong></span> <span class='ocrx_word' id='word_1_845' title='bbox 2806 5250 2996 5296; x_wconf 87' lang='lat' dir='ltr'><strong><em>nostra</em></strong></span> <span class='ocrx_word' id='word_1_846' title='bbox 3030 5252 3208 5297; x_wconf 89' lang='lat' dir='ltr'><strong><em>tamen</em></strong></span> <span class='ocrx_word' id='word_1_847' title='bbox 3246 5234 3563 5310; x_wconf 82' lang='lat' dir='ltr'><strong><em>possessione</em></strong></span> <span class='ocrx_word' id='word_1_848' title='bbox 3585 5226 3763 5310; x_wconf 33' lang='lat' dir='ltr'><strong><em>mini&quot;?</em></strong></span> 
     </span>
    </p>
   </div>
   <div class='ocr_carea' id='block_1_112' title="bbox 2291 5307 3763 5403">
    <p class='ocr_par' dir='ltr' id='par_1_112' title="bbox 2291 5307 3763 5403">
     <span class='ocr_line' id='line_1_112' title="bbox 2291 5307 3763 5403; baseline -0.017 -22"><span class='ocrx_word' id='word_1_849' title='bbox 2291 5322 2432 5382; x_wconf 89' lang='lat' dir='ltr'><strong><em>sicut</em></strong></span> <span class='ocrx_word' id='word_1_850' title='bbox 2459 5344 2556 5399; x_wconf 83' lang='lat' dir='ltr'><strong><em>per</em></strong></span> <span class='ocrx_word' id='word_1_851' title='bbox 2584 5346 2685 5386; x_wconf 90' lang='lat' dir='ltr'><strong><em>nos</em></strong></span> <span class='ocrx_word' id='word_1_852' title='bbox 2720 5331 2945 5388; x_wconf 85' lang='lat' dir='ltr'><strong><em>edoctos</em></strong></span> <span class='ocrx_word' id='word_1_853' title='bbox 2972 5307 3391 5403; x_wconf 33' lang='lat' dir='ltr'><strong><em>praeripia—sicut</em></strong></span> <span class='ocrx_word' id='word_1_854' title='bbox 3410 5328 3512 5395; x_wconf 77' lang='lat' dir='ltr'><strong><em>ipsa</em></strong></span> <span class='ocrx_word' id='word_1_855' title='bbox 3538 5307 3763 5371; x_wconf 77' lang='lat' dir='ltr'><strong><em>ostendunt</em></strong></span> 
     </span>
    </p>
   </div>
   <div class='ocr_carea' id='block_1_113' title="bbox 2292 5416 2831 5486">
    <p class='ocr_par' dir='ltr' id='par_1_113' title="bbox 2292 5416 2831 5486">
     <span class='ocr_line' id='line_1_113' title="bbox 2292 5416 2831 5486; baseline 0.013 -17"><span class='ocrx_word' id='word_1_856' title='bbox 2292 5416 2614 5486; x_wconf 90' lang='lat' dir='ltr'><strong><em>legislatoris</em></strong></span> <span class='ocrx_word' id='word_1_857' title='bbox 2645 5422 2831 5477; x_wconf 88' lang='lat' dir='ltr'><strong><em>verba.</em></strong></span> 
     </span>
    </p>
   </div>
   <div class='ocr_carea' id='block_1_114' title="bbox 2360 5501 3638 5570">
    <p class='ocr_par' dir='ltr' id='par_1_114' title="bbox 2360 5501 3638 5570">
     <span class='ocr_line' id='line_1_114' title="bbox 2360 5501 3638 5570; baseline -0.003 -9"><span class='ocrx_word' id='word_1_858' title='bbox 2360 5507 2550 5564; x_wconf 88' lang='lat' dir='ltr'><strong><em>Servus</em></strong></span> <span class='ocrx_word' id='word_1_859' title='bbox 2585 5522 2633 5566; x_wconf 86' lang='lat' dir='ltr'><strong><em>et</em></strong></span> <span class='ocrx_word' id='word_1_860' title='bbox 2659 5514 2859 5569; x_wconf 78' lang='lat' dir='ltr'><strong><em>ancilla</em></strong></span> <span class='ocrx_word' id='word_1_861' title='bbox 2898 5516 3002 5568; x_wconf 84' lang='lat' dir='ltr'><strong><em>sint</em></strong></span> <span class='ocrx_word' id='word_1_862' title='bbox 3033 5516 3171 5570; x_wconf 74' lang='lat' dir='ltr'><strong><em>vobis</em></strong></span> <span class='ocrx_word' id='word_1_863' title='bbox 3213 5516 3273 5567; x_wconf 84' lang='lat' dir='ltr'><strong><em>de</em></strong></span> <span class='ocrx_word' id='word_1_864' title='bbox 3298 5501 3577 5563; x_wconf 80' lang='lat' dir='ltr'><strong><em>nationibus,</em></strong></span> <span class='ocrx_word' id='word_1_865' title='bbox 3612 5506 3638 5557; x_wconf 71' lang='lat' dir='ltr'><strong><em>‘l</em></strong></span> 
     </span>
    </p>
   </div>
   <div class='ocr_carea' id='block_1_115' title="bbox 2293 5580 3760 5671">
    <p class='ocr_par' dir='ltr' id='par_1_115' title="bbox 2293 5580 3760 5671">
     <span class='ocr_line' id='line_1_115' title="bbox 2293 5580 3760 5671; baseline 0.003 -21"><span class='ocrx_word' id='word_1_866' title='bbox 2293 5599 2516 5655; x_wconf 88' lang='lat' dir='ltr'><strong><em>circuitu</em></strong></span> <span class='ocrx_word' id='word_1_867' title='bbox 2546 5614 2715 5657; x_wconf 84' lang='lat' dir='ltr'><strong><em>vestro</em></strong></span> <span class='ocrx_word' id='word_1_868' title='bbox 2752 5615 2893 5671; x_wconf 86' lang='lat' dir='ltr'><strong><em>sunt,</em></strong></span> <span class='ocrx_word' id='word_1_869' title='bbox 2927 5616 2975 5660; x_wconf 85' lang='lat' dir='ltr'><strong><em>et</em></strong></span> <span class='ocrx_word' id='word_1_870' title='bbox 3007 5607 3069 5660; x_wconf 87' lang='lat' dir='ltr'><strong><em>de</em></strong></span> <span class='ocrx_word' id='word_1_871' title='bbox 3104 5603 3307 5660; x_wconf 87' lang='lat' dir='ltr'><strong><em>advenis</em></strong></span> <span class='ocrx_word' id='word_1_872' title='bbox 3334 5597 3414 5668; x_wconf 89' lang='lat' dir='ltr'><strong><em>qui</em></strong></span> <span class='ocrx_word' id='word_1_873' title='bbox 3441 5580 3760 5663; x_wconf 61' lang='lat' dir='ltr'><strong><em>pef‘grm&#39;m</em></strong></span> 
     </span>
    </p>
   </div>
   <div class='ocr_carea' id='block_1_116' title="bbox 3640 5480 3758 5539">
    <p class='ocr_par' dir='ltr' id='par_1_116' title="bbox 3640 5480 3758 5539">
     <span class='ocr_line' id='line_1_116' title="bbox 3640 5480 3758 5539; baseline -0.017 -11"><span class='ocrx_word' id='word_1_874' title='bbox 3640 5497 3701 5539; x_wconf 69' lang='grc' dir='ltr'><strong><em>αα</em></strong></span> <span class='ocrx_word' id='word_1_875' title='bbox 3722 5480 3758 5528; x_wconf 73' lang='lat' dir='ltr'><strong><em>lli</em></strong></span> 
     </span>
    </p>
   </div>
   <div class='ocr_carea' id='block_1_117' title="bbox 2575 5770 3751 5875">
    <p class='ocr_par' dir='ltr' id='par_1_117' title="bbox 2575 5770 3751 5875">
     <span class='ocr_line' id='line_1_117' title="bbox 2575 5770 3751 5875; baseline -0.005 -18"><span class='ocrx_word' id='word_1_876' title='bbox 2575 5803 2663 5857; x_wconf 76' lang='lat' dir='ltr'><strong><em>&quot;I</em></strong></span> <span class='ocrx_word' id='word_1_877' title='bbox 2699 5806 2823 5861; x_wconf 82' lang='lat' dir='ltr'><strong><em>Cor.</em></strong></span> <span class='ocrx_word' id='word_1_878' title='bbox 2858 5822 2952 5875; x_wconf 87' lang='lat' dir='ltr'><strong><em>vn,</em></strong></span> <span class='ocrx_word' id='word_1_879' title='bbox 2983 5809 3069 5863; x_wconf 77' lang='lat'><strong><em>9.5.</em></strong></span> <span class='ocrx_word' id='word_1_880' title='bbox 3145 5810 3185 5841; x_wconf 74' lang='grc' dir='ltr'><strong>ιι</strong></span> <span class='ocrx_word' id='word_1_881' title='bbox 3212 5803 3319 5861; x_wconf 85' lang='lat' dir='ltr'><strong><em>Gal.</em></strong></span> <span class='ocrx_word' id='word_1_882' title='bbox 3355 5815 3420 5863; x_wconf 79' lang='lat' dir='ltr'><strong><em>IV,</em></strong></span> <span class='ocrx_word' id='word_1_883' title='bbox 3450 5793 3494 5846; x_wconf 87' lang='lat'><strong><em>6.</em></strong></span> <span class='ocrx_word' id='word_1_884' title='bbox 3560 5783 3598 5814; x_wconf 87' lang='grc'><strong><em>³¹</em></strong></span> <span class='ocrx_word' id='word_1_885' title='bbox 3621 5777 3636 5831; x_wconf 81' lang='grc' dir='ltr'>ι</span> <span class='ocrx_word' id='word_1_886' title='bbox 3662 5770 3751 5825; x_wconf 67' lang='grc' dir='ltr'><strong><em>δυτ·</em></strong></span> 
     </span>
    </p>
   </div>
  </div>
