4032 6426
204 443 343 507 1133

1343 439 1421 497 ΙΝ
1469 433 1915 497 LEVITICUM.
1948 458 2014 468 -
2058 432 2205 492 LIB.
2242 431 2375 492 VII.

3347 428 3484 493 1134

194 560 346 631 apud
374 574 482 612 vos.
513 557 716 612 Gentes
746 571 865 625 qua:
900 555 951 608 in
986 553 1219 609 circuitu
1254 563 1442 606 nostro
1465 558 1628 613 sunt,
1666 565 1787 619 quae
1815 555 1864 609 Α
1891 545 2128 598 civitates
2180 542 2530 612 presbyteros,
2574 558 2701 612 quos
2740 558 2832 611 ego
2870 542 2961 595 tibi
3001 544 3246 596 constitui
3270 544 3335 598 ³³.
3375 546 3484 602 Sed

194 654 439 706 necdum
482 649 856 711 crediderunt,
890 662 1043 715 spem
1088 653 1266 700 tamen
1318 645 1465 709 fidei,
1514 650 1569 697 et
1599 642 1789 697 salutis

194 746 442 807 habent,
483 742 609 811 quia
658 740 793 810 ipsis
840 739 1071 793 missum
1108 737 1456 806 Evangelium
1491 744 1593 799 est,
1648 734 1791 788 sicut

193 838 408 891 Paulus
439 836 491 888 in
520 833 812 888 Antiochia
848 832 916 885 ad
965 830 1185 884 .Indteos
1216 829 1471 883 dicebat:
1511 828 1644 881 Ecce
1672 844 1792 881 con-

190 929 457 981 vertimur
486 924 557 977 ad
585 934 794 995 gentes:
831 924 905 976 sic
944 924 1079 975 enim
1125 922 1370 991 prtzcepit
1414 920 1559 973 nobis
1604 920 1793 973 Domi-

192 1038 304 1074 nus
334 1021 399 1073 ³⁵.
451 1017 525 1071 De
576 1018 660 1071 bis
688 1015 849 1069 nobis
880 1016 1024 1069 servi
1056 1024 1109 1068 et
1137 1014 1345 1068 ancillm
1376 1013 1791 1081 conquirantur,

190 1113 251 1167 id
292 1122 406 1173 est,
448 1108 540 1179 qui
570 1123 666 1177 per
700 1108 929 1161 verbum
964 1107 1251 1160 docentur.
1280 1104 1433 1159 Unde
1458 1116 1514 1159 et
1544 1120 1661 1165 eos,
1702 1104 1794 1172 qui

187 1202 528 1264 docuerunt,
571 1198 825 1252 dominos
864 1196 1159 1266 appellant,
1201 1196 1345 1264 quod
1375 1196 1713 1249 demonstrat
1741 1195 1796 1247 in

191 1292 469 1361 Philippis
504 1298 691 1345 custos
722 1292 979 1353 carceris,
1029 1289 1120 1359 qui
1153 1289 1219 1343 ad
1277 1289 1499 1342 Paulum
1536 1297 1590 1342 et
1616 1287 1795 1359 Sylam

190 1386 464 1439 dicebat:
501 1384 751 1447 Domini,
779 1383 905 1453 quid
938 1399 1019 1435 me
1048 1390 1246 1450 oportet
1293 1384 1486 1451 facere,
1516 1391 1572 1433 ut
1623 1380 1798 1434 salvus

192 1480 333 1548 ﬁam
357 1479 439 1531 ".9
470 1476 575 1531 Sed
616 1484 671 1530 et
693 1477 760 1529 de
785 1474 1033 1537 advenis,
1070 1473 1205 1536 sive,
1243 1483 1303 1527 ut
1329 1472 1705 1543 Septuaginta,
1733 1472 1798 1525 fi-

196 1572 294 1625 liis
315 1570 733 1639 inquilinorum,
766 1566 860 1636 qui
895 1566 1315 1635 peregrinantur
1339 1564 1481 1635 apud
1527 1581 1642 1627 nos,
1670 1581 1801 1618 con-

197 1665 507 1734 quiramus.
553 1660 695 1715 Dicit
723 1668 908 1713 autem
954 1658 1254 1727 inquilinos
1294 1658 1381 1711 hic
1432 1658 1673 1720 Judzeos,
1708 1658 1799 1727 qui

201 1758 457 1811 habitant
511 1756 564 1809 in
606 1753 812 1807 lumine
858 1763 1069 1817 nostro,
1124 1770 1233 1807 non
1276 1762 1456 1807 tamen
1509 1755 1699 1808 volunt
1750 1754 1801 1808 ei

202 1852 396 1907 oculos
426 1849 625 1903 mentis
655 1848 1090 1910 accommodare,
1138 1848 1540 1901 abscondentes
1571 1850 1690 1917 ejus
1718 1848 1802 1902 lu-

205 1960 432 1999 cernam
483 1944 585 1996 sub
620 1941 824 1995 modio.
878 1940 1105 2009 Propter
1138 1940 1279 2007 quod
1315 1956 1423 1993 non
1483 1942 1803 2010 simpliciter

208 2034 497 2104 inquilinos
540 2032 890 2101 Septuaginta
931 2031 1239 2095 ediderunt,
1280 2032 1372 2086 sed
1412 2031 1551 2099 ﬁlios
1581 2031 1803 2099 inquili-

212 2143 421 2187 norum,
453 2124 545 2193 qui
578 2132 707 2177 sunt
748 2124 799 2175 in
843 2124 1017 2183 vobis,
1050 2122 1193 2192 quod
1222 2139 1251 2175 a
1302 2122 1679 2177 Theodotione
1749 2133 1805 2177 et

216 2213 543 2284 Symmacho
596 2211 814 2281 planius
844 2213 1108 2281 scriptum
1144 2221 1261 2266 est:
1294 2211 1336 2263 Α
1368 2212 1492 2280 [iliis
1520 2211 1806 2282 inquilino-

218 2324 354 2368 rum,
403 2306 492 2375 qui
521 2305 761 2357 habitant
812 2306 867 2356 in
896 2306 1057 2357 vobis.
1086 2304 1161 2359 De
1192 2305 1391 2374 quibus
1431 2305 1566 2359 dixit
1596 2305 1763 2358 David
1789 2323 1801 2357 :

224 2396 594 2453 inhabitabant
626 2406 691 2449 et
743 2397 1063 2450 abscondent
1103 2396 1170 2451 “.
1202 2396 1339 2450 Cum
1379 2398 1526 2451 enim
1575 2406 1706 2451 sunt
1753 2398 1807 2450 in

229 2494 407 2557 nobis,
435 2492 521 2561 qui
570 2492 741 2561 legem
788 2490 959 2559 ipsam
1030 2497 1085 2543 et
1115 2491 1429 2559 pr0phetas,
1461 2505 1598 2559 quos
1624 2499 1677 2545 et
1708 2506 1809 2545 nos

232 2586 502 2647 habemus,
533 2584 758 2645 habent,
800 2583 1111 2636 inhabitant
1142 2592 1323 2637 tamen
1364 2598 1474 2637 non
1506 2584 1697 2637 eadem
1720 2600 1808 2638 sa-

226 2680 436 2749 pientes
468 2678 535 2731 de
566 2678 683 2747 lege
738 2686 789 2731 et
816 2676 1119 2746 prophetis,
1154 2692 1273 2745 qua:
1305 2692 1440 2731 nos:
1476 2692 1629 2731 suam
1662 2677 1809 2731 enim

214 2775 484 2844 justitiam
536 2774 875 2827 constituere
911 2782 1240 2840 quaarentes,
1290 2772 1516 2842 justitia:
1563 2772 1656 2826 Dei
1699 2787 1811 2825 non

219 2871 350 2916 sunt
378 2862 628 2930 subjecti,
672 2862 767 2915 sed
810 2862 915 2914 hoc
947 2861 1304 2925 abscondent,
1340 2869 1394 2913 et
1426 2870 1571 2915 recte
1600 2861 1814 2915 inhabi-

221 2962 360 3017 tant,
410 2954 554 3007 sicut
604 2954 696 3022 qui
752 2953 1078 3022 semetipsos
1123 2968 1153 3006 a
1199 2952 1391 3015 libera,
1429 2964 1484 3007 et
1514 2970 1544 3007 a
1576 2953 1812 3008 fiduciali

220 3043 566 3098 habitatione
600 3044 976 3098 excludentes.
1022 3043 1177 3098 Unde
1232 3044 1515 3109 Dominus,
1550 3046 1677 3115 quia
1730 3048 1812 3100 in-

220 3135 475 3190 habitant
540 3144 765 3205 propter
828 3136 1200 3191 infidelitatem
1264 3138 1500 3191 innuens
1560 3139 1809 3193 dicebat:

1894 652 1948 696 et
1998 641 2130 710 quid
2163 650 2333 695 restet
2370 641 2514 695 inter
2544 641 2686 699 illos.
2714 656 2851 710 quos
2894 642 3098 695 deforis
3132 643 3323 699 luerati
3361 645 3483 699 fue-

1894 734 2085 796 rimus,
2126 742 2182 786 et
2213 733 2517 801 aequalibus
2568 733 2726 788 nobis
2769 732 3049 799 fratribus,
3113 736 3206 804 qui
3259 734 3486 793 forsitan

1895 826 2163 880 humiliati
2198 826 2568 896 corriguntur,
2603 827 2747 880 scire
2778 841 2925 880 nunc
2955 827 3233 897 legislator
3256 847 3358 883 nos
3386 847 3488 885 vo-

1895 907 2035 977 lens.
2089 919 2207 972 hazc
2253 919 2319 972 ad
2377 934 2725 974 communem
2780 921 3048 975 rationem
3100 923 3488 979 ursedictorum

1896 1008 2134 1078 scripsit.

1966 1100 2184 1154 Fratres
2205 1111 2383 1155 autem
2410 1112 2605 1157 vestros
2629 1104 2766 1172 ﬁlios
2793 1104 2965 1160 Israel
2994 1125 3097 1162 non
3127 1111 3365 1181 afﬂigetis
3398 1130 3493 1183 per

1898 1193 2211 1258 potentiam.
2268 1191 2389 1247 Non
2428 1196 2556 1263 quia
2596 1196 2753 1261 alios,
2802 1214 2940 1267 quos
2984 1200 3176 1257 lucrati
3222 1203 3492 1263 fuerimus

1901 1283 2168 1348 exterius,
2200 1283 2254 1337 in
2286 1286 2606 1342 servitutem
2637 1290 2904 1360 redigere,
2938 1304 3032 1349 aut
3083 1304 3370 1352 conterere
3408 1300 3490 1352 la-

1900 1372 2127 1427 boribus
2157 1376 2448 1444 praecepit:
2493 1393 2761 1447 nusquam
2804 1383 2949 1437 enim
2978 1385 3165 1440 hocin
3207 1388 3491 1443 sanctione

1903 1466 2003 1519 hac
2042 1465 2241 1521 dixisse
2281 1467 2537 1523 videtur:
2571 1471 2665 1525 sed
2690 1473 2817 1541 quia
2848 1490 2955 1529 non
2994 1480 3185 1547 aequali
3224 1490 3491 1549 potestate

1903 1559 1958 1611 in
1991 1558 2115 1624 illis,
2148 1570 2205 1613 et
2240 1560 2357 1614 istis
2395 1562 2469 1615 uti
2513 1578 2826 1633 possumus.
2859 1568 3019 1623 Aliud
3054 1581 3136 1625 est
3174 1575 3318 1626 enim
3369 1575 3492 1629 infi-

1904 1652 2173 1714 deles_ad
2217 1654 2376 1708 fidem
2429 1657 2743 1726 perductos,
2799 1660 2944 1716 aliud
2995 1662 3180 1718 fideles
3227 1666 3426 1735 lapsos,
3462 1683 3493 1721 a

1906 1745 2063 1799 nobis
2093 1747 2423 1800 admonitos.

1975 1836 2143 1891 Vens.
2207 1838 2396 1893 47-49.
2437 1858 2455 1891 ί
2508 1838 2565 1893 Si
2606 1840 2899 1896 invaluerit
2956 1846 3099 1914 apud
3156 1863 3251 1900 vos
3300 1863 3496 1903 manus

1907 1928 2154 1991 advenaa,
2189 1937 2353 1999 atque
2388 1932 2680 2001 peregrini,
2712 1941 2767 1987 et
2813 1944 3130 1991 attenuatus
3164 1938 3331 1994 frater
3369 1949 3498 1996 tuus

1908 2020 2214 2074 vendiderit
2252 2036 2310 2074 se
2350 2023 2417 2086 ei,
2462 2032 2557 2076 aut
2595 2024 2846 2093 cuiquam
2891 2027 2959 2080 de
2994 2028 3164 2097 stirpe
3196 2030 3337 2097 ejus.
3376 2041 3501 2101 post

1908 2112 2277 2167 venditionem
2305 2122 2483 2184 potest
2513 2116 2725 2170 redimi.
2756 2117 2857 2183 Qui
2881 2120 3114 2175 voluerit
3146 2139 3212 2177 ex
3241 2124 3501 2181 fratribus

1909 2206 2048 2269 suis.
2082 2217 2227 2262 emet
2263 2224 2409 2274 eum,
2460 2219 2517 2263 et
2564 2218 2816 2279 patruus,
2843 2221 2899 2267 et
2948 2216 3227 2283 patruelis,
3263 2227 3317 2271 et
3369 2234 3502 2272 eon—

1909 2301 2261 2368 Sauguineus,
2293 2312 2348 2356 et
2376 2302 2571 2358 afﬁnis.
2602 2321 2623 2355 ι

1981 2392 2116 2458 Quia
2152 2395 2237 2448 lex
2274 2396 2549 2463 pertinere
2597 2398 2700 2453 sibi
2736 2402 3034 2455 secundum
3058 2406 3318 2467 litteram,
3352 2406 3418 2459 de
3448 2406 3505 2459 li-

1910 2487 2124 2541 bertate
2149 2488 2524 2559 indigenarum
2554 2492 2919 2545 Israelitarum
2938 2496 3196 2559 ostendit,
3219 2507 3502 2566 propterea

1913 2597 2039 2635 eum
2084 2583 2177 2651 qui
2226 2584 2279 2636 in
2317 2586 2397 2637 eis
2426 2584 2668 2639 deterius
2718 2597 2944 2656 propter
2985 2598 3381 2657 paupertatem,
3414 2599 3507 2645 aut

1914 2677 2149 2744 aliquam
2174 2678 2333 2730 aliam
2370 2680 2757 2733 necessitatem
2779 2690 2921 2751 aget,
2954 2682 3263 2753 proselytis,
3295 2683 3381 2742 vel
3424 2683 3509 2737 in-

1914 2771 2156 2840 quilinis,
2191 2771 2280 2841 qui
2313 2771 2381 2825 de
2414 2773 2499 2825 his
2525 2773 2743 2841 quidem
2775 2773 2907 2827 foris
2938 2783 3067 2828 sunt
3100 2775 3288 2846 geniti,
3323 2776 3507 2830 adhae-

1916 2859 2066 2922 serit,
2099 2861 2304 2913 servire
2336 2876 2443 2913 non
2474 2862 2701 2931 patitur,
2739 2864 2834 2917 sed
2869 2864 3062 2918 redimi
3088 2880 3215 2918 eum
3241 2866 3309 2919 ab
3331 2866 3512 2937 aliquo

1918 2964 2139 3002 suorum
2172 2960 2529 3020 cognatorum
2563 2954 2842 3023 praecepit.
2898 2955 3053 3019 Vide,
3096 2957 3372 3026 quomodo
3408 2957 3512 3010 hoc

1918 3040 2180 3093 custodiri
2215 3051 2270 3095 et
2292 3044 2594 3098 secundum
2620 3060 2898 3117 anagogen
2933 3048 3233 3119 spiritalem
3274 3058 3509 3119 oportet,

1919 3133 1995 3186 ait
2018 3135 2204 3186 enim:

219 3228 423 3285 Servus
463 3244 564 3282 non
615 3239 790 3282 manet
821 3231 878 3282 in
910 3230 1063 3282 domo
1099 3231 1151 3281 in
1175 3240 1429 3283 wternum
1464 3231 1527 3295 ",
1558 3231 1700 3300 quod
1734 3242 1818 3287 est
1845 3245 1888 3301 ο
1995 3226 2055 3281 Si
2084 3229 2374 3282 invaluerit
2409 3231 2554 3299 apud
2586 3247 2673 3285 vos
2707 3249 2893 3284 manus
2935 3234 3149 3287 aduente
3172 3245 3331 3305 atque
3364 3252 3514 3304 pere-

219 3319 656 3375 inhabitantium
691 3320 995 3389 pr0prium.
1031 3318 1138 3373 Sed
1184 3322 1258 3373 ait
1290 3321 1586 3389 legislator,
1622 3338 1822 3377 secun—

217 3415 356 3467 dum
393 3412 745 3482 Septuaginta
777 3413 877 3466 :Et
907 3412 973 3467 de
1009 3413 1254 3483 cognatis
1301 3414 1565 3482 ipsorum,
1590 3416 1825 3483 quicun-

217 3515 337 3569 que
381 3500 583 3553 fuerint
610 3501 663 3553 in
709 3510 851 3554 terra
880 3510 1077 3565 vestra,
1122 3512 1285 3556 erunt
1323 3504 1479 3557 vobis
1518 3504 1572 3556 in
1602 3521 1824 3574 posses-

217 3592 460 3647 sionem.
494 3591 720 3663 Cognati
766 3592 910 3645 enim
940 3591 1278 3657 Judzeorum,
1324 3606 1549 3665 propter
1595 3598 1828 3650 infideli-

222 3696 428 3750 t-atem,
466 3686 708 3740 haeretici
756 3696 903 3751 sunt,
930 3688 1057 3755 quin
1099 3703 1207 3740 non
1242 3688 1419 3756 plene,
1458 3689 1599 3742 sicut
1651 3699 1704 3743 et
1752 3689 1826 3741 illi

221 3778 495 3840 sentiunt,
531 3786 585 3831 et
615 3777 805 3831 eadem
845 3778 1005 3831 nobis
1046 3778 1345 3847 praedicant
1400 3778 1680 3848 mysteria,
1712 3794 1825 3831 non

226 3880 415 3923 tamen
448 3872 502 3922 in
535 3869 743 3923 eisdem
775 3870 963 3933 rectis,
994 3880 1049 3923 et
1101 3868 1377 3937 perfectis,
1424 3879 1480 3923 et
1512 3871 1739 3940 integris
1773 3871 1827 3923 in

231 3962 407 4016 Deum
453 3962 799 4031 dogmatibus
827 3978 839 4015 :
876 3962 1019 4014 unde
1052 3970 1180 4014 sunt
1205 3961 1425 4030 quidem
1459 3962 1513 4015 in
1545 3971 1688 4016 terra
1724 3979 1827 4015 no-

226 4059 367 4111 stra,
394 4053 485 4105 sed
524 4052 799 4120 inquilini.
998 4046 1003 4049 ἠ

311 4141 420 4195 Hos
460 4143 733 4203 habebitis,
786 4143 983 4212 inquit,
1036 4145 1091 4195 in
1140 4144 1389 4213 famulos,
1414 4155 1460 4197 et
1490 4145 1829 4199 hereditario

220 4237 356 4306 jure
393 4236 761 4289 transmittctis
792 4237 862 4289 ad
906 4247 1159 4304 posteros,
1194 4255 1257 4290 ac
1290 4239 1616 4307 possidebitis
1658 4240 1711 4291 in
1766 4254 1831 4292 ar-

233 4339 465 4383 ternum.
507 4328 873 4398 Quoscunque
923 4346 1052 4398 ergo
1094 4347 1163 4384 ex
1205 4332 1459 4401 gentibus
1497 4332 1827 4395 infidelibus,

232 4431 335 4475 aut
369 4438 433 4475 ex
463 4422 684 4484 Judmis,
718 4434 811 4475 aut
832 4438 899 4475 ex
924 4422 1197 4476 hmreticis
1226 4423 1415 4475 lucrati
1446 4423 1733 4487 fuerimus,
1774 4433 1829 4479 et

238 4515 354 4570 Deo
373 4516 753 4576 obtulerimus,
797 4530 1093 4583 servosque
1132 4526 1186 4568 et
1212 4516 1437 4568 ancillas
1473 4517 1829 4585 acquisiveri-

234 4619 381 4667 mus,
418 4603 795 4670 impendentes
826 4620 927 4674 pro
953 4605 1033 4658 eis
1053 4604 1314 4658 doctrin-r2
1340 4607 1648 4674 pecuniam,
1683 4608 1735 4660 hi
1772 4608 1829 4662 in
1861 4580 1904 4635 θ

236 4700 427 4747 nostra
459 4693 810 4760 possessione
846 4702 989 4747 sunt.
1022 4694 1127 4747 Sed
1156 4704 1210 4747 et
1239 4694 1362 4749 filiis
1387 4697 1609 4757 nostris.
1646 4699 1697 4751 id
1723 4710 1827 4765 est,

236 4785 555 4852 discipulis,
588 4785 832 4838 dividere
863 4801 977 4845 eos,
1016 4786 1069 4839 id
1110 4796 1213 4851 est,
1248 4787 1461 4841 tradere
1496 4804 1683 4842 eorum
1715 4791 1831 4844 dis-

236 4874 540 4943 cipulatum
574 4891 881 4943 possmuus.
906 4876 1058 4941 Quod
1092 4876 1402 4931 manifestat
1430 4877 1651 4943 Paulus,
1676 4882 1832 4949 cujus

238 4966 384 5019 sicut
420 4965 512 5018 lilii
554 4976 708 5020 erant
743 4967 992 5036 discipuli
1026 4967 1179 5023 Titus
1215 4982 1269 5023 et
1308 4968 1648 5025 Timotheus.
1696 4972 1830 5025 Nam

239 5057 557 5118 Timotheo,
587 5058 943 5115 dilectissimo
975 5060 1083 5115 filio
1132 5063 1183 5115 in
1210 5042 1346 5125 fide,
1396 5073 1449 5116 et
1502 5063 1626 5118 Tito
1665 5065 1832 5120 dilec-

242 5149 460 5202 tissimo
516 5148 623 5203 filio
671 5153 991 5207 secundum
1032 5170 1377 5209 communem
1411 5156 1593 5222 fidem,
1624 5158 1691 5211 ad
1738 5174 1833 5213 eos

237 5240 489 5295 scribens
531 5244 938 5310 przescribebat.
972 5245 1177 5299 Deinde
1224 5247 1348 5301 huic
1388 5246 1673 5317 Ephesios,
1708 5251 1832 5305 huic

240 5333 551 5395 Cretenses
593 5335 888 5389 distribuit.
936 5335 1070 5390 Nam
1128 5338 1203 5391 illi
1248 5340 1468 5408 quidem
1524 5343 1831 5397 Scribebat:

243 5424 395 5479 Sicut
438 5428 619 5496 rogavi
666 5438 733 5489 te,
777 5438 831 5480 ut
872 5445 1168 5484 remaneres
1212 5430 1426 5499 Ephesi,
1457 5451 1571 5486 cum
1616 5436 1744 5488 irent
1784 5437 1838 5488 in

248 5516 644 5581 Macedoniam,
692 5531 747 5573 ut
796 5524 1143 5577 annuntiares
1189 5526 1522 5594 quibusdam,
1573 5546 1635 5581 ne
1688 5529 1841 5581 aliter

247 5612 490 5663 docerent
522 5612 587 5665 ³⁸.
630 5612 753 5666 Tito
778 5624 991 5667 autem:
1033 5615 1210 5684 Hujus
1252 5619 1327 5670 rei
1361 5621 1535 5688 gratia
1578 5620 1765 5691 reliqui
1796 5632 1843 5673 te

251 5700 447 5765 Cretw,
495 5712 550 5755 ut
589 5721 649 5757 ea
694 5720 809 5774 qua:
838 5706 1022 5759 desunt
1063 5708 1317 5778 corrigas,
1347 5719 1393 5762 et
1431 5713 1717 5764 constituas
1747 5729 1838 5781 per

333 5876 380 5910 εδ
404 5882 524 5935 Act.
559 5898 677 5947 xm,
720 5884 810 5937 46.
888 5884 930 5916 ³³
962 5885 1084 5940 Act.
1120 5902 1234 5953 xvr,
1266 5888 1355 5945 50.
1435 5888 1477 5919 ³⁸
1504 5886 1646 5940 Psal.
1681 5904 1765 5951 LV,
1796 5890 1847 5940 7.

1927 3321 2067 3391 griui
2115 3322 2251 3386 (sive
2287 3332 2344 3376 ut
2390 3322 2739 3393 Septuaginta
2768 3326 3070 3395 inquilini.)
3112 3338 3158 3380 et
3210 3338 3516 3383 attenuatus

1928 3415 2094 3484 frater
2146 3423 2264 3467 tuus
2361 3432 2407 3451 η’
2447 3417 2466 3444 ί
2492 3415 2603 3466 "nit
2634 3434 2688 3468 se
2718 3417 2765 3469 ei
2820 3425 2911 3469 aut
2948 3419 3195 3471 cuiauum
3245 3421 3308 3472 de
3353 3422 3517 3491 stirpe

1928 3505 2057 3573 ejus.

2001 3598 2058 3651 ld
2097 3607 2203 3665 est,
2253 3598 2298 3653 si
2351 3599 2396 3653 is
2434 3600 2525 3670 qui
2567 3600 2633 3653 ad
2686 3601 2845 3654 fidem
2881 3616 2948 3655 ex
2996 3603 3273 3671 gentibus,
3303 3614 3397 3657 aut
3450 3620 3517 3659 ex

1927 3692 2149 3759 Judaeis,
2194 3704 2289 3747 aut
2318 3696 2541 3749 omnino
2572 3696 2865 3763 haereticis,
2898 3708 3111 3751 nowter
3143 3709 3345 3754 nostra:
3393 3700 3517 3755 fidei

1930 3785 2260 3854 conjunctus
2298 3788 2476 3840 clarus
2506 3796 2591 3840 est
2625 3788 2941 3851 virtutibus,
2976 3789 3046 3842 ita
3097 3797 3155 3842 ut
3207 3801 3403 3860 potens
3450 3792 3521 3846 sit

1932 3876 1984 3929 in
2021 3877 2319 3946 arguendo,
2340 3888 2395 3931 et
2414 3876 2755 3932 exhortando
2772 3888 3082 3947 peccantes,
3108 3881 3271 3951 hujus
3302 3884 3519 3951 proprie

1931 3988 2127 4026 manus
2160 3971 2463 4039 invalescit,
2494 3975 2703 4035 sive,ut
2726 3968 3101 4046 Septuaginta,
3134 3977 3359 4043 invenit,
3394 3980 3520 4049 quia

1932 4080 2032 4133 per
2071 4080 2223 4118 suam
2261 4066 2530 4120 actionem
2565 4067 2811 4121 invenire
2843 4078 2899 4122 et
2940 4070 3173 4123 aliorum
3224 4088 3520 4127 conversa-

1935 4156 2139 4210 tionem
2180 4168 2235 4212 et
2288 4159 2724 4215 exhortationem
2772 4172 2973 4230 potest.
3024 4163 3228 4217 Deinde
3268 4176 3323 4218 et
3352 4168 3521 4221 frater

1935 4256 2081 4312 tuus,
2113 4251 2203 4319 qui
2238 4249 2365 4302 olim
2415 4251 2662 4303 eruditus
2703 4262 2787 4304 est
2835 4252 2887 4305 in
2941 4254 3128 4317 verbo,
3162 4255 3255 4309 sed
3288 4265 3343 4310 et
3394 4258 3519 4327 quia

1932 4341 2159 4410 :equalis
2212 4341 2307 4394 tibi
2354 4354 2438 4396 est
2484 4344 2783 4396 secundum
2823 4353 3025 4398 sortem
3067 4350 3519 4413 conversationis,

1936 4436 2039 4488 hoc
2072 4443 2156 4487 est
2208 4433 2353 4487 enim
2392 4434 2557 4488 frater
2606 4444 2941 4499 attenuatus,
2980 4438 3032 4491 id
3087 4449 3192 4504 est,
3232 4457 3339 4494 non
3382 4443 3525 4497 inve-

1936 4527 2096 4581 niens
2130 4528 2533 4591 exhortantem,
2562 4535 2617 4581 et.
2656 4529 2943 4583 consilium
2975 4531 3195 4585 dantem
3225 4552 3236 4586 ε
3278 4534 3521 4599 advena,

1934 4620 2049 4674 sive
2082 4620 2389 4691 peregrino,
2432 4622 2518 4675 vel
2565 4622 2833 4691 inquiliuo
2863 4640 2920 4676 se
2955 4627 3281 4689 vendiderit,
3328 4630 3378 4681 id
3418 4640 3522 4693 est,

1934 4714 1982 4767 ei
2028 4714 2120 4781 qui
2172 4715 2389 4767 noviter
2419 4717 2485 4769 de
2518 4716 2792 4786 gentibus,
2819 4726 2912 4770 aut
2951 4717 3018 4770 de
3045 4718 3269 4783 Judaeis,
3306 4730 3399 4773 aut
3438 4737 3526 4776 se-

1935 4805 2174 4858 cundum
2220 4806 2366 4874 quod
2414 4807 2651 4862 diximus
2697 4808 2968 4863 hazreticis
3013 4811 3279 4872 credenti,
3312 4828 3526 4867 venun-

1935 4892 2097 4945 datur
2146 4902 2329 4948 autem
2377 4892 2460 4956 ei,
2514 4895 2604 4948 illo
2652 4896 2880 4949 verbum
2930 4896 3250 4960 doctorale,
3306 4910 3529 4970 propter

1934 4982 2408 5035 conversationem
2441 4984 2559 5051 ejus
2592 4984 2973 5054 impendente:
3008 4987 3133 5055 quia
3167 4987 3526 5059 incongruum

1935 5080 2019 5125 est
2074 5088 2222 5136 eum,
2266 5073 2358 5143 qui
2413 5075 2541 5128 olim
2604 5076 2657 5129 in
2701 5077 2845 5130 clara
2884 5076 3113 5131 scientia
3147 5088 3200 5132 et
3245 5096 3530 5137 conversa-

1938 5163 2085 5217 tione
2116 5173 2279 5218 notus
2307 5164 2427 5226 fuit.
2461 5167 2561 5219 sub
2590 5183 2655 5220 eo
2685 5169 2775 5235 qui
2816 5169 3033 5223 noviter
3068 5170 3134 5223 ad
3170 5170 3329 5224 fidem
3359 5174 3526 5236 venit,

1940 5272 2120 5325 agere.
2169 5255 2287 5311 Non
2337 5268 2422 5312 est
2478 5260 2624 5313 enim
2666 5277 2829 5329 parva
2869 5278 2956 5315 res
3008 5262 3388 5331 discipulatus.
3434 5267 3531 5321 sed

1943 5349 2096 5402 multi
2140 5351 2424 5419 temporis,
2468 5352 2593 5405 vitae
2634 5352 2796 5406 etiam
2837 5369 2947 5406 non
2988 5356 3235 5409 modicus
3268 5358 3532 5413 decursus

1943 5442 2008 5494 ad
2050 5442 2444 5511 perfectionem
2487 5446 2851 5497 necessarius.
2888 5445 3055 5501 Recte
3095 5447 3398 5509 redimitur,
3438 5453 3530 5519 qui

1947 5525 2179 5577 voluerit
2220 5541 2285 5578 ex
2320 5526 2578 5579 fratribus
2617 5527 2753 5592 suis,
2788 5540 2931 5582 emet
2964 5546 3107 5592 eum,
3138 5532 3189 5585 id
3240 5542 3344 5596 est,
3383 5534 3533 5602 quis-

1948 5620 2092 5688 piam
2130 5633 2253 5669 eum
2296 5617 2490 5671 similis
2541 5619 2790 5681 honoris,
2836 5621 3136 5690 similisque
3186 5624 3449 5691 scientize,
3477 5636 3534 5681 et

1946 5710 2383 5765 conversationis
2444 5728 2541 5782 per
2590 5728 2745 5766 suam
2795 5714 3098 5769 doctrinam
3150 5718 3418 5783 redimat,
3475 5730 3531 5778 et

1924 5888 1967 5920 ³⁷
2002 5886 2161 5941 Joan.
2193 5902 2311 5955 vin,
2345 5888 2433 5944 5⁸3.
2512 5892 2556 5925 ³⁸
2590 5892 2609 5947 ι
2646 5893 2788 5950 Tim.
2823 5912 2860 5951 ι.
2894 5896 2949 5949 ὅ.
3046 5897 3089 5928 ³ο
3120 5896 3225 5951 Tit.
3261 5912 3300 5965 ι,
3332 5897 3390 5955 ὕ.
