3928 6414
607 428 747 495 1135

1792 428 2155 491 HESYCHII
2210 422 2689 485 PBESBYTERI

3690 430 3789 498 1136

607 545 770 600 t‘aciat
814 560 924 611 non
951 560 1088 615 opus
1123 545 1325 600 habere
1363 543 1645 598 admoneri
1674 543 1743 598 ah
1766 543 1868 605 eis,
1899 558 2037 612 quos
2071 541 2187 609 ipse
2217 546 2259 601 Α
2361 536 2597 592 Tantum
2631 538 2700 593 de
2721 537 2973 593 libertate
3011 547 3221 605 nostra,
3254 551 3310 594 et
3336 541 3615 603 honestate.
3641 560 3682 599 et
3708 554 3791 616 glo-

605 636 796 691 debuit
829 637 1144 701 admonere,
1199 646 1387 707 utpote
1442 636 1533 706 qui
1589 637 1645 690 in
1683 636 1906 691 scicntia
1956 633 2182 704 perfecit

605 742 703 782 eos
740 729 833 798 qui
869 729 1047 783 adhuc
1101 730 1261 783 modo
1310 729 1476 799 geniti
1535 738 1681 783 sunt.
1723 727 1841 781 Non
1899 738 1983 791 est
2033 728 2180 782 enim

605 819 1002 890 qualiscunque
1029 819 1083 872 in
1118 819 1431 874 doctoribus
1463 819 1713 889 dignitas,
1746 819 1886 888 longi
1920 819 2182 886 temporis

605 909 851 972 scientia,
874 909 927 963 in
958 916 1167 962 tantum
1206 918 1265 963 ut
1302 908 1523 972 Paulus,
1558 910 1776 979 quando
1810 907 2181 963 Philemonem

606 998 818 1053 volebat
854 998 1095 1069 alligare,
1132 1000 1213 1054 sic
1246 999 1557 1069 scripsisset
1590 1016 1604 1051 :
1646 998 1885 1054 Obsecro
1906 1014 2031 1053 cum
2063 998 2183 1053 talis

605 1091 701 1152 sis.
725 1100 784 1144 ut
811 1090 1009 1143 Paulus
1046 1105 1235 1153 senex,
1262 1105 1411 1144 nunc
1436 1099 1619 1145 autem
1643 1099 1697 1143 et
1736 1090 1949 1144 vinetus
1978 1090 2182 1143 Christi

601 1177 751 1234 Jesu.
797 1178 863 1231 Et
894 1189 1219 1235 vetustatem
1248 1181 1535 1250 temporis,
1567 1180 1920 1244 confessioni,
1968 1196 2089 1250 qua:
2129 1182 2181 1234 in

608 1268 841 1320 vinculis
877 1277 1016 1330 erat,
1065 1269 1370 1333 conjunxit,
1402 1277 1590 1337 utpote
1627 1269 1881 1323 idoneam
1911 1270 2178 1322 exsistet--

602 1366 709 1409 tem
751 1358 818 1409 ad
844 1357 1082 1426 gloriam
1110 1372 1305 1411 eorum
1343 1357 1512 1426 quiin
1548 1358 1775 1411 scientia
1810 1358 2178 1428 profecerunt.

600 1442 831 1498 Patruus
863 1462 1011 1516 ergo,
1039 1455 1093 1499 et
1122 1446 1404 1515 patruelis,
1434 1455 1488 1499 et
1510 1446 1979 1516 consanguineus,
2005 1455 2059 1499 et
2101 1446 2183 1498 af.

601 1532 724 1585 finis
779 1534 1009 1586 redimat
1063 1549 1209 1586 eum.
1253 1532 1442 1588 Patres
1469 1534 1641 1589 nostri
1696 1544 1826 1587 sunt
1879 1534 2179 1588 secundum

599 1622 877 1690 spiritum,
910 1624 999 1689 qui
1036 1637 1135 1674 nos
1164 1631 1590 1693 genueruntper
1627 1621 1829 1676 Christi
1852 1622 2177 1687 doctrinam,

600 1719 820 1778 propter
859 1710 1004 1777 quod
1039 1718 1093 1761 et
1134 1710 1334 1763 Paulus
1373 1710 1673 1765 Corinthiis
1704 1710 1996 1764 scribebat:
2036 1709 2181 1763 Nam
2240 1708 2245 1717 “

597 1798 693 1849 etsi
731 1796 919 1849 multos
949 1795 1151 1849 habetis
1181 1798 1491 1867 pwdagogos
1541 1800 1598 1851 in
1653 1798 1876 1864 Christo,
1935 1802 2025 1852 sed
2081 1815 2182 1851 non

2285 627 2517 682 riatione
2557 628 2612 682 in
2662 629 2821 684 nobis
2844 669 2859 691 ,
2890 639 2950 685 et
2984 631 3323 686 confidentia
3369 642 3574 688 sanctus
3613 633 3794 705 Spiritus

2283 720 2380 778 ait.
2423 728 2482 773 ut
2514 736 2961 791 unumquemque
3000 734 3252 777 nostrum
3301 724 3401 778 sub
3442 727 3673 782 servitute
3698 746 3795 799 pec-

2283 814 2391 868 cati
2442 816 2825 879 constitutum,
2860 813 3157 868 virtutibus
3212 814 3493 884 praecipiat
3538 818 3718 881 redimi,
3758 832 3798 873 et

2283 907 2743 969 correctionibus.
2764 907 2809 960 si
2839 906 2991 961 verbi
3022 907 3216 977 gratia.
3253 907 3486 961 cilicium
3516 918 3566 962 et
3588 911 3793 975 cinerem.

2283 1007 2339 1051 et
2377 998 2661 1068 lacrymas.
2698 1008 2754 1051 et
2800 1013 2921 1051 eam
2966 1014 3089 1067 qute
3121 999 3173 1051 in
3207 997 3297 1051 his
3347 1008 3431 1052 est
3466 999 3794 1055 confessionem

2283 1089 2487 1149 lucrari
2540 1090 2814 1152 volumus,
2874 1099 2930 1143 et
2966 1104 3309 1158 quascunque
3359 1104 3479 1144 cum
3524 1089 3599 1145 his
3642 1109 3792 1147 annum

2284 1177 2571 1231 continent
2602 1178 2811 1246 jubilaai
2838 1218 2852 1239 ,
2889 1177 3003 1231 sive
3041 1178 3404 1239 remissionis.
3454 1178 3515 1230 ad
3547 1178 3793 1245 hujusmodi

2282 1270 2431 1323 enim
2472 1270 2853 1338 probationem
2901 1270 3194 1339 praesentia
3233 1270 3501 1340 exposuit.
3549 1270 3634 1324 Sin
3658 1281 3791 1327 autem

2284 1366 2339 1411 et
2381 1359 2496 1428 ipse
2544 1361 2800 1429 potuerit,
2855 1360 3088 1413 redimet
3134 1374 3194 1413 se
3246 1360 3550 1429 supputatis
3591 1361 3794 1416 duntaxat

2282 1450 2465 1515 annis,
2502 1466 2533 1503 a
2564 1460 2811 1521 tempore
2834 1451 3165 1505 venditionis
3194 1466 3329 1514 suae,
3362 1466 3527 1521 usque
3553 1452 3611 1505 ad
3638 1468 3789 1507 annum

2278 1541 2505 1609 jubilzei.
2548 1542 2606 1595 Si
2652 1542 2801 1595 enim
2846 1557 3051 1612 pauper
3097 1542 3278 1598 factus
3308 1559 3407 1614 per
3436 1555 3705 1613 peccatum.
3726 1549 3791 1614 qui

2284 1633 2435 1702 prius
2460 1634 2613 1687 dives
2637 1642 2755 1687 erat
2784 1634 2837 1687 in
2855 1633 3150 1688 virtutibus
3167 1642 3224 1687 et
3242 1628 3666 1700 correctionibus,
3686 1647 3789 1691 recte

2283 1726 2637 1794 semetipsum
2672 1724 2948 1789 liberavit,
2986 1725 3115 1779 dum
3153 1724 3385 1779 sufﬁciat
3430 1726 3494 1779 ad
3520 1728 3787 1780 exhortatio-

2286 1833 2413 1871 nem
2448 1818 2748 1886 propriam.
2783 1816 3173 1872 Verumtamen
3207 1832 3313 1870 nec
3367 1816 3453 1870 hic
3492 1817 3719 1887 integrum
3742 1820 3787 1872 de

600 1888 790 1941 ntultos
814 1899 989 1956 patres
1021 1889 1085 1941 ιο.
1118 1888 1172 1940 ln
1214 1889 1435 1943 Christo
1464 1890 1609 1943 enim
1630 1890 1781 1954 Jesu,
1813 1906 1910 1960 per
1937 1893 2180 1960 livange-
2216 1890 2255 1944 Β
2285 1924 2341 1962 δε
2379 1907 2636 1970 conﬁdat,
2671 1920 2730 1963 ιη
2758 1910 2851 1979 qui
2884 1910 3053 1964 semel
3102 1909 3412 1965 inﬁrmatus
3455 1918 3552 1973 est,
3593 1911 3787 1963 “hom,

599 1980 729 2032 lium
779 1995 876 2033 vos
923 1980 1105 2049 genui.
1145 1979 1425 2049 Quotquot
1478 1982 1834 2052 ergofratres
1873 1982 2091 2046 horum,
2129 1984 2179 2035 id

596 2082 679 2125 est
716 2071 1050 2134 sacerdotes,
1098 2071 1240 2125 sicut
1286 2080 1343 2125 et
1387 2072 1490 2142 ipsi
1530 2082 1658 2126 sunt
1690 2082 1746 2126 et
1779 2073 2053 2139 doctores,
2089 2084 2183 2126 aut

595 2174 648 2218 et
709 2164 801 2217 lilii
857 2164 1111 2230 fratrum,
1166 2173 1262 2217 aut
1310 2164 1563 2235 discipuli
1612 2165 1831 2235 quidem
1868 2181 2078 2232 eorum,
2122 2167 2178 2220 in

595 2256 841 2310 eamdem
892 2268 1075 2310 autem
1129 2272 1291 2325 quam
1331 2255 1422 2311 ille
1465 2256 1751 2311 scientiam
1785 2266 1841 2313 et
1874 2257 2178 2313 doctrinam

597 2349 844 2419 provecti
898 2358 1050 2409 sunt,
1086 2348 1286 2404 fratres
1323 2349 1491 2419 patris
1546 2360 1694 2405 recte
1749 2350 2023 2406 dicuntur.
2077 2351 2180 2417 Qui

594 2442 738 2495 enim
777 2441 1171 2511 consanguinei
1220 2448 1276 2494 et
1314 2440 1505 2496 aﬂines
1551 2450 1682 2496 sunt
1732 2442 1852 2511 ejus
1913 2444 2008 2511 qui
2059 2457 2181 2511 eget

594 2534 819 2588 consilio
851 2542 904 2586 ct
940 2533 1342 2603 exhortatione,
1372 2533 1427 2588 id
1460 2541 1567 2598 est,
1602 2542 1661 2588 ut
1690 2534 1782 2603 qui
1812 2532 2056 2600 ejusdem
2094 2534 2178 2587 di-

592 2624 813 2696 gnitatis
845 2635 898 2677 et
949 2624 1384 2677 conversationis
1414 2622 1657 2691 fuerunt,
1702 2622 1757 2677 hi
1795 2637 1983 2678 rursus
2028 2624 2176 2677 redi-

595 2718 769 2781 munt,
800 2717 947 2769 Pauli
977 2730 1250 2769 memores
1280 2714 1458 2770 vocis:
1507 2715 1565 2770 Si
1592 2716 1707 2787 quis
1736 2726 1913 2771 autem
1938 2732 2175 2784 suorum,

593 2820 643 2864 et
688 2810 918 2862 maxime
970 2808 1374 2861 domesticorum
1420 2824 1605 2862 curam
1647 2826 1749 2863 non
1794 2810 1986 2875 habet,
2020 2809 2176 2879 ﬁdem

594 2900 799 2970 negavit
821 2942 836 2966 ,
866 2909 913 2951 et
946 2909 1018 2951 est
1049 2899 1247 2964 inﬁdeli
1296 2900 1525 2953 deterior
1554 2900 1619 2965 δί,
1654 2910 1707 2955 et
1745 2902 1837 2967 qui
1866 2909 2083 2971 oportet
2108 2903 2173 2956 ad

592 3004 787 3045 omnes
803 2990 1009 3044 bonum
1042 2989 1355 3054 ostendere,
1372 2990 1605 3046 maxime
1628 3000 1809 3045 autem
1829 2992 1898 3046 ad
1920 2992 2175 3065 proprios

594 3084 740 3140 fidei.
807 3083 871 3138 lli
925 3099 1053 3154 ergo
1114 3082 1274 3137 nobis
1330 3085 1724 3153 consanguinei
1795 3101 1893 3155 per
1952 3102 2171 3141 carnem

592 3178 794 3234 Christi
823 3188 969 3240 sunt,
1003 3176 1130 3247 quia
1168 3177 1237 3231 de
1283 3192 1446 3231 carne
1480 3171 1601 3247 ejus
1633 3178 1779 3234 etde
1806 3179 2022 3235 ossibus
2053 3180 2171 3250 ejus

593 3284 803 3333 sumus,
837 3266 1297 3337 quemadmodum
1324 3267 1440 3336 ipse
1468 3282 1659 3321 rursus
1693 3267 1891 3321 Paulus
1918 3268 2170 3338 Ephesiis

593 3361 831 3431 scripsit.
870 3359 928 3412 In
974 3368 1186 3413 tantum
1225 3372 1356 3428 ergo
1395 3358 1589 3412 melius
1616 3366 1702 3412 est
1732 3358 1799 3412 ab
1824 3358 2081 3428 antiquis,
2117 3369 2172 3414 et

593 3454 837 3524 ejusdem
891 3452 1015 3506 lidei
1066 3452 1346 3507 admoneri
1401 3466 1525 3505 eum
1559 3450 1652 3521 qui
1718 3450 1772 3504 in
1819 3451 2039 3506 actione
2078 3461 2174 3506 aut

594 3548 821 3602 scientia
854 3546 1034 3599 minor
1071 3554 1173 3611 est,
1205 3544 1329 3615 quia
1361 3543 1577 3614 Apelles
1611 3543 2035 3609 Alexandrinus,
2071 3543 2172 3598 do-

594 3648 715 3693 ctus
760 3638 1019 3707 magister
1049 3649 1165 3689 erat
1202 3645 1256 3691 et
1299 3637 1498 3701 clarus,
1537 3636 1633 3690 sed
1688 3646 1870 3690 tamen
1898 3635 2170 3691 minorem

595 3730 877 3784 scientiam
912 3728 1169 3793 habebat,
1204 3737 1260 3781 et
1298 3728 1403 3781 hoc
1437 3727 1581 3795 quod
1621 3736 1737 3780 erat
1765 3740 2060 3792 summum,
2088 3741 2174 3781 re-

594 3821 970 3893 prehensibile
1020 3821 1271 3883 habebat,
1325 3820 1578 3874 nesciens
1622 3819 1826 3873 Christi
1880 3819 2169 3889 baptisma.

597 3913 750 3970 Unde
799 3911 1041 3966 Priscilla
1096 3921 1153 3966 et
1196 3912 1390 3980 Aquila
1441 3919 1802 3980 susceperunt
1838 3911 1987 3965 hunc
2016 3912 2082 3976 δ’,
2119 3921 2173 3965 et

596 4000 853 4054 subtilius
889 4008 1262 4068 exposuerunt
1314 3998 1363 4052 ei
1394 3999 1555 4062 viain,
1608 4001 1750 4053 sicut
1784 4000 1863 4053 ait
1885 3999 2080 4064 Lucas,
2118 4000 2172 4055 id

596 4102 705 4155 est,
734 4107 817 4153 ea,
850 4108 970 4161 quae
1002 4091 1349 4161 pertinebant
1378 4092 1443 4146 ad
1466 4092 1769 4145 doctrinam
1793 4093 2169 4149 etscientiam:

595 4182 953 4252 incongruum
985 4198 1107 4235 esse
1141 4190 1413 4250 putantes,
1449 4181 1493 4235 si
1526 4182 1594 4235 ab
1618 4182 1738 4235 aliis
1766 4191 1820 4236 et
1863 4199 1972 4236 non
2003 4184 2071 4238 ab
2094 4185 2174 4238 eis

596 4275 686 4345 qui
752 4276 805 4329 in
869 4274 1097 4329 scientia
1156 4275 1548 4345 profecerunt,
1599 4276 1784 4344 quales
1835 4284 1991 4330 erant
2047 4277 2169 4347 ipsi,

595 4366 977 4420 emendaretur
1020 4366 1228 4420 doctor.
1274 4364 1380 4420 Sed
1404 4374 1459 4420 et
1487 4381 1610 4420 cum
1655 4366 1771 4419 haec
1800 4366 1910 4420 sint
1940 4367 2175 4421 admira-

597 4458 745 4521 bilia,
772 4458 951 4512 adhuc
978 4458 1383 4512 admirabiliora
1405 4466 1726 4528 sequuntur.

663 4550 824 4605 \‘eas.
858 4550 1046 4605 50-55.
1079 4568 1098 4601 ς
1137 4550 1193 4603 Si
1224 4558 1407 4604 autem
1436 4557 1490 4604 et
1512 4550 1627 4618 ipse
1656 4548 1913 4619 potuerit,
1941 4548 2171 4604 redimet

2278 4564 2416 4619 salus
2468 4566 2586 4617 huic
2631 4566 2812 4617 domui
2835 4565 2984 4634 facta
3036 4575 3110 4618 est
3138 4566 3181 4594 ⁸³

592 4658 674 4709 se,
706 4643 1013 4713 supputatis
1040 4641 1307 4695 duntaxat
1332 4640 1491 4695 annis
1512 4656 1545 4694 a
1577 4649 1821 4710 tempore
1840 4640 2168 4695 venditionis

592 4751 705 4789 sua:
762 4750 936 4805 usque
982 4738 1035 4787 in
1087 4749 1290 4787 annum
1341 4732 1646 4803 jubilzeum,
1698 4742 1749 4787 et
1783 4734 2012 4803 pecunia
2060 4750 2166 4804 qua

595 4826 848 4881 venditus
884 4828 1094 4893 fuerat,
1132 4826 1289 4895 juxta
1340 4839 1610 4878 annorum
1639 4840 1929 4879 numerum
1988 4834 2045 4879 et
2077 4842 2167 4880 ra-

595 4921 800 4973 tionem
831 4920 1155 4973 mercenarii
1187 4927 1499 4989 supputata.
1532 4918 1588 4973 Si
1608 4920 1789 4990 plures
1808 4918 2006 4973 fuerint
2034 4920 2167 4973 anni

590 5013 685 5081 qui
731 5021 1015 5066 remanent
1048 5026 1217 5082 usque
1250 5011 1319 5066 ad
1368 5010 1670 5081 jubilaeum,
1719 5011 2017 5065 secundum
2065 5012 2165 5066 hos

593 5104 782 5158 reddet
810 5115 864 5159 et
904 5117 1158 5176 pretium.
1198 5105 1253 5160 Si
1300 5106 1476 5176 pauci,
1515 5114 1679 5175 ponet
1726 5104 1990 5159 rationem
2040 5121 2162 5159 cum

591 5211 657 5250 eo
688 5197 840 5265 juxta
876 5198 1133 5266 pretium,
1164 5206 1217 5251 et
1242 5212 1531 5254 numerum
1565 5210 1855 5257 annorum,
1890 5206 1945 5249 et
1974 5195 2173 5261 reddet

591 5290 824 5359 emptori
857 5289 1000 5359 quod
1046 5289 1313 5358 reliquum
1361 5297 1446 5343 est
1487 5302 1775 5349 annorum,
1809 5286 2005 5355 quibus
2034 5296 2161 5341 ante

591 5379 819 5435 servivit
866 5378 1208 5433 mercedibus
1264 5378 1558 5447 imputatis.
1614 5374 1731 5430 Non
1782 5377 1980 5447 adliget
2033 5392 2157 5430 eum

590 5473 853 5529 violenter
882 5472 934 5526 in
966 5479 1260 5541 conspectu
1302 5479 1415 5524 tuo.
1441 5468 1595 5535 Quod
1626 5469 1672 5523 si
1703 5486 1798 5540 per
1828 5470 1943 5524 haec
1970 5469 2160 5524 redimi

594 5582 701 5619 non
755 5563 1006 5635 potuerit,
1054 5578 1198 5617 anno
1234 5560 1456 5632 jubilzeo
1502 5562 1773 5631 egreditur
1823 5577 1947 5616 cum
1976 5561 2165 5615 liberis

592 5657 725 5711 suis.
754 5656 857 5710 Mei
887 5656 1029 5710 enim
1064 5664 1191 5709 sunt
1222 5652 1365 5707 servi
1399 5652 1492 5707 filii
1525 5654 1708 5717 lsrael,
1741 5668 1878 5723 quos
1907 5652 2067 5707 eduxi
2098 5652 2165 5707 de

592 5754 737 5801 terra
769 5746 1001 5818 [EgyptL
1035 5747 1146 5817 Ego
1176 5745 1437 5801 Dominus
1470 5745 1613 5801 Deus
1636 5755 1833 5800 vester.
1874 5761 1894 5796 ι

662 5862 710 5895 δ’
738 5862 759 5918 ι
796 5861 917 5916 Cor.
954 5863 1134 5927 tv,15.
1212 5864 1253 5893 ⁸¹
1286 5861 1403 5916 Cal.
1433 5877 1506 5928 vt,
1535 5862 1621 5917 l0.

1698 5862 1741 5893 δ’
1768 5861 2032 5929 Αει.,νιιι,
2060 5862 2149 5919 26.
2224 5864 2269 5897 ⁸³
2304 5864 2436 5919 Luc.
2467 5879 2578 5930 ιιι,
2614 5862 2667 5917 9.

2286 1997 2434 2051 tione
2465 2006 2521 2051 et
2547 1998 2777 2051 consilio
2799 2012 2988 2068 egens,
3007 2006 3291 2066 computet
3319 1997 3460 2066 apud
3483 1998 3782 2068 semetipsum.

2285 2091 2333 2143 id
2376 2099 2479 2154 est,
2522 2104 2707 2143 secum
2752 2100 2945 2149 tractet
2998 2100 3053 2142 et
3111 2090 3402 2158 disceptet.
3461 2088 3545 2144 Sic
3584 2092 3703 2144 enim
3746 2101 3783 2145 ct

2282 2182 2662 2237 Theodotion:
2712 2183 2987 2237 Tractabit
3021 2200 3140 2239 cum
3175 2200 3256 2247 eo,
3292 2183 3382 2250 qui
3411 2184 3659 2253 acquisivit
3682 2200 3780 2238 eum.

2279 2274 2475 2344 Aquila
2515 2285 2717 2331 autem:
2743 2275 3064 2345 Supputabit
3086 2293 3206 2329 cum
3238 2293 3317 2339 eo,
3346 2277 3437 2346 qui
3459 2278 3656 2345 possedit
3679 2294 3777 2329 eum.

2280 2366 2342 2419 Ei
2368 2367 2460 2436 qui
2491 2367 2763 2433 tractavit,
2796 2367 3071 2437 quomodo
3104 2368 3305 2423 debeat
3336 2384 3511 2421 veram
3542 2368 3778 2422 libertatem

2279 2458 2382 2513 sibi
2430 2460 2759 2528 conquirere
2787 2477 2800 2511 :
2859 2461 3197 2528 computavit
3232 2468 3412 2513 autem
3446 2460 3511 2513 ab
3554 2474 3674 2511 anno
3699 2475 3775 2528 quo

2278 2552 2631 2620 semetipsum
2661 2550 2927 2613 vendidit,
2958 2565 3129 2620 usque
3149 2551 3219 2605 ad
3251 2566 3452 2604 annum
3477 2550 3673 2619 jubilari.
3694 2553 3775 2601 sive

2276 2643 2638 2703 remissionis.
2670 2658 2700 2696 a
2732 2658 2842 2712 quo
2876 2643 3129 2698 videlicet
3162 2659 3399 2713 peccans
3426 2644 3562 2713 eguit
3601 2642 3772 2697 consilio

2275 2743 2332 2787 et
2370 2733 2654 2796 doctrina,
2703 2735 3006 2803 usquedum
3052 2734 3323 2805 integram
3390 2745 3441 2787 et
3480 2732 3769 2787 omnimodam

2275 2836 2497 2897 peragat
2545 2827 2944 2897 paenitentiam,
2988 2830 3045 2881 in
3103 2843 3213 2897 qua
3269 2827 3617 2882 remissionem
3666 2824 3767 2878 acci-

2276 2919 2453 2989 piens,
2483 2917 2705 2987 aaqualis
2754 2919 2801 2972 ei
2850 2918 2974 2983 fiat,
3022 2920 3115 2990 qui
3150 2920 3372 2989 penitus
3412 2934 3516 2972 non
3566 2916 3764 2985 peccarit.

2272 3008 2414 3074 Quid
2448 3016 2629 3061 autem
2665 3008 2951 3062 tractabit?
2990 3008 3191 3078 quibus
3241 3008 3518 3062 virtutibus
3566 3015 3764 3059 etcorrc-

2272 3102 2567 3167 ctionibus,
2599 3116 2717 3155 eam
2750 3118 2871 3171 quae
2914 3118 3012 3172 per
3048 3104 3351 3157 studiosam
3369 3098 3764 3171 ptenitentiamest

2272 3198 2670 3264 remissionem,
2690 3199 3069 3268 apprehendre
3097 3208 3153 3253 et
3187 3199 3474 3269 procedere
3494 3196 3650 3267 possit.
3678 3194 3760 3247 Sc-

2273 3298 2334 3342 ut
2388 3288 2536 3342 enim
2568 3288 2659 3357 qui
2690 3289 2976 3358 pecuniam
3000 3290 3239 3344 reddidit
3273 3290 3759 3359 redemptori,annum

2272 3378 2611 3433 remissionis
2644 3389 2964 3448 exspectare
2994 3396 3133 3449 opus
3161 3396 3276 3434 non
3306 3381 3545 3444 habebat,
3572 3378 3645 3447 qui
3677 3386 3758 3430 erat

2270 3470 2777 3542 quinquagesimus.
2827 3473 2917 3542 qui
2967 3472 3227 3543 jubilaaus
3272 3474 3554 3534 dicebatur.
3583 3473 3646 3525 sic
3692 3470 3758 3538 qui

2271 3570 2557 3630 peccatum
2586 3561 2654 3615 ad
2697 3562 2988 3616 delendum
3034 3563 3167 3617 illud
3225 3564 3474 3633 aequales,
3508 3562 3602 3617 sive
3643 3573 3754 3629 pares

2274 3653 2501 3707 virtutes
2530 3653 2789 3723 exquirit,
2826 3654 3080 3723 praecedit
3113 3650 3749 3725 pmnitentiam,artiouibus

2271 3744 2430 3799 bonis
2449 3760 2508 3800 se
2546 3745 3025 3814 redimenszquod
3062 3745 3401 3800 demonstrat
3428 3736 3740 3805 Zachaeus,qui

2271 3852 2395 3891 cum
2443 3836 2804 3907 plurimorum
2856 3837 3090 3907 plurima
3136 3840 3479 3900 sustulisset,
3528 3850 3613 3890 non
3640 3830 3734 3900 eguit

2272 3944 2455 3995 sacco,
2477 3939 2533 3984 et
2562 3929 2767 3993 cinere,
2797 3938 2853 3982 et
2886 3929 3163 3999 lacrymis,
3196 3940 3250 3985 et
3282 3929 3529 3984 oratione.
3551 3924 3626 3979 Hic
3644 3920 3738 3975 enim

2274 4021 2431 4075 nobis
2468 4036 2647 4074 annus
2669 4021 3029 4086 remissionis,
3062 4022 3205 4075 sicut
3239 4021 3418 4077 omnia
3462 4019 3639 4074 habent.
3660 4026 3744 4079 qua:

2275 4111 2433 4165 nobis
2460 4109 2790 4164 fructificent
2812 4110 3213 4165 remissionem.
3246 4109 3365 4165 Non
3391 4104 3742 4176 indiguitautetni

2273 4198 2401 4267 quia
2434 4207 2658 4268 peccata
2690 4198 2916 4267 quidem
2949 4210 3104 4253 erant
3147 4197 3479 4269 pecuniaria:
3504 4194 3588 4262 ipse
3608 4195 3743 4240 autem

2273 4304 2357 4351 ea,
2399 4303 2520 4357 quae
2550 4288 2777 4356 abrepta
2816 4287 3054 4353 fuerant,
3107 4287 3356 4357 promisit
3380 4284 3572 4340 reddere
3590 4276 3630 4329 in
3647 4283 3747 4340 φη·

2272 4380 2548 4448 druplum,
2576 4378 2861 4433 dimidium
2893 4388 3073 4435 autem
3113 4394 3335 4433 suorum
3367 4372 3639 4431 distribuere
3656 4374 3748 4429 pau-

2274 4472 2518 4542 peribus.
2562 4471 2789 4539 Propter
2844 4471 2988 4539 quod
3042 4470 3295 4525 Christus
3343 4467 3408 4521 ad
3450 4476 3587 4518 eum:
3628 4449 3750 4551 Hodie

3189 4606 3206 4630 ,
3249 4558 3529 4629 suscipiens
3558 4554 3750 4630 pecunias

2270 4651 2663 4721 redemptionis
2685 4623 2995 4720 ejus,disit.
3021 4623 3351 4705 Admirabile
3379 4623 3456 4700 est
3477 4648 3627 4695 autem
3646 4623 3751 4699 quod

2269 4743 2541 4813 sequitur.

2337 4834 2405 4887 Et
2436 4834 2654 4903 pecunia
2690 4850 2792 4904 qua
2827 4834 3063 4887 venditus
3086 4835 3263 4903 fuerat
3278 4832 3429 4898 juxta
3451 4829 3662 4877 armorum
3681 4823 3749 4907 Mr

2268 4942 2491 4991 merum,
2528 4934 2574 4977 et
2610 4926 2867 4977 rationem
2896 4926 3206 4978 mercenarii
3232 4927 3557 4990 supputatam.
3708 4987 3729 4994 η

2346 4988 2483 5071 Sive
2502 5014 2800 5070 secundum
2834 5014 3187 5086 Septuaginta
3212 5033 3224 5067 :
3247 4988 3355 5069 Erit
3387 5004 3584 5078 pecunia
3616 4988 3745 5047 vendi-

2273 5107 2433 5161 tionis
2461 5108 2580 5177 ejus
2614 5122 2758 5160 anno
2800 5107 2940 5160 sicut
2966 5108 3083 5161 dies
3114 5100 3417 5159 mercenarii
3448 5095 3537 5148 erit
3560 5102 3656 5141 cum
3682 5092 3739 5178 r0-

2268 5199 2409 5252 Cum
2448 5214 2557 5267 quo
2589 5198 2677 5249 die
2719 5212 2848 5267 ergo
2890 5198 3161 5267 legislator
3212 5209 3316 5248 non
3368 5190 3539 5242 frustra
3569 5179 3741 5231 metum.

2267 5307 2389 5345 nem
2414 5290 2559 5352 fecit.
2578 5289 2669 5344 sed
2699 5290 2841 5343 illam
2868 5289 3121 5350 innuens,
3141 5302 3296 5357 quam
3318 5289 3484 5352 aperte
3498 5276 3541 5355 in
3560 5269 3738 5329 EvangC‘

2266 5380 2350 5436 liis
2367 5382 2623 5435 Dominus
2637 5381 3116 5444 ostendit.quaudo
3133 5376 3418 5449 parabolam
3431 5360 3736 5449 operarioruul.

2269 5474 2361 5542 qui
2399 5472 2465 5526 ad
2496 5472 2708 5526 vineam
2760 5472 3013 5526 conducti
3065 5482 3224 5533 sunt,
3252 5462 3475 5537 exposuit
3493 5440 3738 5517 δδεαυδηδθ

2273 5567 2371 5618 lius
2391 5564 2609 5633 quidem
2631 5579 2809 5626 mane,
2830 5564 2948 5617 illos
2969 5574 3150 5618 autem
3184 5565 3304 5618 hora
3321 5555 3475 5614 tertia,
3504 5548 3587 5601 hos
3604 5543 3733 5591 autem

2273 5632 2421 5709 sexta
2452 5695 2467 5719 ,
2502 5654 2621 5708 illos
2655 5664 2835 5709 autem
2860 5670 3024 5721 nona,
3053 5656 3184 5709 alios
3205 5666 3326 5707 vero
3352 5639 3589 5731 undecima

2273 5746 2503 5801 (ΞΟΠάοοῘ
2544 5745 2790 5809 ἀίχίεεει,
2831 5756 2887 5800 et
2932 5747 3048 5801 dari
3089 5744 3359 5829 mercedeso
3401 5736 3489 5793 his,
3627 5720 3731 5770 (πω

2745 5863 2791 5895 δ”
2818 5862 3011 5919 Matth.
3050 5881 3139 5930 xx,
3177 5866 3198 5917 i
3228 5872 3333 5927 seq.
