4032 6422
277 416 417 483 1137

1402 433 1477 490 ΙΝ
1522 430 1962 493 LEVITICUM.
2001 455 2070 465 -
2108 430 2257 490 LIB.
2294 430 2429 489 VlI.

3402 426 3538 490 1133

276 529 625 585 undecimam
662 533 918 589 conducti
950 545 1099 598 sunt.
1124 537 1270 590 sicut
1291 536 1377 591 his
1397 537 1487 605 qui
1518 546 1685 592 totam
1713 536 1852 591 diem
1890 542 1929 596 Α
1962 534 2391 605 praedicaverunt
2424 534 2718 605 jejunium,
2771 544 2830 591 et
2878 537 3055 593 induti
3107 548 3234 593 suat
3288 556 3446 594 sat-eo
3505 558 3546 595 ξιτ

274 621 485 687 Operati
530 634 677 686 sunt,
713 626 895 691 jussit,
935 627 1077 681 sicut
1110 629 1272 681 unius
1305 644 1431 698 ergo
1483 628 1722 689 illorum,
1756 629 1859 681 erit

275 712 326 766 ei
386 714 477 776 qui
530 716 814 770 redimitur
859 719 1086 787 pecunia
1145 720 1470 774 venditionis
1520 734 1683 773 Siue:
1726 720 1855 773 licet

274 805 426 859 enim
459 808 505 860 ei
539 816 593 861 et
624 824 719 877 per
751 824 981 879 parvum
1010 818 1243 880 tempus,
1276 821 1329 864 et
1356 827 1453 880 per
1470 812 1705 865 multum
1733 828 1859 881 per-

275 914 440 969 agere
483 899 936 969 redemptionem,
976 911 1197 971 prapter
1256 902 1404 971 quod
1426 910 1481 956 et
1522 902 1859 956 rationabili-

279 997 367 1043 ter
400 988 674 1059 legislator
695 990 901 1045 addidit
930 1011 943 1046 :

361 1100 379 1133 ι
408 1080 464 1134 Si
511 1091 693 1135 autem
754 1081 938 1151 plures
985 1083 1188 1137 fuerint
1240 1084 1392 1146 anni,
1437 1085 1529 1152 qui
1577 1092 1864 1138 remanent

282 1188 459 1241 usque
491 1172 556 1226 ad
582 1172 885 1242 jubilaeum,
921 1175 1219 1228 secundum
1272 1175 1370 1228 hos
1412 1174 1599 1227 reddet
1653 1184 1707 1227 et
1738 1190 1859 1243 pre-

283 1263 423 1319 tium
462 1282 474 1317 :
499 1266 539 1318 si
568 1266 748 1335 pauci,
769 1274 938 1335 ponet
962 1267 1225 1320 rationem
1248 1282 1373 1320 cum
1405 1282 1489 1327 eo,
1510 1265 1661 1335 juxta
1688 1281 1861 1319 anno-

280 1377 408 1415 rum
442 1370 824 1425 numerum,et
852 1361 1040 1415 reddet
1061 1360 1291 1429 emptori
1319 1361 1461 1430 quod
1494 1361 1863 1429 reliquum-est

278 1469 577 1520 annorum,
618 1454 816 1523 quibus
839 1453 1067 1508 servivit
1090 1453 1437 1509 mercedibus
1465 1454 1798 1522 imputatis.»

358 1544 596 1598 Primum
627 1560 756 1616 ergo
798 1545 1101 1599 secundum
1144 1542 1263 1599 haec
1309 1543 1460 1598 reddi
1501 1544 1759 1613 pretium,
1809 1543 1861 1597 id

279 1647 387 1699 est,
418 1638 721 1691 secundum
749 1652 835 1702 ea,
866 1653 987 1706 quae
1022 1639 1287 1707 peccavit,
1323 1637 1470 1707 quod
1504 1638 1861 1707 semetipsum

281 1729 555 1783 redimere
580 1729 694 1782 vult
717 1729 990 1798 praecepit,
1031 1739 1090 1783 ut
1117 1728 1161 1781 si
1190 1728 1419 1783 forsitan
1458 1743 1523 1783 ex
1575 1728 1697 1799 gula
1735 1744 1863 1796 pec-

282 1821 451 1885 cavit,
482 1836 578 1891 per
603 1822 871 1891 jejunium
904 1822 1138 1892 corrigat
1165 1822 1284 1875 :siu
1309 1829 1490 1875 autem
1522 1836 1589 1875 ex
1617 1820 1863 1875 verbosi-

284 1921 419 1977 tate,
455 1914 670 1967 studeat
699 1913 1142 1968 taciturnitatem.
1176 1912 1231 1968 Si
1268 1929 1332 1967 ex
1366 1914 1633 1967 incautela
1676 1913 1863 1967 oculo-

282 2015 404 2052 rum
438 2000 493 2053 in
530 2000 775 2053 mulieris
796 2001 1296 2071 concupiscentiam
1346 2000 1562 2065 cecidit,
1592 2007 1713 2071 agat
1753 2015 1863 2054 non

280 2093 470 2147 videre
513 2092 789 2158 mulieres,
818 2108 997 2161 neque
1062 2093 1288 2147 omnino
1330 2092 1410 2145 eis
1434 2093 1656 2146 obvium
1722 2092 1860 2146 ﬁeri.

282 2185 494 2241 Deinde
523 2186 566 2240 si
600 2186 715 2239 vult
740 2186 972 2240 celerem
1005 2186 1106 2240 sibi
1148 2186 1581 2255 redemptionem
1647 2201 1862 2255 parare,

285 2276 538 2331 intendat
571 2276 817 2346 pecuniis
844 2275 1261 2344 conquisitionis
1289 2290 1421 2337 suze,
1475 2275 1640 2328 verbo
1671 2273 1865 2330 videli-

287 2381 377 2425 cet
424 2370 704 2434 doctrinze,
731 2369 874 2439 quod
906 2384 1034 2422 eum
1083 2368 1385 2438 intelligere
1417 2369 1697 2437 proprium
1737 2385 1866 2439 pec-

294 2477 471 2523 catum
509 2476 560 2521 et
591 2466 747 2520 subdi
780 2466 1094 2520 admonenti
1122 2465 1268 2520 fecit.
1309 2464 1374 2520 Et
1401 2465 1445 2519 si
1479 2464 1676 2519 viderit
1726 2463 1868 2517 mul-

302 2572 415 2616 tum
448 2562 617 2615 minus
641 2577 763 2615 esse
791 2560 857 2613 ad
886 2576 1091 2614 annum
1132 2560 1492 2621 remissionis,
1530 2570 1585 2612 et
1611 2558 1679 2613 ad
1741 2573 1863 2613 cor-

298 2653 611 2717 rectionem,
643 2652 898 2706 videlicet
928 2652 1167 2707 deﬁnitae
1203 2651 1253 2705 ei
1290 2652 1645 2721 pmuitentiaz,
1694 2653 1868 2722 magis

290 2753 546 2813 operetur
568 2744 821 2807 virtutes,
843 2753 897 2798 et
925 2743 1250 2798 laboriosam
1316 2744 1558 2797 lucratur
1595 2743 1865 2813 paeniten-

287 2838 443 2892 tiam.
481 2838 538 2891 Si
562 2848 745 2892 autem
772 2839 875 2893 hoc
908 2855 1097 2893 rursus
1128 2855 1316 2909 parum
1347 2847 1603 2909 operatus
1644 2839 1768 2904 fuit,
1822 2838 1867 2895 si

287 2948 400 2985 non
440 2947 538 3001 per
558 2932 812 2996 virtutes,
842 2947 941 3001 per
974 2932 1240 3000 lacrymas
1270 2944 1474 2995 autem,
1505 2942 1557 2985 et
1607 2930 1865 3000 suspiria,

287 3035 347 3078 et
376 3023 594 3086 similia,
657 3022 763 3077 illis
804 3023 1042 3077 remedia
1094 3038 1351 3093 peragere
1407 3037 1631 3077 necesse
1684 3022 1869 3076 habet.

288 3117 633 3171 Conﬁrmans
656 3126 836 3170 autem
876 3116 1016 3184 quod
1049 3116 1252 3170 dictum
1284 3124 1388 3177 est.
1414 3114 1714 3168 secundum
1752 3114 1868 3179 \Se-

1961 628 2165 696 majore
2215 642 2386 696 usque
2448 629 2517 683 ad
2555 636 2811 697 patruum
2863 632 3549 690 eorum.etexclamave-e

1960 728 2092 771 runt
2123 718 2189 771 ad
2224 718 2403 772 Deum
2431 719 2660 785 intente,
2692 728 2747 774 et
2787 736 2911 775 cum
2938 731 3049 775 toto
3074 721 3275 783 animo,
3307 733 3362 775 et
3383 737 3537 775 aver-

1962 817 2141 862 terunt
2175 823 2233 863 se
2265 810 2645 879 unusquisque
2669 825 2699 863 a
2735 811 2818 865 via
2840 826 2937 866 sua
2980 813 3140 877 mala,
3167 822 3221 865 et
3246 812 3314 866 ab
3384 812 3540 881 inju-

1961 899 2104 951 stitia
2147 915 2267 969 qua:
2304 900 2357 953 in
2386 900 2640 956 manibus
2670 917 2861 956 eorum
2889 913 3027 958 erat.
3072 901 3165 956 Sic
3182 903 3331 956 enim
3394 903 3538 957 Deus

1961 1006 2150 1044 eorum
2212 993 2591 1061 pcenitentiam
2618 995 2897 1064 suscepit,
2926 1006 2986 1049 ut
3020 996 3288 1065 propheta
3342 996 3543 1050 subde-

1961 1095 2045 1137 ret
2069 1102 2082 1138 :
2109 1083 2348 1138 Misertus
2374 1096 2451 1139 est
2490 1085 2628 1139 Deus
2652 1103 2806 1155 super
2859 1088 3143 1151 malitiam,
3180 1106 3339 1153 quam
3398 1090 3543 1141 locu-

1963 1186 2045 1229 tus
2067 1180 2261 1245 fuerat,
2295 1188 2347 1230 ut
2381 1182 2575 1248 faceret
2612 1180 2706 1243 eis,
2739 1189 2786 1233 et
2828 1198 2928 1234 non
2953 1183 3074 1251 fecit
3108 1183 3179 1235 “.
3210 1181 3411 1251 thvute
3462 1192 3544 1235 est

1962 1282 2154 1330 causa,
2180 1282 2301 1335 qua:
2333 1268 2713 1336 pmnitentiam
2744 1270 2926 1325 delere
2967 1282 3190 1340 peccata
3252 1272 3431 1335 faciat,
3488 1283 3544 1327 et

1963 1355 2093 1409 facit
2124 1356 2379 1410 mundam
2420 1358 2703 1427 pmnitenti
2756 1360 3028 1431 proﬂigari
3088 1363 3538 1433 redemptionem.

1962 1447 2034 1501 ita
2054 1457 2111 1501 ut
2141 1464 2242 1501 nec
2265 1465 2403 1517 opus
2434 1448 2629 1502 habeat
2660 1450 2825 1505 alium
2857 1453 2967 1522 jam
2998 1454 3382 1509 admonentem
3403 1495 3416 1518 ,
3445 1471 3542 1511 ne.-

1964 1554 2069 1608 que
2098 1539 2199 1593 sub
2225 1540 2353 1610 jugo
2389 1540 2611 1593 alterius
2646 1557 2805 1611 agere
2839 1544 3121 1600 doctrinae.

2030 1631 2130 1684 Mei
2159 1641 2277 1685 sunt
2306 1633 2444 1685 enim
2466 1634 2601 1685 servi
2636 1633 2736 1702 ﬁlii
2755 1635 2945 1702 Israel,
2978 1654 3105 1705 quos
3134 1638 3290 1691 eduxi
3320 1639 3381 1689 de
3404 1647 3546 1690 terra

1964 1722 2203 1793 ngypti.
2236 1722 2518 1789 Quomodo
2570 1733 2753 1779 autem
2785 1742 2880 1781 eos
2936 1728 3169 1782 eduxit?
3198 1728 3548 1797 Suspirantes

1967 1816 2400 1878 videlicet,sicut
2425 1816 2559 1871 liber
2583 1818 2741 1873 nobis
2776 1820 2947 1874 Exodi
2978 1821 3376 1875 demonstravit
3402 1839 3413 1873 :
3444 1820 3551 1875 Per

1967 1908 2192 1961 multum
2220 1909 2465 1976 temporis
2491 1920 2728 1963 mortuus
2789 1923 2863 1964 est
2896 1928 2988 1965 rex
3025 1909 3265 1982 t/Egypti,
3298 1922 3346 1965 et
3398 1913 3547 1982 inge-

1967 2001 2237 2054 miscentes
2273 2001 2372 2069 ﬁlii
2402 1999 2570 2054 Israel
2597 2012 2810 2071 propter
2870 2019 3053 2071 opera,
3107 2004 3375 2074 vociferati
3402 2010 3547 2065 sunt,

1966 2094 2298 2159 ascenditque
2352 2092 2552 2146 clamor
2600 2110 2777 2147 eorum
2841 2096 2911 2148 ad
2960 2095 3125 2149 Deum
3156 2096 3219 2148 ⁸⁷.
3249 2093 3353 2161 Qui
3420 2110 3555 2165 ergo

1968 2193 2098 2239 tunc
2136 2186 2317 2255 p0puli
2351 2186 2641 2256 suspirium
2676 2188 2936 2256 suscepit,
2983 2188 3342 2257 liberavitque
3372 2202 3468 2241 eos
3518 2201 3551 2239 a

1968 2276 2228 2331 servitute
2257 2275 2525 2347 Egyptia,
2554 2278 2667 2346 ipse
2692 2287 2747 2332 et
2798 2294 2944 2332 nunc
3007 2294 3450 2348 unumquemque
3494 2278 3553 2332 in

1968 2368 2290 2437 paenitentia
2335 2368 2701 2438 suspirautem
2760 2369 2975 2432 liberat,
3004 2378 3059 2423 et
3097 2370 3164 2422 ab
3225 2368 3553 2440 intelligibili

1969 2459 2200 2531 Egypto
2223 2460 2473 2515 redimet.
2508 2461 2647 2515 Dicit
2673 2461 2739 2515 ad
2771 2478 2869 2516 nos
2903 2480 2915 2517 :
2947 2461 3059 2533 Ego
3092 2462 3353 2516 Dominus
3413 2463 3561 2516 Deus,

1969 2554 2277 2624 vester,qui
2314 2555 2399 2608 illa
2429 2555 2531 2625 egi,
2569 2563 2624 2609 et
2652 2555 2769 2609 haec
2792 2556 3049 2625 praecepi.

2536 2710 2763 2767 CAPUT
2788 2708 2980 2766 XXVI.

2040 2826 2203 2879 Vens.
2234 2825 2356 2886 4,2.
2387 2826 2505 2878 Non
2530 2824 2740 2880 facietis
2769 2824 2925 2879 vobis
2959 2823 3185 2887 idolum,
3212 2822 3553 2892 etsculptilc,

1972 2933 2072 2971 nec
2107 2917 2291 2971 titulos
2318 2917 2556 2988 erigetis,
2592 2933 2693 2970 nec
2722 2917 2994 2987 insignem
3040 2916 3273 2984 lapidem
3337 2914 3559 2987 ponetis

1972 3013 2026 3064 in
2063 3020 2204 3066 terra
2234 3021 2435 3073 vestra,
2465 3019 2526 3064 ut
2552 3010 2788 3064 adoretis
2817 3025 2969 3071 eum,
3000 3025 3100 3080 ego
3126 3008 3419 3062 enimzsum
3457 3006 3556 3060 Do-

1973 3101 2153 3155 minus
2185 3099 2324 3154 Deus
2350 3110 2549 3155 vester.
2582 3098 2867 3155 Custodite
2914 3098 3147 3153 Sabhata
3179 3114 3319 3159 mea,
3350 3105 3405 3150 ct
3457 3112 3555 3164 pa-

290 3211 575 3281 ptuaginta
605 3208 769 3262 infert
808 3225 822 3260 :
855 3208 991 3273 Quia
1040 3206 1411 3261 mercenarius
1461 3222 1606 3260 anno
1626 3222 1691 3260 ex
1725 3221 1868 3260 anno

1975 3204 2095 3247 vete
2117 3192 2481 3248 sanctuarium
2521 3209 2724 3247 meum.
2750 3192 2863 3263 Ego
2890 3190 3180 3246 Dominus.
3222 3210 3240 3239 ι

290 3321 419 3358 cum
451 3319 517 3357 eo
540 3310 643 3365 est,
674 3316 782 3356 non
805 3300 1007 3369 aﬂliges
1024 3316 1147 3353 eum
1180 3299 1233 3353 iu
1264 3299 1468 3361 labore,
1498 3300 1550 3352 in
1575 3308 1869 3367 conspectu

292 3406 410 3447 tuo.
445 3392 526 3446 Ad
558 3392 709 3445 illum
741 3390 1039 3460 respiciens
1068 3390 1486 3453 mercenarium,
1517 3404 1749 3457 quorum
1784 3388 1874 3443 hic

291 3485 515 3555 quidem
561 3498 658 3553 per
698 3498 860 3536 unam
899 3482 1107 3542 horam,
1143 3482 1230 3534 ille
1270 3491 1449 3535 autem
1481 3497 1574 3550 per
1599 3490 1708 3534 tres
1761 3481 1873 3534 for-

292 3578 439 3629 sitan
463 3574 597 3627 alter
622 3572 897 3642 aliquanto
929 3572 1162 3641 amplius
1204 3573 1509 3626 mercedem
1544 3573 1727 3641 operis
1779 3588 1871 3626 ac-

288 3668 444 3740 cepit
472 3668 540 3721 “.
570 3664 756 3735 Neque
786 3666 931 3720 enim
986 3665 1222 3734 injustus
1280 3676 1418 3731 erat,
1463 3668 1554 3734 qui
1587 3668 1871 3731 conduxit,

293 3762 394 3815 sed
419 3760 558 3815 sicut
580 3760 785 3827 justus,
814 3774 925 3812 non
954 3759 1129 3813 solum
1151 3759 1215 3813 ad
1250 3770 1464 3828 tempus
1501 3759 1871 3828 operantium,

293 3852 393 3906 sed
425 3859 480 3904 et
518 3851 582 3903 ad
619 3865 783 3919 opera
820 3849 1077 3919 respexit,
1109 3847 1186 3902 sic
1237 3850 1477 3903 metieris
1506 3849 1577 3912 ei,
1612 3852 1702 3919 qui
1757 3850 1872 3904 vult

294 3962 396 4016 per
428 3944 669 3998 actiones
694 3945 861 3998 bonas
892 3944 1264 4013 semetipsum,
1303 3954 1357 3997 et
1391 3944 1753 4011 perlectiones
1786 3960 1872 3997 re-

293 4036 526 4101 dimere,
553 4047 611 4091 ut
635 4051 839 4091 annum
863 4051 929 4090 ex
963 4050 1109 4089 anno
1134 4036 1343 4089 sitcum
1376 4051 1461 4098 eo,
1488 4035 1877 4104 redemptionis

295 4129 531 4199 propria:
558 4127 785 4199 pecunia
816 4127 871 4181 in
902 4134 1311 4187 momento,aut
1336 4143 1434 4199 per
1461 4128 1659 4180 multos
1681 4142 1874 4189 annos,

295 4232 392 4277 aut
423 4238 517 4293 per
540 4237 739 4292 paucos
760 4221 1018 4275 virtutem
1048 4220 1310 4290 Operandi
1342 4219 1699 4290 redemptioui
1731 4218 1878 4273 simi-

298 4316 404 4369 lem
415 4354 429 4367 .

375 4410 443 4462 Et
475 4426 577 4463 non
607 4410 802 4479 aﬂliges
828 4426 947 4462 eum
996 4410 1052 4461 in
1083 4408 1258 4461 labore
1317 4408 1374 4460 in
1420 4416 1694 4475 conspectu
1764 4416 1868 4459 tuo.

298 4504 444 4570 Quid
477 4513 659 4556 autem
687 4502 789 4555 hoc
809 4501 932 4554 est?
958 4499 1027 4555 Ut
1050 4514 1199 4559 eum,
1224 4499 1315 4568 qui
1351 4514 1447 4568 per
1472 4499 1727 4551 virtutem
1752 4513 1877 4567 pec-

2044 3286 2162 3339 Non
2186 3286 2363 3339 solum
2385 3285 2557 3347 nobis,
2612 3284 2884 3354 quomodo
2910 3292 3195 3353 peccantes
3253 3281 3554 3334 libertatem

1975 3378 2291 3441 habeamus,
2327 3392 2427 3431 nec
2482 3376 2708 3430 aliorum
2766 3375 3012 3431 doctrina
3036 3384 3131 3427 aut
3172 3372 3557 3427 exhortatione

1974 3484 2252 3539 egeamus,
2285 3468 2377 3521 lex
2425 3468 2669 3529 mandat,
2702 3477 2763 3522 ut
2806 3467 3183 3537 propheticum
3226 3464 3357 3519 illud
3402 3464 3559 3518 nobis

1976 3562 2328 3631 impleretur:
2365 3562 2430 3616 Et
2485 3579 2588 3616 non
2646 3562 2845 3614 docebit
2914 3560 3275 3629 unusquisque
3335 3560 3561 3629 fratrem

1972 3670 2149 3714 suum.
2219 3654 2438 3707 dicens:
2492 3653 2754 3723 Cognosce
2815 3651 3098 3705 Dominum
3136 3667 3154 3703 :
3204 3651 3330 3720 quia
3382 3666 3557 3703 omnes

1973 3747 2137 3800 scient
2166 3762 2268 3809 me,
2300 3763 2330 3797 a
2356 3746 2550 3798 minore
2577 3760 2739 3815 usque
2772 3743 2842 3797 ad
2893 3742 3144 3812 majorem
3203 3758 3402 3803 eorum,
3432 3742 3558 3809 quia

1974 3839 2231 3907 propitius
2255 3854 2342 3891 ero
2366 3837 2729 3907 iniquitatibus
2752 3853 2929 3891 eorum
2955 3845 3002 3889 et
3050 3844 3382 3904 peccatorum
3441 3833 3560 3887 illo—

1977 3947 2093 3983 rum
2116 3930 2235 3999 jam
2270 3945 2370 3983 non
2399 3929 2713 3983 recordabar
2733 3929 2961 3997 amplius
2986 3927 3050 3981 ⁸⁸.
3071 3926 3354 3993 Quomodo
3378 3934 3557 3980 autem

1978 4023 2082 4077 hoc
2106 4031 2241 4083 erat,
2264 4023 2306 4075 si
2334 4038 2442 4075 non
2478 4023 2652 4076 solum
2681 4023 2750 4076 ab
2807 4031 2996 4091 aperto
3049 4021 3319 4075 idolorum
3384 4018 3556 4077 cultu,

1976 4128 2137 4182 quem
2178 4112 2431 4182 prohibet
2461 4112 2591 4181 legis
2615 4112 2817 4174 littera,
2849 4110 2943 4165 sed
2974 4119 3030 4163 et
3059 4110 3127 4164 ab
3150 4109 3365 4163 occulto
3392 4107 3561 4161 abstio

1978 4203 2247 4256 neamus?
2276 4203 2344 4256 de
2374 4217 2482 4270 quo
2516 4199 2716 4255 Paulus
2770 4200 2987 4255 dicebat
3020 4218 3032 4252 :
3093 4200 3271 4254 Radix
3325 4200 3560 4252 omnium

1979 4294 2239 4347 malorum
2294 4293 2522 4346 avaritia
2568 4292 2778 4361 ’ξηαπ
2837 4301 2921 4346 est
2977 4292 3243 4345 idolorum
3284 4290 3555 4345 servitus:

1978 4383 2435 4454 quemadmodum
2493 4382 2648 4437 nobis
2697 4382 2859 4436 etiam
2921 4397 3068 4436 nunc
3133 4380 3267 4450 legis
3334 4380 3560 4449 spiritus

1979 4475 2362 4529 abstinentiam
2382 4474 2620 4528 mandat.
2646 4474 2713 4527 Et
2741 4488 2846 4527 non
2870 4473 3130 4527 faciemus
3148 4472 3304 4526 nobis
3333 4470 3556 4529 idolum.

296 4603 483 4647 catum
522 4592 749 4661 respuit,
782 4607 895 4645 non
925 4590 975 4644 ei
1010 4590 1424 4659 superimponas
1460 4586 1718 4641 districta:
1765 4602 1868 4655 pm-

1981 4575 2036 4621 et
2085 4566 2353 4634 sculptile,
2388 4566 2521 4629 sive,
2549 4574 2610 4619 ut
2637 4564 3015 4635 Septuaginta,
3067 4560 3425 4631 manufactile,
3458 4562 3557 4615 do-

297 4684 547 4739 nitentiae
568 4684 798 4752 pondus.
833 4682 1012 4736 Semel
1043 4680 1189 4735 enim
1216 4679 1569 4749 semetipsum
1622 4678 1878 4747 operibus

299 4775 459 4830 bonis
485 4773 733 4828 redemit.
764 4772 908 4844 Ergo
945 4772 1109 4827 nimis
1134 4780 1284 4825 recte
1317 4768 1579 4834 subdidit,
1614 4783 1735 4837 quae
1790 4783 1875 4822 se—

300 4873 567 4936 quuutur.

373 4955 526 5021 Quod
550 4955 595 5008 si
621 4971 714 5023 per
737 4956 848 5008 hac
874 4954 1060 5008 redimi
1086 4969 1187 5006 non
1227 4960 1475 5020 potuerit,
1501 4970 1639 5006 anno
1663 4953 1881 5019 jubila'o

303 5048 599 5118 egredietur
644 5062 762 5098 cum
812 5045 989 5100 liberis
1031 5046 1159 5099 suis.
1216 5044 1318 5111 Qui
1350 5055 1532 5100 autem
1583 5046 1884 5115 aequalibus

300 5148 529 5209 peccato
550 5137 843 5192 virtutibus
867 5138 1220 5206 semetipsum
1249 5153 1363 5191 non
1396 5138 1649 5203 redemit,
1681 5138 1734 5191 in
1782 5154 1882 5192 an~

299 5248 376 5286 no
401 5231 631 5301 jubilaei,
666 5230 782 5285 sive
810 5230 1176 5293 remissionis,
1210 5230 1265 5285 id
1307 5237 1411 5295 est,
1467 5230 1523 5284 in
1551 5229 1790 5300 perfecta
1827 5240 1883 5284 et

300 5323 553 5378 districta
622 5321 970 5391 pcenitentia,
1029 5322 1488 5391 quemadmodum
1566 5322 1882 5391 frequenter

300 5412 569 5477 diximus,
588 5421 645 5467 et
672 5414 848 5482 ipsum
870 5412 1061 5467 redimi
1094 5414 1373 5483 przecepit,
1393 5414 1488 5469 sed
1509 5421 1564 5468 et
1584 5413 1725 5468 bona
1748 5428 1881 5483 ope-

303 5520 385 5567 ra,
415 5519 536 5573 qua:
571 5503 887 5574 priusquam
944 5512 1246 5573 peccasset,
1271 5504 1404 5577 egit,
1424 5522 1544 5575 qua:
1574 5505 1665 5560 ﬁlii
1699 5505 1881 5559 unius-

300 5598 571 5667 cujusque
610 5605 855 5652 nostrum
888 5604 1037 5651 sunt.
1075 5595 1175 5650 Sin
1201 5609 1383 5652 autem
1405 5598 1487 5653 vis
1531 5613 1879 5671 cognoscere,

300 5704 428 5761 qua:
460 5688 530 5743 sit
574 5688 810 5759 perfecta
840 5686 1188 5759 poenitentia,
1217 5686 1485 5745 Ninivitas
1521 5690 1763 5756 intende,
1789 5689 1881 5761 qui

381 5864 428 5898 ’⁵⁵
458 5866 647 5922 Matth.
668 5882 758 5934 xx,
790 5866 811 5921 l
836 5881 950 5936 seq.

1046 5865 1092 5898 “
1118 5866 1287 5923 Jonas.
1320 5882 1399 5935 ιιι,
1434 5866 1518 5922 ιο.
1594 5866 1638 5899 δ’
1670 5867 1839 5923 Exod.
1878 5882 1948 5935 ιι,
1975 5865 2065 5921 25.

1976 4673 2095 4711 mos
2123 4657 2468 4721 :edilicantes,
2502 4667 2556 4710 et
2602 4670 2762 4726 agros
2786 4655 2997 4725 aliquos
3055 4652 3423 4723 possidentes,
3459 4667 3561 4706 nec

1977 4747 2227 4816 sculptile
2280 4746 2335 4799 in
2369 4747 2450 4800 eis
2499 4746 2817 4816 ﬁgurantes,
2866 4752 3111 4798 nostram
3156 4742 3575 4812 quodammodo.

1978 4849 2275 4894 atterentes
2314 4854 2500 4893 amore
2532 4854 2722 4892 eorum
2779 4845 3041 4892 mentem.
3068 4834 3177 4890 Nec
3216 4836 3404 4890 titulos
3460 4852 3563 4891 no«

1980 4930 2086 4993 bis,
2141 4930 2256 4983 sive
2317 4938 2550 4983 statuam
2577 4929 2631 4981 in
2670 4928 2755 4982 his
2818 4926 3111 4997 erigamus,
3171 4925 3419 4980 volentes
3468 4940 3564 4992 per

1986 5038 2105 5077 eam
2130 5022 2459 5076 memoriam.
2490 5029 2733 5075 nostram
2763 5018 3059 5073 extendere
3118 5018 3171 5071 in
3228 5016 3436 5071 futuras
3468 5032 3563 5085 ge-

1987 5115 2298 5170 nerationes
2331 5131 2343 5166 :
2389 5112 2485 5169 sed
2514 5127 2618 5167 nec
2655 5111 2891 5181 lapidem
2941 5110 3219 5181 insignem,
3267 5109 3563 5179 erigamus.

1985 5208 2127 5269 auri.
2162 5205 2315 5260 verbi
2342 5205 2532 5277 gratia,
2565 5214 2659 5259 aut
2688 5204 2899 5275 argenti
2940 5204 3248 5266 cumulum,
3282 5212 3375 5255 aut
3426 5202 3565 5271 lapi-

1984 5299 2139 5363 dum,
2168 5296 2260 5366 qui
2294 5296 2546 5350 videntur
2579 5310 2699 5349 esse
2726 5292 2949 5364 pretiosi
2975 5293 3203 5363 lapides,
3231 5293 3391 5346 etiam
3421 5292 3472 5345 hi
3498 5292 3569 5346 de

1986 5399 2128 5445 terra
2173 5389 2408 5458 aequales
2454 5387 2590 5442 albis
2640 5385 2912 5455 lapidibus
2954 5393 3103 5448 sunt,
3132 5383 3232 5437 etsi
3280 5397 3564 5437 avarorum

1988 5482 2139 5537 visus
2187 5482 2245 5535 in
2291 5480 2397 5544 his,
2434 5477 2890 5548 quemadmodum
2922 5488 3255 5545 paganorum
3291 5473 3346 5526 in
3387 5472 3563 5534 idolis,

1989 5574 2325 5629 seducuntur
2351 5590 2363 5624 :
2394 5578 2618 5641 propter
2663 5570 2807 5638 quod
2859 5575 2914 5622 et
2963 5566 3191 5636 insignis
3227 5565 3364 5634 lapis
3391 5564 3568 5618 dictus

1988 5674 2090 5721 est.
2121 5664 2230 5721 Nos
2258 5672 2439 5720 autem
2470 5661 2607 5716 nihil
2637 5661 2743 5716 tale
2774 5660 3063 5731 patiamur,
3087 5673 3190 5712 nec
3220 5655 3445 5728 insignis
3471 5671 3569 5709 no-

2143 5867 2184 5900 “
2211 5865 2411 5922 Jerem.
2450 5880 2598 5931 uxr,
2626 5862 2713 5918 3L
2792 5861 2835 5894 δ’
2866 5859 2889 5916 l
2920 5859 3061 5917 Tim.
3093 5876 3168 5921 vi,
3198 5850 3286 5913 ια.
