3928 6408
579 419 713 484 1ἷ39

1810 426 2172 486 HESYCHII
2214 427 2686 487 PRESBYTERI

3677 425 3779 493 illi)

569 536 656 591 bis
686 536 822 606 lapis
851 535 1152 592 efficiantur
1178 539 1401 604 divitia,
1434 550 1496 595 ut
1533 542 1834 596 secundum
1884 543 2158 597 intentio—
2191 551 2231 604 Α
2262 560 2378 603 vos,
2403 549 2458 597 et
2486 557 2732 598 crescere
2756 542 2975 606 faciam,
3001 541 3520 613 multiplicabimini,
3543 551 3590 594 et
3610 544 3786 599 firmabo

567 639 693 681 nem
721 642 907 680 earum
939 628 1203 693 vivamus,
1226 632 1530 685 secundum
1561 632 1898 688 intellectum
1925 633 2160 701 Septua-

567 719 715 791 ginta
746 721 1104 790 interpretum
1131 740 1144 787 ;
1174 733 1229 776 et
1255 738 1363 776 non
1400 739 1741 794 quaecunque
1775 726 2156 794 praeceperint,

565 812 852 877 faciamus,
872 823 927 868 et
954 814 1245 870 desideriis
1273 831 1460 871 earum
1493 819 1813 881 serviamus,
1841 819 2161 872 adoremus-

565 921 673 974 que
705 921 826 969 eas,
861 916 916 961 et
955 908 1198 963 colamus
1230 909 1285 963 in
1319 912 1698 965 conservando
1724 927 1836 966 eas.
1869 912 2160 966 Custodia-

567 1010 690 1048 mus
717 1003 900 1049 autem
927 1006 981 1050 et
1007 996 1264 1066 Sabbata,
1296 1000 1364 1053 ab
1391 1001 1537 1054 omni
1569 1001 1674 1055 alio
1704 1002 1844 1056 malo
1876 1003 2161 1056 abstinen-

568 1093 697 1147 tiam
734 1094 1185 1164 vacationemqne
1245 1097 1551 1162 studentes,
1583 1107 1636 1151 et
1665 1109 1887 1168 agentes
1916 1106 1976 1152 ut
2027 1115 2161 1167 ope-

568 1184 720 1238 ribus
753 1187 1038 1253 przesentis
1063 1189 1248 1241 mundi
1275 1205 1578 1251 careamus,
1603 1201 1768 1258 atque
1794 1191 1863 1244 ab
1891 1191 1973 1244 eis
2002 1193 2160 1260 quie—

567 1287 804 1328 scamus.
837 1274 950 1329 lloc
985 1277 1130 1330 enim
1167 1279 1506 1349 intelligibile
1541 1290 1595 1334 et
1627 1297 1813 1334 verum
1864 1280 2158 1335 Sabbatum

567 1375 670 1427 est,
703 1367 848 1434 quod
899 1382 1009 1420 non
1062 1369 1246 1437 populi
1295 1380 1380 1424 est
1425 1371 1640 1440 ingrati,
1675 1373 1769 1426 sed
1818 1373 1990 1441 ipsius
2045 1374 2157 1436 Dei,

567 1458 1026 1525 quemadmodum
1055 1460 1108 1513 in
1143 1461 1274 1516 Isaia
1303 1462 1519 1516 dicebat
1551 1482 1563 1516 :
1595 1464 1789 1518 Beatus
1819 1467 1898 1517 vir
1925 1467 2014 1536 qui
2040 1468 2159 1537 fecit

567 1547 684 1608 hac,
717 1559 766 1601 et
799 1549 942 1617 ﬁlius
989 1551 1217 1604 hominis
1265 1554 1355 1621 qui
1398 1556 1741 1623 apprehendit
1787 1557 1947 1620 istud,
1985 1568 2160 1610 custo-

565 1639 711 1692 diens
745 1639 1035 1695 Sabbatnm
1065 1659 1126 1696 ne
1147 1645 1350 1712 polluat
1378 1647 1510 1698 illud
1531 1647 1596 1701 ³ο.
1637 1646 1789 1701 Unde
1826 1649 2160 1718 distinguere

565 1730 635 1785 ab
663 1733 770 1786 illis
799 1734 1031 1797 volebat,
1057 1737 1124 1790 de
1156 1739 1354 1805 quibus
1389 1739 1544 1792 initio
1576 1740 1878 1809 prOphetiae
1908 1743 2155 1798 dicebat:

565 1822 911 1886 Neomenias,
944 1837 991 1880 et
1024 1828 1334 1892 Sabbatum,
1371 1842 1418 1884 et
1442 1833 1747 1901 festivitates
1775 1835 1914 1887 alias
1944 1853 2043 1888 non
2082 1838 2158 1908 fe-

565 1932 682 1968 ram
699 1919 763 1969 ⁸⁸.
784 1917 938 1980 Ouod
975 1930 1156 1974 autem
1187 1921 1278 1975 Dei
1308 1933 1388 1976 est
1420 1923 1737 1985 Sabhatum,
1763 1935 1856 1978 aut
1885 1930 2158 1996 quomodo

566 2005 698 2059 illud
730 2009 852 2076 quis
897 2011 1186 2079 profanare
1223 2029 1328 2068 non
1367 2025 1583 2083 potest,
1640 2018 1909 2072 subinfert
1941 2037 1952 2072 :
1989 2018 2150 2084 Quie-

564 2100 692 2152 scite
721 2117 878 2170 agere
910 2106 1225 2168 perverse".
1262 2106 1400 2175 Ergo
1440 2123 1469 2160 a
1499 2108 1654 2162 malis
1680 2110 1955 2164 abstinere
1981 2153 1996 2178 ,
2030 2113 2152 2166 sab-

561 2190 676 2246 bati
711 2201 794 2247 cst
827 2193 1054 2263 impleti.
1085 2197 1188 2250 Sed
1215 2205 1270 2250 et
1299 2201 1669 2253 sanctuarium
1701 2201 1818 2269 ejus
1856 2219 2151 2271 paveamus

563 2285 976 2340 sanctimoniam
1011 2289 1312 2353 studentes,
1352 2291 1404 2344 id
1429 2300 1536 2355 est,
1564 2294 1869 2347 castitatem
1901 2312 1964 2348 ac.
1993 2297 2151 2365 pudi-

561 2377 746 2432 citiam
778 2396 792 2432 :
825 2379 940 2434 lnec
971 2381 1118 2436 enim
1151 2391 1234 2436 est
1260 2386 1382 2437 vita:
1411 2384 1745 2454 imperfectae
1793 2397 1846 2442 et
1895 2405 2151 2444 consum-

567 2479 724 2524 mata:
770 2471 1100 2539 capitulum,
1133 2475 1250 2529 sive
1295 2490 1529 2530 summa.
1568 2476 1797 2547 Propter
1845 2481 1988 2549 quod
2049 2483 2151 2537 hoc

561 2559 726 2613 etiam
757 2563 1114 2618 novissimum
1151 2567 1358 2634 posuit,
1390 2575 1520 2622 tunc
1553 2569 1685 2624 dicit
1725 2571 1790 2624 ad
1823 2587 1922 2624 nos
1959 2573 2098 2627 Deus
2132 2593 2145 2628 :

561 2650 673 2720 Ego
696 2650 960 2708 Dominus
989 2655 1130 2709 Deus
1155 2667 1351 2720 vester,
1379 2659 1468 2727 qui
1501 2675 1620 2713 sum
1649 2662 1871 2729 quidem
1905 2674 2146 2728 sanctus,

560 2741 655 2794 sed
690 2751 743 2795 et
774 2743 827 2795 in
861 2747 1064 2798 sanctis
1098 2749 1381 2816 requiesco
1405 2789 1420 2813 ,
1472 2751 1796 2806 interimens
1843 2764 1898 2807 et
1935 2755 2149 2825 disper-

559 2831 698 2884 dens
723 2848 938 2896 omnes,
971 2837 1062 2904 qui
1097 2839 1508 2894 tabernaculum
1538 2857 1718 2896 meum
1750 2845 2066 2912 polluerint,
2096 2859 2151 2902 et

560 2923 825 2992 templum
873 2942 1057 2980 meum
1099 2929 1498 2998 pollutionibus
1537 2934 1875 3004 voluptatum
1915 2938 2149 2994 violave-

558 3015 701 3070 rint:
727 3019 870 3086 quod
902 3026 1138 3075 testatur
1172 3023 1371 3079 Paulus
1402 3027 1628 3080 dicens:
1660 3028 1719 3084 Si
1751 3033 1866 3099 quis
1896 3033 2148 3101 templum

561 3111 659 3164 Dei
691 3114 986 3180 violaverit,
1022 3120 1288 3188 disperde!
1318 3122 1468 3175 illum
1501 3122 1719 3178 Deus”.
1751 3125 1978 3196 PrOpter
2001 3130 2146 3198 quod

561 3205 928 3259 sanctuarium
957 3209 1076 3278 ejus
1109 3225 1424 3278 paveamns,
1461 3219 1518 3265 ut
1548 3227 1647 3267 nec
1676 3228 1872 3283 corpus
1899 3224 2145 3268 nostrum

560 3293 886 3361 polluamus,
912 3313 1092 3367 neque
1124 3299 1188 3352 ad
1221 3315 1421 3370 corpus
1452 3300 1674 3366 Christi,
1703 3303 1756 3356 in
1785 3321 1894 3372 quo
1921 3314 2002 3358 est
2030 3321 2147 3358 om-
2175 3286 2217 3342 (ἶ

559 3384 646 3439 nis
697 3389 1059 3444 sanctificatio
1098 3392 1170 3461 (in
1216 3394 1334 3462 ipso
1369 3395 1514 3449 enim
1545 3397 1725 3450 omnis
1750 3399 2032 3467 plenitudo
2063 3399 2148 3453 in-

562 3477 769 3533 habitat
794 3482 1281 3554 divinitatis),sine
1314 3489 1498 3541 subtili
1524 3489 1916 3558 dijudieatione
1949 3492 2144 3556 nostri,

563 3580 770 3627 temere
813 3577 1139 3632 accedamus
1165 3621 1178 3642 ,
1217 3581 1310 3634 sed
1345 3582 1496 3650 prius
1533 3584 1899 3652 nosmetipsos
1945 3584 2146 3654 probe-

561 3680 705 3727 mus,
750 3668 1167 3724 reminiscentes
1215 3673 1334 3738 ejns
1385 3675 1474 3742 qui
1503 3675 1638 3729 dixit
1674 3693 1688 3728 :
1729 3677 2034 3742 Quicunque
2061 3695 2147 3731 co-

562 3757 782 3808 mederit
827 3774 1018 3825 panem
1065 3770 1162 3813 aut
1209 3761 1392 3816 biberit
1422 3765 1638 3818 calicem
1671 3767 1882 3820 Domini
1917 3769 2143 3839 indigne,

562 3865 682 3901 reus
711 3851 809 3903 erit
840 3853 1073 3919 corporis
1100 3864 1148 3907 et
1196 3858 1470 3926 sanguinis
1492 3858 1728 3916 Domini.
1753 3861 1937 3915 Probet
1968 3875 2145 3916 autent

561 3941 895 4009 semetipsum
925 3945 1097 4012 homo,
1131 3957 1179 3999 et
1209 3948 1283 4000 sic
1313 3950 1375 4001 de
1408 3967 1544 4018 pane
1577 3954 1834 4016 comedat,
1868 3965 1915 4006 et
1958 3957 2021 4008 de
2055 3973 2147 4008 ca-

566 4029 664 4083 lice
708 4032 848 4085 bibat
867 4033 931 4086 ⁵⁸.
963 4034 1188 4100 Qualem
1223 4039 1598 4108 probationem
1635 4043 1803 4098 dicit?
1843 4045 1898 4099 ld
1946 4059 2047 4106 est.
2089 4056 2142 4101 ut

568 4123 623 4174 in
656 4126 818 4178 corde
848 4128 1070 4192 mundo,
1099 4138 1261 4200 atque
1293 4133 1649 4197 conscientia,
1682 4145 1736 4191 et
1769 4139 2144 4206 pmnitentiam

568 4229 780 4279 eorum,
811 4233 929 4286 qua:
979 4219 1106 4273 olim
1153 4221 1379 4292 deliquit
1433 4225 1740 4282 intendenti
1792 4231 2148 4304 participetur

570 4310 789 4372 sanctis,
821 4313 886 4365 ad
916 4314 1248 4369 ablutionem
1277 4329 1623 4386 peccatorum
1654 4337 1897 4377 suorum.

644 4399 803 4455 Vens.
843 4404 994 4458 3-13.
1047 4427 1065 4456 ι
1098 4406 1153 4459 Si
1203 4408 1256 4461 in
1300 4412 1588 4479 praeceptis
1618 4413 1754 4466 meis
1784 4415 2148 4468 ambulaveri-

571 4491 659 4551 tis,
688 4502 742 4546 et
788 4497 1042 4550 mandata
1089 4514 1204 4552 mea
1251 4501 1618 4555 custodieritis
1672 4513 1726 4556 et
1778 4502 2016 4557 feceritis
2059 4520 2143 4569 ea,

572 4585 712 4640 dabo
761 4587 914 4640 vobis
962 4590 1198 4658 pluviam
1253 4592 1306 4645 in
1349 4595 1684 4664 temporibus
1717 4597 1829 4650 suis
1864 4615 1876 4650 :
1906 4606 1957 4650 et
2005 4607 2144 4651 terra

573 4677 756 4747 glgnct
777 4680 1012 4735 fructum
1038 4698 1218 4748 suum,
1244 4695 1299 4739 et
1326 4687 1500 4754 pomis
1527 4689 1751 4742 arbores
1773 4689 2148 4759 replebuntur,

572 4776 628 4821 et
657 4769 1034 4836 apprehendet
1057 4775 1310 4828 messium
1351 4777 1543 4829 tritura
1570 4777 1915 4842 vindemiam,
1947 4790 2000 4834 et
2034 4781 2154 4834 vin-

575 4858 752 4913 demia
806 4863 1086 4932 occupabit
1137 4875 1482 4918 sementem:
1528 4876 1582 4921 et
1609 4871 1907 4924 comedetis
1961 4889 2153 4941 panem

573 4961 817 5005 vestrum
850 4954 901 5005 in
932 4956 1294 5019 saturitatem,
1329 4967 1383 5010 et
1417 4957 1618 5027 absque
1653 4975 1850 5028 pavore
1884 4964 2156 5018 habitabi-

577 5043 648 5096 tis
674 5043 728 5096 in
763 5054 902 5097 terra
937 5057 1134 5102 vestra.
1187 5047 1333 5100 Dabo
1363 5064 1549 5116 pacem
1591 5049 1642 5102 in
1680 5051 1878 5105 finibus
1906 5056 2106 5107 vestris
2140 5075 2151 5109 :

576 5135 881 5203 dormietis,
904 5149 957 5192 et
984 5154 1091 5192 non
1124 5140 1228 5192 erit
1257 5141 1346 5208 qui
1384 5145 1946 5198 cxterreat.Auleram
1985 5147 2153 5201 malas

577 5229 812 5291 bestias,
843 5240 896 5283 et
931 5229 1142 5298 gladius
1185 5247 1293 5283 non
1330 5233 1579 5286 transibit
1615 5235 1875 5290 terminos
1920 5248 2152 5292 vestros.

577 5320 974 5389 Persequimini
1022 5321 1273 5375 inimicos
1303 5333 1529 5382 vestros,
1561 5332 1617 5376 et
1666 5335 1922 5378 corruent
1974 5343 2153 5382 coram

579 5409 753 5468 vobis.
777 5413 1180 5482 Persequentur
1205 5414 1446 5482 quinque
1472 5414 1539 5467 de
1561 5416 1758 5468 vestris
1783 5427 2001 5470 centum
2026 5419 2156 5473 alie-

581 5522 704 5571 nos,
739 5516 794 5561 et
825 5514 1044 5561 centum
1075 5521 1139 5559 ex
1176 5506 1331 5560 vobis
1359 5506 1547 5560 decem
1599 5506 1786 5562 millia.
1821 5508 2027 5563 Cadent
2051 5511 2156 5564 ini-

583 5601 709 5655 mici
743 5601 910 5655 vestri
957 5601 1010 5653 in
1055 5613 1350 5670 conspectu
1397 5612 1578 5655 vestro
1611 5593 1815 5672 gladio:
1847 5600 2155 5672 Respiciam

2265 644 2485 705 pactum
2542 651 2724 688 meum
2773 636 3078 690 vobiscum.
3127 633 3444 688 Cowedetis
3486 635 3786 691 vetustissima

2264 735 2607 786 veterum,et
2643 736 2824 779 vetera
2863 725 3020 778 novis
3054 722 3564 792 supervenientibus
3591 725 3791 792 projicie-

2264 817 2352 871 tis.
2385 815 2586 869 Ponam
2623 816 3032 869 tabernaculum
3066 831 3252 869 meum
3291 815 3344 865 in
3380 814 3552 866 medio
3578 817 3734 878 vestri,
3753 828 3793 870 et

2262 923 2373 961 non
2404 907 2625 976 abjiciet
2655 923 2750 960 vos
2777 908 2957 961 anima
2993 923 3132 961 mea.
3168 905 3478 959 Ambulabo
3515 906 3643 960 inter
3662 921 3793 963 voset

2263 1016 2356 1054 ero
2389 1010 2572 1056 vester
2607 1001 2772 1065 Deus,
2801 1017 3008 1069 vosque
3047 1001 3203 1054 eritis
3250 1000 3486 1068 populus
3533 1014 3686 1052 meus.
3712 999 3792 1060 Ego

2267 1093 2529 1147 Dominus
2565 1093 2708 1146 Deus
2738 1102 2936 1154 vester,
2969 1092 3060 1160 qui
3095 1091 3261 1144 eduxi
3299 1105 3394 1143 vos
3417 1090 3480 1143 de
3510 1099 3640 1143 terra
3670 1091 3790 1161 :Egy-
3875 1090 3877 1142 Ι

2264 1186 2524 1254 ptiorum,
2562 1202 2631 1240 ne
2657 1185 2940 1239 serviretis
2969 1185 3072 1247 eis,
3107 1193 3162 1237 et
3205 1183 3302 1252 qui
3352 1181 3585 1252 confregi
3623 1191 3792 1236 catenas

2263 1279 2539 1332 cervicum
2571 1288 2896 1338 vestrarum,
2931 1285 2990 1330 ut
3018 1275 3353 1330 incederetis
3392 1275 3575 1328 erecti.
3606 1295 3622 1326 ι

2337 1369 2459 1424 llch
2492 1370 2822 1424 sensibiliter
2853 1370 3096 1438 suscepit
3125 1368 3442 1421 .ludamrum
3471 1367 3699 1436 populus,
3732 1377 3791 1419 ut-

2263 1471 2390 1531 pote
2425 1478 2644 1530 parvam
2690 1462 2900 1515 habens
2940 1477 3090 1530 spem
3126 1461 3322 1523 futuri,
3356 1472 3410 1514 et
3441 1475 3542 1514 non
3590 1461 3703 1512 satis
3733 1461 3790 1513 ia-

2266 1553 2642 1622 tclligibilibus
2670 1568 2970 1622 suspensus
3007 1553 3187 1607 bonis.
3221 1553 3354 1606 Erat
3398 1553 3539 1605 enim
3588 1560 3711 1604 totus
3745 1553 3791 1606 ad

2263 1657 2510 1700 ventrem
2562 1655 2616 1699 et
2659 1646 2725 1699 ad
2773 1646 2991 1699 carnale
3041 1645 3214 1698 otium
3262 1645 3528 1704 intentus,
3557 1645 3620 1696 ita
3669 1654 3713 1696 nt
3752 1645 3788 1696 in

2263 1737 2518 1808 praesenti
2555 1739 2662 1791 vita
2686 1780 2698 1800 ,
2737 1753 2798 1790 ea
2833 1752 2953 1806 quae
2998 1737 3063 1791 ad
3098 1737 3440 1806 voluptatem
3481 1736 3786 1805 pertinebant,

2265 1836 2474 1889 etiamsi
2510 1836 2671 1888 nimis
2703 1841 2888 1888 essent
2916 1833 3170 1902 despecta
3222 1837 3278 1882 et
3332 1828 3547 1882 minima
3585 1843 3670 1897 pro
3696 1828 3786 1890 illis,

2261 1945 2382 1998 quae
2432 1944 2621 1997 parum
2660 1927 2928 1981 laboriosa
2976 1935 3153 1988 erant,
3187 1923 3285 1978 sed
3341 1923 3562 2004 multum
3609 1922 3785 1987 majora,

2255 2021 2499 2091 eligeret,
2538 2030 2592 2076 et
2625 2031 2912 2090 propterea
2952 2026 3224 2088 quaereret
3261 2015 3539 2085 ,‘Egyptios
3578 2030 3781 2084 peponcs,

2253 2131 2449 2183 caepas,
2471 2122 2525 2168 et
2553 2114 2696 2176 allia,
2731 2112 2990 2182 quoniam
3024 2111 3080 2164 in
3113 2118 3373 2179 promptu
3406 2107 3637 2160 erantad
3663 2121 3782 2158 exsa-

2255 2205 2467 2259 tiandos
2495 2221 2610 2266 eos,
2644 2213 2698 2257 et
2736 2204 2857 2257 sine
2895 2203 3081 2278 labore
3121 2202 3375 2254 aderant.
3422 2197 3528 2251 Nos
3556 2205 3724 2258 autem,
3750 2197 3780 2248 si

2252 2297 2522 2350 mandatis
2572 2295 2663 2348 Dei
2719 2295 3079 2354 intendimus,
3132 2293 3384 2346 dicentes
3437 2292 3571 2344 sicut
3614 2288 3778 2341 David:

2256 2391 2404 2444 Viam
2427 2391 2876 2460 justi/icationum
2907 2399 3118 2442 tuarum
3148 2389 3364 2471 insinua
3395 2386 3517 2438 mihi
3533 2386 3592 2437 ⁵³.
3622 2381 3674 2436 Et
3695 2397 3779 2434 rur-

2251 2499 2344 2537 sus
2374 2503 2385 2535 :
2419 2483 2597 2536 Dednc
2646 2501 2724 2536 me
2760 2484 2815 2535 in
2846 2482 3033 2536 semita
3080 2481 3456 2533 mandatorum
3501 2487 3708 2535 tuorum;
3743 2483 3776 2526 rt

2251 2575 2650 2627 custodierimus
2680 2575 2934 2626 mandata
2966 2573 3075 2642 ejus
3103 2573 3170 2634 ⁸⁸,
3209 2570 3350 2625 nihil
3381 2585 3559 2622 eorum
3588 2583 3775 2621 corrum-

2250 2677 2444 2736 pentes
2465 2707 2479 2730 ,
2514 2682 2690 2736 neque
2721 2666 3022 2719 secundum
3044 2673 3290 2716 nostram
3329 2661 3679 2716 intentionem.
3708 2656 3773 2709 sed

2250 2758 2550 2812 Secundum
2610 2759 2770 2826 ejus,
2807 2765 2862 2811 et
2913 2773 3034 2826 qua:
3084 2756 3204 2824 ejus
3257 2764 3408 2817 sunt,
3444 2750 3773 2822 agentes:hoc

2248 2851 2393 2905 enim
2430 2861 2514 2905 est
2555 2849 2774 2919 proprie
2806 2848 2924 2916 ejus
2958 2847 3238 2900 custodire
3271 2845 3549 2907 mandata;
3578 2839 3772 2906 intelligi-

2249 2943 2435 2998 biliter
2464 2951 2844 3012 exspectemus
2877 2941 3310 3009 unumquodque
3335 2951 3653 3004 eorum,qu:e
3675 2948 3772 3002 prr-

2249 3037 2390 3092 dicta
2430 3044 2578 3089 sunt.
2617 3035 2749 3100 Quia
2800 3043 2980 3087 autem
3017 3051 3047 3087 a
3076 3033 3288 3087 Judaeis
3320 3031 3641 3085 inveniemus
3661 3023 3767 3078 omni

2249 3129 2411 3182 modo
2447 3129 2561 3182 haec
2592 3127 2892 3180 secundum
2926 3127 3161 3178 litteram
3205 3125 3426 3194 impleta
3461 3141 3472 3175 :
3509 3119 3638 3174 multi
3663 3117 3768 3171 enim

2252 3217 2344 3272 Dei
2373 3219 2673 3288 prophctte,
2703 3217 3073 3272 custodientes
3095 3219 3215 3285 ejus
3249 3215 3514 3275 mandata,
3535 3211 3648 3265 etin
3671 3223 3770 3278 prae-

2250 3313 2422 3383 ceptis
2452 3314 2569 3382 ejus
2606 3311 2968 3375 ambulantes,
3009 3311 3063 3364 in
3097 3312 3270 3364 [multa
3300 3309 3512 3362 fuerunt
3542 3303 3767 3359 afﬂictione

2250 3405 2554 3468 constituti,
2589 3420 2690 3458 nec
2720 3420 2916 3473 panem
2951 3419 3110 3458 suum
3141 3420 3268 3458 cum
3305 3402 3564 3458 satietate,
3585 3396 3658 3450 sed
3677 3408 3766 3470 cunt

2250 3507 2490 3567 egestate
2531 3497 2911 3561 comederunt,
2953 3495 3416 3565 quemadmodum
3452 3484 3763 3545 Ezechielmui

2249 3593 2317 3644 ab
2347 3592 2465 3659 ipso
2497 3591 2601 3644 hoc
2631 3590 2741 3644 Deo
2773 3599 3104 3659 praeceptum
3137 3597 3246 3642 est.
3277 3587 3384 3640 Sed
3415 3596 3468 3640 et
3498 3583 3662 3637 Paulus
3677 3592 3756 3632 eos.

2247 3683 2339 3751 qui
2376 3683 2427 3735 in
2465 3683 2582 3753 lege
2609 3691 2662 3736 et
2695 3681 2979 3751 prophetis
3022 3680 3311 3748 justificati
3375 3666 3516 3736 sntit,
3551 3683 3749 3770 exponitis

2247 3774 2496 3828 dicebat:
2529 3773 2859 3826 Cirrniernnt
2894 3773 2947 3824 in
2979 3771 3201 3832 melotis,
3238 3772 3291 3823 in
3324 3768 3534 3840 pellibus
3573 3768 3738 3828 caput“.

2247 3866 2534 3930 humiliati,
2563 3865 2742 3935 aﬂlicti
2768 3907 2781 3928 ,
2815 3864 3001 3934 quibus
3032 3864 3224 3932 dignus
3255 3881 3355 3916 non
3383 3869 3491 3914 erat
3524 3848 3738 3910 nntndtts".

2249 3960 2382 4012 Illud
2415 3970 2596 4014 autem
2632 3959 2802 4028 magis
2837 3958 3122 4011 intendere
3157 3956 3213 4011 in
3253 3957 3358 4019 his,
3389 3969 3501 4024 quae
3521 3951 3629 4005 dicta
3647 3949 3748 4002 sunt.

2248 4059 2484 4120 oportet,
2546 4051 2675 4119 quia
2709 4051 3146 4104 custodientibus
3175 4049 3274 4104 Dei
3309 4047 3562 4103 mandata,
3590 4039 3749 4138 triginta

2250 4141 2661 4195 benedictiones
2703 4140 2757 4193 in
2802 4141 3056 4210 praesenti
3086 4140 3170 4194 lex
3207 4140 3413 4210 posuit.
3449 4137 3523 4188 Sic
3547 4142 3653 4182 t'nltll
3678 4137 3746 4174 eas

2251 4247 2482 4286 numero
2521 4231 2790 4294 invenies,
2828 4247 3276 4301 unamquamque
3309 4222 3679 4313 benedictionem
3700 4210 3752 4263 ab

2249 4323 2354 4376 alia
2403 4337 2500 4390 per
2544 4321 3011 4390 conjunctionem,
3045 4323 3101 4375 in
3152 4324 3451 4377 secundum
3483 4312 3754 4382 Septuaginta

2249 4414 2491 4468 editione
2539 4414 2881 4478 discernens,
2939 4415 3066 4483 quia
3116 4423 3193 4469 tot
3248 4425 3508 4469 annorum
3555 4408 3757 4457 exsustens

2252 4505 2534 4570 Dominus,
2567 4506 2634 4560 de
2669 4521 2776 4575 quo
2809 4507 2884 4560 ait
2911 4506 3134 4571 Paulus,
3165 4505 3234 4560 Ut
3281 4513 3591 4560 occurram:
3627 4501 3756 4590 enim

2251 4601 2308 4652 in
2351 4600 2521 4652 virum
2567 4601 2855 4669 perfectum
2875 4600 2939 4665 ⁸⁸,
2971 4600 3025 4653 in
3055 4592 3370 4654 mensuram
3397 4591 3551 4649 aetatis
3579 4586 3760 4669 plenitu-

2259 4690 2402 4744 dinis
2427 4689 2629 4746 Christi
2720 4693 2873 4745 venit
2924 4691 2991 4745 ad
3036 4691 3368 4762 baptismum
3403 4689 3668 4754 :quatenus
3687 4668 3759 4762 d0-

2259 4781 2498 4835 nationis
2530 4780 2947 4850 perfectionem,
2979 4797 3075 4852 per
3094 4759 3332 4844 aetatem,
3363 4791 3511 4847 quam
3537 4759 3759 4852 agensha'

2260 4874 2495 4942 ptizatus
2524 4848 2636 4936 est,
2667 4875 2945 4927 nuntiaret
2975 4848 3029 4927 et
3063 4875 3375 4928 ostenderet
3406 4888 3420 4922 :
3455 4864 3513 4917 et'
3531 4861 3596 4914 sic
3623 4848 3759 4924 Perfe‘

2261 4975 2382 5019 ctus
2427 4966 2726 5020 secundum
2776 4975 2991 5035 tempus
3038 4965 3236 5030 factus,
3272 4960 3545 5034 praedicare
3569 4951 3756 5044 Ενλξιὲςξ

2263 5058 2392 5111 lium
2421 5058 2587 5126 carpit
2626 5077 2638 5112 :
2674 5058 2726 5112 in
2755 5074 2864 5127 quo
2893 5058 3151 5112 omnibus
3189 5066 3272 5110 est
3297 5055 3413 5108 vitae
3440 5058 3488 5102 et
3513 5042 3755 5127 donationis

2261 5151 2562 5221 plenitudo,
2597 5160 2650 5206 et
2685 5125 3140 5216 conversationis,
3173 5137 3634 5204 retributionisque.
3659 5125 3751 5189 ρυλε

2262 5242 2350 5296 hic
2381 5242 2742 5313 signiﬁcavit:
2781 5244 2856 5297 ait
2881 5244 3066 5298 enim:
3650 5308 3695 5317 _,

2335 5333 2403 5387 Et
2438 5310 2586 5390 'dabo
2631 5336 2771 5390 vobis
2819 5337 3052 5407 pluviam
3088 5339 3143 5391 in
3178 5335 3478 5405 temporiaus
3507 5321 3615 5376 suis.
3650 5310 3694 5362 ΠΙ

2261 5435 2444 5478 autem
2477 5428 2701 5480 verbum
2738 5427 2831 5481 Dei
2859 5468 2874 5490 ,
2911 5437 3097 5498 utpote
3141 5424 3540 5484 descendentem
3571 5407 3626 5498 de
3653 5394 3752 5498 calt)

2261 5518 2464 5586 εηιιῑίε,
2499 5519 2565 5573 de
2610 5535 2718 5588 quo
2747 5518 2954 5590 Moyses
2973 5488 3062 5574 .sic
3089 5520 3225 5574 dixit
3255 5539 3267 5574 :
3300 5493 3692 5568 Attende,rcelum,
3715 5488 3747 5590 vi

2264 5609 2469 5676 ίοίΙηανι
2499 5613 2547 5662 εἰ
2581 5611 2766 5662 audiat
2799 5618 2939 5663 terra
2968 5612 3121 5664 verba
3157 5629 3220 5665 ea:
3247 5623 3329 5662 ore
3360 5616 3479 5659 meo,
3498 5583 3750 5655 cxspxtewt

3700 5304 3751 5358 cii

654 5800 701 5832 '°
728 5799 830 5852 lsa.
867 5815 971 5864 l.\'l,
997 5803 1048 5854 ‘2.
1142 5802 1199 5869 ,⁸¹
1233 5803 1334 5854 Isa.
1369 5818 1406 5857 ι.
1445 5802 1523 5854 l5.
1628 5803 1672 5834 ⁵³
1700 5804 1828 5856 illiti.
1869 5806 1948 5858 lli.
2061 5808 2104 5835 ⁵³
2135 5807 2150 5860 ι

836 5871 899 5884 ....
1003 5869 1178 5884 .....
1384 5874 1448 5884 ..-
1549 5871 1716 5884 η...
1965 5878 2018 5884 ._

2255 5825 2306 5861 ir.
2347 5823 2423 5873 ιιι,
2471 5809 2549 5863 17.
2658 5812 2701 5841 ⁸⁵⁵
2733 5812 2749 5862 ι
2780 5813 2912 5866 αυτ,
2952 5827 3023 5876 ιι,
3062 5813 3150 5867 ~13,
3242 5812 3288 5884 fit
3315 5801 3445 5859 Psal.
3473 5801 3630 5848 cvvni,
3669 5771 3741 5824 ‘37-

587 5871 631 5905 εδ
661 5869 797 5924 Ibid.
835 5871 922 5924 55.
1000 5873 1041 5903 ⁸⁷
1077 5864 1240 5926 llebr.
1277 5888 1351 5940 ιι,
1383 5874 1470 5926 57.
1547 5871 1593 5904 δ’
1621 5872 1818 5942 Ephes.
1854 5892 1924 5936 Iv.
1961 5878 2040 5929 15.
