4032 6420
273 370 406 440 1141

1374 383 1455 443 1N
1499 381 1943 443 LEVITI‘CUM.
1983 405 2052 415 -
2091 382 2240 441 LIB.
2277 381 2411 440 VII.

3395 366 3536 437 1142

269 490 406 542 sicut
435 489 614 558 pluvia
643 491 908 563 eloquium
944 496 1195 549 meum”.
1242 491 1358 550 Hoc
1403 511 1515 549 non
1548 495 1848 565 qualecun-
1879 501 1924 555 Α
1951 494 2075 546 stris
2089 493 2171 546 “?
2199 493 2410 559 Quibus
2447 490 2742 549 destructis
2781 506 2885 561 pax
2923 489 2980 544 in
3027 499 3174 544 terra
3203 496 3386 545 vestra
3417 488 3536 559 lege

270 598 381 652 que
411 583 610 637 bonum
641 595 723 639 est
767 588 820 640 in
851 597 1095 656 tempore
1125 603 1224 641 suo
1273 588 1576 656 percipere,
1612 588 1706 642 sed
1733 604 1849 641 tua—

273 673 473 729 nifesta
523 686 605 730 est
656 678 749 731 Dei
804 680 1061 734 bonitatis
1101 681 1365 742 ostensio,
1393 680 1851 748 quemadmodum

270 782 386 820 non
437 768 687 838 accipere
731 770 1086 824 aversationis
1134 780 1236 826 est.
1275 772 1504 840 Pr0pter
1533 771 1675 841 quod
1714 771 1853 826 Deus

272 858 520 914 irascens
569 864 770 932 pupulo
818 863 1150 923 Judzeorum.
1185 880 1282 933 per
1309 864 1496 918 Isaiam
1531 865 1853 933 prophetam

272 952 519 1009 minatus
565 964 670 1020 est,
708 956 896 1011 dicens
931 975 943 1010 :
982 956 1047 1009 Et
1097 958 1389 1026 relinquam
1423 959 1632 1010 vineam
1663 973 1854 1022 meam,

270 1056 325 1097 et
358 1064 460 1100 non
491 1049 780 1116 putabitur,
817 1066 907 1102 nec
940 1049 1190 1120 fodietur,
1218 1060 1266 1103 et
1294 1053 1572 1103 ascendant
1620 1051 1677 1102 in
1718 1067 1854 1114 eam,

267 1140 410 1194 sicut
441 1141 493 1193 in
519 1156 646 1209 agro
678 1141 893 1202 inculto,
921 1143 1115 1210 spime;
1150 1152 1197 1195 et
1227 1143 1446 1195 nubibus
1479 1143 1760 1206 mandabo,
1798 1159 1860 1195 ne

267 1231 465 1299 pluunt
515 1249 675 1298 super
707 1250 824 1286 eam
855 1233 1090 1302 pluviam
1108 1235 1184 1288 ⁸ο..
1206 1235 1347 1300 Quid
1393 1234 1537 1288 enim
1592 1234 1750 1289 nobis
1793 1250 1860 1288 ex

267 1323 590 1392 accipienda
618 1324 796 1393 pluvia
825 1324 877 1377 in
917 1333 1158 1394 tempore
1191 1341 1291 1379 suo
1324 1326 1580 1394 prolicit?

347 1417 418 1471 Et
447 1428 588 1470 terra
621 1419 794 1488 gignet
822 1419 1053 1489 fructum
1082 1435 1256 1471 suum.
1289 1417 1347 1472 Id
1375 1428 1479 1481 est,
1518 1434 1716 1487 corpus
1757 1435 1859 1472 no-

271 1518 476 1571 strum,
506 1509 671 1578 hujus
718 1510 866 1563 enim
915 1509 1043 1563 doni
1085 1509 1294 1563 fructus
1323 1520 1471 1572 sunt,
1499 1509 1741 1573 castitas,
1772 1523 1862 1563 so—

273 1597 504 1660 brietas,
538 1598 886 1652 abstinentia.
915 1598 980 1652 Et
1031 1600 1197 1669 pomis
1248 1599 1461 1652 arbores
1503 1599 1858 1668 replcburttur.

276 1687 429 1756 Sive,
467 1699 526 1743 ut
568 1681 921 1762 Sepiuaginta
959 1709 972 1744 :
1005 1690 1174 1760 Ligna
1203 1693 1376 1760 campi
1404 1693 1600 1746 dabunt
1631 1693 1862 1760 fructum

273 1799 455 1835 suum.
485 1781 651 1852 Ligna
699 1792 882 1836 autem
916 1784 1090 1852 campi
1149 1791 1276 1838 sunt
1316 1784 1509 1838 anima:
1538 1795 1738 1848 motus,
1775 1794 1862 1838 ut-

275 1883 406 1942 pote
440 1875 532 1944 qui
567 1884 695 1929 sunt
726 1875 965 1929 motibus
992 1876 1316 1946 intelligibili
1351 1887 1550 1932 nostra:
1581 1886 1757 1939 terrte,
1783 1876 1862 1932 vi-

275 1966 481 2022 delicet
509 1983 672 2022 Carne
704 1967 1070 2024 sublitniores.
1109 1970 1315 2023 Horum
1344 1985 1472 2040 ergo
1504 1967 1732 2034 fructus,
1766 1986 1860 2025 ve-

277 2060 438 2124 ritas,
470 2061 705 2130 justitia,
737 2062 1120 2124 mansuetudo,
1150 2063 1474 2132 cotnpassio,
1514 2071 1568 2117 et
1597 2062 1684 2116 his
1709 2063 1863 2117 simi-

277 2151 350 2208 lia
380 2171 394 2220 ;
425 2163 648 2224 propter
675 2155 818 2224 quod
867 2162 1268 2224 consequenter
1319 2154 1677 2226 subjungeus,
1709 2154 1862 2210 addi-

281 2247 367 2302 dit

357 2340 712 2410 Appreltendet
738 2341 982 2395 messium
1011 2343 1203 2395 tritura
1235 2341 1648 2402 vindemiam,“
1687 2341 1866 2394 vinde-

289 2438 397 2490 mia
451 2436 718 2504 occupabit
768 2447 1072 2491 sementem.
1114 2435 1252 2502 Quia
1295 2435 1441 2491 enim
1485 2436 1678 2490 tritura
1709 2444 1868 2488 terrae

294 2529 494 2600 colligit
534 2528 766 2592 fructus,
812 2529 1087 2583 vindemia
1137 2530 1418 2592 arborum,
1464 2538 1610 2583 recte
1658 2526 1869 2582 fructus

294 2621 530 2692 corporis
577 2629 670 2675 aut
717 2620 928 2676 fructus
974 2622 1171 2676 anima:
1220 2621 1721 2690 comprehendere,
1755 2621 1870 2674 sive

284 2728 554 2783 occupare
583 2713 815 2767 dicimus
837 2753 852 2777 ,
883 2713 1010 2782 quia
1042 2712 1144 2766 hoc
1177 2711 1395 2781 quidem
1427 2711 1674 2765 maxima:
1703 2711 1872 2765 bene-

280 2805 544 2860 dictionis
583 2814 685 2868 est,
749 2819 860 2859 uno
927 2804 1233 2873 eodemque
1282 2813 1529 2872 tempore
1578 2803 1769 2857 stabile
1816 2810 1871 2856 et

279 2897 580 2951 fecundum
637 2911 856 2965 corpus,
886 2903 1049 2964 atque
1073 2894 1310 2949 animam
1343 2894 1399 2947 in
1434 2893 1724 2948 virtutibus
1746 2909 1872 2958 pos-

280 2988 487 3043 sidere.
523 2988 956 3055 Comprehendit
984 2997 1189 3053 autem,
1217 2988 1331 3042 sive
1363 2985 1651 3056 occupavit
1682 2986 1872 3041 vinde-

280 3082 396 3137 mia
446 3092 784 3149 sementem;
835 3096 1172 3152 congregaus
1226 3080 1372 3135 enim
1419 3079 1600 3134 anima
1644 3079 1875 3134 virtutes

1951 585 2047 640 Dei
2077 585 2364 640 refrmnata
2395 585 2734 656 proﬂigator.

2027 677 2094 730 Et
2117 679 2412 741 dormietis,
2441 680 2631 748 inquit.
2657 678 2712 732 lu
2742 675 3115 732 retributionis
3132 683 3313 729 autem
3333 673 3535 744 specie,

1951 770 2121 826 etiam
2163 771 2268 825 hoc
2315 770 2598 839 Scriptura
2652 786 2803 824 sacra
2852 771 3052 839 posuit.
3092 769 3359 822 Dormitio
3393 769 3536 824 enim

1958 872 2146 932 utpote
2181 863 2394 932 requies
2413 905 2426 926 ,
2460 879 2609 917 mors
2636 873 2949 917 sanctorum
2978 861 3198 921 dicitur,
3230 860 3540 927 iniquorum

1956 961 2139 1008 autem
2169 969 2280 1008 non
2311 963 2394 1009 est
2423 955 2516 1020 ita,
2535 955 2625 1008 cui
2661 953 2814 1008 testis
2847 961 2932 1007 est
2959 952 3348 1006 Ecclesiastes:
3375 950 3541 1005 Satu-

1960 1047 2092 1099 ritas
2127 1054 2309 1100 aurem
2338 1046 2516 1099 divitis
2547 1061 2646 1098 non
2685 1045 2810 1098 ‘sinit
2836 1045 3066 1097 dormire
3091 1042 3290 1096 eum”.
3313 1043 3542 1112 Propter

1959 1136 2101 1206 quod
2135 1152 2283 1191 nunc
2313 1145 2712 1204 consequenter
2738 1135 2948 1189 addidit
2995 1151 3010 1187 :

2033 1227 2103 1280 Et
2131 1245 2232 1282 non
2264 1237 2338 1281 est
2364 1228 2451 1297 qui
2479 1234 2760 1281 exterreat.
2784 1225 2885 1292 Qui
2906 1225 3051 1279 enim
3079 1222 3158 1279 sic
3177 1224 3330 1288 vixit,
3351 1237 3543 1292 Quem—

1963 1316 2254 1371 admodum
2289 1317 2345 1370 in
2377 1315 2748 1385 superioribus
2777 1315 2982 1370 dictum
3015 1321 3134 1377 est,
3166 1327 3276 1365 non
3324 1310 3546 1365 habebit

1961 1409 2052 1479 qui
2079 1425 2203 1463 eum
2236 1417 2440 1462 terreat
2468 1417 2711 1478 tempore
2739 1408 2951 1471 mortis,
2979 1421 3102 1476 quae
3148 1405 3308 1460 nobis
3339 1402 3544 1458 dormi-

1963 1502 2036 1557 tio
2089 1509 2192 1567 est,
2231 1511 2454 1571 propter
2502 1515 2652 1570 spem
2706 1509 3048 1554 mortuorum
3098 1495 3543 1552 resurrectionis.

1962 1591 2080 1646 Non
2133 1591 2356 1645 habebit
2401 1599 2584 1643 autem
2634 1589 2726 1658 qui
2766 1597 3056 1652 exterreat,
3095 1587 3228 1641 nihil
3263 1585 3367 1641 sibi
3415 1599 3558 1639 con--

1963 1685 2128 1750 scius,
2161 1685 2367 1771 de'quo
2398 1688 2684 1736 terreatur.

2033 1768 2286 1847 Auferam
2339 1774 2512 1828 malas
2563 1773 2776 1827 bestias.
2810 1771 3076 1826 Videlicet
3118 1770 3413 1825 daemones.
3441 1768 3546 1822 Be-

1967 1869 2088 1924 stiae
2117 1869 2264 1923 enim
2294 1876 2424 1922 sunt
2453 1882 2520 1922 ex
2553 1866 2717 1920 simili
2757 1865 2983 1929 malitia,
3015 1864 3251 1934 primum
3299 1863 3441 1915 sicut
3468 1861 3549 1914 la-

1966 1969 2163 2026 tentes,
2197 1959 2394 2014 deinde
2428 1966 2489 2012 ut
2515 1971 2786 2012 venenum
2841 1954 3186 2026 importabile
3221 1962 3277 2007 et
3303 1951 3551 2006 mortife-

1966 2069 2085 2108 rum
2121 2053 2407 2107 habentes.
2456 2049 2845 2118 Prosequimini
2888 2048 3129 2100 inimicos
3175 2053 3389 2098 vestros.
3427 2042 3547 2097 Non

1965 2149 2196 2212 possunt
2220 2144 2365 2195 enim
2394 2149 2522 2194 ante
2554 2139 2747 2193 faciem
2775 2153 2986 2200 eorum,
3009 2135 3102 2205 qui
3134 2134 3436 2189 secundum
3469 2132 3548 2186 le-

1966 2248 2086 2302 gem
2140 2231 2354 2291 vivunt,
2380 2239 2545 2284 stare.
2597 2228 2663 2282 Et
2712 2235 2954 2280 corruent
3006 2240 3182 2278 coram
3228 2223 3389 2276 vobis.
3433 2222 3552 2286 Qua

1966 2326 2185 2380 morte?
2213 2323 2345 2390 Qua:
2379 2333 2462 2379 est
2496 2323 2682 2392 utique
2713 2337 2812 2391 per
2844 2318 3114 2389 jejunium
3145 2327 3200 2371 et
3223 2316 3553 2370 orationem.

1970 2418 2086 2473 Hoc
2107 2420 2252 2473 enim
2281 2416 2442 2488 modo
2467 2415 2637 2468 nostri
2666 2411 3033 2482 intelligibiles
3056 2407 3257 2464 inimici
3273 2408 3564 2462 daemones.

1970 2511 2380 2573 interimuntur,
2413 2518 2473 2563 ut
2519 2495 2860 2576 nequaquam
2899 2505 3041 2559 ultra
3068 2512 3258 2558 contra
3291 2515 3391 2555 nos
3418 2514 3562 2570 pos--

1971 2605 2079 2657 sint
2109 2602 2456 2657 reviviscere.
2492 2599 2646 2655 Unde
2690 2608 2747 2654 et
2794 2598 3057 2652 Dominus
3080 2596 3340 2667 apostolis
3370 2595 3571 2666 inquit

1971 2695 2237 2758 rentibus,
2274 2710 2371 2748 cur
2398 2702 2608 2748 mutum
2649 2702 2705 2747 et
2739 2691 2964 2746 surdum
2996 2690 3324 2745 daemonium
3356 2689 3567 2758 ejicere

1973 2787 2196 2842 minime
2231 2787 2558 2858 potuissent,
2587 2784 2901 2856 respondit:
2930 2783 3037 2837 Hoc
3074 2785 3213 2837 enim
3250 2799 3412 2854 genus
3454 2796 3556 2836 non

1974 2880 2207 2949 ejicitur,
2249 2879 2349 2932 nisi
2389 2895 2480 2948 per
2508 2878 2781 2946 jejunium
2819 2885 2871 2931 et
2909 2879 3201 2930 orationem
3223 2875 3291 2926 ⁸⁵.

2044 2972 2429 3040 Persequentur
2481 2971 2709 3041 quinque
2755 2970 2820 3024 de
2874 2970 3020 3023 vobis
3059 2979 3267 3022 centum
3327 2967 3555 3020 alienos.

1978 3065 2103 3120 Sive
2134 3073 2194 3120 ut
2220 3064 2608 3136 Septuaginta:
2629 3061 2904 3132 Expellent
2931 3061 3315 3131 quinquaginta
3350 3068 3561 3112 centum

284 3191 442 3240 suas,
480 3191 604 3228 mox
633 3175 768 3228 alias
797 3175 1090 3239 desiderat,
1129 3189 1301 3243 usque
1330 3173 1456 3227 dum
1488 3173 1607 3227 illas
1636 3171 1877 3244 attigerit
1906 3175 1948 3233 C
1980 3158 2384 3229 quinquaginta-
2435 3157 2677 3211 DiCimUS
2731 3170 2852 3210 esse
2903 3154 3202 3224 ερίτὶιθιθω
3261 3152 3557 3213 hominem.

285 3267 533 3327 divitias,
560 3267 626 3320 ad
661 3283 796 3336 quas
823 3265 1024 3320 Paulus
1057 3264 1357 3328 festinavit,
1393 3273 1447 3316 et
1477 3271 1765 3333 propterea
1790 3260 1878 3315 di-

285 3364 490 3418 cebat:
530 3361 769 3426 Fratres,
801 3377 893 3431 ego
942 3376 1022 3412 me
1069 3374 1170 3411 non
1208 3358 1439 3410 arbitror
1466 3355 1882 3424 comprehendis-

285 3472 346 3510 se
363 3457 431 3521 “,
467 3471 632 3510 unum
663 3464 869 3516 autem,
900 3468 1020 3523 quae
1054 3451 1275 3520 quidem
1306 3459 1453 3505 retro
1483 3458 1610 3502 sunt
1655 3448 1878 3510 oblitus,

288 3551 350 3605 in
384 3549 472 3604 his
500 3558 706 3613 autem,
742 3562 864 3616 qute
897 3545 1081 3616 priora
1111 3553 1240 3598 sunt
1269 3549 1544 3605 extentus,
1578 3539 1879 3595 secundum

289 3638 661 3694 intentionem
697 3651 896 3705 sequor
925 3635 990 3688 ad
1026 3633 1258 3703 palmam
1291 3645 1544 3700 supernae
1587 3628 1884 3682 vocationis

289 3731 524 3787 Christi.
553 3729 784 3798 Propter
828 3729 971 3797 quod
1023 3736 1078 3780 et
1127 3727 1328 3779 bonum
1381 3724 1629 3792 sequitur
1674 3736 1884 3787 semen,

292 3823 522 3894 plenum
567 3821 898 3875 salutaribus
939 3817 1271 3879 actionibus,
1304 3826 1362 3869 ut
1410 3815 1550 3868 bene
1595 3811 1888 3867 conveniat

294 3914 449 3984 quod
482 3914 751 3983 sequitur.

376 4005 441 4060 Et
469 4007 744 4060 comedetis
770 4020 962 4074 panem
989 4009 1216 4054 vestrum
1243 3999 1295 4052 in
1325 3999 1628 4052 saturitate.
1662 3995 1719 4050 Si
1742 3995 1888 4049 enim

299 4101 462 4174 panis
491 4107 678 4154 noster
709 4097 888 4150 virtus
927 4103 1033 4157 est,
1069 4093 1137 4146 de
1177 4107 1284 4162 qua
1327 4089 1591 4143 Dominus
1623 4088 1840 4142 diccbat
1875 4105 1887 4141 :

298 4192 612 4263 Operamini
640 4206 742 4242 non
779 4188 950 4241 cibum
982 4185 1071 4256 qui
1101 4185 1234 4253 perit
1256 4224 1268 4247 ,
1304 4183 1395 4235 sed
1423 4182 1512 4251 qui
1540 4189 1809 4249 permanet
1837 4179 1893 4230 in

302 4289 476 4340 vitam
506 4295 760 4339 reternam
782 4283 825 4312 ⁸⁸
855 4298 868 4333 :
901 4278 987 4333 hic
1016 4277 1166 4332 illum
1187 4276 1254 4330 ad
1285 4275 1588 4329 satietatem
1616 4271 1888 4332 comedet,

303 4376 365 4429 id
394 4370 906 4442 est,operatur,qui
933 4369 989 4420 in
1019 4375 1285 4438 perpetuo
1315 4366 1436 4432 ejus
1463 4363 1767 4432 appetitum
1793 4361 1893 4415 ha-

304 4468 423 4522 bet.

1981 3253 2107 3323 quia
2153 3252 2241 3307 die
2270 3251 2622 3306 Pentecostes
2669 3247 2903 3318 Spiritus
2944 3248 3012 3302 de
3063 3246 3205 3302 c0310
3256 3243 3559 3299 descendit.

1983 3345 2121 3415 Ergo
2150 3343 2405 3414 spiritalis
2435 3343 2523 3396 ille
2548 3340 2724 3412 qualis
2743 3340 2832 3403 sit,
2871 3337 3073 3392 Paulus
3097 3336 3312 3391 dicebat
3337 3352 3350 3388 :
3381 3333 3568 3405 SpirL

1986 3435 2111 3488 talis
2149 3443 2326 3488 autem
2350 3434 2564 3503 judicat
2594 3433 2794 3493 omnia,
2825 3438 2873 3483 et
2900 3430 3009 3497 ipse
3042 3445 3075 3481 α
3107 3427 3316 3480 nemine
3345 3425 3563 3495 judica-

1936 3529 1943 3532 ’
1986 3536 2072 3580 tur
2097 3527 2143 3557 “
2179 3545 2192 3580 :
2232 3525 2288 3580 id
2320 3535 2422 3590 est,
2465 3525 2558 3592 qui
2587 3523 2870 3578 scientiam
2901 3519 3197 3591 perfectam
3234 3518 3438 3580 habet,
3495 3516 3563 3569 ad

1986 3615 2244 3670 subtilem
2275 3629 2488 3678 eorum,
2511 3627 2631 3682 qua:
2659 3611 2866 3682 agenda
2898 3617 3028 3662 sunt
3051 3606 3456 3667 discretionem,
3479 3605 3577 3659 hic

1986 3706 2234 3778 quamvis
2262 3706 2500 3761 validum
2534 3705 2866 3767 daemonem,
2884 3700 3036 3757 verbi
3064 3699 3259 3772 gratia,
3277 3698 3371 3768 qui
3395 3714 3461 3752 ex
3490 3696 3582 3751 eis

1989 3816 2154 3869 supra
2184 3806 2431 3861 centum,
2469 3805 2523 3850 et
2557 3795 2650 3864 qui
2679 3795 2819 3864 legio
2847 3793 3153 3863 appellatur
3180 3791 3404 3861 propter
3429 3789 3570 3842 mulo

1993 3891 2281 3946 titudinem
2325 3888 2697 3944 obedientium
2749 3887 2800 3940 ei
2846 3887 3114 3941 malorum
3166 3883 3458 3954 spirituum
3517 3888 3573 3936 et

1993 3983 2432 4054 cooperantium,
2458 3981 2603 4036 valet
2631 3994 2894 4048 superare
2921 3987 3086 4047 aulae
3113 3977 3355 4030 vincere.

2069 4075 2133 4129 Et
2160 4084 2368 4128 centum
2399 4089 2463 4126 ea:
2491 4071 2631 4125 vobis
2674 4073 2848 4124 decem
2888 4069 3080 4124 millia.
3117 4067 3228 4133 Qui
3269 4066 3416 4121 enim
3463 4080 3580 4118 non

1995 4168 2172 4222 solum
2200 4165 2486 4220 scientiam
2525 4163 2690 4217 habet
2716 4161 2993 4226 subtilem,
3052 4160 3145 4214 sed
3175 4168 3228 4213 et
3253 4158 3420 4212 vitam
3451 4172 3579 4226 per-

1995 4259 2192 4314 fectam
2229 4264 2391 4328 atque
2436 4263 2892 4319 consummatam,
2936 4255 3027 4309 hic
3058 4253 3254 4323 duplex
3311 4251 3579 4322 quodam—

1999 4351 2162 4405 modo
2191 4348 2451 4419 Spiritalis
2475 4356 2579 4413 est,
2613 4355 2670 4401 et
2692 4354 2982 4417 propterea
3009 4344 3323 4399 centenario
3347 4357 3578 4397 numero

1999 4442 2354 4498 honorandus
2396 4449 2500 4506 est,
2535 4439 2678 4494 sicut
2703 4438 2977 4508 duplicem
3019 4436 3256 4491 fructum
3295 4437 3476 4490 ferens
3522 4434 3578 4490 in

387 4559 454 4614 Et
484 4560 677 4629 absque
703 4572 894 4625 pavore
925 4551 1232 4607 Itabitabitis
1267 4551 1321 4602 in
1353 4559 1494 4602 terra
1526 4558 1720 4602 vestra.
1745 4545 1896 4600 Dabo
1921 4540 1972 4593 D
2002 4537 2219 4606 spiritu,
2251 4543 2411 4602 atque
2441 4531 2760 4602 perfectum.
2799 4541 2854 4585 et
2883 4543 3016 4598 (1110-
3035 4528 3300 4597 maiorem
3329 4527 3583 4582 Christus

308 4669 496 4725 pacem
526 4653 581 4704 in
610 4649 799 4718 ﬁnibus
829 4649 1036 4700 uestris.
1064 4643 1160 4697 Vel
1189 4641 1490 4696 secundum
1523 4638 1897 4709 Septuaginta,

309 4752 363 4798 et
391 4742 586 4796 bellum
613 4755 717 4791 non
743 4735 1085 4806 pertransibit
1114 4743 1331 4791 terram,
1352 4729 1495 4799 quod
1514 4741 1698 4783 nostra
1721 4738 1900 4782 trans-

310 4837 452 4891 latio
488 4833 647 4904 paulo
683 4837 807 4899 post
836 4827 985 4883 dicit.
1012 4825 1231 4882 Gladius
1274 4841 1376 4877 non
1418 4822 1662 4877 transibit
1702 4821 1758 4874 in
1798 4830 1902 4873 ter-

313 4930 488 4983 minos
517 4934 734 4987 vestros,
756 4930 805 4976 et
833 4921 968 4974 dabo
991 4936 1174 4990 pacem
1208 4921 1263 4971 in
1291 4927 1432 4971 terra
1457 4924 1652 4969 vestra.
1678 4911 1732 4966 Si
1755 4911 1902 4966 enim

312 5034 521 5089 corpus
550 5015 746 5073 stabile
779 5012 962 5077 fuerit,
998 5020 1054 5066 et
1084 5011 1265 5064 anima
1295 5007 1608 5071 fructilicat,
1639 5003 1816 5059 securi
1848 5003 1904 5056 in

319 5122 465 5167 terra
495 5119 677 5164 nostra
709 5107 1100 5168 habitabimus,
1133 5104 1257 5172 quia
1290 5101 1430 5156 Caro
1461 5116 1563 5152 non
1593 5097 1905 5165 concupiscit

319 5215 507 5259 contra
555 5204 802 5272 spiritum
824 5199 865 5230 ⁵⁸
909 5217 921 5251 :

971 5197 1114 5250 unde
1166 5211 1266 5248 nec
1317 5193 1519 5247 bellum
1568 5206 1664 5259 per
1711 5199 1909 5242 terram

321 5293 593 5348 transibit.
623 5290 811 5359 Neque
844 5287 994 5343 enim
1042 5285 1264 5340 habebit
1305 5293 1519 5352 tempus
1561 5280 1617 5334 in
1665 5293 1911 5333 resurre-

320 5388 508 5442 ctione
546 5381 1140 5452 concupiscentiarutn,
1170 5379 1238 5432 de
1281 5377 1481 5445 quibus
1530 5374 1606 5426 ait
1634 5371 1912 5427 Jacobus:

329 5478 478 5538 Unde
539 5477 677 5530 bella
729 5485 779 5529 et
822 5475 940 5528 lites
979 5473 1035 5525 in
1071 5470 1254 5524 vobis?
1306 5467 1494 5522 Nonne
1531 5467 1651 5520 hinc
1688 5482 1751 5518 ex
1791 5479 1914 5516 con-

293 5571 662 5642 ‘t'upiscentiis
717 5568 942 5630 vestris,
982 5579 1098 5635 qua:
1147 5561 1380 5615 militant
1434 5560 1490 5612 in
1548 5555 1794 5612 membris
1830 5569 1916 5607 ve-

2005 4643 2114 4680 non
2157 4626 2308 4689 dicit,
2344 4625 2439 4679 sed
2468 4623 2783 4692 frequenter
2831 4622 3028 4676 bonam
3061 4629 3261 4674 terram
3295 4617 3602 4674 insinuans-

2006 4720 2223 4776 dicebat
2252 4737 2264 4772 :
2294 4717 2454 4786 A/fert
2481 4719 2710 4786 fructum
2737 4714 3080 4784 trigesimum,
3105 4722 3153 4766 ct
3177 4711 3582 4782 sexagesimum;

2008 4823 2055 4864 et
2088 4810 2425 4864 centesimum
2447 4809 2515 4860 ⁸⁷.
2545 4797 2645 4862 llic
2669 4821 2797 4876 ergo
2823 4804 2990 4858 millia
3021 4804 3257 4858 hostium
3289 4801 3583 4871 subjicere,

2009 4918 2201 4957 omnes
2231 4900 2486 4955 videlicet
2511 4899 2814 4954 contrarias
2842 4895 3098 4959 virtutes,
3139 4903 3328 4964 utpote
3362 4893 3454 4963 qui
3479 4893 3589 4948 vir-

2010 5005 2187 5050 tutum
2219 4993 2383 5048 habet
2409 4989 2823 5062 perfectionem,
2849 4996 3050 5057 potest.
3074 4984 3358 5053 Quomodo
3381 4994 3590 5052 autem,

2013 5088 2252 5157 subjicit.
2282 5085 2342 5140 ln
2367 5084 2534 5139 verbo
2560 5082 2746 5151 utique
2779 5080 2906 5146 Dei;
2937 5080 3016 5134 ait
3044 5078 3188 5134 enim
3217 5095 3237 5130 :.

2085 5177 2152 5232 Et
2178 5175 2364 5230 cadent
2392 5173 2594 5227 inimici
2626 5171 2782 5226 vestri
2810 5171 2865 5224 in
2893 5178 3167 5236 conspectu
3195 5175 3363 5222 vestro
3389 5166 3595 5236 gladio.

2015 5271 2169 5326 Illum
2200 5271 2409 5329 dicens,
2441 5283 2605 5338 quem
2635 5266 2860 5320 Paulum
2893 5264 2972 5318 sic
3016 5259 3591 5331 scribens,,exposuit.

2017 5363 2153 5418 Cum
2182 5361 2331 5415 enim
2360 5358 2512 5428 prius
2541 5357 2765 5411 dixisset
2787 5352 3132 5408 inimicorum
3157 5349 3324 5404 millia
3345 5388 3361 5412 ,
3392 5347 3442 5402 id
3471 5354 3592 5402 est:

2022 5457 2141 5510 Non
2167 5461 2239 5507 est
2268 5449 2743 5505 vobisvcolluctatio
2783 5446 3030 5499 adversus
3059 5459 3270 5496 carnem
3296 5450 3344 5495 et
3377 5438 3597 5510 sangui-

2025 5564 2162 5612 nem,
2207 5546 2296 5601 sed
2335 5545 2583 5598 adversus
2629 5541 2888 5610 principes
2922 5549 2970 5592 et
3015 5545 3316 5606 potestates.
3349 5533 3598 5587 adversus

404 5775 450 5804 ”
482 5773 637 5827 Dent.
669 5789 840 5834 χχιιι,
863 5770 919 5823 9..
999 5769 1044 5800 ⁶⁰
1096 5766 1200 5821 lsa.
1227 5783 1283 5830 v,
1304 5766 1356 5819 6.
1398 5763 1480 5834 ff
1513 5760 1651 5834 Phil.
1681 5761 1876 5834 Itt,_i__5.

1982 5755 2180 5834 hicat}.
2210 5771 2284 5820 vr,
2313 5753 2415 5834 27;
2469 5748 2686 5834 κληῖδι.
2723 5764 2776 5810 v,
2809 5745 2898 5800 Π.
2973 5744 3016 5774 ⁸⁸
3043 5741 3146 5795 lsa.
3181 5755 3254 5802 tv,
3292 5737 3341 5792 l.
3405 5733 3472 5767 ⁶⁶⁴
3496 5732 3604 5792 Ec-

335 5844 444 5901 clo.
496 5860 550 5902 v.
579 5845 667 5898 ll.
745 5843 790 5876 "
812 5830 1004 5897 Matth.
1034 5853 1145 5895 xvu
1172 5877 1186 5902 ,
1219 5835 1348 5904 20.;
1391 5833 1435 5865 ⁸⁸
1462 5832 1481 5886 ι
1511 5833 1638 5888 Cor.
1675 5848 1734 5886 ll.
1769 5830 1856 5884 15’.

1934 5827 1974 5860 ⁸⁷
2005 5827 2198 5882 Matth.
2229 5819 2347 5884 stu.
2383 5819 2552 5886 8,23.
