3928 6466
498 410 633 476 1143

1691 377 2051 483 ussvcuu
2092 419 2567 481 PRESBYTERI

3661 405 3773 468 1m

498 524 679 587 mundi
711 534 933 579 rectores
955 528 1287 581 tenebrarum
1304 529 1515 591 harum,
1540 532 1785 585 adversus
1807 530 2071 601 spiritalia
2104 532 2148 585 Α
2253 529 2361 599 Ego
2392 528 2645 582 Dominus
2688 526 2829 580 Deus
2880 533 3065 586 vester,
3104 518 3211 589 qui
3245 516 3418 570 eduxi
3455 531 3544 569 vos
3567 516 3627 568 de
3654 526 3774 572 terra

497 616 747 685 nequitiae
775 617 830 669 in
859 617 1148 672 caelestibus
1177 620 1243 683 ⁸⁸,
1273 620 1544 675 subinfert
1576 639 1588 674 :
1616 621 1902 689 Propterea
1933 623 2075 673 acci-

500 710 607 774 pite
672 719 1008 764 armaturam
1061 711 1158 765 Dei
1189 711 1267 776 ⁶⁹;
1313 728 1474 781 quam
1541 713 1851 784 singulatim
1914 713 2077 766 dinu-

501 812 743 859 merans,
788 799 863 853 ait
892 818 905 854 :
936 801 1002 855 Et
1029 800 1269 871 gladium
1304 802 1543 871 spiritus,
1592 804 1731 873 quod
1761 812 1834 855 est
1866 801 2078 855 verbum

501 888 597 941 Dei
627 890 689 943 "°.

568 977 866 1047 Respiciam
888 997 992 1035 vos.
1018 982 1155 1047 Quid
1182 994 1267 1040 est
1290 986 1437 1041 enim
1468 987 1682 1051 melius,
1700 1002 1860 1058 quam
1884 987 2078 1059 reSpici

502 1086 531 1124 a
565 1071 675 1126 Deo
698 1115 712 1139 ,
744 1073 902 1143 cujus
948 1084 1228 1144 respectus
1264 1078 1410 1133 salus
1434 1088 1554 1146 est,
1594 1082 1865 1136 aversatio
1897 1093 2078 1136 autem

502 1180 650 1217 mors
679 1167 804 1219 est?
849 1164 915 1219 Et
949 1184 1177 1222 crescere
1203 1173 1428 1240 faciam,
1477 1181 1528 1226 et
1576 1173 2077 1243 multiplicabimini.

500 1256 678 1326 Auget
706 1272 805 1310 nos
835 1258 1078 1327 quidem.
1115 1276 1239 1316 cum
1275 1278 1439 1331 parva
1493 1264 1655 1328 bona,
1681 1281 1802 1334 qua:
1850 1267 2079 1337 agimus,

504 1349 737 1402 maxima
784 1350 914 1405 facit
965 1367 1249 1421 apparere.
1312 1354 1630 1424 Multiplicat
1676 1367 1862 1412 autem
1914 1375 2083 1427 pauca

504 1456 752 1496 Crescere
814 1442 1021 1521 faciens
1050 1445 1107 1499 in
1150 1447 1352 1501 multis.
1387 1452 1581 1502 Annon
1624 1465 1829 1521 augens
1874 1460 2086 1506 nostras

506 1529 738 1585 virtutes
788 1542 842 1585 et
876 1518 1233 1603 magniﬁcans
1298 1538 1553 1593 dicebat:
1586 1518 1833 1604 Quandiu
1896 1542 2087 1613 fecistis

506 1621 599 1673 uni
653 1621 717 1675 de
771 1624 1004 1678 minimis
1030 1626 1140 1691 Itis,
1182 1628 1310 1681 mihi
1341 1630 1534 1699 fecistis
1558 1631 1644 1684 7‘?
1694 1630 1760 1685 Et
1828 1634 2085 1703 multipli-

506 1725 636 1766 cans
679 1730 889 1779 rursus,
925 1716 1151 1772 Paulum
1203 1721 1440 1776 scribere
1470 1723 1738 1779 faciebat:
1776 1712 1901 1781 Non
1950 1728 2089 1781 enim

508 1806 748 1869 occides;
781 1824 883 1861 non
941 1810 1273 1866 adulterabis
1308 1829 1327 1876 ;
1365 1831 1466 1867 non
1522 1820 1896 1887 concupisces;
1945 1831 1992 1874 et
2043 1823 2089 1874 si

509 1899 647 1962 quod
669 1909 742 1952 est
769 1900 920 1954 aliud
947 1906 1258 1959 mandatum
1281 1907 1347 1971 ⁷⁷,
1383 1909 1487 1964 hoc
1512 1910 1679 1965 verbo
1719 1921 2086 1968 restauratur:

510 1989 711 2061 Diliges
736 1997 1031 2060 proximum
1059 2007 1207 2052 tuum
1238 2002 1371 2054 sicut
1394 2003 1621 2071 teipsum
1642 2005 1706 2072 ⁷³,
1738 2007 1903 2061 multa
1933 2024 2091 2062 man-

512 2079 636 2133 data
667 2082 908 2139 eﬂiciens
934 2087 1039 2141 hoc
1063 2104 1231 2143 unum
1252 2091 1585 2159 mandatum,
1606 2104 1665 2149 ut
1682 2112 1780 2151 nos
1795 2112 2092 2167 assequen-

516 2177 596 2221 tes
622 2168 776 2236 illud,
803 2173 1000 2229 divites
1030 2177 1349 2234 eﬂiciamur.
1399 2181 1574 2238 Nimis
1615 2199 1746 2255 ergo
1786 2198 2090 2258 Opportuna

512 2272 660 2323 sunt,
685 2279 805 2333 QUZB
837 2278 1158 2337 sequuntur.

588 2353 843 2411 Firmabo
866 2370 1079 2426 pactum
1108 2379 1280 2419 meum
1302 2366 1583 2423 vobiscum.
1617 2371 1695 2425 Ea
1722 2371 1938 2441 quidem
1964 2385 2093 2430 sunt

514 2447 793 2515 praedicta,
821 2465 921 2520 per
942 2454 1328 2513 retributiones
1349 2470 1532 2514 autem
1562 2461 1691 2517 illud
1724 2465 1920 2531 ﬁrmat,
1946 2469 2091 2536 quod

515 2542 885 2610 manifestam,
923 2560 1043 2615 qua:
1071 2560 1409 2618 sequuntur:
1431 2552 1724 2610 Comedetis
1746 2562 2094 2615 vetustissima

514 2643 765 2688 veterum.
799 2634 923 2692 Sive
948 2649 1007 2693 ut
1038 2639 1414 2713 Septuaginta,
1444 2656 1616 2699 vetera
1645 2652 1962 2716 veterum,id
1986 2664 2089 2720 est,

513 2742 636 2795 qua:
664 2728 820 2784 vobis
852 2746 949 2800 per
981 2733 1153 2803 legem
1207 2745 1262 2789 et
1304 2739 1603 2806 prophetas
1650 2743 1912 2809 promissa
1944 2754 2091 2811 sunt,

514 2828 570 2873 et
597 2837 721 2890 quae
757 2839 856 2893 per
883 2826 1221 2894 patriarchas
1282 2829 1333 2882 in
1387 2846 1578 2885 eorum
1619 2833 2095 2892 benedictionibus

514 2911 786 2978 promisit.
819 2912 887 2968 Et
915 2925 1088 2969 vetera
1114 2919 1258 2971 novis
1276 2921 1755 2988 supervenientibus
1779 2926 2090 2994 projicietis.

514 3004 647 3069 Quae
663 3017 790 3060 sunt
820 3010 1001 3063 nova?
1041 3011 1332 3083 Evangelia
1365 3014 1641 3082 videlicet;
1675 3032 1794 3071 nam
1830 3035 1953 3074 cum
1980 3036 2095 3075 ma-

518 3100 660 3151 xima
701 3109 830 3154 sunt
857 3116 941 3165 ea,
983 3119 1104 3172 qua:
1147 3113 1276 3158 sunt
1300 3120 1397 3174 per
1429 3108 1788 3175 patriarchas,
1824 3110 2001 3182 legem
2040 3124 2096 3168 et

517 3194 815 3262 prophetas
837 3196 1096 3263 pollicita,
1122 3205 1301 3251 tamen
1326 3214 1421 3266 per
1444 3197 1796 3271 Evangelium
1825 3205 2094 3273 promissa

519 3289 724 3358 majora
757 3297 906 3352 sunt,
939 3301 1164 3359 propter
1212 3293 1392 3361 quod,
1442 3294 1636 3348 horum
1666 3299 2095 3366 comparatione,

519 3381 609 3433 illa
641 3380 797 3433 nobis
822 3381 1096 3451 superﬂua
1111 3383 1447 3451 judicantur.
1474 3384 1612 3440 Ecce
1629 3402 1757 3456 ergo
1778 3387 2098 3457 capitulum,

516 3472 662 3541 quod
730 3480 897 3526 totam
943 3473 1383 3528 benedictionem
1411 3476 1737 3540 conﬁrmat,
1790 3478 1998 3545 infert,
2048 3480 2101 3535 id

520 3575 624 3631 est,
682 3581 802 3634 quae
841 3582 939 3636 per
996 3567 1363 3637 cvangelicam
1411 3576 1528 3622 acta
1576 3577 1706 3623 sunt
1779 3580 1834 3624 et
1882 3571 2103 3642 impleta

521 3658 771 3727 gratiam.

591 3749 796 3804 Portam
830 3751 1229 3805 tabernaculum
1267 3769 1440 3806 meum
1469 3754 1523 3806 in
1578 3755 1748 3807 medio
1794 3758 1971 3811 vestri.
2011 3757 2105 3812 Vel

522 3840 663 3894 sicut
704 3840 1059 3910 Septuaginta
1106 3858 1120 3894 :
1160 3841 1495 3895 Constituam
1527 3851 1895 3899 testamentum
1932 3864 2105 3901 meum

522 3931 805 3985 vobiscum.
844 3931 1001 3997 Quod
1032 3933 1274 3994 esthoc,
1318 3934 1372 3986 in
1411 3949 1520 4003 quo
1541 3950 1678 3989 nova
1704 3938 1976 4005 promisit,
2013 3955 2108 3993 cu-

520 4025 611 4095 jus
638 4025 717 4079 sic
746 4026 1013 4095 propheta
1040 4023 1307 4079 Jercmias
1334 4028 1652 4081 memoriam
1688 4028 1857 4083 facit:
1886 4029 1953 4083 Et
1981 4047 2107 4083 con-

523 4119 743 4172 stituam
788 4119 927 4172 vobis
995 4128 1365 4173 testamentum
1410 4137 1630 4185 novum,
1681 4139 1782 4175 non
1822 4125 2108 4177 secundum

525 4220 925 4274 testamentum,
978 4213 1116 4283 quod
1159 4214 1393 4282 disposui
1430 4216 1667 4283 patribus
1690 4218 1873 4270 vestris
1904 4217 1967 4270 ⁷⁵.
2014 4215 2108 4272 His

525 4304 673 4357 enim
739 4305 1030 4374 conjuncta
1084 4314 1247 4367 sunt,
1304 4315 1359 4361 et
1414 4323 1535 4377 quae
1607 4319 1913 4378 sequuntur
1993 4326 2108 4364 ma-

527 4400 688 4454 xime.

597 4491 665 4545 Et
695 4508 795 4545 non
827 4492 1216 4547 abominabitur
1263 4494 1446 4545 anima
1502 4510 1619 4546 mea
1667 4510 1771 4546 vos.
1821 4493 2111 4548 Ambulabo

525 4585 663 4638 inter
689 4602 799 4651 vos,
843 4596 892 4639 et
933 4601 1021 4639 ero
1056 4596 1223 4640 vester
1258 4584 1422 4649 Deus,
1452 4602 1641 4655 vosque
1686 4587 1833 4639 eritis
1886 4587 2109 4656 populus

526 4695 694 4732 meus.
733 4678 935 4749 Aperte
960 4679 1124 4734 etiam
1158 4681 1275 4734 haec
1304 4698 1333 4733 δ
1353 4679 1615 4749 praediCto
1646 4680 1931 4750 propheta,
1966 4682 2109 4734 sicut

527 4774 884 4846 Septuaginta
909 4773 1077 4827 editio
1115 4771 1380 4834 continet,
1430 4772 1631 4842 scripta
1663 4782 1808 4826 sunt.
1843 4772 1940 4827 llic
1964 4771 2108 4827 Deus

524 4878 728 4933 vester,
765 4884 875 4922 non
903 4866 1249 4936 reputabitur
1288 4865 1428 4919 alius
1475 4866 1543 4919 ad
1584 4880 1734 4919 eum.
1784 4866 2020 4921 Posthac
2054 4868 2110 4919 in

528 4963 682 5015 terris
712 4963 852 5015 visus
882 4970 976 5024 est,
1008 4969 1057 5014 et
1088 4976 1206 5013 cum
1236 4959 1528 5012 hominibus
1565 4970 1899 5013 conversatus
1933 4970 2005 5013 est
2023 4962 2067 4991 ⁷⁸
2092 4975 2108 5013 :
2146 4999 2188 5050 ο
2218 4988 2367 5028 nunc
2398 4968 2720 5026 sanciuntur
2746 5005 2760 5028 ,

526 5055 671 5125 quod
703 5070 812 5107 non
845 5054 1064 5125 egisset,
1095 5053 1139 5106 si
1174 5067 1275 5105 nos
1299 5059 1664 5105 aversaretur.
1705 5052 1825 5105 Non
1850 5066 1979 5120 ergo
2005 5068 2105 5107 nos

526 5145 870 5199 abominatus
897 5153 999 5211 est,
1032 5145 1129 5199 sed
1152 5153 1207 5198 et
1234 5144 1570 5198 inambulare
1597 5144 1651 5196 in
1678 5144 1838 5198 nobis
1863 5159 1958 5213 per
1987 5161 2108 5199 car-

527 5254 653 5294 nem
682 5237 873 5303 voluit,
906 5246 961 5292 et
1002 5236 1120 5291 ﬁeri
1159 5246 1347 5291 noster
1372 5236 1535 5300 Deus,
1581 5252 1703 5291 cum
1744 5248 1888 5292 esset
1929 5241 2103 5309 prius,

528 5332 626 5386 sed
660 5330 879 5401 ignotus
906 5347 919 5383 :
948 5328 1076 5399 quia
1109 5343 1211 5383 nos
1237 5329 1411 5383 errori
1452 5327 1733 5399 conjuncti
1760 5344 1998 5385 eramus.
2028 5331 2105 5386 Ex

528 5444 637 5496 quo
667 5438 850 5480 autem
883 5440 985 5480 nos
1008 5425 1231 5496 proprio
1256 5425 1390 5479 emit
1416 5423 1682 5493 sanguine
1701 5466 1715 5490 ,
1746 5425 1889 5481 Dens
1920 5436 2109 5482 noster

529 5520 706 5576 iactus
734 5531 836 5584 est,
869 5530 924 5574 et
946 5536 1047 5575 nos
1070 5520 1284 5590 plebem
1312 5533 1468 5572 suam
1498 5518 1649 5573 fecit.
1676 5520 1743 5573 Et
1764 5521 1886 5590 quis
1905 5530 1989 5576 est
2017 5523 2109 5592 qui

531 5614 645 5669 hzec
676 5613 807 5669 fecit
829 5614 852 5667 τ

494 5853 507 5864 ο
598 5824 644 5854 ’³
683 5824 885 5891 Ephcs.
920 5840 993 5885 vr,
1029 5822 1118 5876 12.
1192 5822 1237 5853 θ’
1273 5820 1403 5891 ibid.
1440 5822 1526 5876 ll.
1588 5824 1663 5891 7"“
1700 5822 1829 5878 ibid.
1877 5824 1962 5875 Η.

526 5908 677 5958 xxxx,
708 5890 798 5948 52.
876 5896 918 5926 ⁷⁸
950 5892 1187 5949 Baruch.
1218 5906 1302 5957 ut,
1328 5890 1418 5947 58.
1489 5892 1534 5924 ⁷⁸
1560 5890 1733 5949 Exod.
1779 5910 1860 5958 tu,
1886 5893 1940 5958 'I,
1978 5892 2030 5947 8.

2036 5824 2077 5855 ⁷³
2111 5821 2306 5877 Matth.
2350 5836 2473 5882 xxv,
2510 5819 2603 5872 40.
2672 5818 2719 5849 ⁷³
2750 5815 2912 5870 llom.
2946 5826 3069 5875 xm,
3105 5810 3161 5882 9_.

2146 5894 2192 5927 ⁷⁷
2220 5891 2394 5948 Exod.
2438 5880 2594 5956 sun,
2634 5887 2723 5945 20.
2800 5885 2845 5919 ⁷⁸
2875 5885 2981 5942 lsa.
3018 5898 3097 5948 ix,
3126 5880 3179 5936 6.

2179 623 2419 693 .Egypti,
2456 639 2520 675 ne
2554 621 2817 675 serviretis
2861 619 2954 671 eis.
2999 614 3169 681 Quod
3225 610 3273 663 si
3311 609 3401 662 vis
3452 622 3777 677 cognoscere,

2184 715 2298 768 haec
2329 713 2499 768 Exodi
2546 712 2709 766 verba
2752 725 2847 779 per
2897 703 3187 776 Evangelii
3258 700 3525 754 ordinem
3572 698 3778 754 discute.
3868 740 3869 779 ἰ

2190 805 2329 859 Dixit
2374 820 2503 874 ergo
2558 802 2819 857 Dominus
2862 799 2928 853 ad
2974 796 3209 867 Moysen
3252 809 3268 845 :
3305 791 3428 844 Vidi
3476 790 3783 858 afﬂictione»:

2186 897 2366 966 pepuli
2395 896 2497 949 mei
2544 896 2597 947 in
2626 892 2856 963 Egypto
2883 933 2897 956 ,
2951 892 3258 942 clamorem
3297 882 3421 951 ejus
3451 881 3647 945 audivi,
3676 900 3783 951 pro-

2188 999 2302 1056 pter
2325 986 2581 1040 duritiam
2611 1000 2811 1046 corum,
2838 983 2927 1052 qui
2958 987 3207 1049 prazsunt
3248 973 3509 1042 operibus
3533 988 3551 1025 :
3572 986 3618 1025 et
3642 975 3786 1026 sciens

2187 1079 2420 1133 dolorem
2446 1078 2580 1147 ejus,
2613 1075 2851 1129 descendi
2877 1073 3103 1126 liberare
3143 1086 3241 1121 eos
3280 1067 3353 1120 de
3376 1066 3621 1151 manibus
3640 1064 3784 1135 digg-

2189 1174 2441 1242 ptiorum,
2484 1179 2531 1223 et
2558 1170 2774 1223 educere
2806 1168 2869 1219 de
2896 1175 3036 1219 terra
3066 1164 3174 1216 illa
3211 1163 3275 1214 in
3299 1170 3513 1213 terram
3540 1159 3717 1211 bonam
3746 1174 3784 1212 et

2187 1266 2498 1331 speciOsam,
2529 1278 2644 1332 qua:
2674 1261 2791 1329 ﬂuit
2818 1258 2957 1311 lacte
2990 1266 3038 1310 et
3070 1254 3244 1309 melle
3270 1252 3341 1303 ⁷⁸.
3380 1250 3450 1304 Ει
3480 1249 3605 1319 quis
3620 1249 3678 1304 sit
3708 1267 3780 1320 qui

2188 1355 2488 1412 introducit
2517 1354 2571 1408 in
2611 1350 2992 1423 promissionis
3022 1358 3243 1403 terram
3291 1347 3318 1398 ?
3339 1344 3474 1413 ipse
3511 1343 3681 1405 Deus,
3710 1346 3782 1413 qui

2189 1453 2305 1506 haec
2338 1449 2501 1519 Moysi
2533 1446 2771 1502 ostendit
2801 1462 2815 1498 :
2849 1444 2981 1500 Ecce
3005 1459 3095 1513 ego
3133 1441 3304 1493 mitto
3336 1436 3600 1508 Angelum
3640 1454 3781 1491 meum

2188 1547 2278 1616 qui
2311 1540 2575 1612 pracedat
2608 1550 2656 1593 te
2690 1548 2737 1591 et
2760 1537 3021 1591 custodiat
3064 1543 3111 1587 te
3148 1534 3210 1586 in
3243 1532 3365 1591 via.
3406 1540 3457 1583 et
3516 1532 3783 1583 introiutat

2189 1642 2259 1694 ad
2290 1640 2460 1693 locum
2489 1651 2642 1707 quem
2668 1630 2853 1702 parari
2875 1630 2939 1681 ⁷⁷.
2971 1626 3257 1695 Angelum
3292 1623 3476 1679 lilium
3512 1624 3780 1692 appellans,

2190 1736 2316 1807 quia
2356 1733 2691 1787 voluntatem
2722 1723 2879 1780 nobis
2916 1722 3088 1776 Patris
3130 1717 3550 1778 annuntiavit,
3601 1718 3663 1771 de
3698 1734 3779 1784 quo

2196 1829 2271 1883 ait
2298 1826 2464 1881 lsaias
2498 1843 2510 1877 :
2547 1822 2687 1876 Puer
2723 1829 2879 1872 natus
2904 1826 2975 1870 est
3012 1815 3165 1868 nobis
3185 1855 3200 1877 ,
3240 1812 3399 1881 ﬁlius
3428 1812 3589 1863 datus
3614 1819 3684 1861 est
3708 1826 3781 1860 tto-

2199 1923 2295 1984 bis,
2339 1918 2492 1987 cujus
2522 1914 2846 1985 principatus
2888 1924 3046 1977 super
3070 1910 3339 1959 humeros
3372 1902 3518 1970 ejus,
3546 1910 3592 1954 et
3632 1902 3781 1967 appel-

2199 2017 2395 2070 labitur
2427 2026 2614 2065 nomen
2646 2007 2759 2076 ejus
2793 2002 2971 2073 magni
3014 1998 3233 2053 consilii
3268 1994 3545 2064 Angelus,
3575 1992 3774 2045 admira-

2198 2110 2333 2172 bilis,
2389 2101 2745 2158 consiliarius,
2810 2095 2946 2147 Deus
3004 2091 3159 2162 fortis
3193 2089 3268 2141 ⁷⁸.
3324 2085 3618 2153 Quomodo
3638 2084 3773 2142 enim.

2199 2217 2322 2258 cum
2358 2192 2674 2269 promiserit
2725 2189 2885 2251 Deus,
2926 2201 3023 2255 per
3066 2198 3127 2236 ea
3178 2195 3316 2250 qua:
3368 2174 3627 2269 superius
3665 2173 3775 2269 dicta

2199 2266 2733 2359 sana—introducere
2759 2279 3019 2350 populum
3047 2276 3100 2328 in
3128 2281 3380 2330 terram,
3422 2268 3657 2359 Angelus
3698 2266 3773 2317 hoc

2202 2358 2403 2449 facere,
2430 2389 2486 2435 et
2506 2393 2616 2433 non
2653 2376 2771 2445 ipse
2797 2370 2889 2441 qui
2916 2366 3198 2439 promisit,
3245 2359 3512 2457 poterat?
3541 2358 3674 2457 Quis

2202 2492 2332 2545 tem,
2356 2448 2412 2531 et
2441 2472 2536 2544 qui
2562 2466 2868 2529 descendit,
2902 2463 3019 2532 ipse
3050 2458 3222 2513 nobis
3250 2456 3449 2551 dicens
3481 2452 3595 2551 haec
3620 2450 3677 2503 ad
3699 2448 3767 2551 Ni:

2200 2574 2488 2630 codemum
2525 2560 2765 2619 ostendit
2794 2575 2809 2613 :
2842 2555 3013 2610 Nemo
3060 2550 3317 2605 ascendit
3348 2548 3407 2600 in
3442 2545 3623 2599 caelum
3648 2584 3660 2605 ,
3694 2545 3768 2593 nisi

2201 2668 2289 2739 qui
2322 2659 2583 2718 descendit
2623 2656 2686 2709 de
2714 2651 2860 2714 cazlo,
2895 2648 3061 2703 Filius
3090 2644 3338 2698 hominis
3373 2639 3466 2710 qui
3503 2640 3557 2690 in
3583 2632 3764 2739 cie-lo'l.

2200 2727 2364 2828 Atqui
2412 2750 2645 2807 necdum
2684 2745 2740 2798 in
2798 2742 2996 2797 caelum
3053 2753 3185 2793 cum
3230 2747 3411 2789 carne
3465 2727 3763 2828 ascenderat,

2202 2822 2435 2907 necdum
2467 2843 2613 2899 enim
2648 2844 2964 2905 assumptus
2994 2839 3133 2895 erat,
3169 2827 3274 2883 sed
3308 2822 3704 2879 descensionem
3722 2826 3761 2869 et

2202 2938 2580 2996 ascensionem
2617 2928 2901 3001 pristinam
2932 2923 3083 2986 dicit,
3120 2908 3193 2975 de
3210 2935 3348 2990 qua,
3377 2917 3524 2970 sicut
3547 2911 3759 2967 diximus,

2202 3030 2370 3104 Moysi
2408 3029 2620 3082 locutus
2659 3031 2785 3077 est:
2822 3018 2934 3073 Vidi
2957 3014 3335 3104 aﬂlictionem‘
3353 3005 3537 3104 populi
3570 3004 3661 3056 mei
3679 3007 3759 3104 ,"ct

2202 3091 2442 3181 descendi
2492 3120 2715 3172 liberare
2762 3128 2846 3166 eos
2886 3111 2948 3163 de
2982 3107 3230 3162 manibus
3261 3101 3647 3172 J‘Eggptiorum.
3685 3091 3760 3145 Hic

2126 3236 2168 3293 (ς
2202 3233 2331 3289 ergo
2363 3213 2521 3269 nobis
2548 3220 2603 3264 et
2634 3223 2717 3271 ea,
2758 3219 2878 3274 quae
2901 3207 3235 3293 sequuntur,
3273 3195 3449 3250 dedit.

2269 3274 2370 3377 “Qui
2415 3301 2667 3375 confregit
2726 3305 2938 3350 catenas
2989 3290 3257 3345 cervicum
3306 3295 3613 3339 vestrarum.
3651 3274 3756 3378 'l'ain

2202 3362 2412 3476 peccati
2441 3362 2615 3467 quani
2636 3389 2770 3459 legis
2809 3387 3004 3440 littera?
3036 3401 3049 3437 :
3088 3382 3151 3437 Ut
3177 3368 3682 3476 incedet-etisnerect‘i.
3712 3362 3753 3416 id

2203 3461 2307 3555 est.
2338 3461 2838 3549 cum-conﬁdentia,
2868 3480 2992 3549 quia
3020 3478 3260 3531 virtutes
3286 3471 3450 3526 nobis
3480 3467 3589 3520 sine
3610 3461 3751 3528 aliqua

2203 3584 2548 3643 haesitatione
2588 3573 2800 3646 operari
2832 3570 3002 3624 dedit.

2277 3638 2440 3733 (lens.
2468 3638 2654 3727 14-17..
2689 3688 2705 3718 ‹
2737 3665 2891 3732 Quod
2916 3663 2961 3715 si
2996 3676 3103 3714 non
3131 3653 3431 3711 audieritis
3461 3663 3563 3710 me,
3586 3638 3742 3697 necle-

2206 3769 2392 3828 ceritis
2425 3764 2678 3820 mandata
2701 3774 2843 3823 mea,
2899 3755 2945 3809 si
2986 3750 3316 3823 spreveritis
3352 3746 3498 3813 leges
3537 3749 3671 3795 meas,
3695 3738 3732 3783 et

2203 3862 2409 3937 judicia
2441 3874 2558 3913 mea
2586 3848 3046 3921 contempseritis,
3099 3855 3159 3899 ut
3186 3858 3302 3898 non
3332 3834 3538 3937 faciatis
3562 3836 3723 3937 ea..qu

2208 3928 2238 4011 a
2273 3969 2360 4009 me
2392 3948 2687 4006 constituta
2718 3951 2865 4002 sunt.
2898 3950 2953 3995 et
2980 3940 3047 3994 ad
3097 3937 3321 3992 irritum
3366 3928 3728 4011 perducatis

2210 4059 2360 4102 ctum
2391 4056 2596 4106 meum,
2618 4053 2717 4108 ego
2742 4050 2957 4107 quoque
2987 4034 3104 4086 haec
3133 4028 3338 4083 iaciam
3360 4022 3526 4077 vobis.
3547 4007 3733 4109 VisiItblt

2211 4154 2306 4194 vos
2340 4135 2601 4191 velociter
2634 4133 2687 4185 in
2719 4136 2957 4200 egestate
3011 4132 3068 4179 et
3116 4121 3323 4176 ardore
3354 4160 3368 4183 ,
3427 4112 3510 4183 qui
3535 4101 3728 4200 conﬁciat

2210 4232 2399 4288 oculos
2424 4237 2655 4291 vestros,
2689 4234 2741 4278 et
2777 4227 3064 4277 consumat
3084 4216 3323 4270 animas.
3353 4209 3555 4264 Frustra
3578 4199 3727 4291 εετεξιε

2212 4342 2401 4383 semen
2424 4365 2439 4387 ,
2477 4321 2622 4393 quod
2669 4320 2737 4374 ab
2783 4316 3029 4372 hostibus
3060 4308 3440 4366 devorabitur.
3476 4283 3733 4393 Poeantia-

2212 4420 2349 4476 ciem
2382 4380 2560 4472 meam
2587 4421 2777 4469 contra
2802 4425 2919 4471 vos,
2946 4414 3000 4461 et
3029 4403 3304 4461 corruetis
3330 4408 3505 4454 coram
3539 4380 3734 4490 bombis

2216 4513 2435 4579 vestris,
2467 4518 2522 4563 et
2542 4501 2910 4576 subjiciemini
2934 4500 3000 4554 iis
3020 4498 3113 4567 qui
3141 4497 3385 4551 oderunt
3412 4500 3516 4541 vos.
3546 4478 3735 4544 Fugiet»

2216 4605 2439 4660 nemine
2464 4605 2846 4671 persequente.
2878 4611 2898 4641 ι
3437 4670 3450 4678 _
3494 4666 3520 4678 γ’

2287 4698 2420 4764 Quae
2447 4663 2589 4749 bona
2617 4663 2733 4755 eos,
2753 4686 2846 4758 qui
2872 4683 3136 4740 obediunt
3163 4679 3257 4735 Dei
3291 4666 3564 4764 mandatis,
3583 4663 3736 4764 exiit:

2217 4754 2389 4855 ctabt,
2429 4784 2768 4842 sullicienter
2806 4779 2893 4832 lex
2942 4773 3196 4845 superius
3243 4767 3394 4825 dixit.
3436 4760 3553 4825 Qum
3590 4754 3732 4855 allii-3":

2218 4844 2441 4937 evenire
2495 4868 3018 4944 transgredientibus
3071 4862 3401 4920 comminata
3436 4859 3529 4911 est,
3562 4844 3734 4944 εθιίῐτξίξ

2819 4960 3135 5015 ostendunt.
3186 4953 3423 5021 Quorum
3466 4931 3653 5021 quando
3680 4921 3728 4976 ad

2214 5066 2452 5119 litteram
2489 5056 2700 5128 singula
2749 5053 3076 5109 discutimus
3100 5092 3115 5115 ,
3171 5042 3474 5101 invenimus
3501 5018 3728 5128 ‘popﬁiilm

2214 5156 2550 5217 Judzeorum,
2579 5111 2777 5204 horum
2806 5158 3026 5216 passum
3054 5139 3301 5211 quaedam
3329 5122 3596 5186 secundum
3616 5111 3723 5163 ιιῑῐθ·

2218 5264 2354 5313 ram,
2386 5243 2570 5300 omnia
2600 5248 2783 5295 autem
2814 5234 3116 5291 secundum
3162 5228 3428 5300 spiritum.

2302 5338 2325 5345 ⁸
2426 5338 2437 5345 ·
2513 5335 2523 5345 ·
2799 5329 2831 5345 θ’
2898 5327 2975 5345 ἰι
3013 5341 3089 5345 ----
3156 5337 3245 5345 μ--
3276 5307 3480 5345 τηρηοὶιὸε
3516 5289 3715 5345 mandata

2287 5338 2437 5403 Quod
2479 5335 2523 5388 si
2558 5349 2660 5386 non
2705 5327 2979 5382 audieritis
3010 5341 3111 5387 me,
3154 5337 3245 5375 nec
3274 5307 3480 5389 feceritis
3516 5305 3673 5403 mansti

2219 5449 2364 5490 mea.
2417 5430 2461 5482 si
2508 5424 2805 5495 spreveritis
2849 5421 2981 5490 leges
3010 5433 3174 5481 meas,
3209 5423 3255 5468 et
3280 5405 3470 5479 judicia
3503 5394 3711 5520 missa

2838 5515 2853 5520 -
2920 5513 2929 5520 .
3000 5512 3013 5520 .
3306 5518 3312 5520 .
3347 5516 3366 5520 _
3389 5507 3461 5520 μω
3489 5501 3535 5520 μη

2221 5520 2552 5592 tempseritis,
2590 5526 2645 5569 ut
2678 5532 2783 5569 non
2825 5512 3037 5586 faciatis
3085 5526 3169 5569 ea,
3204 5518 3315 5575 qua:
3338 5516 3367 5551 a
3389 5507 3461 5549 me
3487 5485 3667 5539 constt!“

2222 5623 2362 5679 sunt,
2395 5622 2444 5665 et
2472 5615 2542 5665 ad
2574 5610 2787 5663 irritum
2815 5603 3118 5676 perducatis
3143 5607 3347 5671 pactum
3378 5595 3545 5673 metim-

3238 5806 3283 5844 τι
3310 5796 3428 5855 iuid.
3495 5784 3533 5818 ⁷⁸
3553 5777 3706 5855 ³9Ξε¹¹¹’

3236 5878 3277 5911 τν
3307 5845 3446 5927 3321i.
3477 5870 3545 5917 tu,
3570 5845 3636 5900 15a
