4032 6416
180 384 323 453 1ὶ45

1307 392 1390 452 ΙΝ
1432 392 1871 455 LEVITICUM.
1896 416 1961 430 ·-·
1996 394 2146 453 LIB.
2172 394 2307 455 VII.

3307 388 3444 454 1146

256 507 359 573 Qui
391 522 498 560 non
538 506 768 599 apdiunt
799 505 1111 561 mandatum
1142 505 1258 572 Dei,
1314 517 1371 561 et
1429 508 1520 577 qui
1555 508 1761 577 judicia
1792 518 1837 569 Α
1866 510 2205 565 abscondere
2237 516 2525 580 poterant,
2582 508 2676 563 sed
2716 508 3026 564 clamabant
3078 510 3254 579 palam
3281 520 3446 579 atque

176 599 584 654 contemnunt?
616 599 717 653 nisi
756 600 848 669 qui
901 600 1219 653 traditiones
1249 600 1530 655 seniorum
1580 600 1762 654 inten-

180 692 382 744 dentes
402 728 415 750 ,
440 698 493 744 et
526 688 852 759 legislatoris
884 690 1241 744 intentionem
1276 691 1758 762 transgredientes,

181 784 257 836 ad
290 783 395 837 hoc
445 781 589 851 quod
634 783 713 837 eis
759 782 1044 837 videbatur
1069 783 1236 852 legem
1266 783 1633 852 exponebant,
1670 784 1763 853 qui

178 872 459 938 dicebant,
498 874 640 925 sicut
665 871 1016 926 aitDominus
1035 890 1047 925 :
1069 872 1374 942 Quicunque
1404 872 1597 925 dixerit
1622 872 1764 941 patri

180 976 277 1016 aut
307 963 510 1017 matri:
548 962 756 1016 Donum
805 964 1147 1033 quodcunque
1172 980 1236 1017 ea:
1267 980 1350 1016 me
1380 964 1475 1016 tibi
1507 963 1761 1031 proderit,

176 1067 230 1110 et
261 1073 365 1110 non
388 1056 752 1125 honoriﬁcabit
772 1066 975 1125 patrem
1018 1073 1168 1110 suum
1195 1066 1242 1109 et
1266 1067 1487 1109 matrem
1511 1072 1663 1108 suam
1682 1055 1762 1108 3°:

176 1148 234 1203 id
286 1160 413 1215 est,
466 1151 779 1219 quicunque
818 1149 1016 1203 dixerit
1069 1149 1390 1218 parentibus
1427 1148 1609 1203 :Vota
1638 1156 1767 1202 sunt

174 1241 297 1294 Deo
340 1256 403 1296 ea
424 1257 546 1310 quae
575 1241 769 1307 habeo,
797 1240 900 1309 ipsi
934 1240 1080 1294 enim
1115 1256 1177 1293 ea
1224 1255 1420 1293 munus
1450 1248 1506 1293 et
1534 1238 1767 1292 oblatio-

176 1347 312 1385 nem
346 1332 549 1398 obtuli,
598 1347 714 1395 eos,
760 1333 853 1403 qui
895 1340 1317 1404 generaverunt,
1354 1332 1622 1384 honorare
1655 1344 1765 1384 non

179 1424 421 1494 cogitur.
446 1425 546 1490 Qui
591 1434 721 1479 sunt
765 1426 857 1494 qui
886 1440 994 1478 non
1021 1425 1141 1494 ejus
1170 1425 1349 1477 omnia
1380 1423 1588 1477 faciunt
1613 1438 1767 1475 man-

176 1518 353 1572 data?
380 1517 484 1572 nisi
511 1519 600 1582 qui
636 1532 851 1571 anetum
878 1528 924 1571 et
951 1519 1217 1588 cyminum
1239 1518 1521 1579 decimant,
1553 1525 1600 1568 et
1620 1532 1768 1567 men-

180 1607 357 1674 tham,
392 1608 691 1679 relinquunt
721 1620 899 1662 autem
922 1610 1187 1678 judicium
1208 1651 1221 1675 ,
1255 1619 1303 1663 et
1330 1608 1765 1671 misericordiam,

180 1711 231 1752 et
266 1700 530 1766 ﬁdem“;
586 1715 710 1754 cum
760 1699 898 1753 Deus
940 1700 1021 1755 eis
1077 1715 1175 1770 per
1208 1699 1527 1769 prophetam
1573 1700 1764 1753 dicat:

180 1791 443 1846 Indicabo
473 1791 597 1855 tibi,
645 1808 675 1844 ο
702 1792 874 1857 Ιιοιηο,
928 1791 1053 1863 quid
1082 1792 1337 1845 Dominus
1366 1800 1570 1861 quwrat
1620 1808 1653 1843 a
1697 1799 1764 1853 te,

181 1884 369 1953 utique
395 1886 570 1955 facere
594 1884 858 1953 judicium
880 1926 894 1950 ,
928 1859 978 1937 et
1007 1884 1224 1955 diligere
1252 1859 1689 1944 misericordiam,
1719 1891 1768 1935 et
1802 1859 1841 1916 Β

184 1975 474 2029 sollicitum
513 1975 790 2029 ambulare
825 1992 944 2029 cum
976 1975 1085 2029 Deo
1127 1985 1215 2027 tuo
1243 1975 1311 2030 ".
1366 1975 1596 2045 Propter
1625 1973 1769 2043 quod

188 2067 449 2121 Dominus
479 2069 545 2121 ad
571 2082 685 2132 eos,
720 2077 910 2136 utpote
953 2082 1062 2121 non
1090 2068 1272 2121 omnia
1311 2067 1600 2137 implentes
1638 2067 1772 2137 legis

187 2170 483 2231 praecepta,
526 2161 623 2214 sed
669 2176 792 2229 quas
844 2161 965 2229 ejus
995 2172 1123 2216 sunt
1160 2160 1342 2232 gravia
1375 2162 1766 2230 relinquentes.

192 2260 248 2305 et
276 2267 395 2320 qua:
424 2251 647 2304 minima
674 2260 915 2321 agentes,
944 2251 1189 2305 dicebat:
1225 2250 1349 2305 llaec
1379 2252 1663 2319 oportebat
1690 2252 1771 2305 fa-

197 2358 339 2405 cere,
368 2353 422 2396 et
450 2342 539 2395 illa
568 2356 680 2394 non
710 2341 984 2396 omittere.
1032 2338 1140 2395 Sed
1169 2349 1226 2394 et
1273 2341 1526 2394 mandata
1560 2339 1653 2395 Dei
1698 2340 1769 2393 illi

204 2435 415 2506 proprie
452 2433 947 2504 transgrediuntur,
991 2441 1044 2487 et
1073 2432 1152 2488 eis
1190 2432 1425 2486 maxime
1454 2432 1772 2487 inobedien-

213 2536 294 2582 tes
316 2526 592 2596 sunt,quia
610 2528 937 2581 exteriorem
970 2526 1165 2581 faciem
1198 2540 1411 2589 eorum,
1446 2541 1555 2579 non
1587 2534 1769 2579 autem

208 2620 552 2674 intentionem
572 2615 668 2671 Dei
697 2625 1046 2672 conservant.
1070 2615 1291 2669 Planius
1323 2630 1453 2685 ergo
1478 2614 1694 2683 Aquila,
1718 2622 1773 2668 et

203 2710 531 2766 Theodotion
556 2749 571 2773 ,
627 2722 683 2765 et
722 2709 1081 2781 Symmachus
1110 2698 1346 2763 edidisse
1395 2707 1770 2764 inveniuntur.

192 2803 325 2857 Nam
352 2805 444 2858 ille
476 2804 694 2873 quidem
726 2803 838 2856 ait:
875 2800 932 2857 Si
961 2803 1243 2856 constituta
1269 2818 1385 2855 mea
1414 2799 1773 2868 reprobaveri-

191 2895 289 2957 tis;
338 2896 415 2950 illi
447 2905 630 2950 autem
664 2913 677 2947 :
713 2893 771 2949 Si
809 2893 1127 2947 subtilitates
1158 2910 1301 2947 meas
1328 2932 1344 2957 ,
1396 2893 1451 2946 id
1493 2900 1613 2955 est,
1660 2890 1772 2960 agri

187 2987 357 3055 viam,
398 2990 698 3042 renueritis.
732 2987 991 3058 Dogmata
1024 2995 1208 3040 autem
1239 2986 1362 3052 Dei,
1419 2993 1470 3039 et
1500 2984 1773 3039 subtilita-

189 3090 301 3133 tem
329 3120 343 3145 ,
374 3096 495 3148 qua:
530 3080 587 3133 in
617 3079 845 3149 spiritali
894 3079 1275 3132 mandatorum
1329 3076 1603 3131 intellectu
1634 3083 1772 3139 erat,

187 3172 694 3240 transgrediuntur,
729 3170 853 3239 quia
894 3169 1046 3222 Novo
1076 3166 1428 3222 Testamento
1456 3166 1771 3231 concordat,

182 3260 472 3316 inﬁrmare
505 3261 872 3331 evangelicum
922 3259 1151 3330 gratiam
1202 3273 1299 3328 per
1352 3257 1458 3311 hoc
1504 3256 1770 3319 volentes,

181 3356 340 3426 quod
379 3369 475 3409 eos
500 3369 736 3424 arguens
773 3353 849 3407 ait
879 3372 892 3407 :

248 3447 334 3501 Et
357 3447 427 3499 ad
452 3447 662 3499 irritum
688 3445 990 3513 perducatis
1022 3453 1236 3513 pactum
1266 3460 1457 3496 meum.
1482 3442 1622 3508 Quid
1647 3458 1774 3513 ergo

180 3554 286 3609 pro
335 3539 439 3592 hoc
472 3538 711 3592 minatus
738 3540 862 3591 est?
904 3535 1074 3589 Nimis
1097 3535 1243 3588 enim
1276 3534 1471 3587 similis
1501 3548 1660 3603 poena
1692 3541 1775 3586 est

180 3631 627 3702 pmvaricationi
655 3646 870 3684 eorum.
901 3628 1010 3699 Ego
1036 3644 1239 3697 quoque
1259 3628 1367 3681 [nec
1384 3628 1579 3698 faciam
1608 3624 1769 3678 vobis.

179 3724 521 3789 Quomodo?
554 3723 781 3777 Visitabo
819 3740 905 3777 vos
934 3723 1175 3776 velociter
1201 3723 1258 3774 in
1316 3731 1565 3792 egestate.
1602 3719 1774 3773 Nimis

180 3819 339 3872 enim
375 3828 597 3886 egentes
619 3832 715 3871 eos
744 3816 1005 3869 Dominus
1035 3831 1133 3883 per
1164 3814 1388 3867 verbum
1421 3829 1579 3867 suum
1623 3812 1770 3877 fecit,

182 3909 233 3961 in
264 3916 490 3962 tantum
518 3918 573 3960 ut
596 3905 663 3960 ad
688 3906 921 3959 invicem
952 3904 1247 3984 dicerento:
1285 3902 1465 3955 Durus
1495 3910 1570 3954 est
1604 3918 1773 3954 sermo

182 4001 289 4067 hic,
339 4000 456 4069 quis
486 4008 652 4068 potest
676 4016 795 4053 eum
823 3997 1011 4051 audire
1031 3997 1121 4049 8"i
1155 3996 1310 4049 Sicut
1333 4010 1462 4066 ergo
1483 4002 1679 4064 sponte
1699 3994 1774 4047 le-

182 4096 259 4166 gis
291 4093 637 4147 intellectum
673 4090 1216 4162 transgrediebantur
1237 4131 1252 4155 ,
1308 4100 1368 4143 ut
1396 4087 1772 4158 evangelicum

185 4194 585 4241 testamentum
644 4185 698 4238 in
754 4184 971 4238 irritum
1002 4183 1371 4248 deducerent,
1431 4181 1577 4250 quod
1625 4180 1775 4235 illinc

184 4276 432 4331 habebat
459 4276 768 4340 exordium,
798 4275 879 4329 sic
907 4276 990 4329 eis
1018 4284 1072 4328 et
1094 4274 1209 4344 ipse
1230 4274 1460 4328 obscura
1492 4273 1659 4327 verba
1688 4272 1772 4326 di-

183 4370 372 4433 cebat,
402 4378 455 4422 et
483 4367 753 4422 difﬁcilem
783 4383 1007 4423 suorum
1033 4368 1346 4437 dogmatum
1374 4364 1605 4420 faciebat
1625 4380 1775 4419 com-

184 4462 645 4532 prehensionem.
688 4460 794 4514 Sed
830 4462 943 4529 jam
974 4476 1095 4528 qua:
1121 4467 1425 4528 sequuntur
1446 4474 1703 4529 agnosce.

1866 602 2239 672 praedicabant
2274 620 2287 656 :
2322 601 2463 667 Quid
2494 603 2767 671 faciemus,
2821 602 2945 671 quia
2974 602 3058 655 hic
3097 603 3247 655 homo
3277 601 3444 654 multa

1866 694 2017 764 signa
2060 693 2235 759 facit?
2262 690 2318 745 Si
2350 692 2642 745 omittimus
2682 708 2799 745 eum
2828 693 2929 754 sic,
2964 692 3168 744 venient
3198 674 3475 751 Romanip

1866 795 1915 840 et
1959 784 2141 838 tollent
2175 794 2409 837 nostrum
2440 794 2487 837 et
2515 783 2688 836 locum
2725 794 2773 836 et
2807 792 3009 854 gentem
3049 782 3115 836 “.
3152 783 3293 854 Ergo
3337 799 3446 836 non

1868 877 1995 948 quia
2031 876 2130 948 legi
2165 884 2260 930 aut
2285 876 2571 945 prophetis
2602 875 2875 929 contraria
2908 875 3161 939 ducebat,
3195 891 3319 928 nam
3358 875 3445 928 ni-

1867 969 1971 1024 mis
1999 969 2081 1023 eis
2097 983 2338 1022 consona
2363 967 2569 1029 docuit,
2593 967 2687 1020 sed
2717 966 2800 1021 sui
2820 966 3023 1020 amoris
3040 982 3224 1030 causa,
3254 966 3447 1035 suique

1866 1076 2028 1116 causa
2074 1059 2324 1130 negotii,
2376 1059 2727 1113 sermonibus
2776 1060 2896 1128 ejus
2940 1076 3049 1114 non
3098 1060 3445 1115 obediebant.

1868 1152 1981 1209 Hoc
2006 1169 2136 1224 ergo
2165 1153 2403 1223 perculsi
2423 1152 2637 1219 morbo,
2668 1153 2857 1207 oculos
2899 1168 3029 1208 suos
3061 1153 3443 1218 conﬁciebant,

1867 1256 1921 1301 et
1949 1247 2160 1300 animas
2189 1244 2619 1311 consumebant,
2662 1260 2773 1299 non
2824 1246 3009 1316 solum~
3031 1246 3445 1300 exardescentes

1867 1340 2075 1404 furore,
2103 1347 2157 1393 et
2195 1337 2396 1392 invidia
2431 1338 2707 1408 corrupti,
2742 1338 2837 1393 sed
2885 1349 2945 1393 ut
2975 1340 3145 1393 semel
3185 1337 3445 1393 inﬁrmati

1869 1440 2073 1497 mente,
2121 1440 2177 1485 et
2202 1429 2558 1502 cogitationes
2593 1445 2704 1484 non
2732 1430 2897 1485 nimis
2934 1445 3095 1485 sanas
3124 1430 3189 1485 ad
3245 1431 3448 1485 discre-

1872 1527 2075 1580 tionem
2108 1524 2377 1578 factorum
2434 1522 2773 1579 dictorumve
2814 1502 3079 1577 habentes
3108 1563 3124 1588 ,
3154 1522 3339 1577 verbis
3392 1531 3449 1575 et

1870 1621 2148 1676 miraculis
2175 1660 2190 1683 ,
2245 1618 2536 1673 interiores
2569 1634 2697 1672 suos
2727 1618 2916 1673 oculos
2950 1617 3337 1683 conﬁciebant,
3394 1627 3449 1671 et

1869 1714 2108 1766 animam
2150 1710 2582 1774 consumebant,
2624 1710 2698 1763 ita
2746 1717 2806 1763 ut
2834 1710 2898 1763 ad
2936 1726 3062 1763 eum
3093 1709 3396 1763 clamarent
3431 1726 3445 1762 :

1877 1806 2147 1876 Usquequo
2178 1806 2417 1858 animam
2445 1812 2679 1857 nostram
2713 1802 2892 1856 tollis?
2930 1800 2987 1856 Si
3023 1810 3079 1854 tu
3110 1819 3161 1854 es
3191 1800 3447 1866 Christus,

1870 1901 1955 1953 dic
1985 1899 2131 1951 nobis
2168 1897 2352 1967 palam
2377 1896 2446 1949 ⁸⁸.
2490 1894 2645 1960 Quod
2681 1894 2868 1964 utique
2892 1893 3085 1947 animae
3116 1890 3451 1946 inﬁdelitatis

1871 1989 2276 2059 consumptioni
2324 1988 2675 2057 subjacentes
2720 1993 2897 2039 erant.
2952 1982 3059 2037 Sed
3108 1991 3165 2036 et
3209 1980 3452 2036 Joannes

1874 2083 1987 2135 haec
2015 2080 2085 2134 de
2123 2079 2206 2133 eis
2248 2078 2377 2133 dicit
2410 2094 2423 2129 :
2457 2076 2751 2144 Propterea
2786 2089 2896 2126 non
2924 2078 3177 2142 poterant
3203 2067 3449 2122 credere.

1872 2176 1974 2241 Qui
2005 2188 2195 2228 rursus
2242 2171 2376 2226 dicit
2418 2168 2580 2224 Isaias
2607 2186 2620 2221 :
2647 2167 2798 2222 Ca'ca
2848 2183 2937 2219 cor
2979 2163 3160 2234 populi
3189 2161 3366 2231 hujus,
3404 2170 3452 2214 et

1874 2283 2029 2320 aures
2059 2265 2172 2333 ejus
2208 2278 2441 2334 aggrava
2465 2300 2480 2325 ,
2522 2277 2586 2313 ne
2616 2258 2826 2329 quando
2874 2256 3037 2310 oculis
3070 2256 3179 2309 suis
3216 2254 3450 2320 videant,

1873 2368 1922 2410 et
1962 2356 2176 2409 auribus
2226 2354 2484 2415 audiant,
2527 2361 2575 2404 et
2609 2351 2763 2403 corde
2801 2347 3098 2418 intelligant
3128 2346 3194 2398 “.
3236 2344 3450 2409 Cernis,

1873 2449 1998 2520 quia
2027 2445 2483 2519 quemadmodum
2532 2442 2780 2497 fecerunt
2825 2440 2950 2510 ipsi.
2999 2439 3077 2494 sic
3107 2446 3164 2493 et
3202 2436 3453 2493 Christus

1874 2543 1953 2597 eis
1991 2541 2140 2597 fecit.
2182 2538 2319 2605 Quia
2365 2538 2511 2592 enim
2559 2535 2678 2605 ejus
2713 2534 2928 2588 irritum
2978 2532 3159 2586 facere
3204 2538 3448 2600 pactum,

1876 2634 1991 2687 sive
2028 2639 2413 2686 testamentum
2446 2627 2798 2689 studuerunt,
2852 2633 2998 2679 recte
3031 2638 3222 2678 eorum
3265 2620 3453 2676 oculos

1875 2734 1931 2781 et
1958 2739 2052 2779 cor
2083 2722 2469 2787 excaeeavit,et
2483 2719 2733 2773 ardorem
2760 2717 2874 2771 sive
2905 2716 3118 2786 ἴκτερον
3151 2712 3451 2769 conﬁcien-

1878 2828 1987 2871 tem
2020 2814 2210 2871 oculos
2238 2828 2451 2877 eorum,
2483 2820 2537 2865 et
2564 2810 2774 2864 animas
2798 2814 3215 2863 consumentem
3243 2804 3325 2859 eis
3355 2803 3454 2857 de-

1877 2903 1976 2958 dit.
2025 2901 2131 2955 Sed
2158 2901 2293 2970 quid
2327 2901 2392 2954 iis
2422 2898 2665 2953 addidit?

1949 2995 2169 3049 Frustra
2201 3002 2482 3047 sementem
2510 2993 2715 3054 seretis,
2748 3006 2864 3062 qua:
2886 2990 2951 3044 ab
2975 2990 3207 3044 hostibus
3232 2990 3454 3042 devora-

1879 3086 2039 3139 bitur.
2085 3082 2307 3137 Frustra
2340 3084 2485 3138 enim
2526 3082 2635 3136 illis
2665 3082 3054 3152 prophetarum
3087 3091 3143 3135 et
3171 3079 3305 3150 legis
3328 3094 3455 3149 pro-

1878 3174 2062 3229 ferunt
2101 3173 2309 3228 semina
2337 3215 2353 3239 ,
2399 3182 2454 3227 et
2487 3173 2794 3228 doctorales
2838 3172 2988 3227 illinc
3024 3171 3299 3226 seminant
3336 3185 3455 3225 ser-

1876 3281 2092 3331 mones,
2141 3280 2250 3320 non
2286 3265 2551 3319 habentes
2587 3273 2783 3318 terram
2815 3262 3051 3317 fertilem
3103 3260 3169 3315 ad
3195 3259 3455 3330 intelligi-

1875 3357 2066 3411 bilium
2097 3355 2412 3424 dogmatum
2447 3353 2682 3407 fructum
2716 3369 2729 3405 :
2762 3350 2905 3405 unde
2954 3364 3057 3404 nec
3090 3348 3214 3403 cibo
3262 3360 3453 3401 eorum

1876 3449 2155 3511 fruuntur,
2190 3447 2284 3501 sed
2312 3446 2578 3501 devorant
2613 3459 2674 3498 ea
2705 3440 2999 3497 adversarii
3033 3453 3225 3494 eorum
3270 3435 3363 3506 qui
3398 3435 3455 3489 in

1875 3541 2094 3595 Christo
2141 3539 2395 3603 credunt,
2423 3552 2561 3607 quos
2594 3535 2695 3606 ipsi
2738 3534 2841 3588 sibi
2869 3548 2967 3603 per
2995 3531 3372 3586 inﬁdelitatem
3401 3536 3457 3582 et

1836 3648 1843 3655 '
1876 3635 2139 3689 invidiam
2176 3631 2482 3687 contrarios
2514 3629 2784 3685 fecerunt.

1948 3724 2015 3779 Et
2049 3741 2243 3796 ponam
2273 3725 2465 3794 faciem
2501 3737 2673 3776 meam
2725 3727 2908 3773 contra
2964 3733 3075 3773 vos.
3140 3712 3453 3770 Secundum

1874 3817 2253 3891 prapheticam
2304 3816 2449 3869 illam
2504 3829 2737 3870 vocem:
2784 3810 2971 3865 Vultus
3026 3817 3208 3862 autem
3242 3804 3454 3859 Domini

1874 3928 2032 3981 super
2058 3911 2307 3982 facientes
2334 3907 2479 3962 mala
2500 3948 2515 3973 ,
2545 3915 2602 3960 ut
2633 3904 2820 3974 perdat
2862 3902 2928 3956 de
2958 3910 3109 3955 terra
3145 3898 3455 3952 memoriam

1877 4018 2056 4056 eorum
2078 4001 2149 4056 ⁸⁷.

1946 4096 2015 4149 Ει
2043 4093 2295 4147 corruetis
2323 4107 2501 4145 coram
2524 4089 2756 4143 hostibus
2793 4086 2997 4141 vestris.
3027 4082 3269 4138 Gentiles
3283 4079 3453 4138 enim.

1876 4203 2018 4259 «illos
2041 4185 2292 4240 inimicos
2326 4182 2425 4238 sibi
2462 4182 2734 4251 judicant,
2784 4193 2968 4234 coram
3000 4176 3080 4231 eis
3129 4173 3367 4236 cadunt,
3399 4171 3455 4224 in

1878 4279 2051 4334 salute
2085 4290 2277 4331 eorum
2307 4273 2673 4328 oll‘endentcs.
2716 4270 2872 4325 Unde
2906 4266 3265 4340 Symmachus
3287 4306 3303 4331 ,
3357 4279 3459 4334 pro

1878 4371 2092 4435 cadetis,
2135 4367 2407 4438 offendetis
2432 4406 2447 4428 ,
2497 4365 2591 4429 ait,
2625 4372 2747 4417 ante
2782 4362 3023 4417 inimicos
3059 4367 3274 4414 vestros.
3316 4354 3455 4421 Quid

1877 4476 2059 4519 autem
2090 4461 2239 4516 aliud
2275 4458 2524 4514 addidit?
2555 4457 2941 4526 Persequentur
2972 4468 3079 4514 vos,
3107 4450 3227 4504 odio
3256 4448 3455 4502 haben-

250 4553 333 4607 Et
368 4552 561 4605 ardore
594 4552 682 4621 qui
708 4551 948 4619 conﬁciat
979 4549 1152 4603 oculos
1175 4558 1387 4603 vestros.
1412 4548 1536 4602 Sive
1572 4562 1771 4602 secun-
1805 4548 1847 4604 D
1877 4570 1950 4615 ιεε
1978 4576 2088 4623 vos,
2115 4566 2164 4611 ει
2197 4555 2406 4628 fugietis
2433 4551 2579 4606 nullo
2601 4557 2959 4620 persequente.

184 4645 325 4700 dum
358 4644 752 4714 Septuaginta:
782 4642 1047 4706 Scabiem,
1083 4652 1131 4697 et
1157 4642 1391 4695 morbum
1419 4641 1617 4711 regium
1650 4657 1773 4694 con-

182 4746 457 4792 sumentes
486 4736 658 4803 oculos
675 4748 891 4799 vestros,
920 4733 1209 4803 obﬁrmabo
1240 4749 1398 4802 super
1416 4749 1524 4785 vos.
1549 4731 1773 4787 Scabies

184 4840 382 4885 autem
411 4828 637 4883 morbus
665 4837 748 4882 est
776 4827 1047 4897 corporis,
1080 4826 1174 4880 sed
1198 4825 1541 4891 manifestus,
1583 4824 1638 4878 in
1679 4840 1774 4878 su-

185 4922 423 4993 perﬁcie
448 4921 634 4976 carnis
666 4929 721 4974 et
745 4920 898 4975 corio
921 4920 1042 4989 ejus
1075 4919 1391 4973 decurrens.
1430 4917 1649 4972 Morbus
1676 4932 1778 4971 au-

187 5026 307 5069 tem
332 5012 532 5084 regius,
556 5013 609 5067 id
631 5020 736 5076 est,
756 5012 989 5081 ἴκτερος,
1014 5010 1074 5064 ﬁt
1099 5010 1320 5079 quidem
1343 5025 1407 5063 ex
1429 5009 1773 5064 accensione.

189 5106 522 5161 Manifestus
556 5114 737 5159 autem
780 5105 872 5159 hic
900 5112 1007 5169 est,
1041 5103 1097 5157 in
1155 5101 1446 5173 superﬁcie
1492 5101 1671 5156 carnis
1722 5109 1780 5155 et

190 5199 356 5268 pellis
389 5199 708 5262 decurrens,
768 5207 823 5252 et
875 5196 1049 5251 multo
1096 5196 1268 5264 magis
1296 5194 1470 5249 oculis
1511 5193 1774 5248 insidens.

193 5292 395 5346 Latere
425 5300 607 5345 autem
643 5290 956 5344 morborum
986 5298 1180 5343 neuter
1208 5295 1409 5357 potest.
1436 5285 1595 5341 Tales
1623 5295 1780 5340 erant

193 5384 504 5438 animarum
554 5382 906 5437 Judaicarum
946 5381 1164 5447 morbi,
1214 5380 1488 5435 manifesti
1519 5389 1577 5435 et
1622 5379 1775 5444 mali,

193 5481 254 5528 et
281 5490 626 5545 nequaquam
666 5474 808 5528 ultra
837 5474 1089 5527 latentes.
1128 5472 1472 5527 Emulantes
1492 5472 1639 5526 enim
1670 5472 1777 5526 Do-

198 5571 335 5625 mini
373 5572 541 5625 verba
577 5580 632 5626 et
689 5568 992 5635 miracula,
1046 5583 1159 5622 non
1202 5568 1313 5639 jam
1372 5568 1593 5623 morbos
1645 5582 1775 5622 suos

275 5773 321 5803 '°
352 5774 515 5828 Marc.
542 5790 634 5837 vn,
668 5774 753 5828 ll.

830 5771 874 5803 ⁸¹
910 5770 1097 5827 Matth.
1128 5785 1282 5831 χχιιι,
1316 5768 1407 5822 25.
1485 5769 1531 5799 "
1562 5766 1726 5821 Mich.
1767 5784 1840 5831 vr,
1875 5769 1927 5824 8.
1997 5767 2044 5799 ⁸³
2073 5765 2321 5831 Joa'n.vt,
2357 5762 2447 5819 61.

201 5842 251 5875 “
286 5844 386 5899 lsa.
416 5860 489 5913 vi,
525 5846 608 5899 l0.
683 5845 727 5878 ’τ
760 5842 898 5898 Psal.
932 5856 1098 5897 χχχιιι
1128 5841 1209 5895 l7.
1287 5840 1332 5871 ⁸⁸
1370 5837 1604 5909 Philipp.
1645 5854 1725 5904 ιιι,
1753 5838 1836 5894 l2.

1949 4651 2048 4706 Hic
2074 4645 2482 4720 quodammodo
2511 4642 2847 4699 contrarium
2875 4653 2998 4692 esse
3043 4634 3263 4690 videtur
3309 4631 3453 4700 quod

1877 4746 2099 4801 dicitur.
2139 4741 2195 4797 Si
2229 4740 2373 4795 enim
2402 4738 2472 4792 ab
2501 4735 2754 4791 hostibus
2775 4728 3213 4802 persecutionem
3238 4724 3455 4794 patiun-

1880 4848 1989 4902 tur,
2017 4832 2292 4905 quomodo
2308 4830 2459 4884 nullo
2482 4832 2849 4899 persequente
2878 4818 3137 4890 fugiunt?
3169 4814 3299 4880 Sed,
3326 4828 3455 4883 per-

1878 4936 2180 4998 sequentur
2212 4937 2311 4977 vos
2335 4964 2349 4987 ,
2392 4935 2506 4975 non
2537 4918 2604 4973 ad
2638 4914 3026 4986 expellendum
3054 4908 3335 4979 legislator
3364 4919 3455 4957 ac-

1878 4996 2067 5087 cepit:
2105 5014 2202 5069 sed
2239 5011 2367 5082 quia
2396 5007 2669 5064 currendo
2715 5004 3086 5067 imminerent,
3120 4999 3185 5054 ad
3226 4996 3451 5052 saluten.

1879 5086 2067 5162 eorum
2101 5104 2447 5159 festinantes.
2478 5098 2656 5163 Unde,
2687 5100 3087 5167 persequentur
3108 5104 3224 5155 vos,
3255 5086 3321 5141 1n
3346 5102 3446 5139 ser-

1878 5201 2094 5255 vitutem
2126 5196 2358 5266 redigent
2386 5209 2495 5255 vos,
2514 5189 2903 5262 Symmachus;
2930 5184 3198 5239 Erudiunt
3232 5197 3265 5233 a
3294 5178 3454 5240 vobis,

1881 5288 2221 5345 Theodotion
2255 5286 2447 5342 edidit.
2487 5283 2673 5338 Talem
2697 5280 2858 5336 nobis
2891 5287 2946 5333 et
2975 5276 3177 5331 Paulus
3197 5288 3456 5345 persecu-

1882 5380 2087 5435 tionem
2116 5378 2463 5431 demonstrat
2491 5392 2504 5428 :
2537 5372 2742 5443 Sequar
2783 5378 2963 5424 autem
2989 5409 3004 5433 ,
3043 5368 3089 5421 si
3123 5364 3459 5434 comprehen-

1882 5472 2027 5535 dam,
2061 5470 2121 5522 ξιτ
2145 5484 2246 5538 quo
2278 5476 2326 5521 et
2348 5460 2965 5534 comprehensussum.”.
2998 5458 3202 5513 Gentes
3222 5471 3372 5525 ergo,
3406 5465 3456 5505 et

1881 5563 2023 5618 sicut
2040 5559 2208 5616 David
2223 5559 2291 5614 de
2320 5556 2749 5623 Judaeis,dicunt
2768 5570 2781 5607 :
2803 5549 2993 5606 Nonne
3019 5549 3111 5619 qui
3136 5558 3186 5602 te
3211 5546 3456 5608 oderunt,

2526 5761 2573 5793 “
2600 5759 2734 5816 Luc.
2769 5772 2825 5825 ιι,
2852 5756 2941 5811 47.
3008 5754 3052 5786 ⁸⁸
3080 5751 3238 5807 Joan.
3276 5765 3331 5814 ι,
3362 5749 3451 5804 is.
