3928 6428
579 397 722 462 ΠΗ

1777 402 2142 467 HESYCHII
2177 403 2659 468 PRESBYTERI

3723 406 3826 474 iliB

578 514 738 576 Deus,
781 515 994 567 oderam
1040 513 1158 568 illos
1185 511 1272 568 "?
1306 514 1694 570 Verumtamen
1745 532 1936 572 eorum
1996 520 2163 573 instat
2191 525 2237 578 Α
2267 522 2430 574 totius
2462 519 2752 589 praesentis
2780 519 2904 572 vitae
2932 517 3101 585 ﬁgura
3135 523 3254 575 est,
3289 524 3350 568 et
3383 514 3596 584 signum
3622 530 3713 583 est,
3735 539 3828 589 qua:

578 605 767 669 saluti,
792 605 1126 676 festinatque
1161 617 1216 660 et
1245 615 1385 672 orat,
1418 608 1521 661 scit
1545 607 1690 661 enim
1718 605 1855 671 Quia
1876 611 2164 674 assumptio

578 715 782 764 earum,
804 697 943 753 sicut
967 699 1038 752 ait
1062 697 1282 760 Paulus,
1314 700 1422 752 vita
1454 708 1528 752 est
1561 715 1624 752 ex
1658 700 1898 765 mortuis,
1922 709 1971 753 et
2001 700 2167 770 pleni-

580 790 703 843 tudo
733 803 937 854 earum,
971 788 1121 843 salus
1152 791 1335 842 mundi
1358 790 1425 842 9°.
1461 789 1522 841 Hi
1550 799 1733 843 autem
1768 789 1988 861 fugiunt
2015 791 2166 845 nullo

579 889 966 950 persequente.
1008 880 1125 934 Non
1151 881 1320 944 enim,
1364 881 1826 950 quemadmodum
1860 881 1935 934 illi
1967 891 2168 936 nostra:

580 974 740 1027 saluti
774 973 1039 1037 invident,
1059 973 1140 1028 sic
1163 982 1219 1027 et
1245 988 1347 1027 nos
1371 973 1611 1034 illorum.
1633 975 1776 1028 unde
1804 989 1898 1028 eos
1921 990 2025 1029 nec
2047 990 2170 1044 per-

581 1049 894 1133 sequimur,
930 1079 1033 1118 nec
1081 1079 1208 1118 cum
1260 1079 1361 1118 nos
1413 1073 1772 1128 aversantur,
1825 1080 2164 1130 aversamur,

580 1155 676 1211 sed
727 1155 1020 1226 implemus
1081 1156 1227 1225 quod
1285 1155 1455 1210 Isaias
1487 1157 1756 1226 propheta
1785 1157 1922 1210 dixit
1951 1175 1964 1210 :
1999 1159 2169 1211 Dicite

581 1249 878 1301 odientibus
915 1264 1003 1301 vos
1035 1249 1287 1318 fratribus
1315 1249 1521 1314 vestris,
1555 1259 1603 1302 et
1631 1249 2075 1311 abominantibus,
2111 1260 2166 1304 ut

582 1352 766 1390 nomen
787 1337 1002 1391 Domini
1029 1337 1373 1408 glori/icetur,
1393 1347 1440 1391 et
1465 1339 1705 1392 videatur
1734 1340 1791 1393 in
1814 1340 2168 1395 exsultatione

580 1445 783 1494 eorum,
813 1439 860 1483 et
892 1429 974 1482 illi
1002 1430 1309 1483 erubescant
1333 1431 1401 1484 ⁹¹.

654 1519 820 1575 Vens.
850 1521 1033 1575 l8-26.
1066 1513 1198 1575 (Sin
1217 1530 1398 1576 autem
1425 1537 1528 1576 nec
1562 1522 1640 1576 sic
1669 1523 1983 1579 ohedieritis
2012 1525 2167 1589 mihi,

579 1613 776 1665 addam
801 1612 1180 1682 correptiones
1213 1622 1422 1667 vestras
1448 1613 1759 1682 septuplum
1789 1626 2011 1684 propter
2041 1632 2170 1686 pec-

580 1714 702 1758 cata
743 1715 948 1769 vestra,
975 1713 1030 1758 et
1060 1713 1343 1758 conteram
1376 1705 1629 1758 duritiam
1663 1706 1933 1773 superbia:
1956 1719 2167 1773 vestrae,

581 1797 834 1865 daboque
859 1797 1058 1852 coelum
1089 1797 1244 1850 vobis
1271 1797 1526 1865 desuper,
1560 1797 1702 1851 sicut
1731 1796 1959 1862 ferrum,
1989 1807 2046 1852 et
2071 1808 2172 1853 ter-

2268 624 2365 678 per
2395 608 2768 678 septenarium
2804 621 3091 660 numerum
3127 604 3416 657 volvitur.
3448 604 3645 673 thuia
3663 621 3830 676 septem

2267 699 2348 754 eis
2380 699 2758 768 correptiones
2790 699 2906 752 sive
2953 698 3236 750 vindictas
3279 697 3372 748 vel
3424 696 3606 766 plagas
3646 699 3830 764 inferre,

2267 791 2637 846 omnimodam
2665 806 2902 859 pcenam,
2940 800 2994 843 et
3014 789 3306 859 integram
3342 787 3658 849 vindictam,
3683 801 3834 859 utpote

2268 899 2378 938 non
2412 883 2640 938 venialia
2671 897 2774 936 nec
2807 881 3131 952 pmnitentia
3168 880 3358 950 digna
3384 882 3728 947 peccantibus
3757 886 3832 936 mi-

2268 986 2430 1030 natus
2467 983 2568 1039 est,
2602 976 2674 1029 ita
2710 983 2766 1027 ut
2801 976 2964 1027 linem
3000 974 3054 1026 in
3084 974 3170 1026 eis
3227 971 3375 1024 illud
3431 971 3698 1040 acciperet
3739 991 3831 1043 pre

2269 1065 2546 1137 pheticum
2575 1065 2854 1135 eloquium
2891 1082 2904 1117 :
2935 1062 3073 1128 Quid
3129 1063 3405 1132 cogitatis
3453 1074 3636 1115 contra
3693 1064 3830 1119 θωπί·
3876 1071 3877 1094 ‘

2271 1174 2395 1212 num
2417 1158 2498 1211 "‘l
2517 1157 3057 1212 Consummationem
3083 1155 3209 1226 ipse
3230 1153 3428 1218 faciet,
3455 1170 3564 1207 non
3592 1170 3830 1225 consurget

2271 1250 2472 1319 duplex
2502 1249 2800 1312 tribulatio,
2826 1249 2954 1318 quia
2982 1249 3122 1303 sicut
3152 1247 3351 1316 spina:
3380 1261 3442 1300 se
3470 1246 3696 1301 invicem
3716 1263 3826 1302 coui-

2269 1345 2602 1413 plectuntur,
2629 1342 2708 1396 sic
2729 1341 3040 1396 convivium
3060 1341 3294 1394 illorum
3322 1337 3539 1408 pariter
3555 1340 3826 1407 potantium.

2270 1442 2665 1490 consumentur
2697 1433 2854 1502 quasi
2906 1433 3104 1502 stipula
3153 1430 3436 1484 ariditate
3479 1431 3656 1498 plena.
3697 1429 3759 1484 EX
3791 1444 3824 1485 te

2271 1522 2462 1586 exibit,
2493 1521 2740 1592 cogitans
2769 1529 2961 1576 contra
3005 1520 3318 1574 Dominum
3355 1518 3623 1571 malitiam
3649 1557 3664 1580 ,
3689 1529 3829 1571 mente

2273 1622 2614 1682 pertractans
2647 1613 3176 1682 praevaricationem.
3222 1611 3272 1664 A
3303 1625 3422 1680 quo
3452 1619 3634 1664 autem
3665 1613 3824 1679 cogita-

2274 1707 2348 1760 tio
2375 1717 2562 1760 contra
2601 1707 2889 1761 Dominum
2929 1721 3150 1777 egressa
3185 1717 3302 1767 est,
3336 1704 3485 1757 mala
3520 1704 3766 1772 cogitans,
3789 1715 3826 1756 et

2275 1799 2545 1852 contraria
2586 1799 2877 1868 praeceptis
2917 1799 3055 1866 ejus,
3108 1797 3224 1852 nisi
3275 1797 3493 1866 populo
3519 1793 3824 1849 Iudaeorum?

583 1903 698 1942 ram
733 1904 965 1943 aeneam.
1006 1888 1376 1942 Consumetur
1423 1888 1698 1942 incassum
1757 1890 1910 1943 labor
1964 1899 2168 1946 vester.
2203 1882 2244 1936 Β
2273 1890 2342 1944 de
2372 1905 2481 1960 quo
2510 1891 2678 1944 Isaias
2717 1892 2970 1946 dicebat:
3009 1891 3092 1945 Vae
3123 1890 3275 1954 illis,
3312 1891 3446 1959 quia
3484 1887 3738 1940 consilium
3763 1905 3824 1940 co-

581 1979 702 2034 Non
732 1980 975 2049 proferet
1010 1989 1153 2034 terra
1188 1995 1432 2051 germen,
1458 1995 1560 2034 nec
1586 1982 1813 2036 arbores
1836 1997 1994 2050 poma
2027 1999 2168 2054 pra:-

585 2073 810 2126 bebunt.
851 2071 906 2126 Si
939 2072 1348 2128 ambulaveritis
1384 2089 1452 2126 ex
1491 2074 1723 2128 adverso
1757 2075 1913 2141 mihi,
1941 2091 2044 2131 nec
2072 2092 2170 2132 vo.

584 2163 796 2218 lueritis
848 2165 1039 2217 audire
1090 2179 1212 2230 me,
1269 2163 1466 2217 addam
1520 2165 1705 2234 plagas
1745 2174 1960 2220 vestras
1995 2181 2168 2235 usque

584 2255 893 2325 septuplum
940 2265 1162 2325 propter
1207 2267 1428 2326 peccata
1465 2266 1641 2311 vestra
1677 2275 1691 2311 :
1725 2259 2080 2330 emittamque
2111 2261 2165 2314 in

585 2361 682 2400 vos
713 2346 882 2400 malas
908 2346 1114 2402 bestias
1164 2345 1299 2416 agri,
1332 2362 1452 2415 quae
1500 2357 1826 2402 consumant
1863 2356 1918 2401 et
1967 2363 2064 2402 vos
2113 2357 2170 2403 et

585 2451 782 2507 pecora
818 2449 996 2491 vestra
1023 2478 1037 2502 ,
1096 2446 1150 2492 et
1188 2437 1256 2491 ad
1288 2439 1620 2506 paucitatem
1659 2448 1854 2492 cuncta
1900 2440 2165 2510 redigant,

585 2530 923 2600 desertaque
952 2530 1085 2583 ﬁant
1118 2529 1220 2584 viae
1243 2540 1460 2584 vestrae.
1491 2529 1648 2596 Quod
1672 2531 1717 2584 si
1749 2547 1852 2586 nec
1881 2531 1958 2586 sic
1988 2533 2170 2587 volue-

586 2623 711 2679 ritis
747 2623 994 2693 recipere
1017 2622 1385 2691 discipliuam,
1420 2623 1516 2676 sed
1539 2623 1952 2678 ambulaveritis
1980 2639 2046 2678 ex
2073 2625 2171 2679 ad-

589 2731 748 2771 verso
780 2715 910 2770 mihi
934 2755 949 2779 ,
999 2730 1099 2785 ego
1137 2731 1355 2785 quoque
1385 2723 1573 2768 contra
1601 2729 1697 2769 vos
1730 2715 1993 2769 adversus
2023 2715 2171 2770 ince-

587 2807 734 2870 dam,
758 2815 814 2860 et
834 2807 1133 2875 percutiam
1150 2822 1246 2860 vos
1267 2806 1470 2875 septies
1489 2816 1710 2875 propter
1727 2816 1948 2875 peccata
1965 2815 2170 2871 vestra,

590 2898 953 2966 inducamqne
978 2913 1144 2968 super
1165 2912 1263 2951 vos
1284 2897 1520 2967 gladiqu
1549 2897 1784 2952 ultorem
1804 2897 2024 2952 fmderis
2039 2899 2168 2953 mei.

588 2990 837 3060 Cumque
873 2989 1228 3058 confugeritis
1257 2989 1324 3043 ad
1364 2990 1548 3052 urbes,
1573 2988 1784 3043 mittam
1807 2990 2169 3058 pestilentiam

591 3079 646 3132 in
680 3080 860 3134 medio
897 3079 1058 3132 vestri
1088 3121 1102 3144 ,
1163 3089 1218 3134 et
1252 3079 1543 3134 tradentiui
1586 3079 1824 3134 hostium
1880 3082 2171 3136 manibus:

592 3180 881 3241 postquam
908 3171 1232 3243 conlregero
1270 3172 1522 3226 baculum
1555 3172 1713 3241 panis
1747 3173 1952 3239 vestri,
2007 3174 2076 3227 ita
2114 3184 2175 3228 ut

588 3265 779 3319 decem
815 3265 1079 3318 mulieres
1105 3265 1160 3318 in
1186 3264 1404 3318 clibano
1435 3275 1674 3334 coquent
1703 3280 1873 3335 panes
1897 3306 1911 3331 ,
1949 3275 2004 3320 et
2043 3267 2169 3319 red-

589 3357 722 3409 dent
770 3371 864 3410 eos
915 3355 983 3409 ad
1016 3356 1252 3424 pondus,
1287 3363 1342 3410 et
1389 3356 1691 3411 comedetis
1718 3396 1732 3421 ,
1791 3366 1847 3412 et
1879 3373 1989 3411 non
2019 3367 2170 3412 satu-

591 3447 867 3501 rabitnini.
909 3465 928 3497 ι

661 3536 884 3591 Talibus
953 3537 1404 3592 distinctionibus
1460 3555 1571 3592 non
1626 3537 1827 3593 frustra
1895 3539 2172 3610 legislator

592 3645 724 3683 usus
765 3640 867 3691 est,
896 3646 1020 3682 nam
1049 3646 1198 3684 nunc
1231 3632 1450 3700 quidem
1488 3633 1566 3685 ait
1600 3649 1616 3687 :
1653 3630 1749 3686 Sin
1777 3642 1956 3687 autem
1979 3649 2070 3686 nec
2097 3634 2173 3686 sic

591 3722 890 3776 sbedieritis
917 3723 1067 3774 mihi.
1125 3723 1328 3776 Deinde
1380 3723 1642 3792 quasdam
1671 3725 2048 3793 correptiones
2077 3724 2173 3778 de-

591 3827 891 3866 nutnerans
922 3812 1200 3866 subinl‘ert
1233 3830 1245 3866 :
1277 3812 1335 3867 Si
1392 3813 1793 3868 ambulaverit-is
1839 3832 1904 3869 ea:
1956 3820 2172 3870 adverso

593 3903 742 3956 mihi.
785 3902 853 3956 Et
881 3918 1072 3956 rursus
1102 3903 1235 3957 alias
1255 3903 1439 3974 plagas
1468 3920 1769 3974 exponens,
1801 3905 1954 3960 addit
1980 3924 1990 3958 :
2023 3905 2173 3970 Quod

590 3995 636 4046 si
665 4009 755 4045 nec
775 3994 1042 4047 volueritis
1070 3995 1296 4064 recipere
1338 3997 1671 4064 disciplinam
1693 4037 1708 4064 ,
1736 3999 1826 4052 sed
1859 3997 2170 4051 ambulave-

594 4083 711 4135 ritis
739 4100 802 4136 ex
826 4084 1044 4137 adverso
1083 4085 1230 4138 milli.

666 4175 772 4230 Sed
825 4178 947 4231 ideo
968 4220 982 4243 ,
1035 4187 1094 4231 ut
1125 4178 1362 4232 diximus
1386 4220 1400 4244 ,
1450 4179 1535 4234 his
1559 4180 2007 4239 distinctionibus
2037 4202 2170 4241 usus

593 4278 714 4333 est,
768 4271 893 4339 quia
926 4271 1241 4339 frequenter
1270 4271 1524 4326 Christus
1570 4275 1852 4343 suscipere
1905 4278 2169 4346 populum

591 4359 904 4416 Iudaeorum
931 4361 1118 4436 voluit,
1152 4362 1229 4416 illi
1269 4372 1450 4416 autem
1488 4380 1593 4417 non
1624 4366 1974 4432 obediebaut,
2015 4370 2086 4420 ita
2117 4374 2178 4420 ut

596 4453 662 4506 ad
693 4467 790 4506 eos
813 4452 1074 4505 clamaret
1105 4470 1116 4504 :
1151 4451 1468 4517 Jerusalem,
1497 4451 1814 4517 Jerusalem,
1841 4469 1958 4522 quia
1985 4455 2176 4506 occidis

2264 1980 2431 2049 gitant
2460 1979 2656 2032 malum
2681 2021 2694 2041 ,
2747 1990 2932 2034 contra
2967 1981 3279 2045 semetipsos
3325 1981 3562 2032 dicentes
3590 1994 3606 2031 :
3635 1977 3822 2031 Circue-

2268 2071 2541 2124 veniamus
2563 2071 2769 2140 justum
2803 2091 2817 2125 :
2856 2073 2984 2142 quia
3011 2071 3226 2124 inutilis
3259 2079 3342 2124 est
3373 2071 3523 2123 nobis
3552 2071 3616 2122 ".
3643 2069 3821 2123 Fructus

2271 2178 2401 2232 ergo
2427 2163 2674 2217 laborum
2707 2178 2932 2217 suorum
2985 2164 3442 2218 manducabunt.
3477 2161 3691 2216 Intende
3713 2161 3817 2214 enim

2269 2251 2517 2305 oidinem
2590 2267 2699 2320 quo
2772 2252 2945 2306 utitur
3004 2252 3295 2321 legislator
3365 2255 3434 2304 ait
3496 2251 3815 2304 comminatio~

2271 2359 2422 2396 “Ulli.

2343 2435 2441 2488 Sin
2471 2444 2646 2487 autent
2682 2450 2773 2488 nec
2800 2435 2876 2488 sic
2916 2435 3217 2488 obedieritis
3268 2435 3425 2490 milli.
3469 2434 3653 2486 addam
3683 2447 3808 2484 corre-

2271 2532 2471 2598 ptiones
2529 2541 2724 2584 uestras
2769 2529 3065 2599 septuplum
3126 2540 3353 2598 propter
3415 2537 3619 2596 peccata
3667 2537 3807 2602 vestra.

2272 2619 2624 2690 Septuaginta
2693 2630 2873 2674 autem
2955 2619 3254 2673 ediderunt
3293 2637 3307 2670 :
3343 2617 3402 2671 Si
3448 2633 3603 2686 usque
3664 2616 3807 2667 adhoc

2275 2729 2378 2766 non
2418 2713 2696 2766 audieritis
2735 2729 2817 2764 me
2846 2729 2858 2763 :
2887 2725 3059 2781 usque
3089 2711 3159 2766 ad
3210 2711 3322 2764 hoc
3342 2709 3490 2779 quod
3521 2705 3807 2778 praecedentia

2273 2805 2652 2867 ostenderunt,
2689 2803 2778 2857 ubi
2805 2812 3102 2872 egestatem
3133 2802 3510 2868 ardoremque
3529 2799 3672 2854 dixit.
3715 2797 3805 2862 Quae

2272 2898 2545 2967 quomodo
2589 2896 3062 2967 oporteat-accipi,
3106 2896 3162 2950 in
3215 2893 3653 2966 praecedentibus
3688 2902 3805 2958 ωερε

2275 2991 2505 3044 suimus.
2537 2988 2592 3043 Si
2635 3005 2763 3061 ergo
2791 3005 2963 3059 usque
2993 2990 3059 3042 ad
3103 2989 3210 3044 hoc
3244 2987 3616 3042 inobedientes
3638 2983 3800 3042 inierint.

2278 3092 2338 3137 ut
2367 3098 2470 3136 nec
2501 3099 2564 3137 ex
2599 3083 2704 3146 his,
2736 3098 2857 3150 qum
2885 3083 3028 3136 dicta
3061 3093 3215 3144 sunt,
3252 3080 3626 3136 emendentur,
3657 3082 3802 3142 septis

2282 3176 2400 3229 illos
2432 3175 2568 3229 dixit
2591 3176 2813 3244 corripi,
2837 3175 2890 3228 id
2913 3186 3014 3238 est,
3051 3174 3356 3244 perlectam
3392 3165 3796 3239 correptionemin

2274 3265 2509 3333 peccatis
2553 3281 2741 3318 eorum
2772 3264 3016 3318 evenire.
3045 3264 3260 3329 Quibus
3302 3271 3506 3324 autem,
3543 3273 3640 3312 non
3683 3255 3794 3315 dicit,

2273 3362 2333 3407 ut
2382 3371 2572 3408 eorum
2628 3363 2850 3423 peccata
2886 3353 2988 3408 hoc
3050 3354 3191 3422 ipso,
3240 3353 3392 3422 quod
3428 3365 3534 3404 non
3583 3344 3790 3402 emendati

2272 3453 2418 3508 sunt,
2443 3461 2506 3499 ex
2532 3446 2807 3514 praedictis
2831 3445 3217 3513 intelligamus.
3249 3446 3321 3506 Et
3347 3443 3476 3513 quid
3500 3440 3678 3494 addidit
3707 3437 3725 3489 ἲ

2345 3536 2413 3589 Et
2447 3547 2715 3590 conteram
2738 3538 2992 3590 duritiam
3009 3539 3270 3606 superbia:
3300 3545 3500 3590 vestrm.
3526 3531 3624 3585 Non
3650 3528 3791 3581 volue-

2274 3638 2405 3684 runt
2455 3645 2573 3682 eam
2616 3629 2820 3683 Christi
2874 3629 3184 3682 libertatem
3233 3628 3530 3696 suscipere.
3577 3622 3784 3676 dicentes:

2273 3721 2460 3776 Semen
2493 3722 2714 3775 Abrahw
2742 3739 2944 3781 sumus,
2968 3733 3015 3774 et
3039 3721 3171 3774 nulli
3203 3721 3512 3774 seruiuimus
3542 3707 3768 3783 usqum”-

2277 3814 2428 3868 llanc
2459 3829 2649 3868 eorum
2698 3814 2955 3868 duritiam
3000 3814 3277 3882 superbiae
3338 3807 3594 3872 contrivit,
3628 3797 3764 3855 εθηὶη

2274 3922 2370 3960 eos
2397 3906 2650 3975 gentibus
2666 3904 2894 3959 faciens.
2923 3904 3072 3957 Dabo
3099 3904 3291 3956 caelum
3312 3886 3453 3956 uobis
3475 3907 3651 3963 desuper
3670 3892 3764 3942 sicut

2282 4002 2506 4070 ferrum.
2536 3998 2748 4051 Nullam
2774 4013 2902 4068 ergo
2922 4013 2985 4051 ex
3017 4012 3084 4050 eo
3105 3997 3480 4050 visitationem
3504 3988 3672 4060 penitus
3689 3987 3775 4073 sunt

2278 4090 2485 4159 adepti.
2525 4089 2593 4142 Et
2623 4099 2818 4143 terram
2847 4105 3070 4143 mneam.
3107 4089 3278 4142 Terra
3310 4086 3459 4141 enim
3496 4080 3650 4136 divinat
3669 4073 3777 4125 Scri-

2276 4194 2470 4252 pturae,
2515 4198 2678 4251 quam
2717 4182 3024 4251 possident,
3084 4180 3426 4235 infructuosa
3469 4175 3539 4229 eis
3561 4177 3650 4230 est;
3682 4171 3776 4216 cum

2277 4290 2386 4328 non
2431 4275 2500 4328 ab
2549 4275 2628 4328 eis
2674 4273 2991 4343 intelligitur
3041 4289 3149 4342 quo
3188 4276 3446 4342 Oporteat
3493 4262 3645 4322 modo,
3671 4255 3777 4343 illan

2278 4379 2484 4418 aeneam
2536 4379 2655 4418 esse
2699 4363 2850 4418 dicit.
2891 4363 2974 4417 Ad
3013 4363 3174 4432 cujus
3228 4363 3308 4417 rei
3345 4355 3673 4415 ostensionem
3711 4341 3777 4396 Id-

2280 4455 2417 4510 ditlil.
2450 4471 2464 4508 :

594 4545 894 4614 prop/tetas,
921 4555 968 4596 et
997 4544 1204 4612 lapides
1230 4560 1314 4597 eos
1340 4543 1429 4613 qui
1452 4543 1521 4595 ad
1553 4553 1600 4595 te
1625 4544 1767 4596 missi
1788 4554 1907 4596 sunt
1932 4559 1951 4598 .°
1971 4546 2174 4614 quoties
2207 4571 2250 4626 ι)
2349 4547 2696 4602 Consumetur
2739 4545 3004 4598 incassum
3053 4542 3203 4596 labor
3245 4553 3429 4600 vester.
3467 4535 3617 4593 Labor
3641 4521 3768 4626 ξυίων

596 4634 740 4689 volui
778 4651 1092 4706 congregare
1131 4635 1267 4702 ﬁlios
1299 4645 1444 4700 tuos,
1488 4635 1623 4687 sicut
1659 4635 1860 4704 gallina
1893 4647 2174 4708 congregat

596 4728 766 4797 pullos
791 4744 910 4780 suos
943 4727 1035 4780 sub
1085 4727 1202 4779 alas
1235 4743 1381 4790 suas,
1418 4735 1465 4778 et
1498 4726 1716 4780 noluisti
1745 4727 1838 4779 "?
1875 4728 2007 4782 Illud
2048 4745 2176 4799 ergo

596 4820 833 4873 maxime
860 4820 914 4872 in
952 4819 1054 4881 his,
1079 4857 1081 4861 ι
1109 4833 1231 4887 quae
1263 4817 1408 4872 dicta
1439 4828 1588 4880 sunt,
1631 4820 2000 4878 attendamus.
2052 4819 2177 4890 quia

596 4925 723 4962 cum
759 4919 967 4978 septem
1001 4910 1376 4977 correptiones
1429 4911 1796 4964 comminatus
1847 4911 2048 4977 fuerit,
2101 4913 2180 4967 sic

597 5016 692 5054 eas
719 5001 963 5054 subdidit
998 5017 1011 5052 :
1041 5000 1440 5054 Contritionem
1475 5015 1604 5070 ergo
1633 5002 1850 5056 duritia:
1888 5004 2180 5071 superbiae,

600 5100 657 5145 et
678 5091 952 5145 dationem
976 5092 1096 5146 coeli
1129 5091 1316 5157 ferrei,
1345 5103 1398 5148 et
1429 5106 1588 5148 terra:
1611 5110 1798 5154 aeneas,
1820 5103 1876 5148 et
1909 5095 2182 5151 incassum

601 5198 790 5236 eorum
823 5183 1073 5236 consumi
1115 5183 1353 5237 laborem
1380 5224 1394 5247 ,
1442 5195 1491 5237 et
1550 5193 1749 5238 terram
1793 5201 1901 5238 non
1937 5185 2184 5255 proferre

604 5289 849 5344 germen,
889 5291 990 5330 nec
1021 5277 1245 5329 arbores
1289 5291 1446 5344 poma
1492 5277 1738 5345 przebere
1793 5278 2034 5332 minatus
2077 5288 2183 5333 est.

607 5368 733 5422 llaec
767 5377 950 5421 autem
981 5383 1074 5421 sex
1097 5378 1245 5430 sunt,
1276 5383 1384 5420 non
1420 5378 1629 5436 septem
1659 5386 1670 5421 :
1699 5369 1800 5422 hoc
1833 5370 1973 5423 idem
2001 5381 2184 5425 autem

609 5460 877 5522 invenies,
911 5470 966 5514 et
988 5459 1226 5528 reliquas
1251 5459 1630 5528 correptiones
1662 5475 2006 5529 percurrens.
2047 5463 2187 5533 Ergo

610 5571 704 5623 per
731 5555 834 5608 hoc
859 5552 1206 5606 manifestum
1230 5561 1313 5606 est
1340 5569 1352 5604 :
1378 5553 1506 5620 quia
1537 5553 1879 5621 septenarius
1904 5568 2186 5619 numerus,

685 5780 728 5809 ⁸⁸
765 5778 904 5833 Psal.
947 5794 1212 5839 (:xxxvut.
1239 5780 1330 5834 2|.
1432 5782 1477 5811 ⁸ο
1512 5777 1667 5834 Rom.
1716 5798 1789 5844 xt,
1817 5781 1884 5833 lli
1914 5791 1970 5835 et
2003 5783 2083 5835 19..

617 5849 664 5883 ⁵⁵
699 5847 828 5918 Sap.
866 5865 925 5915 tt,
962 5851 1047 5902 l2.
1127 5851 1171 5881 ³⁵
1202 5850 1360 5904 Joan.
1399 5867 1514 5915 vui,
1540 5851 1628 5905 55.

2197 5785 2238 5815 ⁹¹
2268 5781 2370 5836 lsa.
2401 5799 2540 5845 LxVI,
2576 5768 2624 5835 ὅ.

1705 5854 1749 5884 θε
1780 5850 1979 5921 Philip.
2017 5866 2096 5916 ιιι,
2132 5853 2216 5907 ta.

2280 4657 2440 4710 quem
2472 4641 2527 4693 in
2562 4639 2760 4694 divinis
2787 4635 3082 4708 Scripturis
3111 4638 3429 4699 ostendunt,
3484 4620 3782 4710 incumbentes

2284 4708 2558 4789 traditioni
2610 4733 2822 4795 litterae,
2851 4732 3123 4784 incassum
3156 4729 3503 4787 consumitur,
3551 4715 3626 4786 qui
3664 4708 3777 4779 lllene

2285 4842 2393 4880 non
2415 4834 2641 4895 possunt
2666 4825 2782 4895 lege
2803 4823 3102 4878 secundum
3129 4823 3361 4878 litteram
3389 4818 3482 4878 uti,
3513 4810 3660 4867 ablato
3671 4801 3775 4895 locu,

2287 4920 2341 4974 in
2366 4891 2474 4988 quo
2497 4918 2680 4971 littera
2701 4891 2918 4971 omnem
2938 4916 3181 4970 divinum
3208 4916 3406 4969 cultum
3425 4905 3542 4976 legis
3558 4891 3771 4988 conclusit

2290 4985 2461 5064 Nimis
2490 5009 2634 5062 enim
2658 5007 2915 5062 convenit
2939 5007 3086 5076 quod
3117 5008 3360 5076 sequitur
3384 5020 3397 5056 :
3429 4997 3534 5053 Non
3563 4985 3681 5076 dabit

2291 5120 2352 5155 ra
2416 5115 2624 5170 germen
2684 5115 2860 5160 suum,
2915 5071 3007 5149 nec
3059 5071 3270 5150 arbores
3328 5105 3471 5162 poma
3517 5071 3760 5170 prcit-llius

2291 5163 2478 5262 Neque
2517 5192 2664 5246 enim
2705 5190 2945 5244 exterior
2977 5205 3164 5243 eorum
3205 5190 3383 5251 homo,
3418 5179 3501 5251 qui
3543 5163 3768 5262 appellnt!

2297 5292 2462 5341 terra,
2499 5280 2807 5344 lructilicat,
2840 5280 2968 5349 quia
3014 5281 3067 5334 in
3096 5276 3449 5351 gastrimargia
3475 5247 3763 5355 vivunt,

2293 5372 2373 5425 eis
2427 5371 2630 5425 dictum
2671 5381 2753 5425 est
2781 5388 2792 5423 :
2846 5368 3080 5434 Quorum
3106 5350 3116 5351 ί
3143 5370 3278 5424 Deus
3305 5375 3482 5422 venter,
3515 5366 3554 5411 et
3574 5350 3702 5422 gloria
3725 5350 3761 5433 "l

2295 5464 2594 5532 confusione
2620 5465 2882 5517 eorum".
2907 5462 3012 5517 Sed
3046 5479 3147 5516 nec
3187 5471 3402 5518 mentes,
3437 5448 3656 5523 quietum

2298 5530 2463 5627 “Sila,
2498 5556 2642 5610 sicut
2675 5555 2895 5610 inserta:
2921 5556 3142 5625 quidem
3171 5553 3372 5624 corpori
3404 5569 3416 5604 :
3448 5543 3527 5599 sed
3558 5530 3757 5588 tamen“

2741 5783 2783 5813 θ’
2821 5781 3016 5835 Matth.
3042 5797 3195 5840 χχιιι,
3238 5781 3318 5836 57.
3389 5771 3430 5804 ³⁸
3453 5761 3637 5820 Nullum.
3659 5736 3744 5810 1,9-
