4032 6416
223 386 362 450 1149

1375 401 1458 458 ΙΝ
1499 400 1937 460 LEVITICUM.
1958 423 2027 435 --
2047 401 2194 460 LIB.
2214 399 2344 458 VII.

3343 393 3480 459 1150

217 497 552 550 excelsiores
569 498 776 555 fructus
805 501 912 556 Deo
945 505 1188 574 praebent
1211 508 1354 576 quod
1379 509 1682 579 germinare
1704 523 1805 562 nos
1833 515 1876 569 Α
1908 510 1981 561 ris
2039 507 2358 577 sapientiam
2420 505 2743 573 obstupesce
2767 541 2784 568 ,
2839 503 3111 572 quomodo
3177 514 3482 574 opportuna

218 586 277 642 in
313 589 512 657 pietate
541 590 675 643 vult.

276 679 334 733 Si
357 681 752 736 ambulaveritis
769 701 832 738 ea:
854 686 1070 738 adverso
1097 688 1240 742 mihi.
1265 687 1451 757 Neque
1481 689 1628 743 enim
1661 697 1809 742 recto

218 774 390 827 corde
439 774 502 826 ad
536 773 704 827 Deum
761 776 1039 830 incedunt.
1100 779 1426 836 Pervertunt
1485 782 1630 836 enim
1691 782 1810 850 ejus

215 865 393 927 viam,
450 864 582 934 legis
608 875 663 918 et
709 867 1099 936 prophetarum
1150 886 1344 926 sensus
1407 874 1806 937 subvertentcs,

219 966 286 1010 ut
311 973 465 1010 suam
497 956 919 1012 inobedientiam
970 976 1064 1029 per
1093 962 1194 1017 hoc
1223 973 1384 1034 atque
1410 966 1808 1036 praevaricatio-

215 1063 350 1101 nem
410 1049 673 1106 colerent.
712 1051 938 1122 Propter
996 1055 1140 1122 quod
1189 1055 1395 1110 infert:
1430 1057 1538 1110 Nec
1561 1058 1606 1109 si
1633 1057 1810 1112 volue-

219 1137 345 1191 ritis
375 1139 561 1191 audire
593 1156 694 1197 me.
725 1142 920 1194 addam
953 1145 1093 1198 vobis
1125 1145 1312 1215 plagas
1337 1158 1534 1200 vestras
1557 1165 1715 1216 usque
1740 1149 1810 1201 ad

213 1232 524 1301 septuplum
551 1245 762 1302 propter
783 1246 997 1304 peccata
1027 1246 1217 1290 vestra.
1243 1238 1364 1291 Non
1381 1238 1491 1306 jam
1513 1238 1810 1307 correptio—

218 1337 352 1388 nes,
395 1323 492 1378 sed
544 1326 748 1394 plagas,
802 1327 1116 1381 validiorem
1165 1345 1310 1382 nunc
1341 1343 1557 1398 pmuam
1608 1343 1810 1399 praece-

229 1415 411 1483 denti,
451 1426 504 1470 et
545 1418 807 1487 aqualem
846 1435 1034 1474 eorum
1078 1420 1458 1488 iniquitatibus
1507 1435 1808 1490 exponens,

217 1523 394 1576 quam
431 1507 594 1562 hanc.

295 1599 658 1669 Emittantque
682 1602 734 1653 in
757 1618 843 1654 vos
888 1601 1060 1656 malas
1100 1602 1290 1656 bestias
1318 1603 1456 1673 agri,
1485 1617 1601 1671 qua:
1623 1618 1811 1654 consu—

221 1700 376 1742 mant
419 1708 508 1745 vos
537 1701 584 1744 et
625 1708 811 1761 pecora
836 1701 1030 1756 vestra,
1061 1703 1110 1746 et
1151 1697 1220 1746 ad
1264 1691 1581 1761 paucitatem
1623 1702 1810 1744 cuncta

224 1784 499 1854 redigant,
560 1784 876 1854 desertteque
921 1785 1053 1853 ﬁant
1083 1787 1180 1838 vim
1224 1794 1425 1839 vestrae.
1476 1783 1809 1858 Quia‘etutn‘

1912 601 2097 654 subdit
2123 618 2137 654 :

1979 711 2215 783 Cumque
2268 711 2508 782 fugeritis
2563 710 2634 763 ad
2665 710 2836 775 urbes,
2885 710 3096 763 mittam
3131 709 3484 779 pestilentia»:

1910 805 1964 858 in
2019 805 2188 859 medio
2237 804 2417 857 vestri.
2468 801 2835 872 lntelligibiles
2880 800 3146 864 civitates,
3203 800 3486 871 prophetia

1910 907 2059 948 sunt.
2101 894 2448 948 Manifestum
2491 900 2574 946 est
2603 900 2784 945 autem
2819 905 2886 945 ex
2919 891 3118 961 quibus
3152 891 3296 945 Deus
3333 889 3488 946 Jere-

1911 987 2034 1041 mia:
2075 986 2291 1041 dicebat
2335 1004 2348 1039 :
2388 985 2500 1056 Ego
2553 984 2745 1055 quippe
2789 984 2908 1037 dedi
2944 992 2994 1037 te
3034 984 3186 1037 hodie
3222 984 3487 1037 civitatem

1901 1077 2172 1134 munitam
2187 1079 2253 1130 ’9.
2273 1075 2736 1142 Quemadmodum
2755 1090 2883 1146 ergo
2899 1074 2952 1128 in
2977 1074 3227 1128 civitates
3245 1083 3488 1128 muratas

1908 1167 1998 1237 qui
2033 1166 2189 1237 fugit,
2209 1167 2252 1220 si
2285 1165 2491 1219 amicus
2517 1174 2600 1219 est
2629 1164 2886 1228 salvatur,
2913 1164 2961 1218 si
2998 1171 3180 1217 autem
3211 1163 3485 1228 inimicus,

1910 1255 2122 1310 facilius
2174 1254 2458 1323 perimitur
2495 1253 2548 1307 in
2572 1267 2761 1306 earum
2818 1253 3029 1307 ambitu
3068 1253 3435 1312 circumdatus
3470 1269 3485 1306 :

1910 1347 1989 1402 sic
2026 1347 2082 1400 in
2117 1345 2458 1416 propheticis
2497 1345 2670 1409 libris,
2709 1353 2766 1398 et
2809 1344 2863 1397 in
2913 1359 3102 1398 eorum
3143 1343 3488 1408 testimoniis,

1909 1439 2071 1492 amici
2125 1437 2249 1492 ﬁdei
2284 1435 2666 1506 confugientes
2720 1436 3082 1490 munitionem
3154 1436 3490 1505 salutemque

1910 1531 2218 1592 inveniunt,
2269 1529 2472 1584 inimici
2520 1538 2704 1583 autem
2751 1537 2807 1582 et
2847 1528 3092 1582 infideles
3138 1527 3246 1581 cito
3292 1527 3489 1596 captivi

1913 1632 2164 1692 pereunt.
2198 1621 2428 1690 PrOpter
2453 1620 2618 1688 quod.
2641 1619 2862 1688 quando
2892 1619 2958 1672 ad
2991 1619 3294 1688 prophetas
3318 1617 3490 1672 Judaei

1916 1716 2150 1784 fugiunt,
2196 1713 2534 1769 declinantes
2579 1726 2705 1766 eum
2756 1711 2847 1787 qui
2899 1711 3062 1766 estin
3112 1710 3286 1766 doctis
3335 1709 3490 1772 viris,

1916 1808 2219 1876 Spiritalem
2256 1805 2515 1876 gladium,
2555 1803 2922 1874 pestilentiam
2961 1802 3039 1856 ait
3085 1817 3144 1857 se
3190 1802 3405 1855 mittere
3436 1801 3488 1854 iu

220 1877 553 1946 semetipsos
587 1893 618 1930 ³
659 1877 752 1930 Dei
801 1876 885 1932 "ia
935 1878 1270 1946 Γθβυίθτυηιν
1320 1885 1466 1931 "me
1508 1891 1670 1945 super
1718 1890 1810 1930 cus
1844 1873 1882 1924 Β
1913 1873 2095 1954 medio
2144 1873 2358 1954 eorum.
2409 1897 2527 1952 lllic
2558 1873 2729 1952 ienim
2758 1895 3088 1958 moriuntur,
3147 1894 3311 1947 etiam
3344 1892 3494 1945 nullo

218 1967 415 2022 bestia:
458 1968 592 2039 agri,
643 1968 918 2023 dmntones
956 1969 1344 2031 immittuntur,
1402 1969 1671 2023 dominari
1727 1967 1807 2020 eis

219 2059 504 2128 permissi,
560 2059 651 2128 qui
711 2075 805 2114 eos
833 2069 887 2114 et
935 2068 1282 2115 consumunt.
1337 2059 1608 2128 Quidquid
1660 2058 1807 2112 enim

221 2151 726 2220 videnturjustitite
744 2166 928 2222 agere,
958 2153 1100 2205 Deus
1129 2151 1230 2204 sibi
1260 2167 1367 2203 non
1394 2151 1640 2218 imputat,
1664 2148 1809 2218 quod

221 2239 573 2294 demonstrat
598 2239 796 2294 Paulus
821 2238 1011 2294 dicens
1048 2256 1061 2292 :
1100 2239 1372 2292 Justitiam
1388 2255 1542 2292 suam
1569 2254 1810 2308 quazren-

226 2345 304 2388 tes
348 2335 679 2396 constituere,
716 2333 946 2402 justitia:
987 2333 1086 2386 Dei
1120 2349 1219 2386 non
1250 2343 1370 2385 sunt
1400 2331 1621 2400 subjecti
1643 2331 1710 2383 9'.
1744 2331 1812 2384 Et

231 2443 421 2480 rursus
467 2425 692 2479 :lsrarl
749 2435 927 2480 autem
978 2423 1225 2479 s‘ectaudo
1275 2424 1444 2492 legem
1483 2424 1726 2492 justitiw,
1757 2423 1811 2474 iu

236 2515 401 2585 legem
430 2515 648 2584 justitiae
687 2531 792 2568 non
830 2516 1062 2583 pervenit
1093 2515 1161 2568 9“.
1199 2514 1432 2568 Necesse
1463 2523 1545 2568 est
1573 2529 1722 2582 ergo.
1755 2521 1813 2568 ut

234 2621 362 2663 eum
382 2607 664 2661 comedant
691 2607 988 2669 daemones,
1017 2607 1109 2676 qui
1148 2622 1337 2660 eorum
1374 2622 1590 2675 pecora,
1623 2607 1676 2674 id
1706 2615 1810 2671 est,

228 2701 520 2767 pecoribus
551 2699 758 2754 similes
799 2699 1071 2760 homines,
1101 2714 1330 2768 pravum
1360 2699 1616 2752 videlicet
1645 2715 1816 2767 popu-

228 2790 347 2844 lum
395 2801 557 2860 atque
585 2791 898 2860 imperitum
932 2799 1286 2852 consumunt,
1327 2789 1596 2859 siquidem
1627 2791 1816 2844 nullus

222 2893 314 2939 cst
357 2885 416 2938 in
464 2884 572 2939 illis
611 2884 942 2948 intellectus,
987 2884 1123 2938 nihil
1175 2883 1266 2937 Dei
1317 2883 1538 2938 servitio
1593 2883 1814 2954 dignum

221 2976 471 3048 cogitare
502 2984 931 3039 consueverunt,
950 2976 1044 3031 sed
1070 2977 1214 3030 sicut
1239 2976 1483 3044 jumenta
1514 2976 1569 3029 in
1596 2977 1818 3032 modum

226 3065 376 3122 freni
432 3068 614 3123 stultis
677 3069 1092 3138 praepositorum
1139 3083 1361 3122 suorum
1428 3068 1818 3122 traditionibus

227 3161 536 3224 ducuntur,
571 3169 793 3229 prepter
828 3160 972 3228 quod
1005 3168 1134 3214 sunt
1162 3159 1474 3213 daemonum
1501 3159 1630 3225 cibi,
1661 3169 1717 3214 et
1750 3161 1818 3214 ad

226 3253 562 3322 paucitatem
612 3251 956 3320 rediguntur,
991 3259 1103 3304 tam
1147 3251 1502 3305 multitudine
1533 3267 1696 3320 quam
1731 3252 1816 3307 di-

229 3344 463 3414 gnitate.
487 3342 830 3412 Desertazque
851 3358 1037 3397 eorum
1059 3344 1196 3397 fiunt
1214 3342 1334 3409 vite,
1357 3358 1478 3412 quae
1500 3359 1604 3397 nec
1625 3359 1819 3413 aquam

232 3437 446 3491 habent
479 3435 624 3498 vitm,
655 3451 757 3490 nec
782 3436 1210 3506 susceptionem,
1243 3437 1359 3491 sive
1395 3437 1820 3506 hospitalitatem

231 3529 650 3599 intelligibilem,
718 3543 819 3583 nec
897 3528 1264 3598 producentes
1316 3543 1376 3583 se
1408 3529 1496 3584 vel
1545 3529 1701 3599 quasi
1743 3529 1814 3583 ad

234 3637 462 3675 manum
495 3620 850 3687 deducentes,
882 3628 976 3673 aut
1006 3621 1400 3676 custodientes.

313 3713 468 3777 Quod
497 3714 543 3766 si
575 3730 666 3766 nec
693 3715 768 3766 sic
797 3712 1066 3766 volueritis
1095 3714 1322 3782 recipere
1347 3711 1701 3782 disciplinam,
1734 3713 1823 3767 sed

236 3804 635 3859 ambulaveritis
667 3821 728 3858 ex
759 3805 976 3858 adverso
1010 3805 1158 3870 mihi,
1177 3821 1269 3873 ego
1296 3822 1497 3876 quoque
1525 3815 1706 3858 contra
1733 3821 1822 3859 vos

236 3897 493 3950 adversus
525 3897 787 3950 incedam.
830 3894 1075 3951 Adversa
1104 3911 1263 3964 pmna
1294 3902 1436 3955 utar,
1467 3895 1825 3964 quemadmo-

236 3987 373 4039 dum
399 3985 627 4039 adversa
663 3993 748 4039 est
770 3985 871 4056 legi
895 3993 1077 4038 vestra
1102 3982 1505 4053 praevaricatio:
1528 3998 1652 4036 cum
1677 3981 1825 4036 enim

236 4077 493 4132 meditari
556 4093 676 4132 eam
731 4076 1046 4141 videamini,
1111 4074 1479 4129 intentionem
1535 4073 1654 4141 ejus
1715 4088 1825 4126 non

237 4169 494 4235 servatis,
530 4170 609 4226 sic
637 4179 692 4224 et
723 4185 824 4240 ego
872 4170 1158 4224 adversam
1203 4166 1360 4223 vobis
1402 4165 1825 4235 superinducam

237 4277 487 4332 pceuam,
514 4277 624 4314 non
647 4276 745 4315 vos
772 4260 1072 4329 corripiens
1108 4258 1236 4323 illis,
1265 4257 1462 4328 quibus
1495 4256 1828 4326 ﬂagellabam

237 4356 417 4425 prius,
442 4355 666 4425 quando
691 4352 1001 4408 mortiferas
1025 4360 1308 4420 serpentes
1335 4357 1390 4403 et
1407 4347 1741 4410 incendium,
1774 4357 1831 4401 et

241 4458 406 4502 terra:
435 4447 639 4512 hiatus,
675 4453 730 4498 et
777 4443 977 4499 similia
1016 4457 1179 4511 super
1203 4456 1301 4496 vos
1336 4439 1680 4501 inducebam,
1734 4437 1829 4492 sed

239 4535 401 4589 alias.
458 4534 588 4600 Quae
643 4540 773 4596 sunt
823 4542 1007 4587 autem
1070 4532 1178 4594 has,
1246 4530 1531 4599 sequentia
1583 4529 1826 4600 legentes

241 4627 504 4682 sciemus.

339 4718 408 4772 Et
440 4719 732 4786 percutiam
760 4733 848 4770 vos
891 4717 1079 4785 septies
1117 4721 1325 4785 propter
1361 4721 1578 4782 peccata
1624 4722 1824 4766 vestra.

243 4809 410 4864 Prius
439 4809 752 4878 corripiam,
774 4808 972 4863 deinde
999 4805 1323 4878 percutiam.
1353 4802 1660 4858 Procedens
1681 4802 1830 4856 enim

245 4917 437 4974 pama,
473 4909 664 4972 utpote
691 4911 882 4957 contra
914 4899 1317 4962 inobedientes,
1352 4895 1545 4950 fortior
1573 4894 1825 4949 efficitur.

248 4995 271 5049 1
280 4994 616 5066 nducamque
646 5010 803 5062 super
837 5010 924 5047 vos
950 4992 1189 5063 gladium
1228 4989 1449 5043 ultorem
1467 4988 1673 5059 [sederis
1707 4986 1831 5042 mei.

247 5087 475 5142 Gladius
514 5086 744 5156 spiritus
792 5083 920 5154 quia
969 5083 1198 5138 verbum
1242 5080 1338 5134 Dei
1385 5079 1476 5144 sit,
1525 5077 1840 5147 frequenter

248 5179 518 5235 diximus.
555 5177 672 5234 Hoc
695 5177 925 5232 verbum
953 5174 1009 5229 in
1028 5172 1229 5244 linguis
1263 5169 1521 5225 Ecclesiae
1557 5167 1841 5238 magistro-

254 5289 408 5339 rum,
460 5271 706 5328 vindicat
744 5269 1012 5341 judicium
1063 5264 1308 5329 traderis,
1357 5264 1472 5318 sive
1527 5260 1839 5315 testamenti

252 5367 576 5440 evangelici.
621 5363 911 5422 Convincit
954 5360 1100 5416 enim
1139 5373 1236 5413 eos
1281 5356 1373 5427 qui
1419 5369 1623 5409 novum
1651 5362 1838 5408 trans-

255 5461 604 5534 grediuntur,
630 5473 733 5513 nec
761 5464 922 5510 vetus
944 5450 1218 5509 custodire
1243 5462 1424 5518 posse,
1461 5455 1515 5499 et
1536 5443 1840 5499 vindicatur

258 5554 638 5626 Evangelium,
681 5566 807 5606 cum
856 5545 1062 5601 inimici
1112 5543 1246 5614 legis
1302 5539 1690 5599 ostenduntur,
1745 5535 1839 5606 qui

255 5624 544 5718 Evangelii
574 5645 802 5715 gratiam
825 5633 1316 5707 transgrediuntur.
1353 5628 1460 5684 Sed
1492 5636 1548 5682 et
1570 5624 1840 5695 legislatu-

812 5833 860 5866 ’³
888 5829 1085 5900 Philip.
1111 5827 1256 5896 111,6.

340 5838 384 5870 ’⁷
409 5838 565 5895 Rom.
601 5853 654 5904 χ,
681 5837 735 5892 5.
812 5833 860 5866 ’³
888 5829 1085 5900 Philip.
1111 5827 1256 5896 111,6.
1333 5828 1378 5860 θ’
1402 5826 1606 5881 Jerem.
1636 5839 1677 5892 1,
1705 5822 1788 5876 18.

1908 2001 2192 2061 arguente,
2222 2006 2330 2044 non
2352 1990 2592 2042 valentes
2617 1988 2831 2042 eunetis
2859 1987 2926 2041 de
2949 1986 3169 2041 Christo
3191 1982 3494 2054 prophetiis

1910 2082 1988 2136 sic
2009 2083 2212 2151 apertis
2243 2096 2566 2150 repugnare.

1983 2194 2049 2247 Et
2118 2195 2404 2246 trademini
2453 2193 2678 2245 bostium
2731 2191 2973 2244 manibus
3023 2171 3158 2259 ejus:
3230 2188 3495 2243 Videlicet

1911 2284 2352 2354 iutelligibilimn.
2386 2281 2677 2351 Postquam
2712 2281 3024 2349 confregero
3054 2278 3296 2331 baculum
3341 2277 3495 2346 panis

1911 2377 2088 2431 uestri.
2143 2375 2389 2429 ltarescit
2461 2374 2608 2427 enim
2663 2371 2806 2440 apud
2843 2385 2938 2424 eos
2983 2369 3274 2424 doetoralis
3319 2368 3492 2438 panis,

1912 2469 2151 2525 maxime
2204 2466 2458 2521 salutaris
2527 2484 2540 2519 :
2590 2463 2865 2533 quomodo
2923 2460 3322 2515 autem?Audi
3371 2474 3492 2529 qua:

1875 2579 1889 2594 ·
1914 2570 2218 2632 sequuntur
2261 2559 2388 2612 :Ita
2429 2567 2485 2610 ut
2534 2558 2708 2609 decem
2764 2554 3006 2607 mulieres
3047 2555 3102 2606 in
3144 2569 3247 2604 uno
3291 2552 3497 2604 clibano

1913 2662 2141 2724 coquant
2158 2667 2338 2720 partes,
2365 2659 2415 2703 et
2442 2649 2660 2702 reddant
2679 2662 2763 2699 eos
2788 2647 2857 2699 ad
2878 2647 3101 2715 pondus,
3128 2654 3176 2697 et
3195 2642 3494 2704 comedetis,

1915 2757 1964 2801 et
2005 2762 2108 2800 non
2132 2742 2528 2799 saturabimini.
2570 2739 2714 2793 Nihil
2752 2739 2956 2791 habent
2997 2735 3195 2801 Judaei,
3227 2735 3369 2806 quod
3404 2735 3500 2790 doc

1915 2839 2149 2895 ctrinam
2205 2837 2352 2890 vires
2398 2834 2609 2888 habere
2679 2829 2956 2885 nutrieudi
3009 2829 3192 2890 faciat,
3257 2827 3501 2897 exceptis

1916 2932 2105 2986 decem
2147 2926 2455 2999 praeceptis,
2503 2925 2628 2994 quia
2659 2938 2843 2976 veram
2893 2922 3286 2992 prephetarum
3330 2934 3502 2989 expo-

1919 3024 2196 3086 sitionem,
2241 3029 2430 3089 utpote
2468 3017 2895 3072 concordantem
2959 3012 3258 3068 Salvatoris
3325 3011 3506 3067 nostri

1921 3113 2312 3184 dispensationi
2361 3111 2599 3180 fugiunt.
2652 3108 2879 3177 Reliqua
2921 3115 3101 3161 autem
3134 3105 3270 3176 legis
3311 3105 3508 3158 nolun‘.

1845 3235 1888 3292 ε
1923 3206 2336 3277 intelligibiliter
2364 3203 2635 3271 accipere,
2663 3215 2768 3254 nec
2802 3199 3158 3270 spiritualiter
3189 3196 3504 3267 suscipere:

1924 3300 2017 3356 sed
2041 3299 2340 3354 secundum
2365 3297 2596 3349 litteram
2618 3293 2808 3358 solam,
2834 3292 2978 3361 quod
3001 3300 3143 3345 stare
3167 3306 3275 3344 non
3304 3295 3506 3359 potest.

1924 3393 2182 3453 Primum,
2242 3391 2366 3459 quia
2411 3390 2564 3442 locus
2615 3387 2928 3440 destructus
2982 3393 3085 3450 est,
3129 3384 3183 3436 in
3215 3397 3323 3452 quo
3349 3388 3508 3434 erant

1922 3482 2202 3548 sacrificia,
2235 3493 2290 3534 et
2317 3479 2716 3541 mundationes,
2748 3485 2802 3531 et
2832 3475 3160 3540 oblationes,
3188 3483 3244 3528 et
3270 3474 3503 3542 reliqua,

1921 3590 2040 3645 quae
2062 3573 2335 3644 pertinent
2359 3570 2426 3625 ad
2451 3571 2766 3625 servitutem
2793 3568 3012 3632 litterae,
3039 3565 3244 3620 deinde
3269 3565 3434 3618 multa
3453 3562 3509 3617 in

1922 3667 2002 3720 eis
2036 3673 2210 3726 erant,
2247 3677 2361 3716 non
2412 3671 2522 3715 tam
2565 3659 2770 3724 studio,
2811 3673 2973 3728 quam
3007 3656 3120 3710 risu
3152 3655 3334 3726 digna,
3367 3654 3508 3709 sicut

1924 3773 2009 3817 ea,
2043 3771 2162 3825 qua:
2192 3763 2323 3808 sunt
2356 3753 2422 3807 de
2450 3753 2601 3821 lepra
2633 3751 2927 3820 parietum,
2964 3748 3222 3813 trabium,
3251 3745 3506 3804 vestium.

1932 3861 2044 3898 non
2070 3859 2225 3897 arare
2255 3858 2377 3897 cum
2415 3843 2554 3895 bove
2593 3849 2646 3894 et
2676 3840 2851 3904 asino,
2872 3848 2926 3893 et
2961 3837 3181 3902 similia,
3215 3852 3336 3906 qua:
3366 3837 3512 3906 lega-

1925 3938 2067 3992 libus
2101 3936 2482 3990 traditionibus
2517 3935 2891 3988 continentur.
2927 3934 3124 3986 Decem
3149 3937 3330 3984 autem
3355 3943 3511 3982 man-

1927 4027 2175 4080 datorum
2218 4026 2397 4078 littera
2435 4024 2579 4077 elara
2624 4031 2727 4084 est,
2775 4023 2936 4093 digna
2983 4021 3051 4076 ad
3091 4019 3509 4075 custodiendum

1929 4129 2089 4187 atque
2120 4117 2481 4186 operandam.
2510 4112 2620 4169 Nec
2646 4115 2980 4169 contrarium
3007 4122 3092 4168 est
3111 4111 3332 4166 Sabbati
3357 4126 3514 4165 man-

1930 4212 2142 4275 datum,
2187 4210 2316 4278 quia
2377 4210 2479 4262 etsi
2532 4208 2722 4262 decem
2768 4206 3038 4261 mandatis
3096 4205 3364 4259 insertum
3406 4209 3511 4268 est,

1930 4319 2041 4357 non
2091 4313 2273 4356 tamen
2312 4315 2379 4354 ex
2408 4300 2489 4354 eis
2528 4306 2630 4353 est.
2672 4296 2729 4350 Si
2763 4311 2893 4367 ergo
2929 4295 3245 4351 mandatum
3278 4293 3517 4364 speciale

1932 4410 2200 4464 ponamus
2232 4411 2244 4447 :

2007 4505 2119 4577 Ego
2147 4522 2264 4559 sum
2297 4503 2549 4557 Dominus
2585 4501 2723 4553 heus
2747 4509 2888 4565 tuus,
2910 4499 3001 4570 qui
3023 4497 3180 4552 eduxi
3209 4505 3257 4550 te
3285 4497 3348 4549 de
3373 4504 3514 4548 terra

1857 4591 1901 4646 Ι)
1927 4595 2168 4666 Αἱςῃριὶ,
2198 4597 2260 4648 de
2285 4595 2438 4648 domo
2471 4591 2737 4645 servitutis
2762 4630 2777 4656 ,
2812 4590 3115 4658 perfectum
3139 4587 3326 4640 decem
3357 4599 3516 4638 man—

1944 4691 2194 4746 datorum
2250 4701 2542 4741 numerum
2623 4684 2983 4738 inveniemus.
3061 4679 3272 4734 Dehinc
3330 4685 3518 4745 aperte

1934 4782 2179 4852 requiem
2204 4777 2594 4848 intelligibilem
2616 4775 2905 4846 significat,
2935 4774 2988 4827 in
3008 4787 3112 4843 qua
3136 4769 3349 4824 nullum
3380 4784 3518 4839 opus

1937 4875 2102 4942 hujus
2124 4871 2308 4926 mundi
2336 4871 2462 4924 licet
2494 4883 2594 4922 nos
2644 4882 2824 4938 agere.
2856 4865 2981 4920 Hmc
3011 4879 3138 4934 ergo
3169 4863 3283 4917 sola
3316 4877 3512 4931 panem

1939 4972 2236 5036 operantur
2273 4960 2474 5031 populo
2503 4959 2835 5024 Judaeorum,
2874 4957 2930 5010 in
2968 4956 3182 5010 clibano
3216 4970 3327 5009 uno
3358 4951 3515 5023 legali

1942 5055 2218 5114 videlicet,
2271 5060 2326 5108 et
2377 5051 2612 5106 reddunt
2663 5065 2756 5104 eos
2802 5049 2870 5103 ad
2913 5048 3127 5119 pondus
3178 5045 3518 5116 supradictus

1945 5163 2136 5221 panes,
2179 5146 2231 5200 id
2266 5155 2369 5212 est,
2417 5145 2485 5199 ad
2519 5143 2830 5198 seusibilem
2869 5139 3285 5195 districtioncm.
3329 5137 3518 5205 Neque

1945 5256 2075 5313 ergo
2117 5239 2345 5295 dilatant
2382 5237 2685 5292 doctrinam
2731 5234 2871 5289 sicut
2915 5231 3290 5302 Evangelium,
3335 5244 3516 5298 neque

1945 5333 2202 5389 adulterii
2254 5330 2556 5385 doctrinam
2608 5326 2903 5381 ostendunt
2937 5324 3003 5378 ad
3057 5322 3383 5383 custodiam,
3418 5335 3520 5372 nee

1945 5425 2265 5498 respiciendi
2310 5423 2614 5484 mulierem,
2649 5435 2752 5473 nec
2789 5417 3086 5476 homicidii,
3133 5431 3237 5469 nec
3282 5414 3347 5466 ad
3384 5413 3518 5464 iras-

1946 5521 2201 5577 cendum.
2234 5517 2386 5571 Unde
2445 5529 2546 5568 nec
2577 5514 2844 5566 satiantur
2888 5508 3204 5562 Juda‘orum
3266 5503 3515 5573 panibus,

1937 5611 2029 5684 qui
2051 5627 2115 5668 ex
2144 5609 2221 5665 eis
2243 5615 2370 5662 sunt
2389 5604 2604 5668 nutriti,
2626 5613 2830 5657 arctam
2873 5599 3158 5670 quamdam
3186 5594 3515 5656 doctrinam,
