4032 6424
636 399 770 468 1151

1823 411 2150 472 HESYCHI
2158 411 2185 470 Ι
2224 410 2693 472 PRESBYTERI

3718 419 3816 485 illi

634 519 884 588 nihilque
911 520 1209 576 habentem
1236 521 1520 589 ubertatis,
1558 521 1926 593 spiritalisque
1947 523 2217 594 largitatis
2249 530 2294 584 Α
2321 530 2480 576 erant
2511 522 2860 591 captivitates
2895 524 3130 593 experti,
3165 526 3447 594 multaque
3478 526 3660 595 ﬂagella
3682 547 3819 600 penu-

632 625 825 667 sumen
835 622 933 666 tes.

707 700 868 758 Vsus.
902 704 1095 760 27-45.
1137 725 1155 758 ‹
1194 705 1288 760 Sin
1321 718 1502 761 autem
1529 722 1630 762 nec
1661 724 1757 777 per
1782 708 1896 764 haec
1928 708 2213 764 audieritis

633 809 745 857 me,
791 797 885 852 sed
935 799 1344 854 ambulaveritis
1373 809 1564 854 contra
1601 816 1711 866 me,
1740 811 1921 873 etcgo
1962 802 2211 857 incedam

634 887 927 942 adversum
948 905 1043 945 vos
1062 891 1114 944 in
1142 891 1325 945 furore
1360 908 1483 947 meo
1507 895 1799 960 contrario,
1839 903 1895 950 et
1921 896 2211 965 corripiant

634 997 732 1035 vos
760 992 966 1052 septem
1030 984 1202 1053 plagis
1255 994 1477 1054 propter
1517 996 1737 1055 peccata
1794 998 1995 1049 vestra,
2058 990 2130 1042 ita
2155 998 2214 1042 ut

634 1075 930 1129 comedatis
969 1092 1186 1132 carnem
1237 1076 1471 1132 ﬁliorum
1510 1088 1835 1145 vestrorum,
1882 1090 1935 1134 et
1980 1081 2213 1135 filiarum

635 1177 957 1223 vestrarum.
1004 1170 1286 1225 Destruam
1344 1172 1556 1226 excelsa
1599 1182 1776 1227 vestra
1818 1182 1873 1227 et
1921 1174 2211 1229 simulacra

634 1260 990 1331 ronfringam.
1031 1263 1248 1318 Cadetis
1282 1265 1425 1318 inter
1464 1264 1651 1318 ruinas
1694 1266 1959 1321 idolorum
2004 1280 2214 1323 vestro-

634 1366 774 1415 rum,
822 1361 877 1405 et
915 1354 1319 1410 abominabitur
1350 1372 1447 1411 vos
1488 1358 1669 1411 anima
1704 1374 1843 1417 mea.
1890 1360 1944 1413 in
1977 1368 2209 1423 tantum,

634 1451 695 1496 ut
726 1445 888 1499 urbes
919 1456 1127 1501 vestras
1155 1449 1392 1515 redigam
1424 1449 1477 1501 in
1507 1449 1877 1514 solitudinem,
1915 1460 1969 1505 et
1995 1451 2212 1506 deserta

634 1534 827 1589 faciam
882 1540 1191 1593 sanctuaria
1251 1550 1452 1603 vestra,
1513 1556 1615 1596 nec
1664 1542 1921 1611 recipiam
1989 1543 2211 1598 odorem

635 1624 773 1678 ultra
813 1626 1217 1691 suavissimum,
1257 1628 1674 1700 disperdamque
1704 1640 1901 1686 terram
1950 1644 2209 1698 vestram,

633 1727 689 1771 et
718 1719 1014 1787 stupebunt
1042 1735 1205 1789 super
1230 1736 1351 1775 eam
1381 1722 1585 1777 inimici
1617 1725 1807 1789 vestri,
1838 1740 1962 1779 cum
2004 1727 2213 1782 habita-

634 1819 779 1865 tores
806 1810 947 1865 illius
979 1811 1198 1866 fuerint.
1220 1812 1328 1869 Vos
1357 1824 1538 1869 autem
1566 1816 1870 1887 dispergam
1901 1818 1956 1871 in
1991 1828 2208 1889 gentes,

632 1909 689 1954 et
716 1902 1011 1972 evagiuabo
1034 1910 1156 1972 post
1189 1919 1287 1957 vos
1308 1904 1568 1974 gladium,
1607 1908 1819 1975 eritque
1848 1914 1990 1961 terra
2027 1919 2208 1965 vestra

634 1992 868 2048 deserta.
913 2005 968 2045 et
1014 1992 1260 2047 civitates
1295 1994 1509 2049 diruta.
1544 1996 1698 2050 Tunc
1728 1998 2019 2066 placebunt
2055 2010 2210 2056 terra:

635 2082 859 2136 sabbata
892 2098 987 2136 sua
1016 2086 1229 2139 cunctis
1253 2086 1445 2140 diebus
1466 2087 1778 2142 solitudinis
1827 2105 1958 2156 suae,
1991 2092 2209 2161 quando

634 2172 847 2227 [ueritis
887 2175 938 2227 iu
977 2177 1373 2253 terrahostili.
1422 2177 1791 2235 Sabbatizabit
1817 2192 1873 2235 et
1904 2184 2212 2252 requiescet

634 2265 691 2318 in
723 2266 958 2321 sabbatis
984 2267 1298 2322 solitudinis
1327 2286 1459 2333 suae,
1492 2285 1558 2324 eo
1580 2273 1723 2341 quod
1746 2289 1855 2328 non
1883 2275 2212 2343 requieverit

637 2355 897 2413 Sabbatis
944 2362 1159 2423 vestris,
1197 2361 1417 2430 quando
1457 2362 1771 2418 habitabilis
1823 2366 1876 2420 in
1908 2382 1990 2420 ea.
2025 2366 2088 2420 Et
2117 2367 2209 2437 qui

631 2448 699 2501 dc
753 2448 906 2502 vobis
940 2452 1324 2515 remanserint,
1374 2452 1515 2506 dabo
1558 2470 1814 2522 pavorem
1866 2457 1921 2509 in
1956 2458 2212 2512 cordibus

632 2555 821 2594 eorum
856 2558 867 2593 :
902 2539 957 2593 in
1006 2542 1320 2611 regionibus
1352 2542 1592 2597 hostium
1621 2545 1847 2600 terrebit
1880 2563 1975 2599 vos
2001 2548 2212 2601 sonitus

632 2628 745 2683 folii
778 2629 1031 2695 volantis,
1061 2641 1116 2685 et
1145 2632 1216 2685 ita
1242 2632 1457 2702 fugient
1508 2637 1663 2703 quasi
1708 2636 1965 2704 gladium.
2006 2618 2225 2692 (ludenti

632 2720 781 2774 nullo
824 2733 1111 2791 sequente,
1159 2733 1213 2777 et
1247 2734 1506 2785 corruent
1549 2726 1746 2794 singuli
1789 2742 1954 2797 super
1992 2729 2207 2792 fratres,

630 2812 784 2881 quasi
803 2812 938 2867 bella
966 2814 1443 2884 fugientes.Nemo
1473 2806 1711 2871 vestrum
1734 2818 1967 2874 inimicis
1991 2820 2212 2875 audebit

631 2908 905 2962 resistere.
945 2907 1198 2964 Peribitis
1228 2909 1370 2965 inter
1385 2919 1594 2981 gentes,
1629 2922 1682 2967 et
1709 2914 1922 2968 hostilis
1941 2930 2034 2968 vos
2063 2923 2207 2969 terra

633 3010 939 3055 consumet.
994 3000 1148 3067 Quod
1203 3002 1246 3055 si
1275 3012 1330 3057 et
1370 3004 1438 3059 de
1471 3004 1553 3060 his
1601 3006 1767 3075 aliqui
1823 3008 2206 3073 remanserint,

634 3092 913 3146 tabescent
950 3092 1004 3146 in
1034 3093 1413 3163 iniquitatibus
1442 3097 1575 3161 suis,
1606 3098 1658 3150 in
1690 3106 1830 3151 terra
1860 3098 2203 3153 inimicorum

2317 613 2515 677 lerant,
2559 613 2653 668 sed
2693 629 2757 668 ea
2783 629 2905 683 quae
2941 630 3089 670 nunc
3129 632 3224 685 per
3262 631 3449 688 partes
3475 619 3613 683 dicit,
3636 623 3693 675 ad
3711 624 3820 681 illam

2315 705 2681 775 captivitatem
2725 708 3023 776 pertinent,
3069 725 3189 779 qua:
3226 720 3455 780 propter
3477 711 3825 781 iniquitatemin

2313 796 2531 852 Christo
2562 798 2933 864 commissam,
2965 818 2995 853 a
3029 798 3289 856 Romanis
3327 802 3744 873 depopulantihus
3771 814 3829 866 eis

2314 892 2563 962 contigit.
2589 891 2886 963 Cognoscis
2912 903 3116 957 autem,
3150 895 3192 947 si
3218 894 3477 949 subtilius
3502 912 3648 952 nosse
3681 902 3747 955 vis
3768 920 3829 967 ea,

2312 998 2434 1051 quae
2471 982 2551 1036 eis
2580 991 2903 1047 evenerunt,
2947 999 3013 1037 ex
3039 984 3260 1054 Josephi
3312 984 3553 1049 historia,
3583 987 3633 1040 in
3656 1006 3741 1059 qua
3762 1008 3832 1047 eos

2313 1083 2369 1128 et
2396 1074 2535 1130 filios
2579 1076 2905 1141 comedisse,
2947 1086 3000 1130 et
3029 1076 3233 1146 reliqua
3268 1078 3618 1147 praesentium
3655 1085 3833 1137 commi-

2315 1166 2603 1219 natiouum
2654 1165 2982 1221 sustinuisse
3032 1166 3352 1237 descripsit,
3380 1184 3605 1238 quorum
3654 1173 3833 1239 plurima

2313 1260 2475 1310 etiam
2510 1273 2657 1312 nunc
2700 1258 2903 1313 nostris
2931 1258 2996 1313 ad
3023 1259 3363 1313 cernendum
3394 1259 3631 1327 adiacent
3658 1262 3834 1320 visibus.

2315 1348 2536 1403 Deserta
2558 1364 2744 1402 eorum
2773 1357 2937 1413 terra,
2989 1349 3239 1404 civitates
3289 1348 3609 1420 depraedata:
3629 1351 3689 1405 ab
3710 1352 3836 1408 hosti-

2313 1441 2435 1505 bus,
2476 1441 2716 1495 desolata
2746 1440 3024 1510 provincia
3054 1441 3268 1511 ipsique
3313 1440 3709 1512 peregrinantes
3729 1448 3835 1514 apud

2315 1532 2563 1586 inimicos
2584 1546 2712 1585 suos
2737 1531 2985 1601 gentiles,
3017 1546 3143 1585 cum
3173 1540 3324 1585 metu
3359 1530 3635 1587 continuo.
3662 1532 3836 1591 Verum-

2315 1633 2497 1678 tamen
2541 1622 2998 1693 quemadmodum
3055 1638 3165 1676 non
3219 1623 3401 1677 solum
3444 1622 3546 1677 hoc
3590 1629 3835 1681 secundum

2312 1718 2547 1772 litteram
2570 1718 2813 1789 perpessi
2831 1725 2981 1778 sunt,
3002 1717 3093 1771 sed
3117 1716 3388 1784 ad'ipsam
3409 1716 3833 1775 considerationem

2314 1810 2556 1880 Spiritus,
2598 1810 2887 1879 dupliciter
2927 1809 3073 1862 enim
3122 1817 3439 1877 peccantes.
3474 1808 3527 1860 in
3552 1808 3673 1879 legis
3703 1819 3834 1863 trans-

2312 1903 2609 1971 gressione,
2663 1911 2716 1955 et
2759 1900 3081 1971 legislatoris
3144 1898 3509 1968 blasphemia,
3561 1899 3769 1969 duplices
3798 1918 3832 1958 τι

2310 2008 2501 2064 paruas
2536 2000 2686 2047 recte
2718 1992 3019 2063 patiuntur,
3051 1990 3194 2061 quod
3225 1992 3332 2045 hoc
3365 1992 3526 2045 modo
3554 1991 3706 2046 disce.
3742 2001 3833 2047 Αω-

2311 2086 2637 2140 bulaverunt
2686 2101 2808 2139 cum
2854 2084 3095 2146 Christo,
3132 2098 3197 2137 ex
3247 2083 3482 2136 adverso
3520 2083 3832 2140 subvertentes

2312 2176 2569 2230 miracula
2626 2176 2766 2244 ejus,
2800 2182 2855 2229 et
2910 2174 2979 2229 de
3027 2173 3275 2228 doctrina
3334 2173 3461 2239 ejus
3505 2173 3829 2230 detrahentes:

2311 2285 2437 2325 cum
2477 2285 2576 2339 per
2616 2267 2879 2322 invidiam
2941 2266 3359 2327 insidiarentur,
3429 2275 3667 2333 tanquam
3692 2277 3828 2321 contra

2316 2358 2481 2409 IFeum
2527 2363 2777 2426 agentem
2822 2353 2990 2409 divini
3039 2354 3245 2407 amoris
3291 2352 3579 2407 Doctorem
3628 2353 3829 2409 fallaciter

2311 2446 2646 2501 asserebant.
2692 2446 2801 2501 Sed
2840 2455 2894 2500 et
2928 2446 3044 2516 ipse
3087 2446 3141 2499 in
3182 2446 3263 2499 ira
3311 2446 3395 2499 eis
3425 2460 3490 2499 ex
3535 2446 3735 2500 adverso
3759 2448 3827 2501 hoc

2312 2538 2472 2591 modo
2501 2554 2636 2592 usus
2687 2546 2772 2592 est
2812 2556 2824 2591 :
2861 2540 2985 2606 quia
3017 2537 3165 2590 enim
3194 2537 3468 2605 judicium
3500 2538 3617 2597 fuit.
3640 2549 3687 2592 et
3714 2556 3825 2607 pruna

2312 2628 2616 2684 commissa:
2653 2629 2707 2682 in
2733 2645 2801 2684 eo
2831 2629 3134 2698 iniquitatis
3172 2629 3490 2698 captivitas,
3522 2644 3670 2698 quam
3711 2632 3825 2683 susti-

2312 2729 2552 2774 nuerunt
2591 2737 2603 2772 :
2643 2736 2804 2790 quam
2848 2736 2957 2774 non
2986 2729 3166 2774 tamen
3215 2730 3445 2789 propter
3489 2719 3587 2774 hoc
3617 2718 3823 2774 Romanos

2314 2812 2513 2866 inferre
2536 2811 2681 2877 fecit,
2706 2812 2938 2866 necdum
2958 2812 3106 2866 enim
3126 2812 3246 2881 ejus
3264 2812 3611 2867 vindicabant
3625 2813 3821 2882 gloriam:

2312 2905 2405 2959 sed
2437 2904 2711 2973 quomodo
2739 2904 2831 2973 qui
2856 2900 3046 2958 eorum
3091 2905 3328 2975 imperio
3380 2903 3702 2968 resistebant,
3733 2921 3819 2959 cum

2312 2998 2521 3068 pridem
2543 2997 2830 3052 collatores
2846 3012 3032 3051 eorum
3054 2996 3315 3062 fuissent,
3336 2997 3649 3065 tributisque
3667 3011 3820 3056 eorum.

2313 3100 2367 3144 et
2423 3088 2659 3160 legibus,
2717 3098 2882 3158 atque
2932 3088 3345 3159 magistratibus
3390 3088 3719 3142 obedientes:
3757 3089 3818 3140 sed

632 3200 875 3243 suorum,
909 3194 965 3239 et
1005 3194 1226 3254 propter
1254 3194 1475 3255 peccata
1505 3197 1721 3258 patrum
1767 3205 1991 3244 suorum
2036 3200 2091 3245 et
2112 3206 2209 3244 sua
2238 3197 2279 3253 c
2313 3184 2552 3238 furorem
2589 3198 2655 3236 ex
2694 3182 2923 3235 adverso
2967 3197 3229 3236 exercens
3271 3183 3539 3235 adversus
3581 3195 3664 3234 eos
3702 3180 3816 3238 Deus.

634 3275 956 3346 aliligenlur,
1002 3276 1178 3333 donec
1218 3277 1582 3333 confiteantur
1618 3281 1933 3350 iniquitates
1977 3298 2124 3347 suas,
2152 3292 2209 3337 et

633 3368 900 3437 majorum
944 3383 1190 3434 suorum,
1240 3371 1441 3440 quibus
1484 3373 1818 3441 praevaricati
1868 3382 1997 3428 sunt
2040 3375 2098 3428 in
2119 3391 2206 3428 me

635 3468 691 3513 et
720 3460 1136 3514 ambulaverunt
1163 3476 1231 3514 ex
1270 3460 1497 3516 adverso
1523 3462 1678 3515 mihi.
1711 3462 2015 3517 Ambulabo
2048 3464 2211 3533 igitur

636 3558 691 3602 et
710 3565 807 3620 ego
821 3558 1003 3603 contra
1020 3566 1136 3616 eos,
1154 3560 1206 3604 ct
1222 3550 1474 3605 inducam
1499 3551 1618 3607 illos
1634 3551 1686 3605 in
1712 3561 1911 3607 terram
1936 3554 2207 3620 hostilem,

636 3640 812 3695 donec
857 3642 1142 3697 erubescat
1187 3642 1567 3697 incircumcisa
1610 3659 1767 3698 mens
1810 3660 2021 3699 eorum.
2058 3647 2211 3701 Tunc

636 3731 868 3785 orabunt
912 3747 1011 3802 pro
1051 3733 1423 3803 impietatibus
1468 3735 1599 3796 suis,
1648 3743 1704 3789 et
1740 3737 2068 3791 recordabor
2115 3738 2212 3793 foe-

639 3824 783 3877 deris
841 3824 968 3883 mei.
1024 3825 1168 3893 quod
1220 3825 1397 3895 pepigi
1425 3842 1549 3879 cum
1596 3825 1782 3891 Jacob,
1837 3836 1892 3881 ct
1943 3828 2109 3893 Isaac,
2157 3839 2212 3884 et

638 3913 913 3967 Abraham
954 3930 967 3966 :
1019 3923 1174 3969 terrae
1224 3930 1441 3984 quoque
1496 3933 1706 3972 memor
1747 3936 1864 3982 ero,
1920 3902 2209 3990 quaecum

640 4005 824 4059 relicta
874 4005 1038 4060 fuerit
1081 4007 1149 4061 ab
1182 4009 1282 4068 eis,
1314 4010 1673 4078 complacebit
1722 4013 1823 4066 sibi
1874 4012 1930 4066 in
1969 4014 2211 4068 sabbatis

639 4097 772 4159 suis,
826 4099 1040 4166 patiens
1082 4100 1431 4153 solitudinem
1471 4109 1693 4170 propter
1727 4102 1867 4158 illos.
1912 4103 2017 4173 lpsi
2077 4120 2210 4159 vero

639 4191 905 4261 rogabunt
950 4206 1050 4261 pro
1097 4192 1332 4260 peccatis
1381 4193 1513 4257 suis,
1563 4209 1629 4247 eo
1680 4195 1823 4263 quod
1884 4196 2201 4264 abjecerant

634 4281 837 4349 judicia
886 4288 1026 4346 mea,
1068 4291 1121 4335 et
1159 4282 1304 4350 leges
1333 4298 1482 4337 meas
1516 4284 1903 4354 despexerunt.
1949 4289 2203 4340 Attamen

640 4388 764 4426 cum
811 4382 995 4427 essent
1037 4374 1089 4427 in
1121 4385 1263 4428 terra
1312 4374 1514 4438 hostili,
1535 4392 1640 4430 non
1668 4376 1886 4446 penitus
1914 4377 2086 4445 abjeci
2117 4394 2210 4433 eos

639 4478 820 4533 neque
856 4464 933 4518 sic
971 4465 1211 4533 despexi,
1256 4474 1317 4520 ut
1358 4476 1832 4532 consumerentur,
1889 4476 1944 4522 et
1990 4467 2207 4523 irritum

2311 3273 2692 3344 superiuduxit
2734 3283 2925 3327 contra
2964 3288 3061 3327 eos
3107 3273 3263 3339 iram,
3290 3284 3355 3327 ut
3393 3272 3722 3326 vindicaretur
3753 3286 3819 3339 per

2309 3366 2678 3419 Romanorum
2700 3364 3007 3434 imperium,
3032 3374 3287 3436 tanquam
3318 3365 3491 3433 ipsius
3510 3361 3819 3432 prmdicatores

2310 3457 2666 3521 exstitissent,
2686 3466 2741 3510 et
2756 3456 3023 3524 corripuit
3039 3472 3135 3511 eos
3154 3465 3369 3526 septem
3390 3454 3573 3526 plagis,
3590 3450 3812 3507 secundum

2311 3558 2533 3618 peccata
2568 3564 2779 3613 eorum,
2812 3549 3183 3620 multiplicans
3213 3564 3407 3603 eorum
3442 3563 3638 3618 pinnas.
3664 3546 3714 3598 Et
3738 3558 3809 3595 non

2310 3657 2421 3696 uno
2448 3641 2609 3696 modo
2625 3641 2941 3704 vindicavit,
2975 3642 3101 3711 quia
3124 3657 3226 3696 nec
3252 3642 3359 3712 ipsi
3404 3656 3511 3694 uno
3533 3639 3805 3708 peccaverunt

2312 3733 2472 3788 modo
2506 3751 2519 3786 :
2555 3732 2651 3787 sed
2683 3741 2739 3787 et
2771 3747 2966 3787 carnes
3013 3733 3245 3786 filiorum
3289 3745 3516 3785 suorum
3564 3737 3614 3782 et
3644 3725 3792 3779 ﬁliarum

2312 3839 2532 3879 suarum
2588 3824 2894 3889 comedent,
2946 3824 3000 3878 id
3045 3832 3150 3889 est,
3208 3824 3507 3894 discipulos
3560 3835 3678 3879 suos,
3706 3829 3785 3883 quos

2311 3918 2465 3987 quasi
2503 3918 2555 3971 in
2592 3917 2736 3972 ﬁlios
2762 3917 2860 3972 sibi
2891 3924 3200 3983 assumunt,
3226 3917 3293 3971 ad
3322 3917 3564 3972 eamdem
3585 3911 3789 3967 doctrinam

2313 4011 2490 4065 verbis
2534 4011 2769 4076 callidis,
2810 4010 3159 4079 animamque
3208 4008 3640 4065 subvertentibus
3679 4015 3796 4057 come-

2312 4104 2523 4157 dentes.
2563 4102 2670 4157 Sed
2719 4112 2771 4157 et
2803 4103 3019 4157 excelsa
3054 4118 3245 4157 eorum
3280 4103 3351 4156 ad
3383 4103 3637 4155 desertum
3657 4092 3793 4164 perdu-

2313 4194 2409 4257 xit,
2454 4201 2509 4247 et
2544 4193 2834 4248 simulacra
2871 4192 3166 4261 confregit.
3212 4191 3435 4246 Excelsa
3473 4190 3647 4259 quippe
3668 4194 3795 4235 eorum

2312 4265 2589 4355 principes
2630 4292 2685 4338 et
2727 4277 2999 4348 doctores,
3042 4298 3180 4352 quos
3228 4283 3590 4342 intendentcs,
3629 4276 3732 4331 sicut
3760 4270 3798 4321 in

2313 4376 2531 4430 sublimi
2566 4376 2913 4441 constitutos,
2945 4376 3029 4429 vel
3060 4376 3202 4430 sicut
3248 4374 3417 4439 LXX,
3448 4382 3652 4431 statuas,
3687 4364 3801 4417 vilam

2314 4483 2467 4521 suam
2504 4482 2833 4537 componere
2879 4468 3206 4521 debuerunt.
3252 4467 3363 4522 Sed
3390 4467 3512 4536 quia
3550 4459 3659 4517 nihil
3686 4454 3800 4511 habe-

639 4532 876 4607 facerem
922 4532 1137 4622 pactum
1196 4570 1377 4608 meum
1425 4570 1547 4609 cum
1603 4556 1701 4610 eis.
1735 4555 1847 4627 Ego
1877 4557 2023 4612 enim
2083 4574 2204 4613 sum
2247 4532 2287 4585 θ
2316 4557 2449 4611 bant
2487 4571 2703 4621 sanum,
2756 4571 2934 4625 neque
2974 4556 3133 4620 forte,
3188 4556 3282 4612 sed
3339 4556 3542 4611 infirma
3591 4546 3749 4607 omnia,
3767 4552 3804 4594 et

641 4645 902 4700 Dominus
942 4646 1083 4700 Deus
1126 4662 1338 4710 eorum,
1378 4656 1433 4700 et
1470 4647 1795 4701 recordabor
1829 4646 2050 4703 foederis
2097 4649 2206 4703 mei

640 4738 873 4807 pristini,
918 4740 1175 4806 quoniam
1223 4739 1383 4793 eduxi
1424 4754 1539 4793 eos-
1568 4738 1635 4793 de
1695 4748 1838 4793 terra
1882 4739 2122 4810 Egypti,
2155 4741 2207 4794 in

641 4839 937 4898 conspectu
987 4830 1249 4899 gentium,
1303 4838 1361 4883 ut
1410 4844 1587 4884 essem
1640 4826 1782 4884 Deus
1825 4846 2033 4885 eorum.
2064 4903 2071 4911 ν
2100 4831 2212 4903 Ego

642 4921 904 4975 Dominus
932 4919 1096 4975 Deus.
1144 4940 1163 4971 ι

712 5012 849 5076 Quia
892 5027 1001 5067 nou
1039 5013 1214 5067 solum
1254 5012 1527 5083 legislator
1567 5012 1796 5085 Moyses,
1827 5016 1922 5070 sed
1958 5016 2123 5071 etiam
2161 5025 2215 5071 et

641 5103 906 5172 propheta
944 5112 1078 5169 erat,
1125 5105 1239 5172 ipse
1277 5105 1689 5168 demonstravit,
1721 5107 1789 5161 de
1836 5106 2055 5163 Christo
2086 5124 2215 5179 spe-

642 5193 855 5249 cialiter
908 5196 1238 5264 prophetans
1300 5196 1385 5251 his
1440 5197 1622 5252 verbis
1655 5215 1676 5254 :
1712 5197 2029 5267 Prophetam
2077 5201 2215 5257 vobis

643 5286 913 5339 suscitabit
959 5286 1212 5340 Dominus
1255 5288 1318 5340 de
1356 5289 1607 5358 fratribus
1651 5291 1855 5352 vestris,
1901 5292 2035 5345 sicut
2059 5309 2141 5345 me
2171 5294 2210 5346 ¹.

623 5376 791 5449 Bene
831 5387 1013 5431 autem
1053 5378 1154 5432 sibi
1197 5376 1399 5432 Christi
1444 5379 1854 5435 similitudinem
1899 5382 2215 5445 custodivit,

643 5468 735 5538 qui
759 5479 956 5538 praeter
985 5468 1108 5532 alia,
1142 5469 1197 5522 in
1222 5470 1423 5539 quibus
1452 5470 1867 5526 similitudinem
1914 5474 2034 5540 ejus
2061 5487 2219 5542 gere-

643 5560 758 5625 bat,
793 5560 1245 5629 quemadmodum
1286 5560 1551 5615 Dominus
1580 5561 1646 5615 de
1695 5562 1800 5615 fine
1841 5561 2026 5615 mundi
2059 5561 2216 5624 dixit,

646 5652 718 5707 ita
756 5660 810 5706 et
857 5653 944 5707 hic
967 5668 1053 5715 ea,
1076 5668 1197 5721 quae
1234 5652 1419 5707 futura
1459 5662 1616 5708 erant
1644 5654 1842 5724 populo
1885 5654 2216 5718 Judzeorum,

592 5760 595 5763 ’
646 5740 705 5797 in
738 5743 989 5812 praesenti
1037 5743 1152 5813 lege
1187 5744 1528 5815 conscripsit.
1583 5744 1777 5802 Multas
1819 5747 2082 5816 siquidem
2132 5745 2219 5799 fu-

722 5880 736 5910 ¹
775 5875 937 5935 Deut.
961 5894 1117 5948 xvut,
1149 5879 1234 5934 l5.

2318 4647 2687 4717 corruptibilia
2721 4647 2933 4701 virtutis
2982 4649 3279 4714 schemata,
3310 4658 3368 4704 et
3401 4640 3694 4702 imitationis,
3718 4648 3802 4705 qui!3

2321 4747 2564 4806 tempore
2602 4745 3031 4807 corrumpuntur
3055 4742 3219 4805 atque
3249 4742 3580 4807 putrescunt,
3622 4727 3732 4782 unde
3767 4729 3805 4773 et

2316 4825 2460 4893 apud
2489 4822 2651 4889 LXX,
2679 4825 2851 4897 lignea
2880 4827 3185 4896 manufacta
3231 4826 3542 4881 dicebantur
3571 4841 3581 4875 :
3609 4810 3801 4873 desolavit

2316 4932 2677 4989 ea,\arguens
2725 4933 2907 4973 coram
2960 4935 3125 4973 unam
3186 4917 3511 4989 hypocrisin,
3554 4925 3656 4967 cum
3709 4902 3801 4973 il)Sis

2315 5018 2497 5064 autem
2527 5018 2583 5065 et
2611 5009 2920 5079 populares,
2943 5010 3033 5080 qui
3069 5010 3150 5065 eis
3182 5009 3545 5064 intendebant.
3578 4997 3796 5092 Ροευὶῐαξυξ

2314 5101 2575 5156 cadavera
2605 5116 2793 5155 eorum
2818 5101 2964 5156 inter
2995 5102 3182 5156 ruinas
3218 5101 3479 5156 idolorum
3520 5095 3735 5164 ipsorum.
3758 5079 3791 5133 id

2315 5202 2421 5257 est,
2471 5195 2713 5249 membra
2742 5194 2952 5264 populi,
2988 5204 3043 5249 et
3071 5194 3315 5249 actiones
3364 5195 3663 5247 coacervans
3681 5184 3795 5243 super

2317 5285 2559 5339 actiones
2618 5283 2885 5338 idolorum
2961 5284 3226 5353 ipsorum,
3286 5281 3643 5347 Pharis'eorum
3681 5274 3792 5364 :1th

2321 5374 2633 5429 Scribarum
2657 5416 2673 5441 ,
2713 5376 2914 5445 quibus
2956 5375 3100 5430 sicut
3152 5375 3308 5430 idolis
3364 5372 3638 5428 utebantur,
3677 5356 3791 5411 relin—

2317 5475 2547 5537 quentes
2574 5466 2764 5533 Deum,
2794 5478 2848 5519 et
2882 5468 3151 5522 idolorum
3171 5464 3554 5522 seductionibus
3574 5447 3791 5510 intenden-

2321 5566 2426 5620 tes.
2455 5568 2743 5628 propterea
2774 5558 2851 5612 ait
2879 5575 2891 5611 :

2391 5649 2791 5703 Abomiuabitur
2835 5665 2925 5702 vos
2956 5649 3139 5702 anima
3192 5666 3331 5703 mea.
3380 5648 3497 5712 Quae
3518 5641 3539 5693 τ
3560 5644 3689 5705 quam
3721 5633 3787 5692 Ρ¹”⁰

2323 5744 2482 5800 nobis
2552 5742 2753 5812 posuit,
2822 5750 2881 5797 ut
2932 5757 3033 5797 nos
3091 5741 3159 5797 de
3234 5741 3483 5796 servitute
3528 5722 3787 5800 ρθεωιοηηη
