4032 6444
212 404 356 471 1153

1318 408 1400 467 IN
1437 406 1880 470 LEVITICUM.
1922 429 1988 442 -
2028 407 2177 467 LIB.
2215 409 2351 470 VII.
2432 434 2437 439 ·

3360 410 3495 472 1154

204 518 409 572 mortis
448 517 770 573 redimeret.
799 515 928 573 Haec
973 533 1104 589 ergo
1131 517 1352 574 Judzeos
1386 518 1814 581 abominabitur,
1848 525 1893 575 A
1923 520 2130 571 sonitus
2198 518 2316 589 folii
2393 517 2646 572 volantis.
2718 518 2999 589 Quotquot
3072 517 3222 573 enim
3276 534 3341 574 ex
3412 523 3497 579 eis

200 618 376 678 atque
402 608 457 663 in
492 618 820 680 perpetuum
864 623 959 662 eos
997 617 1303 676 aversatur,
1346 610 1470 679 quia
1500 609 1620 679 ejus
1643 623 1802 678 opus,

198 709 479 769 quantum
506 700 571 754 ad
594 716 688 755 eos
731 699 1017 771 pertinuit,
1049 701 1117 755 ad
1142 700 1359 756 irritum
1406 701 1802 771 perduxerunt,

198 807 539 848 concessum
594 808 692 863 per
763 809 882 848 eam
933 794 1138 848 donum
1196 801 1514 847 renuentes.
1576 790 1806 861 Propter

199 886 358 952 quod
396 886 561 941 urbes
605 902 795 941 eorum
820 886 1029 956 redegit
1078 885 1134 940 in
1163 885 1536 950 solitudinem,
1568 885 1807 954 fecitque

198 977 429 1031 deserta
459 978 776 1033 sanctuaria
803 996 818 1043 ;
844 978 1055 1033 nullum
1083 978 1231 1033 enim
1270 977 1557 1033 inveniunt
1585 979 1655 1032 de
1679 994 1806 1047 pro-

198 1068 453 1137 pheticis
480 1068 635 1122 libris
670 1069 933 1130 fructum,
964 1085 1145 1141 neque
1164 1070 1404 1140 aliquam
1428 1069 1651 1125 studere
1675 1087 1803 1125 san-

198 1160 532 1214 ctimoniam
567 1160 770 1215 valent.
801 1159 914 1216 Nec
935 1162 1131 1233 recipit
1151 1162 1372 1217 odorem
1394 1163 1803 1227 suavissimum,

199 1268 316 1308 nec
358 1254 590 1324 suscipit
618 1271 808 1310 eorum
840 1256 1171 1322 orationem,
1196 1256 1574 1328 disperditque
1600 1266 1803 1311 terram

197 1358 429 1407 eorum,
462 1360 629 1398 omne
668 1353 828 1401 vetus
872 1354 1285 1408 testamentum,
1321 1363 1430 1400 non
1461 1346 1587 1416 quia
1626 1346 1802 1417 ipsum

196 1451 275 1489 ex
307 1445 424 1491 toto
469 1438 813 1506 despoliavit,
844 1440 940 1494 sed
991 1439 1097 1496 illis
1123 1440 1427 1495 desolatum
1485 1450 1542 1494 et
1595 1439 1803 1494 invium

198 1525 364 1582 fecit.
416 1527 673 1583 Habitare
730 1541 915 1585 autem
956 1530 1012 1584 in
1062 1546 1125 1586 ea
1165 1531 1296 1587 fecit
1329 1542 1540 1603 gentes,
1579 1540 1806 1602 propter

197 1621 359 1689 quod
380 1620 459 1691 ait
486 1639 499 1675 :
1400 1635 1407 1641 ‘

277 1709 575 1780 Stupebant
599 1728 756 1781 super
793 1730 913 1767 eam
965 1714 1168 1768 inimici
1217 1716 1397 1779 vestri,
1441 1732 1558 1770 cum
1593 1715 1806 1770 habita-

201 1812 351 1859 tores
402 1804 549 1859 illius
579 1806 798 1876 fuerint.
852 1805 1055 1861 Gentes
1102 1808 1366 1877 siquidem
1407 1809 1640 1863 inimica:
1676 1816 1805 1864 sunt

201 1893 552 1962 Iudaeorum,
598 1896 724 1965 quia
767 1896 842 1950 illi
915 1897 1203 1967 elegerunt
1239 1898 1556 1953 inimicitias
1602 1898 1803 1953 habere

206 2002 339 2041 cum
375 1987 509 2052 Deo,
549 1997 604 2042 et
652 2004 777 2042 cum
804 1988 912 2044 illis
954 2004 1092 2059 quos
1124 1988 1321 2044 Paulus
1344 1990 1594 2047 inimicos
1622 1992 1802 2047 crucis

202 2078 415 2134 Christi
448 2089 625 2135 vocat.
675 2080 935 2135 Habitant
1001 2091 1185 2137 autem
1215 2083 1268 2136 in
1295 2081 1608 2138 Judaeorum
1636 2092 1799 2150 terra,

208 2173 265 2226 in
296 2172 477 2228 veteri
501 2182 852 2237 testamento,
884 2182 939 2228 et
973 2174 1281 2229 habitantes
1300 2184 1626 2245 stupescunt
1651 2193 1798 2244 eum,

206 2266 303 2335 qui
331 2265 389 2320 in
436 2265 553 2337 lege
580 2275 638 2322 et
668 2266 953 2337 prophetis
990 2268 1116 2322 talia
1143 2269 1357 2323 locutus
1382 2277 1486 2324 est.
1523 2268 1627 2336 Qui
1677 2271 1802 2328 vita:

208 2356 324 2412 illic
355 2357 608 2412 fundavit
628 2359 875 2421 exordia,
911 2360 1139 2430 insuper
1162 2361 1238 2415 ait
1266 2378 1279 2414 :

293 2449 389 2505 Vos
416 2459 589 2504 autem
623 2450 925 2522 dispergam
960 2453 1015 2506 in
1045 2463 1242 2522 gentes.
1270 2453 1389 2509 Non
1421 2454 1599 2509 solum
1626 2454 1802 2511 sensi-

216 2539 318 2596 bili
360 2541 459 2595 hac
497 2540 867 2611 dispersione,
921 2545 1019 2599 sed
1052 2554 1108 2599 et
1164 2545 1514 2619 intelligibili.
1548 2546 1680 2613 Qua:
1729 2550 1803 2604 sit

216 2640 397 2686 autem
430 2632 564 2700 hac,
591 2633 760 2689 disce.
789 2620 859 2689 Et
912 2637 1204 2708 evaginabo
1253 2650 1367 2707 post
1404 2656 1492 2693 vos
1538 2639 1798 2710 gladium,

210 2724 415 2795 eritque
457 2739 603 2780 terra
646 2737 821 2781 vestra
853 2728 1064 2783 deserta
1101 2740 1149 2783 et
1184 2732 1419 2786 civitates
1448 2732 1658 2788 dirutas.
1704 2731 1799 2788 Dei

205 2815 355 2871 enim
387 2818 635 2883 verbum,
675 2821 820 2890 quod
850 2830 934 2876 est
983 2822 1210 2891 spiritus
1256 2824 1484 2896 gladius,
1521 2825 1722 2896 ubique
1743 2825 1799 2880 in

205 2910 466 2979 gentibus
504 2911 819 2978 decurrens,
848 2923 905 2968 et
930 2929 1150 2969 omnem
1199 2924 1402 2971 terram
1431 2917 1797 2983 circumdans,

205 3003 489 3057 consumit
546 3004 857 3060 Judaeorum
917 3005 1100 3073 ﬁlios,
1152 3016 1207 3063 et
1260 3009 1527 3079 disperdit
1579 3026 1674 3065 eos
1730 3010 1800 3066 de

205 3095 422 3149 sanctis
462 3095 559 3150 Dei
595 3114 608 3150 :
641 3096 942 3151 ostendens
967 3098 1113 3167 quod
1136 3099 1339 3153 nullam
1367 3115 1493 3155 cum
1534 3100 1614 3155 eis
1646 3116 1797 3156 com-

204 3185 533 3242 munionem
568 3187 826 3249 habeant,
865 3188 1007 3243 unde
1038 3190 1250 3244 deserta
1281 3199 1426 3245 terra
1449 3202 1505 3246 et
1524 3193 1792 3255 civitates,
1825 3229 1870 3290 ϐ

203 3278 455 3347 expulsis
479 3280 560 3336 eis
589 3280 922 3335 habitatione
954 3297 1073 3344 sua,
1098 3282 1477 3338 inveniuntur.

280 3367 426 3424 Tunc
456 3370 734 3439 placebunt
770 3363 928 3426 terra:
954 3372 1178 3427 sabbata
1238 3391 1336 3427 sua
1375 3376 1578 3443 cunctis
1616 3374 1797 3429 diebus

201 3460 512 3517 solitudinis
531 3480 661 3527 sure,
693 3466 903 3536 quando
925 3467 1133 3535 fueritis
1164 3467 1218 3519 in
1242 3479 1385 3521 terra
1412 3469 1590 3524 hostili
1620 3485 1639 3523 :
1670 3468 1797 3522 sab-

211 3553 475 3610 batizabit
509 3566 559 3611 et
584 3559 873 3629 requiescet
904 3560 960 3611 in
981 3560 1214 3614 sabbatis
1247 3560 1545 3615 solitudinis
1568 3578 1697 3627 suae,
1736 3579 1795 3616 eo

203 3648 352 3717 quod
417 3664 519 3702 non
568 3650 878 3720 requieverit
935 3652 989 3704 in
1023 3649 1269 3707 Sabbatis
1321 3656 1549 3719 vestris,
1584 3662 1796 3726 quando

201 3728 516 3793 habitabilis
560 3741 618 3794 in
670 3757 755 3796 ea.
800 3740 1025 3797 Terram
1064 3758 1186 3798 esse
1214 3744 1608 3817 intelligibilem
1643 3747 1792 3803 Scri-

202 3841 429 3902 pturam
473 3833 590 3897 Dei,
637 3843 693 3889 et
738 3835 1237 3898 conversationem,
1291 3853 1414 3908 qua:
1453 3839 1506 3893 in
1552 3840 1634 3894 eis
1686 3850 1790 3908 est,

205 3940 359 3994 sape
409 3925 754 3981 ostendimus
801 3947 813 3981 :
862 3928 958 3982 sed
1002 3926 1316 3983 Judaeorum
1374 3930 1595 3999 quidem
1634 3940 1793 3988 vetus

207 4021 605 4071 testamentum
641 4036 653 4071 :
690 4017 934 4097 gentium
972 4028 1181 4082 autem,
1229 4036 1349 4089 quae
1392 4021 1625 4076 inimicm
1666 4033 1795 4077 sunt

202 4104 432 4173 Iudaeis,
480 4125 683 4164 novum
726 4127 738 4163 :
774 4111 901 4179 quia
946 4125 1076 4180 ergo
1113 4108 1411 4167 Sabbatum
1451 4114 1790 4168 vacationem

207 4202 478 4276 signiﬁcat
532 4202 759 4269 Iudaeis,
794 4203 1029 4258 maxime
1064 4204 1172 4259 hoc
1204 4222 1348 4260 nunc
1390 4206 1673 4261 evidenter
1710 4207 1792 4261 le-

207 4296 436 4367 gislator
473 4297 672 4351 innuit.
710 4295 849 4362 Quia
874 4296 1014 4351 nihil
1060 4313 1210 4354 nunc
1243 4299 1526 4354 invenient
1557 4316 1622 4355 ex
1672 4302 1791 4372 lege

208 4400 264 4446 et
290 4391 594 4461 prophetis,
628 4391 774 4461 quod
813 4390 915 4462 ipsi
944 4390 1122 4446 facere
1147 4390 1358 4455 volunt,
1391 4393 1488 4448 sed
1514 4393 1789 4449 destructa

205 4499 397 4539 eorum
432 4499 572 4554 pene
602 4485 781 4539 omnis
811 4484 1131 4554 superﬁcies
1156 4485 1368 4540 litterae.
1396 4484 1622 4556 Propter
1645 4490 1787 4557 quod

1906 610 2084 665 relicti
2168 619 2317 673 sunt,
2360 609 2544 664 adhuc
2631 610 2919 665 studentes
3002 607 3346 679 Scripturam
3410 626 3497 665 sa-

1907 718 2081 767 cram,
2105 710 2309 773 pavent
2338 702 2391 756 in
2418 709 2563 757 terra
2587 702 2937 758 inimicorum
2986 718 3235 767 suorum,
3272 703 3328 757 in
3351 718 3496 758 novo

1909 803 2259 856 testamento,
2298 794 2443 849 sicut
2486 794 2762 851 diximus:
2814 794 3013 849 timent
3041 795 3190 849 enim
3219 811 3283 850 ex
3330 795 3496 850 fatui-

1908 896 2039 950 tate,
2068 897 2121 941 et
2151 888 2318 942 corde
2353 898 2557 943 caecato
2586 887 2974 942 commixtione
2998 888 3118 957 ejus
3140 898 3224 950 ,et
3254 889 3496 959 comples

1909 990 1998 1032 tur
2023 979 2175 1033 :Illic
2204 979 2602 1049 trepidaverunt
2631 982 2837 1040 timore,
2870 980 2959 1033 ubi
2989 996 3093 1034 non
3120 990 3238 1033 erat
3262 983 3420 1036 timor
3450 986 3493 1038 ³.

1969 1068 2200 1123 Terrebit
2229 1085 2315 1123 eos
2337 1071 2538 1124 sonitus
2559 1070 2676 1141 folii
2701 1071 2950 1125 volantis.
2971 1070 3180 1126 Folium
3199 1073 3495 1144 legislitte-

1907 1176 2021 1215 ram
2061 1160 2348 1231 appellans
2370 1176 2381 1212 :
2404 1161 2570 1230 bujus
2587 1162 2732 1219 enim
2761 1177 2857 1216 eos
2887 1163 3103 1218 sonitus
3121 1166 3492 1234 persequitur,

1907 1264 1963 1309 et
1999 1256 2250 1309 timorem
2304 1264 2555 1310 nostrum
2583 1255 2665 1310 eis
2697 1256 2908 1319 indicit,
2935 1258 3084 1327 quia,
3118 1258 3269 1313 verbi
3299 1259 3490 1329 gratia.

1907 1344 2140 1399 audiunt
2164 1346 2589 1401 custodiendum
2610 1347 2754 1401 diem
2780 1346 3023 1410 Sabbati,
3060 1349 3248 1403 vident
3307 1359 3492 1404 autem

1903 1453 2004 1493 nos
2027 1439 2164 1493 nihil
2191 1441 2258 1495 de
2282 1440 2476 1495 eodem
2501 1442 2764 1497 mandato
2794 1442 3131 1512 despicabile
3155 1458 3375 1514 sapere,
3391 1460 3492 1498 ne-

1904 1547 2013 1602 que
2043 1540 2345 1597 terrenum,
2367 1549 2547 1603 neque
2584 1551 2614 1589 a
2645 1535 2855 1589 cultura
2899 1544 3077 1601 terrae,
3113 1537 3209 1591 sed
3269 1553 3298 1591 a
3351 1539 3488 1603 mala

1905 1626 2122 1680 actione
2148 1626 2492 1681 vacationem
2514 1626 2790 1682 discentes
2823 1646 2837 1682 :
2892 1628 3183 1683 oﬁendunt
3212 1630 3267 1683 in
3307 1630 3489 1691 nobis.

1904 1726 1961 1771 et
1990 1718 2337 1773 commisceri
2372 1718 2535 1772 nobis
2564 1716 2805 1789 fugiunt.
2847 1718 3061 1774 Folium
3106 1717 3289 1775 autem
3343 1730 3493 1776 recte

1906 1806 2041 1879 legis
2073 1808 2254 1864 littera
2278 1809 2570 1879 accipitur,
2592 1811 2717 1878 quia
2737 1811 3197 1880 quemadmodum
3233 1812 3492 1867 arborum

1904 1899 2116 1955 fructus
2151 1900 2296 1957 loliis
2314 1902 2536 1973 tegitur,
2561 1900 2642 1955 sic
2690 1903 2793 1957 sub
2831 1901 2966 1973 legis
2994 1902 3173 1957 littera
3200 1903 3491 1958 abscondi-

1904 1992 2258 2062 turspiritus.
2292 1992 2525 2063 Propter
2546 1995 2690 2063 quod
2746 2009 2868 2060 nos,
2900 1995 2969 2050 de
3019 1994 3222 2063 quibus
3279 1994 3489 2050 dictum

1902 2090 1987 2136 est
2015 2098 2028 2134 :
2058 2080 2118 2136 Si
2141 2083 2544 2140 vindemiatores
2579 2085 2802 2156 ingressi
2851 2085 3067 2156 fuissent
3103 2086 3158 2137 in
3191 2094 3261 2147 te,
3301 2084 3492 2139 saltem

1902 2175 2232 2247 reliquissent
2258 2194 2531 2231 racemum
2571 2178 2665 2231 tibi
2702 2177 2765 2232 δε
2796 2179 3069 2233 nudamus
3097 2177 3286 2232 folium
3339 2178 3491 2233 litte-

1904 2252 2007 2329 rae,
2029 2276 2086 2317 ut
2116 2264 2355 2320 fructum
2378 2267 2607 2336 spiritus
2640 2268 3005 2323 inveniamus.
3060 2267 3123 2321 Hi
3154 2278 3337 2323 autem
3394 2269 3488 2338 qui

1903 2353 2021 2409 haec
2046 2354 2317 2425 ignorant,
2348 2356 2491 2410 sicut
2516 2355 2771 2411 inimicos
2802 2373 2903 2412 nos
2928 2358 3150 2424 habent,
3180 2368 3235 2413 et
3271 2358 3490 2429 fugiunt

1902 2459 2004 2499 nos
2035 2443 2178 2501 sicut
2204 2447 2297 2517 qui
2351 2446 2490 2517 fugit
2514 2448 2772 2519 gladium.

1972 2537 2043 2591 Et
2090 2541 2279 2594 cadent
2347 2540 2493 2594 nullo
2536 2551 2801 2612 sequente.
2844 2540 3031 2612 Neque
3084 2543 3232 2596 enim
3264 2558 3362 2597 nos
3392 2559 3489 2599 eos

1902 2632 2303 2702 persequimur,
2332 2634 2429 2689 sed
2462 2649 2527 2688 ex
2586 2634 2669 2688 sui
2701 2635 2882 2689 cordis
2920 2635 3115 2689 duritia
3146 2636 3486 2704 persecutio-

1904 2740 2028 2780 nem
2054 2725 2357 2795 patiuntur.
2388 2724 2524 2780 Nam
2547 2726 2669 2781 vide
2694 2727 2825 2796 quid
2865 2727 3130 2782 subdidit.
3155 2728 3220 2781 Et
3243 2738 3486 2782 corruent

1902 2816 2096 2886 singuli
2170 2826 2341 2881 super‘
2368 2818 2563 2885 fratres
2630 2833 2774 2883 suos,
2818 2817 2971 2883 quasi
3028 2816 3163 2870 bella
3204 2819 3483 2888 fugientes.

1902 2907 2135 2973 Quando
2158 2909 2304 2962 enim
2333 2924 2460 2963 cum
2485 2908 2566 2963 eis
2599 2908 2902 2979 loquimur,
2938 2919 2993 2963 et
3019 2909 3156 2979 legis
3184 2910 3485 2980 propheta-

1902 3012 2135 3067 rumque
2172 2997 2482 3054 testimonia
2508 3009 2699 3052 contra
2724 3014 2818 3052 eos
2855 3000 2923 3053 de
2947 3000 3167 3053 Christo
3196 2999 3485 3072 Evangeli-

1905 3088 2091 3159 cisque
2110 3090 2381 3160 mysteriis
2398 3089 2747 3160 proferimus,
2763 3092 3021 3145 coarctati
3043 3091 3095 3146 lii
3117 3093 3334 3162 quidem
3357 3095 3483 3158 hoc,

1905 3180 1980 3234 illi
2016 3189 2198 3235 autem
2240 3181 2369 3236 illud
2394 3181 2606 3244 dicunt,
2647 3190 2702 3236 et
2757 3183 3136 3252 unusquisque
3170 3199 3334 3253 super
3372 3183 3484 3238 fra-

1902 3282 2043 3339 trem
2078 3276 2204 3329 ruit.
2234 3274 2452 3330 lnﬁrma
2484 3275 2629 3329 enim
2662 3290 2856 3330 omnes
2906 3276 3118 3339 dicunt,
3183 3278 3485 3332 consistere

1902 3375 2124 3438 propter
2149 3367 2330 3422 hocin
2362 3367 2587 3422 alternis
2622 3383 2735 3421 non
2785 3367 2964 3422 valent
2992 3368 3193 3435 verbis,
3252 3379 3307 3424 et
3349 3386 3485 3425 con-

1904 3459 2194 3513 turbantur
2219 3458 2373 3528 quasi
2410 3459 2549 3513 bella
2573 3458 2870 3529 fugientes,
2893 3458 3047 3513 nullo
3075 3463 3485 3530 sequente.Nos

1880 3558 2082 3604 cautem
2120 3564 2233 3604 non
2256 3550 2638 3620 persequimur
2664 3565 2780 3615 eos,
2814 3566 2918 3605 nec
2945 3560 3007 3605 ut
3032 3567 3357 3621 noceamus,
3387 3554 3484 3609 sed

1902 3649 1962 3695 ut
1985 3642 2240 3711 juvemus
2267 3651 2431 3712 atque
2462 3642 2738 3698 lucremur
2766 3658 2882 3710 eos,
2924 3644 3300 3715 disceptamus
3356 3663 3482 3703 cum

1900 3734 2003 3789 eis.
2036 3734 2178 3800 Quid
2195 3749 2326 3806 ergo
2357 3735 2486 3790 hinc
2517 3736 2844 3805 patiuntur?

1969 3828 2138 3881 Nemo
2175 3838 2405 3882 vestrum
2440 3829 2669 3882 inimicis
2694 3830 2909 3883 audebit
2949 3831 3214 3896 resistere,
3245 3831 3483 3901 peribitis

1899 3921 2037 3973 inter
2083 3930 2283 3992 gentes,
2308 3930 2357 3975 et
2390 3921 2595 3975 hostilis
2628 3938 2716 3975 vos
2766 3931 2911 3976 terra
2951 3930 3237 3978 consumet.
3271 3926 3483 3979 Consu-

1899 4013 2001 4066 mit
2028 4013 2179 4067 enim
2210 4028 2305 4067 eos
2321 4014 2698 4085 evangelicum
2726 4021 3142 4078 testamentum,
3174 4016 3344 4071 totius
3378 4032 3478 4071 eo-

1899 4125 2019 4163 rum
2045 4120 2340 4163 conterens
2378 4104 2582 4164 erroris
2619 4110 3001 4164 substantiam.
3060 4108 3219 4164 Unde
3254 4124 3356 4163 nec
3389 4125 3480 4163 re-

1899 4196 2091 4256 sistere
2112 4200 2352 4256 inimicis
2370 4202 2503 4268 suis,
2537 4202 2631 4271 qui
2662 4202 2861 4257 salvari
2902 4219 3000 4272 per
3024 4202 3187 4256 ﬁdem
3222 4212 3472 4271 possunt,

1897 4297 1993 4351 sed
2025 4305 2081 4350 et
2120 4304 2354 4365 pereunt
2412 4296 2556 4350 inter
2612 4306 2822 4367 gentes,
2886 4296 2938 4348 in
2992 4296 3166 4365 lapide
3230 4296 3477 4367 angulari

1896 4388 2259 4451 oﬁ‘endentes,
2332 4396 2516 4442 etnec
2589 4387 2724 4458 legis
2776 4388 2997 4456 quidem
3070 4387 3302 4441 litteram
3387 4404 3501 4440 rer

1895 4481 2107 4550 spicere
2144 4479 2440 4543 ‘volentes,
2497 4489 2687 4548 utpote
2728 4480 2821 4550 qui
2864 4481 2919 4534 in
2950 4496 3069 4534 eam
3124 4495 3231 4532 non
3266 4479 3476 4534 habent

205 4579 334 4635 facti
367 4588 495 4633 sunt
523 4579 579 4632 in
628 4587 773 4633 terra
826 4578 1172 4632 inimicorum
1220 4593 1468 4645 suorum,
1505 4579 1557 4633 id
1600 4590 1702 4647 est,
1731 4581 1785 4634 in
1822 4591 1861 4643 ι)
1892 4577 2167 4633 ﬁduciam.

206 4671 521 4741 evangelico
569 4678 932 4726 testamento:
966 4669 1092 4724 facti
1135 4678 1264 4724 sunt
1303 4678 1505 4733 autem,
1538 4672 1639 4726 etsi
1676 4688 1785 4727 non

205 4772 420 4835 sponte,
454 4773 634 4818 tamen
680 4779 747 4818 ex
792 4764 1139 4819 necessitate.
1187 4761 1323 4832 Ipsis
1370 4763 1518 4817 enim
1551 4766 1788 4819 nolenti—

204 4857 329 4923 bus,
384 4857 671 4922 sacriﬁcia,
713 4866 772 4912 et
812 4856 1223 4927 puriﬁcationes
1256 4871 1591 4927 azymorum,
1624 4868 1679 4913 et
1704 4867 1787 4912 ta-

204 4949 626 5004 bernaculorum
678 4949 1022 5016 festivitates,
1047 4958 1103 5003 et
1135 4949 1344 5019 reliqua
1390 4966 1603 5006 cessare
1635 4952 1789 5018 fecit,

1965 4666 2115 4733 Quod
2144 4668 2242 4721 etsi
2272 4669 2334 4720 de
2354 4666 2435 4719 Itis
2467 4666 2637 4735 aliqui
2697 4665 3071 4729 remanserint,
3116 4669 3375 4718 tabescent
3418 4667 3473 4718 in

1892 4758 2262 4830 iniquitatibus
2291 4757 2421 4822 suis,
2442 4759 2500 4810 in
2530 4767 2671 4810 terra
2698 4756 3033 4809 inimicorum
3067 4772 3302 4809 suorum.
3340 4755 3473 4822 Qui-

1894 4865 2109 4920 cunque
2142 4850 2287 4904 enim
2336 4864 2403 4903 ex
2432 4849 2535 4913 eis,
2556 4848 2648 4918 qui
2705 4847 2954 4903 conversi
2984 4858 3132 4914 sunt,
3161 4861 3467 4919 remanent,

1894 4954 2277 5012 permanentes
2305 4942 2359 4995 in
2385 4942 2517 5012 legis
2543 4941 2744 5006 studio,
2781 4940 2834 4993 bi
2866 4947 3089 5010 propter
3118 4950 3334 5009 peccata
3351 4957 3467 5010 sua,

203 5040 580 5097 difﬁcultatem
615 5042 911 5112 patientes,
940 5042 999 5095 in
1028 5042 1436 5096 meditationem
1464 5044 1585 5111 ejus
1613 5044 1791 5099 disce-
1888 5050 2009 5103 qua?
2044 5037 2097 5089 ίιι
2132 5044 2277 5090 terra
2305 5036 2656 5091 inimicorum
2687 5050 2930 5099 διιοτίηην
2954 5034 3007 5088 id
3026 5042 3129 5096 es"
3189 5034 3241 5088 ί¹¹
3293 5036 3472 5089 EVM“

204 5134 364 5189 dunt.
398 5135 465 5189 Et
512 5135 654 5189 hanc
682 5134 1020 5189 vacationem
1047 5150 1146 5204 pro
1174 5133 1412 5190 Sabbato
1440 5136 1701 5205 suscepit,
1731 5146 1786 5191 et

203 5225 275 5281 ab
318 5227 398 5281 eis
436 5242 590 5281 sacra
631 5226 934 5297 Scriptura,
970 5227 1242 5298 nimisque
1288 5229 1369 5283 eis
1412 5228 1576 5283 etiam
1621 5244 1783 5299 supra

201 5315 449 5387 priorum
502 5314 866 5371 Sabbatorum
926 5317 1268 5373 vacationem
1335 5318 1587 5389 placebit.
1628 5317 1785 5372 Cur?

204 5406 343 5473 Quia
379 5424 481 5461 non
522 5416 597 5462 est
630 5409 864 5477 speciosa
903 5408 1023 5461 laus
1056 5410 1112 5462 in
1140 5427 1229 5465 ore
1271 5411 1561 5481 peccatoris
1589 5411 1632 5463 '.
1675 5409 1783 5465 Sed

201 5499 315 5555 ait:

281 5591 348 5647 Et
403 5594 493 5662 qui
538 5593 603 5647 de
629 5592 772 5648 vobis
826 5595 1385 5658 remanserint,'dabo
1435 5611 1684 5664 pavorem
1730 5594 1785 5647 in

202 5686 451 5740 cordibus
483 5700 686 5751 eorum,
720 5685 777 5739 in
826 5685 1124 5755 regionibus
1166 5685 1395 5740 hostium
1453 5686 1663 5740 terrebit
1699 5701 1785 5739 eos

278 5865 298 5894 ³
329 5862 492 5917 Eccli.
519 5880 606 5930 xv,
632 5863 686 5918 9.
756 5862 783 5902 ³
811 5860 957 5918 Psal.
991 5876 1110 5930 xm,
1152 5862 1205 5918 5.
1282 5860 1304 5893 ’⁵
1326 5858 1531 5917 Jerem.
1574 5826 1721 5927 nix,
1758 5858 1811 5914 9.

1893 5127 2067 5196 gelico
2104 5136 2455 5191 testamento,
2490 5127 2792 5181 secundum
2843 5126 2988 5195 quod
3041 5126 3299 5191 diximus,
3346 5144 3472 5197 pro-

1892 5226 2015 5289 pter
2042 5220 2525 5290 transgressionein
2554 5221 2673 5289 ejus
2717 5228 2950 5289 pereunt
2984 5236 2998 5273 :
3031 5220 3147 5274 base
3168 5228 3297 5313 sunt
3323 5219 3472 5275 enim

1892 5312 2068 5366 modis
2096 5314 2352 5368 omnibus
2378 5323 2622 5384 peccata,
2656 5329 2778 5383 quae
2820 5313 2873 5367 in
2922 5328 2987 5367 eo
3030 5312 3468 5369 committuntur.

1963 5404 2032 5457 Et
2060 5415 2275 5474 propter
2296 5416 2512 5475 peccata
2536 5424 2657 5469 sua,
2686 5416 2734 5461 et
2770 5417 2982 5476 propter
3007 5415 3220 5475 peccata
3257 5416 3471 5475 patrum

1891 5512 2126 5551 suorum.
2151 5498 2286 5565 Quia
2318 5500 2657 5569 praevaricati
2688 5510 2837 5565 sunt,
2872 5500 3316 5569 etdespexerunt
3341 5514 3466 5551 me:

1891 5604 1955 5644 ea
1974 5590 2121 5644 enim
2150 5607 2270 5661 qua!
2297 5607 2445 5647 nunc
2479 5593 2563 5646 eis
2589 5601 2918 5656 evenerunt,
2979 5601 3195 5661 patrum
3231 5590 3470 5659 peccatis

1892 5686 2193 5742 ascribunt.
2224 5684 2456 5757 PrOpter
2478 5680 2622 5756 quad
2648 5694 2703 5740 et
2730 5686 3013 5740 tabescent
3046 5684 3102 5738 in
3126 5684 3227 5748 eis,
3258 5698 3356 5753 pro
3385 5683 3469 5738 eis
