4032 6464
579 365 718 479 1155
1629 414 1643 430 ι
1767 401 2128 461 HESYCHII

2199 400 2647 460 ’RESBYTERI
3687 400 3791 463 1ὶίιῦ

576 528 924 588 conﬁtentes,
949 523 1077 593 quia
1099 517 1438 592 pravarieati
1477 524 1605 570 sunt
1632 515 1798 567 Deum
1837 514 1890 568 in
1947 523 2156 582 tempo-
2188 547 2226 601 Α
2261 512 2498 581 relinqui
2529 512 2616 564 illa
2643 526 2672 563 a
2697 509 2906 564 Judaeis
2927 507 3077 568 fecit,
3101 505 3234 575 quia
3282 503 3553 556 malitiose
3584 505 3798 578 interpre-

578 617 732 670 ribus
770 611 1159 678 anteriorihus,
1192 623 1300 660 non
1353 606 1495 658 bona
1529 604 1634 656 hoc
1663 611 1867 664 meme,
1893 601 1989 654 sed
2016 600 2155 654 mala
2188 596 2226 601 ’“
2260 611 2459 667 tantes,
2494 617 2599 655 non
2623 601 2762 655 bene
2804 599 3237 661 meditabantur,
3305 596 3633 663 injuriabant
3689 618 3800 658 eas:

581 707 862 767 facientes,
881 711 1170 772 utpaenam
1194 713 1314 768 qua:
1343 712 1508 766 super
1531 710 1623 748 eos
1648 695 1798 748 venit
1817 701 2038 763 propter
2057 693 2160 746 ini-
2259 695 2493 764 primum
2513 693 2733 764 quidem
2762 692 3030 755 dicentes,
3055 700 3109 744 et
3146 704 3268 742 non
3323 687 3608 747 facientes,
3645 689 3808 746 deinde

581 800 865 869 quitatem,
895 811 1056 866 quam
1087 794 1138 846 in
1165 791 1386 846 Christo
1413 789 1828 852 commiserunt,
1866 787 2154 853 molliant;
2261 786 2668 856 despicabiliter
2730 786 3180 853 interpretantes,
3247 787 3308 834 et
3337 779 3488 849 quod
3537 780 3587 832 in
3611 781 3680 835 eis
3720 797 3811 838 erat

583 905 709 944 nam
739 888 902 942 infert
926 905 939 941 :
961 885 1027 938 Et
1057 882 1480 937 ambulaverunt
1497 897 1564 935 ex
1593 881 1826 934 adverso
1854 879 2159 932 mihi.Am-
2261 883 2520 950 optimam
2557 879 2859 949 spiritalem
2905 874 3337 946 intelligentiam
3406 881 3657 941 tegentes.
3683 874 3812 930 Unde

584 981 781 1034 bulabo
813 979 974 1048 igitur
995 985 1052 1029 et
1086 991 1185 1045 ego
1217 983 1407 1027 contra
1447 988 1560 1036 eos,
1624 981 1681 1026 et
1726 971 1978 1026 inducam
2037 969 2160 1023 illos
2262 981 2317 1027 et
2353 978 2751 1040 consequenter
2773 969 2978 1022 addidit
3013 985 3025 1020 :

586 1073 642 1125 in
669 1081 866 1125 terrain
903 1068 1178 1121 hostilem.
1207 1065 1677 1130 Quemadmodum
1720 1065 1864 1119 enim
1896 1063 1971 1116 illi
1997 1078 2162 1131 repu-
2330 1063 2682 1133 Complacebit
2710 1062 2810 1114 sibi
2841 1062 2894 1113 in
2918 1057 3164 1113 Sabbatis
3196 1057 3341 1110 suis.
3369 1054 3426 1108 ld
3458 1065 3563 1118 est,
3593 1055 3708 1109 dum
3743 1059 3820 1111 de-

587 1173 699 1217 tant
729 1163 893 1214 Deum
921 1159 1342 1222 circumvenire,
1369 1172 1434 1210 ex
1458 1157 1692 1210 adverso
1718 1157 1767 1210 ei
1799 1156 2160 1217 ambulantes,
2265 1153 2435 1207 solata
2467 1153 2535 1206 ab
2565 1153 2646 1206 cis
2675 1160 2945 1205 remanet.
2996 1150 3205 1206 Gaudet
3236 1149 3398 1202 enim
3458 1144 3551 1200 Dei
3613 1147 3688 1201 lex
3744 1149 3819 1203 Ju-

586 1270 640 1313 ct
670 1259 774 1312 alia
799 1272 896 1326 pro
923 1257 1044 1309 aliis
1076 1253 1630 1323 interpretationibus
1655 1252 1790 1320 legis
1837 1261 1888 1304 et
1918 1253 2163 1320 prophe-
2266 1247 2504 1299 decorum
2533 1245 2720 1298 lruens
2748 1245 3104 1306 desolatione,
3139 1257 3314 1309 quam
3351 1241 3456 1310 ipsi
3487 1241 3694 1294 sibimet
3712 1243 3824 1295 intu-

589 1361 783 1413 tarum,
806 1365 926 1418 qua:
955 1348 1282 1401 conﬁrmant
1307 1346 1508 1401 Christi
1533 1346 1872 1416 mysterium,
1896 1347 2162 1410 dicentes,
2267 1336 2463 1389 lerunt.
2491 1335 2716 1405 Propter
2730 1335 2876 1404 quod
2898 1345 2953 1387 et
2974 1334 3342 1388 solitudinem
3400 1331 3549 1384 illam
3597 1333 3698 1399 pati
3750 1350 3822 1401 pro

587 1441 732 1510 quod
760 1452 843 1494 est
876 1439 1286 1493 adversantium
1341 1439 1622 1508 proprium
1658 1454 1670 1488 :
1713 1437 1790 1490 sic
1812 1446 1866 1491 et
1898 1437 2014 1506 ipse
2052 1452 2168 1489 am-
2266 1428 2347 1482 eis
2373 1428 2528 1482 diXil.

587 1533 795 1589 bulavit
824 1547 947 1586 cum
970 1532 1050 1586 eis
1077 1532 1363 1594 adversus,
1402 1539 1457 1584 et
1498 1530 1728 1585 inducet
1759 1546 1855 1584 eos
1880 1531 1932 1583 in
1965 1539 2165 1584 terram
2337 1523 2444 1587 Ipsi
2465 1539 2584 1576 vero
2616 1526 2878 1590 rogabunt
2907 1537 3002 1589 pro
3041 1519 3281 1588 peccatis
3306 1518 3446 1579 suis,
3491 1532 3549 1568 eo
3567 1518 3695 1586 quod
3710 1520 3824 1579 adie-

590 1625 862 1690 hostilem,
900 1623 952 1677 id
984 1633 1084 1688 est,
1123 1623 1176 1675 in
1201 1622 1579 1691 Evangelium,
1625 1621 1767 1689 quod
1803 1621 2054 1691 gentibus
2075 1620 2170 1675 de-
2271 1614 2657 1681 cerintjudicia
2686 1628 2826 1674 mea,
2858 1612 3060 1681 etleges
3101 1627 3250 1662 meas
3301 1610 3656 1675 despexerint.
3687 1609 3829 1678 Dupli-

588 1717 685 1770 dit.
717 1716 795 1770 Ex
826 1730 934 1784 quo
959 1715 1173 1768 duobus
1211 1713 1386 1766 modis
1412 1721 1646 1781 pereunt
1674 1731 1686 1766 :
1732 1714 1992 1782 primum,
2039 1715 2166 1782 quia
2271 1706 2374 1770 cia,
2406 1705 2602 1774 inquit,
2623 1705 2761 1758 bona
2788 1703 3011 1773 expulsa
3051 1703 3118 1756 de
3185 1701 3360 1772 plebe
3403 1699 3725 1766 Judarorum,
3778 1708 3825 1759 de

587 1807 868 1862 Iudaicam
894 1806 1163 1876 justitiam
1207 1806 1478 1860 destruit:
1549 1805 1768 1868 deinde,
1831 1806 1958 1874 quia
2025 1805 2168 1876 apud
2277 1798 2579 1866 Scripturis
2602 1797 2771 1851 sacris
2791 1803 3184 1865 provenerunt,
3221 1810 3334 1847 nec
3394 1794 3500 1861 ipsi
3540 1794 3676 1846 enim
3725 1797 3829 1864 inju-

595 1903 789 1965 gentes
808 1903 915 1956 est,
945 1895 1145 1963 quibus
1167 1893 1347 1950 aemuli
1373 1904 1520 1957 sunt,
1550 1905 1604 1947 et
1665 1896 2013 1949 contentiosa
2077 1897 2171 1950 ad-
2206 1901 2243 1954 Β
2275 1888 2504 1952 rianlur,
2539 1894 2763 1956 propter
2781 1887 2925 1954 quod
2947 1895 2999 1938 et
3026 1887 3268 1954 gaudent
3324 1897 3438 1936 non
3486 1883 3587 1954 legi
3647 1884 3708 1937 ab
3750 1887 3825 1953 eis,

593 2001 784 2040 versus
809 2000 902 2038 eas
926 1985 1110 2039 animo
1138 1986 1337 2039 salvari
1390 2001 1499 2039 non
1535 1987 1748 2049 volunt,
1805 1988 1873 2040 ita
1925 1997 1983 2041 ut
2035 1988 2175 2042 Deus
2277 1996 2454 2049 neque
2505 1981 2651 2033 enim
2684 1980 2755 2032 ita
2781 1979 2989 2048 legunt.
3015 1979 3157 2031 sicut
3192 1977 3382 2046 prius.
3425 1991 3551 2029 cum
3629 1977 3728 2030 sint
3767 1980 3827 2031 di-

591 2091 692 2145 ρει·
717 2074 939 2146 Moysen
971 2075 1177 2129 diceret
1208 2093 1222 2128 ε
1257 2075 1337 2128 Ad
1363 2076 1760 2130 aemulationem
1794 2094 1881 2130 υοε
1913 2080 2176 2132 adducam
2277 2071 2447 2140 spersi
2466 2071 2724 2138 omnique
2751 2077 3003 2123 carentes
3046 2067 3520 2137 praesumptione.
3557 2063 3657 2120 Sed
3699 2069 3822 2123 etiam

595 2168 764 2219 nonin
788 2175 937 2236 gente
966 2168 1007 2216 ⁵.
1035 2165 1235 2220 Paulus
1263 2175 1444 2220 autem
1465 2185 1478 2218 :
1502 2165 1799 2220 Secundum
1834 2168 2176 2241 Evangelium
2280 2166 2378 2234 ipsi
2419 2173 2770 2233 peccatorum
2795 2178 3040 2225 suorum,
3073 2173 3128 2214 et
3156 2159 3642 2230 prmvaricationis
3671 2161 3825 2214 divina

604 2258 812 2326 quidem
846 2257 1046 2310 inimici
1066 2265 1277 2324 propter
1308 2272 1398 2308 vos
1425 2256 1467 2307 ⁸.
1526 2256 1734 2310 Rursus
1774 2272 1788 2307 :
1830 2255 1975 2309 Sicut
2041 2258 2177 2308 enim
2279 2258 2415 2326 legis
2437 2257 2767 2311 consciisibi
2824 2256 3003 2309 elIecti
3059 2263 3206 2308 sunt.
3263 2251 3663 2306 Admirandum
3704 2254 3822 2308 etiam

597 2365 684 2404 vos
715 2365 833 2400 cum
864 2349 1064 2402 inimici
1097 2349 1302 2411 essetis,
1336 2348 1800 2400 reconciliatiestis
1829 2348 1955 2412 Deo,
1989 2350 2064 2402 sic
2131 2357 2180 2402 et
2281 2359 2364 2403 est
2393 2350 2535 2419 quod
2569 2349 2634 2401 ad
2664 2349 2831 2401 totius
2885 2347 3188 2400 sanctionis
3255 2344 3670 2416 conclusionem
3712 2346 3823 2398 lasti-

601 2453 736 2490 nunc
754 2453 855 2488 non
877 2437 1206 2489 crediderunt
1236 2439 1286 2488 in
1316 2447 1486 2489 vestra
1519 2438 1878 2492 misericordia
1919 2441 1960 2490 ν.
2281 2440 2536 2511 giumque
2575 2440 2801 2494 addidit.
2835 2440 2900 2492 Et
2932 2436 3382 2506 intelligendum,
3429 2436 3554 2502 quia
3585 2439 3822 2504 apertequi

677 2532 818 2581 Tunc
848 2530 1112 2581 erubescet
1149 2528 1519 2581 incircumcisa
1551 2545 1695 2581 mens
1730 2546 1936 2590 eorum.
1977 2539 2025 2582 et
2059 2539 2182 2583 tunc
2282 2532 2337 2586 in
2377 2531 2577 2602 Moyse,
2610 2531 2728 2599 ipse
2755 2529 2998 2583 etiamin
3028 2528 3219 2590 Paulo,
3264 2535 3325 2581 et
3371 2527 3424 2579 in
3462 2526 3704 2579 omnibus
3731 2543 3821 2595 apo-

600 2623 824 2676 orabunt
882 2637 976 2689 pro
1030 2621 1398 2690 iniquitatibus
1425 2621 1557 2673 suis.
1585 2620 1711 2674 Sive
1752 2632 1812 2675 ut
1876 2621 2036 2686 LXX,
2114 2623 2183 2676 Et
2283 2624 2437 2678 stolis
2460 2625 2673 2678 locutus
2702 2633 2806 2676 est.

602 2722 815 2784 peccata
875 2729 974 2767 sua
1029 2712 1228 2781 placita
1264 2711 1545 2774 habebunt,
1594 2712 1649 2765 id
1681 2721 1788 2778 est,
1813 2728 2004 2780 prunas
2049 2727 2184 2781 quas
2357 2715 2606 2768 Attamen
2640 2731 2757 2767 cum
2789 2721 2954 2767 essent
2987 2715 3043 2765 in
3075 2723 3215 2765 terra
3285 2711 3492 2774 hostili,
3523 2728 3620 2764 non
3666 2712 3818 2778 penits:

603 2801 882 2872 patiuntur
916 2815 1014 2869 pro
1037 2800 1278 2870 peccatis
1318 2816 1330 2852 :
1361 2800 1441 2854 sic
1481 2800 1629 2853 enim
1669 2800 1817 2868 quod
1845 2800 2053 2854 dictum
2099 2809 2186 2854 est

2288 2808 2459 2877 abjeci
2491 2824 2600 2865 eos.
2628 2823 2788 2876 neque
2817 2805 3047 2873 despexi,
3087 2814 3141 2856 ut
3188 2813 3644 2864 consumerentur,
3660 2813 3701 2855 et
3731 2803 3819 2854 irri-

603 2895 658 2948 in
683 2895 822 2951 Osee
851 2895 1249 2949 intelleximus:
1285 2893 1510 2948 Peccata
1527 2894 1708 2963 populi
1731 2895 1832 2947 mei
1848 2902 2117 2948 comedent
2137 2894 2179 2948 '.
2287 2907 2398 2952 tum
2436 2901 2664 2968 {acerem
2692 2909 2904 2967 pactum
2927 2913 3098 2950 meum
3137 2897 3375 2948 cumeis.
3414 2895 3540 2965 Ego-
3575 2897 3697 2948 enim
3735 2911 3819 2947 sum

603 2985 744 3050 Quid
767 2993 946 3038 autem
971 2985 1075 3038 hoc
1097 2992 1202 3049 est,
1231 2984 1285 3037 in
1308 2984 1776 3053 subsequentibus
1793 2984 2181 3038 manifestavit:
2285 2989 2548 3043 Dominus
2586 2987 2729 3041 Deus
2756 3003 2956 3047 eorum,
2991 2986 3384 3041 etrecordabor
3413 2986 3615 3054 {aderis
3640 2985 3723 3036 uici
3742 2985 3820 3049 pri-

604 3076 673 3132 Et
705 3076 773 3128 ad
795 3076 1131 3144 iniquitatem
1153 3091 1335 3130 eorum
1385 3076 1962 3130 sublevabuntanimas
1981 3093 2184 3132 eorum.
2286 3082 2442 3143 stini,
2486 3081 2698 3150 quando
2733 3080 2888 3132 eduxi
2932 3095 3016 3132 eos
3061 3079 3124 3132 de
3154 3088 3305 3130 terra
3369 3076 3606 3145 .Egypti,
3638 3076 3685 3128 in
3731 3091 3816 3126 oon-

609 3169 749 3238 Ergo
776 3177 1000 3236 peccata
1033 3167 1222 3239 populi
1253 3168 1566 3231 comedere,
1593 3178 1679 3222 est
1709 3185 1812 3238 pro
1859 3170 1940 3222 eis
1997 3184 2186 3238 pcenas
2289 3181 2467 3240 spectu
2493 3171 2748 3240 gentium,
2797 3179 2855 3222 ut
2900 3184 3064 3222 essent
3111 3167 3251 3220 Deus
3300 3183 3510 3220 eorum.
3562 3164 3661 3234 Ego
3686 3164 3818 3216 Domi-

607 3257 1184 3329 sustinere,diguaque
1201 3273 1259 3312 se
1289 3259 1399 3327 pati
1430 3261 1663 3328 peccatis
1689 3259 1804 3314 suis
1844 3259 2064 3314 dicunt:
2085 3259 2189 3313 etsi
2217 3241 2258 3296 (ἶ
2293 3281 2409 3318 nus.

607 3349 853 3416 quaedam
909 3358 1126 3422 peccata
1184 3365 1278 3407 sua
1314 3351 1682 3417 conﬁtentur,
1708 3352 1955 3421 quaedam
1981 3360 2188 3422 tegunt,
2364 3333 2490 3410 llaec
2517 3354 2564 3410 si
2592 3369 2675 3409 vts
2708 3367 2806 3423 per
2843 3353 3056 3423 singula
3083 3362 3446 3417 cognoscere,
3502 3345 3702 3399 Paulum
3715 3345 3814 3412 lege,

607 3457 728 3512 ρυλε
758 3442 810 3496 δυ
838 3442 1115 3496 Christum
1145 3443 1556 3500 COmIIIisel'llllL
2293 3451 2564 3522 quomodo
2592 3464 2688 3504 eos
2713 3464 2824 3501 non
2857 3445 3171 3516 despexerit
3199 3443 3350 3498 D’eus
3392 3443 3448 3496 in
3507 3449 3638 3494 terra
3661 3437 3809 3499 hostili,

682 3533 748 3587 Et
777 3535 1090 3590 recordabar
1115 3535 1321 3605 fwderis
1346 3537 1445 3588 mei
1483 3537 1624 3606 quod
1659 3537 1833 3606 pepigi
1863 3552 1982 3589 cum
2007 3537 2221 3603 Jacob,-
2297 3543 2350 3597 id
2385 3551 2490 3606 est,
2524 3540 2579 3593 in
2608 3538 2934 3609 Evangelico
2996 3544 3354 3597 testamento,
3409 3547 3514 3586 nec
3549 3530 3812 3596 consumpsit

612 3622 770 3680 Isaac
829 3634 875 3677 et
904 3625 1196 3678 Abi-altam.
1226 3623 1396 3693 Cujus
1422 3625 1502 3680 rei
1542 3626 1714 3695 gratia
1738 3641 1846 3680 non
1890 3627 2193 3682 secundum
2295 3650 2411 3698 eos,
2439 3642 2499 3687 ut
2532 3633 2746 3686 irritum
2779 3629 2983 3684 faceret
3003 3637 3220 3698 pactum
3247 3642 3414 3681 suum
3447 3617 3806 3695 pristinumNt-

613 3715 864 3768 ordinem
895 3715 1158 3784 temporis
1205 3726 1260 3769 et
1291 3719 1509 3786 generis
1549 3721 1824 3772 Abraham
1853 3721 2037 3788 coepit,
2100 3722 2194 3775 sed
2296 3742 2400 3796 que
2426 3725 2574 3780 enim
2602 3724 2668 3778 ad
2702 3723 2914 3777 irritum
2950 3721 3081 3775 illud
3110 3720 3344 3774 deduxit
3394 3733 3462 3771 ex
3487 3725 3613 3776 toto,
3661 3713 3728 3768 sed
3762 3720 3795 3762 et

611 3805 820 3864 Jacobi
851 3806 933 3860 vel
959 3822 1056 3860 cur
1100 3806 1242 3866 LXX
1270 3824 1379 3863 nun
1403 3810 1591 3864 dicunt
1617 3829 1630 3865 :
1669 3810 2078 3866 Testamentum
2099 3812 2192 3866 Ja-
2299 3833 2452 3886 spem
2479 3817 2671 3870 salutis
2699 3815 2936 3884 reliquit,
2962 3829 3062 3866 non
3094 3812 3341 3864 omnibus
3375 3819 3575 3868 autem,
3598 3805 3673 3859 sed
3705 3801 3784 3854 rdi-

612 3897 738 3961 θοι),
771 3904 826 3951 et
857 3897 1024 3962 Isaac,
1051 3905 1106 3951 et
1133 3898 1428 3965 Abraham,
1461 3901 1578 3963 sed,
1604 3911 1970 3958 testamentum
2013 3903 2194 3965 Jacob,
2300 3910 2455 3980 quiis,
2507 3908 2646 3962 sicut
2667 3907 2868 3960 Paulus
2900 3906 2996 3969 ait,
3055 3903 3349 3974 proferens
3402 3900 3552 3955 Isaia:
3601 3894 3789 3966 propin“:

615 3999 664 4044 et
693 3998 1063 4043 testamentum
1107 3992 1285 4054 Isaac,
1346 4001 1394 4044 et
1446 4001 1813 4048 testamentum
1887 3994 2198 4048 Abraham?
2302 3999 2694 4054 testimonium.
2718 3996 2774 4051 Si
2802 3997 2960 4066 fuerit
2983 4011 3230 4048 nunterus
3251 3994 3504 4072 ﬁliorum
3545 3985 3685 4043 Israel
3712 3984 3797 4034 sicut

617 4082 743 4140 Tria
775 4083 1232 4152 quemadmodum
1269 4091 1593 4140 testamenta
1625 4085 1941 4150 innitentes,
1990 4095 2052 4141 ut
2110 4086 2194 4140 le-
2301 4110 2465 4146 arena
2483 4093 2670 4157 maris,
2706 4090 2938 4160 reliquiis
2954 4087 3113 4141 εαιυω
3141 4087 3275 4153 fiunt
3307 4089 3350 4137 '.
3384 4083 3519 4136 Dico
3547 4072 3800 4148 ετεοέΝυ·

618 4190 739 4244 geni
771 4173 1025 4228 videlicet
1061 4183 1115 4228 et
1162 4176 1458 4244 prophetas
1507 4177 1917 4232 commendaret
1958 4177 2202 4248 Evange-
2301 4185 2429 4255 quid
2461 4184 2660 4254 repulit
2687 4182 2828 4236 Deus
2846 4181 3060 4252 plebem
3095 4177 3290 4233 suam?
3318 4175 3475 4231 Absit
3504 4175 3517 4226 l
3555 4163 3798 4255 Πρωτὼδῇ

620 4264 776 4328 lium,
813 4279 1045 4334 quorum
1080 4267 1208 4333 quia
1241 4267 1518 4335 antiquior
1541 4267 1624 4320 lex
1645 4278 1747 4330 est,
1775 4270 2020 4323 secundo
2073 4285 2203 4324 vero
2305 4252 2392 4332 ιίιια
2414 4252 2576 4331 etiam
2603 4275 2821 4330 fmderis
2879 4275 2960 4326 sui
2999 4269 3483 4342 pristini,quando
3534 4263 3655 4317 ﬁlios
3686 4252 3800 4310 limi

623 4355 742 4410 loco
780 4356 1058 4424 propheta:
1088 4357 1445 4411 novissimum
1497 4358 1849 4428 Evangelium
1914 4360 2202 4414 ostendere
2304 4369 2373 4422 de
2403 4377 2546 4422 terra
2569 4366 2788 4437 [Egypti
2817 4364 3024 4419 eduxit.
3084 4363 3150 4415 Et
3188 4363 3244 4415 in
3305 4376 3417 4430 quo
3462 4343 3805 4411 recordabiturl

622 4447 934 4501 voluerunt.
965 4446 1100 4513 Quia
1122 4447 1495 4519 Evangeliutn,
1527 4449 1630 4503 etsi
1676 4450 2039 4504 novissimum
2077 4467 2201 4518 gra-
2305 4459 2378 4516 Ut
2401 4466 2546 4513 esset
2573 4457 2715 4513 Deus
2739 4472 2926 4512 eorum
2951 4456 3006 4510 in
3034 4463 3334 4524 conspectu
3355 4450 3606 4523 gentium.
3635 4441 3804 4508 Adquo-

622 4539 716 4604 tia,
767 4537 862 4592 sed
909 4553 939 4591 a
990 4537 1102 4592 Deo
1125 4540 1479 4608 praeponitur,
1515 4550 1679 4610 atque
1709 4542 1832 4595 ideo
1877 4545 2030 4610 prius
2082 4543 2202 4612 ejus
2237 4575 2276 4626 υ
2307 4565 2426 4602 rum
2454 4548 2804 4604 manifestam
2850 4547 3382 4601 demonstrationem
3449 4537 3690 4595 suiliciunt
3740 4525 3807 4581 tibi

623 4631 940 4685 memoriam
977 4631 1120 4698 facit,
1149 4632 1386 4701 primum
1412 4630 1603 4699 Iacob,
1627 4634 1718 4702 qui
1741 4634 2073 4688 novissimus
2119 4645 2204 4689 est
2237 4622 2266 4626 ⁷
2310 4642 2428 4696 meo
2450 4641 2777 4709 Apostolica:
2802 4639 2968 4694 verba
2998 4638 3311 4706 sapientim.
3341 4634 3459 4689 Non
3485 4631 3609 4684 enim
3635 4622 3722 4678 volo
3745 4633 3804 4709 tot

625 4731 871 4790 tempore
898 4731 953 4775 et
976 4721 1188 4786 ordine,
1212 4724 1548 4777 mentionem
1566 4723 1712 4778 facit.
1735 4723 2203 4794 Utcognationctn
2309 4708 2573 4802 ignorare,
2602 4733 2814 4801 fratres,
2861 4731 3165 4800 mysterium
3187 4729 3301 4787 hoc,
3341 4737 3393 4779 ut
3429 4739 3525 4776 non
3577 4718 3670 4771 sitis
3705 4708 3806 4805 apud

623 4823 808 4867 autem
846 4813 988 4867 inter
1021 4829 1080 4868 sc
1106 4815 1362 4870 habentia
1407 4815 1659 4870 similiter
1708 4816 2012 4884 conjunxit.
2047 4815 2114 4869 Et
2149 4817 2203 4871 in
2310 4801 2642 4891 vosmetipsos
2665 4823 2943 4890 sapientes,
2978 4821 3104 4890 quia
3147 4821 3356 4874 cmeitas
3387 4833 3447 4871 ea:
3482 4820 3617 4883 parte
3639 4801 3802 4891 contigit

625 4905 735 4967 δίεν
789 4906 842 4958 in
903 4907 1102 4975 quibus
1141 4907 1276 4978 legis
1332 4908 1830 4978 prophetarumque
1875 4911 2207 4965 mentionem
2312 4915 2367 4967 in
2397 4889 2585 4978 Israel,
2619 4889 2780 4967 donec
2805 4889 3075 4982 plenitudo
3128 4914 3366 4983 gentium
3434 4904 3667 4962 introiret,
3696 4903 3730 4946 et
3752 4889 3804 4983 sit

629 4997 776 5062 facit,
803 4998 856 5049 in
883 4998 967 5051 his
993 5015 1049 5052 se
1071 5007 1127 5053 et
1158 4999 1436 5070 Evangelii
1494 5001 1627 5055 dicit
1664 5001 1865 5056 facere.
1897 5001 2068 5056 Nimis
2109 5018 2208 5057 au-
2292 5003 2482 5059 'omnis
2503 4980 2860 5058 Israelsalvus
2881 5004 3026 5073 ﬁeret
3047 4980 3513 5073 “.‘Beneergoad
3545 4980 3799 5075 totitist'etbf'

628 5098 737 5143 tem
767 5091 871 5144 hoc
899 5105 983 5156 ea,
1015 5107 1137 5160 quae
1166 5103 1491 5161 sequuntur,
1531 5095 1839 5148 conﬁrmat.
2317 5095 2726 5151 conclusionem
2759 5093 3020 5148 Dominus
3064 5094 3201 5147 dixit
3232 5111 3244 5146 :
3303 5092 3411 5163 Ego
3454 5084 3684 5140 Dominus.
3731 5073 3799 5134 Qui

705 5178 880 5233 Terra:
919 5197 1122 5252 quoque
1148 5200 1347 5236 memor
1363 5201 1470 5245 ero,
1499 5201 1614 5254 qua:
1667 5202 1783 5238 cum
1835 5186 2018 5239 relicta
2053 5186 2213 5254 fuerit
2319 5191 2563 5244 omnium
2589 5189 2822 5243 salutem
2858 5186 3004 5248 νοιο,
3028 5194 3189 5254 atque
3222 5185 3346 5240 ideo
3371 5173 3795 5236 etiamJudzorum.

629 5272 696 5328 ab
728 5271 953 5333 eis$ive
978 5283 1036 5327 ut
1063 5272 1225 5340 LXX,
1249 5276 1562 5346 relinquitur
1585 5278 1650 5330 ab
1674 5280 1768 5331 eis.
1791 5277 1926 5347 Ergo
1949 5282 2074 5348 quia
2115 5282 2213 5334 be-
2319 5281 2447 5334 licet
2469 5288 2594 5349 post
2617 5287 2696 5334 tot
2725 5277 3080 5347 iniquitates,
3104 5276 3412 5330 salvaturus
3434 5264 3671 5334 reliquias.

629 5362 866 5418 nedictio
901 5365 1134 5419 maxime
1162 5375 1302 5420 terra
1324 5378 1404 5422 est
1431 5384 1461 5420 a
1492 5369 1621 5434 Deo,
1660 5369 1712 5421 in
1747 5371 2004 5423 memoria
2023 5371 2212 5424 haberi
2393 5373 2554 5427 Vens.
2586 5371 2677 5426 45.
2721 5389 2739 5422 ι
2779 5371 2906 5426 llaec
2934 5375 3345 5436 suntprtecepta
3373 5370 3522 5430 atque
3546 5348 3724 5424 judicia,
3756 5344 3796 5438 ⁷ι³ί

631 5456 864 5528 diligens
934 5457 1328 5528 intelligibilem
1380 5469 1578 5514 terram
1633 5460 1795 5526 Deus,
1821 5461 1873 5515 id
1935 5472 2038 5524 est,
2085 5478 2215 5516 suas
2321 5467 2616 5536 legesquas
2649 5463 2800 5518 dedit
2827 5462 3091 5516 Dominus
3122 5460 3263 5512 inter
3294 5473 3370 5522 se,
3403 5438 3712 5508 etiilios,\‘el.
3756 5442 3793 5480 ¹¹³

632 5551 953 5619 scripturas,
978 5561 1034 5606 et
1052 5553 1369 5608 memoriam
1397 5568 1610 5619 eorum,
1667 5564 1720 5608 et
1768 5570 1877 5608 non
1931 5555 2212 5611 oblivione
2325 5565 2513 5610 monte
2544 5555 2694 5608 Sinai
2718 5569 2815 5624 per
2841 5567 3062 5607 manum
3089 5551 3279 5621 Moysi.
3313 5569 3329 5600 ι

703 5773 724 5804 ⁸
757 5770 1108 5838 Deut.xxxtt,
1147 5773 1246 5837 2|;
1284 5773 1439 5828 Rom.
1467 5791 1522 5837 χ,
1557 5775 1639 5828 19.
1717 5777 1734 5797 ⁸
1769 5775 1923 5831 Rom.
1970 5793 2044 5840 XI,
2077 5776 2167 5829 28.
2273 5778 2291 5807 ⁷

2273 5778 2291 5807 ⁷
2327 5776 2482 5829 ltum.
2547 5793 2597 5839 v,
2628 5777 2711 5830 l0.
2809 5775 2828 5806 ³
2863 5774 3020 5830 Osce.
3059 5790 3130 5840 tv,
3170 5773 3222 5828 8.
3298 5773 3316 5803 ⁸
3347 5766 3462 5824 ibid.
3530 5760 3562 5789 "
3589 5752 3783 5808 Βοωοηι

636 5842 741 5905 9.7;
779 5843 876 5897 lsa.
907 5857 961 5908 Χ,
984 5844 1074 5898 22.
1157 5846 1197 5876 ί⁰
1232 5845 1387 5898 llont.
1418 5863 1493 5910 si,
1524 5846 1612 5909 :15,
1647 5846 1731 5899 ‘26.
