3928 6414
68 363 206 429 1157

142 480 278 537 Non
320 485 522 543 otiose
542 488 813 552 intendas,
836 504 959 559 qua:
1006 488 1151 544 dicta
1175 498 1323 545 sunt.
1372 487 1694 543 Conclusio-

59 588 191 626 nem
258 577 444 633 enim
505 580 683 634 verbis
740 580 852 634 suis
908 580 1185 651 legislator
1235 579 1459 649 adjecit,
1493 594 1558 635 ex
1579 594 1686 648 qua

59 682 249 733 usque
287 670 370 722 ad
402 680 618 725 certum
640 681 853 741 tempus
879 671 1089 727 ﬁrmam
1123 672 1253 727 velit
1278 687 1401 726 esse
1423 670 1559 741 legis
1598 670 1683 724 lit-

60 768 268 820 teram,
312 760 459 816 sine
486 763 665 831 aliqua
709 764 1049 819 dubitatione
1095 764 1485 825 manilestavit,
1512 773 1568 818 et
1592 763 1689 818 Ju-

60 852 335 905 dzeorum
379 854 663 909 obstruxit
684 871 766 919 os,
798 855 1139 909 tentantibus
1166 855 1269 909 hac
1295 855 1414 926 lege
1434 856 1687 911 utietiam

65 958 248 1007 nunc,
275 948 530 1013 quando
559 957 781 1016 tempus
808 964 918 1002 non
954 949 1308 1018 habent,jam
1339 948 1595 1003 veniente
1623 964 1690 1003 eo

61 1032 155 1102 qui
182 1031 457 1098 ludatis,
482 1037 627 1093 sicut
654 1038 909 1097 inﬁrmis.
948 1039 1104 1094 lactis
1138 1038 1257 1093 vice
1286 1038 1419 1110 legis
1454 1039 1689 1094 litteram

65 1126 427 1195 exquisivit,
459 1128 661 1183 etbuic
712 1129 930 1199 Moysen
979 1131 1301 1200 praacipiens
1356 1131 1689 1193 ministrare,

66 1218 185 1286 ipse
220 1220 489 1275 veniens
519 1222 587 1275 ad
618 1223 765 1277 illam
820 1222 1116 1291 perfectius
1142 1223 1444 1279 introduxit
1466 1222 1690 1292 judicia.

68 1310 214 1379 Ergo
234 1313 573 1366 secundum
632 1314 773 1383 quod
800 1314 968 1368 semel
1008 1314 1269 1377 diximus,
1304 1314 1689 1383 prepriedixit,

66 1416 187 1469 qua:
242 1400 383 1456 Deo
417 1404 701 1469 judicante
762 1405 831 1459 de
877 1405 1199 1473 quibusdam
1255 1406 1525 1475 capitulis,
1574 1420 1693 1474 quae

69 1495 430 1563 ignorantes
488 1496 983 1567 interrogaverunt,
1032 1499 1174 1553 dicta
1235 1509 1382 1554 sunt.
1417 1500 1692 1569 Pmcepta

70 1594 291 1650 autem,
322 1603 464 1656 quae:
488 1604 596 1643 non
622 1591 725 1644 hoc
748 1590 927 1654 modo,
963 1592 1058 1644 sed
1089 1592 1385 1661 semetipso
1416 1592 1694 1661 legislator

75 1676 231 1729 nullo
287 1677 686 1749 interrogante
729 1680 983 1735 sancivit.
1028 1679 1233 1736 Deinde
1267 1682 1551 1736 succincte
1609 1691 1694 1735 to-

75 1768 183 1820 tius
218 1768 553 1824 sanctionis
609 1770 1074 1839 dispensationem
1163 1772 1451 1841 complecti
1501 1772 1689 1827 volens

78 1860 335 1915 subdidit
381 1879 399 1914 :

144 1952 216 2005 Et
250 1952 416 2023 leges
450 1970 584 2022 quas
610 1953 749 2007 dedit
782 1953 1031 2007 Dominus
1053 1955 1188 2008 inter
1216 1973 1270 2010 se
1302 1966 1349 2009 et
1396 1958 1531 2010 inter
1551 1957 1689 2024 filios

84 2042 283 2097 Israel.
313 2044 558 2114 Pr0pler
587 2047 730 2114 quod
759 2056 815 2099 et
851 2047 1042 2114 reliqui
1068 2046 1415 2115 interpretes,
1447 2048 1691 2116 exceptis

84 2133 251 2199 LXX,
270 2136 442 2207 leges
464 2136 773 2203 ediderunt,
808 2137 1118 2192 dilferentia
1142 2138 1276 2208 legis
1297 2140 1510 2209 negotia
1522 2139 1691 2194 verbo

88 2221 188 2274 hoc
218 2222 623 2276 demonstrare
644 2223 946 2292 cupientes.
1008 2222 1149 2288 Quid
1196 2235 1377 2277 autem
1405 2233 1490 2278 est
1545 2224 1689 2294 quod

90 2310 221 2364 dixit
240 2311 441 2366 inter?
480 2312 585 2365 nisi
612 2312 737 2381 quia
768 2312 1135 2381 proculdubio
1160 2327 1331 2379 usque
1356 2313 1485 2365 dum
1506 2312 1692 2366 veniat

94 2403 153 2455 de
188 2419 307 2472 quo
344 2404 431 2458 ait
466 2403 631 2457 Isaias
658 2420 675 2455 ι
714 2402 834 2472 Ipse
855 2404 1023 2457 veniet
1080 2403 1370 2455 etsalvabit
1399 2419 1487 2455 nos
1516 2418 1534 2455 :
1568 2412 1691 2454 tunc

96 2496 420 2565 aperientur
436 2495 573 2548 oculi
587 2505 917 2558 cazcorum,et
937 2511 1091 2548 aures
1102 2495 1324 2546 surdoru
1334 2512 1382 2547 m
1398 2495 1611 2547 audient
1628 2496 1691 2558 ”,

100 2598 541 2657 «quacunque
568 2587 621 2640 in
660 2586 747 2639 illa
794 2586 1081 2656 prophetia
1123 2585 1507 2639 continentur;
1566 2592 1695 2639 tunc

106 2695 462 2750 nequaquam
496 2680 637 2733 ultra
668 2678 965 2732 secundum
996 2677 1337 2747 superﬁciem
1370 2677 1578 2737 littera},
1600 2677 1693 2729 sed

104 2771 573 2839 quemadmodum
620 2772 737 2841 ipse
756 2772 1092 2842 exposuerit,
1130 2778 1349 2839 oportet
1371 2769 1544 2840 legem
1596 2785 1693 2821 cu-

112 2862 289 2916 stodiri
310 2861 388 2917 ad
409 2862 793 2932 Evangelicam
816 2861 1041 2932 gratiam
1070 2860 1383 2914 translatam
1412 2869 1463 2912 et
1488 2862 1551 2912 ad
1569 2874 1685 2928 pcr-

116 2951 401 3008 lt-cliorem
451 2954 947 3018 conversationem,
980 2968 1089 3006 non
1113 2959 1172 3006 ut
1189 2952 1257 3007 ad
1280 2952 1491 3004 irritum
1523 2952 1695 3005 dedu-

122 3052 274 3108 catur,
315 3044 420 3098 sed
449 3051 507 3096 ut
538 3045 603 3097 ad
626 3044 949 3112 prudentem
984 3043 1515 3114 interpretationem,
1575 3042 1688 3110 spi-

128 3137 439 3206 ritalenique
461 3152 682 3191 sensum
718 3137 985 3191 trahatur.
1030 3137 1139 3189 Cur
1184 3136 1349 3191 etiam
1386 3135 1563 3188 locum
1621 3134 1695 3186 si-

138 3228 388 3295 gniﬁcavit
408 3227 433 3279 Ἰ
466 3228 540 3281 ait
563 3228 707 3281 enim
737 3244 751 3280 :

197 3317 248 3371 In
275 3328 464 3373 monte
492 3318 675 3385 Sinai,
710 3319 814 3372 nisi
849 3328 1063 3383 utnon,
1095 3318 1263 3372 David
1298 3318 1517 3373 dicente
1552 3334 1563 3367 :
1603 3318 1695 3369 l’i-

134 3412 315 3464 debitur
343 3413 487 3465 Deus
516 3413 731 3463 deorum
760 3411 815 3462 in
846 3408 972 3463 Sion
1002 3410 1044 3439 "
1071 3427 1085 3475 ;
1118 3418 1171 3462 et
1199 3410 1492 3479 Malachia‘:
1513 3410 1697 3468 Subito

128 3505 272 3556 veniet
311 3504 367 3555 in
399 3502 651 3571 templum
678 3519 832 3554 suum
879 3501 1153 3564 Dominus,
1182 3518 1334 3569 quem
1390 3518 1477 3556 vos
1506 3506 1700 3574 quaeri-

128 3596 274 3660 tis”;
319 3604 373 3647 et
408 3607 597 3647 rursus
619 3591 919 3649 DavidzEx
958 3590 1085 3645 Sion
1118 3593 1309 3661 species
1345 3595 1542 3647 decoris
1562 3595 1697 3663 ejus,

125 3688 248 3741 Deus
290 3688 605 3756 manifestus
628 3686 813 3749 veniet,
835 3685 972 3738 Deus
990 3694 1183 3748 noster,
1208 3699 1255 3738 et
1286 3702 1387 3738 non
1414 3686 1582 3739 silebit
1606 3686 1647 3717 “
1682 3704 1695 3740 :

125 3780 256 3833 illam
323 3780 445 3846 ejus
482 3778 587 3831 dici
636 3778 1096 3847 diSpensationcm
1144 3787 1401 3845 putemus
1455 3787 1699 3847 tempore

128 3870 247 3939 legis
280 3879 486 3931 actam,
522 3868 664 3922 unde
705 3869 795 3921 hic
857 3876 963 3922 tam
1005 3866 1110 3921 loci
1177 3867 1511 3920 mentionem
1574 3868 1704 3921 fecit

131 3978 281 4029 quam
307 3959 669 4014 ministrantis
697 3958 885 4029 Moysi,
906 3966 963 4013 ut
991 3975 1055 4011 ex
1079 3958 1182 4012 hoc
1206 3957 1702 4028 disceremus,quia

132 4054 287 4107 alium
316 4052 477 4105 nobis
510 4051 802 4105 adventum
837 4050 954 4119 ejus
984 4049 1265 4118 propheta:
1310 4049 1698 4118 promiserunt,

133 4146 208 4212 qui
239 4160 347 4199 nec
378 4144 433 4197 in
475 4144 623 4208 Sina,
658 4159 761 4197 nec
798 4158 899 4212 per
954 4142 1334 4204 mediatorem,
1373 4141 1469 4196 sed
1517 4149 1701 4211 aperte

136 4239 298 4294 Iactus
332 4248 439 4295 est.

685 4325 913 4381 CAPUT
956 4324 1170 4379 XXVII.

207 4420 362 4477 Vens.
392 4419 499 4474 1-8.
543 4438 560 4469 ι
586 4419 935 4487 Locutusque
958 4426 1042 4471 est
1095 4417 1355 4472 Dominus
1386 4417 1451 4471 ad
1481 4416 1702 4485 Moysen

141 4514 345 4569 dicens:
377 4514 624 4582 Loquere
648 4512 770 4564 filiis
802 4511 964 4564 Israel
1001 4510 1222 4564 etdiccs
1248 4510 1315 4563 ad
1360 4525 1454 4563 eos
1487 4527 1500 4562 :
1530 4509 1701 4563 Homo

136 4606 216 4675 qui
237 4616 424 4661 votum
448 4604 658 4668 fecerit,
690 4612 743 4656 et
773 4602 1123 4671 spoponderit
1144 4602 1253 4655 Deo
1272 4602 1506 4654 animam
1526 4616 1700 4658 suam.

137 4699 228 4753 sub
253 4697 618 4753 aestimatione
642 4695 790 4749 dabit
818 4695 1072 4765 pretium.
1121 4694 1177 4748 Si
1214 4694 1380 4747 fuerit
1405 4692 1699 4758 masculus,

134 4791 445 4847 avicesimo
486 4803 657 4857 usque
720 4787 786 4840 ad
843 4786 1231 4856 sexagesimum
1280 4800 1504 4848 annum,
1554 4784 1701 4838 dabit

134 4882 526 4955 quinquaginta
549 4881 711 4935 siclos
740 4880 946 4951 argenti
978 4879 1043 4932 ad
1083 4894 1393 4932 mensuram
1450 4886 1701 4931 sanctua-

135 4976 194 5030 rii
222 4994 235 5028 :
261 4976 309 5029 si
340 4974 557 5034 mulier,
600 4972 837 5042 triginta.
865 4971 909 5024 A
938 4970 1127 5039 quinto
1144 4978 1325 5022 autem
1355 4983 1501 5021 anno
1527 4982 1699 5036 usque

134 5068 197 5122 ad
234 5066 576 5129 vicesimum,
597 5064 869 5117 masculus
899 5062 1051 5115 dabit
1084 5062 1268 5131 viginti
1289 5061 1473 5124 siclos,
1500 5059 1699 5113 femina

137 5158 448 5216 decem.Ab
490 5174 599 5211 uno
639 5172 825 5210 mense
868 5171 1041 5223 usque
1080 5155 1148 5209 ad
1197 5170 1399 5206 annum
1449 5151 1699 5221 quintum

136 5269 227 5323 pro
269 5250 517 5305 masculo
568 5249 843 5303 dabuntur
883 5246 1122 5314 quinque
1170 5244 1307 5307 sicli,
1372 5259 1471 5312 pro
1502 5243 1701 5295 femina

138 5352 261 5397 tres.
296 5340 716 5411 Sexagenarius,
739 5346 792 5392 et
826 5337 963 5392 ultra
991 5338 1259 5391 masculus
1299 5336 1447 5389 dabit
1472 5335 1703 5404 quinde-

140 5436 233 5488 cim
254 5426 662 5497 siclos,l'emina
680 5430 887 5483 decem.
926 5429 979 5481 Si
1028 5444 1234 5496 pauper
1266 5427 1451 5492 fuerit,
1477 5439 1531 5481 et
1558 5427 1704 5481 (esti-

141 5528 431 5581 mationem
462 5525 689 5580 reddere
717 5536 825 5575 non
867 5520 1120 5585 valuerit,
1168 5520 1332 5574 stabit
1380 5535 1562 5574 coram
1620 5536 1705 5572 sa-

209 5711 249 5743 “
275 5711 377 5765 Isa.
414 5721 579 5771 xxxv,
611 5707 665 5772 4,
702 5706 755 5760 5.
835 5704 877 5734 "
909 5702 1051 5757 l’sal.
1088 5718 1310 5766 LXXXIII,
1353 5703 1403 5757 8.

147 5795 265 5846 xxx,
298 5783 383 5835 l2.

1221 373 1303 433 IN
1347 372 1791 434 LEVITICUM.
1833 398 1905 409 --
1944 375 2092 435 LIB.
2133 374 2263 434 VII.

1487 5702 1527 5733 “
1561 5701 1785 5755 Malacli.
1823 5717 1905 5767 ιιι,
1940 5700 1988 5754 I.

3237 378 3373 449 115%

1723 494 1766 552 Α
1798 487 2042 552 cerdole,
2065 497 2120 542 et
2142 498 2407 557 quantum
2428 488 2516 540 ille
2544 488 2915 554 mstimavcrit,
2937 500 2993 546 et
3022 492 3219 551 viderit
3246 512 3373 553 eum

1789 594 1954 649 posse
1981 579 2229 640 reddere.
2251 588 2459 634 tantum
2491 580 2661 634 dabit.
2714 602 2731 631 ι

1858 670 2022 725 Plena
2045 681 2173 725 sunt
2191 672 2307 726 haec
2332 672 2495 725 etiam
2521 672 2848 742 legislatoris
2869 676 3032 729 verba
3054 677 3370 747 prudentia,

1741 762 2026 817 omaxime
2062 774 2369 832 Opportune
2400 773 2721 819 conservata
2757 769 3027 837 tempori;
3065 786 3185 839 qua:
3223 772 3370 825 enim

1791 860 2038 920 oporteat
2064 854 2168 922 agi.
2196 868 2316 921 qua:
2368 854 2618 918 minime,
2677 856 2732 909 in
2764 858 3141 926 superioribus
3179 862 3373 930 prasci-

1759 943 1970 1019 piens,
2000 960 2146 997 nunc
2169 944 2334 998 etiam
2383 945 2703 1015 dignitatem
2767 964 2830 1002 ea
2878 953 3254 1021 peragentium
3306 970 3372 1009 ex

1793 1042 1927 1098 toto,
1954 1035 2039 1089 vel
2069 1051 2134 1089 ex
2164 1046 2338 1104 parte.
2361 1052 2461 1106 per
2496 1038 2628 1101 haec,
2654 1055 2775 1107 quae
2812 1041 3073 1098 dicuntur
3125 1046 3370 1116 exponit.

1791 1125 1861 1180 Et
1883 1126 2010 1194 quid
2037 1127 2107 1180 sit
2146 1128 2383 1195 perfecta
2424 1129 2703 1199 vita,qute
2720 1142 2900 1187 autem
2940 1136 3194 1190 adbucin
3245 1154 3369 1206 pro.

1794 1217 1936 1270 fectu
1962 1220 2423 1289 constituta,quid
2441 1222 2654 1276 initium
2683 1226 3010 1293 cognitionis
3036 1229 3372 1293 Deihabens,

1792 1308 1924 1377 quid
1946 1310 2082 1375 veri,
2116 1327 2235 1380 quae
2274 1313 2534 1366 virtutum
2601 1330 2787 1383 opera,
2839 1317 2983 1371 clare
3026 1320 3374 1389 perfecteque

1792 1400 2085 1469 percurrit.
2114 1402 2217 1455 Sed
2246 1412 2298 1456 et
2330 1403 2656 1468 inﬁrmatus,
2705 1422 2815 1459 non
2874 1418 3053 1462 tamen
3105 1411 3375 1465 recedens

1793 1493 1863 1545 ab
1890 1508 1986 1557 ea,
2020 1494 2338 1549 differentes
2394 1506 2585 1550 aetates
2626 1499 2927 1563 ascribeus,
2964 1504 3236 1571 exposuit.
3281 1502 3373 1555 Di-

1794 1587 1868 1639 cit
1887 1595 2068 1640 autem
2094 1587 2207 1641 sic:

1868 1675 2057 1741 Homo,
2086 1679 2175 1740 qui
2201 1688 2377 1730 votum
2414 1681 2614 1749 fet-crit,
2640 1692 2688 1735 et
2718 1686 3050 1751 spoponderit
3114 1686 3225 1739 Deo
3255 1688 3375 1739 ani-

1798 1780 1937 1816 mam
1958 1782 2131 1819 suam.
2160 1766 2215 1819 Id
2250 1777 2365 1830 est,
2428 1770 2739 1838 quicunque
2784 1775 3095 1839 promiserit
3136 1777 3372 1831 animam

1722 1842 1761 1897 Β
1791 1866 1941 1903 suam
1981 1851 2113 1914 Deo,
2152 1868 2479 1924 omnemque
2509 1856 2557 1907 ei
2592 1873 2742 1910 suam
2767 1858 2932 1913 vitam
2954 1860 3151 1914 oilerre
3186 1840 3375 1917 voluer-

1794 1942 1881 1993 rit.
1930 1940 2159 2011 Propter
2208 1946 2354 2013 quod
2403 1946 2593 2015 Aquila
2646 1956 2700 2000 et
2752 1947 3122 2013 Theodotion,
3178 1967 3278 2019 pro
3308 1967 3375 2006 eo

1792 2034 1937 2100 quod
1965 2034 2169 2087 dictum
2198 2045 2301 2099 est,
2332 2048 2505 2090 votum
2555 2040 2757 2107 fecerit,
2793 2042 3150 2108 Symmachus
3168 2055 3374 2107 autem,

1792 2125 2199 2191 sisuperaverit,
2234 2126 2545 2181 ediderunt.
2579 2129 2913 2184 Admirabile
2966 2134 3112 2185 enim
3140 2148 3266 2187 vere
3292 2141 3377 2187 est

1792 2223 1847 2268 et
1874 2216 2027 2269 valde
2050 2217 2372 2276 beatitudini
2408 2220 2740 2287 proximum,
2789 2231 2963 2275 totum
3016 2226 3372 2294 semetipsum

1793 2308 2103 2377 quempiam
2134 2307 2241 2361 Deo
2267 2310 2486 2373 offerre,
2542 2320 2597 2363 ut
2625 2312 2862 2364 animam
2914 2330 3067 2369 suam
3123 2316 3375 2381 Domino,

1794 2398 1876 2452 vel
1912 2398 2051 2451 sicut
2072 2398 2233 2463 LXX,
2262 2401 2504 2453 honorem
2533 2402 2726 2454 animo:
2750 2419 2859 2455 sua:
2877 2403 3122 2466 Domino,
3159 2406 3210 2459 id
3267 2416 3373 2471 est,

1798 2500 1856 2543 ut
1886 2492 2077 2543 oll‘crat
2114 2490 2221 2543 Deo
2244 2506 2403 2559 quem
2448 2493 2658 2561 accepit
2680 2494 2748 2545 ab
2777 2509 2842 2546 eo
2870 2497 3068 2548 anima:
3097 2497 3363 2549 honorem

1797 2583 1970 2644 illum,
2026 2583 2093 2636 de
2150 2600 2257 2651 quo
2302 2584 2465 2639 David
2496 2586 2805 2639 daemonum
2862 2586 3087 2641 insidias
3113 2589 3371 2650 innuens,

1795 2678 2061 2732 dicebat:
2107 2677 2473 2731 Verumtamen
2503 2684 2752 2732 honorem
2800 2696 2971 2733 meum
3016 2681 3375 2750 cegitaverunt

1796 2770 2043 2839 repellere
2074 2770 2137 2824 ‘°.

1858 2888 1975 2942 Erit
2005 2889 2232 2955 pretium
2289 2888 2513 2941 masculi
2570 2905 2601 2941 a
2635 2890 2876 2943 vicesimo
2909 2906 3066 2949 anno,
3101 2907 3260 2960 usque
3307 2893 3377 2944 ad

1796 2978 2176 3047 sexagesimum
2208 2993 2428 3040 annum,
2462 2979 2863 3048 quinquaginta.
2891 2980 3005 3033 sicli
3030 2982 3255 3050 argenti,
3306 2983 3377 3034 ad

1799 3084 2097 3120 mensuram
2126 3069 2441 3120 sanctuarii.
2481 3068 2608 3122 Sive
2636 3080 2693 3123 ut
2720 3070 2860 3122 LXX
2891 3113 2904 3136 ,
2937 3073 3258 3125 didrachan
3283 3092 3373 3125 ar-

1724 3180 1765 3236 ρ
1800 3161 1958 3230 genti.
1982 3159 2385 3230 Quinquaginta
2410 3160 2738 3215 didrachmas
2763 3162 2875 3215 sive
2906 3163 3043 3227 sicli,
3074 3165 3215 3217 oboli
3247 3174 3374 3218 sunt

1802 3253 1949 3306 mille
1980 3271 1992 3306 :
2033 3253 2225 3322 viginti
2254 3253 2400 3306 enim
2432 3254 2626 3307 obolos
2675 3269 2794 3308 esse
2828 3255 3041 3317 siclnm,
3101 3257 3216 3309 sive
3288 3258 3375 3309 di-

1800 3344 2135 3404 drachmam,
2165 3345 2252 3397 hic
2277 3343 2392 3412 ipse
2422 3345 2475 3395 in
2512 3342 2696 3397 Extido
2728 3345 2882 3397 dixit.
2903 3346 2990 3399 Ait
3017 3346 3161 3399 enim
3196 3347 3271 3399 sic
3304 3348 3374 3400 de

1802 3436 1925 3490 filiis
1958 3436 2117 3489 Israel
2149 3454 2161 3489 :
2188 3434 2353 3487 Juxta
2376 3451 2645 3487 numerum
2680 3436 2879 3487 dabunt
2913 3436 3108 3504 singuli
3147 3438 3371 3505 pretium

1801 3542 1896 3594 pro
1915 3525 2191 3578 animabus
2216 3525 2323 3577 suis
2354 3523 2575 3577 Domino
2611 3524 2673 3587 ¹⁶,
2710 3524 2802 3592 qui
2832 3533 3015 3579 autem
3046 3524 3252 3578 dabunt
3300 3526 3377 3578 dic

1802 3614 2033 3669 midium
2065 3613 2204 3677 sicli,
2238 3614 2394 3681 juxta
2424 3598 2736 3665 mensuram
2769 3614 2979 3681 templi,
3011 3614 3095 3666 vel
3127 3620 3185 3666 ut
3213 3612 3376 3677 LXX,

1802 3706 2325 3774 didrachmae,quod
2353 3706 2655 3759 secundum
2704 3706 3077 3759 didrachmam
3132 3716 3374 3760 sanctam

1800 3798 1990 3869 viginti
2024 3798 2186 3852 oboli.
2225 3798 2355 3851 δὴ·ιί
2376 3814 2506 3867 ergo
2566 3798 2677 3851 sive
2736 3797 3227 3862 didracbmzc,ideo
3278 3815 3379 3855 nos

1797 3891 1951 3959 juxta
1982 3906 2293 3943 mensuram
2324 3890 2532 3959 templi,
2565 3892 2647 3942 vel
2700 3890 3000 3942 secundum
3066 3905 3377 3943 mensuram

1803 3982 2100 4036 sanctuarii
2134 3981 2409 4034 reminisci
2455 3981 2645 4043 voluit,
2678 3981 2744 4035 ad
2781 3980 2932 4035 illum
2988 3981 3120 4052 legis
3171 3991 3378 4035 textum

1803 4072 2175 4126 transmittere
2206 4086 2307 4123 nos
2332 4072 2581 4139 cupiens,
2619 4070 2672 4123 in
2706 4087 2814 4139 quo
2839 4071 3029 4141 viginti
3081 4072 3270 4125 obolos
3292 4073 3378 4126 di-

1802 4160 2112 4217 drachmam
2148 4170 2388 4212 sanctam
2419 4175 2561 4222 esse,
2594 4158 2706 4211 sive
2731 4160 2925 4213 siclum
2949 4160 3043 4211 ait.
3072 4158 3207 4213 Cum
3228 4162 3378 4230 adja-

1803 4256 1948 4304 ceret
1973 4256 2152 4301 autem
2177 4248 2465 4315 praecipere
2491 4262 2655 4299 unum
2696 4246 2910 4305 siclum.
2944 4248 3027 4299 vel
3064 4249 3381 4301 drachmam

1804 4335 2011 4399 otferri,
2040 4350 2149 4389 non
2181 4335 2259 4389 sic
2294 4334 2578 4403 praecepit,
2629 4334 2723 4386 sed
2759 4334 2873 4388 sicli
2906 4334 3019 4387 sive
3050 4334 3381 4389 didracbmae

1807 4422 2115 4477 dimidium.
2137 4421 2236 4477 Per
2264 4422 2364 4475 hoc
2386 4421 2784 4480 demonstrans,
2838 4422 2968 4488 quia
3001 4423 3219 4489 pr0prie
3252 4438 3383 4477 san-
3442 4434 3445 4439 '

1736 4526 1777 4579 ι)
1809 4523 1955 4569 ctum
1981 4512 2034 4565 in
2072 4512 2186 4582 lege
2209 4520 2312 4575 est,
2347 4526 2454 4564 non
2488 4512 2631 4580 quml
2678 4512 2979 4567 secundum
3008 4512 3174 4566 solam
3233 4514 3382 4568 litte-

1812 4621 1946 4669 ram,
1980 4603 2075 4657 scd
2105 4605 2267 4657 etiam
2300 4604 2601 4657 secundum
2637 4604 2890 4671 spiritum
2925 4604 3265 4672 intelligitur,
3324 4613 3381 4659 et

1809 4696 1973 4765 hujus
2011 4696 2237 4749 debetur
2297 4695 2517 4748 oblatio.
2578 4696 2733 4749 Unde
2781 4704 2835 4748 et
2860 4695 3162 4747 secundum
3207 4695 3375 4757 LXX,

1810 4788 1957 4858 ipsas
1985 4788 2330 4842 didrachmas
2352 4788 2453 4841 sibi
2474 4787 2775 4855 conjunxit,
2803 4787 3279 4841 dimidiumautem
3297 4788 3381 4841 of-

1807 4878 1936 4933 ferri
1967 4878 2257 4946 prazcepit:
2284 4886 2341 4931 ut
2364 4878 2533 4940 dicas,
2564 4877 2688 4945 quia
2726 4876 3175 4931 condescendens
3234 4876 3379 4930 sicut

1808 4968 2057 5034 infirmis,
2090 4970 2175 5023 his
2195 4968 2287 5037 qui
2310 4968 2482 5036 legem
2506 4967 2865 5037 accipiebant,
2915 4982 3023 5020 non
3083 4965 3379 5035 perfectam

1806 5061 2153 5127 oblationem,
2192 5062 2567 5130 imperfectum
2598 5069 2682 5115 est
2734 5060 2933 5129 quippe
2969 5058 3271 5121 dimidium,
3298 5058 3380 5111 of-

1808 5156 1937 5210 ferri
1958 5155 2236 5225 przcepit,
2272 5152 2416 5222 quod
2438 5163 2679 5206 sanctam
2703 5152 3075 5206 didrachmam
3096 5151 3147 5203 in
3181 5151 3265 5204 bis
3282 5150 3380 5205 dc-
3440 5170 3457 5191 ν

1808 5267 1923 5306 cem
1946 5261 2030 5305 est
2050 5250 2262 5312 obolus,
2298 5249 2352 5302 id
2381 5257 2486 5311 est,
2510 5247 2563 5301 in
2588 5247 2797 5317 viginti.
2826 5247 2935 5301 Lex
2985 5245 3131 5301 enim
3174 5243 3261 5299 bis
3282 5246 3377 5298 de-

1810 5358 1925 5397 cem
1973 5341 2224 5396 mandata
2272 5339 2454 5403 habet,
2516 5338 2741 5407 exigens
2766 5353 2828 5391 ea
2872 5336 3159 5407 duplicari,
3194 5335 3247 5388 id
3274 5344 3377 5397 est,

1810 5434 2109 5488 secundum
2140 5432 2397 5494 litteram,
2416 5439 2471 5483 et
2492 5431 2791 5485 secundum
2817 5429 3067 5498 spiritum
3092 5425 3377 5481 custodiri.

1810 5523 1918 5577 Illis
1939 5533 2142 5589 autem,
2175 5534 2235 5577 ut
2260 5532 2442 5576 mente
2474 5521 2828 5590 pauperibus,
2864 5519 3189 5580 sufficiebat,
3209 5524 3262 5568 et
3289 5530 3381 5568 so-

3140 5696 3182 5726 ²⁶
3205 5694 3360 5751 Exod

2069 5701 2111 5731 “
2135 5699 2274 5754 Psal.
2301 5716 2442 5763 χιιι,
2474 5700 2525 5752 5.
2613 5701 2655 5731 ³⁵
2686 5697 2826 5751 Psal.
2857 5712 2940 5752 mu
2964 5735 2979 5761 ,
3008 5697 3059 5748 5.

3392 645 3417 671 ς
