  <div class='ocr_page' id='page_1' title='image "/cluster/home/n/w/nwhite01/storage/ocr_20150623/93/hvd.32044019208040/587.png"; bbox 0 0 4032 6462; ppageno 0'>
   <div class='ocr_carea' id='block_1_1' title="bbox 587 405 722 474">
    <p class='ocr_par' dir='ltr' id='par_1_1' title="bbox 587 405 722 474">
     <span class='ocr_line' id='line_1_1' title="bbox 587 405 722 474; baseline 0.022 -3"><span class='ocrx_word' id='word_1_1' title='bbox 587 405 722 474; x_wconf 82' lang='grc'><strong>1159</strong></span> 
     </span>
    </p>
   </div>
   <div class='ocr_carea' id='block_1_2' title="bbox 1774 393 2662 463">
    <p class='ocr_par' dir='ltr' id='par_1_2' title="bbox 1774 393 2662 463">
     <span class='ocr_line' id='line_1_2' title="bbox 1774 393 2662 463; baseline -0.01 -1"><span class='ocrx_word' id='word_1_2' title='bbox 1774 398 2133 463; x_wconf 77' lang='lat' dir='ltr'><strong>HESYCHII</strong></span> <span class='ocrx_word' id='word_1_3' title='bbox 2192 393 2662 457; x_wconf 76' lang='lat' dir='ltr'><strong>PRESBYTERI</strong></span> 
     </span>
    </p>
   </div>
   <div class='ocr_carea' id='block_1_3' title="bbox 3700 382 3801 449">
    <p class='ocr_par' dir='ltr' id='par_1_3' title="bbox 3700 382 3801 449">
     <span class='ocr_line' id='line_1_3' title="bbox 3700 382 3801 449; baseline -0.04 -1"><span class='ocrx_word' id='word_1_4' title='bbox 3700 382 3801 449; x_wconf 77' lang='grc' dir='ltr'><strong>ιιω</strong></span> 
     </span>
    </p>
   </div>
   <div class='ocr_carea' id='block_1_4' title="bbox 586 479 3808 595">
    <p class='ocr_par' dir='ltr' id='par_1_4' title="bbox 586 479 3808 595">
     <span class='ocr_line' id='line_1_4' title="bbox 586 479 3808 595; baseline -0.009 -11"><span class='ocrx_word' id='word_1_5' title='bbox 586 530 696 584; x_wconf 84' lang='lat' dir='ltr'><strong>iam</strong></span> <span class='ocrx_word' id='word_1_6' title='bbox 724 527 963 583; x_wconf 77' lang='lat' dir='ltr'><strong>litteram</strong></span> <span class='ocrx_word' id='word_1_7' title='bbox 994 522 1295 588; x_wconf 77' lang='lat' dir='ltr'><strong>custodire,</strong></span> <span class='ocrx_word' id='word_1_8' title='bbox 1323 530 1549 595; x_wconf 83' lang='lat' dir='ltr'><strong>prapter</strong></span> <span class='ocrx_word' id='word_1_9' title='bbox 1570 519 1942 576; x_wconf 88' lang='lat' dir='ltr'><strong>inﬁrmitatem</strong></span> <span class='ocrx_word' id='word_1_10' title='bbox 1967 530 2159 571; x_wconf 87' lang='lat' dir='ltr'><strong>suam:</strong></span> <span class='ocrx_word' id='word_1_11' title='bbox 2196 519 2236 574; x_wconf 79' lang='grc' dir='ltr'><strong>Α</strong></span> <span class='ocrx_word' id='word_1_12' title='bbox 2268 512 2544 566; x_wconf 84' lang='lat' dir='ltr'><strong>tellectum</strong></span> <span class='ocrx_word' id='word_1_13' title='bbox 2597 509 2923 579; x_wconf 88' lang='lat' dir='ltr'><strong>perfectum,</strong></span> <span class='ocrx_word' id='word_1_14' title='bbox 2971 514 3026 560; x_wconf 90' lang='lat' dir='ltr'><strong>et</strong></span> <span class='ocrx_word' id='word_1_15' title='bbox 3073 479 3489 563; x_wconf 77' lang='lat' dir='ltr'><strong>fortitudinem,</strong></span> <span class='ocrx_word' id='word_1_16' title='bbox 3527 510 3580 554; x_wconf 90' lang='lat' dir='ltr'><strong>et</strong></span> <span class='ocrx_word' id='word_1_17' title='bbox 3622 501 3808 559; x_wconf 82' lang='lat' dir='ltr'><strong>ﬁliorum</strong></span> 
     </span>
    </p>
   </div>
   <div class='ocr_carea' id='block_1_5' title="bbox 587 610 2167 675">
    <p class='ocr_par' dir='ltr' id='par_1_5' title="bbox 587 610 2167 675">
     <span class='ocr_line' id='line_1_5' title="bbox 587 610 2167 675; baseline -0.008 0"><span class='ocrx_word' id='word_1_18' title='bbox 587 629 643 675; x_wconf 92' lang='lat' dir='ltr'><strong>et</strong></span> <span class='ocrx_word' id='word_1_19' title='bbox 673 621 863 675; x_wconf 86' lang='lat' dir='ltr'><strong>decem</strong></span> <span class='ocrx_word' id='word_1_20' title='bbox 925 618 1306 673; x_wconf 78' lang='lat' dir='ltr'><strong>mandatorum</strong></span> <span class='ocrx_word' id='word_1_21' title='bbox 1351 615 1550 670; x_wconf 79' lang='lat' dir='ltr'><strong>offerre</strong></span> <span class='ocrx_word' id='word_1_22' title='bbox 1597 615 1791 669; x_wconf 90' lang='lat' dir='ltr'><strong>saltem</strong></span> <span class='ocrx_word' id='word_1_23' title='bbox 1835 610 2167 668; x_wconf 84' lang='lat' dir='ltr'><strong>sensibiliter</strong></span> 
     </span>
    </p>
   </div>
   <div class='ocr_carea' id='block_1_6' title="bbox 588 702 2169 781">
    <p class='ocr_par' dir='ltr' id='par_1_6' title="bbox 588 702 2169 781">
     <span class='ocr_line' id='line_1_6' title="bbox 588 702 2169 781; baseline -0.006 -16"><span class='ocrx_word' id='word_1_24' title='bbox 588 710 964 781; x_wconf 91' lang='lat' dir='ltr'><strong>impletionem</strong></span> <span class='ocrx_word' id='word_1_25' title='bbox 1020 718 1182 779; x_wconf 89' lang='lat' dir='ltr'><strong>atque</strong></span> <span class='ocrx_word' id='word_1_26' title='bbox 1213 708 1505 769; x_wconf 75' lang='lat' dir='ltr'><strong>actionem,</strong></span> <span class='ocrx_word' id='word_1_27' title='bbox 1525 721 1620 776; x_wconf 90' lang='lat' dir='ltr'><strong>per</strong></span> <span class='ocrx_word' id='word_1_28' title='bbox 1651 720 1811 775; x_wconf 88' lang='lat' dir='ltr'><strong>quam</strong></span> <span class='ocrx_word' id='word_1_29' title='bbox 1835 718 1988 758; x_wconf 83' lang='lat' dir='ltr'><strong>suam</strong></span> <span class='ocrx_word' id='word_1_30' title='bbox 2005 702 2169 757; x_wconf 90' lang='lat' dir='ltr'><strong>etiam</strong></span> 
     </span>
    </p>
   </div>
   <div class='ocr_carea' id='block_1_7' title="bbox 589 793 2213 870">
    <p class='ocr_par' dir='ltr' id='par_1_7' title="bbox 589 793 2213 870">
     <span class='ocr_line' id='line_1_7' title="bbox 589 793 2213 870; baseline -0.006 -14"><span class='ocrx_word' id='word_1_31' title='bbox 589 802 821 858; x_wconf 87' lang='lat' dir='ltr'><strong>liberare</strong></span> <span class='ocrx_word' id='word_1_32' title='bbox 841 802 1081 856; x_wconf 87' lang='lat' dir='ltr'><strong>animam</strong></span> <span class='ocrx_word' id='word_1_33' title='bbox 1113 801 1181 855; x_wconf 90' lang='lat' dir='ltr'><strong>de</strong></span> <span class='ocrx_word' id='word_1_34' title='bbox 1206 808 1556 870; x_wconf 85' lang='lat' dir='ltr'><strong>peccatorum</strong></span> <span class='ocrx_word' id='word_1_35' title='bbox 1593 796 1856 852; x_wconf 88' lang='lat' dir='ltr'><strong>servitute</strong></span> <span class='ocrx_word' id='word_1_36' title='bbox 1888 793 2170 849; x_wconf 83' lang='lat' dir='ltr'><strong>sensibilis</strong></span> <span class='ocrx_word' id='word_1_37' title='bbox 2190 802 2213 819; x_wconf 82' lang='lat'><strong><em>&quot;</em></strong></span> 
     </span>
    </p>
   </div>
   <div class='ocr_carea' id='block_1_8' title="bbox 590 889 2166 963">
    <p class='ocr_par' dir='ltr' id='par_1_8' title="bbox 590 889 2166 963">
     <span class='ocr_line' id='line_1_8' title="bbox 590 889 2166 963; baseline -0.008 -14"><span class='ocrx_word' id='word_1_38' title='bbox 590 895 831 949; x_wconf 84' lang='lat' dir='ltr'><strong>Israelita</strong></span> <span class='ocrx_word' id='word_1_39' title='bbox 851 902 1083 963; x_wconf 87' lang='lat' dir='ltr'><strong>poterat.</strong></span> <span class='ocrx_word' id='word_1_40' title='bbox 1105 891 1162 945; x_wconf 91' lang='lat' dir='ltr'><strong>Si</strong></span> <span class='ocrx_word' id='word_1_41' title='bbox 1190 893 1313 962; x_wconf 88' lang='lat' dir='ltr'><strong>quis</strong></span> <span class='ocrx_word' id='word_1_42' title='bbox 1336 905 1464 960; x_wconf 88' lang='lat' dir='ltr'><strong>ergo</strong></span> <span class='ocrx_word' id='word_1_43' title='bbox 1485 905 1516 944; x_wconf 87' lang='lat' dir='ltr'><strong>a</strong></span> <span class='ocrx_word' id='word_1_44' title='bbox 1556 889 1821 943; x_wconf 89' lang='lat' dir='ltr'><strong>vicesimo</strong></span> <span class='ocrx_word' id='word_1_45' title='bbox 1866 900 2013 940; x_wconf 90' lang='lat' dir='ltr'><strong>anno</strong></span> <span class='ocrx_word' id='word_1_46' title='bbox 2062 892 2166 947; x_wconf 89' lang='lat' dir='ltr'><strong>est,</strong></span> 
     </span>
    </p>
   </div>
   <div class='ocr_carea' id='block_1_9' title="bbox 592 976 2169 1055">
    <p class='ocr_par' dir='ltr' id='par_1_9' title="bbox 592 976 2169 1055">
     <span class='ocr_line' id='line_1_9' title="bbox 592 976 2169 1055; baseline -0.009 -13"><span class='ocrx_word' id='word_1_47' title='bbox 592 986 647 1042; x_wconf 92' lang='lat' dir='ltr'><strong>id</strong></span> <span class='ocrx_word' id='word_1_48' title='bbox 684 996 786 1051; x_wconf 90' lang='lat' dir='ltr'><strong>est,</strong></span> <span class='ocrx_word' id='word_1_49' title='bbox 812 986 1003 1055; x_wconf 87' lang='lat' dir='ltr'><strong>pubes,</strong></span> <span class='ocrx_word' id='word_1_50' title='bbox 1038 984 1213 1048; x_wconf 87' lang='lat' dir='ltr'><strong>fortis,</strong></span> <span class='ocrx_word' id='word_1_51' title='bbox 1269 982 1500 1045; x_wconf 90' lang='lat' dir='ltr'><strong>validus,</strong></span> <span class='ocrx_word' id='word_1_52' title='bbox 1540 979 1817 1034; x_wconf 80' lang='lat' dir='ltr'><strong>sufﬁciens</strong></span> <span class='ocrx_word' id='word_1_53' title='bbox 1844 992 2035 1032; x_wconf 89' lang='lat' dir='ltr'><strong>omnes</strong></span> <span class='ocrx_word' id='word_1_54' title='bbox 2052 976 2169 1029; x_wconf 84' lang='lat' dir='ltr'><strong>vir-</strong></span> 
     </span>
    </p>
   </div>
   <div class='ocr_carea' id='block_1_10' title="bbox 594 1071 2173 1148">
    <p class='ocr_par' dir='ltr' id='par_1_10' title="bbox 594 1071 2173 1148">
     <span class='ocr_line' id='line_1_10' title="bbox 594 1071 2173 1148; baseline -0.009 -14"><span class='ocrx_word' id='word_1_55' title='bbox 594 1088 647 1134; x_wconf 92' lang='lat' dir='ltr'><strong>tu</strong></span> <span class='ocrx_word' id='word_1_56' title='bbox 657 1087 738 1134; x_wconf 93' lang='lat' dir='ltr'><strong>tes</strong></span> <span class='ocrx_word' id='word_1_57' title='bbox 765 1077 1001 1148; x_wconf 89' lang='lat' dir='ltr'><strong>operari,</strong></span> <span class='ocrx_word' id='word_1_58' title='bbox 1025 1085 1080 1131; x_wconf 92' lang='lat' dir='ltr'><strong>et</strong></span> <span class='ocrx_word' id='word_1_59' title='bbox 1100 1075 1373 1145; x_wconf 87' lang='lat' dir='ltr'><strong>subjicere</strong></span> <span class='ocrx_word' id='word_1_60' title='bbox 1396 1073 1761 1144; x_wconf 90' lang='lat' dir='ltr'><strong>intelligibiles</strong></span> <span class='ocrx_word' id='word_1_61' title='bbox 1787 1071 2037 1125; x_wconf 90' lang='lat' dir='ltr'><strong>inimicos</strong></span> <span class='ocrx_word' id='word_1_62' title='bbox 2057 1084 2173 1122; x_wconf 85' lang='lat' dir='ltr'><strong>om-</strong></span> 
     </span>
    </p>
   </div>
   <div class='ocr_carea' id='block_1_11' title="bbox 593 1159 2168 1236">
    <p class='ocr_par' dir='ltr' id='par_1_11' title="bbox 593 1159 2168 1236">
     <span class='ocr_line' id='line_1_11' title="bbox 593 1159 2168 1236; baseline -0.008 -11"><span class='ocrx_word' id='word_1_63' title='bbox 593 1170 758 1225; x_wconf 86' lang='lat' dir='ltr'><strong>nibus</strong></span> <span class='ocrx_word' id='word_1_64' title='bbox 786 1168 1112 1232; x_wconf 88' lang='lat' dir='ltr'><strong>actionibus,</strong></span> <span class='ocrx_word' id='word_1_65' title='bbox 1136 1176 1192 1221; x_wconf 90' lang='lat' dir='ltr'><strong>et</strong></span> <span class='ocrx_word' id='word_1_66' title='bbox 1220 1166 1479 1236; x_wconf 82' lang='lat' dir='ltr'><strong>operibus</strong></span> <span class='ocrx_word' id='word_1_67' title='bbox 1503 1183 1515 1218; x_wconf 92' lang='lat'>:</span> <span class='ocrx_word' id='word_1_68' title='bbox 1542 1182 1572 1219; x_wconf 88' lang='lat' dir='ltr'><strong>a</strong></span> <span class='ocrx_word' id='word_1_69' title='bbox 1597 1164 1785 1235; x_wconf 89' lang='lat' dir='ltr'><strong>viginti</strong></span> <span class='ocrx_word' id='word_1_70' title='bbox 1802 1162 1955 1217; x_wconf 85' lang='lat' dir='ltr'><strong>enim</strong></span> <span class='ocrx_word' id='word_1_71' title='bbox 1988 1159 2168 1225; x_wconf 90' lang='lat' dir='ltr'><strong>annis,</strong></span> 
     </span>
    </p>
   </div>
   <div class='ocr_carea' id='block_1_12' title="bbox 594 1254 2027 1332">
    <p class='ocr_par' dir='ltr' id='par_1_12' title="bbox 594 1254 2027 1332">
     <span class='ocr_line' id='line_1_12' title="bbox 594 1254 2027 1332; baseline -0.006 -16"><span class='ocrx_word' id='word_1_72' title='bbox 594 1272 649 1317; x_wconf 90' lang='lat' dir='ltr'><strong>et</strong></span> <span class='ocrx_word' id='word_1_73' title='bbox 672 1276 858 1332; x_wconf 89' lang='lat' dir='ltr'><strong>supra,</strong></span> <span class='ocrx_word' id='word_1_74' title='bbox 890 1260 1053 1315; x_wconf 87' lang='lat' dir='ltr'><strong>Israel</strong></span> <span class='ocrx_word' id='word_1_75' title='bbox 1082 1260 1205 1314; x_wconf 91' lang='lat' dir='ltr'><strong>vide</strong></span> <span class='ocrx_word' id='word_1_76' title='bbox 1230 1258 1359 1329; x_wconf 82' lang='lat' dir='ltr'><strong>quid</strong></span> <span class='ocrx_word' id='word_1_77' title='bbox 1389 1258 1457 1312; x_wconf 87' lang='lat' dir='ltr'><strong>de</strong></span> <span class='ocrx_word' id='word_1_78' title='bbox 1478 1257 1582 1312; x_wconf 90' lang='lat' dir='ltr'><strong>hac</strong></span> <span class='ocrx_word' id='word_1_79' title='bbox 1599 1266 1760 1312; x_wconf 80' lang='lat' dir='ltr'><strong>atate</strong></span> <span class='ocrx_word' id='word_1_80' title='bbox 1791 1254 2027 1309; x_wconf 87' lang='lat' dir='ltr'><strong>dicebat.</strong></span> 
     </span>
    </p>
   </div>
   <div class='ocr_carea' id='block_1_13' title="bbox 668 1345 2172 1421">
    <p class='ocr_par' dir='ltr' id='par_1_13' title="bbox 668 1345 2172 1421">
     <span class='ocr_line' id='line_1_13' title="bbox 668 1345 2172 1421; baseline -0.005 -14"><span class='ocrx_word' id='word_1_81' title='bbox 668 1353 852 1409; x_wconf 80' lang='lat' dir='ltr'><strong>Omnis</strong></span> <span class='ocrx_word' id='word_1_82' title='bbox 877 1351 1140 1405; x_wconf 80' lang='lat' dir='ltr'><strong>masculus</strong></span> <span class='ocrx_word' id='word_1_83' title='bbox 1166 1368 1199 1404; x_wconf 90' lang='lat' dir='ltr'><strong>a</strong></span> <span class='ocrx_word' id='word_1_84' title='bbox 1228 1352 1416 1421; x_wconf 81' lang='lat' dir='ltr'><strong>viginti</strong></span> <span class='ocrx_word' id='word_1_85' title='bbox 1442 1350 1598 1403; x_wconf 89' lang='lat' dir='ltr'><strong>annis</strong></span> <span class='ocrx_word' id='word_1_86' title='bbox 1659 1358 1709 1401; x_wconf 89' lang='lat' dir='ltr'><strong>et</strong></span> <span class='ocrx_word' id='word_1_87' title='bbox 1754 1364 1939 1417; x_wconf 89' lang='lat' dir='ltr'><strong>supra.</strong></span> <span class='ocrx_word' id='word_1_88' title='bbox 1967 1345 2172 1401; x_wconf 82' lang='lat' dir='ltr'><strong>Omnes</strong></span> 
     </span>
    </p>
   </div>
   <div class='ocr_carea' id='block_1_14' title="bbox 593 1437 2175 1516">
    <p class='ocr_par' dir='ltr' id='par_1_14' title="bbox 593 1437 2175 1516">
     <span class='ocr_line' id='line_1_14' title="bbox 593 1437 2175 1516; baseline -0.005 -16"><span class='ocrx_word' id='word_1_89' title='bbox 593 1446 685 1516; x_wconf 90' lang='lat' dir='ltr'><strong>qui</strong></span> <span class='ocrx_word' id='word_1_90' title='bbox 713 1444 991 1499; x_wconf 82' lang='lat' dir='ltr'><strong>ambulant</strong></span> <span class='ocrx_word' id='word_1_91' title='bbox 1015 1444 1070 1497; x_wconf 89' lang='lat' dir='ltr'><strong>in</strong></span> <span class='ocrx_word' id='word_1_92' title='bbox 1097 1442 1299 1497; x_wconf 92' lang='lat' dir='ltr'><strong>virtute</strong></span> <span class='ocrx_word' id='word_1_93' title='bbox 1326 1458 1338 1494; x_wconf 92' lang='lat'><strong>:</strong></span> <span class='ocrx_word' id='word_1_94' title='bbox 1374 1458 1472 1496; x_wconf 91' lang='lat' dir='ltr'><strong>sua</strong></span> <span class='ocrx_word' id='word_1_95' title='bbox 1498 1440 1802 1495; x_wconf 83' lang='lat' dir='ltr'><strong>fortitudini</strong></span> <span class='ocrx_word' id='word_1_96' title='bbox 1826 1438 2064 1493; x_wconf 81' lang='lat' dir='ltr'><strong>maxime</strong></span> <span class='ocrx_word' id='word_1_97' title='bbox 2090 1437 2175 1492; x_wconf 92' lang='lat' dir='ltr'><strong>his</strong></span> 
     </span>
    </p>
   </div>
   <div class='ocr_carea' id='block_1_15' title="bbox 595 1528 2171 1609">
    <p class='ocr_par' dir='ltr' id='par_1_15' title="bbox 595 1528 2171 1609">
     <span class='ocr_line' id='line_1_15' title="bbox 595 1528 2171 1609; baseline -0.008 -16"><span class='ocrx_word' id='word_1_98' title='bbox 595 1537 687 1609; x_wconf 89' lang='lat' dir='ltr'><strong>qui</strong></span> <span class='ocrx_word' id='word_1_99' title='bbox 716 1536 845 1591; x_wconf 91' lang='lat' dir='ltr'><strong>illud</strong></span> <span class='ocrx_word' id='word_1_100' title='bbox 878 1544 1045 1606; x_wconf 87' lang='lat' dir='ltr'><strong>agunt</strong></span> <span class='ocrx_word' id='word_1_101' title='bbox 1070 1544 1307 1602; x_wconf 87' lang='lat' dir='ltr'><strong>tempus,</strong></span> <span class='ocrx_word' id='word_1_102' title='bbox 1343 1534 1397 1587; x_wconf 92' lang='lat' dir='ltr'><strong>in</strong></span> <span class='ocrx_word' id='word_1_103' title='bbox 1453 1532 1731 1602; x_wconf 85' lang='lat' dir='ltr'><strong>pradictis</strong></span> <span class='ocrx_word' id='word_1_104' title='bbox 1796 1528 2171 1585; x_wconf 87' lang='lat' dir='ltr'><strong>testimonium</strong></span> 
     </span>
    </p>
   </div>
   <div class='ocr_carea' id='block_1_16' title="bbox 597 1625 2173 1703">
    <p class='ocr_par' dir='ltr' id='par_1_16' title="bbox 597 1625 2173 1703">
     <span class='ocr_line' id='line_1_16' title="bbox 597 1625 2173 1703; baseline -0.006 -19"><span class='ocrx_word' id='word_1_105' title='bbox 597 1629 829 1703; x_wconf 70' lang='lat' dir='ltr'><strong>prabu‘it</strong></span> <span class='ocrx_word' id='word_1_106' title='bbox 862 1627 1066 1690; x_wconf 85' lang='lat' dir='ltr'><strong>verbis,</strong></span> <span class='ocrx_word' id='word_1_107' title='bbox 1100 1626 1174 1680; x_wconf 89' lang='lat' dir='ltr'><strong>ita</strong></span> <span class='ocrx_word' id='word_1_108' title='bbox 1207 1634 1395 1695; x_wconf 90' lang='lat' dir='ltr'><strong>utpote</strong></span> <span class='ocrx_word' id='word_1_109' title='bbox 1425 1625 1527 1678; x_wconf 89' lang='lat' dir='ltr'><strong>hac</strong></span> <span class='ocrx_word' id='word_1_110' title='bbox 1552 1633 1730 1693; x_wconf 82' lang='lat' dir='ltr'><strong>atate,</strong></span> <span class='ocrx_word' id='word_1_111' title='bbox 1766 1637 2056 1677; x_wconf 75' lang='lat' dir='ltr'><strong>excurrere</strong></span> <span class='ocrx_word' id='word_1_112' title='bbox 2076 1637 2173 1675; x_wconf 86' lang='lat' dir='ltr'><strong>va-</strong></span> 
     </span>
    </p>
   </div>
   <div class='ocr_carea' id='block_1_17' title="bbox 594 1714 2171 1787">
    <p class='ocr_par' dir='ltr' id='par_1_17' title="bbox 594 1714 2171 1787">
     <span class='ocr_line' id='line_1_17' title="bbox 594 1714 2171 1787; baseline -0.004 -13"><span class='ocrx_word' id='word_1_113' title='bbox 594 1722 818 1785; x_wconf 90' lang='lat' dir='ltr'><strong>lentem,</strong></span> <span class='ocrx_word' id='word_1_114' title='bbox 845 1728 899 1775; x_wconf 88' lang='lat' dir='ltr'><strong>et</strong></span> <span class='ocrx_word' id='word_1_115' title='bbox 934 1732 1086 1773; x_wconf 88' lang='lat' dir='ltr'><strong>arma</strong></span> <span class='ocrx_word' id='word_1_116' title='bbox 1128 1726 1367 1787; x_wconf 81' lang='lat' dir='ltr'><strong>portare;</strong></span> <span class='ocrx_word' id='word_1_117' title='bbox 1400 1716 2062 1786; x_wconf 73' lang='lat' dir='ltr'><strong>multumquehabcntem</strong></span> <span class='ocrx_word' id='word_1_118' title='bbox 2116 1714 2171 1768; x_wconf 93' lang='lat' dir='ltr'><strong>in</strong></span> 
     </span>
    </p>
   </div>
   <div class='ocr_carea' id='block_1_18' title="bbox 595 1805 2173 1884">
    <p class='ocr_par' dir='ltr' id='par_1_18' title="bbox 595 1805 2173 1884">
     <span class='ocr_line' id='line_1_18' title="bbox 595 1805 2173 1884; baseline -0.006 -17"><span class='ocrx_word' id='word_1_119' title='bbox 595 1812 805 1884; x_wconf 87' lang='lat' dir='ltr'><strong>agendo</strong></span> <span class='ocrx_word' id='word_1_120' title='bbox 863 1811 1135 1865; x_wconf 81' lang='lat' dir='ltr'><strong>fervorem</strong></span> <span class='ocrx_word' id='word_1_121' title='bbox 1173 1809 1544 1878; x_wconf 87' lang='lat' dir='ltr'><strong>caloremque,</strong></span> <span class='ocrx_word' id='word_1_122' title='bbox 1590 1808 1755 1876; x_wconf 92' lang='lat' dir='ltr'><strong>hujus</strong></span> <span class='ocrx_word' id='word_1_123' title='bbox 1823 1806 2083 1878; x_wconf 89' lang='lat' dir='ltr'><strong>pretium,</strong></span> <span class='ocrx_word' id='word_1_124' title='bbox 2121 1805 2173 1859; x_wconf 89' lang='lat' dir='ltr'><strong>id</strong></span> 
     </span>
    </p>
   </div>
   <div class='ocr_carea' id='block_1_19' title="bbox 2272 592 3813 670">
    <p class='ocr_par' dir='ltr' id='par_1_19' title="bbox 2272 592 3813 670">
     <span class='ocr_line' id='line_1_19' title="bbox 2272 592 3813 670; baseline -0.003 -17"><span class='ocrx_word' id='word_1_125' title='bbox 2272 600 2708 670; x_wconf 85' lang='lat' dir='ltr'><strong>procreationem</strong></span> <span class='ocrx_word' id='word_1_126' title='bbox 2738 597 2923 660; x_wconf 87' lang='lat' dir='ltr'><strong>habet,</strong></span> <span class='ocrx_word' id='word_1_127' title='bbox 2957 606 3018 651; x_wconf 95' lang='lat' dir='ltr'><strong>ut</strong></span> <span class='ocrx_word' id='word_1_128' title='bbox 3056 611 3125 651; x_wconf 73' lang='lat' dir='ltr'><strong>ex</strong></span> <span class='ocrx_word' id='word_1_129' title='bbox 3168 592 3535 649; x_wconf 84' lang='lat' dir='ltr'><strong>sensibilibus</strong></span> <span class='ocrx_word' id='word_1_130' title='bbox 3570 608 3663 646; x_wconf 88' lang='lat' dir='ltr'><strong>nos</strong></span> <span class='ocrx_word' id='word_1_131' title='bbox 3687 594 3813 649; x_wconf 80' lang='lat' dir='ltr'><strong>intel-</strong></span> 
     </span>
    </p>
   </div>
   <div class='ocr_carea' id='block_1_20' title="bbox 2270 686 3817 764">
    <p class='ocr_par' dir='ltr' id='par_1_20' title="bbox 2270 686 3817 764">
     <span class='ocr_line' id='line_1_20' title="bbox 2270 686 3817 764; baseline -0.004 -17"><span class='ocrx_word' id='word_1_132' title='bbox 2270 692 2494 764; x_wconf 88' lang='lat' dir='ltr'><strong>ligibilia</strong></span> <span class='ocrx_word' id='word_1_133' title='bbox 2526 693 2847 763; x_wconf 80' lang='lat' dir='ltr'><strong>cogitemus.</strong></span> <span class='ocrx_word' id='word_1_134' title='bbox 2893 689 3029 761; x_wconf 82' lang='lat' dir='ltr'><strong>Ergo</strong></span> <span class='ocrx_word' id='word_1_135' title='bbox 3065 690 3155 759; x_wconf 89' lang='lat' dir='ltr'><strong>qui</strong></span> <span class='ocrx_word' id='word_1_136' title='bbox 3202 686 3550 741; x_wconf 86' lang='lat' dir='ltr'><strong>intellectum</strong></span> <span class='ocrx_word' id='word_1_137' title='bbox 3592 692 3817 741; x_wconf 84' lang='lat' dir='ltr'><strong>maturum</strong></span> 
     </span>
    </p>
   </div>
   <div class='ocr_carea' id='block_1_21' title="bbox 2270 777 3821 854">
    <p class='ocr_par' dir='ltr' id='par_1_21' title="bbox 2270 777 3821 854">
     <span class='ocr_line' id='line_1_21' title="bbox 2270 777 3821 854; baseline -0.005 -15"><span class='ocrx_word' id='word_1_138' title='bbox 2270 794 2326 840; x_wconf 92' lang='lat' dir='ltr'><strong>et</strong></span> <span class='ocrx_word' id='word_1_139' title='bbox 2368 783 2668 854; x_wconf 89' lang='lat' dir='ltr'><strong>perfectum</strong></span> <span class='ocrx_word' id='word_1_140' title='bbox 2721 782 2904 846; x_wconf 86' lang='lat' dir='ltr'><strong>habet,</strong></span> <span class='ocrx_word' id='word_1_141' title='bbox 2939 790 2996 835; x_wconf 94' lang='lat' dir='ltr'><strong>et</strong></span> <span class='ocrx_word' id='word_1_142' title='bbox 3042 777 3461 841; x_wconf 83' lang='lat' dir='ltr'><strong>fortitudinem,</strong></span> <span class='ocrx_word' id='word_1_143' title='bbox 3496 783 3553 829; x_wconf 87' lang='lat' dir='ltr'><strong>ut</strong></span> <span class='ocrx_word' id='word_1_144' title='bbox 3592 777 3720 843; x_wconf 87' lang='lat' dir='ltr'><strong>quod</strong></span> <span class='ocrx_word' id='word_1_145' title='bbox 3756 780 3821 831; x_wconf 87' lang='lat' dir='ltr'><strong>in-</strong></span> 
     </span>
    </p>
   </div>
   <div class='ocr_carea' id='block_1_22' title="bbox 2272 864 3825 944">
    <p class='ocr_par' dir='ltr' id='par_1_22' title="bbox 2272 864 3825 944">
     <span class='ocr_line' id='line_1_22' title="bbox 2272 864 3825 944; baseline -0.005 -15"><span class='ocrx_word' id='word_1_146' title='bbox 2272 875 2481 929; x_wconf 79' lang='lat' dir='ltr'><strong>tellexit</strong></span> <span class='ocrx_word' id='word_1_147' title='bbox 2528 882 2670 944; x_wconf 88' lang='lat' dir='ltr'><strong>agat,</strong></span> <span class='ocrx_word' id='word_1_148' title='bbox 2716 872 2808 927; x_wconf 89' lang='lat' dir='ltr'><strong>hic</strong></span> <span class='ocrx_word' id='word_1_149' title='bbox 2855 871 2994 926; x_wconf 91' lang='lat' dir='ltr'><strong>ﬁlios</strong></span> <span class='ocrx_word' id='word_1_150' title='bbox 3044 882 3382 939; x_wconf 86' lang='lat' dir='ltr'><strong>comparare</strong></span> <span class='ocrx_word' id='word_1_151' title='bbox 3430 867 3565 921; x_wconf 88' lang='lat' dir='ltr'><strong>alios</strong></span> <span class='ocrx_word' id='word_1_152' title='bbox 3604 864 3721 930; x_wconf 87' lang='lat' dir='ltr'><strong>Deo,</strong></span> <span class='ocrx_word' id='word_1_153' title='bbox 3750 886 3825 937; x_wconf 82' lang='lat' dir='ltr'><strong>per</strong></span> 
     </span>
    </p>
   </div>
   <div class='ocr_carea' id='block_1_23' title="bbox 2272 958 3921 1030">
    <p class='ocr_par' dir='ltr' id='par_1_23' title="bbox 2272 958 3921 1030">
     <span class='ocr_line' id='line_1_23' title="bbox 2272 958 3921 1030; baseline -0.003 -10"><span class='ocrx_word' id='word_1_154' title='bbox 2272 982 2426 1020; x_wconf 90' lang='lat' dir='ltr'><strong>suam</strong></span> <span class='ocrx_word' id='word_1_155' title='bbox 2481 965 2991 1030; x_wconf 79' lang='lat' dir='ltr'><strong>conversationem,</strong></span> <span class='ocrx_word' id='word_1_156' title='bbox 3038 962 3123 1016; x_wconf 92' lang='lat' dir='ltr'><strong>vel</strong></span> <span class='ocrx_word' id='word_1_157' title='bbox 3177 959 3502 1015; x_wconf 88' lang='lat' dir='ltr'><strong>doctrinam</strong></span> <span class='ocrx_word' id='word_1_158' title='bbox 3552 958 3826 1027; x_wconf 74' lang='lat' dir='ltr'><strong>impendens</strong></span> <span class='ocrx_word' id='word_1_159' title='bbox 3920 1002 3921 1005; x_wconf 58' lang='grc' dir='ltr'><strong>η</strong></span> 
     </span>
    </p>
   </div>
   <div class='ocr_carea' id='block_1_24' title="bbox 2272 1051 3829 1126">
    <p class='ocr_par' dir='ltr' id='par_1_24' title="bbox 2272 1051 3829 1126">
     <span class='ocr_line' id='line_1_24' title="bbox 2272 1051 3829 1126; baseline -0.004 -14"><span class='ocrx_word' id='word_1_160' title='bbox 2272 1067 2472 1126; x_wconf 88' lang='lat' dir='ltr'><strong>potest.</strong></span> <span class='ocrx_word' id='word_1_161' title='bbox 2536 1056 2711 1126; x_wconf 81' lang='lat' dir='ltr'><strong>Hujus</strong></span> <span class='ocrx_word' id='word_1_162' title='bbox 2765 1057 3000 1125; x_wconf 86' lang='lat' dir='ltr'><strong>pretium</strong></span> <span class='ocrx_word' id='word_1_163' title='bbox 3070 1053 3275 1108; x_wconf 80' lang='lat' dir='ltr'><strong>animae</strong></span> <span class='ocrx_word' id='word_1_164' title='bbox 3339 1051 3719 1120; x_wconf 74' lang='lat' dir='ltr'><strong>quinquaginta</strong></span> <span class='ocrx_word' id='word_1_165' title='bbox 3765 1054 3829 1107; x_wconf 87' lang='lat' dir='ltr'><strong>di-</strong></span> 
     </span>
    </p>
   </div>
   <div class='ocr_carea' id='block_1_25' title="bbox 2272 1142 3828 1219">
    <p class='ocr_par' dir='ltr' id='par_1_25' title="bbox 2272 1142 3828 1219">
     <span class='ocr_line' id='line_1_25' title="bbox 2272 1142 3828 1219; baseline -0.003 -14"><span class='ocrx_word' id='word_1_166' title='bbox 2272 1151 2546 1206; x_wconf 80' lang='lat' dir='ltr'><strong>drachma</strong></span> <span class='ocrx_word' id='word_1_167' title='bbox 2577 1149 2851 1219; x_wconf 90' lang='lat' dir='ltr'><strong>perfectus</strong></span> <span class='ocrx_word' id='word_1_168' title='bbox 2890 1148 3099 1201; x_wconf 91' lang='lat' dir='ltr'><strong>fructus</strong></span> <span class='ocrx_word' id='word_1_169' title='bbox 3136 1153 3246 1207; x_wconf 88' lang='lat' dir='ltr'><strong>est,</strong></span> <span class='ocrx_word' id='word_1_170' title='bbox 3293 1153 3355 1197; x_wconf 94' lang='lat' dir='ltr'><strong>et</strong></span> <span class='ocrx_word' id='word_1_171' title='bbox 3395 1142 3727 1213; x_wconf 87' lang='lat' dir='ltr'><strong>perfectionis</strong></span> <span class='ocrx_word' id='word_1_172' title='bbox 3755 1161 3828 1200; x_wconf 85' lang='lat' dir='ltr'><strong>co-</strong></span> 
     </span>
    </p>
   </div>
   <div class='ocr_carea' id='block_1_26' title="bbox 2273 1235 3828 1311">
    <p class='ocr_par' dir='ltr' id='par_1_26' title="bbox 2273 1235 3828 1311">
     <span class='ocr_line' id='line_1_26' title="bbox 2273 1235 3828 1311; baseline -0.005 -17"><span class='ocrx_word' id='word_1_173' title='bbox 2273 1257 2430 1305; x_wconf 91' lang='lat' dir='ltr'><strong>rona,</strong></span> <span class='ocrx_word' id='word_1_174' title='bbox 2462 1257 2583 1311; x_wconf 90' lang='lat' dir='ltr'><strong>qua</strong></span> <span class='ocrx_word' id='word_1_175' title='bbox 2627 1249 2684 1295; x_wconf 91' lang='lat' dir='ltr'><strong>et</strong></span> <span class='ocrx_word' id='word_1_176' title='bbox 2724 1238 3042 1309; x_wconf 82' lang='lat' dir='ltr'><strong>martyrium</strong></span> <span class='ocrx_word' id='word_1_177' title='bbox 3076 1235 3308 1291; x_wconf 85' lang='lat' dir='ltr'><strong>habebit</strong></span> <span class='ocrx_word' id='word_1_178' title='bbox 3352 1243 3411 1288; x_wconf 90' lang='lat' dir='ltr'><strong>et</strong></span> <span class='ocrx_word' id='word_1_179' title='bbox 3454 1250 3631 1288; x_wconf 89' lang='lat' dir='ltr'><strong>rerum</strong></span> <span class='ocrx_word' id='word_1_180' title='bbox 3669 1236 3828 1303; x_wconf 80' lang='lat' dir='ltr'><strong>despe-</strong></span> 
     </span>
    </p>
   </div>
   <div class='ocr_carea' id='block_1_27' title="bbox 2273 1324 3827 1397">
    <p class='ocr_par' dir='ltr' id='par_1_27' title="bbox 2273 1324 3827 1397">
     <span class='ocr_line' id='line_1_27' title="bbox 2273 1324 3827 1397; baseline -0.006 -10"><span class='ocrx_word' id='word_1_181' title='bbox 2273 1342 2443 1392; x_wconf 89' lang='lat' dir='ltr'><strong>ctum,</strong></span> <span class='ocrx_word' id='word_1_182' title='bbox 2477 1341 2533 1386; x_wconf 91' lang='lat' dir='ltr'><strong>et</strong></span> <span class='ocrx_word' id='word_1_183' title='bbox 2576 1346 2793 1386; x_wconf 85' lang='lat' dir='ltr'><strong>omnem</strong></span> <span class='ocrx_word' id='word_1_184' title='bbox 2837 1330 2983 1383; x_wconf 89' lang='lat' dir='ltr'><strong>illam</strong></span> <span class='ocrx_word' id='word_1_185' title='bbox 3024 1326 3458 1397; x_wconf 85' lang='lat' dir='ltr'><strong>perfectionem,</strong></span> <span class='ocrx_word' id='word_1_186' title='bbox 3490 1340 3646 1394; x_wconf 88' lang='lat' dir='ltr'><strong>quam</strong></span> <span class='ocrx_word' id='word_1_187' title='bbox 3682 1324 3827 1380; x_wconf 85' lang='lat' dir='ltr'><strong>Domi-</strong></span> 
     </span>
    </p>
   </div>
   <div class='ocr_carea' id='block_1_28' title="bbox 2274 1416 3832 1491">
    <p class='ocr_par' dir='ltr' id='par_1_28' title="bbox 2274 1416 3832 1491">
     <span class='ocr_line' id='line_1_28' title="bbox 2274 1416 3832 1491; baseline -0.006 -10"><span class='ocrx_word' id='word_1_188' title='bbox 2274 1442 2378 1480; x_wconf 89' lang='lat' dir='ltr'><strong>nus</strong></span> <span class='ocrx_word' id='word_1_189' title='bbox 2405 1425 2623 1480; x_wconf 88' lang='lat' dir='ltr'><strong>dicebat</strong></span> <span class='ocrx_word' id='word_1_190' title='bbox 2642 1444 2655 1478; x_wconf 92' lang='lat'><strong>:</strong></span> <span class='ocrx_word' id='word_1_191' title='bbox 2676 1424 2842 1477; x_wconf 85' lang='lat' dir='ltr'><strong>Eritis</strong></span> <span class='ocrx_word' id='word_1_192' title='bbox 2870 1422 3107 1491; x_wconf 80' lang='lat' dir='ltr'><strong>perfecti,</strong></span> <span class='ocrx_word' id='word_1_193' title='bbox 3134 1420 3276 1473; x_wconf 82' lang='lat' dir='ltr'><strong>sicut</strong></span> <span class='ocrx_word' id='word_1_194' title='bbox 3313 1427 3364 1471; x_wconf 88' lang='lat' dir='ltr'><strong>et</strong></span> <span class='ocrx_word' id='word_1_195' title='bbox 3398 1416 3566 1471; x_wconf 87' lang='lat' dir='ltr'><strong>Pater</strong></span> <span class='ocrx_word' id='word_1_196' title='bbox 3587 1428 3737 1470; x_wconf 76' lang='lat' dir='ltr'><strong>vester</strong></span> <span class='ocrx_word' id='word_1_197' title='bbox 3758 1436 3832 1471; x_wconf 85' lang='lat' dir='ltr'><strong>ca-</strong></span> 
     </span>
    </p>
   </div>
   <div class='ocr_carea' id='block_1_29' title="bbox 2275 1508 3831 1585">
    <p class='ocr_par' dir='ltr' id='par_1_29' title="bbox 2275 1508 3831 1585">
     <span class='ocr_line' id='line_1_29' title="bbox 2275 1508 3831 1585; baseline -0.003 -16"><span class='ocrx_word' id='word_1_198' title='bbox 2275 1517 2416 1569; x_wconf 84' lang='lat' dir='ltr'><strong>lestis</strong></span> <span class='ocrx_word' id='word_1_199' title='bbox 2455 1517 2714 1585; x_wconf 75' lang='lat' dir='ltr'><strong>perfectus</strong></span> <span class='ocrx_word' id='word_1_200' title='bbox 2743 1523 2817 1567; x_wconf 89' lang='lat' dir='ltr'><strong>est</strong></span> <span class='ocrx_word' id='word_1_201' title='bbox 2847 1515 2914 1565; x_wconf 84' lang='grc'><strong>²⁶.</strong></span> <span class='ocrx_word' id='word_1_202' title='bbox 2952 1511 3065 1567; x_wconf 90' lang='lat' dir='ltr'><strong>Hoc</strong></span> <span class='ocrx_word' id='word_1_203' title='bbox 3110 1519 3301 1565; x_wconf 90' lang='lat' dir='ltr'><strong>autem</strong></span> <span class='ocrx_word' id='word_1_204' title='bbox 3339 1508 3567 1578; x_wconf 89' lang='lat' dir='ltr'><strong>quando</strong></span> <span class='ocrx_word' id='word_1_205' title='bbox 3604 1511 3831 1565; x_wconf 78' lang='lat' dir='ltr'><strong>masculus</strong></span> 
     </span>
    </p>
   </div>
   <div class='ocr_carea' id='block_1_30' title="bbox 2274 1599 3829 1675">
    <p class='ocr_par' dir='ltr' id='par_1_30' title="bbox 2274 1599 3829 1675">
     <span class='ocr_line' id='line_1_30' title="bbox 2274 1599 3829 1675; baseline -0.006 -13"><span class='ocrx_word' id='word_1_206' title='bbox 2274 1607 2474 1671; x_wconf 89' lang='lat' dir='ltr'><strong>fuerit,</strong></span> <span class='ocrx_word' id='word_1_207' title='bbox 2521 1607 2574 1661; x_wconf 90' lang='lat' dir='ltr'><strong>id</strong></span> <span class='ocrx_word' id='word_1_208' title='bbox 2624 1615 2729 1671; x_wconf 92' lang='lat' dir='ltr'><strong>est,</strong></span> <span class='ocrx_word' id='word_1_209' title='bbox 2762 1604 2982 1675; x_wconf 87' lang='lat' dir='ltr'><strong>quando</strong></span> <span class='ocrx_word' id='word_1_210' title='bbox 3034 1617 3257 1672; x_wconf 89' lang='lat' dir='ltr'><strong>semper</strong></span> <span class='ocrx_word' id='word_1_211' title='bbox 3318 1599 3487 1654; x_wconf 86' lang='lat' dir='ltr'><strong>fortis</strong></span> <span class='ocrx_word' id='word_1_212' title='bbox 3530 1617 3543 1649; x_wconf 89' lang='lat'><strong>:</strong></span> <span class='ocrx_word' id='word_1_213' title='bbox 3580 1600 3677 1653; x_wconf 87' lang='lat' dir='ltr'><strong>hoc</strong></span> <span class='ocrx_word' id='word_1_214' title='bbox 3718 1603 3829 1653; x_wconf 81' lang='lat' dir='ltr'><strong>enim</strong></span> 
     </span>
    </p>
   </div>
   <div class='ocr_carea' id='block_1_31' title="bbox 2275 1694 3828 1757">
    <p class='ocr_par' dir='ltr' id='par_1_31' title="bbox 2275 1694 3828 1757">
     <span class='ocr_line' id='line_1_31' title="bbox 2275 1694 3828 1757; baseline -0.005 0"><span class='ocrx_word' id='word_1_215' title='bbox 2275 1703 2364 1757; x_wconf 89' lang='lat' dir='ltr'><strong>hic</strong></span> <span class='ocrx_word' id='word_1_216' title='bbox 2399 1701 2699 1756; x_wconf 85' lang='lat' dir='ltr'><strong>masculum</strong></span> <span class='ocrx_word' id='word_1_217' title='bbox 2747 1700 2901 1755; x_wconf 89' lang='lat' dir='ltr'><strong>dicit.</strong></span> <span class='ocrx_word' id='word_1_218' title='bbox 2948 1697 3184 1752; x_wconf 83' lang='lat' dir='ltr'><strong>Femina</strong></span> <span class='ocrx_word' id='word_1_219' title='bbox 3231 1703 3431 1749; x_wconf 88' lang='lat' dir='ltr'><strong>autem</strong></span> <span class='ocrx_word' id='word_1_220' title='bbox 3484 1694 3591 1748; x_wconf 87' lang='lat' dir='ltr'><strong>erit</strong></span> <span class='ocrx_word' id='word_1_221' title='bbox 3634 1695 3828 1749; x_wconf 78' lang='lat' dir='ltr'><strong>astima-</strong></span> 
     </span>
    </p>
   </div>
   <div class='ocr_carea' id='block_1_32' title="bbox 2278 1786 3831 1864">
    <p class='ocr_par' dir='ltr' id='par_1_32' title="bbox 2278 1786 3831 1864">
     <span class='ocr_line' id='line_1_32' title="bbox 2278 1786 3831 1864; baseline -0.006 -17"><span class='ocrx_word' id='word_1_222' title='bbox 2278 1795 2374 1859; x_wconf 88' lang='lat' dir='ltr'><strong>tio,</strong></span> <span class='ocrx_word' id='word_1_223' title='bbox 2411 1794 2631 1864; x_wconf 78' lang='lat' dir='ltr'><strong>triginta</strong></span> <span class='ocrx_word' id='word_1_224' title='bbox 2673 1792 2812 1856; x_wconf 92' lang='lat' dir='ltr'><strong>sicli,</strong></span> <span class='ocrx_word' id='word_1_225' title='bbox 2840 1792 2957 1845; x_wconf 88' lang='lat' dir='ltr'><strong>sive</strong></span> <span class='ocrx_word' id='word_1_226' title='bbox 3003 1789 3372 1852; x_wconf 69' lang='lat' dir='ltr'><strong>didrachmas,</strong></span> <span class='ocrx_word' id='word_1_227' title='bbox 3420 1794 3484 1839; x_wconf 87' lang='lat' dir='ltr'><strong>ut</strong></span> <span class='ocrx_word' id='word_1_228' title='bbox 3532 1786 3640 1839; x_wconf 89' lang='lat' dir='ltr'><strong>sint</strong></span> <span class='ocrx_word' id='word_1_229' title='bbox 3678 1787 3831 1839; x_wconf 81' lang='lat' dir='ltr'><strong>drach-</strong></span> 
     </span>
    </p>
   </div>
   <div class='ocr_carea' id='block_1_33' title="bbox 595 1876 3827 1969">
    <p class='ocr_par' dir='ltr' id='par_1_33' title="bbox 595 1876 3827 1969">
     <span class='ocr_line' id='line_1_33' title="bbox 595 1876 3827 1969; baseline -0.004 -10"><span class='ocrx_word' id='word_1_230' title='bbox 595 1914 700 1968; x_wconf 89' lang='lat' dir='ltr'><strong>est,</strong></span> <span class='ocrx_word' id='word_1_231' title='bbox 730 1902 1073 1958; x_wconf 90' lang='lat' dir='ltr'><strong>conversatio</strong></span> <span class='ocrx_word' id='word_1_232' title='bbox 1141 1910 1196 1955; x_wconf 90' lang='lat' dir='ltr'><strong>et</strong></span> <span class='ocrx_word' id='word_1_233' title='bbox 1234 1900 1367 1966; x_wconf 88' lang='lat' dir='ltr'><strong>vita,</strong></span> <span class='ocrx_word' id='word_1_234' title='bbox 1392 1900 1700 1965; x_wconf 79' lang='lat' dir='ltr'><strong>retributio,</strong></span> <span class='ocrx_word' id='word_1_235' title='bbox 1737 1876 1898 1967; x_wconf 81' lang='lat' dir='ltr'><strong>quam</strong></span> <span class='ocrx_word' id='word_1_236' title='bbox 1953 1914 2054 1969; x_wconf 90' lang='lat' dir='ltr'><strong>pro</strong></span> <span class='ocrx_word' id='word_1_237' title='bbox 2089 1913 2174 1953; x_wconf 89' lang='lat' dir='ltr'><strong>se—</strong></span> <span class='ocrx_word' id='word_1_238' title='bbox 2208 1883 2244 1933; x_wconf 70' lang='grc' dir='ltr'><strong>Β</strong></span> <span class='ocrx_word' id='word_1_239' title='bbox 2278 1901 2378 1939; x_wconf 60' lang='grc' dir='ltr'><strong>τηε</strong></span> <span class='ocrx_word' id='word_1_240' title='bbox 2432 1886 2749 1955; x_wconf 58' lang='lat' dir='ltr'><strong>sexaginta,</strong></span> <span class='ocrx_word' id='word_1_241' title='bbox 2813 1882 3050 1937; x_wconf 73' lang='grc' dir='ltr'><strong>Ῐηιεῐιιιη</strong></span> <span class='ocrx_word' id='word_1_242' title='bbox 3110 1878 3381 1933; x_wconf 64' lang='grc' dir='ltr'><strong>νίάθιίεεῑ</strong></span> <span class='ocrx_word' id='word_1_243' title='bbox 3438 1876 3827 1946; x_wconf 68' lang='grc' dir='ltr'><strong>εειεεθηπὶυω.</strong></span> 
     </span>
    </p>
   </div>
   <div class='ocr_carea' id='block_1_34' title="bbox 595 1988 2169 2065">
    <p class='ocr_par' dir='ltr' id='par_1_34' title="bbox 595 1988 2169 2065">
     <span class='ocr_line' id='line_1_34' title="bbox 595 1988 2169 2065; baseline -0.006 -15"><span class='ocrx_word' id='word_1_244' title='bbox 595 1995 828 2065; x_wconf 89' lang='lat' dir='ltr'><strong>metipso</strong></span> <span class='ocrx_word' id='word_1_245' title='bbox 863 1993 972 2046; x_wconf 91' lang='lat' dir='ltr'><strong>Deo</strong></span> <span class='ocrx_word' id='word_1_246' title='bbox 1002 1990 1183 2055; x_wconf 78' lang='lat' dir='ltr'><strong>oilert,</strong></span> <span class='ocrx_word' id='word_1_247' title='bbox 1213 2001 1267 2045; x_wconf 93' lang='lat' dir='ltr'><strong>et</strong></span> <span class='ocrx_word' id='word_1_248' title='bbox 1298 1990 1590 2060; x_wconf 86' lang='lat' dir='ltr'><strong>promittit,</strong></span> <span class='ocrx_word' id='word_1_249' title='bbox 1615 1990 2008 2059; x_wconf 84' lang='lat' dir='ltr'><strong>quinquaginta</strong></span> <span class='ocrx_word' id='word_1_250' title='bbox 2030 1988 2169 2053; x_wconf 91' lang='lat' dir='ltr'><strong>sicli,</strong></span> 
     </span>
    </p>
   </div>
   <div class='ocr_carea' id='block_1_35' title="bbox 595 2080 2173 2152">
    <p class='ocr_par' dir='ltr' id='par_1_35' title="bbox 595 2080 2173 2152">
     <span class='ocr_line' id='line_1_35' title="bbox 595 2080 2173 2152; baseline -0.006 -12"><span class='ocrx_word' id='word_1_251' title='bbox 595 2086 712 2140; x_wconf 88' lang='lat' dir='ltr'><strong>sive</strong></span> <span class='ocrx_word' id='word_1_252' title='bbox 748 2084 1025 2139; x_wconf 89' lang='lat' dir='ltr'><strong>drachma</strong></span> <span class='ocrx_word' id='word_1_253' title='bbox 1052 2091 1201 2136; x_wconf 90' lang='lat' dir='ltr'><strong>sunt.</strong></span> <span class='ocrx_word' id='word_1_254' title='bbox 1228 2081 1744 2152; x_wconf 82' lang='lat' dir='ltr'><strong>Quinquagenarius</strong></span> <span class='ocrx_word' id='word_1_255' title='bbox 1775 2080 1922 2133; x_wconf 89' lang='lat' dir='ltr'><strong>enim</strong></span> <span class='ocrx_word' id='word_1_256' title='bbox 1975 2093 2173 2133; x_wconf 82' lang='lat' dir='ltr'><strong>nume-</strong></span> 
     </span>
    </p>
   </div>
   <div class='ocr_carea' id='block_1_36' title="bbox 596 2170 2176 2247">
    <p class='ocr_par' dir='ltr' id='par_1_36' title="bbox 596 2170 2176 2247">
     <span class='ocr_line' id='line_1_36' title="bbox 596 2170 2176 2247; baseline -0.007 -14"><span class='ocrx_word' id='word_1_257' title='bbox 596 2194 692 2233; x_wconf 89' lang='lat' dir='ltr'><strong>rus</strong></span> <span class='ocrx_word' id='word_1_258' title='bbox 714 2177 1018 2247; x_wconf 84' lang='lat' dir='ltr'><strong>spiritalem</strong></span> <span class='ocrx_word' id='word_1_259' title='bbox 1051 2174 1249 2245; x_wconf 87' lang='lat' dir='ltr'><strong>ﬁgurat</strong></span> <span class='ocrx_word' id='word_1_260' title='bbox 1278 2174 1465 2237; x_wconf 90' lang='lat' dir='ltr'><strong>vitam,</strong></span> <span class='ocrx_word' id='word_1_261' title='bbox 1537 2173 1665 2242; x_wconf 88' lang='lat' dir='ltr'><strong>quia</strong></span> <span class='ocrx_word' id='word_1_262' title='bbox 1717 2171 1776 2225; x_wconf 91' lang='lat' dir='ltr'><strong>in</strong></span> <span class='ocrx_word' id='word_1_263' title='bbox 1839 2170 2176 2240; x_wconf 87' lang='lat' dir='ltr'><strong>quinquage—</strong></span> 
     </span>
    </p>
   </div>
   <div class='ocr_carea' id='block_1_37' title="bbox 596 2262 2173 2336">
    <p class='ocr_par' dir='ltr' id='par_1_37' title="bbox 596 2262 2173 2336">
     <span class='ocr_line' id='line_1_37' title="bbox 596 2262 2173 2336; baseline -0.005 -11"><span class='ocrx_word' id='word_1_264' title='bbox 596 2271 740 2325; x_wconf 90' lang='lat' dir='ltr'><strong>simo</strong></span> <span class='ocrx_word' id='word_1_265' title='bbox 798 2269 885 2324; x_wconf 90' lang='lat' dir='ltr'><strong>die</strong></span> <span class='ocrx_word' id='word_1_266' title='bbox 967 2268 1137 2322; x_wconf 89' lang='lat' dir='ltr'><strong>sancti</strong></span> <span class='ocrx_word' id='word_1_267' title='bbox 1203 2266 1441 2336; x_wconf 88' lang='lat' dir='ltr'><strong>Spiritus</strong></span> <span class='ocrx_word' id='word_1_268' title='bbox 1503 2265 1769 2319; x_wconf 84' lang='lat' dir='ltr'><strong>adventus</strong></span> <span class='ocrx_word' id='word_1_269' title='bbox 1838 2262 2015 2317; x_wconf 90' lang='lat' dir='ltr'><strong>factus</strong></span> <span class='ocrx_word' id='word_1_270' title='bbox 2070 2268 2173 2317; x_wconf 91' lang='lat' dir='ltr'><strong>est.</strong></span> 
     </span>
    </p>
   </div>
   <div class='ocr_carea' id='block_1_38' title="bbox 601 2352 2176 2429">
    <p class='ocr_par' dir='ltr' id='par_1_38' title="bbox 601 2352 2176 2429">
     <span class='ocr_line' id='line_1_38' title="bbox 601 2352 2176 2429; baseline -0.007 -12"><span class='ocrx_word' id='word_1_271' title='bbox 601 2360 711 2417; x_wconf 87' lang='lat' dir='ltr'><strong>Sed</strong></span> <span class='ocrx_word' id='word_1_272' title='bbox 742 2361 798 2415; x_wconf 90' lang='lat' dir='ltr'><strong>in</strong></span> <span class='ocrx_word' id='word_1_273' title='bbox 837 2374 981 2415; x_wconf 91' lang='lat' dir='ltr'><strong>anno</strong></span> <span class='ocrx_word' id='word_1_274' title='bbox 1018 2356 1469 2429; x_wconf 88' lang='lat' dir='ltr'><strong>quinquagesimo</strong></span> <span class='ocrx_word' id='word_1_275' title='bbox 1501 2355 1754 2409; x_wconf 87' lang='lat' dir='ltr'><strong>liberatio</strong></span> <span class='ocrx_word' id='word_1_276' title='bbox 1782 2354 1841 2408; x_wconf 90' lang='lat' dir='ltr'><strong>ﬁt</strong></span> <span class='ocrx_word' id='word_1_277' title='bbox 1868 2353 2048 2407; x_wconf 89' lang='lat' dir='ltr'><strong>omnis</strong></span> <span class='ocrx_word' id='word_1_278' title='bbox 2075 2352 2176 2407; x_wconf 88' lang='lat' dir='ltr'><strong>de-</strong></span> 
     </span>
    </p>
   </div>
   <div class='ocr_carea' id='block_1_39' title="bbox 598 2444 2179 2521">
    <p class='ocr_par' dir='ltr' id='par_1_39' title="bbox 598 2444 2179 2521">
     <span class='ocr_line' id='line_1_39' title="bbox 598 2444 2179 2521; baseline -0.008 -11"><span class='ocrx_word' id='word_1_279' title='bbox 598 2456 723 2521; x_wconf 89' lang='lat' dir='ltr'><strong>biti,</strong></span> <span class='ocrx_word' id='word_1_280' title='bbox 753 2463 810 2509; x_wconf 93' lang='lat' dir='ltr'><strong>et</strong></span> <span class='ocrx_word' id='word_1_281' title='bbox 844 2461 1004 2507; x_wconf 87' lang='lat' dir='ltr'><strong>terra</strong></span> <span class='ocrx_word' id='word_1_282' title='bbox 1028 2449 1324 2514; x_wconf 86' lang='lat' dir='ltr'><strong>restitutio,</strong></span> <span class='ocrx_word' id='word_1_283' title='bbox 1359 2448 1707 2517; x_wconf 89' lang='lat' dir='ltr'><strong>multaquein</strong></span> <span class='ocrx_word' id='word_1_284' title='bbox 1725 2446 1909 2501; x_wconf 90' lang='lat' dir='ltr'><strong>eoalia</strong></span> <span class='ocrx_word' id='word_1_285' title='bbox 1923 2446 2064 2500; x_wconf 90' lang='lat' dir='ltr'><strong>bona</strong></span> <span class='ocrx_word' id='word_1_286' title='bbox 2079 2444 2179 2499; x_wconf 87' lang='lat' dir='ltr'><strong>Ju-</strong></span> 
     </span>
    </p>
   </div>
   <div class='ocr_carea' id='block_1_40' title="bbox 597 2538 2178 2615">
    <p class='ocr_par' dir='ltr' id='par_1_40' title="bbox 597 2538 2178 2615">
     <span class='ocr_line' id='line_1_40' title="bbox 597 2538 2178 2615; baseline -0.008 -13"><span class='ocrx_word' id='word_1_287' title='bbox 597 2548 729 2602; x_wconf 84' lang='lat' dir='ltr'><strong>dais</strong></span> <span class='ocrx_word' id='word_1_288' title='bbox 756 2561 855 2615; x_wconf 89' lang='lat' dir='ltr'><strong>per</strong></span> <span class='ocrx_word' id='word_1_289' title='bbox 883 2543 1056 2615; x_wconf 91' lang='lat' dir='ltr'><strong>legem</strong></span> <span class='ocrx_word' id='word_1_290' title='bbox 1091 2540 1351 2610; x_wconf 88' lang='lat' dir='ltr'><strong>disposita</strong></span> <span class='ocrx_word' id='word_1_291' title='bbox 1379 2546 1526 2593; x_wconf 89' lang='lat' dir='ltr'><strong>sunt.</strong></span> <span class='ocrx_word' id='word_1_292' title='bbox 1562 2538 1964 2609; x_wconf 74' lang='lat' dir='ltr'><strong>Quinquaginta</strong></span> <span class='ocrx_word' id='word_1_293' title='bbox 1994 2545 2178 2591; x_wconf 90' lang='lat' dir='ltr'><strong>autem</strong></span> 
     </span>
    </p>
   </div>
   <div class='ocr_carea' id='block_1_41' title="bbox 598 2629 2181 2699">
    <p class='ocr_par' dir='ltr' id='par_1_41' title="bbox 598 2629 2181 2699">
     <span class='ocr_line' id='line_1_41' title="bbox 598 2629 2181 2699; baseline -0.007 -7"><span class='ocrx_word' id='word_1_294' title='bbox 598 2641 676 2693; x_wconf 86' lang='lat' dir='ltr'><strong>ait</strong></span> <span class='ocrx_word' id='word_1_295' title='bbox 721 2637 905 2699; x_wconf 87' lang='lat' dir='ltr'><strong>siclos,</strong></span> <span class='ocrx_word' id='word_1_296' title='bbox 947 2635 1029 2690; x_wconf 91' lang='lat' dir='ltr'><strong>vel</strong></span> <span class='ocrx_word' id='word_1_297' title='bbox 1076 2632 1460 2697; x_wconf 88' lang='lat' dir='ltr'><strong>didrachmas,</strong></span> <span class='ocrx_word' id='word_1_298' title='bbox 1519 2640 1580 2684; x_wconf 91' lang='lat' dir='ltr'><strong>ut</strong></span> <span class='ocrx_word' id='word_1_299' title='bbox 1629 2631 1825 2684; x_wconf 92' lang='lat' dir='ltr'><strong>iterum</strong></span> <span class='ocrx_word' id='word_1_300' title='bbox 1878 2629 2181 2698; x_wconf 88' lang='lat' dir='ltr'><strong>duplicaret</strong></span> 
     </span>
    </p>
   </div>
   <div class='ocr_carea' id='block_1_42' title="bbox 599 2718 2181 2797">
    <p class='ocr_par' dir='ltr' id='par_1_42' title="bbox 599 2718 2181 2797">
     <span class='ocr_line' id='line_1_42' title="bbox 599 2718 2181 2797; baseline -0.007 -15"><span class='ocrx_word' id='word_1_301' title='bbox 599 2725 1013 2797; x_wconf 87' lang='lat' dir='ltr'><strong>quinquaginta,</strong></span> <span class='ocrx_word' id='word_1_302' title='bbox 1039 2731 1096 2777; x_wconf 88' lang='lat' dir='ltr'><strong>et</strong></span> <span class='ocrx_word' id='word_1_303' title='bbox 1122 2731 1345 2777; x_wconf 91' lang='lat' dir='ltr'><strong>centum</strong></span> <span class='ocrx_word' id='word_1_304' title='bbox 1374 2721 1583 2776; x_wconf 88' lang='lat' dir='ltr'><strong>diceret</strong></span> <span class='ocrx_word' id='word_1_305' title='bbox 1597 2721 1906 2785; x_wconf 89' lang='lat' dir='ltr'><strong>drachmas,</strong></span> <span class='ocrx_word' id='word_1_306' title='bbox 1943 2718 2181 2773; x_wconf 89' lang='lat' dir='ltr'><strong>fructum</strong></span> 
     </span>
    </p>
   </div>
   <div class='ocr_carea' id='block_1_43' title="bbox 602 2812 2183 2887">
    <p class='ocr_par' dir='ltr' id='par_1_43' title="bbox 602 2812 2183 2887">
     <span class='ocr_line' id='line_1_43' title="bbox 602 2812 2183 2887; baseline -0.007 -14"><span class='ocrx_word' id='word_1_307' title='bbox 602 2819 753 2873; x_wconf 92' lang='lat' dir='ltr'><strong>illum</strong></span> <span class='ocrx_word' id='word_1_308' title='bbox 786 2817 1088 2887; x_wconf 86' lang='lat' dir='ltr'><strong>perfectum</strong></span> <span class='ocrx_word' id='word_1_309' title='bbox 1128 2815 1370 2884; x_wconf 76' lang='lat' dir='ltr'><strong>signans,</strong></span> <span class='ocrx_word' id='word_1_310' title='bbox 1404 2814 1563 2867; x_wconf 88' lang='lat' dir='ltr'><strong>istam</strong></span> <span class='ocrx_word' id='word_1_311' title='bbox 1609 2813 1797 2867; x_wconf 90' lang='lat' dir='ltr'><strong>dicens</strong></span> <span class='ocrx_word' id='word_1_312' title='bbox 1831 2812 2028 2866; x_wconf 91' lang='lat' dir='ltr'><strong>bonam</strong></span> <span class='ocrx_word' id='word_1_313' title='bbox 2070 2819 2183 2864; x_wconf 87' lang='lat' dir='ltr'><strong>ter-</strong></span> 
     </span>
    </p>
   </div>
   <div class='ocr_carea' id='block_1_44' title="bbox 602 2903 2183 2977">
    <p class='ocr_par' dir='ltr' id='par_1_44' title="bbox 602 2903 2183 2977">
     <span class='ocr_line' id='line_1_44' title="bbox 602 2903 2183 2977; baseline -0.006 -11"><span class='ocrx_word' id='word_1_314' title='bbox 602 2927 717 2966; x_wconf 88' lang='lat' dir='ltr'><strong>ram</strong></span> <span class='ocrx_word' id='word_1_315' title='bbox 754 2910 1103 2972; x_wconf 87' lang='lat' dir='ltr'><strong>fructiﬁcare,</strong></span> <span class='ocrx_word' id='word_1_316' title='bbox 1133 2922 1413 2977; x_wconf 78' lang='lat' dir='ltr'><strong>exponens</strong></span> <span class='ocrx_word' id='word_1_317' title='bbox 1446 2907 1714 2962; x_wconf 90' lang='lat' dir='ltr'><strong>seminum</strong></span> <span class='ocrx_word' id='word_1_318' title='bbox 1758 2905 2094 2976; x_wconf 89' lang='lat' dir='ltr'><strong>parabolam,</strong></span> <span class='ocrx_word' id='word_1_319' title='bbox 2129 2903 2183 2956; x_wconf 93' lang='lat' dir='ltr'><strong>in</strong></span> 
     </span>
    </p>
   </div>
   <div class='ocr_carea' id='block_1_45' title="bbox 605 2995 2183 3074">
    <p class='ocr_par' dir='ltr' id='par_1_45' title="bbox 605 2995 2183 3074">
     <span class='ocr_line' id='line_1_45' title="bbox 605 2995 2183 3074; baseline -0.006 -16"><span class='ocrx_word' id='word_1_320' title='bbox 605 3004 845 3074; x_wconf 88' lang='lat' dir='ltr'><strong>triginta,</strong></span> <span class='ocrx_word' id='word_1_321' title='bbox 874 3011 931 3056; x_wconf 91' lang='lat' dir='ltr'><strong>et</strong></span> <span class='ocrx_word' id='word_1_322' title='bbox 960 3003 1261 3073; x_wconf 80' lang='lat' dir='ltr'><strong>sexaginta,</strong></span> <span class='ocrx_word' id='word_1_323' title='bbox 1283 3009 1340 3055; x_wconf 94' lang='lat' dir='ltr'><strong>et</strong></span> <span class='ocrx_word' id='word_1_324' title='bbox 1363 3010 1584 3055; x_wconf 88' lang='lat' dir='ltr'><strong>centum</strong></span> <span class='ocrx_word' id='word_1_325' title='bbox 1606 2998 1799 3053; x_wconf 85' lang='lat' dir='ltr'><strong>dividit</strong></span> <span class='ocrx_word' id='word_1_326' title='bbox 1828 3015 1840 3051; x_wconf 76' lang='grc' dir='ltr'>ε</span> <span class='ocrx_word' id='word_1_327' title='bbox 1866 2997 2013 3051; x_wconf 90' lang='lat' dir='ltr'><strong>hunc</strong></span> <span class='ocrx_word' id='word_1_328' title='bbox 2037 2995 2183 3050; x_wconf 87' lang='lat' dir='ltr'><strong>enim</strong></span> 
     </span>
    </p>
   </div>
   <div class='ocr_carea' id='block_1_46' title="bbox 605 3089 2182 3161">
    <p class='ocr_par' dir='ltr' id='par_1_46' title="bbox 605 3089 2182 3161">
     <span class='ocr_line' id='line_1_46' title="bbox 605 3089 2182 3161; baseline -0.004 -11"><span class='ocrx_word' id='word_1_329' title='bbox 605 3110 898 3150; x_wconf 88' lang='lat' dir='ltr'><strong>numerum</strong></span> <span class='ocrx_word' id='word_1_330' title='bbox 952 3093 1137 3148; x_wconf 90' lang='lat' dir='ltr'><strong>nullus</strong></span> <span class='ocrx_word' id='word_1_331' title='bbox 1194 3093 1476 3147; x_wconf 88' lang='lat' dir='ltr'><strong>hominum</strong></span> <span class='ocrx_word' id='word_1_332' title='bbox 1535 3099 1717 3161; x_wconf 87' lang='lat' dir='ltr'><strong>potest</strong></span> <span class='ocrx_word' id='word_1_333' title='bbox 1773 3089 2182 3144; x_wconf 82' lang='lat' dir='ltr'><strong>transcendere.</strong></span> 
     </span>
    </p>
   </div>
   <div class='ocr_carea' id='block_1_47' title="bbox 2274 1968 3829 2047">
    <p class='ocr_par' dir='ltr' id='par_1_47' title="bbox 2274 1968 3829 2047">
     <span class='ocr_line' id='line_1_47' title="bbox 2274 1968 3829 2047; baseline -0.006 -17"><span class='ocrx_word' id='word_1_334' title='bbox 2274 1991 2530 2047; x_wconf 84' lang='lat' dir='ltr'><strong>magnum</strong></span> <span class='ocrx_word' id='word_1_335' title='bbox 2596 1975 2815 2045; x_wconf 89' lang='lat' dir='ltr'><strong>quidem</strong></span> <span class='ocrx_word' id='word_1_336' title='bbox 2868 1982 2922 2027; x_wconf 92' lang='lat' dir='ltr'><strong>et</strong></span> <span class='ocrx_word' id='word_1_337' title='bbox 2968 1973 3184 2042; x_wconf 89' lang='lat' dir='ltr'><strong>ipsum,</strong></span> <span class='ocrx_word' id='word_1_338' title='bbox 3246 1969 3351 2024; x_wconf 90' lang='lat' dir='ltr'><strong>sed</strong></span> <span class='ocrx_word' id='word_1_339' title='bbox 3398 1968 3707 2022; x_wconf 88' lang='lat' dir='ltr'><strong>centenario</strong></span> <span class='ocrx_word' id='word_1_340' title='bbox 3750 1971 3829 2021; x_wconf 87' lang='lat' dir='ltr'><strong>mi-</strong></span> 
     </span>
    </p>
   </div>
   <div class='ocr_carea' id='block_1_48' title="bbox 2275 2060 3829 2143">
    <p class='ocr_par' dir='ltr' id='par_1_48' title="bbox 2275 2060 3829 2143">
     <span class='ocr_line' id='line_1_48' title="bbox 2275 2060 3829 2143; baseline -0.007 -20"><span class='ocrx_word' id='word_1_341' title='bbox 2275 2086 2377 2124; x_wconf 91' lang='lat' dir='ltr'><strong>nor</strong></span> <span class='ocrx_word' id='word_1_342' title='bbox 2420 2078 2525 2135; x_wconf 92' lang='lat' dir='ltr'><strong>est,</strong></span> <span class='ocrx_word' id='word_1_343' title='bbox 2565 2077 2791 2143; x_wconf 89' lang='lat' dir='ltr'><strong>propter</strong></span> <span class='ocrx_word' id='word_1_344' title='bbox 2841 2066 2986 2135; x_wconf 90' lang='lat' dir='ltr'><strong>quod</strong></span> <span class='ocrx_word' id='word_1_345' title='bbox 3032 2073 3085 2119; x_wconf 92' lang='lat' dir='ltr'><strong>et</strong></span> <span class='ocrx_word' id='word_1_346' title='bbox 3131 2063 3362 2117; x_wconf 87' lang='lat' dir='ltr'><strong>femina</strong></span> <span class='ocrx_word' id='word_1_347' title='bbox 3409 2060 3703 2115; x_wconf 80' lang='lat' dir='ltr'><strong>introduxit</strong></span> <span class='ocrx_word' id='word_1_348' title='bbox 3737 2076 3829 2129; x_wconf 81' lang='lat' dir='ltr'><strong>per-</strong></span> 
     </span>
    </p>
   </div>
   <div class='ocr_carea' id='block_1_49' title="bbox 2276 2153 3824 2229">
    <p class='ocr_par' dir='ltr' id='par_1_49' title="bbox 2276 2153 3824 2229">
     <span class='ocr_line' id='line_1_49' title="bbox 2276 2153 3824 2229; baseline -0.006 -14"><span class='ocrx_word' id='word_1_349' title='bbox 2276 2176 2487 2221; x_wconf 83' lang='lat' dir='ltr'><strong>sonam,</strong></span> <span class='ocrx_word' id='word_1_350' title='bbox 2524 2176 2647 2229; x_wconf 88' lang='lat' dir='ltr'><strong>qua</strong></span> <span class='ocrx_word' id='word_1_351' title='bbox 2690 2160 2868 2214; x_wconf 90' lang='lat' dir='ltr'><strong>minor</strong></span> <span class='ocrx_word' id='word_1_352' title='bbox 2906 2166 2991 2213; x_wconf 90' lang='lat' dir='ltr'><strong>est</strong></span> <span class='ocrx_word' id='word_1_353' title='bbox 3030 2172 3060 2211; x_wconf 88' lang='lat' dir='ltr'><strong>a</strong></span> <span class='ocrx_word' id='word_1_354' title='bbox 3090 2157 3257 2211; x_wconf 78' lang='lat' dir='ltr'><strong>virili.</strong></span> <span class='ocrx_word' id='word_1_355' title='bbox 3302 2154 3455 2225; x_wconf 86' lang='lat' dir='ltr'><strong>Ergo</strong></span> <span class='ocrx_word' id='word_1_356' title='bbox 3497 2161 3554 2207; x_wconf 87' lang='lat' dir='ltr'><strong>et</strong></span> <span class='ocrx_word' id='word_1_357' title='bbox 3596 2153 3824 2213; x_wconf 81' lang='lat' dir='ltr'><strong>mulieres,</strong></span> 
     </span>
    </p>
   </div>
   <div class='ocr_carea' id='block_1_50' title="bbox 2276 2245 3825 2325">
    <p class='ocr_par' dir='ltr' id='par_1_50' title="bbox 2276 2245 3825 2325">
     <span class='ocr_line' id='line_1_50' title="bbox 2276 2245 3825 2325; baseline -0.008 -18"><span class='ocrx_word' id='word_1_358' title='bbox 2276 2253 2495 2323; x_wconf 86' lang='lat' dir='ltr'><strong>quando</strong></span> <span class='ocrx_word' id='word_1_359' title='bbox 2535 2252 2602 2306; x_wconf 85' lang='lat' dir='ltr'><strong>ad</strong></span> <span class='ocrx_word' id='word_1_360' title='bbox 2645 2265 2957 2305; x_wconf 88' lang='lat' dir='ltr'><strong>mensuram</strong></span> <span class='ocrx_word' id='word_1_361' title='bbox 3003 2263 3273 2303; x_wconf 89' lang='lat' dir='ltr'><strong>summam</strong></span> <span class='ocrx_word' id='word_1_362' title='bbox 3335 2245 3701 2325; x_wconf 86' lang='lat' dir='ltr'><strong>pervenerint,</strong></span> <span class='ocrx_word' id='word_1_363' title='bbox 3731 2261 3825 2314; x_wconf 86' lang='lat' dir='ltr'><strong>pro-</strong></span> 
     </span>
    </p>
   </div>
   <div class='ocr_carea' id='block_1_51' title="bbox 2278 2338 3825 2414">
    <p class='ocr_par' dir='ltr' id='par_1_51' title="bbox 2278 2338 3825 2414">
     <span class='ocr_line' id='line_1_51' title="bbox 2278 2338 3825 2414; baseline -0.006 -13"><span class='ocrx_word' id='word_1_364' title='bbox 2278 2346 2542 2414; x_wconf 85' lang='lat' dir='ltr'><strong>fectaque</strong></span> <span class='ocrx_word' id='word_1_365' title='bbox 2586 2343 2787 2398; x_wconf 90' lang='lat' dir='ltr'><strong>fuerint</strong></span> <span class='ocrx_word' id='word_1_366' title='bbox 2838 2346 2907 2396; x_wconf 88' lang='lat' dir='ltr'><strong>ad</strong></span> <span class='ocrx_word' id='word_1_367' title='bbox 2954 2342 3378 2412; x_wconf 86' lang='lat' dir='ltr'><strong>perfectionem,</strong></span> <span class='ocrx_word' id='word_1_368' title='bbox 3430 2338 3599 2392; x_wconf 91' lang='lat' dir='ltr'><strong>fortes</strong></span> <span class='ocrx_word' id='word_1_369' title='bbox 3642 2349 3825 2406; x_wconf 80' lang='lat' dir='ltr'><strong>possunt</strong></span> 
     </span>
    </p>
   </div>
   <div class='ocr_carea' id='block_1_52' title="bbox 2278 2430 3824 2508">
    <p class='ocr_par' dir='ltr' id='par_1_52' title="bbox 2278 2430 3824 2508">
     <span class='ocr_line' id='line_1_52' title="bbox 2278 2430 3824 2508; baseline -0.006 -16"><span class='ocrx_word' id='word_1_370' title='bbox 2278 2437 2562 2508; x_wconf 87' lang='lat' dir='ltr'><strong>appellari,</strong></span> <span class='ocrx_word' id='word_1_371' title='bbox 2600 2445 2786 2507; x_wconf 91' lang='lat' dir='ltr'><strong>utpote</strong></span> <span class='ocrx_word' id='word_1_372' title='bbox 2816 2452 2936 2505; x_wconf 88' lang='lat' dir='ltr'><strong>qua</strong></span> <span class='ocrx_word' id='word_1_373' title='bbox 2968 2450 3122 2488; x_wconf 91' lang='lat' dir='ltr'><strong>suam</strong></span> <span class='ocrx_word' id='word_1_374' title='bbox 3165 2443 3507 2503; x_wconf 80' lang='lat' dir='ltr'><strong>trangressa</strong></span> <span class='ocrx_word' id='word_1_375' title='bbox 3547 2439 3669 2485; x_wconf 91' lang='lat' dir='ltr'><strong>sunt</strong></span> <span class='ocrx_word' id='word_1_376' title='bbox 3709 2430 3824 2483; x_wconf 89' lang='lat' dir='ltr'><strong>inﬁr-</strong></span> 
     </span>
    </p>
   </div>
   <div class='ocr_carea' id='block_1_53' title="bbox 2281 2524 3821 2596">
    <p class='ocr_par' dir='ltr' id='par_1_53' title="bbox 2281 2524 3821 2596">
     <span class='ocr_line' id='line_1_53' title="bbox 2281 2524 3821 2596; baseline -0.005 -13"><span class='ocrx_word' id='word_1_377' title='bbox 2281 2531 2550 2592; x_wconf 90' lang='lat' dir='ltr'><strong>mitatem,</strong></span> <span class='ocrx_word' id='word_1_378' title='bbox 2595 2529 3066 2596; x_wconf 90' lang='lat' dir='ltr'><strong>intentionemque</strong></span> <span class='ocrx_word' id='word_1_379' title='bbox 3110 2524 3463 2580; x_wconf 85' lang='lat' dir='ltr'><strong>fortitudinis</strong></span> <span class='ocrx_word' id='word_1_380' title='bbox 3511 2534 3821 2585; x_wconf 81' lang='lat' dir='ltr'><strong>resumentes,</strong></span> 
     </span>
    </p>
   </div>
   <div class='ocr_carea' id='block_1_54' title="bbox 2281 2615 3819 2689">
    <p class='ocr_par' dir='ltr' id='par_1_54' title="bbox 2281 2615 3819 2689">
     <span class='ocr_line' id='line_1_54' title="bbox 2281 2615 3819 2689; baseline -0.003 -18"><span class='ocrx_word' id='word_1_381' title='bbox 2281 2629 2503 2689; x_wconf 90' lang='lat' dir='ltr'><strong>propter</strong></span> <span class='ocrx_word' id='word_1_382' title='bbox 2532 2620 2677 2688; x_wconf 91' lang='lat' dir='ltr'><strong>quod</strong></span> <span class='ocrx_word' id='word_1_383' title='bbox 2703 2626 2759 2672; x_wconf 92' lang='lat' dir='ltr'><strong>et</strong></span> <span class='ocrx_word' id='word_1_384' title='bbox 2788 2618 3014 2688; x_wconf 89' lang='lat' dir='ltr'><strong>spiritus</strong></span> <span class='ocrx_word' id='word_1_385' title='bbox 3042 2616 3135 2670; x_wconf 87' lang='lat' dir='ltr'><strong>Dei</strong></span> <span class='ocrx_word' id='word_1_386' title='bbox 3176 2616 3230 2670; x_wconf 93' lang='lat' dir='ltr'><strong>in</strong></span> <span class='ocrx_word' id='word_1_387' title='bbox 3268 2615 3591 2670; x_wconf 84' lang='lat' dir='ltr'><strong>Proverbiis</strong></span> <span class='ocrx_word' id='word_1_388' title='bbox 3616 2615 3819 2669; x_wconf 85' lang='lat' dir='ltr'><strong>dicebat:</strong></span> 
     </span>
    </p>
   </div>
   <div class='ocr_carea' id='block_1_55' title="bbox 2281 2707 3818 2783">
    <p class='ocr_par' dir='ltr' id='par_1_55' title="bbox 2281 2707 3818 2783">
     <span class='ocr_line' id='line_1_55' title="bbox 2281 2707 3818 2783; baseline -0.003 -16"><span class='ocrx_word' id='word_1_389' title='bbox 2281 2713 2552 2767; x_wconf 83' lang='lat' dir='ltr'><strong>Mulierem</strong></span> <span class='ocrx_word' id='word_1_390' title='bbox 2604 2714 2789 2783; x_wconf 78' lang='lat' dir='ltr'><strong>fortem</strong></span> <span class='ocrx_word' id='word_1_391' title='bbox 2836 2711 2952 2780; x_wconf 84' lang='lat' dir='ltr'><strong>quis</strong></span> <span class='ocrx_word' id='word_1_392' title='bbox 2992 2711 3219 2763; x_wconf 83' lang='lat' dir='ltr'><strong>inveniet</strong></span> <span class='ocrx_word' id='word_1_393' title='bbox 3246 2709 3339 2763; x_wconf 76' lang='lat' dir='ltr'><strong>“‘l</strong></span> <span class='ocrx_word' id='word_1_394' title='bbox 3375 2707 3479 2768; x_wconf 82' lang='lat' dir='ltr'><strong>Cui</strong></span> <span class='ocrx_word' id='word_1_395' title='bbox 3520 2724 3644 2779; x_wconf 86' lang='lat' dir='ltr'><strong>ergo</strong></span> <span class='ocrx_word' id='word_1_396' title='bbox 3681 2725 3818 2762; x_wconf 88' lang='lat' dir='ltr'><strong>rerum</strong></span> 
     </span>
    </p>
   </div>
   <div class='ocr_carea' id='block_1_56' title="bbox 2282 2800 3819 2875">
    <p class='ocr_par' dir='ltr' id='par_1_56' title="bbox 2282 2800 3819 2875">
     <span class='ocr_line' id='line_1_56' title="bbox 2282 2800 3819 2875; baseline -0.005 -16"><span class='ocrx_word' id='word_1_397' title='bbox 2282 2806 2572 2875; x_wconf 89' lang='lat' dir='ltr'><strong>despectus</strong></span> <span class='ocrx_word' id='word_1_398' title='bbox 2620 2802 2808 2857; x_wconf 86' lang='lat' dir='ltr'><strong>deest?</strong></span> <span class='ocrx_word' id='word_1_399' title='bbox 2841 2803 2957 2856; x_wconf 84' lang='lat' dir='ltr'><strong>Alia</strong></span> <span class='ocrx_word' id='word_1_400' title='bbox 3012 2810 3195 2856; x_wconf 85' lang='lat' dir='ltr'><strong>autem</strong></span> <span class='ocrx_word' id='word_1_401' title='bbox 3232 2801 3313 2856; x_wconf 87' lang='lat' dir='ltr'><strong>ait</strong></span> <span class='ocrx_word' id='word_1_402' title='bbox 3350 2800 3615 2871; x_wconf 85' lang='lat' dir='ltr'><strong>perfecte,</strong></span> <span class='ocrx_word' id='word_1_403' title='bbox 3648 2816 3749 2869; x_wconf 65' lang='lat' dir='ltr'><strong>qua</strong></span> <span class='ocrx_word' id='word_1_404' title='bbox 3773 2800 3819 2852; x_wconf 84' lang='lat' dir='ltr'><strong>de</strong></span> 
     </span>
    </p>
   </div>
   <div class='ocr_carea' id='block_1_57' title="bbox 2283 2892 3815 2964">
    <p class='ocr_par' dir='ltr' id='par_1_57' title="bbox 2283 2892 3815 2964">
     <span class='ocr_line' id='line_1_57' title="bbox 2283 2892 3815 2964; baseline -0.005 -13"><span class='ocrx_word' id='word_1_405' title='bbox 2283 2898 2525 2952; x_wconf 85' lang='lat' dir='ltr'><strong>omnium</strong></span> <span class='ocrx_word' id='word_1_406' title='bbox 2577 2912 2757 2950; x_wconf 89' lang='lat' dir='ltr'><strong>rerum</strong></span> <span class='ocrx_word' id='word_1_407' title='bbox 2810 2895 3151 2949; x_wconf 86' lang='lat' dir='ltr'><strong>continentia</strong></span> <span class='ocrx_word' id='word_1_408' title='bbox 3188 2895 3276 2948; x_wconf 82' lang='lat' dir='ltr'><strong>lex</strong></span> <span class='ocrx_word' id='word_1_409' title='bbox 3311 2893 3590 2964; x_wconf 88' lang='lat' dir='ltr'><strong>corrigere</strong></span> <span class='ocrx_word' id='word_1_410' title='bbox 3617 2892 3763 2962; x_wconf 77' lang='lat' dir='ltr'><strong>jubet,</strong></span> <span class='ocrx_word' id='word_1_411' title='bbox 3780 2893 3815 2945; x_wconf 83' lang='lat' dir='ltr'><strong>ei</strong></span> 
     </span>
    </p>
   </div>
   <div class='ocr_carea' id='block_1_58' title="bbox 2284 2986 3819 3060">
    <p class='ocr_par' dir='ltr' id='par_1_58' title="bbox 2284 2986 3819 3060">
     <span class='ocr_line' id='line_1_58' title="bbox 2284 2986 3819 3060; baseline -0.006 -16"><span class='ocrx_word' id='word_1_412' title='bbox 2284 2991 2373 3060; x_wconf 94' lang='lat' dir='ltr'><strong>qui</strong></span> <span class='ocrx_word' id='word_1_413' title='bbox 2407 2990 2707 3045; x_wconf 87' lang='lat' dir='ltr'><strong>secundum</strong></span> <span class='ocrx_word' id='word_1_414' title='bbox 2742 3003 2862 3042; x_wconf 88' lang='lat' dir='ltr'><strong>eam</strong></span> <span class='ocrx_word' id='word_1_415' title='bbox 2903 2988 3058 3042; x_wconf 87' lang='lat' dir='ltr'><strong>vivit.</strong></span> <span class='ocrx_word' id='word_1_416' title='bbox 3100 2986 3273 3056; x_wconf 86' lang='lat' dir='ltr'><strong>Ilujus</strong></span> <span class='ocrx_word' id='word_1_417' title='bbox 3314 2986 3609 3041; x_wconf 83' lang='lat' dir='ltr'><strong>astimatio</strong></span> <span class='ocrx_word' id='word_1_418' title='bbox 3650 2995 3719 3039; x_wconf 85' lang='lat' dir='ltr'><strong>est</strong></span> <span class='ocrx_word' id='word_1_419' title='bbox 3755 2986 3819 3036; x_wconf 61' lang='lat' dir='ltr'><strong>tri.</strong></span> 
     </span>
    </p>
   </div>
   <div class='ocr_carea' id='block_1_59' title="bbox 2286 3078 3814 3154">
    <p class='ocr_par' dir='ltr' id='par_1_59' title="bbox 2286 3078 3814 3154">
     <span class='ocr_line' id='line_1_59' title="bbox 2286 3078 3814 3154; baseline -0.005 -19"><span class='ocrx_word' id='word_1_420' title='bbox 2286 3084 2432 3154; x_wconf 86' lang='lat' dir='ltr'><strong>ginta</strong></span> <span class='ocrx_word' id='word_1_421' title='bbox 2483 3082 2620 3145; x_wconf 91' lang='lat' dir='ltr'><strong>sicli,</strong></span> <span class='ocrx_word' id='word_1_422' title='bbox 2668 3081 2782 3136; x_wconf 88' lang='lat' dir='ltr'><strong>sive</strong></span> <span class='ocrx_word' id='word_1_423' title='bbox 2835 3081 3189 3146; x_wconf 80' lang='lat' dir='ltr'><strong>didracbma,</strong></span> <span class='ocrx_word' id='word_1_424' title='bbox 3232 3080 3288 3134; x_wconf 90' lang='lat' dir='ltr'><strong>id</strong></span> <span class='ocrx_word' id='word_1_425' title='bbox 3352 3088 3443 3134; x_wconf 89' lang='lat' dir='ltr'><strong>est</strong></span> <span class='ocrx_word' id='word_1_426' title='bbox 3491 3078 3814 3149; x_wconf 74' lang='lat' dir='ltr'><strong>sexagenarius</strong></span> 
     </span>
    </p>
   </div>
   <div class='ocr_carea' id='block_1_60' title="bbox 606 3168 3814 3275">
    <p class='ocr_par' dir='ltr' id='par_1_60' title="bbox 606 3168 3814 3275">
     <span class='ocr_line' id='line_1_60' title="bbox 606 3168 3814 3275; baseline -0.006 -31"><span class='ocrx_word' id='word_1_427' title='bbox 606 3190 840 3244; x_wconf 83' lang='lat' dir='ltr'><strong>Centum</strong></span> <span class='ocrx_word' id='word_1_428' title='bbox 879 3196 1064 3242; x_wconf 89' lang='lat' dir='ltr'><strong>autem</strong></span> <span class='ocrx_word' id='word_1_429' title='bbox 1094 3186 1372 3241; x_wconf 89' lang='lat' dir='ltr'><strong>drachma</strong></span> <span class='ocrx_word' id='word_1_430' title='bbox 1413 3199 1604 3239; x_wconf 89' lang='lat' dir='ltr'><strong>rursus</strong></span> <span class='ocrx_word' id='word_1_431' title='bbox 1637 3184 1957 3253; x_wconf 88' lang='lat' dir='ltr'><strong>decuplata,</strong></span> <span class='ocrx_word' id='word_1_432' title='bbox 1994 3182 2187 3237; x_wconf 88' lang='lat' dir='ltr'><strong>obolus</strong></span> <span class='ocrx_word' id='word_1_433' title='bbox 2212 3218 2255 3275; x_wconf 61' lang='grc' dir='ltr'>Ο</span> <span class='ocrx_word' id='word_1_434' title='bbox 2289 3174 2517 3236; x_wconf 81' lang='lat' dir='ltr'><strong>fructus.</strong></span> <span class='ocrx_word' id='word_1_435' title='bbox 2556 3188 2717 3244; x_wconf 85' lang='lat' dir='ltr'><strong>quem</strong></span> <span class='ocrx_word' id='word_1_436' title='bbox 2767 3183 2824 3227; x_wconf 89' lang='lat' dir='ltr'><strong>et</strong></span> <span class='ocrx_word' id='word_1_437' title='bbox 2872 3172 3071 3227; x_wconf 86' lang='lat' dir='ltr'><strong>Paulus</strong></span> <span class='ocrx_word' id='word_1_438' title='bbox 3115 3172 3361 3244; x_wconf 85' lang='lat' dir='ltr'><strong>ﬁgurans</strong></span> <span class='ocrx_word' id='word_1_439' title='bbox 3410 3171 3659 3225; x_wconf 87' lang='lat' dir='ltr'><strong>dicebat:</strong></span> <span class='ocrx_word' id='word_1_440' title='bbox 3692 3168 3814 3221; x_wconf 76' lang='lat' dir='ltr'><strong>Vidua</strong></span> 
     </span>
    </p>
   </div>
   <div class='ocr_carea' id='block_1_61' title="bbox 608 3274 2184 3348">
    <p class='ocr_par' dir='ltr' id='par_1_61' title="bbox 608 3274 2184 3348">
     <span class='ocr_line' id='line_1_61' title="bbox 608 3274 2184 3348; baseline -0.006 -12"><span class='ocrx_word' id='word_1_441' title='bbox 608 3283 755 3336; x_wconf 90' lang='lat' dir='ltr'><strong>enim</strong></span> <span class='ocrx_word' id='word_1_442' title='bbox 810 3282 1000 3336; x_wconf 86' lang='lat' dir='ltr'><strong>decem</strong></span> <span class='ocrx_word' id='word_1_443' title='bbox 1054 3280 1377 3343; x_wconf 89' lang='lat' dir='ltr'><strong>drachmas,</strong></span> <span class='ocrx_word' id='word_1_444' title='bbox 1423 3276 1882 3348; x_wconf 88' lang='lat' dir='ltr'><strong>quemadmodum</strong></span> <span class='ocrx_word' id='word_1_445' title='bbox 1928 3274 2184 3335; x_wconf 85' lang='lat' dir='ltr'><strong>diximus,</strong></span> 
     </span>
    </p>
   </div>
   <div class='ocr_carea' id='block_1_62' title="bbox 608 3366 2188 3439">
    <p class='ocr_par' dir='ltr' id='par_1_62' title="bbox 608 3366 2188 3439">
     <span class='ocr_line' id='line_1_62' title="bbox 608 3366 2188 3439; baseline -0.005 -12"><span class='ocrx_word' id='word_1_446' title='bbox 608 3373 793 3435; x_wconf 88' lang='lat' dir='ltr'><strong>habet,</strong></span> <span class='ocrx_word' id='word_1_447' title='bbox 835 3370 1201 3426; x_wconf 89' lang='lat' dir='ltr'><strong>millenarium</strong></span> <span class='ocrx_word' id='word_1_448' title='bbox 1228 3384 1519 3424; x_wconf 87' lang='lat' dir='ltr'><strong>numerum</strong></span> <span class='ocrx_word' id='word_1_449' title='bbox 1542 3367 1857 3439; x_wconf 88' lang='lat' dir='ltr'><strong>perﬁciunt,</strong></span> <span class='ocrx_word' id='word_1_450' title='bbox 1893 3366 1948 3419; x_wconf 93' lang='lat' dir='ltr'><strong>in</strong></span> <span class='ocrx_word' id='word_1_451' title='bbox 1970 3381 2078 3437; x_wconf 93' lang='lat' dir='ltr'><strong>quo</strong></span> <span class='ocrx_word' id='word_1_452' title='bbox 2105 3374 2188 3420; x_wconf 90' lang='lat' dir='ltr'><strong>est</strong></span> 
     </span>
    </p>
   </div>
   <div class='ocr_carea' id='block_1_63' title="bbox 610 3455 2189 3532">
    <p class='ocr_par' dir='ltr' id='par_1_63' title="bbox 610 3455 2189 3532">
     <span class='ocr_line' id='line_1_63' title="bbox 610 3455 2189 3532; baseline -0.005 -15"><span class='ocrx_word' id='word_1_453' title='bbox 610 3477 721 3517; x_wconf 90' lang='lat' dir='ltr'><strong>non</strong></span> <span class='ocrx_word' id='word_1_454' title='bbox 763 3461 1020 3532; x_wconf 86' lang='lat' dir='ltr'><strong>qualibet</strong></span> <span class='ocrx_word' id='word_1_455' title='bbox 1061 3459 1343 3530; x_wconf 88' lang='lat' dir='ltr'><strong>perfectio,</strong></span> <span class='ocrx_word' id='word_1_456' title='bbox 1389 3459 1484 3513; x_wconf 93' lang='lat' dir='ltr'><strong>sed</strong></span> <span class='ocrx_word' id='word_1_457' title='bbox 1525 3458 1853 3523; x_wconf 66' lang='lat' dir='ltr'><strong>caelestium,</strong></span> <span class='ocrx_word' id='word_1_458' title='bbox 1887 3457 1940 3512; x_wconf 89' lang='lat' dir='ltr'><strong>id</strong></span> <span class='ocrx_word' id='word_1_459' title='bbox 1981 3464 2065 3511; x_wconf 89' lang='lat' dir='ltr'><strong>est</strong></span> <span class='ocrx_word' id='word_1_460' title='bbox 2102 3455 2189 3509; x_wconf 88' lang='lat' dir='ltr'><strong>in-</strong></span> 
     </span>
    </p>
   </div>
   <div class='ocr_carea' id='block_1_64' title="bbox 612 3546 2189 3619">
    <p class='ocr_par' dir='ltr' id='par_1_64' title="bbox 612 3546 2189 3619">
     <span class='ocr_line' id='line_1_64' title="bbox 612 3546 2189 3619; baseline -0.004 -15"><span class='ocrx_word' id='word_1_461' title='bbox 612 3563 1027 3619; x_wconf 81' lang='lat' dir='ltr'><strong>corporearum,</strong></span> <span class='ocrx_word' id='word_1_462' title='bbox 1044 3562 1167 3617; x_wconf 86' lang='lat' dir='ltr'><strong>qua</strong></span> <span class='ocrx_word' id='word_1_463' title='bbox 1190 3556 1275 3602; x_wconf 91' lang='lat' dir='ltr'><strong>est</strong></span> <span class='ocrx_word' id='word_1_464' title='bbox 1295 3546 1533 3612; x_wconf 91' lang='lat' dir='ltr'><strong>illorum,</strong></span> <span class='ocrx_word' id='word_1_465' title='bbox 1556 3547 1649 3616; x_wconf 93' lang='lat' dir='ltr'><strong>qui</strong></span> <span class='ocrx_word' id='word_1_466' title='bbox 1673 3546 2062 3601; x_wconf 85' lang='lat' dir='ltr'><strong>habitationem</strong></span> <span class='ocrx_word' id='word_1_467' title='bbox 2096 3559 2189 3599; x_wconf 90' lang='lat' dir='ltr'><strong>su-</strong></span> 
     </span>
    </p>
   </div>
   <div class='ocr_carea' id='block_1_65' title="bbox 612 3636 2190 3709">
    <p class='ocr_par' dir='ltr' id='par_1_65' title="bbox 612 3636 2190 3709">
     <span class='ocr_line' id='line_1_65' title="bbox 612 3636 2190 3709; baseline -0.001 -16"><span class='ocrx_word' id='word_1_468' title='bbox 612 3654 711 3709; x_wconf 90' lang='lat' dir='ltr'><strong>per</strong></span> <span class='ocrx_word' id='word_1_469' title='bbox 731 3653 833 3693; x_wconf 89' lang='lat' dir='ltr'><strong>nos</strong></span> <span class='ocrx_word' id='word_1_470' title='bbox 854 3638 1033 3693; x_wconf 88' lang='lat' dir='ltr'><strong>sortiti</strong></span> <span class='ocrx_word' id='word_1_471' title='bbox 1058 3646 1207 3703; x_wconf 88' lang='lat' dir='ltr'><strong>sunt,</strong></span> <span class='ocrx_word' id='word_1_472' title='bbox 1231 3652 1352 3707; x_wconf 87' lang='lat' dir='ltr'><strong>qua</strong></span> <span class='ocrx_word' id='word_1_473' title='bbox 1373 3644 1459 3692; x_wconf 90' lang='lat' dir='ltr'><strong>est</strong></span> <span class='ocrx_word' id='word_1_474' title='bbox 1481 3636 1860 3692; x_wconf 81' lang='lat' dir='ltr'><strong>excedentium</strong></span> <span class='ocrx_word' id='word_1_475' title='bbox 1887 3636 2190 3707; x_wconf 84' lang='lat' dir='ltr'><strong>corruptio-</strong></span> 
     </span>
    </p>
   </div>
   <div class='ocr_carea' id='block_1_66' title="bbox 613 3727 2191 3798">
    <p class='ocr_par' dir='ltr' id='par_1_66' title="bbox 613 3727 2191 3798">
     <span class='ocr_line' id='line_1_66' title="bbox 613 3727 2191 3798; baseline 0.001 -18"><span class='ocrx_word' id='word_1_476' title='bbox 613 3742 761 3792; x_wconf 91' lang='lat' dir='ltr'><strong>nem,</strong></span> <span class='ocrx_word' id='word_1_477' title='bbox 812 3736 867 3782; x_wconf 90' lang='lat' dir='ltr'><strong>et</strong></span> <span class='ocrx_word' id='word_1_478' title='bbox 921 3727 1373 3796; x_wconf 91' lang='lat' dir='ltr'><strong>consequentium</strong></span> <span class='ocrx_word' id='word_1_479' title='bbox 1430 3727 1918 3796; x_wconf 83' lang='lat' dir='ltr'><strong>incorruptionem,</strong></span> <span class='ocrx_word' id='word_1_480' title='bbox 1966 3738 2191 3798; x_wconf 87' lang='lat' dir='ltr'><strong>propter</strong></span> 
     </span>
    </p>
   </div>
   <div class='ocr_carea' id='block_1_67' title="bbox 612 3816 2189 3890">
    <p class='ocr_par' dir='ltr' id='par_1_67' title="bbox 612 3816 2189 3890">
     <span class='ocr_line' id='line_1_67' title="bbox 612 3816 2189 3890; baseline 0.001 -18"><span class='ocrx_word' id='word_1_481' title='bbox 612 3818 757 3889; x_wconf 91' lang='lat' dir='ltr'><strong>quod</strong></span> <span class='ocrx_word' id='word_1_482' title='bbox 815 3816 905 3872; x_wconf 89' lang='lat' dir='ltr'><strong>Dei</strong></span> <span class='ocrx_word' id='word_1_483' title='bbox 960 3817 1183 3887; x_wconf 90' lang='lat' dir='ltr'><strong>spiritus</strong></span> <span class='ocrx_word' id='word_1_484' title='bbox 1232 3817 1287 3871; x_wconf 93' lang='lat' dir='ltr'><strong>in</strong></span> <span class='ocrx_word' id='word_1_485' title='bbox 1324 3817 1566 3873; x_wconf 89' lang='lat' dir='ltr'><strong>Canticis</strong></span> <span class='ocrx_word' id='word_1_486' title='bbox 1604 3819 2043 3874; x_wconf 82' lang='lat' dir='ltr'><strong>dicebatzVinea</strong></span> <span class='ocrx_word' id='word_1_487' title='bbox 2088 3820 2189 3890; x_wconf 82' lang='lat' dir='ltr'><strong>fuit</strong></span> 
     </span>
    </p>
   </div>
   <div class='ocr_carea' id='block_1_68' title="bbox 613 3907 2189 3978">
    <p class='ocr_par' dir='ltr' id='par_1_68' title="bbox 613 3907 2189 3978">
     <span class='ocr_line' id='line_1_68' title="bbox 613 3907 2189 3978; baseline 0.001 -17"><span class='ocrx_word' id='word_1_488' title='bbox 613 3909 868 3977; x_wconf 84' lang='lat' dir='ltr'><strong>paciﬁca,</strong></span> <span class='ocrx_word' id='word_1_489' title='bbox 916 3908 973 3960; x_wconf 87' lang='lat' dir='ltr'><strong>in</strong></span> <span class='ocrx_word' id='word_1_490' title='bbox 1024 3924 1086 3959; x_wconf 89' lang='lat' dir='ltr'><strong>ea</strong></span> <span class='ocrx_word' id='word_1_491' title='bbox 1137 3923 1254 3977; x_wconf 67' lang='lat' dir='ltr'><strong>qua</strong></span> <span class='ocrx_word' id='word_1_492' title='bbox 1301 3907 1453 3960; x_wconf 84' lang='lat' dir='ltr'><strong>habet</strong></span> <span class='ocrx_word' id='word_1_493' title='bbox 1502 3912 1735 3978; x_wconf 84' lang='lat' dir='ltr'><strong>populos.</strong></span> <span class='ocrx_word' id='word_1_494' title='bbox 1788 3909 2022 3963; x_wconf 86' lang='lat' dir='ltr'><strong>Tradidit</strong></span> <span class='ocrx_word' id='word_1_495' title='bbox 2070 3926 2189 3963; x_wconf 86' lang='lat' dir='ltr'><strong>eam</strong></span> 
     </span>
    </p>
   </div>
   <div class='ocr_carea' id='block_1_69' title="bbox 615 3999 2186 4071">
    <p class='ocr_par' dir='ltr' id='par_1_69' title="bbox 615 3999 2186 4071">
     <span class='ocr_line' id='line_1_69' title="bbox 615 3999 2186 4071; baseline 0.001 -17"><span class='ocrx_word' id='word_1_496' title='bbox 615 4000 937 4065; x_wconf 80' lang='lat' dir='ltr'><strong>custodibus,</strong></span> <span class='ocrx_word' id='word_1_497' title='bbox 972 4000 1052 4053; x_wconf 86' lang='lat' dir='ltr'><strong>vir</strong></span> <span class='ocrx_word' id='word_1_498' title='bbox 1076 3999 1227 4069; x_wconf 75' lang='lat' dir='ltr'><strong>affert</strong></span> <span class='ocrx_word' id='word_1_499' title='bbox 1257 4000 1486 4070; x_wconf 77' lang='lat' dir='ltr'><strong>fructum</strong></span> <span class='ocrx_word' id='word_1_500' title='bbox 1516 4001 1629 4069; x_wconf 87' lang='lat' dir='ltr'><strong>ejus</strong></span> <span class='ocrx_word' id='word_1_501' title='bbox 1652 4000 1796 4054; x_wconf 89' lang='lat' dir='ltr'><strong>mille</strong></span> <span class='ocrx_word' id='word_1_502' title='bbox 1823 4010 2095 4071; x_wconf 86' lang='lat' dir='ltr'><strong>argenteos</strong></span> <span class='ocrx_word' id='word_1_503' title='bbox 2123 4002 2186 4056; x_wconf 84' lang='lat'><strong>”.</strong></span> 
     </span>
    </p>
   </div>
   <div class='ocr_carea' id='block_1_70' title="bbox 615 4089 2191 4161">
    <p class='ocr_par' dir='ltr' id='par_1_70' title="bbox 615 4089 2191 4161">
     <span class='ocr_line' id='line_1_70' title="bbox 615 4089 2191 4161; baseline -0.001 -16"><span class='ocrx_word' id='word_1_504' title='bbox 615 4091 749 4158; x_wconf 86' lang='lat' dir='ltr'><strong>Quis</strong></span> <span class='ocrx_word' id='word_1_505' title='bbox 790 4092 871 4144; x_wconf 89' lang='lat' dir='ltr'><strong>vir</strong></span> <span class='ocrx_word' id='word_1_506' title='bbox 927 4093 1128 4161; x_wconf 84' lang='lat' dir='ltr'><strong>(neque</strong></span> <span class='ocrx_word' id='word_1_507' title='bbox 1160 4089 1307 4144; x_wconf 90' lang='lat' dir='ltr'><strong>enim</strong></span> <span class='ocrx_word' id='word_1_508' title='bbox 1333 4105 1525 4144; x_wconf 90' lang='lat' dir='ltr'><strong>omnes</strong></span> <span class='ocrx_word' id='word_1_509' title='bbox 1564 4091 1709 4144; x_wconf 90' lang='lat' dir='ltr'><strong>hunc</strong></span> <span class='ocrx_word' id='word_1_510' title='bbox 1733 4089 1932 4144; x_wconf 81' lang='lat' dir='ltr'><strong>offerre</strong></span> <span class='ocrx_word' id='word_1_511' title='bbox 1962 4099 2191 4160; x_wconf 87' lang='lat' dir='ltr'><strong>possunt</strong></span> 
     </span>
    </p>
   </div>
   <div class='ocr_carea' id='block_1_71' title="bbox 616 4180 2185 4252">
    <p class='ocr_par' dir='ltr' id='par_1_71' title="bbox 616 4180 2185 4252">
     <span class='ocr_line' id='line_1_71' title="bbox 616 4180 2185 4252; baseline -0.001 -15"><span class='ocrx_word' id='word_1_512' title='bbox 616 4182 994 4251; x_wconf 76' lang='lat' dir='ltr'><strong>fructum),ex</strong></span> <span class='ocrx_word' id='word_1_513' title='bbox 1041 4182 1396 4252; x_wconf 89' lang='lat' dir='ltr'><strong>sequentibus</strong></span> <span class='ocrx_word' id='word_1_514' title='bbox 1437 4182 1604 4237; x_wconf 90' lang='lat' dir='ltr'><strong>disce.</strong></span> <span class='ocrx_word' id='word_1_515' title='bbox 1644 4180 1787 4237; x_wconf 81' lang='lat' dir='ltr'><strong>Mille</strong></span> <span class='ocrx_word' id='word_1_516' title='bbox 1835 4181 1910 4235; x_wconf 91' lang='lat' dir='ltr'><strong>tui</strong></span> <span class='ocrx_word' id='word_1_517' title='bbox 1958 4182 2185 4251; x_wconf 88' lang='lat' dir='ltr'><strong>paciﬁci,</strong></span> 
     </span>
    </p>
   </div>
   <div class='ocr_carea' id='block_1_72' title="bbox 616 4274 2188 4346">
    <p class='ocr_par' dir='ltr' id='par_1_72' title="bbox 616 4274 2188 4346">
     <span class='ocr_line' id='line_1_72' title="bbox 616 4274 2188 4346; baseline -0.001 -17"><span class='ocrx_word' id='word_1_518' title='bbox 616 4286 673 4329; x_wconf 88' lang='lat' dir='ltr'><strong>et</strong></span> <span class='ocrx_word' id='word_1_519' title='bbox 700 4275 921 4329; x_wconf 88' lang='lat' dir='ltr'><strong>ducenti</strong></span> <span class='ocrx_word' id='word_1_520' title='bbox 955 4275 1043 4330; x_wconf 90' lang='lat' dir='ltr'><strong>his</strong></span> <span class='ocrx_word' id='word_1_521' title='bbox 1070 4276 1162 4344; x_wconf 92' lang='lat' dir='ltr'><strong>qui</strong></span> <span class='ocrx_word' id='word_1_522' title='bbox 1194 4276 1513 4329; x_wconf 82' lang='lat' dir='ltr'><strong>custodiunt</strong></span> <span class='ocrx_word' id='word_1_523' title='bbox 1539 4276 1747 4330; x_wconf 90' lang='lat' dir='ltr'><strong>fructus</strong></span> <span class='ocrx_word' id='word_1_524' title='bbox 1776 4276 1915 4346; x_wconf 85' lang='lat' dir='ltr'><strong>ejus.</strong></span> <span class='ocrx_word' id='word_1_525' title='bbox 1942 4274 2084 4328; x_wconf 86' lang='lat' dir='ltr'><strong>Mille</strong></span> <span class='ocrx_word' id='word_1_526' title='bbox 2113 4275 2188 4327; x_wconf 91' lang='lat' dir='ltr'><strong>tui</strong></span> 
     </span>
    </p>
   </div>
   <div class='ocr_carea' id='block_1_73' title="bbox 617 4364 2189 4436">
    <p class='ocr_par' dir='ltr' id='par_1_73' title="bbox 617 4364 2189 4436">
     <span class='ocr_line' id='line_1_73' title="bbox 617 4364 2189 4436; baseline 0.001 -18"><span class='ocrx_word' id='word_1_527' title='bbox 617 4364 848 4434; x_wconf 88' lang='lat' dir='ltr'><strong>paciﬁci,</strong></span> <span class='ocrx_word' id='word_1_528' title='bbox 868 4365 919 4419; x_wconf 91' lang='lat' dir='ltr'><strong>id</strong></span> <span class='ocrx_word' id='word_1_529' title='bbox 940 4375 1023 4419; x_wconf 85' lang='lat' dir='ltr'><strong>est</strong></span> <span class='ocrx_word' id='word_1_530' title='bbox 1043 4364 1299 4419; x_wconf 90' lang='lat' dir='ltr'><strong>Salomon</strong></span> <span class='ocrx_word' id='word_1_531' title='bbox 1321 4383 1334 4419; x_wconf 87' lang='lat'><strong>:</strong></span> <span class='ocrx_word' id='word_1_532' title='bbox 1357 4366 1613 4421; x_wconf 90' lang='lat' dir='ltr'><strong>Salomon</strong></span> <span class='ocrx_word' id='word_1_533' title='bbox 1637 4376 1817 4421; x_wconf 80' lang='lat' dir='ltr'><strong>autem</strong></span> <span class='ocrx_word' id='word_1_534' title='bbox 1837 4365 2189 4436; x_wconf 87' lang='lat' dir='ltr'><strong>intelligibilis</strong></span> 
     </span>
    </p>
   </div>
   <div class='ocr_carea' id='block_1_74' title="bbox 615 4453 2185 4525">
    <p class='ocr_par' dir='ltr' id='par_1_74' title="bbox 615 4453 2185 4525">
     <span class='ocr_line' id='line_1_74' title="bbox 615 4453 2185 4525; baseline -0.001 -16"><span class='ocrx_word' id='word_1_535' title='bbox 615 4453 868 4509; x_wconf 87' lang='lat' dir='ltr'><strong>Christus</strong></span> <span class='ocrx_word' id='word_1_536' title='bbox 900 4465 1003 4519; x_wconf 87' lang='lat' dir='ltr'><strong>est,</strong></span> <span class='ocrx_word' id='word_1_537' title='bbox 1036 4456 1162 4525; x_wconf 85' lang='lat' dir='ltr'><strong>quia</strong></span> <span class='ocrx_word' id='word_1_538' title='bbox 1206 4454 1462 4509; x_wconf 80' lang='lat' dir='ltr'><strong>Salomon</strong></span> <span class='ocrx_word' id='word_1_539' title='bbox 1492 4455 1743 4525; x_wconf 81' lang='lat' dir='ltr'><strong>paciﬁcus</strong></span> <span class='ocrx_word' id='word_1_540' title='bbox 1776 4456 2185 4525; x_wconf 88' lang='lat' dir='ltr'><strong>interpretatur.</strong></span> 
     </span>
    </p>
   </div>
   <div class='ocr_carea' id='block_1_75' title="bbox 2289 3261 3811 3335">
    <p class='ocr_par' dir='ltr' id='par_1_75' title="bbox 2289 3261 3811 3335">
     <span class='ocr_line' id='line_1_75' title="bbox 2289 3261 3811 3335; baseline -0.003 -17"><span class='ocrx_word' id='word_1_541' title='bbox 2289 3264 2518 3335; x_wconf 80' lang='lat' dir='ltr'><strong>eligatur</strong></span> <span class='ocrx_word' id='word_1_542' title='bbox 2551 3279 2655 3316; x_wconf 88' lang='lat' dir='ltr'><strong>non</strong></span> <span class='ocrx_word' id='word_1_543' title='bbox 2686 3264 2858 3316; x_wconf 87' lang='lat' dir='ltr'><strong>minor</strong></span> <span class='ocrx_word' id='word_1_544' title='bbox 2889 3263 3162 3332; x_wconf 75' lang='lat' dir='ltr'><strong>sexaginta</strong></span> <span class='ocrx_word' id='word_1_545' title='bbox 3196 3278 3473 3315; x_wconf 87' lang='lat' dir='ltr'><strong>annorum</strong></span> <span class='ocrx_word' id='word_1_546' title='bbox 3496 3261 3541 3291; x_wconf 84' lang='grc'><strong><em>²²</em></strong></span> <span class='ocrx_word' id='word_1_547' title='bbox 3572 3280 3585 3314; x_wconf 90' lang='lat'><strong>:</strong></span> <span class='ocrx_word' id='word_1_548' title='bbox 3615 3276 3696 3330; x_wconf 84' lang='lat' dir='ltr'><strong>per</strong></span> <span class='ocrx_word' id='word_1_549' title='bbox 3715 3268 3811 3314; x_wconf 73' lang='lat' dir='ltr'><strong>ata-</strong></span> 
     </span>
    </p>
   </div>
   <div class='ocr_carea' id='block_1_76' title="bbox 2288 3350 3812 3422">
    <p class='ocr_par' dir='ltr' id='par_1_76' title="bbox 2288 3350 3812 3422">
     <span class='ocr_line' id='line_1_76' title="bbox 2288 3350 3812 3422; baseline -0.003 -14"><span class='ocrx_word' id='word_1_550' title='bbox 2288 3363 2394 3408; x_wconf 68' lang='lat' dir='ltr'><strong>tem</strong></span> <span class='ocrx_word' id='word_1_551' title='bbox 2453 3367 2852 3422; x_wconf 90' lang='lat' dir='ltr'><strong>numerumque</strong></span> <span class='ocrx_word' id='word_1_552' title='bbox 2913 3368 3181 3407; x_wconf 87' lang='lat' dir='ltr'><strong>annorum</strong></span> <span class='ocrx_word' id='word_1_553' title='bbox 3235 3353 3594 3407; x_wconf 86' lang='lat' dir='ltr'><strong>manifestare</strong></span> <span class='ocrx_word' id='word_1_554' title='bbox 3644 3350 3812 3410; x_wconf 87' lang='lat' dir='ltr'><strong>volens.</strong></span> 
     </span>
    </p>
   </div>
   <div class='ocr_carea' id='block_1_77' title="bbox 2288 3442 3807 3516">
    <p class='ocr_par' dir='ltr' id='par_1_77' title="bbox 2288 3442 3807 3516">
     <span class='ocr_line' id='line_1_77' title="bbox 2288 3442 3807 3516; baseline -0.005 -16"><span class='ocrx_word' id='word_1_555' title='bbox 2288 3464 2423 3516; x_wconf 89' lang='lat' dir='ltr'><strong>quas</strong></span> <span class='ocrx_word' id='word_1_556' title='bbox 2466 3446 2697 3501; x_wconf 90' lang='lat' dir='ltr'><strong>virtutes</strong></span> <span class='ocrx_word' id='word_1_557' title='bbox 2750 3455 2806 3500; x_wconf 89' lang='lat' dir='ltr'><strong>et</strong></span> <span class='ocrx_word' id='word_1_558' title='bbox 2857 3445 3102 3500; x_wconf 88' lang='lat' dir='ltr'><strong>actiones</strong></span> <span class='ocrx_word' id='word_1_559' title='bbox 3141 3444 3416 3500; x_wconf 83' lang='lat' dir='ltr'><strong>exhibere</strong></span> <span class='ocrx_word' id='word_1_560' title='bbox 3467 3444 3651 3499; x_wconf 87' lang='lat' dir='ltr'><strong>debeat</strong></span> <span class='ocrx_word' id='word_1_561' title='bbox 3675 3442 3807 3502; x_wconf 80' lang='lat' dir='ltr'><strong>vidua,</strong></span> 
     </span>
    </p>
   </div>
   <div class='ocr_carea' id='block_1_78' title="bbox 2288 3534 3805 3611">
    <p class='ocr_par' dir='ltr' id='par_1_78' title="bbox 2288 3534 3805 3611">
     <span class='ocr_line' id='line_1_78' title="bbox 2288 3534 3805 3611; baseline -0.005 -16"><span class='ocrx_word' id='word_1_562' title='bbox 2288 3556 2408 3611; x_wconf 81' lang='lat' dir='ltr'><strong>qua</strong></span> <span class='ocrx_word' id='word_1_563' title='bbox 2455 3555 2485 3593; x_wconf 89' lang='lat' dir='ltr'><strong>a</strong></span> <span class='ocrx_word' id='word_1_564' title='bbox 2531 3538 2640 3594; x_wconf 90' lang='lat' dir='ltr'><strong>Deo</strong></span> <span class='ocrx_word' id='word_1_565' title='bbox 2666 3539 2882 3609; x_wconf 85' lang='lat' dir='ltr'><strong>legitur,</strong></span> <span class='ocrx_word' id='word_1_566' title='bbox 2926 3553 3047 3608; x_wconf 86' lang='lat' dir='ltr'><strong>qua</strong></span> <span class='ocrx_word' id='word_1_567' title='bbox 3077 3538 3131 3593; x_wconf 92' lang='lat' dir='ltr'><strong>in</strong></span> <span class='ocrx_word' id='word_1_568' title='bbox 3163 3539 3372 3594; x_wconf 88' lang='lat' dir='ltr'><strong>divinis</strong></span> <span class='ocrx_word' id='word_1_569' title='bbox 3402 3538 3646 3593; x_wconf 90' lang='lat' dir='ltr'><strong>scribitur</strong></span> <span class='ocrx_word' id='word_1_570' title='bbox 3661 3534 3805 3598; x_wconf 82' lang='lat' dir='ltr'><strong>Libris,</strong></span> 
     </span>
    </p>
   </div>
   <div class='ocr_carea' id='block_1_79' title="bbox 2289 3629 3796 3700">
    <p class='ocr_par' dir='ltr' id='par_1_79' title="bbox 2289 3629 3796 3700">
     <span class='ocr_line' id='line_1_79' title="bbox 2289 3629 3796 3700; baseline -0.005 -15"><span class='ocrx_word' id='word_1_571' title='bbox 2289 3641 2345 3685; x_wconf 88' lang='lat' dir='ltr'><strong>et</strong></span> <span class='ocrx_word' id='word_1_572' title='bbox 2368 3646 2490 3700; x_wconf 82' lang='lat' dir='ltr'><strong>qua</strong></span> <span class='ocrx_word' id='word_1_573' title='bbox 2520 3637 2701 3699; x_wconf 90' lang='lat' dir='ltr'><strong>potest</strong></span> <span class='ocrx_word' id='word_1_574' title='bbox 2730 3629 2785 3683; x_wconf 93' lang='lat' dir='ltr'><strong>in</strong></span> <span class='ocrx_word' id='word_1_575' title='bbox 2814 3645 3045 3685; x_wconf 88' lang='lat' dir='ltr'><strong>numero</strong></span> <span class='ocrx_word' id='word_1_576' title='bbox 3065 3629 3375 3685; x_wconf 80' lang='lat' dir='ltr'><strong>Jerusalem</strong></span> <span class='ocrx_word' id='word_1_577' title='bbox 3401 3629 3628 3684; x_wconf 75' lang='lat' dir='ltr'><strong>catastis</strong></span> <span class='ocrx_word' id='word_1_578' title='bbox 3644 3629 3796 3698; x_wconf 78' lang='lat' dir='ltr'><strong>degere.</strong></span> 
     </span>
    </p>
   </div>
   <div class='ocr_carea' id='block_1_80' title="bbox 2288 3721 3788 3792">
    <p class='ocr_par' dir='ltr' id='par_1_80' title="bbox 2288 3721 3788 3792">
     <span class='ocr_line' id='line_1_80' title="bbox 2288 3721 3788 3792; baseline -0.004 -16"><span class='ocrx_word' id='word_1_579' title='bbox 2288 3722 2517 3792; x_wconf 86' lang='lat' dir='ltr'><strong>Propter</strong></span> <span class='ocrx_word' id='word_1_580' title='bbox 2540 3721 2684 3791; x_wconf 91' lang='lat' dir='ltr'><strong>quod</strong></span> <span class='ocrx_word' id='word_1_581' title='bbox 2721 3730 2778 3775; x_wconf 88' lang='lat' dir='ltr'><strong>et</strong></span> <span class='ocrx_word' id='word_1_582' title='bbox 2809 3722 3070 3787; x_wconf 88' lang='lat' dir='ltr'><strong>subdidit,</strong></span> <span class='ocrx_word' id='word_1_583' title='bbox 3107 3723 3405 3777; x_wconf 89' lang='lat' dir='ltr'><strong>insinuans</strong></span> <span class='ocrx_word' id='word_1_584' title='bbox 3436 3724 3577 3792; x_wconf 92' lang='lat' dir='ltr'><strong>quod</strong></span> <span class='ocrx_word' id='word_1_585' title='bbox 3600 3736 3691 3775; x_wconf 87' lang='lat' dir='ltr'><strong>non</strong></span> <span class='ocrx_word' id='word_1_586' title='bbox 3716 3730 3788 3772; x_wconf 75' lang='lat' dir='ltr'><strong>tan-</strong></span> 
     </span>
    </p>
   </div>
   <div class='ocr_carea' id='block_1_81' title="bbox 2291 3811 3781 3886">
    <p class='ocr_par' dir='ltr' id='par_1_81' title="bbox 2291 3811 3781 3886">
     <span class='ocr_line' id='line_1_81' title="bbox 2291 3811 3781 3886; baseline -0.005 -17"><span class='ocrx_word' id='word_1_587' title='bbox 2291 3824 2403 3870; x_wconf 90' lang='lat' dir='ltr'><strong>tum</strong></span> <span class='ocrx_word' id='word_1_588' title='bbox 2430 3816 2479 3869; x_wconf 90' lang='lat' dir='ltr'><strong>ei</strong></span> <span class='ocrx_word' id='word_1_589' title='bbox 2506 3815 2573 3870; x_wconf 89' lang='lat' dir='ltr'><strong>de</strong></span> <span class='ocrx_word' id='word_1_590' title='bbox 2598 3823 2777 3879; x_wconf 89' lang='lat' dir='ltr'><strong>atate,</strong></span> <span class='ocrx_word' id='word_1_591' title='bbox 2808 3824 2903 3869; x_wconf 89' lang='lat' dir='ltr'><strong>aut</strong></span> <span class='ocrx_word' id='word_1_592' title='bbox 2944 3815 3125 3882; x_wconf 89' lang='lat' dir='ltr'><strong>annis,</strong></span> <span class='ocrx_word' id='word_1_593' title='bbox 3169 3824 3441 3886; x_wconf 89' lang='lat' dir='ltr'><strong>quantum</strong></span> <span class='ocrx_word' id='word_1_594' title='bbox 3482 3814 3549 3867; x_wconf 81' lang='lat' dir='ltr'><strong>de</strong></span> <span class='ocrx_word' id='word_1_595' title='bbox 3582 3811 3781 3865; x_wconf 78' lang='lat' dir='ltr'><strong>virtutibus</strong></span> 
     </span>
    </p>
   </div>
   <div class='ocr_carea' id='block_1_82' title="bbox 2288 3898 3782 3975">
    <p class='ocr_par' dir='ltr' id='par_1_82' title="bbox 2288 3898 3782 3975">
     <span class='ocr_line' id='line_1_82' title="bbox 2288 3898 3782 3975; baseline -0.005 -18"><span class='ocrx_word' id='word_1_596' title='bbox 2288 3920 2409 3973; x_wconf 69' lang='lat' dir='ltr'><strong>qua</strong></span> <span class='ocrx_word' id='word_1_597' title='bbox 2452 3919 2551 3974; x_wconf 92' lang='lat' dir='ltr'><strong>per</strong></span> <span class='ocrx_word' id='word_1_598' title='bbox 2596 3905 2711 3959; x_wconf 85' lang='lat' dir='ltr'><strong>hac</strong></span> <span class='ocrx_word' id='word_1_599' title='bbox 2760 3904 3158 3975; x_wconf 84' lang='lat' dir='ltr'><strong>signiﬁcantur,</strong></span> <span class='ocrx_word' id='word_1_600' title='bbox 3194 3921 3328 3959; x_wconf 92' lang='lat' dir='ltr'><strong>cura</strong></span> <span class='ocrx_word' id='word_1_601' title='bbox 3370 3912 3490 3959; x_wconf 85' lang='lat' dir='ltr'><strong>erat</strong></span> <span class='ocrx_word' id='word_1_602' title='bbox 3524 3922 3535 3956; x_wconf 89' lang='lat'><strong>:</strong></span> <span class='ocrx_word' id='word_1_603' title='bbox 3573 3898 3782 3957; x_wconf 72' lang='lat' dir='ltr'><strong>Uitiusviri</strong></span> 
     </span>
    </p>
   </div>
   <div class='ocr_carea' id='block_1_83' title="bbox 2289 3992 3788 4068">
    <p class='ocr_par' dir='ltr' id='par_1_83' title="bbox 2289 3992 3788 4068">
     <span class='ocr_line' id='line_1_83' title="bbox 2289 3992 3788 4068; baseline -0.001 -18"><span class='ocrx_word' id='word_1_604' title='bbox 2289 4014 2421 4051; x_wconf 76' lang='lat' dir='ltr'><strong>uxor</strong></span> <span class='ocrx_word' id='word_1_605' title='bbox 2449 4013 2467 4050; x_wconf 91' lang='lat'><strong><em>:</em></strong></span> <span class='ocrx_word' id='word_1_606' title='bbox 2498 3998 2545 4051; x_wconf 90' lang='lat' dir='ltr'><strong>si</strong></span> <span class='ocrx_word' id='word_1_607' title='bbox 2575 3997 2711 4066; x_wconf 82' lang='lat' dir='ltr'><strong>ﬁlios</strong></span> <span class='ocrx_word' id='word_1_608' title='bbox 2737 3998 2999 4063; x_wconf 77' lang='lat' dir='ltr'><strong>educavit,</strong></span> <span class='ocrx_word' id='word_1_609' title='bbox 3036 3998 3082 4051; x_wconf 85' lang='lat' dir='ltr'><strong>si</strong></span> <span class='ocrx_word' id='word_1_610' title='bbox 3115 3998 3344 4067; x_wconf 85' lang='lat' dir='ltr'><strong>hospitio</strong></span> <span class='ocrx_word' id='word_1_611' title='bbox 3375 4012 3622 4068; x_wconf 84' lang='lat' dir='ltr'><strong>pauperes</strong></span> <span class='ocrx_word' id='word_1_612' title='bbox 3648 3992 3788 4058; x_wconf 65' lang='lat' dir='ltr'><strong>recepit.</strong></span> 
     </span>
    </p>
   </div>
   <div class='ocr_carea' id='block_1_84' title="bbox 2287 4084 3789 4160">
    <p class='ocr_par' dir='ltr' id='par_1_84' title="bbox 2287 4084 3789 4160">
     <span class='ocr_line' id='line_1_84' title="bbox 2287 4084 3789 4160; baseline -0.008 -16"><span class='ocrx_word' id='word_1_613' title='bbox 2287 4092 2333 4144; x_wconf 87' lang='lat' dir='ltr'><strong>si</strong></span> <span class='ocrx_word' id='word_1_614' title='bbox 2360 4100 2662 4144; x_wconf 85' lang='lat' dir='ltr'><strong>sanctorum</strong></span> <span class='ocrx_word' id='word_1_615' title='bbox 2690 4093 2840 4160; x_wconf 84' lang='lat' dir='ltr'><strong>pedes</strong></span> <span class='ocrx_word' id='word_1_616' title='bbox 2868 4091 3019 4155; x_wconf 84' lang='lat' dir='ltr'><strong>lavit,</strong></span> <span class='ocrx_word' id='word_1_617' title='bbox 3053 4093 3099 4143; x_wconf 87' lang='lat' dir='ltr'><strong>si</strong></span> <span class='ocrx_word' id='word_1_618' title='bbox 3131 4092 3529 4145; x_wconf 84' lang='lat' dir='ltr'><strong>tribulationem</strong></span> <span class='ocrx_word' id='word_1_619' title='bbox 3554 4084 3789 4159; x_wconf 71' lang='lat' dir='ltr'><strong>patientibus</strong></span> 
     </span>
    </p>
   </div>
   <div class='ocr_carea' id='block_1_85' title="bbox 2287 4175 3787 4252">
    <p class='ocr_par' dir='ltr' id='par_1_85' title="bbox 2287 4175 3787 4252">
     <span class='ocr_line' id='line_1_85' title="bbox 2287 4175 3787 4252; baseline -0.005 -18"><span class='ocrx_word' id='word_1_620' title='bbox 2287 4180 2723 4247; x_wconf 80' lang='lat' dir='ltr'><strong>subministravit,</strong></span> <span class='ocrx_word' id='word_1_621' title='bbox 2749 4183 2794 4235; x_wconf 89' lang='lat' dir='ltr'><strong>si</strong></span> <span class='ocrx_word' id='word_1_622' title='bbox 2824 4199 2973 4235; x_wconf 87' lang='lat' dir='ltr'><strong>omne</strong></span> <span class='ocrx_word' id='word_1_623' title='bbox 3006 4199 3135 4252; x_wconf 87' lang='lat' dir='ltr'><strong>opus</strong></span> <span class='ocrx_word' id='word_1_624' title='bbox 3165 4182 3361 4237; x_wconf 86' lang='lat' dir='ltr'><strong>bonum</strong></span> <span class='ocrx_word' id='word_1_625' title='bbox 3394 4184 3651 4237; x_wconf 82' lang='lat' dir='ltr'><strong>subsecuta</strong></span> <span class='ocrx_word' id='word_1_626' title='bbox 3672 4185 3723 4229; x_wconf 78' lang='lat' dir='ltr'><strong>est</strong></span> <span class='ocrx_word' id='word_1_627' title='bbox 3743 4175 3787 4226; x_wconf 78' lang='lat'><strong>&quot;.</strong></span> 
     </span>
    </p>
   </div>
   <div class='ocr_carea' id='block_1_86' title="bbox 2290 4256 3791 4345">
    <p class='ocr_par' dir='ltr' id='par_1_86' title="bbox 2290 4256 3791 4345">
     <span class='ocr_line' id='line_1_86' title="bbox 2290 4256 3791 4345; baseline -0.007 -19"><span class='ocrx_word' id='word_1_628' title='bbox 2290 4271 2418 4327; x_wconf 85' lang='lat' dir='ltr'><strong>Hac</strong></span> <span class='ocrx_word' id='word_1_629' title='bbox 2460 4273 2676 4342; x_wconf 91' lang='lat' dir='ltr'><strong>quidem</strong></span> <span class='ocrx_word' id='word_1_630' title='bbox 2708 4273 2985 4343; x_wconf 81' lang='lat' dir='ltr'><strong>perfectus</strong></span> <span class='ocrx_word' id='word_1_631' title='bbox 3021 4282 3077 4329; x_wconf 85' lang='lat' dir='ltr'><strong>et</strong></span> <span class='ocrx_word' id='word_1_632' title='bbox 3119 4256 3217 4345; x_wconf 86' lang='lat' dir='ltr'><strong>per</strong></span> <span class='ocrx_word' id='word_1_633' title='bbox 3247 4277 3436 4330; x_wconf 85' lang='lat' dir='ltr'><strong>omnia</strong></span> <span class='ocrx_word' id='word_1_634' title='bbox 3464 4275 3791 4329; x_wconf 83' lang='lat' dir='ltr'><strong>consummatus</strong></span> 
     </span>
    </p>
   </div>
   <div class='ocr_carea' id='block_1_87' title="bbox 2292 4359 3795 4427">
    <p class='ocr_par' dir='ltr' id='par_1_87' title="bbox 2292 4359 3795 4427">
     <span class='ocr_line' id='line_1_87' title="bbox 2292 4359 3795 4427; baseline -0.005 -11"><span class='ocrx_word' id='word_1_635' title='bbox 2292 4362 2474 4416; x_wconf 91' lang='lat' dir='ltr'><strong>homo.</strong></span> <span class='ocrx_word' id='word_1_636' title='bbox 2507 4361 2639 4416; x_wconf 80' lang='lat' dir='ltr'><strong>Vide</strong></span> <span class='ocrx_word' id='word_1_637' title='bbox 2689 4372 2869 4417; x_wconf 89' lang='lat' dir='ltr'><strong>autem</strong></span> <span class='ocrx_word' id='word_1_638' title='bbox 2910 4373 2963 4417; x_wconf 90' lang='lat' dir='ltr'><strong>et</strong></span> <span class='ocrx_word' id='word_1_639' title='bbox 3012 4379 3137 4419; x_wconf 93' lang='lat' dir='ltr'><strong>eum</strong></span> <span class='ocrx_word' id='word_1_640' title='bbox 3177 4366 3264 4420; x_wconf 90' lang='lat' dir='ltr'><strong>cui</strong></span> <span class='ocrx_word' id='word_1_641' title='bbox 3310 4366 3419 4422; x_wconf 88' lang='lat' dir='ltr'><strong>hoc</strong></span> <span class='ocrx_word' id='word_1_642' title='bbox 3455 4366 3614 4427; x_wconf 88' lang='lat' dir='ltr'><strong>deest,</strong></span> <span class='ocrx_word' id='word_1_643' title='bbox 3640 4359 3711 4414; x_wconf 86' lang='lat' dir='ltr'><strong>sed</strong></span> <span class='ocrx_word' id='word_1_644' title='bbox 3737 4366 3795 4409; x_wconf 84' lang='lat' dir='ltr'><strong>ta-</strong></span> 
     </span>
    </p>
   </div>
   <div class='ocr_carea' id='block_1_88' title="bbox 2289 4453 3268 4522">
    <p class='ocr_par' dir='ltr' id='par_1_88' title="bbox 2289 4453 3268 4522">
     <span class='ocr_line' id='line_1_88' title="bbox 2289 4453 3268 4522; baseline 0.004 -15"><span class='ocrx_word' id='word_1_645' title='bbox 2289 4468 2413 4507; x_wconf 90' lang='lat' dir='ltr'><strong>men</strong></span> <span class='ocrx_word' id='word_1_646' title='bbox 2446 4456 2515 4507; x_wconf 91' lang='lat' dir='ltr'><strong>ad</strong></span> <span class='ocrx_word' id='word_1_647' title='bbox 2541 4453 2691 4507; x_wconf 89' lang='lat' dir='ltr'><strong>illum</strong></span> <span class='ocrx_word' id='word_1_648' title='bbox 2718 4454 2945 4522; x_wconf 82' lang='lat' dir='ltr'><strong>provehi</strong></span> <span class='ocrx_word' id='word_1_649' title='bbox 2976 4455 3268 4511; x_wconf 86' lang='lat' dir='ltr'><strong>desiderat.</strong></span> 
     </span>
    </p>
   </div>
   <div class='ocr_carea' id='block_1_89' title="bbox 615 4546 3796 4621">
    <p class='ocr_par' dir='ltr' id='par_1_89' title="bbox 615 4546 3796 4621">
     <span class='ocr_line' id='line_1_89' title="bbox 615 4546 3796 4621; baseline -0.003 -21"><span class='ocrx_word' id='word_1_650' title='bbox 615 4546 865 4601; x_wconf 78' lang='lat' dir='ltr'><strong>Christus</strong></span> <span class='ocrx_word' id='word_1_651' title='bbox 906 4564 1035 4620; x_wconf 88' lang='lat' dir='ltr'><strong>ergo</strong></span> <span class='ocrx_word' id='word_1_652' title='bbox 1076 4564 1267 4620; x_wconf 88' lang='lat' dir='ltr'><strong>pacem</strong></span> <span class='ocrx_word' id='word_1_653' title='bbox 1305 4548 1487 4620; x_wconf 82' lang='lat' dir='ltr'><strong>generi</strong></span> <span class='ocrx_word' id='word_1_654' title='bbox 1532 4550 1769 4603; x_wconf 91' lang='lat' dir='ltr'><strong>humano</strong></span> <span class='ocrx_word' id='word_1_655' title='bbox 1798 4549 1963 4603; x_wconf 89' lang='lat' dir='ltr'><strong>dedit.</strong></span> <span class='ocrx_word' id='word_1_656' title='bbox 2006 4548 2185 4618; x_wconf 92' lang='lat' dir='ltr'><strong>lpsum</strong></span> <span class='ocrx_word' id='word_1_657' title='bbox 2222 4550 2263 4604; x_wconf 92' lang='lat' dir='ltr'><strong>D</strong></span> <span class='ocrx_word' id='word_1_658' title='bbox 2361 4548 2405 4600; x_wconf 82' lang='lat' dir='ltr'><strong><em>A</em></strong></span> <span class='ocrx_word' id='word_1_659' title='bbox 2434 4548 2617 4618; x_wconf 87' lang='lat' dir='ltr'><strong>quinto</strong></span> <span class='ocrx_word' id='word_1_660' title='bbox 2649 4557 2825 4602; x_wconf 82' lang='lat' dir='ltr'><strong>autem</strong></span> <span class='ocrx_word' id='word_1_661' title='bbox 2858 4566 2997 4602; x_wconf 87' lang='lat' dir='ltr'><strong>anno</strong></span> <span class='ocrx_word' id='word_1_662' title='bbox 3026 4567 3191 4621; x_wconf 77' lang='lat' dir='ltr'><strong>usque</strong></span> <span class='ocrx_word' id='word_1_663' title='bbox 3220 4554 3291 4605; x_wconf 86' lang='lat' dir='ltr'><strong>ad</strong></span> <span class='ocrx_word' id='word_1_664' title='bbox 3322 4552 3607 4605; x_wconf 85' lang='lat' dir='ltr'><strong>vicesimum</strong></span> <span class='ocrx_word' id='word_1_665' title='bbox 3642 4557 3796 4598; x_wconf 75' lang='lat' dir='ltr'><strong>mascu-</strong></span> 
     </span>
    </p>
   </div>
   <div class='ocr_carea' id='block_1_90' title="bbox 614 4638 2190 4710">
    <p class='ocr_par' dir='ltr' id='par_1_90' title="bbox 614 4638 2190 4710">
     <span class='ocr_line' id='line_1_90' title="bbox 614 4638 2190 4710; baseline 0.001 -18"><span class='ocrx_word' id='word_1_666' title='bbox 614 4638 772 4693; x_wconf 88' lang='lat' dir='ltr'><strong>decet</strong></span> <span class='ocrx_word' id='word_1_667' title='bbox 795 4640 1070 4709; x_wconf 88' lang='lat' dir='ltr'><strong>pracipue</strong></span> <span class='ocrx_word' id='word_1_668' title='bbox 1094 4648 1149 4694; x_wconf 89' lang='lat' dir='ltr'><strong>et</strong></span> <span class='ocrx_word' id='word_1_669' title='bbox 1175 4640 1457 4710; x_wconf 81' lang='lat' dir='ltr'><strong>perfectio,</strong></span> <span class='ocrx_word' id='word_1_670' title='bbox 1490 4647 1544 4693; x_wconf 86' lang='lat' dir='ltr'><strong>et</strong></span> <span class='ocrx_word' id='word_1_671' title='bbox 1577 4655 1670 4694; x_wconf 92' lang='lat' dir='ltr'><strong>eos</strong></span> <span class='ocrx_word' id='word_1_672' title='bbox 1698 4640 1786 4709; x_wconf 89' lang='lat' dir='ltr'><strong>qui</strong></span> <span class='ocrx_word' id='word_1_673' title='bbox 1822 4639 2190 4693; x_wconf 87' lang='lat' dir='ltr'><strong>conversatio-</strong></span> 
     </span>
    </p>
   </div>
   <div class='ocr_carea' id='block_1_91' title="bbox 616 4730 2185 4802">
    <p class='ocr_par' dir='ltr' id='par_1_91' title="bbox 616 4730 2185 4802">
     <span class='ocr_line' id='line_1_91' title="bbox 616 4730 2185 4802; baseline 0.001 -20"><span class='ocrx_word' id='word_1_674' title='bbox 616 4743 741 4783; x_wconf 87' lang='lat' dir='ltr'><strong>nem</strong></span> <span class='ocrx_word' id='word_1_675' title='bbox 778 4730 897 4798; x_wconf 90' lang='lat' dir='ltr'><strong>ejus</strong></span> <span class='ocrx_word' id='word_1_676' title='bbox 928 4738 1226 4794; x_wconf 88' lang='lat' dir='ltr'><strong>sectantur,</strong></span> <span class='ocrx_word' id='word_1_677' title='bbox 1259 4740 1314 4785; x_wconf 90' lang='lat' dir='ltr'><strong>et</strong></span> <span class='ocrx_word' id='word_1_678' title='bbox 1334 4730 1635 4801; x_wconf 84' lang='lat' dir='ltr'><strong>angelicum</strong></span> <span class='ocrx_word' id='word_1_679' title='bbox 1659 4740 1921 4802; x_wconf 86' lang='lat' dir='ltr'><strong>peragunt</strong></span> <span class='ocrx_word' id='word_1_680' title='bbox 1946 4746 2185 4795; x_wconf 90' lang='lat' dir='ltr'><strong>cursum,</strong></span> 
     </span>
    </p>
   </div>
   <div class='ocr_carea' id='block_1_92' title="bbox 614 4821 2190 4892">
    <p class='ocr_par' dir='ltr' id='par_1_92' title="bbox 614 4821 2190 4892">
     <span class='ocr_line' id='line_1_92' title="bbox 614 4821 2190 4892; baseline 0.003 -19"><span class='ocrx_word' id='word_1_681' title='bbox 614 4821 812 4890; x_wconf 90' lang='lat' dir='ltr'><strong>quibus</strong></span> <span class='ocrx_word' id='word_1_682' title='bbox 860 4822 1198 4875; x_wconf 89' lang='lat' dir='ltr'><strong>millenarius</strong></span> <span class='ocrx_word' id='word_1_683' title='bbox 1244 4838 1507 4876; x_wconf 91' lang='lat' dir='ltr'><strong>numerus</strong></span> <span class='ocrx_word' id='word_1_684' title='bbox 1548 4832 1735 4892; x_wconf 90' lang='lat' dir='ltr'><strong>utpote</strong></span> <span class='ocrx_word' id='word_1_685' title='bbox 1772 4824 2044 4892; x_wconf 89' lang='lat' dir='ltr'><strong>perfectus</strong></span> <span class='ocrx_word' id='word_1_686' title='bbox 2089 4824 2190 4879; x_wconf 90' lang='lat' dir='ltr'><strong>de-</strong></span> 
     </span>
    </p>
   </div>
   <div class='ocr_carea' id='block_1_93' title="bbox 614 4911 2190 4981">
    <p class='ocr_par' dir='ltr' id='par_1_93' title="bbox 614 4911 2190 4981">
     <span class='ocr_line' id='line_1_93' title="bbox 614 4911 2190 4981; baseline 0 -16"><span class='ocrx_word' id='word_1_687' title='bbox 614 4921 838 4981; x_wconf 86' lang='lat' dir='ltr'><strong>putatur</strong></span> <span class='ocrx_word' id='word_1_688' title='bbox 873 4930 886 4964; x_wconf 87' lang='lat'><strong>:</strong></span> <span class='ocrx_word' id='word_1_689' title='bbox 923 4911 1092 4964; x_wconf 82' lang='lat' dir='ltr'><strong>Millia</strong></span> <span class='ocrx_word' id='word_1_690' title='bbox 1146 4912 1292 4967; x_wconf 87' lang='lat' dir='ltr'><strong>enim</strong></span> <span class='ocrx_word' id='word_1_691' title='bbox 1356 4913 1581 4967; x_wconf 84' lang='lat' dir='ltr'><strong>millium</strong></span> <span class='ocrx_word' id='word_1_692' title='bbox 1633 4914 2001 4966; x_wconf 87' lang='lat' dir='ltr'><strong>ministrabant</strong></span> <span class='ocrx_word' id='word_1_693' title='bbox 2042 4913 2091 4966; x_wconf 87' lang='lat' dir='ltr'><strong>ei</strong></span> <span class='ocrx_word' id='word_1_694' title='bbox 2124 4913 2190 4980; x_wconf 65' lang='lat'><strong>‘3,</strong></span> 
     </span>
    </p>
   </div>
   <div class='ocr_carea' id='block_1_94' title="bbox 614 5001 2188 5067">
    <p class='ocr_par' dir='ltr' id='par_1_94' title="bbox 614 5001 2188 5067">
     <span class='ocr_line' id='line_1_94' title="bbox 614 5001 2188 5067; baseline 0.003 -12"><span class='ocrx_word' id='word_1_695' title='bbox 614 5003 691 5056; x_wconf 88' lang='lat' dir='ltr'><strong>ait</strong></span> <span class='ocrx_word' id='word_1_696' title='bbox 748 5001 966 5067; x_wconf 90' lang='lat' dir='ltr'><strong>Daniel,</strong></span> <span class='ocrx_word' id='word_1_697' title='bbox 1030 5003 1160 5057; x_wconf 92' lang='lat' dir='ltr'><strong>dum</strong></span> <span class='ocrx_word' id='word_1_698' title='bbox 1221 5005 1471 5061; x_wconf 72' lang='lat' dir='ltr'><strong>caelestes</strong></span> <span class='ocrx_word' id='word_1_699' title='bbox 1515 5006 1746 5060; x_wconf 85' lang='lat' dir='ltr'><strong>virtutes</strong></span> <span class='ocrx_word' id='word_1_700' title='bbox 1792 5003 1904 5060; x_wconf 91' lang='lat' dir='ltr'><strong>Deo</strong></span> <span class='ocrx_word' id='word_1_701' title='bbox 1949 5014 2188 5060; x_wconf 89' lang='lat' dir='ltr'><strong>astantes</strong></span> 
     </span>
    </p>
   </div>
   <div class='ocr_carea' id='block_1_95' title="bbox 615 5093 2188 5167">
    <p class='ocr_par' dir='ltr' id='par_1_95' title="bbox 615 5093 2188 5167">
     <span class='ocr_line' id='line_1_95' title="bbox 615 5093 2188 5167; baseline 0.001 -20"><span class='ocrx_word' id='word_1_702' title='bbox 615 5101 931 5163; x_wconf 72' lang='lat' dir='ltr'><strong>exponeret.</strong></span> <span class='ocrx_word' id='word_1_703' title='bbox 966 5093 1072 5148; x_wconf 91' lang='lat' dir='ltr'><strong>Sed</strong></span> <span class='ocrx_word' id='word_1_704' title='bbox 1097 5103 1150 5149; x_wconf 90' lang='lat' dir='ltr'><strong>et</strong></span> <span class='ocrx_word' id='word_1_705' title='bbox 1180 5093 1345 5151; x_wconf 90' lang='lat' dir='ltr'><strong>David</strong></span> <span class='ocrx_word' id='word_1_706' title='bbox 1372 5097 1447 5151; x_wconf 90' lang='lat' dir='ltr'><strong>ait</strong></span> <span class='ocrx_word' id='word_1_707' title='bbox 1471 5115 1484 5150; x_wconf 91' lang='lat'><strong>:</strong></span> <span class='ocrx_word' id='word_1_708' title='bbox 1505 5095 1711 5151; x_wconf 80' lang='lat' dir='ltr'><strong>Memor</strong></span> <span class='ocrx_word' id='word_1_709' title='bbox 1730 5096 1830 5167; x_wconf 85' lang='lat' dir='ltr'><strong>fuit</strong></span> <span class='ocrx_word' id='word_1_710' title='bbox 1860 5098 1913 5150; x_wconf 88' lang='lat' dir='ltr'><strong>in</strong></span> <span class='ocrx_word' id='word_1_711' title='bbox 1938 5096 2188 5151; x_wconf 78' lang='lat' dir='ltr'><strong>steculum</strong></span> 
     </span>
    </p>
   </div>
   <div class='ocr_carea' id='block_1_96' title="bbox 616 5186 2251 5257">
    <p class='ocr_par' dir='ltr' id='par_1_96' title="bbox 616 5186 2251 5257">
     <span class='ocr_line' id='line_1_96' title="bbox 616 5186 2251 5257; baseline 0.001 -17"><span class='ocrx_word' id='word_1_712' title='bbox 616 5186 914 5240; x_wconf 89' lang='lat' dir='ltr'><strong>testamenti</strong></span> <span class='ocrx_word' id='word_1_713' title='bbox 957 5187 1039 5240; x_wconf 88' lang='lat' dir='ltr'><strong>sui</strong></span> <span class='ocrx_word' id='word_1_714' title='bbox 1075 5187 1168 5241; x_wconf 77' lang='lat' dir='ltr'><strong>&quot;z</strong></span> <span class='ocrx_word' id='word_1_715' title='bbox 1216 5188 1365 5243; x_wconf 88' lang='lat' dir='ltr'><strong>verbi</strong></span> <span class='ocrx_word' id='word_1_716' title='bbox 1409 5189 1554 5257; x_wconf 90' lang='lat' dir='ltr'><strong>quod</strong></span> <span class='ocrx_word' id='word_1_717' title='bbox 1608 5188 1887 5243; x_wconf 83' lang='lat' dir='ltr'><strong>mandavit</strong></span> <span class='ocrx_word' id='word_1_718' title='bbox 1938 5189 1993 5243; x_wconf 90' lang='lat' dir='ltr'><strong>in</strong></span> <span class='ocrx_word' id='word_1_719' title='bbox 2041 5189 2188 5243; x_wconf 90' lang='lat' dir='ltr'><strong>mille</strong></span> <span class='ocrx_word' id='word_1_720' title='bbox 2250 5190 2251 5193; x_wconf 64' lang='grc'><em>“</em></span> 
     </span>
    </p>
   </div>
   <div class='ocr_carea' id='block_1_97' title="bbox 615 5276 2187 5350">
    <p class='ocr_par' dir='ltr' id='par_1_97' title="bbox 615 5276 2187 5350">
     <span class='ocr_line' id='line_1_97' title="bbox 615 5276 2187 5350; baseline 0.003 -19"><span class='ocrx_word' id='word_1_721' title='bbox 615 5276 1017 5348; x_wconf 71' lang='lat' dir='ltr'><strong>generationes,</strong></span> <span class='ocrx_word' id='word_1_722' title='bbox 1052 5277 1445 5347; x_wconf 88' lang='lat' dir='ltr'><strong>perfectionem</strong></span> <span class='ocrx_word' id='word_1_723' title='bbox 1487 5279 1683 5334; x_wconf 87' lang='lat' dir='ltr'><strong>divina</strong></span> <span class='ocrx_word' id='word_1_724' title='bbox 1727 5279 1878 5350; x_wconf 86' lang='lat' dir='ltr'><strong>legis,</strong></span> <span class='ocrx_word' id='word_1_725' title='bbox 1910 5289 1964 5335; x_wconf 90' lang='lat' dir='ltr'><strong>et</strong></span> <span class='ocrx_word' id='word_1_726' title='bbox 1995 5296 2187 5335; x_wconf 91' lang='lat' dir='ltr'><strong>eorum</strong></span> 
     </span>
    </p>
   </div>
   <div class='ocr_carea' id='block_1_98' title="bbox 614 5366 2187 5442">
    <p class='ocr_par' dir='ltr' id='par_1_98' title="bbox 614 5366 2187 5442">
     <span class='ocr_line' id='line_1_98' title="bbox 614 5366 2187 5442; baseline 0.004 -22"><span class='ocrx_word' id='word_1_727' title='bbox 614 5366 708 5441; x_wconf 88' lang='lat' dir='ltr'><strong>qui</strong></span> <span class='ocrx_word' id='word_1_728' title='bbox 766 5368 937 5438; x_wconf 88' lang='lat' dir='ltr'><strong>legem</strong></span> <span class='ocrx_word' id='word_1_729' title='bbox 991 5370 1400 5439; x_wconf 90' lang='lat' dir='ltr'><strong>percipiebant,</strong></span> <span class='ocrx_word' id='word_1_730' title='bbox 1458 5385 1554 5438; x_wconf 89' lang='lat' dir='ltr'><strong>per</strong></span> <span class='ocrx_word' id='word_1_731' title='bbox 1607 5370 1757 5425; x_wconf 88' lang='lat' dir='ltr'><strong>mille</strong></span> <span class='ocrx_word' id='word_1_732' title='bbox 1807 5372 2187 5442; x_wconf 84' lang='lat' dir='ltr'><strong>generationes</strong></span> 
     </span>
    </p>
   </div>
   <div class='ocr_carea' id='block_1_99' title="bbox 612 5458 2186 5532">
    <p class='ocr_par' dir='ltr' id='par_1_99' title="bbox 612 5458 2186 5532">
     <span class='ocr_line' id='line_1_99' title="bbox 612 5458 2186 5532; baseline -0.001 -16"><span class='ocrx_word' id='word_1_733' title='bbox 612 5458 930 5516; x_wconf 87' lang='lat' dir='ltr'><strong>ostendens.</strong></span> <span class='ocrx_word' id='word_1_734' title='bbox 966 5459 1008 5513; x_wconf 88' lang='lat' dir='ltr'><strong>A</strong></span> <span class='ocrx_word' id='word_1_735' title='bbox 1047 5460 1237 5531; x_wconf 87' lang='lat' dir='ltr'><strong>viginti</strong></span> <span class='ocrx_word' id='word_1_736' title='bbox 1284 5470 1465 5514; x_wconf 91' lang='lat' dir='ltr'><strong>autem</strong></span> <span class='ocrx_word' id='word_1_737' title='bbox 1508 5462 1666 5515; x_wconf 91' lang='lat' dir='ltr'><strong>annis</strong></span> <span class='ocrx_word' id='word_1_738' title='bbox 1706 5477 1879 5532; x_wconf 88' lang='lat' dir='ltr'><strong>usque</strong></span> <span class='ocrx_word' id='word_1_739' title='bbox 1917 5463 1984 5517; x_wconf 89' lang='lat' dir='ltr'><strong>ad</strong></span> <span class='ocrx_word' id='word_1_740' title='bbox 2028 5478 2186 5517; x_wconf 83' lang='lat' dir='ltr'><strong>sexa—</strong></span> 
     </span>
    </p>
   </div>
   <div class='ocr_carea' id='block_1_100' title="bbox 612 5547 2186 5623">
    <p class='ocr_par' dir='ltr' id='par_1_100' title="bbox 612 5547 2186 5623">
     <span class='ocr_line' id='line_1_100' title="bbox 612 5547 2186 5623; baseline 0.003 -21"><span class='ocrx_word' id='word_1_741' title='bbox 612 5547 763 5621; x_wconf 81' lang='lat' dir='ltr'><strong>ginta</strong></span> <span class='ocrx_word' id='word_1_742' title='bbox 793 5564 991 5615; x_wconf 89' lang='lat' dir='ltr'><strong>annos,</strong></span> <span class='ocrx_word' id='word_1_743' title='bbox 1022 5549 1162 5605; x_wconf 87' lang='lat' dir='ltr'><strong>intra</strong></span> <span class='ocrx_word' id='word_1_744' title='bbox 1203 5550 1319 5606; x_wconf 82' lang='lat' dir='ltr'><strong>hac</strong></span> <span class='ocrx_word' id='word_1_745' title='bbox 1356 5550 1502 5606; x_wconf 92' lang='lat' dir='ltr'><strong>enim</strong></span> <span class='ocrx_word' id='word_1_746' title='bbox 1550 5559 1813 5623; x_wconf 88' lang='lat' dir='ltr'><strong>tempora,</strong></span> <span class='ocrx_word' id='word_1_747' title='bbox 1842 5563 1974 5608; x_wconf 85' lang='lat' dir='ltr'><strong>atas</strong></span> <span class='ocrx_word' id='word_1_748' title='bbox 2003 5562 2063 5609; x_wconf 89' lang='lat' dir='ltr'><strong>et</strong></span> <span class='ocrx_word' id='word_1_749' title='bbox 2099 5554 2186 5607; x_wconf 85' lang='lat' dir='ltr'><strong>in-</strong></span> 
     </span>
    </p>
   </div>
   <div class='ocr_carea' id='block_1_101' title="bbox 2291 4637 3790 4710">
    <p class='ocr_par' dir='ltr' id='par_1_101' title="bbox 2291 4637 3790 4710">
     <span class='ocr_line' id='line_1_101' title="bbox 2291 4637 3790 4710; baseline -0.008 -18"><span class='ocrx_word' id='word_1_750' title='bbox 2291 4638 2372 4693; x_wconf 78' lang='lat' dir='ltr'><strong>lus</strong></span> <span class='ocrx_word' id='word_1_751' title='bbox 2418 4640 2563 4692; x_wconf 85' lang='lat' dir='ltr'><strong>dabit</strong></span> <span class='ocrx_word' id='word_1_752' title='bbox 2604 4639 2788 4710; x_wconf 83' lang='lat' dir='ltr'><strong>viginti</strong></span> <span class='ocrx_word' id='word_1_753' title='bbox 2826 4640 3000 4693; x_wconf 69' lang='grc' dir='ltr'><strong>δίε-[οδ.</strong></span> <span class='ocrx_word' id='word_1_754' title='bbox 3048 4641 3194 4707; x_wconf 84' lang='lat' dir='ltr'><strong>Sive,</strong></span> <span class='ocrx_word' id='word_1_755' title='bbox 3231 4653 3290 4697; x_wconf 88' lang='lat' dir='ltr'><strong>ut</strong></span> <span class='ocrx_word' id='word_1_756' title='bbox 3321 4643 3481 4706; x_wconf 78' lang='lat' dir='ltr'><strong>LXX,</strong></span> <span class='ocrx_word' id='word_1_757' title='bbox 3511 4637 3790 4694; x_wconf 75' lang='lat' dir='ltr'><strong>didrachmas.</strong></span> 
     </span>
    </p>
   </div>
   <div class='ocr_carea' id='block_1_102' title="bbox 2293 4728 3793 4804">
    <p class='ocr_par' dir='ltr' id='par_1_102' title="bbox 2293 4728 3793 4804">
     <span class='ocr_line' id='line_1_102' title="bbox 2293 4728 3793 4804; baseline -0.005 -21"><span class='ocrx_word' id='word_1_758' title='bbox 2293 4728 2391 4784; x_wconf 77' lang='lat' dir='ltr'><strong>llic</strong></span> <span class='ocrx_word' id='word_1_759' title='bbox 2426 4746 2552 4783; x_wconf 91' lang='lat' dir='ltr'><strong>eum</strong></span> <span class='ocrx_word' id='word_1_760' title='bbox 2581 4730 2672 4801; x_wconf 92' lang='lat' dir='ltr'><strong>qui</strong></span> <span class='ocrx_word' id='word_1_761' title='bbox 2703 4731 2939 4786; x_wconf 85' lang='lat' dir='ltr'><strong>necdum</strong></span> <span class='ocrx_word' id='word_1_762' title='bbox 2975 4733 3194 4801; x_wconf 91' lang='lat' dir='ltr'><strong>quidem</strong></span> <span class='ocrx_word' id='word_1_763' title='bbox 3234 4744 3318 4788; x_wconf 90' lang='lat' dir='ltr'><strong>est</strong></span> <span class='ocrx_word' id='word_1_764' title='bbox 3357 4734 3628 4804; x_wconf 84' lang='lat' dir='ltr'><strong>perfectus,</strong></span> <span class='ocrx_word' id='word_1_765' title='bbox 3653 4736 3793 4778; x_wconf 75' lang='lat' dir='ltr'><strong>sensa-</strong></span> 
     </span>
    </p>
   </div>
   <div class='ocr_carea' id='block_1_103' title="bbox 2292 4817 3789 4894">
    <p class='ocr_par' dir='ltr' id='par_1_103' title="bbox 2292 4817 3789 4894">
     <span class='ocr_line' id='line_1_103' title="bbox 2292 4817 3789 4894; baseline -0.003 -20"><span class='ocrx_word' id='word_1_766' title='bbox 2292 4830 2408 4875; x_wconf 91' lang='lat' dir='ltr'><strong>tum</strong></span> <span class='ocrx_word' id='word_1_767' title='bbox 2487 4830 2668 4876; x_wconf 86' lang='lat' dir='ltr'><strong>tamen</strong></span> <span class='ocrx_word' id='word_1_768' title='bbox 2745 4822 3021 4878; x_wconf 87' lang='lat' dir='ltr'><strong>hominem</strong></span> <span class='ocrx_word' id='word_1_769' title='bbox 3086 4825 3255 4891; x_wconf 89' lang='lat' dir='ltr'><strong>dicit,</strong></span> <span class='ocrx_word' id='word_1_770' title='bbox 3323 4836 3380 4880; x_wconf 91' lang='lat' dir='ltr'><strong>et</strong></span> <span class='ocrx_word' id='word_1_771' title='bbox 3441 4824 3527 4894; x_wconf 91' lang='lat' dir='ltr'><strong>qui</strong></span> <span class='ocrx_word' id='word_1_772' title='bbox 3588 4817 3789 4890; x_wconf 79' lang='lat' dir='ltr'><strong>proﬁcere</strong></span> 
     </span>
    </p>
   </div>
   <div class='ocr_carea' id='block_1_104' title="bbox 2291 4912 3789 4986">
    <p class='ocr_par' dir='ltr' id='par_1_104' title="bbox 2291 4912 3789 4986">
     <span class='ocr_line' id='line_1_104' title="bbox 2291 4912 3789 4986; baseline -0.01 -17"><span class='ocrx_word' id='word_1_773' title='bbox 2291 4912 2457 4984; x_wconf 75' lang='lat' dir='ltr'><strong>capit</strong></span> <span class='ocrx_word' id='word_1_774' title='bbox 2490 4932 2504 4967; x_wconf 90' lang='lat'><strong>:</strong></span> <span class='ocrx_word' id='word_1_775' title='bbox 2540 4929 2737 4969; x_wconf 89' lang='lat' dir='ltr'><strong>sensus</strong></span> <span class='ocrx_word' id='word_1_776' title='bbox 2770 4915 2915 4969; x_wconf 90' lang='lat' dir='ltr'><strong>enim</strong></span> <span class='ocrx_word' id='word_1_777' title='bbox 2958 4931 3055 4986; x_wconf 92' lang='lat' dir='ltr'><strong>per</strong></span> <span class='ocrx_word' id='word_1_778' title='bbox 3091 4932 3379 4971; x_wconf 88' lang='lat' dir='ltr'><strong>numerum</strong></span> <span class='ocrx_word' id='word_1_779' title='bbox 3418 4918 3631 4986; x_wconf 85' lang='lat' dir='ltr'><strong>quinque</strong></span> <span class='ocrx_word' id='word_1_780' title='bbox 3658 4919 3789 4960; x_wconf 82' lang='lat' dir='ltr'><strong>anno-</strong></span> 
     </span>
    </p>
   </div>
   <div class='ocr_carea' id='block_1_105' title="bbox 2292 5005 3781 5074">
    <p class='ocr_par' dir='ltr' id='par_1_105' title="bbox 2292 5005 3781 5074">
     <span class='ocr_line' id='line_1_105' title="bbox 2292 5005 3781 5074; baseline -0.005 -17"><span class='ocrx_word' id='word_1_781' title='bbox 2292 5019 2414 5058; x_wconf 91' lang='lat' dir='ltr'><strong>rum</strong></span> <span class='ocrx_word' id='word_1_782' title='bbox 2444 5005 2645 5070; x_wconf 90' lang='lat' dir='ltr'><strong>innuit,</strong></span> <span class='ocrx_word' id='word_1_783' title='bbox 2673 5005 2765 5074; x_wconf 90' lang='lat' dir='ltr'><strong>qui</strong></span> <span class='ocrx_word' id='word_1_784' title='bbox 2796 5016 2873 5060; x_wconf 87' lang='lat' dir='ltr'><strong>tot</strong></span> <span class='ocrx_word' id='word_1_785' title='bbox 2900 5017 3029 5061; x_wconf 92' lang='lat' dir='ltr'><strong>sunt</strong></span> <span class='ocrx_word' id='word_1_786' title='bbox 3056 5022 3309 5062; x_wconf 86' lang='lat' dir='ltr'><strong>numero.</strong></span> <span class='ocrx_word' id='word_1_787' title='bbox 3340 5009 3597 5063; x_wconf 86' lang='lat' dir='ltr'><strong>Perfectus</strong></span> <span class='ocrx_word' id='word_1_788' title='bbox 3616 5008 3781 5053; x_wconf 86' lang='lat' dir='ltr'><strong>autem:</strong></span> 
     </span>
    </p>
   </div>
   <div class='ocr_carea' id='block_1_106' title="bbox 2291 5094 3782 5168">
    <p class='ocr_par' dir='ltr' id='par_1_106' title="bbox 2291 5094 3782 5168">
     <span class='ocr_line' id='line_1_106' title="bbox 2291 5094 3782 5168; baseline -0.006 -18"><span class='ocrx_word' id='word_1_789' title='bbox 2291 5097 2385 5166; x_wconf 89' lang='lat' dir='ltr'><strong>qui</strong></span> <span class='ocrx_word' id='word_1_790' title='bbox 2435 5097 2502 5152; x_wconf 89' lang='lat' dir='ltr'><strong>ad</strong></span> <span class='ocrx_word' id='word_1_791' title='bbox 2549 5098 2893 5168; x_wconf 91' lang='lat' dir='ltr'><strong>juventutem</strong></span> <span class='ocrx_word' id='word_1_792' title='bbox 2948 5100 3142 5165; x_wconf 91' lang='lat' dir='ltr'><strong>tendit,</strong></span> <span class='ocrx_word' id='word_1_793' title='bbox 3178 5110 3234 5155; x_wconf 90' lang='lat' dir='ltr'><strong>et</strong></span> <span class='ocrx_word' id='word_1_794' title='bbox 3280 5102 3347 5155; x_wconf 90' lang='lat' dir='ltr'><strong>ad</strong></span> <span class='ocrx_word' id='word_1_795' title='bbox 3398 5094 3782 5167; x_wconf 74' lang='lat' dir='ltr'><strong>perfectisrem,a</strong></span> 
     </span>
    </p>
   </div>
   <div class='ocr_carea' id='block_1_107' title="bbox 2290 5187 3775 5262">
    <p class='ocr_par' dir='ltr' id='par_1_107' title="bbox 2290 5187 3775 5262">
     <span class='ocr_line' id='line_1_107' title="bbox 2290 5187 3775 5262; baseline -0.019 -3"><span class='ocrx_word' id='word_1_796' title='bbox 2290 5190 2533 5260; x_wconf 74' lang='grc' dir='ltr'><strong>(ιιιῑηψιθ</strong></span> <span class='ocrx_word' id='word_1_797' title='bbox 2566 5191 2745 5256; x_wconf 55' lang='lat' dir='ltr'><strong>annis.</strong></span> <span class='ocrx_word' id='word_1_798' title='bbox 2777 5200 2831 5245; x_wconf 75' lang='grc' dir='ltr'><strong>Θῑ</strong></span> <span class='ocrx_word' id='word_1_799' title='bbox 2860 5207 3029 5262; x_wconf 85' lang='lat' dir='ltr'><strong>usque</strong></span> <span class='ocrx_word' id='word_1_800' title='bbox 3060 5194 3127 5248; x_wconf 86' lang='lat' dir='ltr'><strong>ad</strong></span> <span class='ocrx_word' id='word_1_801' title='bbox 3159 5194 3472 5249; x_wconf 84' lang='lat' dir='ltr'><strong>vicesimum</strong></span> <span class='ocrx_word' id='word_1_802' title='bbox 3504 5199 3675 5243; x_wconf 83' lang='lat' dir='ltr'><strong>annum</strong></span> <span class='ocrx_word' id='word_1_803' title='bbox 3705 5187 3775 5233; x_wconf 83' lang='lat' dir='ltr'><strong>est.</strong></span> 
     </span>
    </p>
   </div>
   <div class='ocr_carea' id='block_1_108' title="bbox 2293 5280 3777 5353">
    <p class='ocr_par' dir='ltr' id='par_1_108' title="bbox 2293 5280 3777 5353">
     <span class='ocr_line' id='line_1_108' title="bbox 2293 5280 3777 5353; baseline 0.001 -19"><span class='ocrx_word' id='word_1_804' title='bbox 2293 5282 2494 5353; x_wconf 85' lang='lat' dir='ltr'><strong>Viginti</strong></span> <span class='ocrx_word' id='word_1_805' title='bbox 2540 5284 2685 5338; x_wconf 91' lang='lat' dir='ltr'><strong>enim</strong></span> <span class='ocrx_word' id='word_1_806' title='bbox 2722 5299 3015 5346; x_wconf 88' lang='lat' dir='ltr'><strong>annorum,</strong></span> <span class='ocrx_word' id='word_1_807' title='bbox 3053 5286 3198 5341; x_wconf 90' lang='lat' dir='ltr'><strong>inter</strong></span> <span class='ocrx_word' id='word_1_808' title='bbox 3228 5286 3397 5339; x_wconf 88' lang='lat' dir='ltr'><strong>fortes</strong></span> <span class='ocrx_word' id='word_1_809' title='bbox 3424 5283 3568 5339; x_wconf 90' lang='lat' dir='ltr'><strong>etiam</strong></span> <span class='ocrx_word' id='word_1_810' title='bbox 3596 5280 3777 5346; x_wconf 62' lang='lat' dir='ltr'><strong>pugnare</strong></span> 
     </span>
    </p>
   </div>
   <div class='ocr_carea' id='block_1_109' title="bbox 2292 5360 3778 5446">
    <p class='ocr_par' dir='ltr' id='par_1_109' title="bbox 2292 5360 3778 5446">
     <span class='ocr_line' id='line_1_109' title="bbox 2292 5360 3778 5446; baseline -0.003 -21"><span class='ocrx_word' id='word_1_811' title='bbox 2292 5375 2479 5428; x_wconf 88' lang='lat' dir='ltr'><strong>valens</strong></span> <span class='ocrx_word' id='word_1_812' title='bbox 2503 5383 2821 5429; x_wconf 89' lang='lat' dir='ltr'><strong>numeratus</strong></span> <span class='ocrx_word' id='word_1_813' title='bbox 2845 5385 2927 5429; x_wconf 91' lang='lat' dir='ltr'><strong>est</strong></span> <span class='ocrx_word' id='word_1_814' title='bbox 2951 5392 2981 5429; x_wconf 90' lang='lat' dir='ltr'><strong>a</strong></span> <span class='ocrx_word' id='word_1_815' title='bbox 3013 5376 3151 5446; x_wconf 87' lang='lat' dir='ltr'><strong>lege,</strong></span> <span class='ocrx_word' id='word_1_816' title='bbox 3177 5378 3316 5431; x_wconf 86' lang='lat' dir='ltr'><strong>sicut</strong></span> <span class='ocrx_word' id='word_1_817' title='bbox 3339 5375 3657 5430; x_wconf 86' lang='lat' dir='ltr'><strong>Numerorum</strong></span> <span class='ocrx_word' id='word_1_818' title='bbox 3679 5360 3778 5413; x_wconf 67' lang='lat' dir='ltr'><strong>liber</strong></span> 
     </span>
    </p>
   </div>
   <div class='ocr_carea' id='block_1_110' title="bbox 2292 5456 3771 5540">
    <p class='ocr_par' dir='ltr' id='par_1_110' title="bbox 2292 5456 3771 5540">
     <span class='ocr_line' id='line_1_110' title="bbox 2292 5456 3771 5540; baseline -0.009 -22"><span class='ocrx_word' id='word_1_819' title='bbox 2292 5465 2554 5521; x_wconf 90' lang='lat' dir='ltr'><strong>ostendit.</strong></span> <span class='ocrx_word' id='word_1_820' title='bbox 2600 5463 2773 5535; x_wconf 82' lang='lat' dir='ltr'><strong>Hujus</strong></span> <span class='ocrx_word' id='word_1_821' title='bbox 2823 5482 2953 5537; x_wconf 90' lang='lat' dir='ltr'><strong>ergo</strong></span> <span class='ocrx_word' id='word_1_822' title='bbox 2993 5469 3228 5536; x_wconf 89' lang='lat' dir='ltr'><strong>pretium</strong></span> <span class='ocrx_word' id='word_1_823' title='bbox 3274 5467 3454 5540; x_wconf 83' lang='lat' dir='ltr'><strong>viginti</strong></span> <span class='ocrx_word' id='word_1_824' title='bbox 3496 5456 3771 5518; x_wconf 61' lang='lat' dir='ltr'><strong>didrachmt,</strong></span> 
     </span>
    </p>
   </div>
   <div class='ocr_carea' id='block_1_111' title="bbox 2294 5540 3767 5630">
    <p class='ocr_par' dir='ltr' id='par_1_111' title="bbox 2294 5540 3767 5630">
     <span class='ocr_line' id='line_1_111' title="bbox 2294 5540 3767 5630; baseline -0.007 -20"><span class='ocrx_word' id='word_1_825' title='bbox 2294 5555 2348 5610; x_wconf 89' lang='lat' dir='ltr'><strong>id</strong></span> <span class='ocrx_word' id='word_1_826' title='bbox 2405 5565 2488 5610; x_wconf 90' lang='lat' dir='ltr'><strong>est</strong></span> <span class='ocrx_word' id='word_1_827' title='bbox 2539 5557 2812 5613; x_wconf 83' lang='lat' dir='ltr'><strong>drachma</strong></span> <span class='ocrx_word' id='word_1_828' title='bbox 2857 5560 3217 5630; x_wconf 87' lang='lat' dir='ltr'><strong>quadraginta</strong></span> <span class='ocrx_word' id='word_1_829' title='bbox 3267 5561 3409 5616; x_wconf 88' lang='lat' dir='ltr'><strong>oboli</strong></span> <span class='ocrx_word' id='word_1_830' title='bbox 3444 5540 3767 5627; x_wconf 71' lang='lat' dir='ltr'><strong>quadringenti-</strong></span> 
     </span>
    </p>
   </div>
   <div class='ocr_carea' id='block_1_112' title="bbox 694 5712 2183 5805">
    <p class='ocr_par' dir='ltr' id='par_1_112' title="bbox 694 5729 2179 5805">
     <span class='ocr_line' id='line_1_112' title="bbox 694 5729 2179 5805; baseline -0.002 -17"><span class='ocrx_word' id='word_1_831' title='bbox 694 5732 734 5805; x_wconf 59' lang='lat' dir='ltr'><strong>ff</strong></span> <span class='ocrx_word' id='word_1_832' title='bbox 754 5734 1057 5805; x_wconf 50' lang='lat' dir='ltr'><strong>Lanuvini,</strong></span> <span class='ocrx_word' id='word_1_833' title='bbox 1082 5730 1172 5790; x_wconf 77' lang='lat' dir='ltr'><strong>il.</strong></span> <span class='ocrx_word' id='word_1_834' title='bbox 1247 5734 1291 5765; x_wconf 83' lang='grc'><strong>¹⁸</strong></span> <span class='ocrx_word' id='word_1_835' title='bbox 1316 5731 1452 5786; x_wconf 88' lang='lat' dir='ltr'><strong>Dan.</strong></span> <span class='ocrx_word' id='word_1_836' title='bbox 1477 5745 1572 5796; x_wconf 87' lang='lat' dir='ltr'><strong>vn,</strong></span> <span class='ocrx_word' id='word_1_837' title='bbox 1606 5732 1693 5784; x_wconf 75' lang='lat' dir='ltr'><strong>to.</strong></span> <span class='ocrx_word' id='word_1_838' title='bbox 1759 5731 1800 5763; x_wconf 78' lang='grc'>⁸⁸</span> <span class='ocrx_word' id='word_1_839' title='bbox 1828 5729 1969 5787; x_wconf 90' lang='lat' dir='ltr'><strong>Psal.</strong></span> <span class='ocrx_word' id='word_1_840' title='bbox 2010 5747 2114 5798; x_wconf 76' lang='lat' dir='ltr'><strong>CW,</strong></span> <span class='ocrx_word' id='word_1_841' title='bbox 2147 5732 2179 5786; x_wconf 90' lang='lat'><strong>8</strong></span> 
     </span>
    </p>
   </div>
   <div class='ocr_carea' id='block_1_113' title="bbox 2277 5712 3764 5805">
    <p class='ocr_par' dir='ltr' id='par_1_113' title="bbox 2279 5712 3764 5805">
     <span class='ocr_line' id='line_1_113' title="bbox 2279 5712 3764 5805; baseline -0.007 -16"><span class='ocrx_word' id='word_1_842' title='bbox 2279 5732 2323 5764; x_wconf 83' lang='lat'><strong>&quot;</strong></span> <span class='ocrx_word' id='word_1_843' title='bbox 2344 5730 2535 5789; x_wconf 86' lang='lat' dir='ltr'><strong>Matth.</strong></span> <span class='ocrx_word' id='word_1_844' title='bbox 2580 5748 2632 5800; x_wconf 89' lang='lat' dir='ltr'><strong>v,</strong></span> <span class='ocrx_word' id='word_1_845' title='bbox 2660 5733 2749 5791; x_wconf 72' lang='grc'><strong>48.</strong></span> <span class='ocrx_word' id='word_1_846' title='bbox 2812 5738 2854 5769; x_wconf 81' lang='grc'>¹¹</span> <span class='ocrx_word' id='word_1_847' title='bbox 2896 5736 3056 5794; x_wconf 84' lang='lat' dir='ltr'><strong>Prov.</strong></span> <span class='ocrx_word' id='word_1_848' title='bbox 3092 5754 3240 5805; x_wconf 72' lang='lat' dir='ltr'><strong>xxxi,</strong></span> <span class='ocrx_word' id='word_1_849' title='bbox 3280 5739 3362 5792; x_wconf 86' lang='grc'><strong>10.</strong></span> <span class='ocrx_word' id='word_1_850' title='bbox 3434 5712 3764 5787; x_wconf 71' lang='lat' dir='ltr'><strong>&quot;ITim.V.9-</strong></span> 
     </span>
    </p>
   </div>
   <div class='ocr_carea' id='block_1_114' title="bbox 617 5802 947 5859">
    <p class='ocr_par' dir='ltr' id='par_1_114' title="bbox 617 5802 947 5859">
     <span class='ocr_line' id='line_1_114' title="bbox 617 5802 947 5859; baseline 0 -2"><span class='ocrx_word' id='word_1_851' title='bbox 617 5802 666 5837; x_wconf 81' lang='grc'><strong>⁸⁸</strong></span> <span class='ocrx_word' id='word_1_852' title='bbox 694 5802 823 5858; x_wconf 85' lang='lat' dir='ltr'><strong>ibid.</strong></span> <span class='ocrx_word' id='word_1_853' title='bbox 860 5804 947 5859; x_wconf 79' lang='grc'><strong>10.</strong></span> 
     </span>
    </p>
   </div>
  </div>
