  <div class='ocr_page' id='page_1' title='image "/cluster/home/n/w/nwhite01/storage/ocr_20150623/93/hvd.32044019208040/588.png"; bbox 0 0 4032 6434; ppageno 0'>
   <div class='ocr_carea' id='block_1_1' title="bbox 283 406 1867 475">
    <p class='ocr_par' dir='ltr' id='par_1_1' title="bbox 283 406 1867 475">
     <span class='ocr_line' id='line_1_1' title="bbox 283 406 1867 475; baseline -0.003 -1"><span class='ocrx_word' id='word_1_1' title='bbox 283 406 417 475; x_wconf 72' lang='lat'><strong>1161</strong></span> <span class='ocrx_word' id='word_1_2' title='bbox 1414 409 1496 472; x_wconf 84' lang='lat' dir='ltr'><strong>IN</strong></span> <span class='ocrx_word' id='word_1_3' title='bbox 1537 408 1867 472; x_wconf 83' lang='lat' dir='ltr'><strong>LEVITICI</strong></span> 
     </span>
    </p>
   </div>
   <div class='ocr_carea' id='block_1_2' title="bbox 1971 406 3549 475">
    <p class='ocr_par' dir='ltr' id='par_1_2' title="bbox 1971 406 3549 473">
     <span class='ocr_line' id='line_1_2' title="bbox 1971 406 3549 473; baseline 0.001 -2"><span class='ocrx_word' id='word_1_4' title='bbox 1971 432 2073 471; x_wconf 86' lang='lat'><strong>.-</strong></span> <span class='ocrx_word' id='word_1_5' title='bbox 2103 406 2249 470; x_wconf 82' lang='lat' dir='ltr'><strong>LIB.</strong></span> <span class='ocrx_word' id='word_1_6' title='bbox 2281 408 2411 471; x_wconf 76' lang='lat' dir='ltr'><strong>VII.</strong></span> <span class='ocrx_word' id='word_1_7' title='bbox 3410 407 3549 473; x_wconf 73' lang='lat'><strong>1162</strong></span> 
     </span>
    </p>
   </div>
   <div class='ocr_carea' id='block_1_3' title="bbox 275 522 3547 600">
    <p class='ocr_par' dir='ltr' id='par_1_3' title="bbox 275 522 3547 600">
     <span class='ocr_line' id='line_1_3' title="bbox 275 522 3547 600; baseline 0 -17"><span class='ocrx_word' id='word_1_8' title='bbox 275 527 619 598; x_wconf 81' lang='lat' dir='ltr'><strong>Jejuniorum</strong></span> <span class='ocrx_word' id='word_1_9' title='bbox 655 537 837 583; x_wconf 84' lang='lat' dir='ltr'><strong>autem</strong></span> <span class='ocrx_word' id='word_1_10' title='bbox 884 544 1024 600; x_wconf 86' lang='lat' dir='ltr'><strong>aque</strong></span> <span class='ocrx_word' id='word_1_11' title='bbox 1060 528 1325 584; x_wconf 90' lang='lat' dir='ltr'><strong>orationis</strong></span> <span class='ocrx_word' id='word_1_12' title='bbox 1364 528 1692 599; x_wconf 86' lang='lat' dir='ltr'><strong>profectum,</strong></span> <span class='ocrx_word' id='word_1_13' title='bbox 1727 543 1865 597; x_wconf 88' lang='lat' dir='ltr'><strong>qua-</strong></span> <span class='ocrx_word' id='word_1_14' title='bbox 1892 542 1937 597; x_wconf 69' lang='grc' dir='ltr'><strong>Α</strong></span> <span class='ocrx_word' id='word_1_15' title='bbox 1968 525 2242 581; x_wconf 73' lang='lat' dir='ltr'><strong>drachmae</strong></span> <span class='ocrx_word' id='word_1_16' title='bbox 2280 536 2428 592; x_wconf 89' lang='lat' dir='ltr'><strong>sunt,</strong></span> <span class='ocrx_word' id='word_1_17' title='bbox 2458 535 2518 581; x_wconf 92' lang='lat' dir='ltr'><strong>ut</strong></span> <span class='ocrx_word' id='word_1_18' title='bbox 2548 526 2603 581; x_wconf 91' lang='lat' dir='ltr'><strong>iu</strong></span> <span class='ocrx_word' id='word_1_19' title='bbox 2638 524 2917 599; x_wconf 81' lang='lat' dir='ltr'><strong>mysteriis</strong></span> <span class='ocrx_word' id='word_1_20' title='bbox 2942 522 3192 597; x_wconf 75' lang='lat' dir='ltr'><strong>duplices</strong></span> <span class='ocrx_word' id='word_1_21' title='bbox 3221 542 3417 583; x_wconf 80' lang='lat' dir='ltr'><strong>sensus</strong></span> <span class='ocrx_word' id='word_1_22' title='bbox 3450 531 3547 584; x_wconf 86' lang='lat' dir='ltr'><strong>ha-</strong></span> 
     </span>
    </p>
   </div>
   <div class='ocr_carea' id='block_1_4' title="bbox 276 616 3550 693">
    <p class='ocr_par' dir='ltr' id='par_1_4' title="bbox 276 616 3550 693">
     <span class='ocr_line' id='line_1_4' title="bbox 276 616 3550 693; baseline 0.001 -17"><span class='ocrx_word' id='word_1_23' title='bbox 276 622 527 693; x_wconf 85' lang='lat' dir='ltr'><strong>draginta</strong></span> <span class='ocrx_word' id='word_1_24' title='bbox 577 619 965 676; x_wconf 83' lang='lat' dir='ltr'><strong>drachmarum</strong></span> <span class='ocrx_word' id='word_1_25' title='bbox 1016 639 1279 678; x_wconf 89' lang='lat' dir='ltr'><strong>numerus</strong></span> <span class='ocrx_word' id='word_1_26' title='bbox 1318 622 1605 693; x_wconf 91' lang='lat' dir='ltr'><strong>signiﬁcat,</strong></span> <span class='ocrx_word' id='word_1_27' title='bbox 1646 621 1773 692; x_wconf 85' lang='lat' dir='ltr'><strong>quia</strong></span> <span class='ocrx_word' id='word_1_28' title='bbox 1811 630 1868 676; x_wconf 89' lang='lat' dir='ltr'><strong>et</strong></span> <span class='ocrx_word' id='word_1_29' title='bbox 1968 620 2115 683; x_wconf 84' lang='lat' dir='ltr'><strong>beat,</strong></span> <span class='ocrx_word' id='word_1_30' title='bbox 2155 619 2207 674; x_wconf 92' lang='lat' dir='ltr'><strong>id</strong></span> <span class='ocrx_word' id='word_1_31' title='bbox 2246 628 2348 686; x_wconf 86' lang='lat' dir='ltr'><strong>est,</strong></span> <span class='ocrx_word' id='word_1_32' title='bbox 2390 630 2451 675; x_wconf 92' lang='lat' dir='ltr'><strong>ut</strong></span> <span class='ocrx_word' id='word_1_33' title='bbox 2482 632 2603 691; x_wconf 54' lang='lat' dir='ltr'><strong>quae</strong></span> <span class='ocrx_word' id='word_1_34' title='bbox 2649 619 2983 676; x_wconf 79' lang='lat' dir='ltr'><strong>sensibilit‘er</strong></span> <span class='ocrx_word' id='word_1_35' title='bbox 3013 616 3186 682; x_wconf 90' lang='lat' dir='ltr'><strong>audit.</strong></span> <span class='ocrx_word' id='word_1_36' title='bbox 3223 621 3342 677; x_wconf 57' lang='lat' dir='ltr'><strong>haec</strong></span> <span class='ocrx_word' id='word_1_37' title='bbox 3388 622 3550 678; x_wconf 85' lang='lat' dir='ltr'><strong>intel-</strong></span> 
     </span>
    </p>
   </div>
   <div class='ocr_carea' id='block_1_5' title="bbox 278 708 3554 786">
    <p class='ocr_par' dir='ltr' id='par_1_5' title="bbox 278 708 3554 786">
     <span class='ocr_line' id='line_1_5' title="bbox 278 708 3554 786; baseline 0.001 -19"><span class='ocrx_word' id='word_1_38' title='bbox 278 721 363 769; x_wconf 90' lang='lat' dir='ltr'><strong>tot</strong></span> <span class='ocrx_word' id='word_1_39' title='bbox 390 714 584 768; x_wconf 88' lang='lat' dir='ltr'><strong>diebus</strong></span> <span class='ocrx_word' id='word_1_40' title='bbox 609 712 890 783; x_wconf 87' lang='lat' dir='ltr'><strong>jejunasse</strong></span> <span class='ocrx_word' id='word_1_41' title='bbox 916 723 968 768; x_wconf 93' lang='lat' dir='ltr'><strong>et</strong></span> <span class='ocrx_word' id='word_1_42' title='bbox 995 714 1254 786; x_wconf 81' lang='lat' dir='ltr'><strong>Moysem,</strong></span> <span class='ocrx_word' id='word_1_43' title='bbox 1285 723 1341 769; x_wconf 82' lang='lat' dir='ltr'><strong>et</strong></span> <span class='ocrx_word' id='word_1_44' title='bbox 1370 713 1568 780; x_wconf 89' lang='lat' dir='ltr'><strong>Eliam,</strong></span> <span class='ocrx_word' id='word_1_45' title='bbox 1600 723 1657 769; x_wconf 90' lang='lat' dir='ltr'><strong>et</strong></span> <span class='ocrx_word' id='word_1_46' title='bbox 1686 713 1865 784; x_wconf 92' lang='lat' dir='ltr'><strong>ipsum</strong></span> <span class='ocrx_word' id='word_1_47' title='bbox 1968 708 2249 780; x_wconf 88' lang='lat' dir='ltr'><strong>ligibiiiter</strong></span> <span class='ocrx_word' id='word_1_48' title='bbox 2276 709 2559 779; x_wconf 77' lang='lat' dir='ltr'><strong>suscipiat.</strong></span> <span class='ocrx_word' id='word_1_49' title='bbox 2599 709 2659 764; x_wconf 89' lang='lat' dir='ltr'><strong>Si</strong></span> <span class='ocrx_word' id='word_1_50' title='bbox 2692 710 2857 765; x_wconf 89' lang='lat' dir='ltr'><strong>etiam</strong></span> <span class='ocrx_word' id='word_1_51' title='bbox 2887 708 3100 773; x_wconf 84' lang='lat' dir='ltr'><strong>videns.</strong></span> <span class='ocrx_word' id='word_1_52' title='bbox 3133 719 3189 767; x_wconf 87' lang='lat' dir='ltr'><strong>et</strong></span> <span class='ocrx_word' id='word_1_53' title='bbox 3220 722 3464 784; x_wconf 89' lang='lat' dir='ltr'><strong>gustans.</strong></span> <span class='ocrx_word' id='word_1_54' title='bbox 3497 721 3554 769; x_wconf 77' lang='lat' dir='ltr'><strong>et</strong></span> 
     </span>
    </p>
   </div>
   <div class='ocr_carea' id='block_1_6' title="bbox 279 800 3554 875">
    <p class='ocr_par' dir='ltr' id='par_1_6' title="bbox 279 800 3554 875">
     <span class='ocr_line' id='line_1_6' title="bbox 279 800 3554 875; baseline 0.001 -18"><span class='ocrx_word' id='word_1_55' title='bbox 279 804 574 859; x_wconf 86' lang='lat' dir='ltr'><strong>Dominum</strong></span> <span class='ocrx_word' id='word_1_56' title='bbox 621 805 949 868; x_wconf 90' lang='lat' dir='ltr'><strong>didicimus,</strong></span> <span class='ocrx_word' id='word_1_57' title='bbox 1000 806 1220 874; x_wconf 87' lang='lat' dir='ltr'><strong>quando</strong></span> <span class='ocrx_word' id='word_1_58' title='bbox 1273 822 1301 859; x_wconf 91' lang='lat' dir='ltr'><strong>a</strong></span> <span class='ocrx_word' id='word_1_59' title='bbox 1353 806 1568 861; x_wconf 89' lang='lat' dir='ltr'><strong>diabolo</strong></span> <span class='ocrx_word' id='word_1_60' title='bbox 1621 807 1869 861; x_wconf 87' lang='lat' dir='ltr'><strong>tentaba-</strong></span> <span class='ocrx_word' id='word_1_61' title='bbox 1967 800 2225 865; x_wconf 87' lang='lat' dir='ltr'><strong>odorans,</strong></span> <span class='ocrx_word' id='word_1_62' title='bbox 2256 809 2312 856; x_wconf 91' lang='lat' dir='ltr'><strong>et</strong></span> <span class='ocrx_word' id='word_1_63' title='bbox 2360 810 2612 873; x_wconf 87' lang='lat' dir='ltr'><strong>tangens,</strong></span> <span class='ocrx_word' id='word_1_64' title='bbox 2642 803 2897 872; x_wconf 83' lang='lat' dir='ltr'><strong>perducit</strong></span> <span class='ocrx_word' id='word_1_65' title='bbox 2934 802 3040 859; x_wconf 87' lang='lat' dir='ltr'><strong>hoc</strong></span> <span class='ocrx_word' id='word_1_66' title='bbox 3091 818 3217 859; x_wconf 92' lang='lat' dir='ltr'><strong>eum</strong></span> <span class='ocrx_word' id='word_1_67' title='bbox 3262 804 3328 859; x_wconf 91' lang='lat' dir='ltr'><strong>ad</strong></span> <span class='ocrx_word' id='word_1_68' title='bbox 3372 805 3554 875; x_wconf 87' lang='lat' dir='ltr'><strong>perfe-</strong></span> 
     </span>
    </p>
   </div>
   <div class='ocr_carea' id='block_1_7' title="bbox 279 893 3554 971">
    <p class='ocr_par' dir='ltr' id='par_1_7' title="bbox 279 893 3554 971">
     <span class='ocr_line' id='line_1_7' title="bbox 279 893 3554 971; baseline 0 -19"><span class='ocrx_word' id='word_1_69' title='bbox 279 908 374 952; x_wconf 92' lang='lat' dir='ltr'><strong>tur</strong></span> <span class='ocrx_word' id='word_1_70' title='bbox 398 897 463 951; x_wconf 73' lang='lat'><strong>&quot;.</strong></span> <span class='ocrx_word' id='word_1_71' title='bbox 496 895 1033 969; x_wconf 77' lang='lat' dir='ltr'><strong>Quadringentorum</strong></span> <span class='ocrx_word' id='word_1_72' title='bbox 1057 908 1239 953; x_wconf 86' lang='lat' dir='ltr'><strong>autem</strong></span> <span class='ocrx_word' id='word_1_73' title='bbox 1261 916 1524 954; x_wconf 91' lang='lat' dir='ltr'><strong>numerus</strong></span> <span class='ocrx_word' id='word_1_74' title='bbox 1547 899 1674 971; x_wconf 91' lang='lat' dir='ltr'><strong>quid</strong></span> <span class='ocrx_word' id='word_1_75' title='bbox 1698 896 1868 971; x_wconf 87' lang='lat' dir='ltr'><strong>signi-</strong></span> <span class='ocrx_word' id='word_1_76' title='bbox 1969 893 2231 955; x_wconf 71' lang='lat' dir='ltr'><strong>Cilonem.</strong></span> <span class='ocrx_word' id='word_1_77' title='bbox 2269 901 2497 963; x_wconf 69' lang='lat' dir='ltr'><strong>propter</strong></span> <span class='ocrx_word' id='word_1_78' title='bbox 2538 894 2684 963; x_wconf 73' lang='lat' dir='ltr'><strong>Quod</strong></span> <span class='ocrx_word' id='word_1_79' title='bbox 2730 902 2784 950; x_wconf 80' lang='grc' dir='ltr'><strong>ει</strong></span> <span class='ocrx_word' id='word_1_80' title='bbox 2828 904 3047 951; x_wconf 82' lang='lat' dir='ltr'><strong>centum</strong></span> <span class='ocrx_word' id='word_1_81' title='bbox 3093 898 3378 953; x_wconf 88' lang='lat' dir='ltr'><strong>obolorum</strong></span> <span class='ocrx_word' id='word_1_82' title='bbox 3426 916 3554 970; x_wconf 84' lang='lat' dir='ltr'><strong>pre-</strong></span> 
     </span>
    </p>
   </div>
   <div class='ocr_carea' id='block_1_8' title="bbox 279 984 3554 1063">
    <p class='ocr_par' dir='ltr' id='par_1_8' title="bbox 279 984 3554 1063">
     <span class='ocr_line' id='line_1_8' title="bbox 279 984 3554 1063; baseline 0.004 -19"><span class='ocrx_word' id='word_1_83' title='bbox 279 992 430 1053; x_wconf 89' lang='lat' dir='ltr'><strong>ﬁcet,</strong></span> <span class='ocrx_word' id='word_1_84' title='bbox 466 998 559 1045; x_wconf 89' lang='lat' dir='ltr'><strong>aut</strong></span> <span class='ocrx_word' id='word_1_85' title='bbox 591 1006 752 1059; x_wconf 86' lang='lat' dir='ltr'><strong>quam</strong></span> <span class='ocrx_word' id='word_1_86' title='bbox 789 990 1128 1045; x_wconf 83' lang='lat' dir='ltr'><strong>demonstret</strong></span> <span class='ocrx_word' id='word_1_87' title='bbox 1160 993 1651 1060; x_wconf 87' lang='lat' dir='ltr'><strong>conversationem,</strong></span> <span class='ocrx_word' id='word_1_88' title='bbox 1683 1004 1869 1051; x_wconf 86' lang='lat' dir='ltr'><strong>osten-</strong></span> <span class='ocrx_word' id='word_1_89' title='bbox 1971 984 2106 1039; x_wconf 76' lang='grc' dir='ltr'>ῑῖυῐη</span> <span class='ocrx_word' id='word_1_90' title='bbox 2138 984 2321 1041; x_wconf 64' lang='lat' dir='ltr'><strong>habeto</strong></span> <span class='ocrx_word' id='word_1_91' title='bbox 2361 985 2630 1042; x_wconf 65' lang='lat' dir='ltr'><strong>Numerus</strong></span> <span class='ocrx_word' id='word_1_92' title='bbox 2658 996 2865 1054; x_wconf 60' lang='lat' dir='ltr'><strong>autem.</strong></span> <span class='ocrx_word' id='word_1_93' title='bbox 2897 988 3039 1044; x_wconf 62' lang='lat' dir='ltr'><strong>Sicut</strong></span> <span class='ocrx_word' id='word_1_94' title='bbox 3060 990 3263 1045; x_wconf 61' lang='lat' dir='ltr'><strong>dictum</strong></span> <span class='ocrx_word' id='word_1_95' title='bbox 3294 1002 3395 1057; x_wconf 72' lang='grc' dir='ltr'>εει,</span> <span class='ocrx_word' id='word_1_96' title='bbox 3432 1009 3554 1063; x_wconf 73' lang='grc' dir='ltr'><strong>νοτ-</strong></span> 
     </span>
    </p>
   </div>
   <div class='ocr_carea' id='block_1_9' title="bbox 276 1081 1867 1156">
    <p class='ocr_par' dir='ltr' id='par_1_9' title="bbox 276 1081 1867 1156">
     <span class='ocr_line' id='line_1_9' title="bbox 276 1081 1867 1156; baseline 0.003 -19"><span class='ocrx_word' id='word_1_97' title='bbox 276 1082 366 1137; x_wconf 90' lang='lat' dir='ltr'><strong>dit</strong></span> <span class='ocrx_word' id='word_1_98' title='bbox 390 1081 532 1151; x_wconf 86' lang='lat' dir='ltr'><strong>quod</strong></span> <span class='ocrx_word' id='word_1_99' title='bbox 561 1082 767 1136; x_wconf 89' lang='lat' dir='ltr'><strong>dictum</strong></span> <span class='ocrx_word' id='word_1_100' title='bbox 794 1091 876 1137; x_wconf 88' lang='lat' dir='ltr'><strong>est</strong></span> <span class='ocrx_word' id='word_1_101' title='bbox 903 1083 954 1136; x_wconf 91' lang='lat' dir='ltr'><strong>in</strong></span> <span class='ocrx_word' id='word_1_102' title='bbox 979 1084 1120 1138; x_wconf 87' lang='lat' dir='ltr'><strong>libro</strong></span> <span class='ocrx_word' id='word_1_103' title='bbox 1147 1083 1377 1155; x_wconf 80' lang='lat' dir='ltr'><strong>Regum,</strong></span> <span class='ocrx_word' id='word_1_104' title='bbox 1403 1087 1621 1156; x_wconf 86' lang='lat' dir='ltr'><strong>quando</strong></span> <span class='ocrx_word' id='word_1_105' title='bbox 1650 1104 1867 1142; x_wconf 89' lang='lat' dir='ltr'><strong>reversa</strong></span> 
     </span>
    </p>
   </div>
   <div class='ocr_carea' id='block_1_10' title="bbox 280 1174 1866 1248">
    <p class='ocr_par' dir='ltr' id='par_1_10' title="bbox 280 1174 1866 1248">
     <span class='ocr_line' id='line_1_10' title="bbox 280 1174 1866 1248; baseline 0.003 -21"><span class='ocrx_word' id='word_1_106' title='bbox 280 1174 441 1227; x_wconf 80' lang='lat' dir='ltr'><strong>navis</strong></span> <span class='ocrx_word' id='word_1_107' title='bbox 481 1191 603 1243; x_wconf 64' lang='lat' dir='ltr'><strong>quae</strong></span> <span class='ocrx_word' id='word_1_108' title='bbox 662 1174 985 1229; x_wconf 74' lang='lat' dir='ltr'><strong>mittebatur</strong></span> <span class='ocrx_word' id='word_1_109' title='bbox 1022 1193 1051 1229; x_wconf 90' lang='lat' dir='ltr'><strong>a</strong></span> <span class='ocrx_word' id='word_1_110' title='bbox 1097 1176 1406 1244; x_wconf 86' lang='lat' dir='ltr'><strong>Salomone,</strong></span> <span class='ocrx_word' id='word_1_111' title='bbox 1446 1176 1511 1232; x_wconf 89' lang='lat' dir='ltr'><strong>ad</strong></span> <span class='ocrx_word' id='word_1_112' title='bbox 1556 1176 1866 1248; x_wconf 85' lang='lat' dir='ltr'><strong>Sophiram,</strong></span> 
     </span>
    </p>
   </div>
   <div class='ocr_carea' id='block_1_11' title="bbox 279 1266 1869 1330">
    <p class='ocr_par' dir='ltr' id='par_1_11' title="bbox 279 1266 1869 1330">
     <span class='ocr_line' id='line_1_11' title="bbox 279 1266 1869 1330; baseline 0.003 -11"><span class='ocrx_word' id='word_1_113' title='bbox 279 1266 503 1320; x_wconf 87' lang='lat' dir='ltr'><strong>dicebat</strong></span> <span class='ocrx_word' id='word_1_114' title='bbox 530 1283 543 1330; x_wconf 90' lang='lat'><strong>;</strong></span> <span class='ocrx_word' id='word_1_115' title='bbox 572 1266 647 1319; x_wconf 87' lang='lat' dir='ltr'><strong>ait</strong></span> <span class='ocrx_word' id='word_1_116' title='bbox 677 1268 820 1320; x_wconf 90' lang='lat' dir='ltr'><strong>enim</strong></span> <span class='ocrx_word' id='word_1_117' title='bbox 854 1268 1155 1322; x_wconf 88' lang='lat' dir='ltr'><strong>secundum</strong></span> <span class='ocrx_word' id='word_1_118' title='bbox 1190 1266 1329 1322; x_wconf 75' lang='lat' dir='ltr'><strong>LXX</strong></span> <span class='ocrx_word' id='word_1_119' title='bbox 1355 1286 1368 1323; x_wconf 91' lang='lat'><strong>:</strong></span> <span class='ocrx_word' id='word_1_120' title='bbox 1394 1267 1459 1322; x_wconf 77' lang='lat' dir='ltr'><strong>Et</strong></span> <span class='ocrx_word' id='word_1_121' title='bbox 1494 1270 1633 1323; x_wconf 84' lang='lat' dir='ltr'><strong>venit</strong></span> <span class='ocrx_word' id='word_1_122' title='bbox 1664 1270 1736 1323; x_wconf 88' lang='lat' dir='ltr'><strong>ad</strong></span> <span class='ocrx_word' id='word_1_123' title='bbox 1772 1268 1869 1324; x_wconf 90' lang='lat' dir='ltr'><strong>So-</strong></span> 
     </span>
    </p>
   </div>
   <div class='ocr_carea' id='block_1_12' title="bbox 1971 1075 3555 1154">
    <p class='ocr_par' dir='ltr' id='par_1_12' title="bbox 1971 1075 3555 1154">
     <span class='ocr_line' id='line_1_12' title="bbox 1971 1075 3555 1154; baseline 0.004 -23"><span class='ocrx_word' id='word_1_124' title='bbox 1971 1076 2148 1133; x_wconf 89' lang='lat' dir='ltr'><strong>fectus</strong></span> <span class='ocrx_word' id='word_1_125' title='bbox 2169 1086 2274 1133; x_wconf 92' lang='lat' dir='ltr'><strong>est.</strong></span> <span class='ocrx_word' id='word_1_126' title='bbox 2306 1075 2447 1149; x_wconf 82' lang='lat' dir='ltr'><strong>Ergo</strong></span> <span class='ocrx_word' id='word_1_127' title='bbox 2471 1080 2658 1149; x_wconf 88' lang='lat' dir='ltr'><strong>procul</strong></span> <span class='ocrx_word' id='word_1_128' title='bbox 2687 1080 2854 1135; x_wconf 92' lang='lat' dir='ltr'><strong>dubio</strong></span> <span class='ocrx_word' id='word_1_129' title='bbox 2884 1094 3033 1147; x_wconf 91' lang='lat' dir='ltr'><strong>eum,</strong></span> <span class='ocrx_word' id='word_1_130' title='bbox 3057 1082 3147 1151; x_wconf 91' lang='lat' dir='ltr'><strong>qui</strong></span> <span class='ocrx_word' id='word_1_131' title='bbox 3176 1099 3325 1136; x_wconf 80' lang='lat' dir='ltr'><strong>nunc.</strong></span> <span class='ocrx_word' id='word_1_132' title='bbox 3356 1094 3555 1154; x_wconf 75' lang='lat' dir='ltr'><strong>myste-</strong></span> 
     </span>
    </p>
   </div>
   <div class='ocr_carea' id='block_1_13' title="bbox 1970 1167 3553 1250">
    <p class='ocr_par' dir='ltr' id='par_1_13' title="bbox 1970 1167 3553 1250">
     <span class='ocr_line' id='line_1_13' title="bbox 1970 1167 3553 1250; baseline 0.007 -29"><span class='ocrx_word' id='word_1_133' title='bbox 1970 1167 2177 1223; x_wconf 88' lang='lat' dir='ltr'><strong>riorum</strong></span> <span class='ocrx_word' id='word_1_134' title='bbox 2211 1172 2485 1241; x_wconf 86' lang='lat' dir='ltr'><strong>particeps</strong></span> <span class='ocrx_word' id='word_1_135' title='bbox 2514 1170 2745 1227; x_wconf 83' lang='lat' dir='ltr'><strong>eﬁ&#39;ectus</strong></span> <span class='ocrx_word' id='word_1_136' title='bbox 2773 1182 2876 1236; x_wconf 89' lang='lat' dir='ltr'><strong>est.</strong></span> <span class='ocrx_word' id='word_1_137' title='bbox 2909 1174 3251 1247; x_wconf 83' lang='lat' dir='ltr'><strong>necdumque</strong></span> <span class='ocrx_word' id='word_1_138' title='bbox 3284 1177 3349 1231; x_wconf 86' lang='lat' dir='ltr'><strong>ad</strong></span> <span class='ocrx_word' id='word_1_139' title='bbox 3386 1194 3553 1250; x_wconf 77' lang='lat' dir='ltr'><strong>agen-</strong></span> 
     </span>
    </p>
   </div>
   <div class='ocr_carea' id='block_1_14' title="bbox 1971 1261 3557 1340">
    <p class='ocr_par' dir='ltr' id='par_1_14' title="bbox 1971 1261 3557 1340">
     <span class='ocr_line' id='line_1_14' title="bbox 1971 1261 3557 1340; baseline 0.008 -25"><span class='ocrx_word' id='word_1_140' title='bbox 1971 1261 2102 1315; x_wconf 85' lang='lat' dir='ltr'><strong>dum</strong></span> <span class='ocrx_word' id='word_1_141' title='bbox 2139 1263 2430 1333; x_wconf 84' lang='lat' dir='ltr'><strong>processit,</strong></span> <span class='ocrx_word' id='word_1_142' title='bbox 2461 1266 2554 1319; x_wconf 85' lang='lat' dir='ltr'><strong>sed</strong></span> <span class='ocrx_word' id='word_1_143' title='bbox 2595 1265 2647 1320; x_wconf 78' lang='lat' dir='ltr'><strong>in</strong></span> <span class='ocrx_word' id='word_1_144' title='bbox 2696 1263 2801 1322; x_wconf 90' lang='lat' dir='ltr'><strong>ﬁde</strong></span> <span class='ocrx_word' id='word_1_145' title='bbox 2832 1268 3050 1323; x_wconf 84' lang='lat' dir='ltr'><strong>interim</strong></span> <span class='ocrx_word' id='word_1_146' title='bbox 3086 1272 3373 1340; x_wconf 86' lang='lat' dir='ltr'><strong>probatur,</strong></span> <span class='ocrx_word' id='word_1_147' title='bbox 3416 1273 3557 1328; x_wconf 85' lang='lat' dir='ltr'><strong>sicut</strong></span> 
     </span>
    </p>
   </div>
   <div class='ocr_carea' id='block_1_15' title="bbox 278 1352 3553 1430">
    <p class='ocr_par' dir='ltr' id='par_1_15' title="bbox 278 1352 3553 1430">
     <span class='ocr_line' id='line_1_15' title="bbox 278 1352 3553 1430; baseline 0.002 -21"><span class='ocrx_word' id='word_1_148' title='bbox 278 1357 497 1421; x_wconf 84' lang='lat' dir='ltr'><strong>phiram</strong></span> <span class='ocrx_word' id='word_1_149' title='bbox 528 1356 616 1411; x_wconf 62' lang='grc' dir='ltr'><strong>κ’.</strong></span> <span class='ocrx_word' id='word_1_150' title='bbox 656 1356 857 1427; x_wconf 88' lang='lat' dir='ltr'><strong>Sophir</strong></span> <span class='ocrx_word' id='word_1_151' title='bbox 896 1366 1076 1412; x_wconf 85' lang='lat' dir='ltr'><strong>autem</strong></span> <span class='ocrx_word' id='word_1_152' title='bbox 1127 1357 1315 1412; x_wconf 88' lang='lat' dir='ltr'><strong>bonum</strong></span> <span class='ocrx_word' id='word_1_153' title='bbox 1369 1357 1780 1428; x_wconf 88' lang='lat' dir='ltr'><strong>interpretatur,</strong></span> <span class='ocrx_word' id='word_1_154' title='bbox 1816 1367 1872 1413; x_wconf 94' lang='lat' dir='ltr'><strong>et</strong></span> <span class='ocrx_word' id='word_1_155' title='bbox 1924 1358 1947 1389; x_wconf 77' lang='grc'><strong><em>⁸</em></strong></span> <span class='ocrx_word' id='word_1_156' title='bbox 1971 1352 2151 1408; x_wconf 85' lang='lat' dir='ltr'><strong>adhuc</strong></span> <span class='ocrx_word' id='word_1_157' title='bbox 2175 1354 2466 1419; x_wconf 88' lang='lat' dir='ltr'><strong>infantem,</strong></span> <span class='ocrx_word' id='word_1_158' title='bbox 2494 1366 2549 1411; x_wconf 81' lang='lat' dir='ltr'><strong>et</strong></span> <span class='ocrx_word' id='word_1_159' title='bbox 2578 1358 2812 1413; x_wconf 90' lang='lat' dir='ltr'><strong>necdum</strong></span> <span class='ocrx_word' id='word_1_160' title='bbox 2844 1371 3058 1430; x_wconf 85' lang='lat' dir='ltr'><strong>tempus</strong></span> <span class='ocrx_word' id='word_1_161' title='bbox 3088 1362 3155 1417; x_wconf 87' lang='lat' dir='ltr'><strong>ad</strong></span> <span class='ocrx_word' id='word_1_162' title='bbox 3184 1363 3553 1417; x_wconf 87' lang='lat' dir='ltr'><strong>ostensiouem</strong></span> 
     </span>
    </p>
   </div>
   <div class='ocr_carea' id='block_1_16' title="bbox 280 1444 3557 1517">
    <p class='ocr_par' dir='ltr' id='par_1_16' title="bbox 280 1444 3557 1517">
     <span class='ocr_line' id='line_1_16' title="bbox 280 1444 3557 1517; baseline 0.003 -19"><span class='ocrx_word' id='word_1_163' title='bbox 280 1444 501 1514; x_wconf 84' lang='lat' dir='ltr'><strong>accepit</strong></span> <span class='ocrx_word' id='word_1_164' title='bbox 544 1444 669 1498; x_wconf 81' lang='lat' dir='ltr'><strong>inde</strong></span> <span class='ocrx_word' id='word_1_165' title='bbox 706 1445 824 1498; x_wconf 86' lang='lat' dir='ltr'><strong>auri</strong></span> <span class='ocrx_word' id='word_1_166' title='bbox 862 1446 1217 1515; x_wconf 81' lang='lat' dir='ltr'><strong>quadraginta</strong></span> <span class='ocrx_word' id='word_1_167' title='bbox 1251 1458 1305 1501; x_wconf 90' lang='lat' dir='ltr'><strong>et</strong></span> <span class='ocrx_word' id='word_1_168' title='bbox 1334 1445 1523 1517; x_wconf 76' lang='lat' dir='ltr'><strong>viginti</strong></span> <span class='ocrx_word' id='word_1_169' title='bbox 1570 1446 1787 1512; x_wconf 86' lang='lat' dir='ltr'><strong>talenta,</strong></span> <span class='ocrx_word' id='word_1_170' title='bbox 1816 1456 1872 1503; x_wconf 88' lang='lat' dir='ltr'><strong>et</strong></span> <span class='ocrx_word' id='word_1_171' title='bbox 1971 1446 2230 1501; x_wconf 84' lang='lat' dir='ltr'><strong>virtutem</strong></span> <span class='ocrx_word' id='word_1_172' title='bbox 2277 1447 2592 1514; x_wconf 81' lang='lat' dir='ltr'><strong>habentem,</strong></span> <span class='ocrx_word' id='word_1_173' title='bbox 2645 1452 3011 1507; x_wconf 84' lang='lat' dir='ltr'><strong>demonstrat.</strong></span> <span class='ocrx_word' id='word_1_174' title='bbox 3051 1453 3107 1507; x_wconf 90' lang='lat' dir='ltr'><strong>Si</strong></span> <span class='ocrx_word' id='word_1_175' title='bbox 3146 1464 3327 1509; x_wconf 89' lang='lat' dir='ltr'><strong>autem</strong></span> <span class='ocrx_word' id='word_1_176' title='bbox 3377 1456 3557 1512; x_wconf 86' lang='lat' dir='ltr'><strong>minor</strong></span> 
     </span>
    </p>
   </div>
   <div class='ocr_carea' id='block_1_17' title="bbox 282 1535 3556 1610">
    <p class='ocr_par' dir='ltr' id='par_1_17' title="bbox 282 1535 3556 1610">
     <span class='ocr_line' id='line_1_17' title="bbox 282 1535 3556 1610; baseline 0.005 -22"><span class='ocrx_word' id='word_1_177' title='bbox 282 1536 513 1589; x_wconf 75' lang='lat' dir='ltr'><strong>adduxit</strong></span> <span class='ocrx_word' id='word_1_178' title='bbox 546 1537 655 1606; x_wconf 85' lang='lat' dir='ltr'><strong>regi</strong></span> <span class='ocrx_word' id='word_1_179' title='bbox 698 1535 996 1592; x_wconf 89' lang='lat' dir='ltr'><strong>Salomoni.</strong></span> <span class='ocrx_word' id='word_1_180' title='bbox 1036 1537 1192 1604; x_wconf 87' lang='lat' dir='ltr'><strong>Quod</strong></span> <span class='ocrx_word' id='word_1_181' title='bbox 1237 1555 1365 1610; x_wconf 85' lang='lat' dir='ltr'><strong>ergo</strong></span> <span class='ocrx_word' id='word_1_182' title='bbox 1409 1540 1487 1595; x_wconf 86' lang='lat' dir='ltr'><strong>sic</strong></span> <span class='ocrx_word' id='word_1_183' title='bbox 1520 1541 1723 1595; x_wconf 91' lang='lat' dir='ltr'><strong>bonum</strong></span> <span class='ocrx_word' id='word_1_184' title='bbox 1764 1550 1867 1607; x_wconf 89' lang='lat' dir='ltr'><strong>est,</strong></span> <span class='ocrx_word' id='word_1_185' title='bbox 1974 1537 2081 1605; x_wconf 88' lang='lat' dir='ltr'><strong>his,</strong></span> <span class='ocrx_word' id='word_1_186' title='bbox 2114 1539 2207 1609; x_wconf 89' lang='lat' dir='ltr'><strong>qui</strong></span> <span class='ocrx_word' id='word_1_187' title='bbox 2235 1540 2343 1594; x_wconf 84' lang='lat' dir='ltr'><strong>tale</strong></span> <span class='ocrx_word' id='word_1_188' title='bbox 2371 1550 2475 1604; x_wconf 87' lang='lat' dir='ltr'><strong>est,</strong></span> <span class='ocrx_word' id='word_1_189' title='bbox 2508 1542 2690 1606; x_wconf 89' lang='lat' dir='ltr'><strong>fuerit,</strong></span> <span class='ocrx_word' id='word_1_190' title='bbox 2724 1544 2798 1598; x_wconf 84' lang='lat' dir='ltr'><strong>ita</strong></span> <span class='ocrx_word' id='word_1_191' title='bbox 2837 1552 2899 1598; x_wconf 92' lang='lat' dir='ltr'><strong>ut</strong></span> <span class='ocrx_word' id='word_1_192' title='bbox 2934 1546 3228 1601; x_wconf 82' lang='lat' dir='ltr'><strong>conveniat</strong></span> <span class='ocrx_word' id='word_1_193' title='bbox 3268 1548 3319 1601; x_wconf 91' lang='lat' dir='ltr'><strong>in</strong></span> <span class='ocrx_word' id='word_1_194' title='bbox 3363 1564 3430 1602; x_wconf 86' lang='lat' dir='ltr'><strong>eo</strong></span> <span class='ocrx_word' id='word_1_195' title='bbox 3473 1548 3556 1603; x_wconf 86' lang='lat' dir='ltr'><strong>fe-</strong></span> 
     </span>
    </p>
   </div>
   <div class='ocr_carea' id='block_1_18' title="bbox 282 1630 3557 1708">
    <p class='ocr_par' dir='ltr' id='par_1_18' title="bbox 282 1630 3557 1708">
     <span class='ocr_line' id='line_1_18' title="bbox 282 1630 3557 1708; baseline 0.003 -24"><span class='ocrx_word' id='word_1_196' title='bbox 282 1630 433 1684; x_wconf 90' lang='lat' dir='ltr'><strong>sicut</strong></span> <span class='ocrx_word' id='word_1_197' title='bbox 471 1644 568 1700; x_wconf 91' lang='lat' dir='ltr'><strong>per</strong></span> <span class='ocrx_word' id='word_1_198' title='bbox 598 1630 892 1699; x_wconf 91' lang='lat' dir='ltr'><strong>jejunium,</strong></span> <span class='ocrx_word' id='word_1_199' title='bbox 923 1640 978 1686; x_wconf 87' lang='lat' dir='ltr'><strong>et</strong></span> <span class='ocrx_word' id='word_1_200' title='bbox 1019 1632 1319 1687; x_wconf 90' lang='lat' dir='ltr'><strong>orationem</strong></span> <span class='ocrx_word' id='word_1_201' title='bbox 1352 1632 1616 1698; x_wconf 80' lang='lat' dir='ltr'><strong>exerceri,</strong></span> <span class='ocrx_word' id='word_1_202' title='bbox 1644 1643 1700 1688; x_wconf 87' lang='lat' dir='ltr'><strong>et</strong></span> <span class='ocrx_word' id='word_1_203' title='bbox 1743 1649 1871 1704; x_wconf 86' lang='lat' dir='ltr'><strong>pro-</strong></span> <span class='ocrx_word' id='word_1_204' title='bbox 1973 1630 2135 1683; x_wconf 67' lang='lat' dir='ltr'><strong>mina:</strong></span> <span class='ocrx_word' id='word_1_205' title='bbox 2180 1645 2450 1701; x_wconf 56' lang='lat' dir='ltr'><strong>persona,</strong></span> <span class='ocrx_word' id='word_1_206' title='bbox 2492 1633 2672 1687; x_wconf 86' lang='lat' dir='ltr'><strong>minor</strong></span> <span class='ocrx_word' id='word_1_207' title='bbox 2713 1644 2895 1689; x_wconf 88' lang='lat' dir='ltr'><strong>autem</strong></span> <span class='ocrx_word' id='word_1_208' title='bbox 2937 1642 3021 1691; x_wconf 88' lang='lat' dir='ltr'><strong>est</strong></span> <span class='ocrx_word' id='word_1_209' title='bbox 3058 1646 3117 1691; x_wconf 94' lang='lat' dir='ltr'><strong>ut</strong></span> <span class='ocrx_word' id='word_1_210' title='bbox 3152 1639 3469 1708; x_wconf 89' lang='lat' dir='ltr'><strong>simplicior,</strong></span> <span class='ocrx_word' id='word_1_211' title='bbox 3502 1649 3557 1695; x_wconf 80' lang='lat' dir='ltr'><strong>et</strong></span> 
     </span>
    </p>
   </div>
   <div class='ocr_carea' id='block_1_19' title="bbox 284 1722 3556 1798">
    <p class='ocr_par' dir='ltr' id='par_1_19' title="bbox 284 1722 3556 1798">
     <span class='ocr_line' id='line_1_19' title="bbox 284 1722 3556 1798; baseline 0.003 -21"><span class='ocrx_word' id='word_1_212' title='bbox 284 1722 417 1777; x_wconf 85' lang='lat' dir='ltr'><strong>vehi</strong></span> <span class='ocrx_word' id='word_1_213' title='bbox 459 1722 523 1777; x_wconf 93' lang='lat' dir='ltr'><strong>ad</strong></span> <span class='ocrx_word' id='word_1_214' title='bbox 561 1724 704 1777; x_wconf 91' lang='lat' dir='ltr'><strong>illam</strong></span> <span class='ocrx_word' id='word_1_215' title='bbox 736 1724 923 1789; x_wconf 89' lang='lat' dir='ltr'><strong>vitam,</strong></span> <span class='ocrx_word' id='word_1_216' title='bbox 952 1722 1021 1779; x_wconf 88' lang='lat' dir='ltr'><strong>ad</strong></span> <span class='ocrx_word' id='word_1_217' title='bbox 1061 1742 1222 1795; x_wconf 92' lang='lat' dir='ltr'><strong>quam</strong></span> <span class='ocrx_word' id='word_1_218' title='bbox 1263 1725 1473 1797; x_wconf 82' lang='lat' dir='ltr'><strong>Moyses</strong></span> <span class='ocrx_word' id='word_1_219' title='bbox 1505 1737 1561 1782; x_wconf 92' lang='lat' dir='ltr'><strong>et</strong></span> <span class='ocrx_word' id='word_1_220' title='bbox 1595 1724 1739 1781; x_wconf 87' lang='lat' dir='ltr'><strong>Eiias</strong></span> <span class='ocrx_word' id='word_1_221' title='bbox 1776 1743 1872 1781; x_wconf 83' lang='lat' dir='ltr'><strong>su-</strong></span> <span class='ocrx_word' id='word_1_222' title='bbox 1972 1736 2083 1776; x_wconf 85' lang='lat' dir='ltr'><strong>non</strong></span> <span class='ocrx_word' id='word_1_223' title='bbox 2129 1723 2285 1778; x_wconf 68' lang='lat' dir='ltr'><strong>valde</strong></span> <span class='ocrx_word' id='word_1_224' title='bbox 2323 1724 2591 1780; x_wconf 79' lang='lat' dir='ltr'><strong>diserctus</strong></span> <span class='ocrx_word' id='word_1_225' title='bbox 2629 1744 2641 1780; x_wconf 91' lang='lat'><strong>:</strong></span> <span class='ocrx_word' id='word_1_226' title='bbox 2679 1725 2843 1797; x_wconf 85' lang='lat' dir='ltr'><strong>hujus</strong></span> <span class='ocrx_word' id='word_1_227' title='bbox 2896 1730 3129 1798; x_wconf 89' lang='lat' dir='ltr'><strong>pretium</strong></span> <span class='ocrx_word' id='word_1_228' title='bbox 3182 1742 3265 1786; x_wconf 89' lang='lat' dir='ltr'><strong>est</strong></span> <span class='ocrx_word' id='word_1_229' title='bbox 3315 1743 3422 1788; x_wconf 90' lang='lat' dir='ltr'><strong>tres</strong></span> <span class='ocrx_word' id='word_1_230' title='bbox 3469 1733 3556 1787; x_wconf 86' lang='lat' dir='ltr'><strong>di-</strong></span> 
     </span>
    </p>
   </div>
   <div class='ocr_carea' id='block_1_20' title="bbox 287 1813 3554 1892">
    <p class='ocr_par' dir='ltr' id='par_1_20' title="bbox 287 1813 3554 1892">
     <span class='ocr_line' id='line_1_20' title="bbox 287 1813 3554 1892; baseline 0.004 -26"><span class='ocrx_word' id='word_1_231' title='bbox 287 1813 957 1884; x_wconf 66' lang='lat' dir='ltr'><strong>permdiﬁcantesjejunio</strong></span> <span class='ocrx_word' id='word_1_232' title='bbox 988 1826 1152 1885; x_wconf 85' lang='lat' dir='ltr'><strong>atque</strong></span> <span class='ocrx_word' id='word_1_233' title='bbox 1186 1816 1420 1872; x_wconf 90' lang='lat' dir='ltr'><strong>orationi</strong></span> <span class='ocrx_word' id='word_1_234' title='bbox 1459 1817 1711 1882; x_wconf 87' lang='lat' dir='ltr'><strong>virtutes,</strong></span> <span class='ocrx_word' id='word_1_235' title='bbox 1743 1832 1873 1888; x_wconf 90' lang='lat' dir='ltr'><strong>pro-</strong></span> <span class='ocrx_word' id='word_1_236' title='bbox 1974 1813 2272 1882; x_wconf 74' lang='lat' dir='ltr'><strong>drachmae,</strong></span> <span class='ocrx_word' id='word_1_237' title='bbox 2308 1818 2441 1873; x_wconf 87' lang='lat' dir='ltr'><strong>ﬁdes</strong></span> <span class='ocrx_word' id='word_1_238' title='bbox 2482 1817 2679 1883; x_wconf 86' lang='lat' dir='ltr'><strong>Patris,</strong></span> <span class='ocrx_word' id='word_1_239' title='bbox 2712 1828 2769 1874; x_wconf 91' lang='lat' dir='ltr'><strong>et</strong></span> <span class='ocrx_word' id='word_1_240' title='bbox 2796 1819 2942 1882; x_wconf 86' lang='lat' dir='ltr'><strong>Filii,</strong></span> <span class='ocrx_word' id='word_1_241' title='bbox 2981 1827 3036 1875; x_wconf 89' lang='lat' dir='ltr'><strong>et</strong></span> <span class='ocrx_word' id='word_1_242' title='bbox 3079 1822 3316 1892; x_wconf 88' lang='lat' dir='ltr'><strong>Spiritus</strong></span> <span class='ocrx_word' id='word_1_243' title='bbox 3358 1824 3554 1890; x_wconf 85' lang='lat' dir='ltr'><strong>sancti,</strong></span> 
     </span>
    </p>
   </div>
   <div class='ocr_carea' id='block_1_21' title="bbox 283 1896 3558 1983">
    <p class='ocr_par' dir='ltr' id='par_1_21' title="bbox 283 1896 3558 1983">
     <span class='ocr_line' id='line_1_21' title="bbox 283 1896 3558 1983; baseline 0.005 -26"><span class='ocrx_word' id='word_1_244' title='bbox 283 1906 432 1961; x_wconf 85' lang='lat' dir='ltr'><strong>vecti</strong></span> <span class='ocrx_word' id='word_1_245' title='bbox 462 1915 589 1960; x_wconf 91' lang='lat' dir='ltr'><strong>sunt</strong></span> <span class='ocrx_word' id='word_1_246' title='bbox 620 1924 632 1959; x_wconf 91' lang='lat'>:</span> <span class='ocrx_word' id='word_1_247' title='bbox 666 1906 745 1961; x_wconf 90' lang='lat' dir='ltr'><strong>sic</strong></span> <span class='ocrx_word' id='word_1_248' title='bbox 776 1908 1035 1963; x_wconf 84' lang='lat' dir='ltr'><strong>Dominus</strong></span> <span class='ocrx_word' id='word_1_249' title='bbox 1065 1909 1350 1963; x_wconf 85' lang='lat' dir='ltr'><strong>insinuare</strong></span> <span class='ocrx_word' id='word_1_250' title='bbox 1378 1909 1733 1979; x_wconf 86' lang='lat' dir='ltr'><strong>semetipsum</strong></span> <span class='ocrx_word' id='word_1_251' title='bbox 1774 1918 1873 1979; x_wconf 84' lang='lat' dir='ltr'><strong>per</strong></span> <span class='ocrx_word' id='word_1_252' title='bbox 1903 1896 1945 1950; x_wconf 74' lang='grc' dir='ltr'><strong><em>Β</em></strong></span> <span class='ocrx_word' id='word_1_253' title='bbox 1975 1916 2036 1962; x_wconf 85' lang='lat' dir='ltr'><strong>ut</strong></span> <span class='ocrx_word' id='word_1_254' title='bbox 2064 1924 2175 1963; x_wconf 88' lang='lat' dir='ltr'><strong>non</strong></span> <span class='ocrx_word' id='word_1_255' title='bbox 2207 1910 2349 1967; x_wconf 85' lang='lat' dir='ltr'><strong>hanc</strong></span> <span class='ocrx_word' id='word_1_256' title='bbox 2379 1911 2832 1983; x_wconf 87' lang='lat' dir='ltr'><strong>transgrediatur,</strong></span> <span class='ocrx_word' id='word_1_257' title='bbox 2863 1896 2957 1970; x_wconf 92' lang='lat' dir='ltr'><strong>sed</strong></span> <span class='ocrx_word' id='word_1_258' title='bbox 2989 1915 3152 1970; x_wconf 88' lang='lat' dir='ltr'><strong>corde</strong></span> <span class='ocrx_word' id='word_1_259' title='bbox 3178 1918 3383 1979; x_wconf 85' lang='lat' dir='ltr'><strong>credat,</strong></span> <span class='ocrx_word' id='word_1_260' title='bbox 3417 1918 3558 1974; x_wconf 89' lang='lat' dir='ltr'><strong>sicut</strong></span> 
     </span>
    </p>
   </div>
   <div class='ocr_carea' id='block_1_22' title="bbox 281 1997 1869 2071">
    <p class='ocr_par' dir='ltr' id='par_1_22' title="bbox 281 1997 1869 2071">
     <span class='ocr_line' id='line_1_22' title="bbox 281 1997 1869 2071; baseline 0.003 -21"><span class='ocrx_word' id='word_1_261' title='bbox 281 1997 756 2067; x_wconf 66' lang='lat' dir='ltr'><strong>prmdicatiouem,</strong></span> <span class='ocrx_word' id='word_1_262' title='bbox 786 2009 841 2053; x_wconf 91' lang='lat' dir='ltr'><strong>et</strong></span> <span class='ocrx_word' id='word_1_263' title='bbox 888 1999 1039 2070; x_wconf 86' lang='lat' dir='ltr'><strong>signa</strong></span> <span class='ocrx_word' id='word_1_264' title='bbox 1074 2000 1259 2070; x_wconf 78' lang='lat' dir='ltr'><strong>generi</strong></span> <span class='ocrx_word' id='word_1_265' title='bbox 1301 2001 1542 2055; x_wconf 89' lang='lat' dir='ltr'><strong>humano</strong></span> <span class='ocrx_word' id='word_1_266' title='bbox 1579 2000 1869 2071; x_wconf 90' lang='lat' dir='ltr'><strong>incipiens,</strong></span> 
     </span>
    </p>
   </div>
   <div class='ocr_carea' id='block_1_23' title="bbox 277 2089 1873 2164">
    <p class='ocr_par' dir='ltr' id='par_1_23' title="bbox 277 2089 1873 2164">
     <span class='ocr_line' id='line_1_23' title="bbox 277 2089 1873 2164; baseline 0.003 -21"><span class='ocrx_word' id='word_1_267' title='bbox 277 2089 556 2159; x_wconf 85' lang='lat' dir='ltr'><strong>jejunium</strong></span> <span class='ocrx_word' id='word_1_268' title='bbox 599 2098 654 2143; x_wconf 89' lang='lat' dir='ltr'><strong>et</strong></span> <span class='ocrx_word' id='word_1_269' title='bbox 691 2090 997 2145; x_wconf 90' lang='lat' dir='ltr'><strong>orationem</strong></span> <span class='ocrx_word' id='word_1_270' title='bbox 1036 2108 1150 2147; x_wconf 65' lang='lat' dir='ltr'><strong>suae</strong></span> <span class='ocrx_word' id='word_1_271' title='bbox 1190 2092 1625 2149; x_wconf 82' lang='lat' dir='ltr'><strong>conversationis</strong></span> <span class='ocrx_word' id='word_1_272' title='bbox 1668 2092 1873 2164; x_wconf 85' lang='lat' dir='ltr'><strong>princi-</strong></span> 
     </span>
    </p>
   </div>
   <div class='ocr_carea' id='block_1_24' title="bbox 281 2180 1869 2255">
    <p class='ocr_par' dir='ltr' id='par_1_24' title="bbox 281 2180 1869 2255">
     <span class='ocr_line' id='line_1_24' title="bbox 281 2180 1869 2255; baseline 0.003 -21"><span class='ocrx_word' id='word_1_273' title='bbox 281 2182 439 2251; x_wconf 86' lang='lat' dir='ltr'><strong>pium</strong></span> <span class='ocrx_word' id='word_1_274' title='bbox 489 2181 637 2236; x_wconf 92' lang='lat' dir='ltr'><strong>fecit.</strong></span> <span class='ocrx_word' id='word_1_275' title='bbox 686 2180 1011 2254; x_wconf 78' lang='lat' dir='ltr'><strong>Quicunque</strong></span> <span class='ocrx_word' id='word_1_276' title='bbox 1050 2199 1180 2255; x_wconf 88' lang='lat' dir='ltr'><strong>ergo</strong></span> <span class='ocrx_word' id='word_1_277' title='bbox 1215 2193 1470 2242; x_wconf 86' lang='lat' dir='ltr'><strong>sensatus</strong></span> <span class='ocrx_word' id='word_1_278' title='bbox 1506 2184 1727 2255; x_wconf 88' lang='lat' dir='ltr'><strong>quidem</strong></span> <span class='ocrx_word' id='word_1_279' title='bbox 1763 2192 1869 2251; x_wconf 85' lang='lat' dir='ltr'><strong>est,</strong></span> 
     </span>
    </p>
   </div>
   <div class='ocr_carea' id='block_1_25' title="bbox 282 2275 1870 2346">
    <p class='ocr_par' dir='ltr' id='par_1_25' title="bbox 282 2275 1870 2346">
     <span class='ocr_line' id='line_1_25' title="bbox 282 2275 1870 2346; baseline 0.002 -17"><span class='ocrx_word' id='word_1_280' title='bbox 282 2283 343 2329; x_wconf 92' lang='lat' dir='ltr'><strong>et</strong></span> <span class='ocrx_word' id='word_1_281' title='bbox 388 2276 658 2345; x_wconf 80' lang='lat' dir='ltr'><strong>prolicere</strong></span> <span class='ocrx_word' id='word_1_282' title='bbox 703 2275 917 2346; x_wconf 90' lang='lat' dir='ltr'><strong>incipit,</strong></span> <span class='ocrx_word' id='word_1_283' title='bbox 952 2291 1061 2331; x_wconf 91' lang='lat' dir='ltr'><strong>non</strong></span> <span class='ocrx_word' id='word_1_284' title='bbox 1100 2286 1282 2332; x_wconf 89' lang='lat' dir='ltr'><strong>tamen</strong></span> <span class='ocrx_word' id='word_1_285' title='bbox 1314 2278 1503 2344; x_wconf 89' lang='lat' dir='ltr'><strong>nimis,</strong></span> <span class='ocrx_word' id='word_1_286' title='bbox 1536 2276 1631 2333; x_wconf 86' lang='lat' dir='ltr'><strong>sed</strong></span> <span class='ocrx_word' id='word_1_287' title='bbox 1668 2277 1870 2343; x_wconf 88' lang='lat' dir='ltr'><strong>medie,</strong></span> 
     </span>
    </p>
   </div>
   <div class='ocr_carea' id='block_1_26' title="bbox 286 2365 1875 2440">
    <p class='ocr_par' dir='ltr' id='par_1_26' title="bbox 286 2365 1875 2440">
     <span class='ocr_line' id='line_1_26' title="bbox 286 2365 1875 2440; baseline 0.005 -21"><span class='ocrx_word' id='word_1_288' title='bbox 286 2374 350 2420; x_wconf 88' lang='lat' dir='ltr'><strong>ut</strong></span> <span class='ocrx_word' id='word_1_289' title='bbox 381 2365 810 2436; x_wconf 70' lang='lat' dir='ltr'><strong>pnesumptiom</strong></span> <span class='ocrx_word' id='word_1_290' title='bbox 842 2368 1278 2423; x_wconf 83' lang='lat' dir='ltr'><strong>conversationis</strong></span> <span class='ocrx_word' id='word_1_291' title='bbox 1315 2370 1508 2439; x_wconf 83' lang='lat' dir='ltr'><strong>jejunii</strong></span> <span class='ocrx_word' id='word_1_292' title='bbox 1550 2380 1662 2425; x_wconf 87' lang='lat' dir='ltr'><strong>non</strong></span> <span class='ocrx_word' id='word_1_293' title='bbox 1701 2372 1875 2440; x_wconf 82' lang='lat' dir='ltr'><strong>possit</strong></span> 
     </span>
    </p>
   </div>
   <div class='ocr_carea' id='block_1_27' title="bbox 292 2458 1873 2530">
    <p class='ocr_par' dir='ltr' id='par_1_27' title="bbox 292 2458 1873 2530">
     <span class='ocr_line' id='line_1_27' title="bbox 292 2458 1873 2530; baseline 0.001 -16"><span class='ocrx_word' id='word_1_294' title='bbox 292 2458 525 2523; x_wconf 79' lang='lat' dir='ltr'><strong>onerari,</strong></span> <span class='ocrx_word' id='word_1_295' title='bbox 562 2459 651 2514; x_wconf 93' lang='lat' dir='ltr'><strong>hic</strong></span> <span class='ocrx_word' id='word_1_296' title='bbox 683 2460 919 2530; x_wconf 76' lang='lat' dir='ltr'><strong>pretium</strong></span> <span class='ocrx_word' id='word_1_297' title='bbox 958 2463 1148 2515; x_wconf 80' lang='lat' dir='ltr'><strong>decem</strong></span> <span class='ocrx_word' id='word_1_298' title='bbox 1192 2460 1655 2527; x_wconf 75' lang='lat' dir='ltr'><strong>didrachmarum,</strong></span> <span class='ocrx_word' id='word_1_299' title='bbox 1696 2461 1748 2517; x_wconf 91' lang='lat' dir='ltr'><strong>id</strong></span> <span class='ocrx_word' id='word_1_300' title='bbox 1786 2470 1873 2516; x_wconf 86' lang='lat' dir='ltr'><strong>est</strong></span> 
     </span>
    </p>
   </div>
   <div class='ocr_carea' id='block_1_28' title="bbox 300 2554 1869 2626">
    <p class='ocr_par' dir='ltr' id='par_1_28' title="bbox 300 2554 1869 2626">
     <span class='ocr_line' id='line_1_28' title="bbox 300 2554 1869 2626; baseline 0.001 -17"><span class='ocrx_word' id='word_1_301' title='bbox 300 2554 478 2626; x_wconf 78' lang='lat' dir='ltr'><strong>viginti</strong></span> <span class='ocrx_word' id='word_1_302' title='bbox 506 2555 916 2619; x_wconf 86' lang='lat' dir='ltr'><strong>drachmarum,</strong></span> <span class='ocrx_word' id='word_1_303' title='bbox 956 2564 1013 2611; x_wconf 91' lang='lat' dir='ltr'><strong>et</strong></span> <span class='ocrx_word' id='word_1_304' title='bbox 1040 2557 1324 2610; x_wconf 78' lang='lat' dir='ltr'><strong>obolorum</strong></span> <span class='ocrx_word' id='word_1_305' title='bbox 1363 2555 1727 2613; x_wconf 87' lang='lat' dir='ltr'><strong>ducentorum</strong></span> <span class='ocrx_word' id='word_1_306' title='bbox 1767 2565 1869 2611; x_wconf 88' lang='lat' dir='ltr'><strong>est.</strong></span> 
     </span>
    </p>
   </div>
   <div class='ocr_carea' id='block_1_29' title="bbox 294 2644 1873 2718">
    <p class='ocr_par' dir='ltr' id='par_1_29' title="bbox 294 2644 1873 2718">
     <span class='ocr_line' id='line_1_29' title="bbox 294 2644 1873 2718; baseline 0 -18"><span class='ocrx_word' id='word_1_307' title='bbox 294 2644 355 2701; x_wconf 89' lang='lat' dir='ltr'><strong>In</strong></span> <span class='ocrx_word' id='word_1_308' title='bbox 388 2645 632 2699; x_wconf 86' lang='lat' dir='ltr'><strong>custodia</strong></span> <span class='ocrx_word' id='word_1_309' title='bbox 666 2646 813 2700; x_wconf 88' lang='lat' dir='ltr'><strong>enim</strong></span> <span class='ocrx_word' id='word_1_310' title='bbox 852 2646 1041 2701; x_wconf 89' lang='lat' dir='ltr'><strong>decem</strong></span> <span class='ocrx_word' id='word_1_311' title='bbox 1077 2647 1482 2715; x_wconf 88' lang='lat' dir='ltr'><strong>mandatorum,</strong></span> <span class='ocrx_word' id='word_1_312' title='bbox 1527 2664 1649 2718; x_wconf 71' lang='lat' dir='ltr'><strong>qua:</strong></span> <span class='ocrx_word' id='word_1_313' title='bbox 1690 2647 1873 2718; x_wconf 87' lang='lat' dir='ltr'><strong>dupli-</strong></span> 
     </span>
    </p>
   </div>
   <div class='ocr_carea' id='block_1_30' title="bbox 286 2738 1872 2809">
    <p class='ocr_par' dir='ltr' id='par_1_30' title="bbox 286 2738 1872 2809">
     <span class='ocr_line' id='line_1_30' title="bbox 286 2738 1872 2809; baseline 0.001 -17"><span class='ocrx_word' id='word_1_314' title='bbox 286 2745 444 2792; x_wconf 88' lang='lat' dir='ltr'><strong>catur</strong></span> <span class='ocrx_word' id='word_1_315' title='bbox 482 2739 786 2792; x_wconf 87' lang='lat' dir='ltr'><strong>secundum</strong></span> <span class='ocrx_word' id='word_1_316' title='bbox 825 2738 1080 2805; x_wconf 85' lang='lat' dir='ltr'><strong>litteram,</strong></span> <span class='ocrx_word' id='word_1_317' title='bbox 1120 2748 1175 2793; x_wconf 93' lang='lat' dir='ltr'><strong>et</strong></span> <span class='ocrx_word' id='word_1_318' title='bbox 1210 2738 1487 2809; x_wconf 89' lang='lat' dir='ltr'><strong>spiritum,</strong></span> <span class='ocrx_word' id='word_1_319' title='bbox 1530 2739 1872 2796; x_wconf 85' lang='lat' dir='ltr'><strong>conversatio</strong></span> 
     </span>
    </p>
   </div>
   <div class='ocr_carea' id='block_1_31' title="bbox 282 2828 1869 2905">
    <p class='ocr_par' dir='ltr' id='par_1_31' title="bbox 282 2828 1869 2905">
     <span class='ocr_line' id='line_1_31' title="bbox 282 2828 1869 2905; baseline 0.003 -21"><span class='ocrx_word' id='word_1_320' title='bbox 282 2828 452 2899; x_wconf 87' lang='lat' dir='ltr'><strong>hujus</strong></span> <span class='ocrx_word' id='word_1_321' title='bbox 484 2840 589 2897; x_wconf 89' lang='lat' dir='ltr'><strong>est,</strong></span> <span class='ocrx_word' id='word_1_322' title='bbox 620 2830 765 2885; x_wconf 89' lang='lat' dir='ltr'><strong>inter</strong></span> <span class='ocrx_word' id='word_1_323' title='bbox 803 2846 925 2901; x_wconf 66' lang='lat' dir='ltr'><strong>qua:</strong></span> <span class='ocrx_word' id='word_1_324' title='bbox 956 2830 1230 2903; x_wconf 89' lang='lat' dir='ltr'><strong>jejunium</strong></span> <span class='ocrx_word' id='word_1_325' title='bbox 1259 2848 1369 2887; x_wconf 90' lang='lat' dir='ltr'><strong>non</strong></span> <span class='ocrx_word' id='word_1_326' title='bbox 1401 2842 1485 2888; x_wconf 88' lang='lat' dir='ltr'><strong>est</strong></span> <span class='ocrx_word' id='word_1_327' title='bbox 1514 2842 1869 2905; x_wconf 68' lang='lat' dir='ltr'><strong>praeceptum.</strong></span> 
     </span>
    </p>
   </div>
   <div class='ocr_carea' id='block_1_32' title="bbox 283 2920 1869 2996">
    <p class='ocr_par' dir='ltr' id='par_1_32' title="bbox 283 2920 1869 2996">
     <span class='ocr_line' id='line_1_32' title="bbox 283 2920 1869 2996; baseline 0.004 -20"><span class='ocrx_word' id='word_1_328' title='bbox 283 2920 586 2977; x_wconf 90' lang='lat' dir='ltr'><strong>Subiimior</strong></span> <span class='ocrx_word' id='word_1_329' title='bbox 616 2925 763 2978; x_wconf 90' lang='lat' dir='ltr'><strong>enim</strong></span> <span class='ocrx_word' id='word_1_330' title='bbox 796 2932 883 2980; x_wconf 90' lang='lat' dir='ltr'><strong>est</strong></span> <span class='ocrx_word' id='word_1_331' title='bbox 917 2925 985 2979; x_wconf 93' lang='lat' dir='ltr'><strong>ad</strong></span> <span class='ocrx_word' id='word_1_332' title='bbox 1029 2940 1148 2980; x_wconf 91' lang='lat' dir='ltr'><strong>eam</strong></span> <span class='ocrx_word' id='word_1_333' title='bbox 1181 2926 1466 2996; x_wconf 89' lang='lat' dir='ltr'><strong>pertinens</strong></span> <span class='ocrx_word' id='word_1_334' title='bbox 1504 2928 1869 2996; x_wconf 85' lang='lat' dir='ltr'><strong>conversatio,</strong></span> 
     </span>
    </p>
   </div>
   <div class='ocr_carea' id='block_1_33' title="bbox 281 3012 1873 3090">
    <p class='ocr_par' dir='ltr' id='par_1_33' title="bbox 281 3012 1873 3090">
     <span class='ocr_line' id='line_1_33' title="bbox 281 3012 1873 3090; baseline 0.004 -23"><span class='ocrx_word' id='word_1_335' title='bbox 281 3029 408 3084; x_wconf 58' lang='lat' dir='ltr'><strong>quas</strong></span> <span class='ocrx_word' id='word_1_336' title='bbox 434 3012 791 3085; x_wconf 88' lang='lat' dir='ltr'><strong>legislatores,</strong></span> <span class='ocrx_word' id='word_1_337' title='bbox 823 3024 877 3071; x_wconf 86' lang='lat' dir='ltr'><strong>et</strong></span> <span class='ocrx_word' id='word_1_338' title='bbox 908 3017 1227 3087; x_wconf 87' lang='lat' dir='ltr'><strong>prophetas,</strong></span> <span class='ocrx_word' id='word_1_339' title='bbox 1255 3026 1311 3072; x_wconf 87' lang='lat' dir='ltr'><strong>et</strong></span> <span class='ocrx_word' id='word_1_340' title='bbox 1348 3034 1540 3073; x_wconf 90' lang='lat' dir='ltr'><strong>omnes</strong></span> <span class='ocrx_word' id='word_1_341' title='bbox 1569 3019 1660 3089; x_wconf 89' lang='lat' dir='ltr'><strong>qui</strong></span> <span class='ocrx_word' id='word_1_342' title='bbox 1696 3019 1873 3090; x_wconf 85' lang='lat' dir='ltr'><strong>prole-</strong></span> 
     </span>
    </p>
   </div>
   <div class='ocr_carea' id='block_1_34' title="bbox 280 3107 1874 3182">
    <p class='ocr_par' dir='ltr' id='par_1_34' title="bbox 280 3107 1874 3182">
     <span class='ocr_line' id='line_1_34' title="bbox 280 3107 1874 3182; baseline 0.003 -21"><span class='ocrx_word' id='word_1_343' title='bbox 280 3116 502 3168; x_wconf 87' lang='lat' dir='ltr'><strong>cerunt,</strong></span> <span class='ocrx_word' id='word_1_344' title='bbox 517 3107 695 3174; x_wconf 87' lang='lat' dir='ltr'><strong>decet,</strong></span> <span class='ocrx_word' id='word_1_345' title='bbox 711 3118 767 3162; x_wconf 88' lang='grc' dir='ltr'><strong>ει</strong></span> <span class='ocrx_word' id='word_1_346' title='bbox 790 3107 1023 3163; x_wconf 89' lang='lat' dir='ltr'><strong>necdum</strong></span> <span class='ocrx_word' id='word_1_347' title='bbox 1038 3108 1255 3178; x_wconf 90' lang='lat' dir='ltr'><strong>quidem</strong></span> <span class='ocrx_word' id='word_1_348' title='bbox 1276 3110 1620 3165; x_wconf 85' lang='lat' dir='ltr'><strong>conversatio</strong></span> <span class='ocrx_word' id='word_1_349' title='bbox 1637 3113 1756 3182; x_wconf 90' lang='lat' dir='ltr'><strong>ejus</strong></span> <span class='ocrx_word' id='word_1_350' title='bbox 1778 3112 1845 3166; x_wconf 92' lang='lat' dir='ltr'><strong>ha</strong></span> <span class='ocrx_word' id='word_1_351' title='bbox 1858 3142 1874 3154; x_wconf 85' lang='lat'><strong>-</strong></span> 
     </span>
    </p>
   </div>
   <div class='ocr_carea' id='block_1_35' title="bbox 282 3196 1870 3268">
    <p class='ocr_par' dir='ltr' id='par_1_35' title="bbox 282 3196 1870 3268">
     <span class='ocr_line' id='line_1_35' title="bbox 282 3196 1870 3268; baseline 0.003 -15"><span class='ocrx_word' id='word_1_352' title='bbox 282 3196 380 3253; x_wconf 76' lang='lat' dir='ltr'><strong>bet</strong></span> <span class='ocrx_word' id='word_1_353' title='bbox 403 3196 795 3267; x_wconf 81' lang='lat' dir='ltr'><strong>perfectionem</strong></span> <span class='ocrx_word' id='word_1_354' title='bbox 817 3216 831 3252; x_wconf 87' lang='lat'><strong>:</strong></span> <span class='ocrx_word' id='word_1_355' title='bbox 850 3215 988 3268; x_wconf 91' lang='lat' dir='ltr'><strong>opus</strong></span> <span class='ocrx_word' id='word_1_356' title='bbox 1007 3201 1152 3254; x_wconf 87' lang='lat' dir='ltr'><strong>enim</strong></span> <span class='ocrx_word' id='word_1_357' title='bbox 1180 3201 1345 3257; x_wconf 87' lang='lat' dir='ltr'><strong>habet</strong></span> <span class='ocrx_word' id='word_1_358' title='bbox 1367 3201 1870 3265; x_wconf 88' lang='lat' dir='ltr'><strong>mansuetudinem,</strong></span> 
     </span>
    </p>
   </div>
   <div class='ocr_carea' id='block_1_36' title="bbox 282 3288 1868 3362">
    <p class='ocr_par' dir='ltr' id='par_1_36' title="bbox 282 3288 1868 3362">
     <span class='ocr_line' id='line_1_36' title="bbox 282 3288 1868 3362; baseline 0.004 -20"><span class='ocrx_word' id='word_1_359' title='bbox 282 3288 700 3359; x_wconf 84' lang='lat' dir='ltr'><strong>perfectamque</strong></span> <span class='ocrx_word' id='word_1_360' title='bbox 738 3291 1085 3358; x_wconf 90' lang='lat' dir='ltr'><strong>charitatem,</strong></span> <span class='ocrx_word' id='word_1_361' title='bbox 1118 3308 1240 3362; x_wconf 64' lang='lat' dir='ltr'><strong>quae</strong></span> <span class='ocrx_word' id='word_1_362' title='bbox 1274 3302 1359 3348; x_wconf 91' lang='lat' dir='ltr'><strong>est</strong></span> <span class='ocrx_word' id='word_1_363' title='bbox 1390 3292 1446 3347; x_wconf 91' lang='lat' dir='ltr'><strong>in</strong></span> <span class='ocrx_word' id='word_1_364' title='bbox 1485 3293 1602 3349; x_wconf 87' lang='lat' dir='ltr'><strong>zelo</strong></span> <span class='ocrx_word' id='word_1_365' title='bbox 1644 3293 1868 3361; x_wconf 77' lang='lat' dir='ltr'><strong>Christi,</strong></span> 
     </span>
    </p>
   </div>
   <div class='ocr_carea' id='block_1_37' title="bbox 282 3382 1871 3455">
    <p class='ocr_par' dir='ltr' id='par_1_37' title="bbox 282 3382 1871 3455">
     <span class='ocr_line' id='line_1_37' title="bbox 282 3382 1871 3455; baseline 0.004 -21"><span class='ocrx_word' id='word_1_366' title='bbox 282 3382 540 3451; x_wconf 91' lang='lat' dir='ltr'><strong>producit</strong></span> <span class='ocrx_word' id='word_1_367' title='bbox 570 3391 754 3438; x_wconf 91' lang='lat' dir='ltr'><strong>tamen</strong></span> <span class='ocrx_word' id='word_1_368' title='bbox 783 3383 851 3439; x_wconf 91' lang='lat' dir='ltr'><strong>ad</strong></span> <span class='ocrx_word' id='word_1_369' title='bbox 881 3384 1298 3455; x_wconf 81' lang='lat' dir='ltr'><strong>perfectionem.</strong></span> <span class='ocrx_word' id='word_1_370' title='bbox 1326 3384 1465 3451; x_wconf 85' lang='lat' dir='ltr'><strong>Quia</strong></span> <span class='ocrx_word' id='word_1_371' title='bbox 1496 3396 1679 3441; x_wconf 90' lang='lat' dir='ltr'><strong>autem</strong></span> <span class='ocrx_word' id='word_1_372' title='bbox 1715 3402 1871 3441; x_wconf 82' lang='lat' dir='ltr'><strong>man-</strong></span> 
     </span>
    </p>
   </div>
   <div class='ocr_carea' id='block_1_38' title="bbox 280 3472 1867 3548">
    <p class='ocr_par' dir='ltr' id='par_1_38' title="bbox 280 3472 1867 3548">
     <span class='ocr_line' id='line_1_38' title="bbox 280 3472 1867 3548; baseline 0.004 -22"><span class='ocrx_word' id='word_1_373' title='bbox 280 3472 535 3528; x_wconf 89' lang='lat' dir='ltr'><strong>datorum</strong></span> <span class='ocrx_word' id='word_1_374' title='bbox 571 3475 873 3530; x_wconf 88' lang='lat' dir='ltr'><strong>secundum</strong></span> <span class='ocrx_word' id='word_1_375' title='bbox 906 3474 1168 3541; x_wconf 90' lang='lat' dir='ltr'><strong>litteram,</strong></span> <span class='ocrx_word' id='word_1_376' title='bbox 1196 3486 1252 3532; x_wconf 91' lang='lat' dir='ltr'><strong>et</strong></span> <span class='ocrx_word' id='word_1_377' title='bbox 1296 3476 1555 3548; x_wconf 88' lang='lat' dir='ltr'><strong>spiritum</strong></span> <span class='ocrx_word' id='word_1_378' title='bbox 1598 3476 1867 3544; x_wconf 91' lang='lat' dir='ltr'><strong>custodia,</strong></span> 
     </span>
    </p>
   </div>
   <div class='ocr_carea' id='block_1_39' title="bbox 279 3562 1871 3635">
    <p class='ocr_par' dir='ltr' id='par_1_39' title="bbox 279 3562 1871 3635">
     <span class='ocr_line' id='line_1_39' title="bbox 279 3562 1871 3635; baseline 0.004 -17"><span class='ocrx_word' id='word_1_379' title='bbox 279 3562 478 3618; x_wconf 90' lang='lat' dir='ltr'><strong>decem</strong></span> <span class='ocrx_word' id='word_1_380' title='bbox 511 3562 865 3628; x_wconf 67' lang='lat' dir='ltr'><strong>didrachmze,</strong></span> <span class='ocrx_word' id='word_1_381' title='bbox 901 3567 1047 3635; x_wconf 93' lang='lat' dir='ltr'><strong>quod</strong></span> <span class='ocrx_word' id='word_1_382' title='bbox 1089 3576 1218 3621; x_wconf 92' lang='lat' dir='ltr'><strong>sunt</strong></span> <span class='ocrx_word' id='word_1_383' title='bbox 1255 3565 1398 3621; x_wconf 90' lang='lat' dir='ltr'><strong>oboli</strong></span> <span class='ocrx_word' id='word_1_384' title='bbox 1443 3567 1689 3635; x_wconf 89' lang='lat' dir='ltr'><strong>ducenti,</strong></span> <span class='ocrx_word' id='word_1_385' title='bbox 1722 3577 1871 3625; x_wconf 83' lang='lat' dir='ltr'><strong>recte</strong></span> 
     </span>
    </p>
   </div>
   <div class='ocr_carea' id='block_1_40' title="bbox 280 3655 1868 3730">
    <p class='ocr_par' dir='ltr' id='par_1_40' title="bbox 280 3655 1868 3730">
     <span class='ocr_line' id='line_1_40' title="bbox 280 3655 1868 3730; baseline 0.004 -22"><span class='ocrx_word' id='word_1_386' title='bbox 280 3661 531 3725; x_wconf 88' lang='lat' dir='ltr'><strong>putatur,</strong></span> <span class='ocrx_word' id='word_1_387' title='bbox 564 3655 631 3710; x_wconf 92' lang='lat' dir='ltr'><strong>ad</strong></span> <span class='ocrx_word' id='word_1_388' title='bbox 677 3658 998 3712; x_wconf 89' lang='lat' dir='ltr'><strong>memoriam</strong></span> <span class='ocrx_word' id='word_1_389' title='bbox 1039 3668 1189 3713; x_wconf 91' lang='lat' dir='ltr'><strong>tuam</strong></span> <span class='ocrx_word' id='word_1_390' title='bbox 1222 3668 1441 3713; x_wconf 85' lang='lat' dir='ltr'><strong>revocat</strong></span> <span class='ocrx_word' id='word_1_391' title='bbox 1473 3675 1676 3725; x_wconf 89' lang='lat' dir='ltr'><strong>sermo,</strong></span> <span class='ocrx_word' id='word_1_392' title='bbox 1705 3676 1868 3730; x_wconf 90' lang='lat' dir='ltr'><strong>quem</strong></span> 
     </span>
    </p>
   </div>
   <div class='ocr_carea' id='block_1_41' title="bbox 280 3746 1869 3821">
    <p class='ocr_par' dir='ltr' id='par_1_41' title="bbox 280 3746 1869 3821">
     <span class='ocr_line' id='line_1_41' title="bbox 280 3746 1869 3821; baseline 0.004 -20"><span class='ocrx_word' id='word_1_393' title='bbox 280 3763 352 3801; x_wconf 79' lang='lat' dir='ltr'><strong>cx</strong></span> <span class='ocrx_word' id='word_1_394' title='bbox 389 3746 632 3803; x_wconf 89' lang='lat' dir='ltr'><strong>Canticis</strong></span> <span class='ocrx_word' id='word_1_395' title='bbox 661 3749 1003 3804; x_wconf 90' lang='lat' dir='ltr'><strong>canticorum</strong></span> <span class='ocrx_word' id='word_1_396' title='bbox 1035 3766 1211 3821; x_wconf 88' lang='lat' dir='ltr'><strong>nuper</strong></span> <span class='ocrx_word' id='word_1_397' title='bbox 1238 3751 1585 3821; x_wconf 92' lang='lat' dir='ltr'><strong>protulimus.</strong></span> <span class='ocrx_word' id='word_1_398' title='bbox 1618 3751 1760 3807; x_wconf 80' lang='lat' dir='ltr'><strong>Mille</strong></span> <span class='ocrx_word' id='word_1_399' title='bbox 1789 3752 1869 3809; x_wconf 86' lang='lat' dir='ltr'><strong>tui</strong></span> 
     </span>
    </p>
   </div>
   <div class='ocr_carea' id='block_1_42' title="bbox 279 3836 1866 3916">
    <p class='ocr_par' dir='ltr' id='par_1_42' title="bbox 279 3836 1866 3916">
     <span class='ocr_line' id='line_1_42' title="bbox 279 3836 1866 3916; baseline 0.004 -24"><span class='ocrx_word' id='word_1_400' title='bbox 279 3839 520 3910; x_wconf 86' lang='lat' dir='ltr'><strong>paciﬁci,</strong></span> <span class='ocrx_word' id='word_1_401' title='bbox 551 3850 608 3895; x_wconf 88' lang='lat' dir='ltr'><strong>et</strong></span> <span class='ocrx_word' id='word_1_402' title='bbox 636 3841 858 3897; x_wconf 89' lang='lat' dir='ltr'><strong>ducenti</strong></span> <span class='ocrx_word' id='word_1_403' title='bbox 888 3840 975 3897; x_wconf 89' lang='lat' dir='ltr'><strong>his</strong></span> <span class='ocrx_word' id='word_1_404' title='bbox 999 3842 1091 3912; x_wconf 91' lang='lat' dir='ltr'><strong>qui</strong></span> <span class='ocrx_word' id='word_1_405' title='bbox 1123 3844 1442 3899; x_wconf 90' lang='lat' dir='ltr'><strong>custodiunt</strong></span> <span class='ocrx_word' id='word_1_406' title='bbox 1464 3840 1700 3900; x_wconf 78' lang='lat' dir='ltr'><strong>fructum</strong></span> <span class='ocrx_word' id='word_1_407' title='bbox 1726 3836 1866 3916; x_wconf 84' lang='lat' dir='ltr'><strong>ejus.</strong></span> 
     </span>
    </p>
   </div>
   <div class='ocr_carea' id='block_1_43' title="bbox 280 3932 1866 4007">
    <p class='ocr_par' dir='ltr' id='par_1_43' title="bbox 280 3932 1866 4007">
     <span class='ocr_line' id='line_1_43' title="bbox 280 3932 1866 4007; baseline 0.004 -21"><span class='ocrx_word' id='word_1_408' title='bbox 280 3932 459 3999; x_wconf 89' lang='lat' dir='ltr'><strong>Quam</strong></span> <span class='ocrx_word' id='word_1_409' title='bbox 492 3934 750 3989; x_wconf 77' lang='lat' dir='ltr'><strong>vincam?</strong></span> <span class='ocrx_word' id='word_1_410' title='bbox 793 3936 860 3990; x_wconf 91' lang='lat' dir='ltr'><strong>de</strong></span> <span class='ocrx_word' id='word_1_411' title='bbox 888 3951 992 4005; x_wconf 91' lang='lat' dir='ltr'><strong>qua</strong></span> <span class='ocrx_word' id='word_1_412' title='bbox 1032 3934 1085 3990; x_wconf 92' lang='lat' dir='ltr'><strong>in</strong></span> <span class='ocrx_word' id='word_1_413' title='bbox 1126 3938 1562 4007; x_wconf 77' lang='lat' dir='ltr'><strong>praecedentibus</strong></span> <span class='ocrx_word' id='word_1_414' title='bbox 1605 3937 1819 3993; x_wconf 89' lang='lat' dir='ltr'><strong>dicebat</strong></span> <span class='ocrx_word' id='word_1_415' title='bbox 1851 3957 1866 3993; x_wconf 93' lang='lat'><strong>:</strong></span> 
     </span>
    </p>
   </div>
   <div class='ocr_carea' id='block_1_44' title="bbox 290 4023 1866 4100">
    <p class='ocr_par' dir='ltr' id='par_1_44' title="bbox 290 4023 1866 4100">
     <span class='ocr_line' id='line_1_44' title="bbox 290 4023 1866 4100; baseline 0.004 -23"><span class='ocrx_word' id='word_1_416' title='bbox 290 4023 460 4078; x_wconf 82' lang='lat' dir='ltr'><strong>Vinea</strong></span> <span class='ocrx_word' id='word_1_417' title='bbox 486 4026 585 4095; x_wconf 81' lang='lat' dir='ltr'><strong>fuit</strong></span> <span class='ocrx_word' id='word_1_418' title='bbox 614 4026 836 4096; x_wconf 80' lang='lat' dir='ltr'><strong>paciﬁca</strong></span> <span class='ocrx_word' id='word_1_419' title='bbox 862 4028 916 4081; x_wconf 87' lang='lat' dir='ltr'><strong>in</strong></span> <span class='ocrx_word' id='word_1_420' title='bbox 944 4044 1005 4082; x_wconf 83' lang='lat' dir='ltr'><strong>ea</strong></span> <span class='ocrx_word' id='word_1_421' title='bbox 1037 4044 1153 4099; x_wconf 76' lang='lat' dir='ltr'><strong>qua:</strong></span> <span class='ocrx_word' id='word_1_422' title='bbox 1180 4028 1333 4082; x_wconf 84' lang='lat' dir='ltr'><strong>habet</strong></span> <span class='ocrx_word' id='word_1_423' title='bbox 1361 4028 1578 4098; x_wconf 85' lang='lat' dir='ltr'><strong>populos</strong></span> <span class='ocrx_word' id='word_1_424' title='bbox 1605 4028 1671 4096; x_wconf 81' lang='lat'><strong>&quot;,</strong></span> <span class='ocrx_word' id='word_1_425' title='bbox 1704 4046 1866 4100; x_wconf 89' lang='lat' dir='ltr'><strong>quam</strong></span> 
     </span>
    </p>
   </div>
   <div class='ocr_carea' id='block_1_45' title="bbox 278 4116 1868 4192">
    <p class='ocr_par' dir='ltr' id='par_1_45' title="bbox 278 4116 1868 4192">
     <span class='ocr_line' id='line_1_45' title="bbox 278 4116 1868 4192; baseline 0.005 -24"><span class='ocrx_word' id='word_1_426' title='bbox 278 4130 397 4169; x_wconf 86' lang='lat' dir='ltr'><strong>non</strong></span> <span class='ocrx_word' id='word_1_427' title='bbox 448 4116 830 4174; x_wconf 86' lang='lat' dir='ltr'><strong>custodierunt</strong></span> <span class='ocrx_word' id='word_1_428' title='bbox 875 4117 1083 4186; x_wconf 65' lang='lat' dir='ltr'><strong>Judaei,</strong></span> <span class='ocrx_word' id='word_1_429' title='bbox 1132 4127 1359 4190; x_wconf 87' lang='lat' dir='ltr'><strong>propter</strong></span> <span class='ocrx_word' id='word_1_430' title='bbox 1403 4120 1549 4190; x_wconf 91' lang='lat' dir='ltr'><strong>quod</strong></span> <span class='ocrx_word' id='word_1_431' title='bbox 1600 4136 1701 4192; x_wconf 93' lang='lat' dir='ltr'><strong>pro</strong></span> <span class='ocrx_word' id='word_1_432' title='bbox 1749 4122 1868 4176; x_wconf 88' lang='lat' dir='ltr'><strong>uvis</strong></span> 
     </span>
    </p>
   </div>
   <div class='ocr_carea' id='block_1_46' title="bbox 279 4207 1869 4279">
    <p class='ocr_par' dir='ltr' id='par_1_46' title="bbox 279 4207 1869 4279">
     <span class='ocr_line' id='line_1_46' title="bbox 279 4207 1869 4279; baseline 0.004 -18"><span class='ocrx_word' id='word_1_433' title='bbox 279 4207 474 4278; x_wconf 86' lang='lat' dir='ltr'><strong>spinas</strong></span> <span class='ocrx_word' id='word_1_434' title='bbox 520 4210 892 4279; x_wconf 90' lang='lat' dir='ltr'><strong>protulerunt,</strong></span> <span class='ocrx_word' id='word_1_435' title='bbox 941 4212 1037 4267; x_wconf 90' lang='lat' dir='ltr'><strong>sed</strong></span> <span class='ocrx_word' id='word_1_436' title='bbox 1085 4220 1142 4267; x_wconf 90' lang='lat' dir='ltr'><strong>et</strong></span> <span class='ocrx_word' id='word_1_437' title='bbox 1193 4212 1527 4268; x_wconf 90' lang='lat' dir='ltr'><strong>vindemiant</strong></span> <span class='ocrx_word' id='word_1_438' title='bbox 1569 4228 1631 4268; x_wconf 90' lang='lat' dir='ltr'><strong>ea</strong></span> <span class='ocrx_word' id='word_1_439' title='bbox 1677 4229 1869 4268; x_wconf 90' lang='lat' dir='ltr'><strong>omnes</strong></span> 
     </span>
    </p>
   </div>
   <div class='ocr_carea' id='block_1_47' title="bbox 279 4301 1867 4371">
    <p class='ocr_par' dir='ltr' id='par_1_47' title="bbox 279 4301 1867 4371">
     <span class='ocr_line' id='line_1_47' title="bbox 279 4301 1867 4371; baseline 0.004 -17"><span class='ocrx_word' id='word_1_440' title='bbox 279 4301 379 4371; x_wconf 84' lang='lat' dir='ltr'><strong>qui</strong></span> <span class='ocrx_word' id='word_1_441' title='bbox 433 4310 723 4358; x_wconf 89' lang='lat' dir='ltr'><strong>transeunt</strong></span> <span class='ocrx_word' id='word_1_442' title='bbox 774 4303 939 4359; x_wconf 85' lang='lat' dir='ltr'><strong>viam.</strong></span> <span class='ocrx_word' id='word_1_443' title='bbox 990 4305 1094 4371; x_wconf 87' lang='lat' dir='ltr'><strong>Qui</strong></span> <span class='ocrx_word' id='word_1_444' title='bbox 1153 4306 1471 4361; x_wconf 90' lang='lat' dir='ltr'><strong>custodiunt</strong></span> <span class='ocrx_word' id='word_1_445' title='bbox 1517 4317 1699 4361; x_wconf 86' lang='lat' dir='ltr'><strong>autem</strong></span> <span class='ocrx_word' id='word_1_446' title='bbox 1750 4302 1867 4361; x_wconf 84' lang='lat' dir='ltr'><strong>fru-</strong></span> 
     </span>
    </p>
   </div>
   <div class='ocr_carea' id='block_1_48' title="bbox 278 4394 1866 4470">
    <p class='ocr_par' dir='ltr' id='par_1_48' title="bbox 278 4394 1866 4470">
     <span class='ocr_line' id='line_1_48' title="bbox 278 4394 1866 4470; baseline 0.002 -21"><span class='ocrx_word' id='word_1_447' title='bbox 278 4402 458 4461; x_wconf 84' lang='lat' dir='ltr'><strong>ctum,</strong></span> <span class='ocrx_word' id='word_1_448' title='bbox 491 4394 548 4449; x_wconf 90' lang='lat' dir='ltr'><strong>in</strong></span> <span class='ocrx_word' id='word_1_449' title='bbox 589 4396 866 4463; x_wconf 88' lang='lat' dir='ltr'><strong>ducentis,</strong></span> <span class='ocrx_word' id='word_1_450' title='bbox 910 4397 965 4451; x_wconf 90' lang='lat' dir='ltr'><strong>id</strong></span> <span class='ocrx_word' id='word_1_451' title='bbox 1014 4405 1098 4452; x_wconf 88' lang='lat' dir='ltr'><strong>est</strong></span> <span class='ocrx_word' id='word_1_452' title='bbox 1138 4398 1332 4470; x_wconf 87' lang='lat' dir='ltr'><strong>viginti</strong></span> <span class='ocrx_word' id='word_1_453' title='bbox 1373 4398 1650 4453; x_wconf 86' lang='lat' dir='ltr'><strong>drachmis</strong></span> <span class='ocrx_word' id='word_1_454' title='bbox 1688 4397 1866 4469; x_wconf 91' lang='lat' dir='ltr'><strong>dupli-</strong></span> 
     </span>
    </p>
   </div>
   <div class='ocr_carea' id='block_1_49' title="bbox 278 4487 1867 4557">
    <p class='ocr_par' dir='ltr' id='par_1_49' title="bbox 278 4487 1867 4557">
     <span class='ocr_line' id='line_1_49' title="bbox 278 4487 1867 4557; baseline 0.002 -15"><span class='ocrx_word' id='word_1_455' title='bbox 278 4496 405 4542; x_wconf 84' lang='lat' dir='ltr'><strong>cata</strong></span> <span class='ocrx_word' id='word_1_456' title='bbox 446 4487 695 4544; x_wconf 81' lang='lat' dir='ltr'><strong>custodia</strong></span> <span class='ocrx_word' id='word_1_457' title='bbox 736 4489 1138 4556; x_wconf 89' lang='lat' dir='ltr'><strong>mandatorum,</strong></span> <span class='ocrx_word' id='word_1_458' title='bbox 1183 4490 1327 4545; x_wconf 92' lang='lat' dir='ltr'><strong>sicut</strong></span> <span class='ocrx_word' id='word_1_459' title='bbox 1373 4490 1634 4557; x_wconf 82' lang='lat' dir='ltr'><strong>diximus,</strong></span> <span class='ocrx_word' id='word_1_460' title='bbox 1668 4505 1867 4546; x_wconf 86' lang='lat' dir='ltr'><strong>secun-</strong></span> 
     </span>
    </p>
   </div>
   <div class='ocr_carea' id='block_1_50' title="bbox 277 4578 1509 4650">
    <p class='ocr_par' dir='ltr' id='par_1_50' title="bbox 277 4578 1509 4650">
     <span class='ocr_line' id='line_1_50' title="bbox 277 4578 1509 4650; baseline 0.005 -19"><span class='ocrx_word' id='word_1_461' title='bbox 277 4578 414 4633; x_wconf 89' lang='lat' dir='ltr'><strong>dum</strong></span> <span class='ocrx_word' id='word_1_462' title='bbox 447 4578 705 4646; x_wconf 89' lang='lat' dir='ltr'><strong>litteram,</strong></span> <span class='ocrx_word' id='word_1_463' title='bbox 735 4591 792 4637; x_wconf 89' lang='lat' dir='ltr'><strong>et</strong></span> <span class='ocrx_word' id='word_1_464' title='bbox 819 4580 1093 4650; x_wconf 90' lang='lat' dir='ltr'><strong>spiritum,</strong></span> <span class='ocrx_word' id='word_1_465' title='bbox 1130 4581 1509 4637; x_wconf 86' lang='lat' dir='ltr'><strong>inveniuntur.</strong></span> 
     </span>
    </p>
   </div>
   <div class='ocr_carea' id='block_1_51' title="bbox 355 4673 1864 4746">
    <p class='ocr_par' dir='ltr' id='par_1_51' title="bbox 355 4673 1864 4746">
     <span class='ocr_line' id='line_1_51' title="bbox 355 4673 1864 4746; baseline 0.003 -22"><span class='ocrx_word' id='word_1_466' title='bbox 355 4673 430 4726; x_wconf 78' lang='lat' dir='ltr'><strong>Ab</strong></span> <span class='ocrx_word' id='word_1_467' title='bbox 460 4691 565 4728; x_wconf 82' lang='lat' dir='ltr'><strong>uno</strong></span> <span class='ocrx_word' id='word_1_468' title='bbox 590 4683 771 4729; x_wconf 81' lang='lat' dir='ltr'><strong>autem</strong></span> <span class='ocrx_word' id='word_1_469' title='bbox 798 4692 970 4729; x_wconf 82' lang='lat' dir='ltr'><strong>mense</strong></span> <span class='ocrx_word' id='word_1_470' title='bbox 990 4692 1151 4746; x_wconf 87' lang='lat' dir='ltr'><strong>usque</strong></span> <span class='ocrx_word' id='word_1_471' title='bbox 1177 4676 1250 4729; x_wconf 90' lang='lat' dir='ltr'><strong>ad</strong></span> <span class='ocrx_word' id='word_1_472' title='bbox 1270 4692 1471 4730; x_wconf 89' lang='lat' dir='ltr'><strong>annum</strong></span> <span class='ocrx_word' id='word_1_473' title='bbox 1500 4675 1740 4746; x_wconf 87' lang='lat' dir='ltr'><strong>quintum</strong></span> <span class='ocrx_word' id='word_1_474' title='bbox 1769 4692 1864 4746; x_wconf 86' lang='lat' dir='ltr'><strong>pro</strong></span> 
     </span>
    </p>
   </div>
   <div class='ocr_carea' id='block_1_52' title="bbox 276 4766 1866 4841">
    <p class='ocr_par' dir='ltr' id='par_1_52' title="bbox 276 4766 1866 4841">
     <span class='ocr_line' id='line_1_52' title="bbox 276 4766 1866 4841; baseline -0.001 -17"><span class='ocrx_word' id='word_1_475' title='bbox 276 4770 517 4824; x_wconf 63' lang='lat' dir='ltr'><strong>masculo</strong></span> <span class='ocrx_word' id='word_1_476' title='bbox 561 4770 837 4824; x_wconf 79' lang='lat' dir='ltr'><strong>dabuntur</strong></span> <span class='ocrx_word' id='word_1_477' title='bbox 878 4771 1108 4841; x_wconf 76' lang='lat' dir='ltr'><strong>quinque</strong></span> <span class='ocrx_word' id='word_1_478' title='bbox 1163 4769 1316 4836; x_wconf 88' lang='lat' dir='ltr'><strong>sicli,</strong></span> <span class='ocrx_word' id='word_1_479' title='bbox 1360 4770 1471 4824; x_wconf 90' lang='lat' dir='ltr'><strong>sive</strong></span> <span class='ocrx_word' id='word_1_480' title='bbox 1506 4769 1736 4840; x_wconf 85' lang='lat' dir='ltr'><strong>quinque</strong></span> <span class='ocrx_word' id='word_1_481' title='bbox 1782 4766 1866 4822; x_wconf 81' lang='lat' dir='ltr'><strong>di-</strong></span> 
     </span>
    </p>
   </div>
   <div class='ocr_carea' id='block_1_53' title="bbox 273 4858 1864 4932">
    <p class='ocr_par' dir='ltr' id='par_1_53' title="bbox 273 4858 1864 4932">
     <span class='ocr_line' id='line_1_53' title="bbox 273 4858 1864 4932; baseline -0.001 -18"><span class='ocrx_word' id='word_1_482' title='bbox 273 4859 569 4927; x_wconf 71' lang='lat' dir='ltr'><strong>drachmaz,</strong></span> <span class='ocrx_word' id='word_1_483' title='bbox 611 4877 706 4929; x_wconf 83' lang='lat' dir='ltr'><strong>pro</strong></span> <span class='ocrx_word' id='word_1_484' title='bbox 744 4861 941 4932; x_wconf 79' lang='lat' dir='ltr'><strong>femina</strong></span> <span class='ocrx_word' id='word_1_485' title='bbox 977 4870 1101 4913; x_wconf 86' lang='lat' dir='ltr'><strong>tres.</strong></span> <span class='ocrx_word' id='word_1_486' title='bbox 1145 4858 1318 4916; x_wconf 88' lang='lat' dir='ltr'><strong>Unius</strong></span> <span class='ocrx_word' id='word_1_487' title='bbox 1358 4859 1564 4915; x_wconf 87' lang='lat' dir='ltr'><strong>mensis</strong></span> <span class='ocrx_word' id='word_1_488' title='bbox 1597 4858 1864 4930; x_wconf 75' lang='lat' dir='ltr'><strong>intelligas</strong></span> 
     </span>
    </p>
   </div>
   <div class='ocr_carea' id='block_1_54' title="bbox 274 4946 1864 5023">
    <p class='ocr_par' dir='ltr' id='par_1_54' title="bbox 274 4946 1864 5023">
     <span class='ocr_line' id='line_1_54' title="bbox 274 4946 1864 5023; baseline -0.001 -17"><span class='ocrx_word' id='word_1_489' title='bbox 274 4967 404 5006; x_wconf 87' lang='lat' dir='ltr'><strong>eum</strong></span> <span class='ocrx_word' id='word_1_490' title='bbox 444 4951 536 5021; x_wconf 87' lang='lat' dir='ltr'><strong>qui</strong></span> <span class='ocrx_word' id='word_1_491' title='bbox 569 4967 717 5006; x_wconf 92' lang='lat' dir='ltr'><strong>nunc</strong></span> <span class='ocrx_word' id='word_1_492' title='bbox 743 4961 827 5007; x_wconf 88' lang='lat' dir='ltr'><strong>est</strong></span> <span class='ocrx_word' id='word_1_493' title='bbox 855 4952 1073 5021; x_wconf 78' lang='lat' dir='ltr'><strong>genitus</strong></span> <span class='ocrx_word' id='word_1_494' title='bbox 1116 4952 1171 5007; x_wconf 91' lang='lat' dir='ltr'><strong>in</strong></span> <span class='ocrx_word' id='word_1_495' title='bbox 1210 4951 1339 5016; x_wconf 87' lang='lat' dir='ltr'><strong>ﬁde.</strong></span> <span class='ocrx_word' id='word_1_496' title='bbox 1370 4950 1438 5006; x_wconf 89' lang='lat' dir='ltr'><strong>ad</strong></span> <span class='ocrx_word' id='word_1_497' title='bbox 1476 4967 1639 5023; x_wconf 91' lang='lat' dir='ltr'><strong>quem</strong></span> <span class='ocrx_word' id='word_1_498' title='bbox 1668 4946 1864 5006; x_wconf 88' lang='lat' dir='ltr'><strong>Petrus</strong></span> 
     </span>
    </p>
   </div>
   <div class='ocr_carea' id='block_1_55' title="bbox 272 5041 1859 5115">
    <p class='ocr_par' dir='ltr' id='par_1_55' title="bbox 272 5041 1859 5115">
     <span class='ocr_line' id='line_1_55' title="bbox 272 5041 1859 5115; baseline -0.001 -18"><span class='ocrx_word' id='word_1_499' title='bbox 272 5043 540 5098; x_wconf 85' lang='lat' dir='ltr'><strong>dicebat:</strong></span> <span class='ocrx_word' id='word_1_500' title='bbox 583 5041 731 5097; x_wconf 80' lang='lat' dir='ltr'><strong>Sicut</strong></span> <span class='ocrx_word' id='word_1_501' title='bbox 780 5044 933 5097; x_wconf 87' lang='lat' dir='ltr'><strong>modo</strong></span> <span class='ocrx_word' id='word_1_502' title='bbox 984 5043 1148 5115; x_wconf 81' lang='lat' dir='ltr'><strong>geniti</strong></span> <span class='ocrx_word' id='word_1_503' title='bbox 1193 5043 1452 5114; x_wconf 79' lang='lat' dir='ltr'><strong>infantes,</strong></span> <span class='ocrx_word' id='word_1_504' title='bbox 1498 5041 1859 5107; x_wconf 79' lang='lat' dir='ltr'><strong>rationabiles,</strong></span> 
     </span>
    </p>
   </div>
   <div class='ocr_carea' id='block_1_56' title="bbox 269 5134 1867 5205">
    <p class='ocr_par' dir='ltr' id='par_1_56' title="bbox 269 5134 1867 5205">
     <span class='ocr_line' id='line_1_56' title="bbox 269 5134 1867 5205; baseline -0.001 -16"><span class='ocrx_word' id='word_1_505' title='bbox 269 5135 388 5189; x_wconf 85' lang='lat' dir='ltr'><strong>sine</strong></span> <span class='ocrx_word' id='word_1_506' title='bbox 412 5134 555 5200; x_wconf 88' lang='lat' dir='ltr'><strong>dolo,</strong></span> <span class='ocrx_word' id='word_1_507' title='bbox 593 5134 677 5189; x_wconf 87' lang='lat' dir='ltr'><strong>lac</strong></span> <span class='ocrx_word' id='word_1_508' title='bbox 711 5137 1080 5205; x_wconf 78' lang='lat' dir='ltr'><strong>concupiscite,</strong></span> <span class='ocrx_word' id='word_1_509' title='bbox 1102 5143 1160 5188; x_wconf 86' lang='lat' dir='ltr'><strong>ut</strong></span> <span class='ocrx_word' id='word_1_510' title='bbox 1190 5136 1435 5190; x_wconf 85' lang='lat' dir='ltr'><strong>crescatis</strong></span> <span class='ocrx_word' id='word_1_511' title='bbox 1463 5136 1518 5189; x_wconf 87' lang='lat' dir='ltr'><strong>in</strong></span> <span class='ocrx_word' id='word_1_512' title='bbox 1546 5152 1605 5190; x_wconf 86' lang='lat' dir='ltr'><strong>eo</strong></span> <span class='ocrx_word' id='word_1_513' title='bbox 1634 5135 1691 5189; x_wconf 87' lang='lat' dir='ltr'><strong>in</strong></span> <span class='ocrx_word' id='word_1_514' title='bbox 1719 5134 1867 5189; x_wconf 83' lang='lat' dir='ltr'><strong>salu-</strong></span> 
     </span>
    </p>
   </div>
   <div class='ocr_carea' id='block_1_57' title="bbox 270 5224 1863 5299">
    <p class='ocr_par' dir='ltr' id='par_1_57' title="bbox 270 5224 1863 5299">
     <span class='ocr_line' id='line_1_57' title="bbox 270 5224 1863 5299; baseline -0.001 -17"><span class='ocrx_word' id='word_1_515' title='bbox 270 5239 400 5293; x_wconf 87' lang='lat' dir='ltr'><strong>tem,</strong></span> <span class='ocrx_word' id='word_1_516' title='bbox 434 5228 479 5282; x_wconf 90' lang='lat' dir='ltr'><strong>si</strong></span> <span class='ocrx_word' id='word_1_517' title='bbox 518 5238 697 5283; x_wconf 89' lang='lat' dir='ltr'><strong>tamen</strong></span> <span class='ocrx_word' id='word_1_518' title='bbox 734 5230 978 5299; x_wconf 83' lang='lat' dir='ltr'><strong>gustatis,</strong></span> <span class='ocrx_word' id='word_1_519' title='bbox 1018 5229 1144 5297; x_wconf 86' lang='lat' dir='ltr'><strong>quia</strong></span> <span class='ocrx_word' id='word_1_520' title='bbox 1191 5228 1360 5283; x_wconf 86' lang='lat' dir='ltr'><strong>dulcis</strong></span> <span class='ocrx_word' id='word_1_521' title='bbox 1402 5239 1477 5283; x_wconf 86' lang='lat' dir='ltr'><strong>est</strong></span> <span class='ocrx_word' id='word_1_522' title='bbox 1509 5224 1767 5283; x_wconf 86' lang='lat' dir='ltr'><strong>Dominus</strong></span> <span class='ocrx_word' id='word_1_523' title='bbox 1796 5228 1863 5281; x_wconf 76' lang='lat'><strong>’°.</strong></span> 
     </span>
    </p>
   </div>
   <div class='ocr_carea' id='block_1_58' title="bbox 271 5320 1864 5393">
    <p class='ocr_par' dir='ltr' id='par_1_58' title="bbox 271 5320 1864 5393">
     <span class='ocr_line' id='line_1_58' title="bbox 271 5320 1864 5393; baseline -0.002 -18"><span class='ocrx_word' id='word_1_524' title='bbox 271 5321 453 5392; x_wconf 89' lang='lat' dir='ltr'><strong>Ilujus</strong></span> <span class='ocrx_word' id='word_1_525' title='bbox 505 5321 745 5393; x_wconf 89' lang='lat' dir='ltr'><strong>pret-ium</strong></span> <span class='ocrx_word' id='word_1_526' title='bbox 802 5336 974 5391; x_wconf 90' lang='lat' dir='ltr'><strong>usque</strong></span> <span class='ocrx_word' id='word_1_527' title='bbox 1025 5320 1092 5376; x_wconf 89' lang='lat' dir='ltr'><strong>ad</strong></span> <span class='ocrx_word' id='word_1_528' title='bbox 1144 5321 1557 5391; x_wconf 90' lang='lat' dir='ltr'><strong>quinquennem</strong></span> <span class='ocrx_word' id='word_1_529' title='bbox 1611 5326 1864 5384; x_wconf 65' lang='lat' dir='ltr'><strong>aetatem,</strong></span> 
     </span>
    </p>
   </div>
   <div class='ocr_carea' id='block_1_59' title="bbox 268 5410 1861 5484">
    <p class='ocr_par' dir='ltr' id='par_1_59' title="bbox 268 5410 1861 5484">
     <span class='ocr_line' id='line_1_59' title="bbox 268 5410 1861 5484; baseline -0.004 -14"><span class='ocrx_word' id='word_1_530' title='bbox 268 5413 328 5470; x_wconf 83' lang='lat' dir='ltr'><strong>id</strong></span> <span class='ocrx_word' id='word_1_531' title='bbox 355 5423 441 5469; x_wconf 85' lang='lat' dir='ltr'><strong>est</strong></span> <span class='ocrx_word' id='word_1_532' title='bbox 471 5412 842 5478; x_wconf 83' lang='lat' dir='ltr'><strong>conversatio,</strong></span> <span class='ocrx_word' id='word_1_533' title='bbox 887 5421 943 5467; x_wconf 94' lang='lat' dir='ltr'><strong>et</strong></span> <span class='ocrx_word' id='word_1_534' title='bbox 974 5412 1108 5477; x_wconf 89' lang='lat' dir='ltr'><strong>vita,</strong></span> <span class='ocrx_word' id='word_1_535' title='bbox 1136 5412 1379 5484; x_wconf 89' lang='lat' dir='ltr'><strong>quinque</strong></span> <span class='ocrx_word' id='word_1_536' title='bbox 1418 5410 1861 5467; x_wconf 89' lang='lat' dir='ltr'><strong>didrachmarum</strong></span> 
     </span>
    </p>
   </div>
   <div class='ocr_carea' id='block_1_60' title="bbox 269 5502 1863 5578">
    <p class='ocr_par' dir='ltr' id='par_1_60' title="bbox 269 5502 1863 5578">
     <span class='ocr_line' id='line_1_60' title="bbox 269 5502 1863 5578; baseline -0.004 -15"><span class='ocrx_word' id='word_1_537' title='bbox 269 5507 510 5578; x_wconf 84' lang='lat' dir='ltr'><strong>argenti,</strong></span> <span class='ocrx_word' id='word_1_538' title='bbox 542 5507 597 5562; x_wconf 91' lang='lat' dir='ltr'><strong>id</strong></span> <span class='ocrx_word' id='word_1_539' title='bbox 636 5515 723 5561; x_wconf 87' lang='lat' dir='ltr'><strong>est</strong></span> <span class='ocrx_word' id='word_1_540' title='bbox 762 5505 952 5560; x_wconf 83' lang='lat' dir='ltr'><strong>decem</strong></span> <span class='ocrx_word' id='word_1_541' title='bbox 1000 5504 1294 5570; x_wconf 62' lang='lat' dir='ltr'><strong>drachma,</strong></span> <span class='ocrx_word' id='word_1_542' title='bbox 1334 5502 1480 5559; x_wconf 91' lang='lat' dir='ltr'><strong>oboli</strong></span> <span class='ocrx_word' id='word_1_543' title='bbox 1514 5513 1697 5559; x_wconf 89' lang='lat' dir='ltr'><strong>autem</strong></span> <span class='ocrx_word' id='word_1_544' title='bbox 1729 5518 1863 5558; x_wconf 87' lang='lat' dir='ltr'><strong>cen-</strong></span> 
     </span>
    </p>
   </div>
   <div class='ocr_carea' id='block_1_61' title="bbox 270 5590 1865 5668">
    <p class='ocr_par' dir='ltr' id='par_1_61' title="bbox 270 5590 1865 5668">
     <span class='ocr_line' id='line_1_61' title="bbox 270 5590 1865 5668; baseline -0.005 -13"><span class='ocrx_word' id='word_1_545' title='bbox 270 5609 413 5655; x_wconf 82' lang='lat' dir='ltr'><strong>tum.</strong></span> <span class='ocrx_word' id='word_1_546' title='bbox 463 5598 824 5660; x_wconf 89' lang='lat' dir='ltr'><strong>Conversatio</strong></span> <span class='ocrx_word' id='word_1_547' title='bbox 879 5612 1010 5668; x_wconf 91' lang='lat' dir='ltr'><strong>ergo</strong></span> <span class='ocrx_word' id='word_1_548' title='bbox 1056 5596 1218 5651; x_wconf 89' lang='lat' dir='ltr'><strong>modo</strong></span> <span class='ocrx_word' id='word_1_549' title='bbox 1266 5595 1458 5668; x_wconf 87' lang='lat' dir='ltr'><strong>geniti,</strong></span> <span class='ocrx_word' id='word_1_550' title='bbox 1496 5595 1738 5667; x_wconf 90' lang='lat' dir='ltr'><strong>quinque</strong></span> <span class='ocrx_word' id='word_1_551' title='bbox 1783 5590 1865 5648; x_wconf 82' lang='lat' dir='ltr'><strong>di-</strong></span> 
     </span>
    </p>
   </div>
   <div class='ocr_carea' id='block_1_62' title="bbox 343 5775 1343 5851">
    <p class='ocr_par' dir='ltr' id='par_1_62' title="bbox 343 5775 1343 5851">
     <span class='ocr_line' id='line_1_62' title="bbox 343 5775 1343 5851; baseline -0.006 -13"><span class='ocrx_word' id='word_1_552' title='bbox 343 5784 393 5818; x_wconf 71' lang='lat'><em>&quot;</em></span> <span class='ocrx_word' id='word_1_553' title='bbox 418 5781 610 5839; x_wconf 73' lang='lat' dir='ltr'><strong>Matth.</strong></span> <span class='ocrx_word' id='word_1_554' title='bbox 641 5794 717 5836; x_wconf 92' lang='lat' dir='ltr'><strong>tv.</strong></span> <span class='ocrx_word' id='word_1_555' title='bbox 792 5780 860 5812; x_wconf 64' lang='grc' dir='ltr'><strong>’δ’</strong></span> <span class='ocrx_word' id='word_1_556' title='bbox 894 5778 958 5834; x_wconf 91' lang='lat' dir='ltr'><strong>III</strong></span> <span class='ocrx_word' id='word_1_557' title='bbox 984 5775 1120 5851; x_wconf 76' lang='lat' dir='ltr'><strong>Reg.</strong></span> <span class='ocrx_word' id='word_1_558' title='bbox 1145 5794 1222 5845; x_wconf 79' lang='lat' dir='ltr'><strong>Ix,</strong></span> <span class='ocrx_word' id='word_1_559' title='bbox 1250 5776 1343 5832; x_wconf 75' lang='lat'><strong>28.</strong></span> 
     </span>
    </p>
   </div>
   <div class='ocr_carea' id='block_1_63' title="bbox 263 5854 477 5913">
    <p class='ocr_par' dir='ltr' id='par_1_63' title="bbox 263 5854 477 5913">
     <span class='ocr_line' id='line_1_63' title="bbox 263 5854 477 5913; baseline -0.009 -1"><span class='ocrx_word' id='word_1_560' title='bbox 263 5856 318 5893; x_wconf 77' lang='grc'><strong><em>³⁸</em></strong></span> <span class='ocrx_word' id='word_1_561' title='bbox 344 5854 477 5913; x_wconf 80' lang='lat' dir='ltr'><strong>ibid.</strong></span> 
     </span>
    </p>
   </div>
   <div class='ocr_carea' id='block_1_64' title="bbox 594 5937 1277 6011">
    <p class='ocr_par' dir='ltr' id='par_1_64' title="bbox 594 5937 1277 6011">
     <span class='ocr_line' id='line_1_64' title="bbox 594 5937 1277 6011; baseline -0.019 0"><span class='ocrx_word' id='word_1_562' title='bbox 594 5948 865 6011; x_wconf 70' lang='grc' dir='ltr'><strong>Ριτιοι.</strong></span> <span class='ocrx_word' id='word_1_563' title='bbox 899 5943 1020 6005; x_wconf 75' lang='lat' dir='ltr'><strong>Gn.</strong></span> <span class='ocrx_word' id='word_1_564' title='bbox 1052 5937 1277 6002; x_wconf 80' lang='lat' dir='ltr'><strong>XCIII.</strong></span> 
     </span>
    </p>
   </div>
   <div class='ocr_carea' id='block_1_65' title="bbox 1439 5774 1922 5846">
    <p class='ocr_par' dir='ltr' id='par_1_65' title="bbox 1439 5774 1922 5846">
     <span class='ocr_line' id='line_1_65' title="bbox 1439 5774 1922 5846; baseline -0.006 -13"><span class='ocrx_word' id='word_1_565' title='bbox 1439 5777 1486 5811; x_wconf 84' lang='lat'><strong>&quot;</strong></span> <span class='ocrx_word' id='word_1_566' title='bbox 1516 5776 1674 5834; x_wconf 89' lang='lat' dir='ltr'><strong>Cant.</strong></span> <span class='ocrx_word' id='word_1_567' title='bbox 1702 5791 1801 5846; x_wconf 85' lang='lat' dir='ltr'><strong>vlt,</strong></span> <span class='ocrx_word' id='word_1_568' title='bbox 1832 5774 1922 5832; x_wconf 74' lang='lat' dir='ltr'><strong>il.</strong></span> 
     </span>
    </p>
   </div>
   <div class='ocr_carea' id='block_1_66' title="bbox 1973 2000 3558 2074">
    <p class='ocr_par' dir='ltr' id='par_1_66' title="bbox 1973 2000 3558 2074">
     <span class='ocr_line' id='line_1_66' title="bbox 1973 2000 3558 2074; baseline 0.009 -22"><span class='ocrx_word' id='word_1_569' title='bbox 1973 2000 2050 2053; x_wconf 88' lang='lat' dir='ltr'><strong>ait</strong></span> <span class='ocrx_word' id='word_1_570' title='bbox 2092 2001 2312 2066; x_wconf 83' lang='lat' dir='ltr'><strong>Paulus,</strong></span> <span class='ocrx_word' id='word_1_571' title='bbox 2347 2002 2449 2058; x_wconf 80' lang='lat' dir='ltr'><strong>Ore</strong></span> <span class='ocrx_word' id='word_1_572' title='bbox 2496 2013 2672 2058; x_wconf 88' lang='lat' dir='ltr'><strong>autem</strong></span> <span class='ocrx_word' id='word_1_573' title='bbox 2717 2006 3032 2074; x_wconf 75' lang='lat' dir='ltr'><strong>conﬁteatur</strong></span> <span class='ocrx_word' id='word_1_574' title='bbox 3062 2006 3123 2063; x_wconf 80' lang='lat'><strong>&quot;.</strong></span> <span class='ocrx_word' id='word_1_575' title='bbox 3172 2008 3263 2064; x_wconf 85' lang='lat' dir='ltr'><strong>Sic</strong></span> <span class='ocrx_word' id='word_1_576' title='bbox 3313 2010 3456 2063; x_wconf 91' lang='lat' dir='ltr'><strong>enim</strong></span> <span class='ocrx_word' id='word_1_577' title='bbox 3505 2011 3558 2067; x_wconf 84' lang='lat' dir='ltr'><strong>ei</strong></span> 
     </span>
    </p>
   </div>
   <div class='ocr_carea' id='block_1_67' title="bbox 1977 2091 3557 2171">
    <p class='ocr_par' dir='ltr' id='par_1_67' title="bbox 1977 2091 3557 2171">
     <span class='ocr_line' id='line_1_67' title="bbox 1977 2091 3557 2171; baseline 0.008 -25"><span class='ocrx_word' id='word_1_578' title='bbox 1977 2091 2112 2156; x_wconf 75' lang='lat' dir='ltr'><strong>haec,</strong></span> <span class='ocrx_word' id='word_1_579' title='bbox 2152 2093 2252 2147; x_wconf 85' lang='lat' dir='ltr'><strong>tria</strong></span> <span class='ocrx_word' id='word_1_580' title='bbox 2296 2106 2407 2149; x_wconf 88' lang='lat' dir='ltr'><strong>non</strong></span> <span class='ocrx_word' id='word_1_581' title='bbox 2456 2096 2630 2150; x_wconf 90' lang='lat' dir='ltr'><strong>solum</strong></span> <span class='ocrx_word' id='word_1_582' title='bbox 2667 2097 2949 2152; x_wconf 73' lang='lat' dir='ltr'><strong>confitenti</strong></span> <span class='ocrx_word' id='word_1_583' title='bbox 2995 2098 3196 2171; x_wconf 78' lang='lat' dir='ltr'><strong>lingua,</strong></span> <span class='ocrx_word' id='word_1_584' title='bbox 3231 2101 3325 2156; x_wconf 88' lang='lat' dir='ltr'><strong>sed</strong></span> <span class='ocrx_word' id='word_1_585' title='bbox 3360 2108 3417 2156; x_wconf 87' lang='lat' dir='ltr'><strong>et</strong></span> <span class='ocrx_word' id='word_1_586' title='bbox 3453 2102 3557 2158; x_wconf 85' lang='lat' dir='ltr'><strong>ﬁde</strong></span> 
     </span>
    </p>
   </div>
   <div class='ocr_carea' id='block_1_68' title="bbox 1972 2186 3559 2260">
    <p class='ocr_par' dir='ltr' id='par_1_68' title="bbox 1972 2186 3559 2260">
     <span class='ocr_line' id='line_1_68' title="bbox 1972 2186 3559 2260; baseline 0.006 -19"><span class='ocrx_word' id='word_1_587' title='bbox 1972 2186 2241 2249; x_wconf 87' lang='lat' dir='ltr'><strong>credenti,</strong></span> <span class='ocrx_word' id='word_1_588' title='bbox 2283 2186 2429 2260; x_wconf 42' lang='lat' dir='ltr'><strong>,ﬁunt</strong></span> <span class='ocrx_word' id='word_1_589' title='bbox 2474 2188 2595 2244; x_wconf 79' lang='lat' dir='ltr'><strong>dua:</strong></span> <span class='ocrx_word' id='word_1_590' title='bbox 2645 2189 2938 2244; x_wconf 66' lang='lat' dir='ltr'><strong>drachma}.</strong></span> <span class='ocrx_word' id='word_1_591' title='bbox 2977 2189 3063 2245; x_wconf 86' lang='lat' dir='ltr'><strong>Fit</strong></span> <span class='ocrx_word' id='word_1_592' title='bbox 3110 2205 3291 2247; x_wconf 89' lang='lat' dir='ltr'><strong>autem</strong></span> <span class='ocrx_word' id='word_1_593' title='bbox 3332 2204 3387 2249; x_wconf 91' lang='lat' dir='ltr'><strong>et</strong></span> <span class='ocrx_word' id='word_1_594' title='bbox 3433 2195 3559 2250; x_wconf 90' lang='lat' dir='ltr'><strong>huic</strong></span> 
     </span>
    </p>
   </div>
   <div class='ocr_carea' id='block_1_69' title="bbox 1974 2274 3554 2350">
    <p class='ocr_par' dir='ltr' id='par_1_69' title="bbox 1974 2274 3554 2350">
     <span class='ocr_line' id='line_1_69' title="bbox 1974 2274 3554 2350; baseline 0.005 -18"><span class='ocrx_word' id='word_1_595' title='bbox 1974 2274 2101 2332; x_wconf 87' lang='lat' dir='ltr'><strong>talis</strong></span> <span class='ocrx_word' id='word_1_596' title='bbox 2129 2274 2265 2332; x_wconf 87' lang='lat' dir='ltr'><strong>ﬁdes</strong></span> <span class='ocrx_word' id='word_1_597' title='bbox 2305 2279 2374 2333; x_wconf 86' lang='lat' dir='ltr'><strong>ad</strong></span> <span class='ocrx_word' id='word_1_598' title='bbox 2414 2279 2808 2350; x_wconf 83' lang='lat' dir='ltr'><strong>perfectionem</strong></span> <span class='ocrx_word' id='word_1_599' title='bbox 2858 2281 3188 2338; x_wconf 84' lang='lat' dir='ltr'><strong>mediocrem</strong></span> <span class='ocrx_word' id='word_1_600' title='bbox 3226 2302 3238 2338; x_wconf 94' lang='lat'>:</span> <span class='ocrx_word' id='word_1_601' title='bbox 3275 2298 3381 2340; x_wconf 89' lang='lat' dir='ltr'><strong>tres</strong></span> <span class='ocrx_word' id='word_1_602' title='bbox 3408 2286 3554 2340; x_wconf 91' lang='lat' dir='ltr'><strong>enim</strong></span> 
     </span>
    </p>
   </div>
   <div class='ocr_carea' id='block_1_70' title="bbox 1974 2366 3558 2435">
    <p class='ocr_par' dir='ltr' id='par_1_70' title="bbox 1974 2366 3558 2435">
     <span class='ocr_line' id='line_1_70' title="bbox 1974 2366 3558 2435; baseline 0.004 -12"><span class='ocrx_word' id='word_1_603' title='bbox 1974 2367 2328 2435; x_wconf 64' lang='lat' dir='ltr'><strong>didrachmas,</strong></span> <span class='ocrx_word' id='word_1_604' title='bbox 2361 2382 2455 2424; x_wconf 79' lang='lat' dir='ltr'><strong>sex</strong></span> <span class='ocrx_word' id='word_1_605' title='bbox 2491 2378 2619 2426; x_wconf 84' lang='lat' dir='ltr'><strong>sunt</strong></span> <span class='ocrx_word' id='word_1_606' title='bbox 2647 2366 2923 2427; x_wconf 63' lang='lat' dir='ltr'><strong>drachma&#39;</strong></span> <span class='ocrx_word' id='word_1_607' title='bbox 2954 2390 2966 2425; x_wconf 92' lang='lat'><strong>:</strong></span> <span class='ocrx_word' id='word_1_608' title='bbox 3009 2382 3101 2428; x_wconf 80' lang='lat' dir='ltr'><strong>Sex</strong></span> <span class='ocrx_word' id='word_1_609' title='bbox 3134 2382 3316 2429; x_wconf 88' lang='lat' dir='ltr'><strong>autem</strong></span> <span class='ocrx_word' id='word_1_610' title='bbox 3357 2377 3558 2431; x_wconf 89' lang='lat' dir='ltr'><strong>drach-</strong></span> 
     </span>
    </p>
   </div>
   <div class='ocr_carea' id='block_1_71' title="bbox 1973 2463 3558 2535">
    <p class='ocr_par' dir='ltr' id='par_1_71' title="bbox 1973 2463 3558 2535">
     <span class='ocr_line' id='line_1_71' title="bbox 1973 2463 3558 2535; baseline 0.005 -18"><span class='ocrx_word' id='word_1_611' title='bbox 1973 2478 2098 2525; x_wconf 72' lang='lat' dir='ltr'><strong>mae,</strong></span> <span class='ocrx_word' id='word_1_612' title='bbox 2131 2463 2411 2535; x_wconf 80' lang='lat' dir='ltr'><strong>sexaginta</strong></span> <span class='ocrx_word' id='word_1_613' title='bbox 2442 2470 2570 2518; x_wconf 88' lang='lat' dir='ltr'><strong>sunt</strong></span> <span class='ocrx_word' id='word_1_614' title='bbox 2604 2464 2774 2529; x_wconf 93' lang='lat' dir='ltr'><strong>oboli,</strong></span> <span class='ocrx_word' id='word_1_615' title='bbox 2802 2464 2892 2521; x_wconf 91' lang='lat' dir='ltr'><strong>bic</strong></span> <span class='ocrx_word' id='word_1_616' title='bbox 2919 2473 3101 2521; x_wconf 90' lang='lat' dir='ltr'><strong>autem</strong></span> <span class='ocrx_word' id='word_1_617' title='bbox 3138 2467 3258 2522; x_wconf 91' lang='lat' dir='ltr'><strong>talis</strong></span> <span class='ocrx_word' id='word_1_618' title='bbox 3293 2483 3558 2525; x_wconf 86' lang='lat' dir='ltr'><strong>numerus</strong></span> 
     </span>
    </p>
   </div>
   <div class='ocr_carea' id='block_1_72' title="bbox 1974 2554 3556 2631">
    <p class='ocr_par' dir='ltr' id='par_1_72' title="bbox 1974 2554 3556 2631">
     <span class='ocr_line' id='line_1_72' title="bbox 1974 2554 3556 2631; baseline 0.004 -22"><span class='ocrx_word' id='word_1_619' title='bbox 1974 2554 2304 2609; x_wconf 88' lang='lat' dir='ltr'><strong>mediocrem</strong></span> <span class='ocrx_word' id='word_1_620' title='bbox 2334 2555 2731 2626; x_wconf 81' lang='lat' dir='ltr'><strong>perfectionem</strong></span> <span class='ocrx_word' id='word_1_621' title='bbox 2774 2558 2929 2626; x_wconf 88' lang='lat' dir='ltr'><strong>gerit.</strong></span> <span class='ocrx_word' id='word_1_622' title='bbox 2972 2556 3264 2628; x_wconf 84' lang='lat' dir='ltr'><strong>Pr0pterea</strong></span> <span class='ocrx_word' id='word_1_623' title='bbox 3295 2567 3350 2614; x_wconf 90' lang='lat' dir='ltr'><strong>et</strong></span> <span class='ocrx_word' id='word_1_624' title='bbox 3381 2577 3556 2631; x_wconf 86' lang='lat' dir='ltr'><strong>popu-</strong></span> 
     </span>
    </p>
   </div>
   <div class='ocr_carea' id='block_1_73' title="bbox 1974 2645 3558 2720">
    <p class='ocr_par' dir='ltr' id='par_1_73' title="bbox 1974 2645 3558 2720">
     <span class='ocr_line' id='line_1_73' title="bbox 1974 2645 3558 2720; baseline 0.003 -18"><span class='ocrx_word' id='word_1_625' title='bbox 1974 2645 2061 2702; x_wconf 88' lang='lat' dir='ltr'><strong>lus</strong></span> <span class='ocrx_word' id='word_1_626' title='bbox 2090 2646 2273 2712; x_wconf 83' lang='lat' dir='ltr'><strong>Israel,</strong></span> <span class='ocrx_word' id='word_1_627' title='bbox 2316 2655 2701 2703; x_wconf 70' lang='lat' dir='ltr'><strong>sescentorum</strong></span> <span class='ocrx_word' id='word_1_628' title='bbox 2750 2648 3002 2714; x_wconf 90' lang='lat' dir='ltr'><strong>millium,</strong></span> <span class='ocrx_word' id='word_1_629' title='bbox 3043 2650 3189 2720; x_wconf 92' lang='lat' dir='ltr'><strong>quod</strong></span> <span class='ocrx_word' id='word_1_630' title='bbox 3229 2661 3358 2706; x_wconf 89' lang='lat' dir='ltr'><strong>sunt</strong></span> <span class='ocrx_word' id='word_1_631' title='bbox 3398 2668 3558 2708; x_wconf 80' lang='lat' dir='ltr'><strong>sexa-</strong></span> 
     </span>
    </p>
   </div>
   <div class='ocr_carea' id='block_1_74' title="bbox 1974 2737 3556 2811">
    <p class='ocr_par' dir='ltr' id='par_1_74' title="bbox 1974 2737 3556 2811">
     <span class='ocr_line' id='line_1_74' title="bbox 1974 2737 3556 2811; baseline 0.004 -18"><span class='ocrx_word' id='word_1_632' title='bbox 1974 2737 2125 2809; x_wconf 79' lang='lat' dir='ltr'><strong>ginta</strong></span> <span class='ocrx_word' id='word_1_633' title='bbox 2169 2739 2457 2811; x_wconf 90' lang='lat' dir='ltr'><strong>myriades,</strong></span> <span class='ocrx_word' id='word_1_634' title='bbox 2506 2755 2801 2797; x_wconf 90' lang='lat' dir='ltr'><strong>numerum</strong></span> <span class='ocrx_word' id='word_1_635' title='bbox 2835 2740 3044 2798; x_wconf 87' lang='lat' dir='ltr'><strong>habuit.</strong></span> <span class='ocrx_word' id='word_1_636' title='bbox 3086 2738 3377 2800; x_wconf 88' lang='lat' dir='ltr'><strong>Sensibilis</strong></span> <span class='ocrx_word' id='word_1_637' title='bbox 3408 2746 3556 2801; x_wconf 87' lang='lat' dir='ltr'><strong>enim</strong></span> 
     </span>
    </p>
   </div>
   <div class='ocr_carea' id='block_1_75' title="bbox 1973 2827 3557 2907">
    <p class='ocr_par' dir='ltr' id='par_1_75' title="bbox 1973 2827 3557 2907">
     <span class='ocr_line' id='line_1_75' title="bbox 1973 2827 3557 2907; baseline 0.004 -22"><span class='ocrx_word' id='word_1_638' title='bbox 1973 2831 2140 2886; x_wconf 89' lang='lat' dir='ltr'><strong>Israel</strong></span> <span class='ocrx_word' id='word_1_639' title='bbox 2169 2827 2407 2887; x_wconf 85' lang='lat' dir='ltr'><strong>habebat</strong></span> <span class='ocrx_word' id='word_1_640' title='bbox 2430 2833 2649 2902; x_wconf 89' lang='lat' dir='ltr'><strong>quidem</strong></span> <span class='ocrx_word' id='word_1_641' title='bbox 2679 2840 2736 2889; x_wconf 84' lang='lat' dir='ltr'><strong>et</strong></span> <span class='ocrx_word' id='word_1_642' title='bbox 2761 2834 3110 2890; x_wconf 79' lang='lat' dir='ltr'><strong>mediocriter</strong></span> <span class='ocrx_word' id='word_1_643' title='bbox 3137 2836 3431 2906; x_wconf 89' lang='lat' dir='ltr'><strong>perfectos,</strong></span> <span class='ocrx_word' id='word_1_644' title='bbox 3462 2836 3557 2907; x_wconf 89' lang='lat' dir='ltr'><strong>qui</strong></span> 
     </span>
    </p>
   </div>
   <div class='ocr_carea' id='block_1_76' title="bbox 1974 2914 3557 2993">
    <p class='ocr_par' dir='ltr' id='par_1_76' title="bbox 1974 2914 3557 2993">
     <span class='ocr_line' id='line_1_76' title="bbox 1974 2914 3557 2993; baseline 0.007 -21"><span class='ocrx_word' id='word_1_645' title='bbox 1974 2914 2029 2972; x_wconf 89' lang='lat' dir='ltr'><strong>in</strong></span> <span class='ocrx_word' id='word_1_646' title='bbox 2087 2918 2206 2989; x_wconf 86' lang='lat' dir='ltr'><strong>lege</strong></span> <span class='ocrx_word' id='word_1_647' title='bbox 2260 2920 2579 2986; x_wconf 75' lang='lat' dir='ltr'><strong>conSti‘tuti,</strong></span> <span class='ocrx_word' id='word_1_648' title='bbox 2642 2919 3022 2993; x_wconf 81' lang='lat' dir='ltr'><strong>Evangelicam</strong></span> <span class='ocrx_word' id='word_1_649' title='bbox 3082 2926 3557 2983; x_wconf 88' lang='lat' dir='ltr'><strong>conversationem</strong></span> 
     </span>
    </p>
   </div>
   <div class='ocr_carea' id='block_1_77' title="bbox 1973 3008 3556 3087">
    <p class='ocr_par' dir='ltr' id='par_1_77' title="bbox 1973 3008 3556 3087">
     <span class='ocr_line' id='line_1_77' title="bbox 1973 3008 3556 3087; baseline 0.008 -23"><span class='ocrx_word' id='word_1_650' title='bbox 1973 3010 2320 3081; x_wconf 86' lang='lat' dir='ltr'><strong>aliquatenus</strong></span> <span class='ocrx_word' id='word_1_651' title='bbox 2348 3013 2602 3084; x_wconf 78' lang='lat' dir='ltr'><strong>agebant.</strong></span> <span class='ocrx_word' id='word_1_652' title='bbox 2647 3008 2789 3069; x_wconf 85' lang='lat' dir='ltr'><strong>Sunt</strong></span> <span class='ocrx_word' id='word_1_653' title='bbox 2815 3022 3020 3082; x_wconf 89' lang='lat' dir='ltr'><strong>autem,</strong></span> <span class='ocrx_word' id='word_1_654' title='bbox 3048 3017 3246 3087; x_wconf 88' lang='lat' dir='ltr'><strong>quibus</strong></span> <span class='ocrx_word' id='word_1_655' title='bbox 3278 3020 3556 3077; x_wconf 83' lang='lat' dir='ltr'><strong>mediocre</strong></span> 
     </span>
    </p>
   </div>
   <div class='ocr_carea' id='block_1_78' title="bbox 1973 3101 3557 3181">
    <p class='ocr_par' dir='ltr' id='par_1_78' title="bbox 1973 3101 3557 3181">
     <span class='ocr_line' id='line_1_78' title="bbox 1973 3101 3557 3181; baseline 0.008 -25"><span class='ocrx_word' id='word_1_656' title='bbox 1973 3101 2109 3175; x_wconf 83' lang='lat' dir='ltr'><strong>legis</strong></span> <span class='ocrx_word' id='word_1_657' title='bbox 2137 3110 2193 3157; x_wconf 85' lang='lat' dir='ltr'><strong>et</strong></span> <span class='ocrx_word' id='word_1_658' title='bbox 2223 3105 2615 3174; x_wconf 84' lang='lat' dir='ltr'><strong>prOphetarum</strong></span> <span class='ocrx_word' id='word_1_659' title='bbox 2645 3112 2765 3161; x_wconf 86' lang='lat' dir='ltr'><strong>erat</strong></span> <span class='ocrx_word' id='word_1_660' title='bbox 2794 3107 3034 3162; x_wconf 84' lang='lat' dir='ltr'><strong>studium</strong></span> <span class='ocrx_word' id='word_1_661' title='bbox 3068 3121 3291 3180; x_wconf 90' lang='lat' dir='ltr'><strong>propter</strong></span> <span class='ocrx_word' id='word_1_662' title='bbox 3327 3112 3471 3181; x_wconf 91' lang='lat' dir='ltr'><strong>quod</strong></span> <span class='ocrx_word' id='word_1_663' title='bbox 3500 3124 3557 3169; x_wconf 83' lang='lat' dir='ltr'><strong>et</strong></span> 
     </span>
    </p>
   </div>
   <div class='ocr_carea' id='block_1_79' title="bbox 1975 3194 3555 3269">
    <p class='ocr_par' dir='ltr' id='par_1_79' title="bbox 1975 3194 3555 3269">
     <span class='ocr_line' id='line_1_79' title="bbox 1975 3194 3555 3269; baseline 0.008 -20"><span class='ocrx_word' id='word_1_664' title='bbox 1975 3194 2195 3262; x_wconf 91' lang='lat' dir='ltr'><strong>similia,</strong></span> <span class='ocrx_word' id='word_1_665' title='bbox 2232 3196 2501 3267; x_wconf 84' lang='lat' dir='ltr'><strong>myriades</strong></span> <span class='ocrx_word' id='word_1_666' title='bbox 2532 3206 2709 3263; x_wconf 88' lang='lat' dir='ltr'><strong>erant,</strong></span> <span class='ocrx_word' id='word_1_667' title='bbox 2746 3199 2841 3254; x_wconf 89' lang='lat' dir='ltr'><strong>sed</strong></span> <span class='ocrx_word' id='word_1_668' title='bbox 2886 3215 2989 3254; x_wconf 87' lang='lat' dir='ltr'><strong>nec</strong></span> <span class='ocrx_word' id='word_1_669' title='bbox 3034 3201 3184 3256; x_wconf 89' lang='lat' dir='ltr'><strong>mille</strong></span> <span class='ocrx_word' id='word_1_670' title='bbox 3229 3202 3419 3269; x_wconf 82' lang='lat' dir='ltr'><strong>millia,</strong></span> <span class='ocrx_word' id='word_1_671' title='bbox 3453 3220 3555 3261; x_wconf 88' lang='lat' dir='ltr'><strong>nec</strong></span> 
     </span>
    </p>
   </div>
   <div class='ocr_carea' id='block_1_80' title="bbox 1975 3286 3552 3365">
    <p class='ocr_par' dir='ltr' id='par_1_80' title="bbox 1975 3286 3552 3365">
     <span class='ocr_line' id='line_1_80' title="bbox 1975 3286 3552 3365; baseline 0.006 -24"><span class='ocrx_word' id='word_1_672' title='bbox 1975 3286 2160 3358; x_wconf 63' lang='lat' dir='ltr'><strong>myriaa</strong></span> <span class='ocrx_word' id='word_1_673' title='bbox 2191 3288 2483 3359; x_wconf 89' lang='lat' dir='ltr'><strong>myriades,</strong></span> <span class='ocrx_word' id='word_1_674' title='bbox 2515 3292 2576 3344; x_wconf 86' lang='lat' dir='ltr'><strong>ut</strong></span> <span class='ocrx_word' id='word_1_675' title='bbox 2621 3298 2840 3361; x_wconf 78' lang='lat' dir='ltr'><strong>semper</strong></span> <span class='ocrx_word' id='word_1_676' title='bbox 2877 3301 3025 3347; x_wconf 82' lang='lat' dir='ltr'><strong>esset</strong></span> <span class='ocrx_word' id='word_1_677' title='bbox 3061 3293 3117 3347; x_wconf 88' lang='lat' dir='ltr'><strong>in</strong></span> <span class='ocrx_word' id='word_1_678' title='bbox 3151 3293 3230 3348; x_wconf 92' lang='lat' dir='ltr'><strong>eis</strong></span> <span class='ocrx_word' id='word_1_679' title='bbox 3256 3295 3552 3365; x_wconf 86' lang='lat' dir='ltr'><strong>perfectio;</strong></span> 
     </span>
    </p>
   </div>
   <div class='ocr_carea' id='block_1_81' title="bbox 1974 3378 3555 3459">
    <p class='ocr_par' dir='ltr' id='par_1_81' title="bbox 1974 3378 3555 3459">
     <span class='ocr_line' id='line_1_81' title="bbox 1974 3378 3555 3459; baseline 0.005 -24"><span class='ocrx_word' id='word_1_680' title='bbox 1974 3382 2079 3436; x_wconf 90' lang='lat' dir='ltr'><strong>hoc</strong></span> <span class='ocrx_word' id='word_1_681' title='bbox 2128 3378 2274 3436; x_wconf 90' lang='lat' dir='ltr'><strong>enim</strong></span> <span class='ocrx_word' id='word_1_682' title='bbox 2324 3382 2677 3454; x_wconf 86' lang='lat' dir='ltr'><strong>angelorum,</strong></span> <span class='ocrx_word' id='word_1_683' title='bbox 2733 3386 2790 3439; x_wconf 85' lang='lat' dir='ltr'><strong>et</strong></span> <span class='ocrx_word' id='word_1_684' title='bbox 2824 3382 3136 3459; x_wconf 85' lang='lat' dir='ltr'><strong>secundum</strong></span> <span class='ocrx_word' id='word_1_685' title='bbox 3185 3387 3555 3459; x_wconf 89' lang='lat' dir='ltr'><strong>evangelicam</strong></span> 
     </span>
    </p>
   </div>
   <div class='ocr_carea' id='block_1_82' title="bbox 1970 3458 3656 3545">
    <p class='ocr_par' dir='ltr' id='par_1_82' title="bbox 1970 3458 3656 3545">
     <span class='ocr_line' id='line_1_82' title="bbox 1970 3458 3656 3545; baseline 0.002 -19"><span class='ocrx_word' id='word_1_686' title='bbox 1970 3470 2142 3526; x_wconf 89' lang='lat' dir='ltr'><strong>vitam</strong></span> <span class='ocrx_word' id='word_1_687' title='bbox 2199 3472 2649 3528; x_wconf 82' lang='lat' dir='ltr'><strong>conversantium</strong></span> <span class='ocrx_word' id='word_1_688' title='bbox 2704 3458 2839 3529; x_wconf 57' lang='lat' dir='ltr'><strong>est.‘</strong></span> <span class='ocrx_word' id='word_1_689' title='bbox 2864 3473 3057 3545; x_wconf 79' lang='lat' dir='ltr'><strong>Angeli</strong></span> <span class='ocrx_word' id='word_1_690' title='bbox 3112 3474 3261 3529; x_wconf 83' lang='lat' dir='ltr'><strong>enim</strong></span> <span class='ocrx_word' id='word_1_691' title='bbox 3314 3458 3372 3529; x_wconf 88' lang='lat' dir='ltr'><strong>et</strong></span> <span class='ocrx_word' id='word_1_692' title='bbox 3422 3475 3550 3545; x_wconf 79' lang='lat' dir='ltr'><strong>ipsi,</strong></span> <span class='ocrx_word' id='word_1_693' title='bbox 3643 3487 3656 3501; x_wconf 87' lang='lat'><strong><em>&#39;</em></strong></span> 
     </span>
    </p>
   </div>
   <div class='ocr_carea' id='block_1_83' title="bbox 1970 3563 2947 3635">
    <p class='ocr_par' dir='ltr' id='par_1_83' title="bbox 1970 3563 2947 3635">
     <span class='ocr_line' id='line_1_83' title="bbox 1970 3563 2947 3635; baseline 0.004 -18"><span class='ocrx_word' id='word_1_694' title='bbox 1970 3564 2192 3635; x_wconf 87' lang='lat' dir='ltr'><strong>quando</strong></span> <span class='ocrx_word' id='word_1_695' title='bbox 2224 3563 2579 3635; x_wconf 81' lang='lat' dir='ltr'><strong>profecerim,</strong></span> <span class='ocrx_word' id='word_1_696' title='bbox 2610 3564 2947 3621; x_wconf 73' lang='lat' dir='ltr'><strong>efﬁciuntur.</strong></span> 
     </span>
    </p>
   </div>
   <div class='ocr_carea' id='block_1_84' title="bbox 2041 3652 3555 3727">
    <p class='ocr_par' dir='ltr' id='par_1_84' title="bbox 2041 3652 3555 3727">
     <span class='ocr_line' id='line_1_84' title="bbox 2041 3652 3555 3727; baseline 0.002 -20"><span class='ocrx_word' id='word_1_697' title='bbox 2041 3652 2431 3724; x_wconf 77' lang='lat' dir='ltr'><strong>Sexagenarius</strong></span> <span class='ocrx_word' id='word_1_698' title='bbox 2457 3663 2635 3708; x_wconf 81' lang='lat' dir='ltr'><strong>autem</strong></span> <span class='ocrx_word' id='word_1_699' title='bbox 2666 3664 2715 3709; x_wconf 83' lang='lat' dir='ltr'><strong>et</strong></span> <span class='ocrx_word' id='word_1_700' title='bbox 2744 3654 2889 3708; x_wconf 84' lang='lat' dir='ltr'><strong>ultra</strong></span> <span class='ocrx_word' id='word_1_701' title='bbox 2914 3654 3202 3719; x_wconf 80' lang='lat' dir='ltr'><strong>masculus,</strong></span> <span class='ocrx_word' id='word_1_702' title='bbox 3225 3656 3370 3710; x_wconf 72' lang='lat' dir='ltr'><strong>dabit</strong></span> <span class='ocrx_word' id='word_1_703' title='bbox 3397 3657 3555 3727; x_wconf 86' lang='lat' dir='ltr'><strong>quin-</strong></span> 
     </span>
    </p>
   </div>
   <div class='ocr_carea' id='block_1_85' title="bbox 1970 3744 3663 3816">
    <p class='ocr_par' dir='ltr' id='par_1_85' title="bbox 1970 3744 3663 3816">
     <span class='ocr_line' id='line_1_85' title="bbox 1970 3744 3663 3816; baseline 0.002 -18"><span class='ocrx_word' id='word_1_704' title='bbox 1970 3744 2135 3798; x_wconf 87' lang='lat' dir='ltr'><strong>decim</strong></span> <span class='ocrx_word' id='word_1_705' title='bbox 2169 3745 2342 3808; x_wconf 87' lang='lat' dir='ltr'><strong>siclos,</strong></span> <span class='ocrx_word' id='word_1_706' title='bbox 2374 3745 2482 3799; x_wconf 84' lang='lat' dir='ltr'><strong>sive</strong></span> <span class='ocrx_word' id='word_1_707' title='bbox 2517 3745 2875 3809; x_wconf 80' lang='lat' dir='ltr'><strong>didrachmas,</strong></span> <span class='ocrx_word' id='word_1_708' title='bbox 2907 3746 3106 3816; x_wconf 80' lang='lat' dir='ltr'><strong>femina</strong></span> <span class='ocrx_word' id='word_1_709' title='bbox 3137 3756 3316 3800; x_wconf 84' lang='lat' dir='ltr'><strong>autem</strong></span> <span class='ocrx_word' id='word_1_710' title='bbox 3352 3747 3551 3802; x_wconf 82' lang='lat' dir='ltr'><strong>decem.</strong></span> <span class='ocrx_word' id='word_1_711' title='bbox 3652 3782 3663 3791; x_wconf 70' lang='grc' dir='ltr'><strong><em>ο</em></strong></span> 
     </span>
    </p>
   </div>
   <div class='ocr_carea' id='block_1_86' title="bbox 1970 3836 3555 3911">
    <p class='ocr_par' dir='ltr' id='par_1_86' title="bbox 1970 3836 3555 3911">
     <span class='ocr_line' id='line_1_86' title="bbox 1970 3836 3555 3911; baseline 0.001 -19"><span class='ocrx_word' id='word_1_712' title='bbox 1970 3836 2042 3894; x_wconf 86' lang='grc' dir='ltr'>Ει</span> <span class='ocrx_word' id='word_1_713' title='bbox 2070 3839 2194 3908; x_wconf 90' lang='lat' dir='ltr'><strong>quis</strong></span> <span class='ocrx_word' id='word_1_714' title='bbox 2225 3848 2308 3894; x_wconf 91' lang='lat' dir='ltr'><strong>est</strong></span> <span class='ocrx_word' id='word_1_715' title='bbox 2334 3838 2445 3904; x_wconf 90' lang='lat' dir='ltr'><strong>hic,</strong></span> <span class='ocrx_word' id='word_1_716' title='bbox 2476 3837 2570 3908; x_wconf 89' lang='lat' dir='ltr'><strong>qui</strong></span> <span class='ocrx_word' id='word_1_717' title='bbox 2597 3838 2892 3893; x_wconf 79' lang='lat' dir='ltr'><strong>maximam</strong></span> <span class='ocrx_word' id='word_1_718' title='bbox 2920 3838 3419 3901; x_wconf 84' lang='lat' dir='ltr'><strong>conversationem.</strong></span> <span class='ocrx_word' id='word_1_719' title='bbox 3454 3855 3555 3911; x_wconf 88' lang='lat' dir='ltr'><strong>per</strong></span> 
     </span>
    </p>
   </div>
   <div class='ocr_carea' id='block_1_87' title="bbox 1969 3930 3556 4002">
    <p class='ocr_par' dir='ltr' id='par_1_87' title="bbox 1969 3930 3556 4002">
     <span class='ocr_line' id='line_1_87' title="bbox 1969 3930 3556 4002; baseline 0.003 -21"><span class='ocrx_word' id='word_1_720' title='bbox 1969 3930 2341 4002; x_wconf 82' lang='lat' dir='ltr'><strong>virginitatem</strong></span> <span class='ocrx_word' id='word_1_721' title='bbox 2363 3947 2415 3986; x_wconf 74' lang='grc' dir='ltr'><strong>ν.</strong></span> <span class='ocrx_word' id='word_1_722' title='bbox 2440 3946 2547 4001; x_wconf 88' lang='lat' dir='ltr'><strong>gr.,</strong></span> <span class='ocrx_word' id='word_1_723' title='bbox 2584 3930 2673 3985; x_wconf 82' lang='lat' dir='ltr'><strong>vel</strong></span> <span class='ocrx_word' id='word_1_724' title='bbox 2709 3944 2821 3985; x_wconf 84' lang='lat' dir='ltr'><strong>non</strong></span> <span class='ocrx_word' id='word_1_725' title='bbox 2850 3930 3205 4001; x_wconf 85' lang='lat' dir='ltr'><strong>possidendo,</strong></span> <span class='ocrx_word' id='word_1_726' title='bbox 3230 3930 3556 3987; x_wconf 86' lang='lat' dir='ltr'><strong>virtutibus-</strong></span> 
     </span>
    </p>
   </div>
   <div class='ocr_carea' id='block_1_88' title="bbox 1970 4023 3555 4096">
    <p class='ocr_par' dir='ltr' id='par_1_88' title="bbox 1970 4023 3555 4096">
     <span class='ocr_line' id='line_1_88' title="bbox 1970 4023 3555 4096; baseline 0.001 -18"><span class='ocrx_word' id='word_1_727' title='bbox 1970 4036 2079 4094; x_wconf 89' lang='lat' dir='ltr'><strong>que</strong></span> <span class='ocrx_word' id='word_1_728' title='bbox 2123 4024 2246 4079; x_wconf 86' lang='lat' dir='ltr'><strong>aliis</strong></span> <span class='ocrx_word' id='word_1_729' title='bbox 2294 4024 2589 4096; x_wconf 82' lang='lat' dir='ltr'><strong>promittit,</strong></span> <span class='ocrx_word' id='word_1_730' title='bbox 2628 4031 2685 4079; x_wconf 87' lang='lat' dir='ltr'><strong>et</strong></span> <span class='ocrx_word' id='word_1_731' title='bbox 2736 4032 2865 4094; x_wconf 87' lang='lat' dir='ltr'><strong>post</strong></span> <span class='ocrx_word' id='word_1_732' title='bbox 2906 4025 3025 4081; x_wconf 70' lang='lat' dir='ltr'><strong>haec</strong></span> <span class='ocrx_word' id='word_1_733' title='bbox 3072 4023 3383 4081; x_wconf 86' lang='lat' dir='ltr'><strong>inﬁrmatus</strong></span> <span class='ocrx_word' id='word_1_734' title='bbox 3427 4023 3555 4080; x_wconf 73' lang='lat' dir='ltr'><strong>esti</strong></span> 
     </span>
    </p>
   </div>
   <div class='ocr_carea' id='block_1_89' title="bbox 1968 4114 3554 4188">
    <p class='ocr_par' dir='ltr' id='par_1_89' title="bbox 1968 4114 3554 4188">
     <span class='ocr_line' id='line_1_89' title="bbox 1968 4114 3554 4188; baseline 0.003 -18"><span class='ocrx_word' id='word_1_735' title='bbox 1968 4114 2285 4186; x_wconf 81' lang='lat' dir='ltr'><strong>Cognovisti</strong></span> <span class='ocrx_word' id='word_1_736' title='bbox 2338 4116 2510 4181; x_wconf 87' lang='lat' dir='ltr'><strong>enim,</strong></span> <span class='ocrx_word' id='word_1_737' title='bbox 2549 4115 2677 4187; x_wconf 87' lang='lat' dir='ltr'><strong>quia</strong></span> <span class='ocrx_word' id='word_1_738' title='bbox 2732 4131 2882 4183; x_wconf 85' lang='lat' dir='ltr'><strong>eum,</strong></span> <span class='ocrx_word' id='word_1_739' title='bbox 2919 4116 3015 4186; x_wconf 85' lang='lat' dir='ltr'><strong>qui</strong></span> <span class='ocrx_word' id='word_1_740' title='bbox 3064 4132 3097 4173; x_wconf 74' lang='grc' dir='ltr'><strong>ιι</strong></span> <span class='ocrx_word' id='word_1_741' title='bbox 3144 4116 3340 4188; x_wconf 85' lang='lat' dir='ltr'><strong>viginti</strong></span> <span class='ocrx_word' id='word_1_742' title='bbox 3389 4117 3554 4174; x_wconf 82' lang='lat' dir='ltr'><strong>annis</strong></span> 
     </span>
    </p>
   </div>
   <div class='ocr_carea' id='block_1_90' title="bbox 1970 4207 3551 4280">
    <p class='ocr_par' dir='ltr' id='par_1_90' title="bbox 1970 4207 3551 4280">
     <span class='ocr_line' id='line_1_90' title="bbox 1970 4207 3551 4280; baseline 0.001 -18"><span class='ocrx_word' id='word_1_743' title='bbox 1970 4221 2145 4278; x_wconf 85' lang='lat' dir='ltr'><strong>usque</strong></span> <span class='ocrx_word' id='word_1_744' title='bbox 2173 4208 2240 4262; x_wconf 86' lang='lat' dir='ltr'><strong>ad</strong></span> <span class='ocrx_word' id='word_1_745' title='bbox 2270 4207 2553 4279; x_wconf 82' lang='lat' dir='ltr'><strong>sexaginta</strong></span> <span class='ocrx_word' id='word_1_746' title='bbox 2589 4222 2865 4263; x_wconf 87' lang='lat' dir='ltr'><strong>annorum</strong></span> <span class='ocrx_word' id='word_1_747' title='bbox 2894 4218 3000 4274; x_wconf 86' lang='lat' dir='ltr'><strong>est,</strong></span> <span class='ocrx_word' id='word_1_748' title='bbox 3036 4208 3295 4264; x_wconf 88' lang='lat' dir='ltr'><strong>omnibus</strong></span> <span class='ocrx_word' id='word_1_749' title='bbox 3329 4208 3551 4280; x_wconf 83' lang='lat' dir='ltr'><strong>legisla-</strong></span> 
     </span>
    </p>
   </div>
   <div class='ocr_carea' id='block_1_91' title="bbox 1970 4299 3550 4372">
    <p class='ocr_par' dir='ltr' id='par_1_91' title="bbox 1970 4299 3550 4372">
     <span class='ocr_line' id='line_1_91' title="bbox 1970 4299 3550 4372; baseline -0.001 -15"><span class='ocrx_word' id='word_1_750' title='bbox 1970 4306 2056 4357; x_wconf 90' lang='lat' dir='ltr'><strong>tor</strong></span> <span class='ocrx_word' id='word_1_751' title='bbox 2093 4301 2413 4372; x_wconf 64' lang='lat' dir='ltr'><strong>praeposuit.</strong></span> <span class='ocrx_word' id='word_1_752' title='bbox 2458 4300 2668 4356; x_wconf 86' lang='lat' dir='ltr'><strong>Deinde</strong></span> <span class='ocrx_word' id='word_1_753' title='bbox 2713 4316 2863 4356; x_wconf 78' lang='lat' dir='ltr'><strong>nunc</strong></span> <span class='ocrx_word' id='word_1_754' title='bbox 2896 4309 3023 4372; x_wconf 84' lang='lat' dir='ltr'><strong>post</strong></span> <span class='ocrx_word' id='word_1_755' title='bbox 3064 4314 3256 4357; x_wconf 78' lang='lat' dir='ltr'><strong>omnes</strong></span> <span class='ocrx_word' id='word_1_756' title='bbox 3292 4314 3415 4356; x_wconf 82' lang='lat' dir='ltr'><strong>eum</strong></span> <span class='ocrx_word' id='word_1_757' title='bbox 3454 4299 3550 4371; x_wconf 87' lang='lat' dir='ltr'><strong>qui</strong></span> 
     </span>
    </p>
   </div>
   <div class='ocr_carea' id='block_1_92' title="bbox 1968 4393 3551 4467">
    <p class='ocr_par' dir='ltr' id='par_1_92' title="bbox 1968 4393 3551 4467">
     <span class='ocr_line' id='line_1_92' title="bbox 1968 4393 3551 4467; baseline -0.001 -17"><span class='ocrx_word' id='word_1_758' title='bbox 1968 4411 2001 4450; x_wconf 74' lang='grc' dir='ltr'><strong>ε</strong></span> <span class='ocrx_word' id='word_1_759' title='bbox 2040 4395 2320 4467; x_wconf 75' lang='lat' dir='ltr'><strong>sesaginta</strong></span> <span class='ocrx_word' id='word_1_760' title='bbox 2351 4394 2515 4450; x_wconf 82' lang='lat' dir='ltr'><strong>annis</strong></span> <span class='ocrx_word' id='word_1_761' title='bbox 2547 4403 2605 4449; x_wconf 88' lang='lat' dir='ltr'><strong>et</strong></span> <span class='ocrx_word' id='word_1_762' title='bbox 2646 4409 2807 4463; x_wconf 72' lang='lat' dir='ltr'><strong>supra</strong></span> <span class='ocrx_word' id='word_1_763' title='bbox 2836 4402 2942 4459; x_wconf 86' lang='lat' dir='ltr'><strong>est,</strong></span> <span class='ocrx_word' id='word_1_764' title='bbox 2977 4393 3075 4448; x_wconf 90' lang='lat' dir='ltr'><strong>ait.</strong></span> <span class='ocrx_word' id='word_1_765' title='bbox 3118 4393 3224 4449; x_wconf 88' lang='lat' dir='ltr'><strong>Per</strong></span> <span class='ocrx_word' id='word_1_766' title='bbox 3261 4394 3366 4449; x_wconf 87' lang='lat' dir='ltr'><strong>hoc</strong></span> <span class='ocrx_word' id='word_1_767' title='bbox 3402 4394 3551 4465; x_wconf 81' lang='lat' dir='ltr'><strong>quod</strong></span> 
     </span>
    </p>
   </div>
   <div class='ocr_carea' id='block_1_93' title="bbox 1968 4486 3549 4557">
    <p class='ocr_par' dir='ltr' id='par_1_93' title="bbox 1968 4486 3549 4557">
     <span class='ocr_line' id='line_1_93' title="bbox 1968 4486 3549 4557; baseline -0.002 -13"><span class='ocrx_word' id='word_1_768' title='bbox 1968 4489 2129 4557; x_wconf 81' lang='lat' dir='ltr'><strong>dixit,</strong></span> <span class='ocrx_word' id='word_1_769' title='bbox 2180 4504 2366 4557; x_wconf 77' lang='lat' dir='ltr'><strong>supra,</strong></span> <span class='ocrx_word' id='word_1_770' title='bbox 2412 4488 2615 4543; x_wconf 66' lang='lat' dir='ltr'><strong>anima</strong></span> <span class='ocrx_word' id='word_1_771' title='bbox 2670 4495 3012 4542; x_wconf 78' lang='lat' dir='ltr'><strong>senectutem</strong></span> <span class='ocrx_word' id='word_1_772' title='bbox 3065 4494 3123 4542; x_wconf 90' lang='lat' dir='ltr'><strong>et</strong></span> <span class='ocrx_word' id='word_1_773' title='bbox 3173 4486 3549 4541; x_wconf 83' lang='lat' dir='ltr'><strong>inﬁrmitatem</strong></span> 
     </span>
    </p>
   </div>
   <div class='ocr_carea' id='block_1_94' title="bbox 1897 4579 3549 4654">
    <p class='ocr_par' dir='ltr' id='par_1_94' title="bbox 1897 4579 3549 4654">
     <span class='ocr_line' id='line_1_94' title="bbox 1897 4579 3549 4654; baseline -0.003 -16"><span class='ocrx_word' id='word_1_774' title='bbox 1897 4596 1942 4654; x_wconf 78' lang='grc' dir='ltr'><strong><em>υ</em></strong></span> <span class='ocrx_word' id='word_1_775' title='bbox 1968 4583 2112 4654; x_wconf 84' lang='lat' dir='ltr'><strong>ejus,</strong></span> <span class='ocrx_word' id='word_1_776' title='bbox 2158 4582 2251 4653; x_wconf 82' lang='lat' dir='ltr'><strong>qui</strong></span> <span class='ocrx_word' id='word_1_777' title='bbox 2289 4582 2581 4636; x_wconf 71' lang='lat' dir='ltr'><strong>maximam</strong></span> <span class='ocrx_word' id='word_1_778' title='bbox 2633 4579 3110 4635; x_wconf 67' lang='lat' dir='ltr'><strong>conversationem</strong></span> <span class='ocrx_word' id='word_1_779' title='bbox 3164 4589 3549 4651; x_wconf 78' lang='lat' dir='ltr'><strong>proposuerat,</strong></span> 
     </span>
    </p>
   </div>
   <div class='ocr_carea' id='block_1_95' title="bbox 1967 4669 3549 4748">
    <p class='ocr_par' dir='ltr' id='par_1_95' title="bbox 1967 4669 3549 4748">
     <span class='ocr_line' id='line_1_95' title="bbox 1967 4669 3549 4748; baseline -0.003 -17"><span class='ocrx_word' id='word_1_780' title='bbox 1967 4675 2164 4748; x_wconf 79' lang='lat' dir='ltr'><strong>procul</strong></span> <span class='ocrx_word' id='word_1_781' title='bbox 2211 4674 2380 4730; x_wconf 77' lang='lat' dir='ltr'><strong>dubio</strong></span> <span class='ocrx_word' id='word_1_782' title='bbox 2420 4673 2694 4743; x_wconf 81' lang='lat' dir='ltr'><strong>designat.</strong></span> <span class='ocrx_word' id='word_1_783' title='bbox 2742 4669 2847 4738; x_wconf 86' lang='lat' dir='ltr'><strong>Qui</strong></span> <span class='ocrx_word' id='word_1_784' title='bbox 2895 4680 3026 4742; x_wconf 84' lang='lat' dir='ltr'><strong>ergo</strong></span> <span class='ocrx_word' id='word_1_785' title='bbox 3064 4676 3165 4741; x_wconf 78' lang='lat' dir='ltr'><strong>prd</strong></span> <span class='ocrx_word' id='word_1_786' title='bbox 3210 4672 3549 4742; x_wconf 83' lang='lat' dir='ltr'><strong>virginitate,</strong></span> 
     </span>
    </p>
   </div>
   <div class='ocr_carea' id='block_1_96' title="bbox 1968 4760 3550 4837">
    <p class='ocr_par' dir='ltr' id='par_1_96' title="bbox 1968 4760 3550 4837">
     <span class='ocr_line' id='line_1_96' title="bbox 1968 4760 3550 4837; baseline -0.004 -15"><span class='ocrx_word' id='word_1_787' title='bbox 1968 4767 2055 4822; x_wconf 85' lang='lat' dir='ltr'><strong>vel</strong></span> <span class='ocrx_word' id='word_1_788' title='bbox 2089 4767 2351 4837; x_wconf 84' lang='lat' dir='ltr'><strong>despectu</strong></span> <span class='ocrx_word' id='word_1_789' title='bbox 2385 4762 2705 4834; x_wconf 81' lang='lat' dir='ltr'><strong>possidendi</strong></span> <span class='ocrx_word' id='word_1_790' title='bbox 2745 4760 3221 4817; x_wconf 79' lang='lat' dir='ltr'><strong>conversationem</strong></span> <span class='ocrx_word' id='word_1_791' title='bbox 3256 4762 3550 4832; x_wconf 87' lang='lat' dir='ltr'><strong>promittit,</strong></span> 
     </span>
    </p>
   </div>
   <div class='ocr_carea' id='block_1_97' title="bbox 1967 4850 3641 4929">
    <p class='ocr_par' dir='ltr' id='par_1_97' title="bbox 1967 4850 3641 4929">
     <span class='ocr_line' id='line_1_97' title="bbox 1967 4850 3641 4929; baseline -0.006 -16"><span class='ocrx_word' id='word_1_792' title='bbox 1967 4868 2025 4913; x_wconf 83' lang='lat' dir='ltr'><strong>et</strong></span> <span class='ocrx_word' id='word_1_793' title='bbox 2072 4855 2350 4929; x_wconf 85' lang='lat' dir='ltr'><strong>proponit,</strong></span> <span class='ocrx_word' id='word_1_794' title='bbox 2381 4853 2583 4909; x_wconf 90' lang='lat' dir='ltr'><strong>deinde</strong></span> <span class='ocrx_word' id='word_1_795' title='bbox 2631 4851 2942 4907; x_wconf 87' lang='lat' dir='ltr'><strong>inﬁrmatur</strong></span> <span class='ocrx_word' id='word_1_796' title='bbox 2983 4850 3261 4920; x_wconf 78' lang='lat' dir='ltr'><strong>complere</strong></span> <span class='ocrx_word' id='word_1_797' title='bbox 3303 4852 3553 4921; x_wconf 86' lang='lat' dir='ltr'><strong>proposi-</strong></span> <span class='ocrx_word' id='word_1_798' title='bbox 3638 4908 3641 4913; x_wconf 33' lang='grc' dir='ltr'><strong><em>λ</em></strong></span> 
     </span>
    </p>
   </div>
   <div class='ocr_carea' id='block_1_98' title="bbox 1967 4945 3552 5019">
    <p class='ocr_par' dir='ltr' id='par_1_98' title="bbox 1967 4945 3552 5019">
     <span class='ocr_line' id='line_1_98' title="bbox 1967 4945 3552 5019; baseline -0.004 -11"><span class='ocrx_word' id='word_1_799' title='bbox 1967 4963 2108 5019; x_wconf 87' lang='lat' dir='ltr'><strong>tum,</strong></span> <span class='ocrx_word' id='word_1_800' title='bbox 2138 4951 2325 5006; x_wconf 81' lang='lat' dir='ltr'><strong>audiat</strong></span> <span class='ocrx_word' id='word_1_801' title='bbox 2345 4965 2376 5004; x_wconf 87' lang='lat' dir='ltr'><strong>a</strong></span> <span class='ocrx_word' id='word_1_802' title='bbox 2398 4947 2571 5003; x_wconf 79' lang='lat' dir='ltr'><strong>Paulo</strong></span> <span class='ocrx_word' id='word_1_803' title='bbox 2603 4965 2618 5001; x_wconf 89' lang='lat'><strong>:</strong></span> <span class='ocrx_word' id='word_1_804' title='bbox 2645 4945 2706 5002; x_wconf 86' lang='lat' dir='ltr'><strong>Si</strong></span> <span class='ocrx_word' id='word_1_805' title='bbox 2730 4947 2848 5018; x_wconf 77' lang='lat' dir='ltr'><strong>quis</strong></span> <span class='ocrx_word' id='word_1_806' title='bbox 2873 4954 3080 5017; x_wconf 74' lang='lat' dir='ltr'><strong>turpem</strong></span> <span class='ocrx_word' id='word_1_807' title='bbox 3103 4963 3157 5001; x_wconf 92' lang='lat' dir='ltr'><strong>se</strong></span> <span class='ocrx_word' id='word_1_808' title='bbox 3178 4947 3346 5001; x_wconf 82' lang='lat' dir='ltr'><strong>videri</strong></span> <span class='ocrx_word' id='word_1_809' title='bbox 3371 4948 3552 5001; x_wconf 66' lang='lat' dir='ltr'><strong>existi-</strong></span> 
     </span>
    </p>
   </div>
   <div class='ocr_carea' id='block_1_99' title="bbox 1966 5039 3633 5113">
    <p class='ocr_par' dir='ltr' id='par_1_99' title="bbox 1966 5039 3633 5113">
     <span class='ocr_line' id='line_1_99' title="bbox 1966 5039 3633 5113; baseline -0.004 -14"><span class='ocrx_word' id='word_1_810' title='bbox 1966 5055 2080 5100; x_wconf 84' lang='lat' dir='ltr'><strong>mat</strong></span> <span class='ocrx_word' id='word_1_811' title='bbox 2126 5056 2283 5113; x_wconf 81' lang='lat' dir='ltr'><strong>super</strong></span> <span class='ocrx_word' id='word_1_812' title='bbox 2332 5042 2589 5113; x_wconf 70' lang='lat' dir='ltr'><strong>virginem</strong></span> <span class='ocrx_word' id='word_1_813' title='bbox 2646 5056 2826 5104; x_wconf 78' lang='lat' dir='ltr'><strong>suam.</strong></span> <span class='ocrx_word' id='word_1_814' title='bbox 2867 5056 2928 5093; x_wconf 83' lang='lat' dir='ltr'><strong>eo</strong></span> <span class='ocrx_word' id='word_1_815' title='bbox 2974 5039 3113 5111; x_wconf 75' lang='lat' dir='ltr'><strong>quod</strong></span> <span class='ocrx_word' id='word_1_816' title='bbox 3159 5040 3317 5111; x_wconf 78' lang='lat' dir='ltr'><strong>fuerit</strong></span> <span class='ocrx_word' id='word_1_817' title='bbox 3360 5054 3549 5109; x_wconf 52' lang='lat' dir='ltr'><strong>sapere</strong></span> <span class='ocrx_word' id='word_1_818' title='bbox 3630 5106 3633 5111; x_wconf 23' lang='grc' dir='ltr'><strong><em>γ</em></strong></span> 
     </span>
    </p>
   </div>
   <div class='ocr_carea' id='block_1_100' title="bbox 1967 5130 3551 5202">
    <p class='ocr_par' dir='ltr' id='par_1_100' title="bbox 1967 5130 3551 5202">
     <span class='ocr_line' id='line_1_100' title="bbox 1967 5130 3551 5202; baseline -0.003 -10"><span class='ocrx_word' id='word_1_819' title='bbox 1967 5137 2154 5192; x_wconf 85' lang='lat' dir='ltr'><strong>adulta</strong></span> <span class='ocrx_word' id='word_1_820' title='bbox 2189 5138 2259 5202; x_wconf 77' lang='grc'><strong>’⁸,</strong></span> <span class='ocrx_word' id='word_1_821' title='bbox 2289 5133 2532 5191; x_wconf 86' lang='lat' dir='ltr'><strong>ostendit</strong></span> <span class='ocrx_word' id='word_1_822' title='bbox 2568 5132 2971 5202; x_wconf 79' lang='lat' dir='ltr'><strong>quodammodo</strong></span> <span class='ocrx_word' id='word_1_823' title='bbox 3002 5130 3357 5199; x_wconf 72' lang='lat' dir='ltr'><strong>inﬁrmatam,</strong></span> <span class='ocrx_word' id='word_1_824' title='bbox 3397 5140 3454 5187; x_wconf 85' lang='lat' dir='ltr'><strong>et</strong></span> <span class='ocrx_word' id='word_1_825' title='bbox 3476 5130 3551 5189; x_wconf 80' lang='lat' dir='ltr'><strong>ad</strong></span> 
     </span>
    </p>
   </div>
   <div class='ocr_carea' id='block_1_101' title="bbox 1966 5220 3549 5292">
    <p class='ocr_par' dir='ltr' id='par_1_101' title="bbox 1966 5220 3549 5292">
     <span class='ocr_line' id='line_1_101' title="bbox 1966 5220 3549 5292; baseline -0.003 -13"><span class='ocrx_word' id='word_1_826' title='bbox 1966 5231 2310 5279; x_wconf 83' lang='lat' dir='ltr'><strong>senectutem</strong></span> <span class='ocrx_word' id='word_1_827' title='bbox 2363 5221 2659 5277; x_wconf 86' lang='lat' dir='ltr'><strong>deductum</strong></span> <span class='ocrx_word' id='word_1_828' title='bbox 2705 5220 3080 5291; x_wconf 88' lang='lat' dir='ltr'><strong>propositum,</strong></span> <span class='ocrx_word' id='word_1_829' title='bbox 3130 5230 3180 5275; x_wconf 81' lang='lat' dir='ltr'><strong>et</strong></span> <span class='ocrx_word' id='word_1_830' title='bbox 3226 5223 3305 5275; x_wconf 84' lang='lat' dir='ltr'><strong>sic</strong></span> <span class='ocrx_word' id='word_1_831' title='bbox 3349 5231 3549 5292; x_wconf 80' lang='lat' dir='ltr'><strong>oportet</strong></span> 
     </span>
    </p>
   </div>
   <div class='ocr_carea' id='block_1_102' title="bbox 1966 5313 3551 5387">
    <p class='ocr_par' dir='ltr' id='par_1_102' title="bbox 1966 5313 3551 5387">
     <span class='ocr_line' id='line_1_102' title="bbox 1966 5313 3551 5387; baseline -0.001 -16"><span class='ocrx_word' id='word_1_832' title='bbox 1966 5317 2104 5387; x_wconf 73' lang='lat' dir='ltr'><strong>ﬁeri,</strong></span> <span class='ocrx_word' id='word_1_833' title='bbox 2149 5316 2289 5387; x_wconf 79' lang='lat' dir='ltr'><strong>quod</strong></span> <span class='ocrx_word' id='word_1_834' title='bbox 2334 5316 2445 5370; x_wconf 77' lang='lat' dir='ltr'><strong>vult</strong></span> <span class='ocrx_word' id='word_1_835' title='bbox 2496 5314 2680 5383; x_wconf 78' lang='lat' dir='ltr'><strong>faciat.</strong></span> <span class='ocrx_word' id='word_1_836' title='bbox 2726 5329 2827 5367; x_wconf 81' lang='lat' dir='ltr'><strong>non</strong></span> <span class='ocrx_word' id='word_1_837' title='bbox 2872 5322 3052 5384; x_wconf 73' lang='lat' dir='ltr'><strong>peccet</strong></span> <span class='ocrx_word' id='word_1_838' title='bbox 3089 5314 3137 5369; x_wconf 88' lang='lat' dir='ltr'><strong>si</strong></span> <span class='ocrx_word' id='word_1_839' title='bbox 3179 5315 3342 5369; x_wconf 69' lang='lat' dir='ltr'><strong>nubat</strong></span> <span class='ocrx_word' id='word_1_840' title='bbox 3374 5316 3439 5368; x_wconf 75' lang='grc'><strong>⁸⁸.</strong></span> <span class='ocrx_word' id='word_1_841' title='bbox 3482 5313 3551 5370; x_wconf 85' lang='lat' dir='ltr'><strong>Et</strong></span> 
     </span>
    </p>
   </div>
   <div class='ocr_carea' id='block_1_103' title="bbox 1966 5404 3549 5477">
    <p class='ocr_par' dir='ltr' id='par_1_103' title="bbox 1966 5404 3549 5477">
     <span class='ocr_line' id='line_1_103' title="bbox 1966 5404 3549 5477; baseline -0.004 -13"><span class='ocrx_word' id='word_1_842' title='bbox 1966 5424 2205 5465; x_wconf 79' lang='lat' dir='ltr'><strong>rursus:</strong></span> <span class='ocrx_word' id='word_1_843' title='bbox 2240 5406 2299 5463; x_wconf 90' lang='lat' dir='ltr'><strong>Si</strong></span> <span class='ocrx_word' id='word_1_844' title='bbox 2353 5406 2615 5477; x_wconf 75' lang='lat' dir='ltr'><strong>nupseris‘,</strong></span> <span class='ocrx_word' id='word_1_845' title='bbox 2656 5412 2761 5460; x_wconf 78' lang='lat' dir='ltr'><strong>non</strong></span> <span class='ocrx_word' id='word_1_846' title='bbox 2811 5406 3062 5475; x_wconf 65' lang='lat' dir='ltr'><strong>mansti.</strong></span> <span class='ocrx_word' id='word_1_847' title='bbox 3104 5404 3176 5461; x_wconf 74' lang='lat' dir='ltr'><strong>Et</strong></span> <span class='ocrx_word' id='word_1_848' title='bbox 3221 5405 3269 5459; x_wconf 87' lang='lat' dir='ltr'><strong>si</strong></span> <span class='ocrx_word' id='word_1_849' title='bbox 3313 5406 3549 5473; x_wconf 71' lang='lat' dir='ltr'><strong>nupserit</strong></span> 
     </span>
    </p>
   </div>
   <div class='ocr_carea' id='block_1_104' title="bbox 1965 5494 3549 5571">
    <p class='ocr_par' dir='ltr' id='par_1_104' title="bbox 1965 5494 3549 5571">
     <span class='ocr_line' id='line_1_104' title="bbox 1965 5494 3549 5571; baseline -0.003 -17"><span class='ocrx_word' id='word_1_850' title='bbox 1965 5500 2147 5571; x_wconf 88' lang='lat' dir='ltr'><strong>virga,</strong></span> <span class='ocrx_word' id='word_1_851' title='bbox 2199 5512 2304 5554; x_wconf 79' lang='lat' dir='ltr'><strong>non</strong></span> <span class='ocrx_word' id='word_1_852' title='bbox 2334 5494 2610 5567; x_wconf 49' lang='lat' dir='ltr'><strong>peccarit.</strong></span> <span class='ocrx_word' id='word_1_853' title='bbox 2662 5494 3081 5552; x_wconf 71' lang='lat' dir='ltr'><strong>Tribulatienens</strong></span> <span class='ocrx_word' id='word_1_854' title='bbox 3136 5502 3316 5549; x_wconf 77' lang='lat' dir='ltr'><strong>autem</strong></span> <span class='ocrx_word' id='word_1_855' title='bbox 3372 5496 3549 5549; x_wconf 75' lang='lat' dir='ltr'><strong>cernis</strong></span> 
     </span>
    </p>
   </div>
   <div class='ocr_carea' id='block_1_105' title="bbox 1967 5583 3550 5657">
    <p class='ocr_par' dir='ltr' id='par_1_105' title="bbox 1967 5583 3550 5657">
     <span class='ocr_line' id='line_1_105' title="bbox 1967 5583 3550 5657; baseline -0.004 -13"><span class='ocrx_word' id='word_1_856' title='bbox 1967 5590 2228 5645; x_wconf 82' lang='lat' dir='ltr'><strong>habebunt</strong></span> <span class='ocrx_word' id='word_1_857' title='bbox 2277 5585 2603 5657; x_wconf 82' lang='lat' dir='ltr'><strong>hujusmodi.</strong></span> <span class='ocrx_word' id='word_1_858' title='bbox 2651 5584 2764 5656; x_wconf 82' lang='lat' dir='ltr'><strong>Ego</strong></span> <span class='ocrx_word' id='word_1_859' title='bbox 2810 5593 2989 5638; x_wconf 80' lang='lat' dir='ltr'><strong>autem</strong></span> <span class='ocrx_word' id='word_1_860' title='bbox 3036 5583 3178 5638; x_wconf 88' lang='lat' dir='ltr'><strong>vobis</strong></span> <span class='ocrx_word' id='word_1_861' title='bbox 3215 5598 3407 5653; x_wconf 85' lang='lat' dir='ltr'><strong>parco,</strong></span> <span class='ocrx_word' id='word_1_862' title='bbox 3453 5583 3550 5638; x_wconf 75' lang='lat' dir='ltr'><strong>hoc</strong></span> 
     </span>
    </p>
   </div>
   <div class='ocr_carea' id='block_1_106' title="bbox 2010 5761 3535 5837">
    <p class='ocr_par' dir='ltr' id='par_1_106' title="bbox 2010 5761 3535 5837">
     <span class='ocr_line' id='line_1_106' title="bbox 2010 5761 3535 5837; baseline -0.005 -8"><span class='ocrx_word' id='word_1_863' title='bbox 2010 5768 2107 5827; x_wconf 79' lang='lat' dir='ltr'><strong>“I</strong></span> <span class='ocrx_word' id='word_1_864' title='bbox 2138 5769 2286 5828; x_wconf 84' lang='lat' dir='ltr'><strong>Petr.</strong></span> <span class='ocrx_word' id='word_1_865' title='bbox 2315 5784 2360 5837; x_wconf 83' lang='lat' dir='ltr'><strong>l,</strong></span> <span class='ocrx_word' id='word_1_866' title='bbox 2382 5767 2441 5824; x_wconf 73' lang='lat'><strong>2.</strong></span> <span class='ocrx_word' id='word_1_867' title='bbox 2520 5767 2566 5808; x_wconf 76' lang='grc' dir='ltr'>ι’</span> <span class='ocrx_word' id='word_1_868' title='bbox 2589 5764 2757 5822; x_wconf 84' lang='lat' dir='ltr'><strong>Rom.</strong></span> <span class='ocrx_word' id='word_1_869' title='bbox 2796 5780 2855 5833; x_wconf 72' lang='grc' dir='ltr'><strong>ι,</strong></span> <span class='ocrx_word' id='word_1_870' title='bbox 2879 5766 2932 5823; x_wconf 89' lang='lat'><strong>9.</strong></span> <span class='ocrx_word' id='word_1_871' title='bbox 3030 5765 3075 5797; x_wconf 76' lang='grc'><strong>’³</strong></span> <span class='ocrx_word' id='word_1_872' title='bbox 3103 5761 3271 5819; x_wconf 88' lang='lat' dir='ltr'><strong>lCor.</strong></span> <span class='ocrx_word' id='word_1_873' title='bbox 3294 5776 3396 5832; x_wconf 79' lang='lat' dir='ltr'><strong>vtt,</strong></span> <span class='ocrx_word' id='word_1_874' title='bbox 3445 5761 3535 5822; x_wconf 75' lang='grc' dir='ltr'><strong>το.</strong></span> 
     </span>
    </p>
   </div>
   <div class='ocr_carea' id='block_1_107' title="bbox 3132 5927 3211 5989">
    <p class='ocr_par' dir='ltr' id='par_1_107' title="bbox 3132 5927 3211 5989">
     <span class='ocr_line' id='line_1_107' title="bbox 3132 5927 3211 5989; baseline 0.051 -4"><span class='ocrx_word' id='word_1_875' title='bbox 3132 5927 3211 5989; x_wconf 84' lang='grc'><strong>37</strong></span> 
     </span>
    </p>
   </div>
  </div>
