3928 6412
587 359 725 426 1163

1769 362 2131 425 HESYCHII
2165 361 2639 424 PRESBYTERI

3699 363 3808 427 llfti

586 488 762 536 autem
787 478 928 542 dico,
957 480 1169 548 fratres,
1203 489 1406 549 tempus
1443 480 1592 534 breue
1633 489 1728 544 est,
1775 480 2033 550 reliquum
2087 485 2162 532 est
2189 479 2239 536 Α
2266 495 2370 532 non
2400 479 2649 544 valuerit,
2671 480 2830 534 stabit
2855 495 3033 533 coram
3063 479 3366 539 sacerdote,
3400 486 3452 532 et
3489 487 3723 549 quantum
3747 483 3815 534 ille

586 580 642 625 ut
669 580 718 625 et
749 572 839 642 qui
873 571 1067 625 habent
1093 589 1281 626 uxores
1307 582 1562 643 tanquant
1601 589 1704 626 non
1738 572 1984 627 habentes
2008 573 2112 627 sint
2144 589 2164 625 :

583 671 632 715 et
663 662 752 732 qui
784 661 982 733 lugent,
1015 672 1272 734 tanquam
1304 679 1406 718 non
1438 663 1770 734 lugentes:et
1798 665 1886 734 qui
1913 665 2163 734 gaudent,

585 764 841 825 tanquam
893 772 996 810 non
1030 758 1314 826 gaudentes
1357 774 1374 811 :
1417 769 1465 811 et
1504 759 1594 829 qui
1623 767 1824 820 emunt,
1867 759 2019 828 quasi
2064 773 2168 810 non

580 848 906 917 possidentes
930 866 944 902 :
972 857 1018 901 et
1046 850 1136 918 qui
1163 859 1384 902 utuntur
1407 849 1505 904 ltoc
1532 851 1744 914 mundo,
1783 859 2036 919 tanquam
2065 865 2167 901 non

586 947 823 991 utantur.
852 936 1098 991 Prwterit
1128 941 1267 993 enim
1297 940 1467 1012 ﬁgura
1500 940 1656 1014 hujus
1687 941 1884 994 mundi.
1917 940 2038 995 Volo
2065 956 2166 992 au-

585 1038 688 1082 tem
718 1046 807 1082 vos
839 1030 951 1083 sine
977 1030 1332 1085 sollicitudine
1359 1049 1465 1085 esse
1483 1033 1550 1086 ³ο.
1581 1031 1878 1101 Propterea
1909 1041 1964 1086 et
2001 1031 2165 1102 quin-

585 1123 762 1177 decim
823 1123 1157 1180 didrachtua
1211 1125 1317 1180 erit
1372 1127 1608 1196 pretium
1665 1127 1819 1195 ejus,
1869 1141 1990 1196 qua
2039 1135 2168 1180 sunt

586 1213 862 1268 drachma
913 1215 1158 1285 triginta.
1210 1218 1346 1272 Tres
1398 1219 1545 1272 enim
1598 1218 2049 1273 fructiﬁcationes
2098 1218 2165 1273 de

585 1309 728 1364 bona
782 1321 927 1366 terra
969 1311 1224 1366 Christus
1270 1311 1559 1382 proposuit
1595 1327 1610 1364 :
1644 1326 1742 1381 per
1786 1312 2175 1375 centenarium

582 1401 936 1471 virginitatis,
969 1410 1024 1456 et
1068 1417 1179 1456 non
1229 1401 1568 1472 possidendi,
1605 1417 1703 1472 per
1741 1403 2164 1471 sexagenarium

580 1494 964 1557 continentia,
1002 1509 1099 1564 per
1139 1495 1498 1549 tricenarium
1537 1495 1673 1550 casti
1713 1496 1950 1564 conjugii
1997 1499 2166 1549 vitam

573 1587 894 1657 designans.
929 1585 985 1640 Si
1029 1595 1212 1642 autem
1258 1588 1528 1642 infirmior
1567 1587 1881 1658 hujusmodi
1913 1597 2017 1652 est,
2051 1587 2166 1641 for-

581 1676 724 1731 sitan
751 1677 898 1732 enim
930 1679 986 1731 in
1014 1677 1398 1743 fornicatione,
1431 1679 1516 1733 hic
1539 1680 1630 1749 qui
1661 1679 1783 1733 talis
1810 1689 1913 1745 est,
1939 1680 2162 1745 decidit,

585 1768 730 1823 unde
799 1777 856 1822 et
916 1767 1118 1822 femina
1174 1769 1395 1824 dicitur.
1428 1767 1540 1826 Nec
1572 1771 1651 1824 sic
1683 1772 2028 1841 respuendus
2056 1781 2161 1836 est,

585 1861 680 1916 sed
714 1861 879 1915 habet
923 1861 1160 1930 pretium
1207 1862 1399 1917 decem
1444 1863 1813 1918 didrachmas.
1844 1862 2165 1918 Custodiam

583 1955 732 2010 enim
785 1955 1168 2009 mandatorum
1216 1955 1332 2020 Dei,
1365 1971 1526 2025 qualn
1572 1956 1768 2026 viginti
1807 1971 1928 2010 esse
1965 1955 2164 2010 draelt-

583 2060 704 2100 tnas
760 2054 817 2099 et
865 2044 1055 2099 obolos
1107 2045 1372 2101 ducentos
1425 2045 1792 2112 ostendimus,
1826 2046 1986 2101 otl‘ert
2030 2046 2161 2112 Deo,

583 2145 640 2190 et
685 2137 739 2190 in
784 2136 888 2191 hoc
937 2138 1413 2192 conversationem
1479 2138 1666 2204 habet,
1706 2154 1806 2208 per
1861 2139 2165 2194 custodiam

584 2227 971 2283 mandatorum
1021 2229 1378 2299 justiﬁeatus.
1430 2229 1487 2284 Si
1538 2239 1719 2285 autem
1763 2231 1912 2286 dicas
1959 2248 1975 2288 :
2015 2230 2168 2298 Quo-

585 2318 796 2377 modo?
823 2335 1094 2377 annorum
1128 2321 1388 2377 Dominus
1426 2331 1545 2376 erat
1583 2322 1828 2394 triginta,
1859 2322 1988 2376 dum
2017 2321 2166 2376 solus

579 2417 734 2465 esset
760 2409 1038 2480 perfectus
1073 2426 1198 2466 cum
1238 2427 1341 2466 nos
1383 2412 1436 2465 in
1481 2412 1798 2467 centenario
1825 2427 2056 2466 numero
2081 2412 2167 2466 di-

582 2518 771 2558 camus
819 2502 1211 2573 perfectionem
1267 2520 1430 2570 esse,
1485 2515 1607 2574 post
1667 2505 1816 2559 hunc
1866 2513 2050 2559 autem
2109 2507 2167 2560 in

583 2594 889 2666 sexaginta,
913 2597 1082 2650 tertio
1112 2605 1296 2651 autem
1337 2597 1393 2651 in
1434 2597 1688 2669 triginta;
1718 2597 1888 2662 disce,
1919 2597 2048 2667 quia
2075 2611 2168 2652 so-

583 2686 669 2742 lus
705 2687 930 2757 quidem
967 2687 1071 2742 fuit
1105 2704 1234 2744 vere
1271 2688 1572 2759 perfectus,
1605 2697 1986 2743 verumtamen
2026 2688 2169 2742 sicut

583 2780 833 2834 onmium
863 2779 1076 2847 doctor,
1117 2791 1173 2836 et
1205 2781 1461 2851 primitia
1491 2796 1686 2836 massa
1718 2781 1887 2835 totius
1915 2780 2164 2847 effectus,

584 2889 652 2929 ex
681 2874 936 2928 omnibus
967 2882 1327 2944 temperatam
1357 2875 1833 2929 conversationem
1867 2874 2083 2944 ﬁgurat,
2114 2879 2169 2926 et

569 2966 842 3036 proponit
881 2983 897 3021 :
944 2966 1059 3021 sive
1100 2966 1249 3021 enim
1304 2965 1676 3037 virginitatem
1726 2966 1884 3031 velis,
1935 2966 2053 3036 ipse
2099 2980 2168 3020 ex

583 3053 793 3126 virgine
824 3055 976 3126 virgo
1010 3064 1112 3119 est,
1156 3063 1213 3108 et
1248 3054 1616 3126 virginitatem
1649 3053 1835 3109 docuit
1864 3071 1877 3107 :
1911 3052 2026 3107 sive
2063 3067 2168 3106 nu-

583 3149 744 3218 ptias,
781 3158 838 3204 et
873 3149 1083 3202 nubere
1130 3148 1410 3220 praeepit,
1441 3156 1497 3204 et
1536 3147 1812 3202 nubentes
1848 3144 2163 3200 benedixit:
2191 3169 2238 3229 α

584 3242 700 3297 sive
751 3242 1164 3309 abstinentiam,
1213 3242 1379 3298 etiam
1415 3241 1558 3296 hanc
1583 3240 1808 3295 docuit:
1835 3237 2088 3294 similiter
2113 3244 2168 3291 et

583 3334 712 3390 ﬁdei
749 3350 970 3401 cursus,
1003 3334 1120 3389 sive
1155 3333 1530 3405 perfectorum
1560 3332 1893 3404 simplicium
1927 3339 2033 3385 est.

652 3471 795 3538 Quia
844 3487 976 3542 ergo
1028 3472 1086 3526 in
1132 3445 1391 3542 praesenti
1445 3470 1790 3526 differentias
1837 3468 2057 3531 innuit,
2111 3477 2169 3522 et

585 3563 990 3633 quodammodo
1020 3564 1189 3618 vitam
1229 3563 1601 3635 distinguebat
1641 3561 1948 3625 hominum,
1979 3569 2035 3614 et
2061 3559 2169 3613 hu-

584 3655 676 3726 jus
707 3655 926 3724 quidem
973 3671 1096 3710 esse
1135 3655 1370 3725 pretium
1401 3655 1794 3724 quinquaginta
1825 3652 2169 3708 didrachmas

585 3747 680 3808 ait,
731 3747 894 3814 hujus
948 3745 1202 3816 triginta,
1255 3745 1417 3816 hujus
1467 3744 1689 3814 viginti,
1742 3743 1906 3813 hujus
1955 3743 2166 3807 decem,

590 3836 755 3903 hujus
787 3837 1050 3904 quinque,
1077 3836 1242 3904 hujus
1282 3843 1414 3900 tres,
1443 3835 1609 3906 hujus
1639 3834 1975 3905 quindecim,
2013 3833 2167 3888 colli-

587 3933 786 3996 gentur
825 3926 943 3980 hac
983 3942 1199 3995 parum,
1231 3927 1376 3995 quod
1415 3925 1482 3979 de
1521 3933 1742 3981 centum
1781 3924 2168 3996 quinquaginta

588 4016 771 4070 minus
817 4016 1092 4083 habentia,
1117 4018 1233 4072 hac
1279 4027 1461 4071 autem
1499 4016 1556 4070 in
1602 4016 1842 4087 quinque
1880 4016 2050 4070 divisa
2085 4013 2169 4068 fa-

588 4108 746 4162 ciunt
782 4123 955 4178 prope
995 4109 1348 4163 tricenariutn
1391 4125 1700 4164 numerum.
1739 4108 1870 4163 Vide
1909 4107 2169 4178 quemad-

588 4199 810 4254 modum
865 4216 968 4254 nec
1019 4200 1297 4271 legislator
1341 4200 1611 4272 ignoravit
1655 4208 2166 4270 temperamentum,

589 4290 733 4360 quod
761 4291 1014 4347 Christus
1049 4292 1104 4346 in
1133 4303 1318 4348 nostra
1348 4293 1460 4348 vita
1489 4300 1544 4348 et
1572 4294 1989 4349 conversatione
2017 4292 2166 4358 fecit,

591 4397 696 4437 nec
726 4382 1066 4451 Evangelista
1097 4400 1391 4439 numerum
1434 4392 1925 4456 temperamentum
1964 4383 2170 4438 haben-

588 4484 700 4530 tem
749 4476 1038 4546 ignoravit.
1090 4478 1320 4549 Propter
1363 4479 1512 4549 quod
1562 4494 1687 4533 eum
1731 4494 1838 4532 non
1882 4477 2166 4548 plenorum

591 4566 816 4638 triginta
864 4582 1131 4624 annorum
1184 4570 1401 4625 venisse
1449 4571 1525 4624 ait
1572 4570 1642 4624 ad
1691 4569 2049 4638 baptismum,
2091 4568 2168 4622 ait

590 4661 736 4716 enim
773 4677 789 4716 :
825 4661 892 4716 Et
926 4664 1035 4732 ipse
1070 4663 1220 4718 Jesus
1263 4672 1376 4718 erat
1428 4663 1679 4732 incipiens
1721 4662 1873 4732 quasi
1907 4677 2167 4714 annorum

595 4753 811 4823 triginta
841 4755 905 4806 ³⁸.
933 4753 998 4808 Et
1019 4770 1116 4809 cur
1145 4755 1284 4808 hoc?
1312 4753 1437 4822 quia
1461 4764 1516 4807 et
1541 4754 1636 4823 qui
1661 4753 1824 4806 nimis
1845 4751 2165 4822 perfectam,

593 4853 644 4896 et
683 4844 773 4912 qui
817 4845 1167 4900 mediocriter
1198 4844 1494 4914 perfectam
1525 4864 1538 4900 :
1569 4854 1625 4900 et
1657 4846 1747 4916 qui
1782 4846 2050 4900 minorem
2085 4844 2168 4900 vi-

597 4944 703 4988 tam
737 4937 940 5002 studet,
964 4951 1074 4991 non
1098 4937 1337 5006 perfecte
1363 4936 1512 4991 venit
1536 4936 1603 4991 ad
1629 4952 1961 5000 mensuram.
1989 4937 2168 4993 minus
2198 5003 2208 5013 _

593 5028 741 5080 enim
774 5028 937 5082 habet
959 5029 1441 5100 omnitnodo,quia
1466 5028 1560 5084 Dei
1584 5030 1754 5086 solius
1777 5040 1860 5085 est
1883 5029 2168 5100 perfectio,

599 5117 696 5171 sed
729 5119 911 5172 minus
935 5119 1101 5173 habet
1124 5129 1339 5174 tantum
1367 5121 1423 5174 in
1451 5129 1712 5189 quantum
1741 5121 1952 5175 veniam
1985 5121 2038 5174 in
2069 5121 2172 5175 hoc

593 5208 740 5278 quod
765 5207 947 5264 minus
972 5220 1056 5264 est
1082 5211 1174 5265 dat
1198 5227 1213 5264 :
1241 5212 1386 5265 unde
1416 5212 1483 5266 ad
1512 5221 1729 5266 ccntum
1756 5212 2169 5282 quinquaginta.

593 5310 805 5370 septem
853 5301 1036 5357 minus
1073 5312 1240 5356 sunt:
1273 5303 1330 5356 in
1370 5313 1589 5357 centum
1628 5303 1773 5357 enim
1815 5304 2170 5373 quadraginta

594 5402 707 5446 tres
729 5392 1018 5462 pradictus
1044 5408 1308 5448 numerus
1335 5394 1609 5463 colligitur
1637 5411 1648 5446 :
1678 5409 1772 5462 per
1799 5393 2168 5462 septenarium

589 5497 779 5544 autem
807 5503 1120 5555 numerum,
1145 5487 1434 5542 manifeste
1465 5489 1621 5542 venia
1652 5487 2008 5558 significatur.

665 5622 725 5678 Si
771 5635 948 5678 autem
988 5637 1188 5692 pauper
1227 5623 1406 5694 fuerit,
1437 5633 1485 5678 et
1516 5622 1916 5677 aestimationem
1960 5623 2170 5677 reddere

2199 4520 2246 4576 D
2275 4521 2528 4585 Domino,
2562 4519 2705 4572 hanc
2732 4513 3062 4570 oblationem
3101 4508 3377 4579 legislator
3405 4501 3436 4555 d

2267 571 2630 637 a'stintaverit,
2679 580 2726 624 et
2776 571 2963 623 viderit
3011 586 3127 624 etmt
3177 585 3334 637 posse
3381 570 3607 634 reddere,
3646 579 3816 624 tantum

2267 665 2435 720 dabit.
2481 663 2638 719 Nunc
2678 665 2810 720 dicit
2845 665 2913 719 dc
2957 679 3024 718 eo
3081 663 3172 734 qui
3220 662 3465 718 multum
3509 663 3747 732 peccavit.
3777 681 3817 720 et

2267 768 2554 829 propterea
2600 758 2793 828 Aquila
2835 774 2936 828 pro
2974 772 3239 827 paupere,
3279 756 3326 808 si
3371 757 3622 819 excessit,
3657 759 3815 812 edidit.

2267 849 2366 904 llic
2391 865 2520 920 ergo
2544 849 2588 902 si
2612 848 2797 903 ollerri
2830 849 2938 902 Deo
2967 848 3098 912 vult,
3133 861 3323 900 coram
3357 845 3637 899 sacerdote
3661 846 3818 907 stabit,

2269 951 2328 996 ut
2359 951 2622 1010 quantum
2661 941 2858 995 viderit
2895 955 3023 994 eum
3056 954 3238 1008 posse,
3285 938 3527 992 astimet
3562 955 3675 990 eum
3718 957 3765 992 re
3783 944 3820 989 l-

2266 1033 2399 1087 dere
2435 1053 2446 1088 :
2485 1036 2725 1102 regulam
2772 1033 2822 1086 ei
2866 1032 2991 1086 vita
3037 1031 3356 1100 imponens.
3386 1045 3508 1099 qua
3549 1039 3628 1082 est
3654 1044 3818 1083 secun-

2267 1127 2396 1180 dum
2426 1125 2706 1189 virtutem,
2739 1137 3161 1191 mensuramque
3189 1121 3563 1193 philosophia
3590 1121 3817 1184 indicens.

2266 1232 2428 1287 quam
2459 1231 2586 1270 eum
2623 1215 2937 1286 probaverit
2979 1227 3142 1283 posse
3185 1221 3436 1280 portare.
3475 1209 3632 1264 Verbi
3661 1212 3817 1281 gratia,

2267 1309 2311 1363 si
2342 1307 2586 1377 locuples
2614 1313 2722 1370 est,
2747 1313 2808 1359 ut
2837 1304 3130 1360 distribuat
3153 1302 3459 1372 pecunias;
3487 1303 3531 1354 si
3562 1317 3714 1355 sanus
3735 1317 3814 1367 est,

2268 1409 2328 1454 ut
2351 1398 2598 1469 jejuniis,
2630 1405 2685 1452 et
2717 1395 3080 1456 orationibus,
3113 1393 3350 1462 aliisque
3390 1391 3662 1445 laboribus
3691 1391 3818 1445 bouis

2265 1499 2464 1559 vacet;
2511 1491 2558 1546 si
2601 1499 2784 1546 autem
2810 1499 2864 1544 et
2889 1487 3135 1558 locuples
3166 1495 3254 1541 est
3288 1495 3348 1539 et
3384 1501 3572 1544 sanus.
3597 1502 3811 1554 quacun-

2266 1600 2374 1654 que
2408 1583 2615 1637 divitia
2661 1591 2717 1636 et
2754 1580 2903 1634 salus
2935 1578 2985 1633 ei
3027 1585 3354 1648 suggerunt,
3387 1591 3552 1645 agere
3584 1576 3810 1644 jubctur:

2267 1678 2313 1733 si
2353 1686 2535 1731 autem
2581 1684 2867 1738 neutrum,
2925 1672 2980 1724 in
3023 1670 3274 1725 oratione
3314 1667 3451 1722 ﬂere
3480 1685 3496 1720 :
3530 1677 3586 1721 ut
3617 1668 3812 1722 breviter

2268 1770 2534 1831 dicamus,
2573 1767 2939 1838 quodcunque
2976 1779 3102 1818 eum
3138 1763 3342 1816 viderit
3377 1776 3476 1830 per
3515 1775 3716 1830 corpus,
3742 1772 3812 1814 aut

2269 1879 2365 1934 per
2410 1861 2796 1924 substantiam,
2838 1868 2932 1912 aut
2965 1873 3060 1927 per
3103 1855 3268 1909 aliam
3323 1851 3703 1914 valetudinem,
3739 1864 3807 1906 aut

2267 1955 2580 2011 facultatem
2613 1967 2774 2024 posse
2804 1964 3086 2022 peragere.

2337 2089 2502 2145 Vens.
2551 2091 2605 2153 9,
2652 2088 2740 2142 10.
2795 2105 2814 2139 ‹
2851 2083 3067 2139 Animal
3125 2088 3318 2135 autem
3379 2078 3525 2149 quod
3585 2077 3803 2131 immolari

2265 2190 2448 2252 potest
2492 2179 2746 2244 Domino,
2783 2177 2829 2232 si
2870 2176 2994 2246 quis
3048 2173 3283 2237 voverit,
3331 2179 3578 2225 sanctum
3624 2167 3730 2228 erit,
3764 2178 3804 2218 et

2268 2273 2465 2329 mutari
2511 2289 2621 2327 non
2669 2280 2870 2341 potest,
2913 2269 2967 2322 id
3016 2276 3099 2321 est
3145 2281 3248 2321 nec
3302 2263 3500 2318 melius
3536 2259 3684 2322 malo,
3725 2272 3799 2309 nec

2266 2365 2423 2435 pejus
2448 2363 2613 2418 bono.
2641 2361 2796 2427 Quod
2827 2360 2872 2413 si
2909 2356 3222 2419 mutaverit,
3254 2364 3313 2408 et
3343 2355 3521 2422 ipsum
3553 2350 3682 2419 quod
3709 2364 3799 2400 tnu-

2268 2463 2440 2508 tatum
2473 2461 2578 2514 est,
2601 2461 2658 2504 et
2685 2449 2815 2504 illud
2845 2463 2944 2519 pro
2973 2462 3082 2518 quo
3117 2441 3394 2500 titutatum
3432 2449 3536 2505 est,
3561 2453 3793 2494 consecra-

2270 2556 2383 2602 tum
2414 2545 2522 2600 erit
2551 2543 2804 2600 Domino.
2838 2561 2858 2594 ι

2337 2681 2475 2748 Quia
2507 2680 2654 2752 ipsas
2683 2695 2804 2749 qua
2834 2694 2900 2733 ex
2929 2675 3346 2746 nobismetipsis
3375 2672 3658 2728 offeruntur
3680 2668 3790 2722 obla-

2271 2773 2448 2828 tiones
2492 2771 2755 2842 quosdam
2805 2770 3008 2826 habere
3050 2769 3250 2840 gradus
3309 2776 3366 2820 et
3405 2761 3711 2819 differentias
3737 2759 3790 2812 le

2269 2867 2490 2938 gislator
2528 2864 2782 2934 exposuit
2815 2880 2828 2917 :
2870 2877 2997 2917 ecce
3031 2861 3179 2916 enim
3219 2875 3436 2920 eorum,
3469 2855 3557 2926 qui
3599 2852 3785 2922 quolibet

2269 2960 2430 3016 modo
2471 2958 2550 3013 sic
2591 2957 2751 3012 nobis
2788 2955 3178 3027 subjiciuntur,
3207 2962 3273 3008 ut
3316 2951 3479 3006 etiam
3514 2961 3682 3019 pecora
3711 2957 3784 2997 no-

2268 3062 2380 3108 stra
2414 3050 2791 3112 nominentur,
2831 3053 3052 3116 propter
3090 3045 3194 3098 hoc
3228 3041 3381 3113 quod
3418 3039 3574 3094 nimis
3603 3033 3779 3101 subjecti

2270 3152 2418 3208 sunt,
2461 3150 2556 3196 aut
2599 3142 2724 3212 quia
2775 3155 2884 3194 non
2930 3139 3011 3192 eis
3052 3137 3119 3192 ad
3159 3145 3414 3190 nostrum
3459 3128 3780 3184 ministerium.

2270 3235 2727 3306 quemadmodum
2773 3231 3064 3302 pecoribus
3118 3227 3350 3295 utimur,
3398 3223 3602 3296 quando
3640 3227 3777 3274 sancta

2268 3330 2339 3384 sit
2367 3329 2588 3393 oblatio,
2613 3343 2708 3396 per
2733 3327 2868 3392 hac,
2885 3340 3006 3393 qua:
3032 3323 3176 3376 dicta
3205 3329 3361 3382 sunt,
3385 3315 3609 3387 exponit.
3631 3308 3776 3363 l'rteci-

2267 3422 2348 3493 pit
2385 3427 2590 3484 autem,
2619 3428 2679 3473 ut
2715 3433 2826 3472 non
2866 3431 2964 3470 nos
3003 3413 3264 3484 paniteat
3289 3411 3358 3466 de
3397 3409 3481 3463 his
3513 3422 3617 3475 qua:
3646 3399 3774 3453 ullcri-

2269 3531 2390 3572 ntus
2418 3515 2552 3569 Deo.
2585 3512 2724 3584 Ergo
2759 3512 2802 3566 si
2832 3510 3052 3581 quidem
3086 3508 3153 3564 de
3190 3507 3280 3562 his
3313 3502 3775 3564 obtulerimuspcco-

2269 3609 2441 3672 ribus,
2475 3623 2594 3676 qua
2641 3620 2758 3660 mos
2801 3612 2884 3658 est
2919 3601 3028 3656 Deo
3051 3599 3266 3662 oﬂ‘erri,
3308 3611 3428 3652 mos
3459 3601 3616 3648 autem
3644 3591 3768 3638 estut

2268 3703 2321 3756 ei
2367 3698 2710 3754 immaculata
2759 3705 2813 3751 et
2856 3693 3056 3748 munda
3098 3691 3404 3746 oderantur
3439 3703 3452 3739 :
3491 3689 3658 3736 munus
3694 3685 3763 3723 no-

2268 3804 2442 3849 strum
2478 3791 2622 3845 illico
2655 3787 3049 3848 sanetificatur,
3081 3783 3247 3837 etiam
3281 3795 3392 3835 non
3421 3783 3500 3830 est
3528 3773 3596 3825 fas
3633 3775 3671 3817 ut
3687 3773 3750 3849 nos

2267 3887 2336 3941 de
2363 3902 2430 3940 eo
2453 3885 2737 3955 paniteat,
2770 3879 2937 3934 veluti
2975 3878 3018 3932 si
3051 3875 3244 3940 filium,
3277 3871 3364 3926 vel
3382 3846 3744 3955 discipulttm.nifl

2269 3940 2508 4039 servum,
2541 3981 2636 4026 aut
2676 3971 2839 4024 aliutn
2879 3967 2972 4038 qui
3015 3965 3115 4020 sub
3155 3978 3326 4016 manu
3371 3966 3543 4013 nostra
3579 3956 3654 4002 est.
3677 3940 3748 4039 1)θρ

2269 4037 2650 4120 obtulerimus.
2687 4061 2872 4130 Neque
2902 4037 3113 4114 mutare
3145 4055 3354 4110 malum
3391 4050 3457 4104 ad
3491 4042 3655 4130 melius,
3689 4037 3754 4130 aut

2269 4153 2474 4208 bonum
2521 4151 2590 4205 ad
2632 4127 2855 4204 malum.
2908 4145 3106 4200 Malum
3158 4151 3344 4196 autem
3399 4135 3482 4191 hic
3519 4127 3632 4184 dicit.
3669 4128 3749 4170 non

2268 4247 2412 4316 quod
2443 4260 2671 4316 pravum
2701 4241 2877 4296 modis
2906 4237 3161 4294 omnibus
3191 4241 3248 4288 et
3278 4221 3752 4316 immundumiS‘

2269 4303 2379 4394 tem
2411 4303 2752 4391 immundum
2787 4343 2890 4393 est,
2932 4344 3040 4384 non
3078 4335 3161 4382 est
3190 4326 3260 4380 de
3298 4321 3402 4377 illis
3439 4329 3542 4386 qua
3579 4317 3667 4361 ωυε
3693 4303 3754 4349 εει

2269 4429 2452 4485 offerri
2479 4429 2609 4493 Deo,
2632 4441 2752 4480 esse
2772 4433 2952 4478 autem
2974 4422 3041 4475 de
3067 4420 3152 4472 his
3189 4432 3314 4486 qua
3335 4393 3755 4493 ῑιιπηοιειιῆ⁴1ν³ξ⁵¹¹ξη

3442 4497 3542 4552 ixit.
3567 4484 3650 4540 Sed
3672 4489 3754 4530 tua.

2273 4575 2384 4672 lunt
2417 4575 2683 4677 ltic'dicit,
2706 4608 2849 4679 quod
2874 4615 2958 4662 est
2987 4575 3248 4664 deterius,
3283 4599 3360 4654 sic
3379 4593 3510 4650 enim
3540 4575 3755 4679 manifefle

2273 4718 2329 4765 et
2359 4662 2986 4780 Sytnmaebusltradidit.
3018 4695 3137 4749 Non
3179 4691 3355 4748 reddit
3384 4681 3558 4740 melius
3571 4662 3756 4780 ‘pru‘dfj

2274 4751 2488 4865 teridri,
2527 4807 2621 4852 aut
2656 4795 2901 4850 deterius
2943 4805 3042 4860 pro
3086 4785 3321 4846 meliori,
3353 4787 3407 4834 ut
3439 4785 3534 4828 non

2273 4893 2430 4956 lium,
2469 4847 2571 4942 aut
2647 4898 2864 4940 servum
2915 4883 3212 4936 offerentes
3257 4865 3459 4926 Domini
3502 4847 3754 4958 sett‘lllif

2277 4981 2603 5044 ministerio,
2641 4978 2882 5047 recipere
2924 4989 3048 5028 eum
3103 4972 3156 5025 in
3196 4974 3431 5023 nostrum
3467 4943 3749 5047 ministertttlll

2277 5026 2603 5044 ........,.ν.-ν,
2641 5026 2876 5047 αττ---
2934 5026 2947 5028 _
3703 5027 3710 5035 .

2275 5087 2331 5132 et
2379 5075 2644 5130 utilitates
2685 5071 2934 5133 velimus,
2978 5065 3355 5136 promittentes
3403 5048 3579 5136 offerre

2275 5185 2388 5224 rem
2436 5167 2696 5227 forsitan,
2737 5162 2820 5217 vel
2869 5158 3216 5216 deteriorem.
3257 5151 3439 5233 'Ncque
3479 5143 3601 5233 enim

2273 5272 2499 5334 Pmplel'
2531 5257 2678 5330 quod
2713 5265 2768 5310 et
2797 5257 2949 5308 Anna
2986 5252 3052 5305 de
3084 5229 3331 5301 Samuele
3373 5231 3561 5345 dicebil

2273 5315 2495 5425 spiciens
2545 5350 2829 5421 respexeris
2874 5347 2942 5401 ad
2986 5343 3336 5398 humilitatem
3374 5315 3726 5436 ancillis

2275 5408 2574 5500 memineris
2608 5444 2728 5507 mei,
2765 5451 2812 5494 et
2843 5438 3049 5493 dederis
3086 5432 3292 5488 ancilla:
3319 5437 3413 5480 tum
3443 5408 3739 5524 “Wffin

2278 5482 2574 5500 motu-nuto
2609 5482 2728 5507 mu,
2765 5482 2811 5494 ν,
2843 5482 3047 5493 “nu,”
3087 5482 3279 5488 “mn”,
3673 5482 3720 5511 ..1

2278 5544 2327 5588 et
2356 5533 2490 5586 dabo
2522 5548 2639 5584 eum
2669 5531 2724 5584 in
2754 5534 3024 5598 conspectu
3063 5534 3149 5578 tuo
3184 5521 3359 5575 datum
3395 5515 3532 5574 usque
3558 5490 3614 5545 ad
3640 5482 3720 5536 du»

2278 5623 2458 5678 mortis
2488 5621 2599 5692 ejus
2630 5622 2698 5654 "°

671 5797 716 5829 ³⁵
745 5797 910 5854 lCor.
936 5816 1033 5882 vtt,
1056 5797 1244 5853 28-32.
1324 5800 1366 5832 ἰ
1397 5803 1529 5854 Luc.
1557 5763 1644 5867 ‘Ill,
1678 5779 1770 5856 23.
1837 5799 1880 5832 ³³
1914 5800 1932 5852 1
1963 5797 2097 5870 Reg.
2129 5815 2168 5866 ι,
2196 5798 2284 5856 Η.
