4032 6472
315 393 454 458 1165

1458 392 1539 450 IN
1581 386 2022 451 LEVITICUM.
2045 410 2116 423 —
2151 385 2303 446 LIB.
2341 383 2476 447 VII.

3441 379 3579 446 1166

382 503 534 570 Quod
577 505 623 559 si
670 505 974 572 mutaverit,
1029 516 1076 560 et
1125 507 1296 575 ipsum
1341 508 1479 567 quod
1529 514 1812 564 mutatum,
1849 508 1897 554 et
1927 506 1972 560 Α
2002 513 2132 553 vere
2163 500 2309 554 hunc
2336 513 2477 569 opus
2519 495 2702 561 habet,
2733 505 2789 553 et
2820 495 3002 552 facere
3030 493 3445 567 intelligentiam.
3487 497 3578 551 Sic

269 631 273 635 -
309 593 444 648 illud
474 611 569 663 pro
598 611 700 664 quo
728 604 992 648 mutatum
1021 606 1118 660 est,
1142 607 1502 648 consecratum
1525 594 1623 648 erit
1651 592 1894 646 Domino.

314 683 388 739 lit
424 685 644 749 ethunc
684 702 846 756 quem
871 695 1032 741 antea
1083 686 1400 751 obtulimus,
1443 694 1499 740 et
1554 701 1680 740 eum
1734 699 1899 754 quem

313 787 524 848 postea,
541 792 664 832 cum
684 779 857 849 prima
882 780 1161 834 oblatione
1180 780 1608 844 sanctiﬁcemus,
1638 787 1694 834 et
1715 788 1898 832 utros-

311 885 420 941 que
456 871 564 925 Deo
594 872 980 928 concedamus.
1007 872 1122 928 Hoc
1152 872 1298 927 enim
1333 888 1444 927 non
1475 889 1578 928 nos
1607 872 1895 943 permittit,

314 953 371 1013 in
427 958 512 1014 his
559 975 680 1029 quae
737 961 1064 1026 offerimus,
1117 961 1498 1032 pmnitentiam
1550 975 1713 1031 agere
1751 978 1763 1013 :
1801 959 1899 1015 sed

311 1053 557 1124 percutit
597 1054 920 1108 inimicum:
951 1054 1043 1124 qui
1093 1055 1253 1109 nobis
1297 1055 1564 1124 paenitere
1608 1053 1896 1123 suggessit,

313 1145 445 1201 dum
502 1146 759 1202 videlicet
815 1147 1156 1217 duplicamus
1202 1155 1446 1201 nostram
1507 1146 1836 1201 oblationem
1882 1165 1896 1201 :

311 1254 476 1308 quam
511 1238 600 1293 ille
629 1255 729 1308 per
757 1239 1136 1309 penitentiam
1172 1239 1505 1309 intercipere
1535 1239 1728 1295 voluit.

386 1328 552 1384 Vens.
583 1331 760 1385 il-l5.
799 1350 817 1383 ‹
846 1331 1062 1385 Animal
1093 1332 1437 1386 immundum
1457 1332 1602 1402 quod
1628 1331 1900 1387 immolari

311 1415 550 1477 Domino
580 1438 689 1477 non
718 1430 898 1492 potest
935 1424 979 1478 si
1021 1424 1146 1493 quis
1184 1425 1418 1486 voverit,
1445 1425 1746 1480 adducatur
1774 1434 1901 1480 ante

313 1515 676 1568 sacerdotem.
724 1514 828 1581 Qui
871 1515 1180 1586 dijudicans
1227 1532 1296 1572 an
1331 1517 1570 1582 bonum,
1598 1534 1666 1572 au
1698 1518 1901 1572 malum

312 1606 408 1667 sit,
432 1615 638 1660 statuet
683 1608 921 1676 pretium
955 1625 968 1661 :
1002 1610 1150 1678 quod
1197 1609 1242 1663 si
1282 1610 1414 1664 dare
1454 1610 1690 1665 voluerit
1731 1610 1777 1665 is
1806 1608 1900 1680 qui

310 1697 513 1760 offert,
568 1698 731 1754 addet
778 1715 942 1769 supra
993 1701 1418 1756 aestimationem
1468 1702 1716 1772 quintam
1772 1718 1900 1773 par-

313 1797 448 1845 tem.
495 1808 516 1841 ι

2001 591 2146 646 enim
2177 592 2529 663 semetipsum
2555 590 2877 662 gubernare,
2910 598 2967 645 et
2981 604 3091 644 non
3117 603 3340 644 necesse
3375 588 3578 645 habere

2000 683 2225 739 alterius
2257 684 2550 755 pasdagoga
2580 682 2801 752 poterit.

2075 775 2239 830 Vens.
2278 776 2463 831 M-l9.
2504 794 2522 827 ‹
2549 775 2724 829 Homo
2751 773 2797 829 si
2819 775 3032 830 voverit
3055 773 3277 830 domum
3321 790 3498 840 suam,
3523 781 3581 830 et

2001 867 2427 924 sanctiﬁcaverit
2457 866 2712 932 Domino,
2749 868 3122 923 considerabit
3155 883 3275 923 eam
3302 870 3582 936 sacerdos,

2002 969 2186 1014 utrum
2227 960 2372 1015 bona
2406 975 2477 1013 an
2505 959 2647 1013 mala
2670 958 2759 1025 sit,
2793 959 3021 1030 etjuxta
3045 961 3302 1031 pretium,
3337 962 3483 1032 quod
3514 962 3584 1016 ab

2001 1065 2069 1105 eo
2111 1050 2282 1104 fuerit
2319 1052 2696 1117 constitutum,
2757 1054 3126 1109 venundetur.
3154 1055 3212 1110 Si
3263 1068 3445 1110 autem
3494 1057 3583 1111 ille

2001 1142 2091 1212 qui
2125 1142 2354 1207 voverit,
2393 1143 2629 1198 voluerit
2689 1145 2954 1200 redimere
2984 1161 3128 1210 eam,
3157 1147 3308 1204 dabit
3335 1148 3582 1218 quintam

2002 1241 2213 1304 partem
2234 1235 2612 1290 aestimationis
2633 1252 2818 1307 supra,
2841 1246 2898 1292 et
2915 1237 3137 1293 habebit
3159 1239 3402 1294 domum.
3427 1241 3583 1307 Quod

2003 1325 2049 1380 si
2080 1342 2272 1398 agrum
2299 1329 2668 1398 possessionis
2692 1345 2806 1384 suae
2834 1332 3067 1394 voverit,
3096 1341 3152 1386 et
3185 1335 3585 1388 consecraverit

2004 1419 2260 1485 Domino,
2328 1421 2484 1492 juxta
2524 1437 2839 1477 mensuram
2917 1425 3181 1480 sementis
3228 1427 3585 1482 testimabitur

2003 1513 2262 1582 pretium.
2295 1512 2353 1568 Si
2401 1514 2620 1585 triginta
2671 1516 2871 1570 modiis
2919 1517 3112 1572 hordei
3164 1520 3366 1575 seritur
3418 1531 3583 1582 terra,

2003 1605 2395 1677 quinquaginta
2432 1607 2583 1661 siclis
2611 1607 2867 1662 venietur
2907 1609 3136 1679 argenti.
3186 1611 3243 1664 Si
3293 1612 3474 1666 statim
3515 1613 3584 1664 ab

2001 1711 2150 1751 anno
2172 1696 2482 1766 incipientis
2497 1696 2708 1753 Jubilaai
2731 1698 3161 1769 voveritagrum,
3176 1711 3380 1770 quanto
3401 1704 3583 1757 valere

2004 1794 2206 1854 potest,
2228 1795 2382 1841 tanto
2403 1787 2798 1853 mstimabitur;
2831 1787 2876 1842 si
2901 1799 3084 1843 autem
3110 1801 3231 1859 post
3246 1792 3583 1861 aliquantum

389 1882 753 1953 lnquirendus
792 1894 875 1940 est
917 1883 1164 1950 Iudaeus,
1204 1887 1479 1957 quomodo
1528 1887 1632 1942 hoc
1676 1887 1902 1942 manda-
1934 1880 1977 1937 B
2009 1879 2290 1948 temporis,
2326 1878 2646 1949 supputahit
2685 1880 2943 1934 sacerdos
2972 1883 3262 1950 pecuniam
3291 1883 3449 1952 juxta
3483 1901 3583 1938 an-

312 1983 431 2031 tum
477 1987 624 2032 stare
660 1977 817 2047 juxta
865 1978 1104 2034 litteram
1157 1980 1375 2049 potest?
1415 1980 1470 2034 Si
1517 1981 1664 2035 enim
1711 1980 1901 2036 offerri

310 2083 426 2124 non
459 2069 610 2136 licet,
650 2084 755 2125 nec
788 2070 1032 2126 nondum
1079 2071 1186 2126 erit
1224 2073 1582 2142 acceptabile,
1627 2074 1903 2142 quomodo

313 2170 610 2230 utrumque
651 2160 948 2233 legislator,
991 2172 1249 2233 tanquam
1294 2164 1396 2217 sibi
1443 2179 1776 2236 repugnans,
1817 2175 1902 2221 at-

311 2269 422 2324 que
487 2253 750 2310 resistens
814 2256 1071 2326 scripsit?
1128 2255 1234 2311 Sed
1303 2257 1509 2327 aliquid
1576 2259 1902 2329 evangelica:

312 2346 623 2420 proximqu
659 2347 894 2419 largitati
930 2349 1109 2404 modis
1145 2349 1403 2404 omnibus
1439 2349 1640 2414 innuit,
1681 2360 1737 2404 et
1773 2367 1904 2406 con-

320 2439 684 2506 descensioni,
726 2456 888 2510 quam
935 2442 1107 2509 gratia
1153 2442 1329 2497 novit.
1369 2442 1459 2497 Sic
1507 2456 1636 2514 ergo
1677 2458 1740 2497 ea
1782 2459 1903 2512 quae

323 2532 463 2586 dicta
490 2540 640 2598 sunt,
674 2532 1062 2604 intelligamus,
1099 2548 1209 2588 non
1249 2533 1447 2587 licebat
1476 2533 1589 2588 Deo
1618 2533 1804 2588 oll‘erri
1835 2534 1903 2589 de

325 2622 630 2693 pecoribus,
661 2638 781 2692 qua:
809 2638 918 2676 non
949 2622 1112 2677 simul
1143 2631 1199 2676 et
1229 2623 1489 2693 ungulam
1522 2623 1819 2688 ﬁndebant,
1849 2631 1904 2678 et

320 2715 690 2770 ruminabaut.
721 2713 848 2770 llaac
873 2714 1019 2770 enim
1045 2715 1128 2770 lex
1151 2715 1391 2770 habebat
1419 2716 1718 2781 immunda,
1747 2719 1904 2787 cujus

313 2815 500 2862 autem
540 2815 659 2862 erat
695 2808 946 2877 aenigma,
995 2807 1047 2862 id
1095 2816 1180 2863 est
1219 2809 1476 2879 ungulam
1519 2825 1632 2863 non
1671 2810 1900 2878 ﬁndere,

313 2915 430 2954 nou
454 2900 795 2970 distinguere
823 2900 954 2971 legis
987 2900 1244 2968 litteram,
1275 2911 1331 2956 et
1359 2901 1612 2972 spiritum
1640 2903 1900 2960 scientis:

313 3006 429 3046 non
468 3001 650 3046 autem
683 2991 962 3046 ruminare
994 2991 1133 3060 ejus,
1161 2992 1253 3062 qui
1284 3009 1396 3048 non
1437 2994 1696 3050 continue
1727 2996 1902 3052 medi-

316 3081 544 3136 tationis
570 3081 704 3153 legis
724 3082 960 3137 habebat
980 3083 1244 3148 studium,
1271 3094 1328 3139 et
1365 3084 1457 3155 qui
1489 3086 1673 3157 lingua
1702 3087 1900 3154 solum,

315 3191 430 3228 non
485 3175 649 3229 etiam
697 3175 862 3230 corde
913 3190 1033 3230 eam
1080 3176 1149 3230 ad
1196 3177 1609 3234 meditationem
1657 3189 1896 3235 revocat.

316 3268 374 3321 Si
403 3282 534 3338 ergo
562 3267 758 3338 aliquis
793 3266 962 3321 ﬁlium
1010 3267 1192 3334 talem,
1229 3268 1314 3323 vel
1353 3284 1596 3336 servum,
1624 3270 1712 3327 vel
1741 3271 1905 3327 disci—

317 3361 510 3431 pulum
538 3361 650 3416 Deo
679 3359 898 3425 oll'erat,
932 3361 1024 3430 qui
1062 3362 1129 3415 ad
1160 3362 1500 3418 meditandas
1530 3378 1716 3418 sacras
1755 3364 1905 3420 Scri-

319 3463 531 3525 pturas,
565 3463 662 3509 aut
693 3454 763 3509 ad
794 3453 1120 3508 divisionem
1153 3455 1651 3526 contemplationis,
1686 3473 1798 3511 non
1838 3474 1905 3513 ex

319 3545 549 3608 malitia,
591 3545 688 3600 sed
725 3561 793 3601 ex
827 3545 1144 3600 inﬁrmitate
1186 3546 1367 3602 minor
1398 3548 1491 3613 sit,
1524 3548 1754 3603 necdum
1785 3550 1908 3620 qui-

317 3634 446 3690 dem
485 3643 569 3691 est
610 3645 772 3690 votus
813 3636 948 3699 Deo,
975 3651 1154 3706 neque
1194 3638 1344 3692 enim
1384 3639 1538 3708 quasi
1573 3640 1788 3697 oblatus
1813 3642 1904 3709 sit,

317 3727 442 3799 ejus
466 3727 743 3799 legislator
777 3729 1094 3784 memoriam
1124 3729 1275 3785 facit.
1304 3730 1541 3787 Adducit
1569 3740 1751 3788 autem
1775 3743 1904 3790 ante

318 3819 686 3883 sacerdotem,
728 3827 785 3874 et
829 3820 1022 3875 statuit
1064 3819 1300 3889 pretium
1339 3821 1460 3891 ejus
1502 3826 1775 3888 sacerdos,
1819 3825 1904 3879 di-

312 3903 573 3980 judicans
600 3919 783 3964 utrum
815 3909 1023 3964 bonum
1054 3925 1122 3963 an
1155 3908 1356 3963 malum
1385 3910 1474 3976 sit,
1497 3920 1559 3965 ut
1585 3911 1906 3981 imperfecto

317 3999 809 4066 condescendens,
872 3999 1215 4054 moderatum
1275 4000 1323 4054 ei
1375 3999 1566 4072 jugum
1636 4000 1903 4072 imponat,

320 4094 378 4149 id
413 4103 518 4158 est,
550 4109 670 4149 eam
701 4109 823 4164 quae
852 4103 937 4149 est
965 4093 1142 4149 media
1191 4093 1335 4150 inter
1368 4095 1566 4150 bonam
1601 4095 1908 4166 malamque

321 4185 820 4241 conversationem.
856 4184 953 4241 Est
999 4195 1184 4241 autem
1230 4201 1262 4241 a
1309 4186 1452 4240 malo
1497 4186 1811 4252 declinatio,
1850 4194 1908 4242 et

323 4281 604 4349 profectus
641 4279 708 4334 ad
741 4279 990 4335 meliora.
1021 4279 1136 4335 Hoc
1172 4280 1318 4335 enim
1359 4279 1587 4335 forsitan
1623 4280 1905 4350 proprium

323 4372 560 4427 dicimus
585 4386 708 4426 esse
742 4371 887 4427 inter
920 4372 1163 4427 deterius
1191 4380 1246 4427 et
1280 4373 1511 4427 melius:
1538 4374 1684 4443 quod
1715 4390 1811 4443 pro
1839 4389 1906 4429 eo

322 4461 469 4531 quod
502 4462 711 4517 dictum
750 4470 858 4526 est,
890 4472 1074 4517 utrum
1106 4463 1310 4517 bonum
1357 4477 1427 4516 an
1473 4463 1699 4526 malum,
1737 4464 1910 4519 edidit

2006 1984 2203 2024 norum
2251 1970 2345 2040 qui
2400 1970 2594 2040 reliqui
2635 1980 2786 2034 sunt,
2817 1987 3108 2027 numerum
3139 1989 3313 2043 usque
3343 1977 3409 2030 ad
3431 1977 3583 2032 Jubi-

2005 2062 2186 2126 larum,
2205 2071 2260 2117 et
2277 2063 2597 2118 detrahetur
2615 2078 2678 2118 ex
2707 2064 2902 2134 pretio.
2922 2063 3078 2130 Quod
3102 2066 3147 2121 si
3175 2068 3408 2124 voluerit
3439 2070 3584 2126 redi-

2001 2170 2155 2210 mere
2180 2171 2367 2225 agrum
2402 2155 2490 2210 ille
2520 2157 2612 2226 (ιιιί
2635 2167 2880 2226 voverat,
2907 2158 3071 2214 addet
3099 2160 3342 2230 quintam
3374 2173 3584 2233 partem

2003 2248 2290 2303 aestimata:
2318 2249 2584 2316 pecuniae,
2616 2258 2671 2303 et
2698 2251 3003 2320 possidebit
3027 2268 3175 2307 eum.
3212 2274 3229 2305 ι

2074 2341 2193 2396 Non
2225 2341 2621 2412 qualiscunque
2647 2341 2738 2397 hic
2763 2343 2975 2413 paritur
2997 2345 3244 2414 quaestio.
3271 2345 3440 2400 Paulo
3460 2358 3586 2417 post

2003 2433 2149 2487 enim
2181 2433 2250 2488 ad
2285 2432 2450 2488 ﬁnem
2478 2433 2606 2488 libri
2643 2434 2923 2506 legislator
2951 2435 3028 2490 sic
3049 2435 3182 2491 dicit
3220 2455 3232 2489 :
3263 2436 3423 2492 Omne
3444 2439 3585 2509 quod

2005 2522 2230 2578 Domino
2261 2533 2618 2588 consecratur,
2637 2525 2744 2579 sive
2763 2527 2914 2579 homo
2941 2524 3061 2593 erit,
3094 2528 3201 2582 sive
3229 2529 3452 2594 animal,
3478 2532 3585 2585 sive

2005 2631 2151 2685 ager,
2182 2633 2285 2670 non
2316 2618 2573 2683 venietur,
2605 2633 2698 2671 nec
2724 2618 2913 2672 redimi
2953 2622 3165 2689 poterit.
3194 2619 3478 2687 Quomodo
3510 2623 3585 2678 ibi

2008 2708 2230 2776 quidem
2266 2709 2460 2763 redimi
2491 2709 2673 2764 oblata
2705 2710 3008 2779 prohibuit,
3035 2711 3124 2766 hic
3147 2721 3326 2766 autem
3358 2713 3584 2770 domum

2005 2811 2057 2856 et
2076 2816 2262 2872 agrum
2280 2809 2565 2871 postquam
2579 2802 2911 2857 sanctiﬁcata
2932 2812 3062 2858 sunt
3081 2805 3327 2876 praecipit
3349 2806 3538 2862 redimi
3556 2808 3581 2860 ?

2004 2894 2114 2947 Aut
2170 2892 2399 2948 forsitan
2436 2893 2753 2949 omnimodo
2805 2894 2966 2949 aliam
3035 2894 3126 2951 hic
3199 2898 3581 2965 intentionem,

2005 2986 2166 3040 aliam
2201 2985 2292 3040 hic
2329 2985 2610 3042 oﬁerentis
2661 2987 2834 3043 novit.
2874 2987 2953 3042 lbi
2993 2987 3235 3058 quidem,
3281 3000 3342 3044 ut
3376 3007 3584 3061 nequa-

2005 3093 2168 3148 quam
2197 3079 2336 3133 ultra
2359 3087 2612 3135 attrectet
2632 3080 2777 3150 quod
2823 3079 3023 3136 obtulit
3068 3098 3083 3136 :
3124 3083 3220 3138 sed
3262 3093 3321 3138 ut
3368 3085 3586 3155 penitus

2006 3172 2139 3228 illud
2169 3180 2518 3228 consecraret
2545 3173 2679 3238 Deo,
2709 3181 2935 3244 propter
2954 3174 3099 3244 quod
3126 3190 3236 3229 non
3265 3175 3361 3242 ait,
3391 3191 3584 3246 quem~

2005 3266 2298 3321 admodum
2355 3266 2485 3321 hic:
2522 3265 2580 3321 Si
2627 3266 2966 3322 consecrarit
3015 3266 3240 3323 domum
3281 3283 3460 3333 suam,
3485 3279 3584 3324 aut

2007 3373 2198 3430 agrum
2237 3359 2602 3430 possessionis
2639 3375 2751 3415 suae
2787 3378 2799 3414 :
2836 3360 2953 3423 sed,
2989 3376 3141 3415 omne
3185 3363 3322 3431 quod
3359 3361 3586 3416 Domino

2007 3460 2364 3506 consecratur.
2413 3451 2618 3506 Eorum
2661 3451 2808 3506 enim
2850 3467 2972 3522 qua:
3020 3453 3392 3508 offerebantur
3451 3452 3583 3518 Deo.

2007 3541 2145 3596 nihil
2175 3541 2371 3597 licebat
2397 3543 2451 3596 in
2491 3557 2653 3597 usum
2693 3543 2996 3598 humanum
3027 3543 3168 3598 ultra
3210 3544 3434 3610 reverti,
3485 3547 3583 3601 sed

2007 3648 2112 3689 nec
2163 3634 2419 3689 sacerdos
2459 3632 2564 3688 illis
2595 3633 2674 3688 uti
2722 3642 2955 3704 poterat.
3011 3634 3361 3691 Demonstrat
3400 3647 3583 3692 autem

2006 3726 2114 3782 hoc
2148 3742 2234 3790 ea,
2273 3743 2396 3797 quae
2430 3735 2515 3782 est
2559 3726 3025 3782 Amalechitarum
3069 3727 3316 3784 historia.
3369 3728 3585 3787 Praee-

2006 3826 2161 3887 ptum
2204 3826 2289 3871 est
2333 3816 2481 3871 enim
2537 3816 2668 3872 Saul
2715 3826 2776 3871 ut
2815 3817 3106 3872 anathema
3153 3826 3340 3874 essent
3400 3821 3588 3882 omnia

2005 3908 2268 3964 Amalech
2317 3909 2490 3981 spolia
2522 3926 2536 3964 :
2562 3918 2618 3965 et
2655 3911 2785 3980 quia
2811 3911 3084 3966 concessit
3111 3912 3313 3982 popqu
3337 3913 3585 3982 quaedam

2006 4000 2077 4054 de
2139 4000 2396 4071 gregibus
2472 4010 2528 4055 et
2577 4002 2842 4056 armentis
2902 4002 3176 4073 accipere,
3235 4003 3584 4060 maledictum

2007 4093 2233 4165 grande,
2294 4093 2541 4163 iramque
2582 4095 2842 4150 sustinuit
2882 4112 2895 4150 :
2937 4101 2994 4149 et
3053 4095 3366 4150 nullatenus
3416 4097 3465 4152 ei
3519 4098 3588 4153 ad

2005 4184 2438 4241 satisfactionem
2467 4184 2704 4252 suﬁ‘ecit,
2729 4203 2854 4242 cum
2886 4186 3218 4242 irasceretur
3261 4189 3500 4254 Samuel,
3533 4198 3589 4245 et

2007 4274 2312 4345 inquireret
2359 4292 2373 4329 :
2421 4275 2549 4340 Qua:
2586 4286 2660 4330 est
2700 4294 2800 4332 vox
2840 4279 3013 4348 gregis
3053 4279 3212 4349 hujus
3258 4280 3316 4334 in
3368 4281 3586 4335 auribus

2006 4370 2154 4432 meis,
2171 4379 2220 4423 et
2245 4385 2345 4422 vos:
2365 4368 2516 4422 boum
2537 4385 2696 4439 quam
2721 4386 2814 4438 ego
2827 4371 2988 4424 audio
3007 4371 3074 4436 ³³,
3096 4386 3220 4426 cum
3236 4374 3591 4443 responderet

2005 4464 2112 4519 alia
2164 4463 2232 4518 ad
2266 4463 2586 4534 prophetam
2622 4464 2809 4528 verba,
2842 4480 2906 4519 ea
2939 4481 3059 4534 qua:
3083 4475 3241 4521 erant
3271 4485 3284 4521 :
3321 4468 3398 4522 De
3426 4472 3590 4524 Ama-

325 4557 690 4629 Symmachus
720 4575 737 4611 :
772 4556 977 4611 Statuit
1004 4557 1230 4625 pretium
1262 4557 1527 4621 sacerdos,
1553 4557 1596 4611 si
1629 4557 1905 4626 quomodo
1934 4569 1981 4626 ι)
2011 4556 2121 4610 lech
2143 4557 2368 4610 adduxit
2396 4572 2457 4610 ea
2485 4571 2601 4626 qua:
2630 4556 2908 4626 acquisivit
2926 4557 3151 4626 populus
3174 4559 3396 4613 meliora
3419 4563 3590 4633 gregis

323 4650 625 4722 proﬁciens
653 4650 858 4706 donum
884 4664 1005 4706 esse
1031 4665 1243 4715 eorum,
1285 4647 1549 4719 quaeIDeo
1578 4649 1903 4714 oﬁeruntur,

365 4743 522 4798 ossit.

365 4758 522 4798 ossnt.

326 4758 362 4814 ρ
396 4830 549 4897 Quod
576 4831 623 4886 si
653 4833 782 4886 dare
829 4829 1119 4895 volueritis,
1166 4844 1325 4899 quam
1361 4829 1530 4898 oﬂ'ert,
1557 4830 1715 4884 addet
1751 4847 1910 4900 super

322 4925 731 4981 cstimationem
780 4923 1021 4994 quintam
1074 4931 1302 4990 partem.
1337 4920 1402 4977 Et
1427 4921 1558 4992 quid
1621 4923 1728 4978 hoc
1778 4924 1909 4979 est?

326 5015 583 5086 Quinque
613 5029 842 5070 numero
878 5029 1074 5069 sensus
1098 5023 1245 5068 sunt.
1287 5013 1494 5069 Horum
1535 5014 1694 5070 nobis
1714 5015 1908 5086 quinta

326 5124 456 5179 pars
499 5122 658 5162 mens
697 5115 802 5172 est,
855 5107 924 5162 ab
964 5106 1079 5177 ipsa
1141 5105 1290 5160 enim
1331 5107 1726 5178 gubernantur.
1776 5107 1911 5163 Sine

328 5203 431 5258 hac
456 5216 588 5272 ergo
611 5215 724 5254 non
761 5198 917 5255 valde
946 5197 1151 5253 habent
1167 5213 1310 5262 esse,
1335 5213 1438 5254 nec
1459 5199 1673 5269 juvant.
1701 5198 1910 5258 Horum

326 5309 458 5366 ergo
478 5294 722 5365 quinque
743 5292 1004 5364 virgines,
1025 5307 1146 5361 quae
1170 5291 1236 5346 ad
1267 5290 1486 5362 nuptias
1506 5307 1614 5348 non
1636 5301 1911 5365 susceptae

326 5397 477 5453 sunt,
511 5390 740 5457 ﬁguram
771 5393 989 5456 gerunt.
1014 5382 1266 5454 Quinque
1296 5399 1424 5454 ergo
1454 5399 1565 5439 non
1596 5385 1909 5442 habuerunt

327 5479 678 5550 sapientiam,
711 5475 856 5531 unde
875 5473 1122 5530 absolute
1150 5481 1206 5528 et
1235 5473 1399 5529 fatua:
1437 5475 1728 5530 nominatae
1757 5485 1906 5531 sunt.

330 5574 472 5644 Ergo
501 5571 548 5626 si
574 5571 699 5641 quis
732 5568 848 5625 vult
885 5566 1155 5622 redimere
1198 5581 1347 5630 eum,
1377 5567 1469 5636 qui
1505 5577 1730 5638 propter
1765 5585 1909 5639 pm-

329 5666 506 5722 dictas
529 5678 720 5719 causas
755 5658 1052 5716 immundis
1077 5668 1424 5727 comparatur
1464 5660 1770 5729 pecoribus,
1810 5662 1908 5716 hac

1023 5838 1066 5874 3‘
1107 5843 1241 5898 ibid.
1280 5840 1360 5899 l3.

403 5847 448 5879 ³³
481 5844 502 5901 Ι
537 5846 670 5919 Reg.
701 5863 787 5909 xv,
825 5842 906 5900 ii.

2007 4658 2057 4701 et
2091 4647 2266 4710 boum,
2299 4656 2357 4700 ut
2386 4646 2791 4700 immolarentur
2813 4646 3039 4702 Domino
3083 4647 3191 4701 Dea
3236 4658 3346 4711 tuo,
3385 4650 3589 4720 reliqua

2010 4755 2190 4795 autem
2222 4739 2510 4809 disperdidi
2535 4739 2604 4796 “.
2641 4738 2781 4810 Ergo
2810 4736 2957 4794 ali'ud
2986 4748 3069 4794 est
3094 4741 3434 4797 sanctiﬁcare
3456 4743 3587 4807 Deo,

2008 4832 2138 4887 licet
2171 4831 2318 4886 enim
2359 4830 2410 4886 ei
2439 4830 2533 4901 qui
2575 4831 2957 4896 sanctiﬁcavit,
2993 4833 3100 4888 hoc
3127 4833 3290 4888 modo
3325 4833 3404 4920 utj
3427 4850 3590 4904 quem

2012 4939 2162 4979 nunc
2187 4923 2346 4979 nobis
2385 4923 2660 4994 legislator
2694 4923 2974 4980 ostendit:
3003 4924 3150 4981 aliud
3180 4936 3265 4981 est
3300 4927 3591 4982 anathema

2011 5018 2142 5089 quid
2176 5017 2378 5083 facere,
2425 5017 2591 5086 hujus
2639 5017 2785 5071 enim
2833 5032 2971 5073 usus
3013 5019 3344 5089 prohibitus.
3385 5019 3593 5074 Similis

2011 5117 2195 5162 autem
2215 5105 2344 5162 huic
2371 5115 2428 5160 et
2465 5105 2775 5161 intellectus
2807 5106 3009 5177 suscipi
3057 5108 3219 5163 debet
3257 5114 3595 5181 contempla-

2011 5200 2199 5267 tionis,
2230 5199 2326 5256 sed
2356 5199 2425 5254 de
2456 5198 2806 5254 anathemate
2824 5200 3045 5269 quidem
3077 5201 3345 5270 dicemus,
3373 5201 3595 5275 quando

2012 5294 2083 5349 ad
2114 5293 2264 5348 illam
2320 5300 2532 5364 partem
2584 5292 2758 5347 sancti
2807 5293 3144 5349 venerimus.
3199 5294 3357 5350 Nunc
3408 5303 3592 5349 autem

2016 5385 2145 5457 quid
2163 5385 2236 5439 sit
2251 5383 2474 5439 domum
2491 5383 2856 5448 sanctiﬁcare,
2887 5384 3017 5454 quid
3040 5399 3251 5456 agrum,
3277 5384 3592 5439 doceamus.

2016 5477 2153 5534 mihi
2198 5483 2522 5546 suggerente
2556 5474 2774 5546 spiritu,
2810 5475 2915 5529 hoc
2946 5476 3124 5544 primo
3154 5475 3273 5529 loco
3295 5474 3540 5528 dicentes
3577 5488 3592 5526 :

2017 5568 2144 5638 quia
2170 5566 2316 5621 aliud
2351 5573 2435 5620 est
2460 5564 2788 5620 sanctiﬁcari
2819 5564 2952 5626 Deo,
2985 5565 3130 5618 aliud
3152 5572 3402 5618 sanctum
3430 5576 3592 5615 esse:

2018 5659 2164 5715 aliud
2199 5657 2380 5714 oﬁerri
2412 5656 2460 5712 ei
2483 5655 2707 5726 aliquid,
2733 5657 2879 5711 aliud
2902 5671 3012 5710 non
3044 5669 3181 5725 opus
3211 5655 3414 5710 habere
3439 5653 3599 5710 obla-
