4032 6406
617 379 756 446 1167

1805 379 2133 440 HESYCHI
2142 380 2169 439 Ι
2208 379 2682 442 PRESBYTERI

3683 401 3784 467 1168

613 499 839 560 tionem,
890 492 985 549 sed
1052 508 1173 549 esse
1221 493 1342 559 Dei,
1395 500 1451 547 et
1499 490 1786 545 offerentis
1842 506 1953 545 non
2008 507 2190 563 egere.
2220 498 2267 556 Α
2298 493 2891 565 sanctificatioproprie
2915 497 3111 553 domus
3133 499 3436 564 ascribitur,
3464 519 3561 559 non
3582 509 3723 565 solum
3747 529 3791 570 ut

611 586 769 654 Quod
790 585 936 639 enim
956 584 1343 648 sanctificatur,
1359 592 1412 637 et
1427 582 1673 646 offertur,
1693 597 1759 636 eo
1785 582 1927 652 quod
1948 582 2190 649 offertur,

614 678 943 734 sanctificari
985 677 1199 746 incipit,
1238 692 1367 747 ergo
1412 675 1564 745 prius
1589 690 1701 728 non
1752 683 1869 729 erat
1919 685 2189 730 sanctum.

612 771 769 837 Quod
802 780 985 824 autem
1015 769 1206 837 incipit
1238 766 1588 829 sanctificari,
1623 767 1727 821 hoc
1757 782 1895 836 Opus
1926 766 2111 832 habet,
2140 776 2195 822 et

612 864 945 934 profectum,
975 870 1030 917 et
1069 878 1167 932 per
1198 868 1382 931 partes
1414 870 1786 931 augmentum.
1819 860 1976 927 Quod
2009 871 2191 915 autem

613 957 740 1010 olim
790 965 1035 1010 sanctum
1071 964 1175 1018 est,
1201 963 1256 1009 et
1276 954 1406 1009 olim
1440 963 1524 1009 est
1550 954 1664 1019 Dei,
1700 955 1805 1008 hoc
1841 955 1977 1008 nihil
2011 956 2192 1010 minus

611 1049 793 1113 habet,
810 1050 904 1103 sed
922 1057 1005 1102 est
1021 1047 1345 1117 perfectum,
1362 1062 1464 1102 nec
1486 1048 1595 1101 ullo
1617 1048 1987 1102 additamento
2003 1063 2186 1118 egens.

610 1142 904 1211 Propterea
948 1142 1154 1195 bonum
1185 1140 1404 1211 quidem
1438 1148 1543 1205 est,
1575 1149 1631 1193 et
1662 1140 1928 1195 doctrinis
1960 1141 2188 1194 aliorum

609 1236 678 1289 ad
726 1233 1213 1289 sanctilicationem
1267 1233 1366 1300 uti,
1414 1234 1612 1287 melius
1658 1241 1839 1286 tamen
1884 1233 1938 1285 in
1976 1241 2187 1286 tantum

608 1327 891 1396 proficere,
926 1335 986 1380 ut
1016 1326 1109 1395 qui
1156 1326 1513 1396 semetipsum
1544 1338 1599 1382 et
1638 1342 1733 1381 eos
1774 1326 1865 1396 qui
1891 1327 2011 1396 ejus
2039 1335 2185 1391 sunt,

606 1418 674 1474 ad
708 1417 1199 1473 sanctificationem
1230 1417 1517 1487 producat,
1550 1418 1697 1487 quod
1737 1433 1847 1471 non
1879 1418 2058 1471 omnis
2083 1418 2186 1471 viri

606 1518 709 1574 est,
731 1508 823 1563 sed
849 1508 1019 1562 solius
1039 1508 1266 1563 sensati.
1290 1509 1359 1562 Et
1383 1508 1499 1562 haec
1526 1516 1674 1572 sunt,
1695 1524 1815 1577 quas
1842 1508 1897 1561 in
1922 1508 2025 1563 hoc
2067 1508 2187 1563 loco

606 1601 913 1672 significare
945 1600 1224 1672 legislator
1254 1600 1615 1655 intentionem
1649 1601 1834 1655 habet.
1871 1599 2188 1655 Sanctiﬁcat

606 1709 738 1764 ergo
783 1694 1006 1747 domum
1050 1693 1182 1757 Deo,
1228 1692 1321 1761 qui
1360 1692 1619 1746 familiam
1666 1709 1842 1758 suam,
1888 1702 1943 1747 et
1982 1709 2186 1764 cogna-

606 1785 837 1847 tionem,
886 1794 939 1837 et
989 1783 1388 1853 intelligibilem
1433 1783 1654 1837 domum
1708 1783 1763 1836 in
1826 1784 2184 1839 sanctimonia

2296 584 2568 650 offerenti,
2602 587 2697 640 sed
2729 596 2783 640 et
2812 596 2872 640 ut
2895 589 3112 642 docenti
3151 608 3162 642 :
3189 591 3373 661 sicque
3390 608 3493 648 sure
3508 596 3665 655 domui
3687 604 3792 659 bene.

2295 677 2642 746 praepositus,
2684 685 2738 731 et
2774 694 3109 749 recuperatis
3141 696 3264 736 eam
3296 684 3399 737 sibi
3434 689 3657 743 sacerdos
3692 710 3795 763 quo-

2295 768 2585 823 dammodo
2612 770 2925 825 invenitur:
2949 774 3077 841 quia
3107 772 3309 827 Paulus
3331 792 3451 829 eum
3480 778 3561 848 qui
3582 785 3667 835 scit
3687 802 3794 853 pra-

2294 876 2414 914 esse
2452 876 2562 915 sua:
2607 862 2814 927 domui,
2859 864 2925 917 ad
2974 865 3324 934 episcopatus
3354 867 3646 926 electionem
3675 886 3798 944 atque

2292 952 2609 1020 dignitatem
2629 954 2941 1009 sublimavit
2966 955 3028 1008 ".
3046 955 3278 1027 Propter
3294 960 3434 1027 quod
3450 960 3637 1029 Aquila,
3655 981 3731 1032 pro
3750 985 3799 1020 eo

2291 1042 2436 1110 quod
2470 1042 2674 1096 dictmn
2706 1054 2809 1108 est,
2854 1046 2955 1110 Qui
3010 1063 3129 1101 eam
3193 1051 3530 1118 sanctiﬁcavit
3580 1057 3799 1109 redimet:

2292 1134 2336 1185 si
2384 1135 2718 1202 sancti/imus
2749 1136 2819 1188 ad
2856 1137 3013 1203 ﬁnem
3056 1140 3257 1208 fecerit,
3278 1141 3464 1195 edidit.
3493 1141 3630 1208 Quod
3661 1158 3801 1202 autem

2291 1243 2358 1280 ex
2390 1226 2493 1281 hoc
2528 1227 2806 1292 discimus,
2835 1229 2962 1298 quia
2991 1230 3033 1282 si
3060 1230 3256 1284 domus
3288 1232 3387 1285 sibi
3424 1234 3741 1302 principatum
3765 1250 3805 1291 et

2290 1318 2745 1389 gubernationem
2779 1320 2869 1388 qui
2916 1322 3299 1383 sanctificavit.
3350 1323 3593 1389 vindicat,
3616 1334 3663 1380 et
3698 1327 3808 1386 hanc

2290 1409 2406 1479 ipse
2436 1410 2717 1479 acquirere
2756 1411 2871 1464 vult
2901 1430 2915 1465 :
2948 1412 3015 1465 ad
3046 1413 3209 1466 linem
3256 1423 3435 1467 autem
3464 1413 3627 1469 facere
3649 1433 3806 1473 secun-

2290 1503 2419 1557 dum
2456 1502 2651 1573 legem,
2694 1514 2774 1558 est
2813 1504 2932 1557 aliis
2960 1504 3105 1558 sicut
3146 1516 3435 1575 cognatum
3464 1510 3697 1575 prceponi,
3720 1512 3807 1566 hac

2289 1590 2455 1646 faciat
2497 1608 2617 1661 qua:
2648 1591 2703 1646 in
2742 1593 2997 1662 prmscnti
3034 1594 3311 1663 legislator
3342 1595 3518 1664 jussit.
3556 1596 3642 1651 His
3666 1610 3806 1654 autem

2290 1684 2364 1738 ita
2393 1699 2450 1739 se
2469 1685 2821 1747 habentibus,
2844 1688 2988 1756 quod
3012 1688 3231 1756 preprie
3251 1696 3530 1757 argentum
3554 1690 3805 1746 divinatum

2291 1776 2630 1845 eloquiorum
2681 1776 2976 1830 doctoralis
3028 1777 3337 1831 exhortatio
3390 1779 3476 1841 sit,
3525 1779 3637 1832 audi
3681 1781 3806 1835 David

570 1900 573 1903 ·
603 1876 921 1930 conversari
951 1876 1085 1939 vult,
1115 1835 1439 1930 utUEcclesia
1459 1875 1547 1938 sit,
1581 1884 1633 1929 et
1660 1875 1981 1944 appelletur,
1997 1891 2186 1945 quem-
2216 1835 2264 1895 Β
2292 1868 2564 1922 dicentem
2589 1882 2607 1921 :
2641 1868 2868 1940 Eloquia
2900 1869 3135 1934 Domini,
3162 1869 3369 1938 eloquia
3395 1880 3557 1935 casta,
3586 1885 3807 1941 argentum

604 1968 898 2022 admodum
941 1969 1099 2021 multi
1159 1968 1400 2022 fidelium
1481 1968 1674 2022 domos
1739 1984 1887 2034 suas,
1961 1978 2187 2039 propter

604 2061 1094 2115 sanctificationem
1159 2060 1420 2114 ecclesias
1488 2060 1782 2123 habebant.
1831 2062 1973 2117 sicut
2019 2062 2187 2116 Paulo

604 2152 883 2206 scribente
909 2151 974 2205 ad
1007 2150 1281 2205 Romanos
1312 2150 1637 2205 audivimus.
1675 2150 1920 2206 Salutate
1948 2150 2187 2207 Priscam

605 2241 951 2312 etAquilam,
1000 2242 1273 2311 adjutores
1305 2258 1444 2295 meos
1479 2243 1533 2295 in
1560 2242 1763 2297 Christo
1784 2244 1936 2308 Jesu,
1974 2247 2062 2315 qui
2092 2261 2186 2316 pro

605 2351 723 2387 mea
768 2335 950 2387 anima
995 2334 1215 2386 cervices
1246 2351 1372 2387 suas
1414 2336 1667 2401 posuerit.
1717 2335 1918 2401 Quibus
1961 2353 2064 2401 non
2094 2354 2186 2408 ego

603 2424 747 2478 solus
782 2426 986 2495 gratias
1020 2442 1140 2494 ago,
1172 2433 1261 2479 sed
1292 2438 1338 2479 et
1374 2442 1550 2479 omnes
1589 2426 1837 2481 Ecclesia:
1866 2430 2097 2499 gentium
2136 2440 2185 2483 et

605 2517 891 2569 domestica
934 2519 1122 2568 corum‘
1154 2516 1389 2570 Ecclesia
1414 2517 1479 2571 ³⁸.
1512 2516 1836 2586 Quicunque
1874 2533 2004 2588 ergo
2044 2518 2185 2573 hanc
2252 2532 2255 2533 '

604 2607 769 2662 habet
827 2606 1213 2671 intentionem,
1263 2609 1379 2677 ipse
1441 2618 1620 2663 autem
1678 2624 1777 2679 per
1820 2624 1880 2663 se
1935 2625 2045 2664 non
2102 2619 2186 2664 cst

603 2698 836 2750 idoneus
864 2696 930 2748 ad
963 2711 1103 2765 opus
1141 2696 1441 2765 perducere
1477 2713 1539 2751 ea
1575 2713 1698 2767 qua:
1732 2698 1987 2763 intendit,
2021 2698 2184 2767 hujus

576 2800 579 2805 ·
602 2796 825 2840 domum
854 2787 1108 2841 sacerdos
1132 2796 1313 2841 utrum
1337 2790 1475 2842 bona
1503 2804 1571 2843 an
1590 2791 1730 2842 mala
1754 2790 1842 2853 sit,
1873 2791 2185 2844 considera-

603 2878 705 2942 bit,
743 2886 799 2932 et
836 2877 981 2931 sicut
1011 2878 1328 2942 testimabit,
1356 2879 1437 2933 sic
1467 2881 1592 2935 erit.
1625 2881 1806 2947 Quare
1830 2891 2012 2936 utrum
2042 2882 2183 2936 bona

601 2984 668 3022 an
697 2966 873 3022 mala?
911 2977 974 3022 ut
1006 2968 1131 3037 quia
1168 2969 1362 3023 domus
1384 2986 1449 3024 ex
1472 2971 1662 3025 multis
1685 2973 1956 3040 personis,
1990 2980 2045 3025 et
2075 2972 2180 3027 dif-

602 3061 906 3125 ferentibus
943 3070 1177 3128 constat,
1207 3063 1263 3116 in
1294 3064 1492 3132 quibus
1518 3065 1672 3118 multi
1698 3065 2183 3120 condescensioni-

2288 1959 2406 2030 igne
2429 1961 2813 2022 examinatum,
2846 1970 3002 2015 terra:
3030 1972 3322 2031 purgatum
3347 1963 3412 2016 ".
3448 1964 3512 2017 Et
3532 1964 3773 2020 .Iercmiam
3796 1989 3804 2019 :

2290 2049 2515 2104 Frustra
2560 2052 2804 2121 conﬂavit
2845 2053 3123 2120 con/lator,
3156 2053 3331 2105 scoria
3370 2053 3481 2123 ejus
3510 2072 3604 2108 non
3635 2067 3697 2109 est
3715 2076 3806 2110 con-

2286 2152 2550 2196 summata
2577 2143 2643 2195 ⁸⁸.
2684 2144 2765 2197 De
2808 2141 3010 2198 Judaeis
3056 2144 3207 2207 dicit,
3242 2145 3370 2213 quia
3410 2145 3542 2199 nihil
3579 2149 3651 2201 eis
3684 2153 3806 2203 verba

2287 2236 2692 2291 exhortantium
2713 2237 3029 2306 proderant.
3069 2234 3176 2290 Sed
3203 2244 3259 2289 et
3278 2236 3502 2290 Paulum
3520 2239 3633 2290 audi
3661 2239 3807 2294 dicen-

2287 2334 2397 2381 tem
2431 2344 2445 2381 :
2482 2326 2541 2382 Si
2566 2329 2683 2398 quis
2715 2328 3103 2398 supertediﬁcat
3153 2344 3312 2397 super
3345 2329 3712 2398 fundamentum
3737 2334 3805 2386 hoc

2286 2437 2501 2485 aurum,
2530 2430 2829 2491 argentum,
2868 2421 3074 2491 lapides
3098 2422 3357 2488 pretiosos
3382 2421 3449 2474 ³³.

2356 2512 2505 2577 Quod
2532 2512 2577 2565 si
2605 2529 2792 2583 agrum
2835 2514 3169 2580 possessionis
3208 2529 3322 2567 sua:
3354 2514 3561 2577 vorterit,
3598 2524 3641 2567 et
3666 2532 3803 2570 consr-

2286 2607 2513 2659 craverit
2536 2604 2781 2670 Domino,
2804 2605 2964 2674 juxta
3008 2622 3313 2659 mensuram
3335 2607 3589 2670 sementis,
3619 2610 3802 2661 (estima-

2256 2698 2424 2752 ‘bitur
2493 2699 2740 2768 pretium.
2795 2697 2999 2769 Agrum
3058 2697 3397 2768 Scripturam
3451 2714 3563 2754 esse
3608 2700 3795 2755 divinam

2284 2802 2449 2842 nemo
2499 2788 2791 2843 dubitabit.
2829 2788 2999 2857 Cujus
3046 2788 3175 2841 vitis
3225 2788 3447 2858 prOprie
3492 2788 3730 2853 Christus,
3762 2800 3801 2842 ct

2262 2882 2528 2953 agricola
2558 2883 2720 2936 Pater
2754 2891 2835 2936 est
2858 2882 2924 2945 ‘°,
2956 2880 3009 2933 in
3039 2896 3149 2950 quo
3180 2880 3531 2934 absconditur
3555 2881 3798 2941 thesaurus,

2260 2974 2339 3029 id
2392 2982 2478 3028 est
2523 2972 2779 3028 salutaris
2837 2972 3173 3041 praedicatio,
3221 2987 3386 3041 quem
3448 2972 3537 3041 qui
3592 2972 3800 3025 invenerit

2283 3076 2536 3136 operator
2580 3065 2715 3135 agri,
2758 3063 2963 3119 vendet
3000 3064 3184 3117 omnia
3216 3078 3341 3133 qua:
3382 3064 3556 3128 habet,
3596 3065 3797 3134 quemad-

600 3154 704 3209 bus
764 3164 947 3226 egent,
1000 3170 1111 3210 non
1162 3156 1407 3212 valentes
1481 3172 1640 3227 agere
1690 3166 1782 3213 aut
1827 3174 2021 3230 sapere
2064 3176 2184 3230 qua:
2212 3179 2253 3236 ς
2288 3159 2510 3213 modum
2554 3158 2823 3212 Dominus
2862 3158 2915 3211 in
2959 3157 3273 3228 Evangeliis
3304 3157 3395 3222 ait,
3423 3167 3481 3212 ut
3508 3168 3636 3212 emat
3659 3173 3797 3228 agrum

600 3246 841 3318 perfecta
863 3258 1011 3312 sunt,
1038 3247 1177 3301 nihil
1200 3248 1280 3302 eis
1302 3248 1552 3320 injungat
1586 3252 1770 3319 grave,
1800 3252 1895 3305 sed
1922 3253 2183 3307 uniuscu-

595 3341 796 3410 jusque
837 3356 1078 3410 pensans
1118 3340 1401 3407 virtutem,
1434 3357 1465 3395 a
1488 3342 1631 3396 malo
1658 3358 1753 3397 eos
1791 3343 2087 3409 declinare,
2130 3352 2187 3399 et

595 3434 669 3486 ad
702 3431 936 3486 virtutes
963 3446 1060 3486 eos
1088 3430 1357 3501 proficere
1380 3432 1590 3502 jubeat.

674 3522 773 3577 Sin
797 3532 975 3576 autem
1004 3522 1095 3576 ille
1123 3524 1213 3593 qui
1248 3532 1481 3587 voverat,
1508 3522 1733 3576 voluerit
1761 3523 2017 3576 redimere
2045 3540 2182 3589 eam,

600 3610 754 3665 dabit
780 3611 1020 3681 quintam
1060 3622 1266 3678 partem
1288 3613 1655 3665 cstimationis
1677 3627 1861 3681 supra,
1898 3622 1948 3666 et
1977 3614 2186 3668 habebit

598 3708 837 3761 domum.
878 3706 938 3761 Id
967 3714 1074 3771 est,
1122 3706 1168 3761 si
1212 3706 1406 3762 domus
1463 3707 1736 3773 dominus,
1772 3708 1865 3777 qui
1894 3724 2015 3762 eam
2057 3724 2186 3763 san-

603 3799 850 3853 ctiticare
892 3799 1028 3863 vult,
1076 3813 1201 3853 cum
1247 3814 1359 3854 non
1402 3798 1599 3854 fuisset
1637 3810 1823 3856 sancta
1863 3801 2034 3871 prius,
2083 3818 2185 3858 nec

605 3890 893 3960 potuisset
948 3889 1181 3945 ecclesia
1232 3890 1517 3961 appellari,
1567 3908 1694 3946 nam
1745 3902 1803 3947 et
1848 3894 2185 3949 sanctificata

603 3981 795 4051 utique
824 3989 994 4046 esset,
1024 3980 1168 4050 quod
1192 3996 1340 4035 nunc
1361 3997 1421 4036 se
1448 3981 1521 4036 ita
1545 3997 1657 4037 non
1686 3982 1869 4047 habet,
1906 3984 2001 4038 sed
2022 4000 2185 4040 exor-
2264 4018 2269 4023 ο

605 4077 757 4131 dium
801 4076 950 4146 capit
1000 4077 1450 4150 sanctificationis
1493 4094 1509 4133 :
1556 4078 1605 4133 si
1626 4093 1757 4150 ergo
1821 4079 1910 4134 hic
1963 4080 2184 4136 redimit

600 4169 827 4224 domum
864 4182 1040 4234 suam,
1078 4148 1218 4225 illud
1248 4170 1493 4224 absolute
1542 4148 1835 4236 mundans,
1892 4173 2013 4243 ejus
2038 4174 2184 4243 quod

604 4259 1033 4315 sanctificatione
1068 4274 1227 4330 egere
1260 4260 1572 4316 sacerdotes
1600 4262 2034 4318 exhortationem
2082 4280 2185 4319 ne-

603 4351 899 4405 cessariam
928 4351 1131 4406 habere
1164 4351 1413 4407 faciebat.
1453 4350 1696 4407 Redimit
1723 4362 1905 4407 autem
1939 4370 2059 4409 eam
2087 4369 2186 4425 per

604 4440 909 4497 doctrinam
954 4442 1173 4507 bonam,
1209 4449 1266 4497 et
1293 4442 1422 4499 vitm
1448 4442 1763 4511 formulam,
1792 4444 2031 4501 liberans
2065 4461 2181 4513 eos,

2286 3249 2436 3304 illum
2462 3250 2531 3300 δ’.
2567 3248 2622 3302 In
2662 3250 2765 3303 hoc
2787 3265 2915 3319 agro
2942 3248 3153 3302 diversa
3180 3257 3265 3303 est
3288 3250 3685 3320 uniuscujusque
3708 3266 3799 3321 pos-

2262 3366 2263 3369 η
2287 3341 2479 3404 sessio,
2504 3340 2555 3394 id
2583 3349 2665 3394 est
2695 3340 2907 3402 modus,
2932 3355 3093 3408 quem
3126 3339 3226 3393 sibi
3262 3356 3329 3394 ex
3363 3355 3427 3394 ea
3454 3340 3518 3395 ad
3543 3341 3796 3411 sapientium

2285 3434 2536 3487 obtinere
2562 3433 2819 3503 potuerit.
2847 3431 2902 3485 Si
2934 3446 3065 3501 ergo
3099 3434 3502 3487 consecraverit
3531 3433 3653 3487 hanc
3679 3434 3796 3487 homo

2258 3551 2265 3556 ο
2290 3524 2536 3589 Domino,
2570 3540 2693 3581 cum
2718 3540 2827 3579 non
2852 3523 3005 3593 prius
3030 3530 3217 3577 saneta
3241 3522 3431 3588 fuerit.
3464 3542 3602 3580 nunc
3627 3523 3791 3595 incipiat

2286 3632 2611 3671 consecrare
2638 3617 3060 3687 gubernatorem
3086 3617 3524 3673 conversationis
3548 3633 3647 3672 suaa
3670 3636 3680 3672 :
3704 3633 3787 3672 cum

2288 3708 2404 3776 ipse
2434 3725 2544 3763 non
2598 3710 2672 3763 sit
2699 3709 2929 3766 idoneus
2959 3716 3317 3785 semetipsum
3346 3717 3633 3787 gubernare
3660 3731 3779 3769 sacer-

2286 3799 2469 3854 dotem
2495 3801 2674 3872 eligat,
2711 3802 3034 3860 Consecrari
3077 3808 3222 3861 enim
3259 3809 3353 3863 hic
3376 3824 3436 3863 ea
3462 3824 3574 3879 quae
3599 3808 3769 3878 deputata

2286 3903 2413 3945 sunt
2440 3894 2729 3957 sacerdoti,
2762 3896 3033 3965 legislator
3057 3899 3369 3968 appellavit.

2369 3983 2531 4037 Juxta
2588 4001 2887 4039 mensuram
2931 3990 3176 4043 sementis
3223 3991 3565 4044 mstimabitar
3605 3989 3776 4059 pretim.

2290 4076 2363 4130 Ut
2396 4085 2660 4145 quantum
2698 4082 2999 4134 seminatus
3029 4090 3129 4147 cst,
3170 4083 3428 4137 videlicet
3460 4083 3674 4136 edoctus.
3706 4078 3778 4130 Do-

2286 4166 2476 4221 ctrina
2515 4166 2662 4222 enim
2693 4169 2943 4235 verbum,
2973 4170 3027 4224 in
3058 4171 3266 4226 semine
3305 4172 3546 4241 accipere
3575 4168 3777 4236 Scriptura

2285 4256 2469 4312 divina
2521 4260 2678 4315 solet.
2725 4260 2965 4316 Tantum
3008 4262 3057 4315 ei
3108 4263 3368 4317 sacerdos
3418 4261 3621 4323 indicet,
3658 4273 3780 4327 quau-

2285 4358 2403 4403 tum
2444 4349 2613 4407 fuerit
2647 4353 2895 4409 eruditus
2933 4356 2999 4409 de
3020 4356 3268 4411 doctrina
3317 4356 3457 4410 bona
3498 4351 3713 4423 legitima,
3743 4356 3782 4400 et

2286 4442 2535 4510 Spiritali,
2568 4454 2624 4498 et
2653 4460 2762 4500 non
2796 4461 2958 4515 quam
2986 4448 3238 4503 homines
3278 4450 3597 4509 seductores,
3624 4438 3783 4513 pagani.

603 4540 663 4588 et
690 4532 907 4589 diluens
941 4534 1204 4604 quidquid
1236 4534 1316 4590 eis
1358 4535 1614 4591 obviabat
1645 4536 1713 4592 ad
1738 4538 2178 4593 sanctimoniam.
2212 4522 2261 4587 Ι)
2286 4535 2439 4590 verbi
2471 4536 2662 4606 gratia,
2685 4537 2769 4591 vel
2800 4537 2993 4605 Judaei,
3016 4541 3103 4595 vel
3125 4540 3368 4596 haeretici
3393 4540 3593 4595 docent.
3615 4536 3785 4601 Propter

605 4624 747 4693 Quid
790 4626 994 4682 faciet?
1028 4626 1211 4689 Dabit,
1262 4627 1384 4681 sive
1415 4627 1718 4683 secundum
1761 4626 1927 4694 LXX,
1966 4631 2183 4699 adjiciet

604 4718 846 4787 quintam
876 4727 1083 4787 partem
1111 4718 1477 4772 wstimationis
1503 4734 1686 4787 supra.
1705 4718 2013 4776 Sacerdotis
2035 4724 2181 4778 enim

604 4809 887 4874 doctrinae,
934 4808 1025 4864 cui
1076 4808 1299 4863 domum
1347 4808 1415 4863 ab
1441 4808 1597 4865 initio
1649 4825 1806 4866 suam
1851 4813 2068 4877 obtulit,
2122 4824 2183 4869 ut

603 4916 727 4956 eam
758 4900 1076 4965 aestimaret,
1123 4899 1175 4953 id
1200 4908 1283 4954 est
1317 4899 1693 4958 definitionem
1737 4903 2066 4973 imponeret,
2112 4906 2182 4959 a'd

602 5005 767 5060 quam
806 4989 1033 5047 deberet
1070 4997 1237 5048 stare.
1271 4991 1391 5045 sive.
1414 4992 1749 5059 conversari,
1795 4993 1916 5063 ipse
1962 4993 2184 5064 adjiciat

606 5082 712 5137 hoc
756 5080 903 5150 quod
946 5089 1034 5135 est
1063 5079 1393 5145 intellectus.
1428 5081 1544 5136 Hoc
1579 5090 1662 5137 est
1704 5096 1835 5155 ergo
1878 5083 2088 5153 quinta,
2128 5083 2183 5138 id

605 5181 709 5236 est,
744 5180 806 5226 ut
867 5186 990 5241 qua!
1034 5170 1294 5227 dicuntur
1345 5171 1624 5241 suscipiat,
1668 5178 1725 5227 et
1783 5172 2184 5242 supermdificet

604 5263 901 5321 sacerdotis
933 5263 1307 5326 sermonibus;
1330 5263 1664 5334 frequentior
1684 5264 1831 5319 enim
1850 5281 2184 5321 commemo-

604 5356 765 5418 ratio,
795 5364 1044 5413 sensatos
1078 5364 1134 5412 et
1150 5354 1519 5425 intelligentes
1548 5353 1799 5411 homines
1825 5354 1974 5410 facit.
2011 5356 2079 5410 Et
2103 5357 2183 5412 sic

606 5446 831 5505 habebit
854 5448 1097 5513 domum,
1131 5461 1241 5502 non
1274 5447 1511 5517 perdens
1533 5446 1859 5503 sanctificari
1887 5447 2023 5512 Deo,
2054 5464 2178 5505 nam

605 5539 665 5596 in
705 5540 905 5596 damno
931 5540 982 5596 ei
1010 5539 1382 5606 convertitur;
1414 5539 1511 5596 sed
1549 5539 1773 5595 habebit
1801 5554 1943 5607 eam,
1971 5542 2100 5613 quia
2128 5543 2179 5597 ei

716 5748 760 5781 ⁸⁸
798 5747 959 5802 Rom.
994 5761 1107 5806 xvr,
1140 5745 1195 5809 3,
1234 5745 1291 5802 4.
1369 5746 1414 5777 ³⁸
1446 5746 1463 5801 l
1502 5743 1645 5800 Tim.
1677 5761 1759 5812 ιιι,
1786 5746 1839 5802 5.

610 5835 698 5883 xv,
734 5820 784 5872 1.
860 5819 903 5848 ⁴¹
933 5816 1122 5870 Matth.
1154 5830 1275 5896 ιρι,
1300 5814 1393 5868 44.

1924 5748 1967 5782 ³⁷
1998 5744 2141 5803 Psal.
2164 5762 2243 5818 ιι,
2276 5749 2329 5804 7.

2285 4628 2428 4697 quod
2470 4638 2756 4699 postquam
2798 4630 2931 4687 dixit
2977 4650 2989 4685 :
3030 4632 3195 4687 Juxta
3237 4639 3533 4688 mensuram
3579 4624 3782 4686 sementis.

2284 4719 2492 4775 addidit
2528 4744 2539 4776 :

2354 4808 2413 4865 Si
2432 4812 2649 4882 triginta
2667 4815 2855 4868 modiis
2875 4815 3054 4869 hordei
3080 4816 3274 4870 seritur
3295 4826 3452 4880 terra,
3475 4805 3781 4885 φιίηφιαςίηια

2272 4902 2426 4957 θὶεΙίδ
2478 4905 2716 4958 veniatur
2762 4908 2991 4976 argenti.
3030 4906 3159 4962 Sive
3186 4917 3247 4962 ut
3289 4903 3448 4970 LXX,
3472 4895 3781 4973 ᾳιιὶηηιαφίηω

2284 4994 2608 5050 didrachmis
2655 4998 2859 5068 argenti
2910 5016 2922 5050 :
2972 4998 3277 5069 inquibus
3337 4996 3497 5053 Vetus
3536 5000 3583 5045 ct
3620 4987 3779 5042 Novum

2262 5085 2700 5165 ‘Testamentum
2734 5091 2997 5163 intellige.
3026 5091 3092 5147 Et
3129 5109 3226 5164 per
3252 5093 3487 5148 modium
3514 5086 3612 5142 sive
3635 5090 3777 5138 corum

2270 5178 2510 5244 hordei,
2548 5180 2719 5236 Vetus
2760 5183 3173 5239 Testamentum
3213 5184 3479 5239 ostendit:
3513 5177 3621 5249 quia
3660 5169 3778 5238 huius

2287 5272 2512 5329 seminis
2534 5274 2784 5345 pinguior
2809 5276 2964 5331 cibus
2985 5288 3068 5331 est
3092 5296 3104 5331 :
3141 5293 3239 5347 per
3267 5272 3622 5348 quinquaginta
3643 5271 3777 5318 autem

2286 5364 2650 5430 didrachmas,
2670 5376 2777 5421 tam
2806 5368 2952 5437 quod
2980 5368 3221 5437 spiritale
3244 5376 3346 5433 est,
3375 5380 3521 5438 quam
3540 5358 3775 5433 perfectum

2270 5456 2447 5510 simul
2471 5458 2648 5512 innuit
2672 5476 2685 5511 :
2715 5459 2953 5529 perfecta
2972 5461 3115 5515 enim
3142 5461 3383 5517 doctrina
3406 5458 3553 5513 etiam
3573 5442 3774 5523 spiritalis

2285 5555 2390 5604 est.
2422 5549 2525 5605 Sed
2562 5551 2780 5620 quando
2808 5552 2925 5608 haec
2954 5552 3135 5623 regula
3166 5554 3280 5609 sive
3308 5548 3535 5608 definitio
3557 5531 3771 5611 integri!ei

3576 5746 3614 5777 ’⁵⁸
3637 5742 3760 5797 Jt-an.

2417 5751 2460 5783 ³⁸
2490 5750 2693 5809 Jcrem.
2727 5769 2801 5822 vt,
2831 5754 2925 5811 25.
3011 5756 3053 5788 ”
3086 5754 3257 5812 lCor.
3292 5770 3345 5811 ιιι
3404 5752 3481 5806 12.
