4032 6442
334 458 474 526 1169

1460 470 1543 529 IN
1582 469 2025 530 LEVITICUM.
2052 493 2123 502 --
2160 467 2307 526 LIB.
2338 466 2470 527 VII.

3465 456 3600 523 1170

330 574 642 639 indicenda,
676 579 895 648 quando
933 582 1229 638 minuenda
1266 582 1338 638 sit
1363 598 1464 654 per
1491 583 1917 640 condescensio-
1947 592 1994 648 Α
2024 593 2245 639 voverat
2274 583 2546 639 redimere
2576 599 2685 639 non
2717 579 2936 652 poterit,
2958 579 3085 649 quia
3113 593 3236 634 cum
3263 576 3477 632 Jubilazi
3504 593 3603 631 ve-

328 681 457 721 nem
482 683 580 737 per
606 671 889 740 sequentia
922 672 1092 728 disce.

404 758 464 813 Si
492 770 668 814 autem
700 764 882 817 statim
911 764 976 818 ab
1002 782 1142 819 anno
1167 764 1462 837 incipientis
1484 767 1697 822 Jubilwi
1723 748 1926 821 caverit.

327 867 542 922 agrum,
569 866 767 924 quanto
795 855 970 911 calere
999 859 1212 926 poterit,
1243 868 1391 913 tanto
1417 861 1786 917 aestimabitur.
1818 861 1916 916 Sin

328 955 511 998 autem
538 957 654 1016 post
681 948 1017 1019 aliquantum
1045 953 1312 1021 temporis,
1337 954 1644 1023 supputabit
1672 955 1915 1008 sacerdos

327 1039 609 1105 pecuniam
624 1040 785 1108 juxta
822 1059 1081 1096 annorum
1112 1046 1202 1115 qui
1235 1045 1437 1116 reliqua
1470 1057 1592 1100 sunt
1640 1064 1914 1101 numerum

329 1147 496 1201 usque
524 1132 594 1186 ad
612 1133 914 1199 Jubilwum,
946 1147 995 1190 et
1029 1139 1331 1192 detrahetur
1351 1156 1415 1192 ea:
1449 1140 1635 1208 pretio.
1673 1139 1913 1194 Duorum

330 1222 425 1278 hic
439 1240 706 1279 annorum
724 1228 1061 1284 remissionis
1086 1230 1168 1284 vel
1183 1230 1207 1285 J
1221 1230 1395 1285 ubilaei
1420 1233 1739 1287 memoriam
1763 1233 1915 1299 facit,

328 1316 601 1386 baptisma
645 1330 835 1387 aperte
883 1318 1170 1375 insinuans
1198 1331 1253 1375 et
1294 1323 1673 1392 paenitentiam
1710 1343 1723 1378 :
1764 1334 1917 1378 uter-

326 1424 440 1476 que
482 1409 631 1464 enim
682 1426 860 1465 annus
902 1413 1250 1469 remissionis
1292 1422 1398 1479 est,
1444 1415 1573 1484 quia
1618 1415 1917 1485 perfectam

328 1500 735 1569 remissionem,
810 1518 953 1558 unus
982 1504 1205 1573 quidem
1256 1521 1352 1576 per
1419 1506 1643 1561 domum
1708 1508 1917 1578 gratiae,

327 1591 474 1645 alter
499 1601 723 1663 propter
743 1608 837 1649 eos
865 1596 957 1665 qui
987 1604 1184 1650 vacant
1225 1596 1281 1651 in
1313 1597 1558 1651 oratione
1593 1608 1648 1653 et
1674 1600 1916 1670 jejuniis,

327 1682 564 1752 aliisque
584 1685 844 1755 operibus
874 1702 995 1755 quae
1036 1687 1329 1757 perﬁciunt
1359 1689 1763 1758 pcenitentiam,
1789 1706 1920 1761 pos-

329 1771 495 1825 sidet.
531 1771 585 1826 Si
613 1788 744 1843 ergo
776 1774 939 1829 simul
974 1776 1097 1845 quis
1124 1776 1310 1851 gratiae
1345 1778 1514 1841 viam,
1542 1795 1703 1847 quam
1734 1781 1919 1851 elegit,

328 1863 624 1933 gubernari
651 1881 749 1934 per
778 1867 1121 1922 sacerdotem
1172 1878 1228 1924 et
1246 1870 1474 1939 produci
1501 1873 1636 1937 vult,
1662 1873 1764 1927 hoc
1793 1888 1918 1927 cum

328 1955 589 2008 sacerdos
618 1954 817 2025 exigat,
856 1957 1002 2024 quod
1043 1973 1167 2011 cum
1215 1958 1524 2026 doceretur,
1568 1977 1634 2013 ex
1678 1961 1920 2031 perfecta
1952 1944 1993 1997 Β

329 2054 387 2100 et
413 2046 644 2115 spiritali
670 2046 918 2102 doctrina
950 2050 1214 2119 percepit,
1254 2052 1405 2105 nullo
1442 2053 1603 2106 modo
1631 2054 1681 2107 ei
1720 2056 1922 2110 conde-

328 2138 623 2204 scendens,
670 2154 850 2210 neque
891 2141 1037 2195 enim
1081 2158 1309 2197 necesse
1371 2144 1555 2210 habet,
1599 2155 1785 2215 utpote
1825 2148 1920 2218 qui

330 2244 432 2299 per
477 2230 684 2285 donum
724 2242 1019 2288 renovatus
1063 2244 1166 2301 est,
1208 2237 1305 2290 sed
1352 2237 1409 2291 in
1440 2238 1708 2302 doctrina,
1758 2257 1920 2309 quam

332 2321 545 2391 accepit
576 2322 737 2391 plene
762 2338 888 2378 eum
922 2341 1245 2395 permanere
1261 2328 1415 2386 facit.
1446 2329 1503 2384 Si
1537 2340 1720 2385 autem
1743 2332 1921 2386 deillo

336 2422 422 2468 est
461 2414 629 2478 dono,
674 2416 822 2485 quod
854 2419 1122 2488 percepit,
1160 2420 1474 2492 deciditque
1502 2423 1568 2477 ab
1596 2438 1662 2478 eo
1692 2424 1749 2478 in
1785 2440 1922 2480 con-

342 2507 644 2562 versatione
690 2527 703 2562 :
760 2509 865 2564 hoc
922 2518 1004 2567 est
1065 2513 1211 2567 enim
1264 2515 1605 2584 aliquantum
1658 2518 1920 2587 temporis

344 2595 545 2651 λυδίιωὶ
570 2598 686 2654 sive
717 2599 1059 2655 remissionis
1094 2617 1418 2659 consecrare
1464 2622 1672 2676 agrum,
1701 2616 1848 2662 recte
1870 2607 1921 2662 ei

340 2692 608 2760 reputabit
651 2695 905 2749 sacerdos
937 2706 1223 2766 argentum
1261 2699 1316 2751 in
1342 2715 1515 2755 annos
1539 2700 1800 2770 reliquos,
1824 2718 1921 2756 us-

332 2797 438 2851 que
454 2783 519 2837 ad
541 2799 745 2839 annum
776 2786 1118 2841 remissionis
1152 2789 1268 2844 sive
1292 2789 1530 2857 Jubilzei,
1565 2800 1621 2846 ut
1648 2792 1919 2861 reliquum

331 2871 385 2926 ei
411 2881 627 2944 tempus
658 2876 883 2932 deﬁniat
911 2878 980 2933 ad
1019 2880 1397 2949 paenitentiam
1425 2891 1481 2937 et
1508 2883 1829 2938 detrahetur
1855 2900 1921 2939 ex

331 2966 531 3034 pretio.
591 2966 747 3034 Quod
792 2971 938 3025 enim
991 2972 1174 3027 minus
1222 2973 1373 3039 fecit,
1420 2982 1475 3029 et
1526 2975 1919 3030 detrimentum

332 3059 577 3126 pertulit,
602 3070 657 3115 et
697 3062 939 3117 deterius
969 3073 1326 3121 conversatus
1367 3075 1469 3131 est,
1513 3067 1618 3123 hoc
1645 3068 1789 3123 dono
1819 3068 1921 3122 im-

333 3149 557 3216 minuit,
596 3163 652 3207 et
695 3153 963 3211 inﬁrmior
992 3156 1222 3211 eﬁectus
1252 3167 1337 3212 est
1388 3167 1444 3213 et
1485 3168 1777 3229 propterea
1826 3160 1922 3215 ab-

2023 675 2170 729 nerit
2222 674 2360 742 dies,
2390 674 2767 729 sanctiﬁcatus
2818 672 2923 727 erit
2954 670 3205 735 Domino,
3240 680 3296 723 et
3328 669 3600 739 possessio

2020 776 2358 830 consecrata,
2390 766 2457 820 ad
2487 766 2576 837 jus
2604 766 2840 836 pertinet
2874 761 3242 818 sacerdotum.
3279 779 3297 812 ι

2091 861 2232 917 Ecce
2264 861 2521 916 damnum
2549 862 2669 933 ejus
2704 860 2794 926 qui
2818 875 3034 929 semper
3056 859 3123 913 ab
3153 857 3258 911 alio
3285 871 3423 926 opus
3439 855 3606 909 habet

2022 954 2335 1023 gubernari,
2358 962 2413 1009 et
2434 969 2545 1008 non
2575 951 2808 1024 proﬁcit,
2843 968 3021 1021 neque
3043 952 3265 1020 juvatur
3286 965 3350 1003 ex
3370 947 3600 1002 aliorum

2022 1046 2299 1111 doctrina,
2331 1047 2424 1101 sed
2446 1061 2576 1100 suas
2613 1061 2829 1115 semper
2855 1045 2971 1115 ipse
3001 1045 3111 1099 dux
3139 1042 3306 1098 estad
3328 1040 3599 1111 agendum

2023 1138 2175 1193 utilia
2208 1153 2308 1208 per
2343 1138 2660 1209 praesentia,
2691 1149 2877 1207 aperte
2907 1137 3182 1209 legislator
3209 1132 3468 1189 ostendit.
3495 1130 3600 1196 Qui

2023 1229 2169 1284 enim
2199 1228 2542 1284 consecravit
2584 1212 2774 1299 agrum
2821 1236 2875 1282 et
2919 1236 3105 1296 postea
3141 1224 3377 1287 redimit,
3409 1222 3498 1275 ille
3520 1227 3617 1301 est.

2024 1322 2116 1391 qui
2162 1337 2317 1377 suam
2361 1319 2841 1376 conversationem
2872 1319 2963 1372 alii
3002 1316 3293 1389 gubernari
3334 1312 3600 1385 permisit.

2022 1414 2219 1470 Postea
2241 1413 2332 1484 qui
2358 1414 2580 1483 juvatus
2608 1421 2711 1477 est,
2743 1420 2800 1466 et
2819 1409 3146 1481 conquisivit
3166 1407 3521 1469 intellectum,
3547 1412 3603 1456 ut

2016 1509 2138 1578 jam
2190 1515 2344 1572 esset,
2395 1507 2539 1561 sicut
2578 1506 2653 1560 ait
2700 1504 2998 1574 Propheta,
3054 1500 3292 1557 docibilis
3328 1499 3427 1553 Dei
3450 1498 3514 1562 ⁸³,
3550 1504 3607 1551 et

2024 1602 2318 1670 disponere
2362 1598 2505 1667 apud
2552 1597 2908 1667 semetipsum
2956 1594 3128 1665 possit
3169 1594 3225 1647 in
3258 1593 3447 1646 futuro
3482 1604 3605 1660 qua:

2024 1691 2343 1762 expediunt,
2366 1690 2455 1745 hic
2487 1705 2677 1760 agrum
2701 1705 2858 1744 suum
2893 1688 2996 1742 sibi
3023 1687 3295 1756 recipiens
3321 1682 3604 1753 conquisi-

2025 1782 2124 1838 vit.
2160 1781 2265 1847 Qui
2296 1790 2481 1836 autem
2512 1781 2652 1836 nihil
2676 1780 2970 1851 proﬁcitex
2999 1778 3223 1833 alterius
3253 1775 3606 1847 gubernatio-

2026 1889 2116 1941 ne,
2148 1889 2252 1929 nec
2282 1873 2571 1943 acquisivit
2598 1872 2956 1933 intellectum,
2983 1870 3079 1924 sed
3114 1884 3328 1938 semper
3344 1883 3482 1937 opus
3506 1867 3607 1921 ha-

2024 1965 2159 2020 bens
2189 1966 2259 2020 ab
2289 1965 2395 2019 alio
2420 1963 2601 2019 doceri
2627 1974 2682 2019 et
2712 1962 2836 2017 talis
2868 1961 3150 2024 exsistere,
3178 1958 3355 2028 qualis
3384 1958 3607 2012 fuerunt

2022 2057 2243 2127 quidam
2286 2055 2596 2111 Judzeorum
2628 2072 2646 2109 :
2693 2071 2830 2125 quos
2872 2054 3019 2107 Deus
3071 2069 3165 2122 per
3229 2050 3605 2121 propheticum

2022 2162 2215 2201 vocem
2241 2147 2599 2215 exprobrans,
2631 2146 2759 2200 talia
2789 2144 3005 2199 dicebat
3035 2162 3049 2199 :
3084 2140 3185 2207 Qui
3214 2141 3362 2195 electi
3396 2149 3516 2195 sunt
3543 2156 3609 2194 ex

2022 2249 2192 2302 utero,
2250 2239 2419 2291 edocti
2447 2240 2513 2292 ab
2552 2238 2784 2308 infantia
2824 2252 2986 2306 usque
3014 2235 3085 2288 ad
3115 2242 3431 2289 senectutem
3461 2231 3528 2295 ⁸⁸⁵.
3551 2239 3610 2287 et

2022 2343 2212 2383 rursus
2234 2345 2245 2382 :
2266 2327 2522 2396 Ephraim
2551 2328 2687 2381 sicut
2717 2324 2955 2379 columba
2990 2326 3257 2378 insensata
3285 2339 3388 2376 non
3416 2322 3608 2375 habent

2022 2436 2107 2473 cor
2121 2420 2187 2482 “,
2210 2428 2265 2473 et
2297 2435 2519 2473 rursus:
2553 2420 2813 2488 Ephraim
2845 2419 2898 2471 in
2915 2417 3121 2486 populis
3158 2416 3269 2470 suis
3298 2416 3610 2469 commisce-

2022 2511 2257 2566 batur“.
2282 2510 2537 2581 prraim
2563 2509 2740 2565 factus
2762 2520 2843 2565 est
2865 2512 2918 2563 in
2939 2509 3154 2565 occulto
3169 2518 3263 2563 tuo
3281 2523 3605 2573 conversus,

2022 2612 2077 2659 et
2102 2603 2227 2658 cani
2266 2604 2623 2660 efﬂoruerunt
2660 2606 2733 2667 ei,
2772 2604 2891 2673 ipse
2937 2612 3119 2657 autem
3166 2617 3277 2657 non
3325 2600 3632 2671 cognovit,‘
3716 2662 3727 2677 λ

2021 2696 2146 2767 quia
2187 2698 2231 2752 si
2271 2697 2441 2751 malos
2475 2697 2728 2753 doctores
2772 2695 3066 2760 invenerit,
3098 2694 3240 2750 mala
3283 2694 3459 2749 modis
3484 2710 3607 2748 om-

2022 2789 2184 2844 nibus
2230 2797 2511 2859 operatur,
2564 2797 2625 2842 ut
2669 2788 2762 2857 qui
2807 2802 2919 2840 non
2967 2787 3132 2841 habet
3186 2786 3601 2848 discretionem,

2021 2893 2266 2950 quaerere
2286 2896 2397 2934 non
2424 2880 2603 2949 potest
2632 2880 2938 2957 mercedem
2970 2877 3188 2932 virtutis
3216 2892 3381 2946 quam
3415 2875 3605 2947 egerit,

2019 2981 2076 3027 et
2099 2982 2385 3042 propterea
2414 2972 2695 3042 proprium
2726 2981 2923 3042 agrum
2948 2970 3148 3025 dicitur
3175 2985 3285 3023 non
3313 2969 3603 3023 redimere.

2023 3063 2131 3119 Sed
2170 3064 2425 3119 veniente
2477 3064 2727 3126 Jubilaeo,
2774 3062 2824 3117 id
2857 3072 2941 3117 est
2986 3073 3229 3132 tempore
3270 3060 3607 3115 remissionis

2022 3152 2363 3223 transeunte,
2397 3157 2453 3211 in
2480 3173 2587 3225 quo
2617 3155 2868 3211 remissio
2904 3157 3083 3211 locum
3110 3156 3294 3218 habet,
3317 3165 3400 3211 est
3420 3163 3606 3208 autem

332 3240 552 3310 jectior,
603 3253 657 3296 et
702 3260 808 3299 non
836 3246 947 3314 jam
999 3247 1121 3301 talis
1165 3256 1249 3302 est
1282 3248 1459 3317 qualis
1490 3265 1612 3304 cum
1639 3252 1917 3321 acceperit
1948 3281 1991 3342 Ο
2022 3264 2265 3320 prmsens
2290 3249 2423 3315 vita,
2459 3250 2580 3304 vide
2602 3251 2773 3331 quale,
2798 3259 3173 3319 quantumque
3204 3250 3295 3315 sit,
3333 3246 3477 3318 quod
3505 3263 3604 3316 pa-

335 3333 564 3396 donum,
606 3335 728 3390 fuit.
768 3335 1158 3394 Verumtamen
1201 3348 1256 3394 et
1287 3340 1376 3394 hic
1408 3341 1598 3395 volens
1650 3338 1918 3398 redimere

333 3441 527 3496 agrum
555 3443 715 3482 suum
749 3430 970 3499 poterit,
1002 3430 1052 3485 id
1089 3440 1191 3495 est,
1226 3433 1580 3502 semetipsum
1614 3434 1921 3504 gubernare

334 3527 393 3572 et
433 3518 647 3585 docere,
698 3522 960 3592 adjiciens
1000 3524 1243 3594 quintam
1294 3526 1502 3596 argenti
1554 3527 1623 3581 ad
1676 3528 1918 3597 pretium

336 3624 524 3672 suum,
564 3613 772 3669 addens
815 3616 1077 3672 doctrina:
1112 3618 1411 3674 sacerdotis
1447 3620 1729 3690 proprium
1756 3612 1923 3675 intel-

336 3701 563 3768 lectum,
604 3714 665 3759 ut
708 3705 1013 3777 intelligens
1055 3709 1407 3779 eruditusque
1453 3712 1539 3765 sui
1594 3706 1922 3781 gubernator

335 3797 635 3867 doctorque
691 3798 979 3855 efﬁciatur.
1033 3800 1125 3855 Sic
1171 3802 1317 3856 enim
1375 3803 1730 3874 intelligibilis
1773 3821 1919 3876 ager,

334 3905 498 3956 quem
533 3892 871 3945 consecravit
899 3893 1138 3947 offerens
1163 3893 1452 3960 sacerdoti,
1486 3896 1556 3950 ab
1585 3911 1651 3950 eo
1670 3897 1920 3966 posside-

335 3979 505 4045 bitur,
538 3990 594 4036 et
630 3998 740 4036 non
784 3984 852 4038 ab
891 3985 1017 4047 alio,
1059 3985 1426 4051 conversatio,
1464 3997 1520 4040 et
1543 3987 1717 4043 virtus
1759 4005 1922 4059 quam

336 4074 542 4139 studet,
575 4076 690 4130 sive
715 4092 781 4131 ex
807 4087 945 4141 toto,
989 4077 1098 4132 sive
1128 4094 1196 4133 ex
1235 4088 1410 4148 parte,
1432 4081 1527 4133 sed
1556 4079 1673 4149 ipse
1698 4083 1787 4150 qui
1811 4084 1925 4152 agit

336 4167 701 4237 reputabitur.
772 4168 1035 4223 Divisioni
1091 4171 1236 4224 enim
1295 4172 1618 4243 legislatoris
1676 4174 1918 4238 intende,

334 4260 793 4329 quemadmodum
816 4262 1176 4327 sanctiﬁcare,
1196 4263 1309 4318 sive
1330 4281 1653 4320 consecrare
1674 4266 1920 4330 domum,

337 4350 422 4404 vel
455 4366 644 4421 agrum
694 4352 967 4408 volentem
1022 4355 1491 4409 consecrationem
1537 4356 1689 4426 prius
1744 4357 1923 4412 facere

337 4441 475 4503 volt,
517 4441 704 4511 sicque
744 4441 792 4496 ei
826 4442 1071 4511 praecipit
1111 4443 1397 4510 redimere,
1429 4460 1550 4514 qua:
1586 4445 1923 4500 sanctificata

338 4542 488 4586 sunt.

2021 3341 2230 3395 tietur:
2264 3342 2542 3410 possessio
2586 3342 2920 3396 sanctiﬁcata
2950 3341 3055 3395 erit
3094 3339 3348 3402 Domino,
3380 3353 3607 3393 conver-

2022 3434 2287 3488 sationem
2315 3450 2475 3502 quam
2518 3435 2686 3489 semel
2714 3444 3040 3488 consecutus
3084 3444 3187 3497 est,
3224 3431 3435 3486 etiamsi
3469 3430 3606 3485 alter

2023 3536 2139 3579 erat
2166 3526 2254 3595 qui
2289 3525 2645 3595 gubernabat,
2670 3537 2855 3580 sancta
2884 3527 2989 3579 erit
3008 3524 3254 3577 Domino.
3285 3523 3389 3576 Sed
3416 3516 3608 3592 quem-

2023 3613 2314 3668 admodum
2362 3624 2416 3668 et
2444 3614 2723 3684 possessio
2777 3621 3117 3677 consecrata,
3160 3612 3227 3667 ad
3255 3612 3343 3681 jus
3368 3611 3606 3681 pertinet

2024 3705 2373 3761 sacerdotum
2410 3724 2422 3759 :
2450 3706 2724 3776 possessio
2746 3706 2890 3760 enim
2919 3706 3058 3775 ejus,
3089 3714 3144 3759 et
3168 3704 3377 3758 lucrum
3409 3702 3482 3766 ei,
3511 3701 3605 3770 qui

2023 3799 2286 3855 continue
2329 3799 2672 3869 gubernavit,
2714 3798 3090 3868 imputabitur,
3128 3792 3228 3851 etsi
3272 3810 3467 3865 parum
3509 3809 3605 3849 ne-

2022 3894 2283 3964 glexerat,
2315 3899 2585 3962 jverterat,
2635 3892 2750 3945 sive
2795 3898 3098 3945 mutaverat
3137 3905 3194 3943 se
3231 3889 3299 3943 ad
3329 3888 3528 3942 malum
3559 3886 3606 3941 is

2023 3985 2114 4055 qui
2157 3985 2226 4038 ab
2266 4000 2333 4038 eo
2361 3984 2805 4055 gubernabatur:
2840 3990 3031 4053 utpote
3066 3983 3159 4052 qui
3191 3982 3329 4037 nihil
3371 3981 3606 4035 habebat

2023 4078 2155 4132 boni
2195 4074 2362 4132 studii
2391 4094 2457 4131 ex
2508 4077 2789 4131 intellectu
2835 4077 3057 4147 proprio
3093 4076 3185 4145 qui
3216 4075 3554 4147 gubernabat
3587 4091 3602 4127 :

2024 4184 2153 4238 ergo
2193 4184 2340 4235 eum,
2385 4169 2527 4223 sicut
2570 4169 2621 4223 in
2652 4184 2748 4223 sua
2784 4162 3222 4235 conversatione,
3257 4168 3335 4222 sic
3364 4169 3418 4221 in
3453 4166 3600 4221 illius

2024 4262 2365 4334 gloriabitur,
2392 4270 2753 4340 etpropterea
2784 4262 2861 4316 ait
2894 4281 2906 4315 :

2094 4352 2361 4408 Posscssio
2390 4362 2715 4416 consecrata,
2760 4352 2831 4405 ad
2856 4352 2949 4419 jus
2979 4352 3204 4420 pertinet
3250 4353 3601 4404 sacerdotum.
3692 4421 3703 4430 _

2024 4446 2094 4500 Et
2142 4445 2282 4499 nihil
2330 4454 2494 4499 nocet
2540 4443 2830 4509 sacerdoti,
2876 4444 2966 4497 alii
3026 4458 3216 4514 agrum
3262 4444 3445 4507 vendi,
3476 4443 3604 4511 quia

2026 4541 2191 4593 ﬁnem
2238 4538 2521 4603 doctrinae,
2559 4546 2613 4591 et
2652 4536 3070 4601 exhortationis,
3123 4550 3286 4605 quem
3337 4535 3600 4603 oportuit,

411 4627 478 4676 Et
511 4634 652 4689 tunc,
678 4626 871 4696 inquit,
902 4628 1180 4694 possidebit
1222 4644 1360 4679 eum.
1397 4627 1509 4680 lloc
1539 4630 1729 4697 procul
1754 4630 1923 4686 dubio
1956 4626 1998 4680 D
2027 4630 2297 4685 exhibens
2346 4629 2395 4683 ei
2425 4644 2587 4699 quem
2633 4627 2994 4698 gubernabat,
3037 4624 3254 4680 invenit
3296 4625 3448 4677 illum
3492 4638 3603 4676 non

337 4716 631 4781 mandans,
660 4717 786 4786 quia
812 4727 1027 4788 oportet
1047 4719 1260 4789 quidem
1294 4736 1398 4773 nos
1432 4736 1530 4789 per
1567 4722 1920 4776 sacerdotum

338 4808 664 4872 doctrinam,
707 4820 762 4864 et
801 4810 1059 4880 regulam,
1102 4822 1157 4866 et
1177 4813 1350 4883 legem
1396 4824 1639 4867 nostram
1688 4829 1921 4869 conver-

338 4898 607 4953 sationem
647 4898 971 4970 gubernare,
1018 4903 1236 4970 quando
1277 4917 1394 4955 eam
1430 4904 1581 4973 prius
1612 4904 1919 4959 sanctiﬁca-

339 5005 483 5044 mus.
528 4989 632 5045 Sed
666 5000 883 5059 oportet
911 5002 966 5047 et
998 4994 1289 5062 proﬁcere,
1317 5002 1372 5048 et
1402 4996 1617 5049 illorum
1658 4997 1923 5051 doctrinas

338 5089 589 5135 nostrum
613 5081 853 5151 adjicere
886 5082 1222 5139 intellectum
1260 5103 1273 5139 :
1307 5098 1530 5156 propter
1552 5088 1696 5157 quod
1721 5089 1920 5144 Paulus

339 5172 408 5226 ad
438 5172 785 5228 Timotheum
818 5174 1091 5230 scribebat
1128 5193 1140 5228 :
1177 5177 1418 5248 Intellige
1440 5195 1555 5247 qua:
1580 5180 1733 5232 dico:
1772 5182 1920 5233 dabit

315 5260 482 5385 jenim
511 5267 603 5319 tibi
641 5267 897 5320 Dominus
924 5269 981 5321 in
1012 5269 1249 5322 omnibus
1274 5270 1595 5323 intellectum
1615 5270 1683 5325 δ’.
1704 5270 1771 5325 Et
1792 5281 1920 5327 tunc

342 5357 742 5385 -\Ann:AAl-\:mnnn
779 5361 996 5385 ..-Νη-ξ..
1044 5376 1159 5385 nn...
1194 5362 1459 5385 -.......:....--..
1504 5363 1916 5385 -.._.-.:n‘-.:-_2

319 5357 744 5427 'possidebimus
779 5361 999 5428 proprie
1042 5376 1162 5429 qua:
1190 5362 1462 5432 egerimus
1502 5363 1940 5419 sanctiﬁcationi.

324 5451 608 5521 ,proxima.
639 5449 695 5505 Si
714 5461 893 5505 autem
921 5452 1060 5506 hanc
1080 5453 1402 5509 divisionem
1428 5470 1535 5510 non
1560 5455 1735 5511 intuiti
1755 5456 1920 5513 fueri-

342 5559 488 5606 mus,
516 5545 638 5599 vide
669 5544 800 5613 quid
828 5544 1118 5614 patiemur.

421 5633 577 5690 Vens.
618 5636 812 5689 20-21.
857 5653 875 5686 ι
917 5634 975 5689 Si
1015 5646 1198 5689 autem
1238 5637 1476 5693 noluerit
1504 5640 1790 5704 redimere,
1826 5640 1922 5694 sed

341 5728 500 5783 alteri
539 5729 766 5783 cuilibet
815 5728 980 5784 fuerit
1029 5729 1396 5794 venundatus,
1452 5732 1591 5786 ultra
1653 5748 1776 5786 eum
1829 5734 1925 5803 qui

452 5932 497 5960 δ’
524 5929 585 5996 ιι,
619 5930 763 5988 Tim.
796 5947 859 5997 n,
886 5930 935 5983 7.
1055 5934 1098 5967 ⁸³
1126 5932 1233 5989 lsa.
1262 5947 1370 5988 Liv.
1402 5931 1497 6001 i5;
1537 5930 1694 5988 Joan.
1727 5949 1799 6001 vi,
1829 5933 1914 5989 45.

2029 4735 2189 4789 posse
2221 4718 2441 4788 propria
2485 4717 2777 4782 redimere,
2807 4717 2859 4771 id
2891 4726 2976 4771 est
3015 4716 3371 4784 semetipsum
3416 4729 3608 4783 regere

2028 4822 2083 4869 et
2100 4812 2428 4883 gubernare,
2450 4818 2581 4863 tunc
2601 4826 2788 4881 agrum
2823 4808 3073 4862 vendidit.
3093 4808 3256 4861 alium
3282 4820 3605 4876 praeponens

2027 4906 2101 4968 ei,
2138 4903 2232 4973 qui
2258 4902 2475 4967 obtulit,
2495 4902 2587 4971 qui
2627 4903 2905 4956 exhortari
2930 4902 3176 4965 deberet,
3206 4901 3299 4954 sed
3319 4914 3531 4954 merces
3553 4907 3608 4955 et

2027 4998 2240 5052 lucrum
2260 4994 2380 5064 ejus
2395 5005 2500 5058 est,
2530 4994 2619 5063 qui
2641 4995 2928 5064 proposuit
2958 5012 2971 5046 :
3001 4993 3111 5047 nisi
3135 4992 3273 5047 forte
3300 5008 3401 5047 nec
3420 4992 3603 5054 Petro,

2027 5108 2131 5145 nec
2172 5089 2359 5154 Paulo,
2410 5104 2513 5142 nec
2564 5090 2825 5158 apostolis
2890 5088 3138 5143 dicamus
3194 5086 3458 5159 imputari
3509 5102 3605 5141 eos

2028 5199 2168 5251 quos
2216 5198 2315 5252 per
2367 5180 2620 5251 proprios
2658 5182 2956 5252 discipulos
3006 5181 3074 5236 ad
3117 5180 3286 5235 vitam
3335 5180 3605 5252 guberna-

2028 5268 2248 5327 verunt.

2097 5364 2261 5418 Vens.
2284 5363 2474 5417 22—26.
2510 5382 2527 5415 ‹
2563 5362 2619 5416 Si
2656 5376 2783 5433 ager
2798 5370 3036 5432 emptus,
3066 5369 3121 5415 et
3150 5378 3258 5415 non
3289 5361 3355 5414 de
3384 5374 3601 5431 posses-

2028 5460 2181 5514 sione
2212 5459 2483 5525 majorum
2508 5455 2883 5509 sanctilicatus
2908 5453 3075 5509 fuerit
3110 5453 3360 5515 Domino,
3396 5465 3605 5519 suppu-

2030 5549 2164 5603 tabit
2204 5547 2461 5601 sacerdos
2485 5545 2638 5613 juxta
2680 5559 2971 5598 numerum
3000 5558 3292 5605 annorum,
3325 5556 3497 5609 usque
3535 5540 3606 5595 ad

2029 5639 2318 5693 Jubilzeum
2356 5636 2617 5705 pretium,
2653 5645 2708 5688 et
2732 5634 2884 5689 dabit
2916 5633 3006 5687 ille
3036 5631 3130 5701 qui
3155 5640 3341 5685 votum
3379 5636 3605 5684 voverat

2030 5730 2285 5785 Domino.
2322 5728 2380 5783 lu
2416 5727 2647 5782 Jubilzeo
2677 5735 2864 5781 autem
2894 5732 3203 5779 revertetur
3246 5722 3315 5778 ad
3359 5724 3599 5793 priorem

2526 5929 2568 5962 ⁸⁵
2601 5927 2760 5984 Osee.
2792 5942 2883 5992 vu,
2920 5926 3003 5981 ll.

2028 5930 2295 5988 “Jerem.
2330 5946 2409 5989 ιιι.
2526 5929 2568 5962 ⁸⁵
2601 5927 2760 5984 Osee.
2792 5942 2883 5989 vn,
2920 5926 3003 5981 ll.
3125 5924 3169 5956 "
3207 5924 3344 5982 Ibid.
3377 5925 3432 5981 8.
