4032 6430
524 454 658 523 ll‘ll

1712 466 2079 535 HESYCHII
2121 468 2599 531 PRESBYTERI

3638 473 3747 538 liii

529 576 946 650 Dominum,qui
963 580 1283 637 vendiderat
1303 596 1447 648 eum,
1468 592 1524 638 et
1542 584 1879 639 habueratin
1897 595 2102 640 sortem
2132 592 2179 646 Α
2206 586 2349 655 ejus,
2382 598 2573 643 sancta
2593 587 2828 643 Domino
2856 586 3167 642 invenitur:
3214 587 3364 642 bene
3393 598 3565 644 autem
3593 592 3748 664 David,

528 671 889 740 possessionis
914 690 1045 727 sum.
1074 672 1265 729 Omnis
1286 674 1577 731 aestimatio
1617 676 1753 732 siclo
1803 677 2102 732 sanctuarii

527 763 937 832 ponderabitur.
976 766 1157 821 Siclns
1180 766 1371 838 viginti
1391 767 1582 823 obolos
1610 768 1796 824 habet.
1830 770 2104 841 Primoge-

526 855 640 909 nita
684 872 806 925 qua:
863 855 932 910 ad
971 856 1141 911 Deum
1189 858 1486 927 pertinent,
1545 875 1712 914 nemo
1758 860 2104 918 sanctificare

524 948 748 1017 poterit,
772 958 828 1003 et
857 963 1079 1015 vovere,
1099 950 1216 1005 sive
1246 950 1366 1014 bos,
1396 950 1510 1007 sive
1536 951 1657 1006 ovis
1689 950 1852 1008 fuerit
1885 954 2101 1009 Domini

524 1050 674 1096 ttunt.
718 1061 736 1093 ι

574 1130 882 1188 Maximam
902 1133 1173 1203 justitiam
1197 1135 1332 1207 legis
1364 1136 1548 1193 littera
1588 1146 1645 1193 et
1666 1139 1891 1209 spiritus
1922 1149 2103 1195 osten-

522 1224 623 1279 dit.
675 1224 881 1279 Littera
926 1226 1194 1296 siquidem
1230 1244 1418 1300 agrum
1461 1231 1802 1300 possidentes
1836 1232 2099 1299 alienum,

524 1326 585 1370 ut
642 1317 987 1372 sanctificent
1029 1318 1162 1383 Deo,
1205 1328 1266 1374 ut
1312 1321 1548 1377 offerant
1597 1323 1997 1392 sacerdotibus,
2039 1333 2103 1378 ut

522 1421 715 1462 eorum
745 1408 817 1463 sit
841 1407 1090 1464 redditus
1115 1425 1263 1482 ager,
1296 1427 1405 1467 non
1438 1413 1614 1467 vetuit
1650 1413 1775 1483 quia
1817 1429 1928 1468 non
1973 1429 2101 1483 spe-

519 1500 733 1557 cialiter
754 1517 914 1556 suum
944 1501 1145 1556 obtulit
1172 1521 1185 1557 :
1218 1504 1361 1559 sicut
1390 1504 1537 1559 enim
1561 1515 1797 1575 emptus,
1820 1506 1939 1576 ejus
1969 1516 2101 1562 tunc

521 1601 658 1655 erat,
692 1592 773 1647 sic
797 1592 962 1648 etiam
986 1594 1079 1664 qui
1097 1593 1166 1649 de
1194 1596 1489 1652 vendentis
1521 1594 1699 1651 fuerat
1723 1598 2095 1667 possessione,

520 1692 672 1738 recte
702 1683 914 1739 alienus
940 1695 1042 1739 est.
1079 1684 1345 1757 Praecepit
1369 1688 1517 1742 enim
1541 1698 1865 1759 computare
1910 1704 2098 1744 sacer-

520 1775 704 1830 dotem
735 1776 848 1848 agri
873 1779 1116 1848 pretium
1157 1794 1332 1849 usque
1366 1780 1434 1834 ad
1463 1779 1773 1848 Jubilaeum,
1806 1792 1865 1839 et
1892 1784 1973 1837 sic
1999 1797 2097 1853 pro

518 1884 586 1923 eo
607 1868 737 1923 dare
763 1868 1033 1938 pretium;
1064 1870 1120 1924 in
1148 1869 1380 1927 Jubilaao
1408 1880 1592 1927 autem
1618 1873 1817 1928 reverti
1852 1889 1915 1929 ac
1940 1874 2095 1930 reddi

516 1961 687 2032 priori
735 1962 980 2030 domino,
1013 1963 1067 2018 id
1108 1974 1194 2019 est
1223 1966 1274 2020 ei
1306 1965 1400 2035 qui
1444 1975 1673 2038 propter
1715 1975 2094 2039 paupertatem

518 2069 635 2108 rem
664 2055 941 2134 propriam
971 2056 1236 2122 vendidit,
1278 2066 1335 2112 et
1362 2057 1429 2113 ad
1474 2066 1685 2113 certum
1717 2075 1836 2114 eam
1884 2070 2098 2130 tempus

518 2148 800 2210 alienavit.
832 2148 914 2205 Ab
953 2150 1060 2206 hoc
1097 2165 1229 2222 ergo
1262 2160 1317 2207 et
1342 2152 1409 2212 ad
1450 2152 1753 2226 spiritalem
1783 2155 2094 2226 intelligen-

517 2241 649 2304 tiam
676 2241 895 2303 transit.

588 2329 645 2385 Si
696 2346 824 2400 ager
862 2337 1087 2400 emptus,
1118 2340 1169 2385 et
1202 2347 1305 2384 non
1336 2332 1401 2385 de
1450 2332 1775 2401 possessione
1824 2334 2094 2404 majorum

515 2423 878 2493 sancti/iratus
941 2424 1101 2495 fuerit
1179 2424 1432 2491 Domino,
1489 2427 1796 2496 supputabit
1851 2431 2095 2485 sacerdos

507 2516 668 2593 juxta
698 2533 959 2571 annorum
990 2533 1265 2573 numerum
1286 2534 1448 2590 usque
1478 2521 1549 2574 ad
1569 2519 1871 2583 Jubilamm.
1888 2525 2094 2595 Agrum

514 2609 607 2687 qui
636 2607 880 2680 possidet
917 2624 1080 2680 quem
1098 2609 1253 2675 emit,
1293 2619 1349 2666 et
1385 2626 1498 2667 non
1529 2622 1615 2667 est
1632 2627 1748 2669 suae
1790 2616 2095 2687 possessio-

515 2684 704 2767 nis,iis
757 2700 850 2773 qui
903 2700 1299 2773 intelligibilem
1360 2713 1740 2773 paupertatem
1791 2684 2095 2776 patientem

515 2791 793 2854 exhortari
820 2791 985 2856 valet,
1019 2806 1362 2864 arguereque
1388 2809 1536 2859 eum,
1568 2804 1734 2866 atque
1775 2812 1995 2856 movere
2023 2800 2093 2855 ad

517 2885 934 2953 paenitentiam:
976 2885 1371 2956 intelligibilem
1427 2887 1573 2943 enim
1638 2898 1874 2958 terram,
1929 2908 2092 2963 quam

518 2976 610 3033 ille
636 2976 973 3047 possidebat,
1004 2975 1075 3031 de
1119 2992 1228 3048 qua
1282 2976 1453 3033 David
1510 2978 1809 3049 psallebat:
1861 2980 2093 3054 Spiritus

517 3081 636 3136 tuus
690 3078 902 3124 sanctus
928 3070 1145 3124 deducet
1175 3087 1257 3126 me
1304 3071 1360 3126 in
1392 3083 1594 3126 terram
1645 3083 1846 3129 rectam
1863 3076 1932 3143 ",
1976 3076 2095 3148 ipse

516 3161 909 3235 possidet,'non
933 3162 1261 3233 permittens
1275 3178 1397 3220 eam
1411 3179 1533 3234 qua:
1560 3180 1630 3220 ex
1646 3174 1760 3222 toto
1788 3169 2091 3239 corrumpi,

517 3252 614 3308 sed
643 3252 862 3308 lucrans
894 3252 1080 3320 fratris
1099 3255 1381 3321 virtutem,
1415 3255 1503 3311 vel
1528 3257 1720 3324 vitam,
1747 3258 1816 3315 de
1864 3276 1971 3331 qua
2002 3262 2092 3318 ille
2120 3292 2164 3350 ο

519 3361 616 3428 per
648 3346 1033 3418 negligentiam
1057 3348 1277 3405 cecidit.
1318 3347 1378 3404 Si
1423 3348 1587 3422 igitur
1608 3365 1732 3406 eam
1786 3353 2096 3410 sanctifica—

514 3438 657 3501 verit
712 3437 963 3504 Domino,
1000 3438 1056 3495 id
1111 3450 1199 3503 est
1243 3440 1504 3497 obtulerit
1550 3443 1843 3512 sacerdoti,
1898 3446 2097 3509 audisti

516 3531 665 3597 enim
702 3532 829 3601 quia
881 3531 937 3587 in
995 3534 1255 3603 praesenti
1289 3534 1620 3593 sanctificari
1673 3536 1785 3591 Deo
1837 3536 1970 3591 dicit
2008 3552 2095 3603 ea,

515 3641 639 3707 quae
672 3625 1049 3681 sacerdotibus
1069 3637 1216 3685 sorte
1242 3628 1609 3688 obvenerunt.
1637 3628 1834 3687 Oﬂ‘erri
1886 3642 2096 3697 autem,

516 3714 837 3789 quomodo?
860 3712 920 3771 Id
950 3724 1054 3782 est,
1086 3727 1305 3789 oportet
1338 3734 1486 3785 eum,
1514 3721 1608 3794 qui
1637 3721 1880 3796 culpavit
1905 3738 2099 3779 emun-

514 3808 656 3877 dari,
687 3818 743 3864 et
764 3818 1008 3865 sanctam
1035 3811 1155 3881 ejus
1180 3810 1396 3867 edicere
1425 3816 1918 3873 conversationem.

588 3899 907 3971 Supputabit
965 3904 1209 3968 sacerdos
1272 3904 1436 3983 juxta
1492 3922 1755 3963 annorum
1820 3924 2098 3964 numerum

516 4009 682 4067 usque
707 3995 778 4050 ad
811 3994 1094 4055 Jubilteum
1117 3999 1365 4067 pretium,
1409 4008 1457 4053 et
1485 4001 1631 4058 dabit
1662 4001 1752 4056 ille
1783 4003 1873 4072 qui
1918 4014 2097 4057 votum

518 4096 726 4152 voverat
772 4086 1019 4143 Domino.
1074 4087 1244 4145 Recte
1292 4093 1570 4156 sacerdos,
1624 4091 1787 4147 simul
1851 4108 1978 4147 cum
2029 4108 2098 4149 eo

517 4176 612 4248 qui
637 4178 807 4233 movit
824 4177 1047 4233 fratrem
1079 4179 1148 4235 ad
1170 4181 1579 4250 paenitentiam,
1602 4182 1727 4252 quia
1760 4181 1851 4238 ille
1875 4182 2096 4252 quidem

518 4270 771 4331 districte
793 4271 913 4341 ejus
952 4272 1225 4328 actionem
1273 4281 1330 4327 et
1356 4273 1856 4339 conversationem,
1903 4282 2096 4343 utpote

515 4361 613 4433 qui
636 4361 752 4433 ipse
781 4378 906 4417 eum
940 4364 1202 4427 correxit,
1235 4363 1325 4418 hic
1356 4372 1537 4419 autem
1574 4374 1633 4418 ut
1658 4366 1917 4420 sacerdos
1942 4364 2096 4420 novit

516 4470 703 4510 veram
733 4464 897 4526 atque
923 4455 1224 4530 perfectam
1274 4456 1730 4527 redemptionem,
1770 4465 2092 4528 supputant,

516 4546 633 4601 sive
667 4546 900 4615 probant
920 4546 1136 4615 qualem
1155 4546 1204 4601 ei
1226 4554 1477 4617 oporteat
1508 4546 1882 4615 paenitentiam
1904 4546 2092 4604 indici.

2208 680 2368 734 redde
2381 681 2448 745 “,
2479 681 2569 736 vel
2596 680 2742 737 sicut
2773 679 2936 745 LXX,
2962 680 3164 741 reddet,
3196 695 3335 745 non,
3374 681 3613 739 reddent:
3648 701 3752 744 nam

2206 772 2310 827 etsi
2335 772 2610 827 communi
2638 772 2869 828 consilio
2886 771 3204 835 sacerdotis,
3250 780 3308 827 et
3333 771 3456 841 ejus
3486 774 3571 843 qui
3613 781 3753 837 movit

2206 875 2552 935 peceatorem
2576 866 2642 921 ad
2679 865 3085 937 pmuitentiam,
3120 864 3188 919 de
3230 880 3299 919 ea
3362 865 3600 921 definitio
3643 885 3755 924 con-

2205 954 2486 1020 stituitur,
2517 970 2639 1025 qua:
2688 957 3026 1021 mstimatur,
3082 963 3467 1010 verumtamen
3520 955 3603 1011 ille
3651 975 3755 1019 eum

2203 1048 2417 1113 eﬂ‘erat,
2476 1048 2569 1120 qui
2630 1047 2857 1103 fratrem
2913 1047 3227 1117 culpantem
3277 1047 3567 1118 compungi
3622 1048 3754 1106 fecit:

2205 1138 2334 1194 huic
2364 1141 2510 1195 enim
2539 1150 2595 1195 et
2613 1139 2853 1206 obediet,
2882 1138 2979 1194 sed
3007 1146 3062 1193 et
3083 1137 3199 1208 ipse
3220 1137 3500 1208 obligatur
3526 1138 3576 1193 in
3601 1156 3759 1197 emen-

2203 1233 2483 1288 dationem
2534 1233 2658 1303 ejus
2707 1230 2800 1303 qui
2847 1230 3229 1302 pmnitentiam
3291 1230 3427 1302 agit,
3461 1240 3639 1300 utpote
3680 1235 3760 1304 qui

2202 1326 2371 1381 semel
2417 1325 2539 1394 ejus
2564 1322 2924 1379 correctionis
2951 1321 3082 1377 fecit
3117 1321 3431 1376 exordium.
3470 1319 3566 1388 Qui
3602 1333 3760 1382 autem

2201 1434 2314 1474 non
2341 1418 2509 1481 illico,
2539 1433 2663 1472 cum
2685 1415 2945 1472 definitur
2967 1414 3604 1485 pmnitentia,paanitens
3626 1432 3763 1470 mun-

2202 1512 2385 1581 datur,
2421 1511 2517 1567 sed
2545 1510 2765 1582 quando
2795 1525 2917 1566 eam
2949 1508 3248 1580 perfectam
3278 1506 3478 1578 egerit,
3504 1516 3761 1578 propterea

2201 1606 2311 1661 ait:

2271 1697 2341 1751 In
2364 1696 2590 1752 Jubilteo
2617 1706 2798 1751 autem
2822 1703 3111 1750 revertetur
3140 1694 3212 1747 ad
3257 1692 3494 1763 priorem
3518 1692 3761 1749 dominum

2200 1791 2291 1861 qui
2317 1790 2626 1844 vendiderat
2684 1805 2824 1845 eum.
2860 1786 3003 1859 Ergo
3060 1785 3313 1841 definitio
3345 1784 3677 1856 poenitentia:
3716 1787 3759 1840 in

2203 1883 2294 1938 illa
2327 1882 2416 1937 die
2464 1891 2654 1937 sancta
2705 1896 2831 1935 mox
2872 1880 3001 1947 fiet,
3054 1878 3110 1934 in
3161 1894 3270 1950 qua
3320 1892 3351 1930 a
3406 1877 3679 1932 sacerdote
3716 1886 3756 1933 et

2202 1971 2554 2027 exhortatore
2585 1971 2706 2041 ejus
2735 1970 2827 2040 qui
2852 1969 3234 2041 paenitentiam
3266 1975 3500 2022 acturus
3537 1977 3647 2022 erat
3682 1984 3761 2038 per

2199 2062 2439 2118 divinam
2465 2060 2838 2132 Scripturam,
2868 2061 3145 2132 quomodo
3189 2075 3313 2114 eam
3360 2059 3557 2113 debeat
3604 2075 3757 2129 agere,

2196 2157 2521 2213 estimatur.
2582 2153 2740 2209 Tunc
2790 2161 2974 2207 autem
3029 2152 3315 2223 paenitens
3381 2150 3757 2221 possessionem

2195 2264 2373 2314 suam,
2392 2259 2712 2320 agrumque,
2728 2256 2784 2300 et
2798 2243 3274 2300 conversationem
3300 2240 3552 2310 recipiet,
3570 2243 3758 2310 quando

2196 2339 2265 2395 ad
2293 2354 2497 2394 annum
2528 2334 3099 2409 perveneritJubiiaei,
3130 2334 3249 2389 sive
3282 2329 3640 2395 remissionis,
3659 2332 3756 2387 sive

2196 2428 2603 2492 immutatione,
2632 2434 2689 2481 et
2725 2424 2889 2495 plene
2920 2438 3090 2495 agens
3134 2438 3200 2477 ea
3247 2438 3377 2492 quae
3410 2422 3479 2475 ad
3512 2422 3755 2494 poeniten-

2194 2523 2325 2576 tiam
2350 2518 2659 2591 pertinent:
2688 2516 2784 2572 sed
2805 2515 2978 2570 etiam
3021 2514 3078 2570 in
3107 2522 3284 2569 totum
3331 2514 3567 2571 reddens
3601 2531 3755 2570 sacer-

2193 2614 2378 2669 dotem
2414 2620 2473 2667 et
2511 2625 2731 2665 omnem
2782 2608 3063 2664 hominem
3103 2608 3197 2678 qui
3248 2607 3533 2663 exhortari
3578 2616 3753 2662 semet-

2193 2709 2373 2778 ipsum
2401 2715 2497 2761 aut
2522 2704 2855 2775 proximum,
2883 2713 2977 2759 aut
3016 2703 3241 2759 domum
3288 2717 3448 2758 suam
3472 2702 3604 2766 vult,
3629 2711 3678 2758 et
3695 2718 3749 2756 ex

2195 2800 2299 2855 hoc
2321 2799 2423 2853 sibi
2447 2795 2935 2852 sanctificationem
2960 2795 3311 2865 conquirere,
3333 2810 3590 2850 coronam
3611 2792 3751 2865 incly-

2195 2902 2327 2957 tam,
2362 2900 2419 2945 et
2446 2889 2758 2944 ﬁrmitatem
2790 2886 3169 2942 admirabilem
3200 2885 3524 2956 exquisivit.

2270 2983 2454 3040 Omnis
2511 2982 2798 3039 aestimatio
2850 2980 2980 3034 siclo
3012 2980 3314 3033 sanctuarii
3366 2978 3747 3047 ponderabitur:

2194 3078 2351 3133 siclus
2374 3079 2481 3132 sive
2505 3076 2817 3130 didracltma
2848 3074 3036 3144 viginti
3065 3073 3239 3127 obolos
3267 3072 3453 3126 habet.
3492 3069 3559 3126 Ut
3598 3068 3746 3125 omnis

2194 3171 2501 3235 aestimatio,
2533 3171 2650 3226 sive
2699 3169 2968 3233 deﬁnitio,
3016 3168 3225 3223 sanctis
3274 3168 3375 3221 fiat
3428 3164 3743 3238 ponderibus,

2196 3265 2250 3320 id
2277 3274 2382 3330 est,
2410 3263 2496 3318 his
2518 3278 2640 3333 quas
2668 3270 2801 3317 sunt
2844 3262 2913 3317 de
2939 3276 3097 3317 sacra
3138 3258 3450 3330 Scriptura.
3503 3257 3743 3313 Exteriora

2199 3356 2350 3412 enim
2401 3355 2668 3426 pondera,
2717 3354 2886 3411 veluti
2940 3352 3423 3423 philosophorum,
3483 3350 3537 3404 in
3582 3347 3744 3418 quibus

2199 3448 2301 3518 ipsi
2353 3448 2492 3502 vitas
2569 3446 3127 3515 conversationesque
3178 3449 3441 3515 pensant,
3491 3456 3593 3495 non
3642 3447 3743 3493 sunt

2198 3550 2410 3603 sancta,
2442 3538 2568 3608 quia
2595 3537 2880 3593 scientiam
2932 3535 3314 3602 imperfectam
3342 3533 3631 3605 possident.
3658 3530 3740 3585 Sed

2198 3645 2304 3684 nec
2352 3628 2735 3684 hzrreticorutn
2779 3627 3021 3698 pondera
3051 3634 3241 3681 sancta
3288 3634 3443 3690 sunt,
3485 3623 3737 3678 cauteriula

2198 3725 2273 3770 est
2303 3717 2443 3769 enim
2480 3731 2660 3769 eorum
2708 3717 3026 3770 conscientia
3049 3715 3131 3769 “z
3164 3715 3261 3769 sed
3306 3724 3495 3769 sancta
3546 3725 3660 3768 sunt
3690 3729 3732 3766 ea

2198 3823 2320 3877 quae
2363 3816 2493 3861 sunt
2526 3807 2582 3861 in
2630 3807 2815 3862 divina
2861 3806 3165 3878 Scriptura,
3219 3806 3276 3861 in
3338 3806 3541 3878 quibus
3585 3804 3726 3875 viginti

2198 3901 2343 3956 ohoii
2371 3909 2520 3967 sunt,
2544 3900 2761 3965 sicium,
2789 3900 2906 3956 sive
2953 3900 3299 3966 didrachma,
3352 3901 3408 3956 id
3456 3910 3537 3955 est
3588 3900 3727 3954 decem

2198 3994 2453 4049 mandata
2490 3993 2795 4049 secundum
2822 3992 3081 4060 litteram,
3107 4003 3163 4048 et
3190 3994 3499 4049 secundum
3530 3990 3730 4063 spiritum

2199 4086 2500 4149 intellecta,
2553 4086 2701 4141 sicut
2731 4086 3045 4157 evangelica
3078 4087 3253 4154 gratia
3283 4087 3625 4165 insinuat,_et
3663 4080 3729 4152 qui

2198 4176 2254 4231 itt
2285 4194 2346 4232 ea
2369 4178 2500 4233 dicit
2525 4194 2540 4232 :
2565 4177 2687 4233 Non
2715 4177 3069 4242 arbitremini,
3089 4178 3214 4247 quia
3236 4178 3357 4233 veni
3383 4176 3577 4231 solvere
3608 4175 3732 4242 legent

2197 4279 2291 4324 aut
2321 4270 2636 4338 prophetas;
2671 4287 2774 4324 non
2801 4270 2918 4324 veni
2942 4269 3161 4336 solvere,
3196 4270 3286 4323 sed
3313 4269 3531 4339 implere
3545 4267 3603 4320 ⁵⁸.
3626 4263 3731 4332 Qui-

2198 4376 2414 4432 cunque
2463 4371 2559 4416 aut
2606 4362 2779 4433 legem
2823 4360 3037 4416 irritam
3084 4361 3233 4426 facit,
3276 4368 3377 4415 aut
3430 4358 3730 4429 Evangelium

2197 4451 2398 4515 renuit,
2430 4449 2519 4506 hic
2535 4466 2645 4505 non
2670 4450 2835 4505 habet
2863 4451 3202 4516 didrachma,
3226 4467 3334 4507 nec
3367 4452 3526 4521 hujus
3563 4448 3728 4504 doctri-

2196 4557 2323 4597 nam
2357 4551 2414 4596 ut
2442 4541 2875 4597 sanctificantem
2906 4541 3217 4612 recipimus.
3259 4540 3553 4597 [hereticos
3581 4546 3727 4591 autem

518 4641 831 4718 Supputant
864 4646 1047 4706 autem
1080 4654 1252 4720 usque
1289 4638 1355 4697 ad
1380 4637 1592 4693 Jubilaai
1623 4638 1882 4708 pretium,
1930 4640 1983 4695 id
2010 4650 2096 4696 est
2128 4629 2174 4686 Ῑ)
2200 4644 2256 4689 et
2279 4632 2513 4700 JudmOS,
2537 4648 2768 4703 qnorum
2795 4633 2884 4687 alii
2907 4633 3159 4705 gratiam,
3191 4633 3285 4687 alii
3330 4633 3504 4705 legem
3544 4636 3724 4700 negant.

514 4741 581 4780 ex
631 4726 715 4781 liis
764 4742 885 4796 quze
933 4727 1003 4780 de
1056 4727 1377 4796 pmnitentia
1430 4728 1487 4781 in
1528 4728 1712 4782 divina
1768 4728 1912 4783 dicta
1963 4740 2093 4787 sunt

516 4816 825 4887 Scriptura.
874 4815 996 4886 ipsa
1037 4816 1185 4884 enim
1238 4817 1528 4887 aestimatio
1575 4826 1658 4883 est
1686 4818 1815 4885 anni
1851 4818 2089 4886 Jubilzei,

514 4908 629 4973 sive
658 4906 1016 4971 remissionis,
1046 4916 1156 4974 tam
1186 4907 1313 4977 quia
1335 4908 1451 4979 ipsa
1481 4908 1791 4978 aestimavit,
1824 4908 1937 4976 sive
1963 4925 2094 4979 sup-

517 5000 727 5071 putavit
766 4998 1172 5082 pmnitentiam,
1213 4983 1381 5069 quam
1428 5001 1556 5071 quia
1603 5001 1839 5072 aastimat
1885 5013 2092 5087 quanta

511 5090 634 5159 ejus
673 5087 741 5141 sit
767 5086 1028 5158 dignitas,
1071 5087 1174 5141 hoc
1216 5088 1365 5155 enim
1405 5084 1639 5144 dicimus
1667 5104 1791 5144 esse
1846 5084 2089 5159 sesuma-

515 5181 745 5245 tionem,
772 5180 899 5249 quia
938 5178 1021 5233 sic
1050 5179 1370 5247 pcnnitentia
1393 5179 1636 5243 definita,
1669 5181 1919 5247 definitio
1968 5182 2088 5254 ejus

512 5278 701 5338 sancta
733 5272 837 5321 erit
868 5267 997 5333 Deo,
1024 5280 1246 5339 propter
1274 5269 1421 5339 quod
1446 5278 1502 5327 et
1521 5269 1767 5339 addidit:
2010 5260 2011 5263 “

586 5362 655 5430 Et
679 5362 825 5415 dabit
856 5362 946 5415 ille
969 5348 1058 5433 qui
1084 5372 1261 5415 votum
1298 5348 1513 5428 voverat
1548 5361 1794 5415 Domino.
1843 5360 1971 5416 Sive
1996 5376 2086 5420 se-

511 5445 759 5523 cundum
782 5455 944 5520 LXX,
976 5456 1042 5509 Et
1071 5454 1251 5509 reddet
1278 5454 1504 5521 pretium
1538 5453 1593 5521 in
1615 5454 1700 5507 die
1725 5453 1816 5507 illo
1847 5463 2089 5518 sanctum

516 5549 761 5615 Dontino.
800 5547 861 5602 in
892 5557 1139 5625 tempore
1176 5546 1348 5613 enim,
1386 5544 1575 5615 inquo
1614 5544 1914 5599 secundum
1946 5545 2089 5600 hanc

514 5642 801 5707 rationem,
832 5655 895 5707 ea
926 5654 1048 5709 quae
1090 5647 1219 5697 sunt
1246 5639 1314 5693 de
1341 5636 1665 5707 poenitentia
1728 5636 2085 5701 deﬁniuntur,

511 5733 627 5791 sive
656 5718 991 5788 inducuntur
1040 5730 1113 5801 ci,
1162 5745 1287 5789 cum
1340 5729 1648 5784 necessaria
1704 5738 1788 5796 est
1843 5728 2085 5785 definitio

618 5918 659 5951 ’⁷
698 5915 836 5970 Psal.
873 5913 1165 5980 tantuli).
1280 5912 1321 5947 ³⁸
1363 5907 1503 5965 Psal.
1535 5925 1643 5977 Lis,
1682 5910 1762 5969 ιι.

1879 5907 1962 5963 “l
1998 5905 2137 5963 Titii.
2175 5924 2247 5975 tv,
2273 5908 2326 5962 ‘2.

2197 4725 2478 4795 aequaliter
2510 4724 2891 4794 suscipiamus.

2270 4816 2629 4887 Primogenita
2659 4833 2776 4887 qua:
2808 4818 2879 4871 ad
2902 4817 3071 4872 Deum
3081 4819 3368 4886 pertinent,
3395 4834 3537 4874 nemo
3561 4811 3723 4870 sancti-

2196 4907 2358 4976 ficare
2391 4916 2577 4975 potest,
2613 4916 2663 4960 et
2722 4924 2933 4972 vovere;
2962 4906 3083 4963 Sive
3118 4909 3229 4973 bos,
3270 4910 3380 4966 sive
3430 4910 3531 4964 ovis
3575 4903 3721 4978 fuerit.

2201 5000 2411 5055 Domini
2433 5010 2572 5054 sunt.
2601 5001 2805 5055 Pecora
2829 5016 2926 5055 eos
2950 5000 3043 5071 qui
3076 5002 3235 5057 nobis
3252 5002 3560 5058 obedientes
3598 5004 3716 5060 sunt,

2198 5090 2357 5156 filios,
2390 5098 2444 5146 et
2463 5105 2669 5155 servos,
2704 5089 2758 5143 in
2798 5090 3235 5159 praecedentibus
3273 5091 3519 5147 diximus.
3550 5086 3721 5142 Horum

2195 5182 2641 5255 primogenitum,
2667 5181 2721 5235 id
2748 5191 2850 5247 est,
2877 5182 2970 5253 qui
3001 5184 3161 5239 nobis
3192 5184 3271 5240 sic
3313 5198 3502 5254 parens
3528 5190 3575 5235 et
3614 5175 3719 5231 obe'

2194 5272 2351 5327 diens
2381 5256 2567 5335 inerit,
2602 5278 2735 5331 utet
2765 5270 2884 5326 aliis
2915 5271 3241 5327 obedientia:
3269 5280 3323 5327 et
3351 5267 3558 5343 parendi
3579 5265 3717 5321 duca-

2196 5373 2311 5418 tum
2334 5364 2594 5434 prazbeat,
2657 5371 2713 5422 et
2745 5373 3035 5434 propterea
3066 5364 3157 5420 hic
3180 5364 3396 5434 quidem
3429 5353 3713 5432 primogeni-

2196 5461 2314 5507 tum
2347 5452 2567 5516 dicitur,
2602 5452 2731 5506 alibi
2788 5461 2971 5512 autem
3028 5453 3097 5509 de
3158 5469 3224 5509 eo
3284 5452 3541 5525 legislator
3578 5443 3709 5501 dicit:

2196 5544 2360 5601 Omne
2393 5544 2743 5614 masculinum
2764 5546 3076 5617 adaperiens
3107 5546 3337 5611 vulvam,
3380 5551 3597 5597 sanctum
3620 5534 3708 5588 Do.

2197 5637 2339 5691 ηιὶηο
2364 5637 2714 5696 vocabitur“.
2754 5636 3018 5706 Adapcrit
3059 5636 3202 5692 enim
3235 5636 3443 5690 vulvam
3484 5642 3706 5704 generan-

2196 5730 2387 5786 dorum
2421 5729 2676 5794 filiorum,
2708 5729 2800 5800 qui
2824 5729 3049 5785 obedire
3102 5729 3400 5785 secundum
3452 5725 3617 5785 Deum,
3664 5726 3704 5772 ει

2442 5910 2485 5943 δ’
2513 5907 2705 5971 Matth.
2748 5923 2798 5973 v,
2833 5904 2913 5960 l7.
3027 5908 3066 5939 "
3095 5906 3262 5963 Exod.
3284 5900 3522 5977 xurv,_9.
