4032 6560
472 441 610 511 1175

1658 454 2022 533 HESYCHLI
2058 456 2534 525 PRESBYTERI

3624 449 3747 517 1176

463 562 723 625 hismriav
754 564 1031 634 Quomodo
1058 567 1239 627 omnis
1276 584 1411 629 usus
1447 578 1504 639 et
1542 572 1821 644 possessio
1851 574 2041 643 prohi-
2068 582 2115 640 Α
2213 575 2281 631 Et
2310 577 2481 631 omnis
2515 536 2989 647 consecratio.un
3032 576 3265 646 offertur
3293 572 3367 624 ab
3389 570 3620 630 homine,
3661 590 3751 626 non

463 656 627 711 betur
651 659 1042 724 anathematis,
1073 659 1511 721 demonstratum
1559 672 1664 721 est.
1710 664 1830 720 Non
1864 666 2041 723 solum

464 761 650 802 autem
685 749 811 814 hoc,
844 749 940 806 sed
970 750 1100 821 quia
1128 766 1470 825 quacunque
1503 754 1631 827 jure
1669 756 1864 821 bellico
1886 759 2044 819 valde

464 841 741 905 inimicis,
802 860 927 899 cum
980 845 1183 915 quibus
1224 860 1335 901 non
1394 847 1684 919 oportebat
1745 849 2042 907 amicitiam

460 933 713 1005 jungere,
744 936 913 1007 spolia
949 938 1241 999 sumebant
1278 947 1402 1013 post
1434 940 1737 1011 victoriam,
1763 950 1819 997 et
1850 942 2045 1013 depre-

464 1026 734 1081 cationem
765 1027 880 1082 hac
901 1027 1174 1085 faciebant
1203 1030 1496 1089 anathema
1544 1040 1599 1085 et
1628 1048 1737 1087 non
1773 1048 1805 1087 a
1842 1043 2046 1091 semet-

464 1117 635 1187 ipsis,
697 1120 793 1174 sed
854 1120 966 1176 Deo
1021 1121 1402 1193 praecipiente.
1464 1124 1817 1196 Quaecunque
1894 1127 2044 1183 enim

470 1212 753 1281 propheta
804 1213 1155 1283 pracipiunt,
1212 1214 1569 1273 manifestum
1606 1226 1714 1283 est,
1761 1219 1890 1288 quia
1947 1218 2045 1279 Dei

464 1315 740 1375 praecepta
768 1315 915 1361 sunt.
950 1307 1093 1379 Ergo
1122 1317 1179 1363 et
1208 1323 1313 1365 nos
1340 1309 1728 1381 quodcunque,
1791 1311 2049 1386 intelligi-

464 1395 668 1451 bilibus
689 1398 949 1463 inimicis,
987 1398 1041 1455 id
1073 1409 1159 1456 est
1182 1400 1548 1467 daemonibus,
1578 1394 2046 1474 pugnantes,cum

464 1490 670 1558 quibus
718 1505 829 1545 non
864 1491 993 1546 licet
1051 1492 1323 1548 amicitias
1362 1494 1615 1567 jungere,
1663 1506 1853 1552 contra
1907 1514 2048 1568 quos

464 1586 762 1648 perpetuas
802 1578 1147 1647 inimicitias,
1174 1590 1230 1637 et
1251 1582 1730 1640 incommutabiles
1756 1586 2044 1655 habemus,

463 1679 693 1741 propter
742 1687 882 1742 quos
933 1674 1199 1734 Dominus
1251 1675 1489 1735 dicebat.
1530 1679 1657 1734 Non.
1696 1681 1814 1733 veni
1864 1696 2048 1749 pacem

465 1763 677 1818 mittere
727 1764 784 1818 in
814 1774 1037 1832 terram,
1094 1775 1185 1823 sed
1231 1768 1566 1847 gladium":
1628 1780 1851 1845 propter
1902 1773 2049 1843 quod

465 1859 671 1915 dividet
698 1860 981 1917 hominem
1017 1861 1283 1923 adversus
1314 1873 1548 1935 patrem,
1576 1871 1634 1920 et
1667 1865 1833 1920 ﬁliam
1856 1865 2049 1921 adver-

468 1967 563 2006 sus
590 1962 849 2019 matrem,
887 1964 946 2008 et
974 1952 1191 2009 scindet
1220 1955 1658 2027 compassionem
1708 1956 1947 2025 generis,
1995 1965 2053 2011 et

465 2043 724 2100 deorsum
743 2045 1117 2118 relinquentes
1143 2047 1326 2103 carnis
1354 2048 1817 2118 compassionem,
1835 2047 2057 2105 facilius

467 2138 829 2209 incorporeos
864 2140 1207 2209 perimamus
1256 2140 1544 2196 inimicos:
1575 2140 1693 2197 sive
1747 2141 2055 2208 hominem,

467 2231 585 2288 sive
619 2247 815 2302 pecus.
856 2231 975 2295 sive
1006 2248 1199 2301 agrum
1236 2248 1335 2303 pro
1362 2234 1560 2303 spolio,
1616 2248 1685 2289 ex
1715 2233 1861 2289 bello
1905 2235 2057 2305 quod

468 2335 659 2377 contra
693 2338 790 2378 eos
825 2324 1120 2386 habemus,
1169 2332 1333 2393 atque
1365 2324 1656 2379 victoriam
1706 2326 2054 2395 conquisiveo

469 2419 661 2481 rimus,
697 2433 1025 2477 consecrare
1052 2417 1277 2488 quidem
1309 2417 1420 2472 Deo
1454 2418 1573 2474 hac
1607 2418 1896 2473 debemus.
1962 2417 2055 2473 Sic

468 2518 651 2564 autem
682 2525 1029 2572 consecrare.
1064 2518 1124 2565 ut
1148 2508 1287 2564 nihil
1312 2512 1366 2563 in
1403 2510 1483 2566 eis
1515 2510 1814 2565 habeamus
1852 2520 2055 2566 nostra

467 2602 786 2667 voluntatis,
823 2602 920 2657 sed
973 2602 1088 2661 sive
1118 2618 1230 2657 sua
1278 2602 1567 2673 potestatis
1614 2603 1889 2677 quispiam
1944 2612 2052 2667 est,

470 2689 576 2746 hoc
609 2691 756 2745 enim
785 2700 872 2745 est
895 2705 1025 2746 vere
1059 2690 1245 2756 homo,
1277 2690 1513 2745 dicimus
1548 2699 1731 2746 autem
1781 2705 1929 2756 eum,
1960 2691 2055 2762 qui

470 2781 785 2837 nullatenus
817 2781 978 2836 nobis
1014 2780 1301 2850 subjectus
1334 2789 1440 2845 est,
1492 2779 1588 2836 sed
1620 2780 1848 2850 aqualis
1894 2780 2057 2836 nobis

470 2881 554 2927 cst
588 2871 890 2926 secundum
921 2869 1420 2937 conversationem,
1447 2870 1563 2925 sive
1593 2886 1719 2925 eum
1749 2871 1841 2941 qni
1894 2872 2057 2928 nobis

471 2966 758 3035 subjectus
823 2974 945 3029 est,
1001 2973 1058 3019 et
1116 2972 1414 3034 propterea
1480 2979 1652 3034 pecus
1704 2965 2053 3031 nominatur,

470 3055 845 3127 intelligibiles
875 3056 1065 3119 hostes
1094 3056 1381 3113 vincentes
1424 3056 1905 3128 acquisiverimus,
1938 3056 2057 3112 sive

470 3151 541 3206 de
576 3167 705 3221 agro
732 3149 1121 3219 possessionis,
1181 3148 1233 3204 id
1266 3160 1371 3215 est,
1406 3164 1473 3204 ex
1511 3163 1618 3219 qua
1653 3148 1832 3204 sortiti
1865 3164 2055 3203 sumus

2077 1922 2125 1982 Β

2146 664 2454 728 redimetur,
2491 665 2582 721 sed
2631 665 2903 719 morietur.
2935 664 3059 730 Qua.
3094 660 3336 717 ntorte?
3396 658 3518 723 Qua
3572 657 3756 713 Paulus

2145 756 2392 821 dicebat:
2439 754 2566 811 Vivo
2584 766 2764 811 autem
2786 755 2904 825 jam
2930 773 3031 810 non
3069 772 3189 826 ego,
3239 752 3380 805 vivit
3407 760 3590 802 autem
3610 750 3663 802 in
3686 768 3759 806 me

2148 850 2389 904 Christus
2409 850 2478 906 ⁸⁸.
2518 851 2582 904 Et
2600 865 2825 907 rursus:
2846 849 2937 903 Sic
2957 859 3008 902 et
3046 866 3136 903 vos
3169 848 3472 902 mstimate
3517 860 3607 894 vos
3630 862 3760 895 inor-

2147 949 2264 1005 tuos
2292 942 2501 1007 quidem
2534 951 2769 1009 peccata,
2795 941 3029 995 uiuentes
3052 950 3246 993 autent
3285 936 3432 996 Deo,
3484 935 3541 987 in
3566 934 3760 990 Christo

2144 1033 2348 1097 lem“.
2408 1032 2556 1089 Talis
2613 1049 2765 1104 ergo,
2828 1033 2973 1088 sicut
3020 1032 3112 1103 qui
3169 1045 3375 1101 usque
3432 1030 3511 1083 ad
3556 1032 3763 1086 culmen

2146 1123 2367 1181 virtutis
2390 1123 2626 1193 proﬁcit,
2654 1134 2710 1180 et
2736 1140 3026 1179 mensuras
3065 1122 3314 1195 contigit
3370 1121 3763 1190 perfectionis:

2146 1225 2398 1275 mortuus
2423 1217 2571 1277 enim
2611 1216 2812 1273 saeculo
2835 1224 2937 1282 est,
2970 1224 3028 1269 et
3057 1232 3086 1268 a
3121 1214 3528 1285 prasentibus
3559 1214 3768 1267 alienus

2147 1316 2204 1369 et
2236 1306 2366 1362 olim
2392 1324 2422 1363 a
2447 1308 2637 1365 mundi
2665 1308 2918 1378 migravit
2946 1307 3225 1376 sapientia
3256 1324 3273 1359 :
3326 1313 3493 1359 recte
3554 1315 3770 1361 sanctus

2148 1411 2465 1456 sanctorum
2496 1401 2729 1457 Domino
2771 1410 2886 1455 est:
2919 1401 3048 1469 quia
3099 1399 3394 1454 Sanctum
3454 1406 3769 1451 sanctorum

2148 1494 2394 1561 imitatus
2422 1503 2511 1549 est
2537 1493 2840 1548 secundum
2874 1491 3311 1563 possibilitatem
3348 1504 3548 1543 suam.

2220 1587 2383 1647 Vens.
2415 1588 2605 1643 30-53.
2636 1606 2661 1640 ι
2684 1586 2888 1641 Omnes
2911 1586 3140 1641 decimae
3160 1595 3369 1647 terra,
3410 1583 3537 1640 sive
3559 1582 3628 1636 de
3658 1582 3769 1635 fru-

2149 1680 2328 1752 gibus,
2370 1681 2490 1736 sive
2511 1680 2580 1737 de
2622 1679 2804 1749 pomis
2836 1679 3119 1743 arborum,
3150 1676 3577 1736 Dominisunt,
3620 1681 3677 1727 et
3702 1674 3769 1727 illi

2149 1774 2582 1829 sanctiﬁcantur.
2634 1771 2695 1827 Si
2746 1772 2872 1841 quis
2933 1781 3119 1826 autem
3174 1766 3447 1825 voluerit
3500 1766 3769 1822 redimere

2151 1866 2393 1923 decimas
2409 1880 2559 1929 suas,
2574 1863 2996 1932 addetquiutam
3017 1870 3230 1933 partem
3256 1873 3499 1915 earum.
3516 1854 3772 1911 Omnium

2156 1960 2514 2023 decimarum,
2558 1958 2729 2013 boves
2753 1963 2806 2012 et
2840 1970 2971 2011 oves
2996 1968 3179 2024 capra
3203 1965 3342 2023 qua
3379 1949 3494 2005 sub
3542 1949 3767 2019 pastoris

2155 2054 2306 2125 virga
2338 2058 2645 2115 transeunt,
2681 2048 2947 2119 quidquid
2991 2046 3272 2102 decimum
3341 2042 3601 2107 venerit,
3652 2057 3769 2095 san-

2154 2143 2487 2203 etiﬁcabitur
2521 2141 2777 2196 Domino.
2805 2139 2928 2195 Non
2951 2139 3184 2208 eligetur
3235 2150 3359 2190 nec
3409 2133 3625 2187 bonum
3672 2145 3765 2185 nec

2155 2237 2383 2301 malum,
2414 2250 2518 2290 nec
2541 2235 2717 2289 altero
2740 2230 3187 2288 commutabitur.
3243 2226 3313 2280 Si
3353 2225 3494 2295 quis
3527 2230 3767 2276 mutave-

2154 2331 2248 2393 rit,
2272 2338 2330 2385 et
2356 2327 2501 2398 quod
2531 2334 2803 2384 mutatum
2836 2332 2944 2386 est,
2984 2330 3051 2375 et.
3070 2337 3170 2391 pro
3191 2335 3311 2390 quo
3346 2324 3638 2371 mutatum
3664 2322 3760 2381 est,

2154 2423 2587 2484 sanctiﬁcabitur
2610 2419 2862 2481 Domino,
2887 2426 2941 2471 et.
2972 2431 3083 2470 non
3120 2415 3477 2467 redimetur.
3526 2427 3545 2459 ι

2225 2516 2440 2585 Quaris
2470 2514 2721 2577 forsitan,
2748 2512 2907 2580 cujus
2938 2510 3019 2564 rei
3053 2508 3226 2579 gratia
3260 2505 3568 2559 fructuum
3614 2509 3761 2555 terra

2155 2612 2351 2669 redimi
2382 2608 2652 2665 decimam
2693 2604 2960 2677 pracipit.
2994 2603 3161 2656 boum
3222 2608 3423 2653 autem
3480 2608 3539 2651 et
3584 2595 3763 2647 ovium

2154 2716 2269 2758 non
2302 2695 2591 2769 pracipit?
2621 2694 2767 2765 quod
2798 2692 3024 2747 Judaus
3041 2690 3228 2745 dicere
3249 2703 3373 2741 non
3405 2692 3611 2756 potest,
3639 2683 3753 2752 quia

2155 2790 2256 2849 soli
2284 2789 2454 2845 servit
2476 2788 2691 2850 littera,
2713 2786 2766 2839 in
2788 2800 2893 2854 qua
2921 2780 3157 2835 maxime
3185 2779 3368 2834 multa
3401 2774 3753 2846 quaestionem

2156 2880 2481 2952 recipientia
2507 2876 2782 2949 legislator
2810 2871 3132 2942 interponit,
3152 2877 3213 2925 ut
3242 2863 3541 2938 angustati
3564 2864 3631 2915 ad
3650 2860 3754 2929 spi-

2155 2977 2320 3031 ritum
2350 2982 2596 3036 currant,
2629 2978 2684 3025 et
2707 2968 2887 3025 sciant
2926 2966 3053 3036 quia
3085 2964 3275 3018 littera
3303 2971 3449 3015 tunc
3480 2965 3567 3011 est
3600 2956 3747 3017 bona,

2157 3065 2377 3137 quando
2399 3064 2487 3118 illa
2510 3077 2607 3116 usa
2635 3059 2801 3115 fuerit
2822 3058 2975 3112 velut
3002 3055 3405 3109 instrumento,
3432 3056 3493 3101 et
3518 3044 3748 3137 ministra

2160 3135 2407 3229 spiritus.
2445 3154 2822 3211 Diﬂ‘erentiam
2863 3163 2993 3220 ergo
3045 3141 3458 3215 discipulorum
3488 3138 3624 3209 legis
3671 3135 3746 3189 hic

471 3244 967 3307 conversationem,
1015 3243 1071 3299 in
1117 3242 1310 3314 spoliis
1351 3251 1407 3298 et
1440 3242 1702 3313 trophaeis
1752 3241 2054 3313 sumpseri-

2163 3250 2435 3321 proponit,
2468 3258 2523 3303 et
2545 3242 3008 3316 quemadmodum
3048 3240 3107 3294 in
3158 3232 3562 3307 primogenitis
3601 3243 3744 3282 mun-

473 3349 618 3398 mus,
650 3342 841 3389 contra
873 3333 1131 3391 inimicos
1150 3333 1522 3406 intelligibiles
1558 3342 1890 3405 pugnantes,
1957 3348 2060 3389 nec

474 3427 802 3482 venundare
867 3427 986 3482 hac
1044 3442 1378 3497 possumus,
1444 3442 1551 3489 nec
1603 3426 1878 3483 redimere
1921 3442 2067 3497 opus

474 3518 766 3582 habemus,
799 3520 927 3589 quia
962 3534 1126 3577 omne
1159 3528 1566 3584 consecratum,
1609 3528 1863 3575 sanctum
1903 3535 2061 3573 sanc-

478 3624 655 3668 tornm
685 3620 769 3666 est
829 3612 1087 3667 Domino.
1130 3611 1455 3679 Quomodo?
1510 3611 1660 3667 audi.
1704 3611 1823 3666 Non
1880 3618 2063 3680 potest

477 3702 670 3772 aliquis
698 3702 1002 3771 exspoliare
1026 3702 1331 3767 inimicum,
1350 3710 1643 3770 antequam
1667 3716 1792 3755 eum
1823 3700 2063 3769 perfecte

477 3792 753 3861 subjiciat,
808 3792 951 3846 sicut
1002 3790 1265 3846 Dominus
1307 3790 1512 3845 Judais
1565 3789 1732 3847 dixit:
1793 3790 2062 3855 Quomodo

480 3894 649 3955 potest
673 3885 869 3957 aliquis
904 3886 1112 3955 ingredi
1141 3886 1198 3938 in
1229 3885 1440 3938 domum
1472 3884 1650 3957 fortis,
1681 3895 1730 3939 et
1764 3902 1892 3939 vasa
1947 3886 2061 3957 ejus

479 3974 732 4043 diripere,
768 3975 813 4027 si
840 3990 943 4026 non
972 3974 1121 4041 prius
1153 3972 1452 4043 alligaverit
1475 3974 1684 4038 (artem,
1710 3984 1757 4027 et
1782 3985 1905 4031 tunc
1932 3990 2062 4028 vasa

480 4067 595 4136 ejus
635 4067 961 4135 diripiantur
977 4065 1062 4118 5°?
1090 4063 1245 4119 Tunc
1273 4074 1455 4120 autem
1488 4066 2061 4136 pleueintclligibilom

482 4159 696 4213 hostem
721 4156 1031 4222 subdimus,
1064 4157 1118 4213 id
1150 4167 1234 4212 est
1263 4156 1561 4221 diabolum,
1590 4158 1865 4227 ligareque
1911 4173 2059 4222 eum,

484 4260 543 4311 et
566 4248 890 4320 deprailari,
925 4258 979 4303 et
1004 4264 1337 4304 consecrare
1370 4248 1483 4303 Deo
1514 4248 1686 4318 spolia
1725 4248 1849 4318 ejus
1863 4264 2061 4318 possu-

484 4358 639 4405 mus,
696 4342 925 4412 quando.
983 4342 1103 4411 ejus
1150 4356 1344 4396 omnes
1390 4340 1688 4395 vicerimus
1737 4340 2060 4422 machinas,

481 4446 645 4487 omne
701 4431 1127 4489 contriverimus
1188 4439 1374 4501 caput,
1431 4444 1763 4499 omnemque
1820 4431 2060 4499 speciem

483 4527 694 4598 peccati
756 4526 1236 4589 declinaverimus,
1310 4534 1514 4583 cuncta
1559 4524 1751 4580 mundi
1791 4524 2063 4579 desideria

2160 3343 2264 3407 dis,
2294 3349 2353 3396 et
2383 3337 2699 3401 immundis,
2731 3335 2955 3405 quidam
2985 3348 3110 3387 cum
3133 3326 3461 3385 obedientia
3479 3332 3537 3378 et
3562 3323 3741 3375 bona'n

2160 3433 2296 3501 legis
2349 3427 2762 3485 meditationem
2822 3434 2879 3480 et
2918 3422 3204 3479 scientiam
3268 3415 3740 3486 conquisiverunt,

2161 3525 2384 3597 quidam
2412 3530 2595 3576 autem
2626 3527 2756 3573 sunt
2780 3516 2872 3587 qui
2905 3516 3076 3571 solam
3108 3510 3492 3581 obedientiam
3525 3506 3734 3597 habent:

2161 3596 2241 3672 sic
2267 3624 2322 3670 et
2355 3615 2444 3668 hic
2476 3611 2699 3683 quidam
2749 3618 3044 3679 operantes
3092 3606 3379 3669 mandata,
3433 3596 3738 3669 sapientiam

2164 3722 2439 3770 terrenam
2468 3707 2695 3770 habent,
2721 3714 2779 3759 et
2801 3712 3094 3773 prOpterea
3134 3695 3525 3767 redemptione
3565 3704 3732 3744 ncces-

2163 3803 2303 3859 saria
2336 3812 2524 3873 egent,
2574 3797 2795 3869 quidam
2833 3810 2938 3849 nec
2980 3791 3173 3849 redimi
3201 3806 3345 3860 opus
3404 3786 3629 3844 habent,
3661 3778 3730 3834 sed

2163 3910 2264 3955 nec
2278 3892 2475 3949 mutari
2497 3890 2721 3953 debent,
2747 3887 2897 3943 sicut
2919 3882 3142 3955 perfecti
3176 3896 3399 3951 semper
3417 3886 3476 3933 et
3503 3887 3727 3931 consum-

2164 3987 2315 4045 mati.
2381 3985 2592 4054 Fruges
2625 3997 2775 4053 ergo,
2835 3981 2893 4033 in
2945 3977 3200 4049 praesenti
3260 3976 3346 4029 lex
3397 3970 3730 4028 messionem,

2163 4094 2286 4149 quae
2317 4088 2400 4133 est
2425 4077 2492 4131 de
2526 4075 2758 4139 semine,
2799 4072 2950 4135 dicit,
2984 4070 3235 4125 similiter
3264 4076 3322 4121 et
3372 4079 3541 4136 poma
3592 4058 3728 4158 arbo-

2165 4186 2287 4227 rum
2320 4168 2623 4225 secundum
2644 4176 2863 4235 tempus
2892 4179 3077 4218 suum.
3112 4161 3317 4215 llorum
3346 4166 3535 4211 autem
3562 4166 3731 4224 gemu-

2164 4264 2252 4321 nis
2299 4262 2512 4317 decima
2563 4274 2692 4331 pars
2750 4259 2862 4313 Deo
2914 4253 3219 4311 secundum
3265 4252 3447 4322 legem
3483 4246 3726 4303 debetur,

2164 4364 2458 4423 utrumque
2479 4360 2659 4407 autem
2686 4350 2793 4405 hoc
2809 4348 2882 4403 ad
2910 4347 3041 4418 legis
3074 4343 3559 4401 fructiﬁcatinnem
3582 4331 3727 4399 accipi

2165 4452 2404 4515 Oportet.
2435 4443 2699 4497 Dominus
2741 4440 2962 4509 quidem
3010 4438 3211 4491 bonam
3250 4443 3455 4489 terram
3516 4430 3722 4515 fructum

2168 4538 2491 4599 afferentem
2519 4535 2762 4605 triginta,
2786 4531 3159 4609 etsexagin.l.a:,
3187 4536 3516 4588 etcentum,
3539 4535 3628 4575 eos
3644 4512 3721 4585 qui

484 4620 800 4683 vicerimus,
833 4630 1170 4692 cunctasque
1216 4619 1449 4675 virtutes
1482 4617 1719 4673 assecuti
1757 4616 2062 4671 fuerimus:
2097 4614 2149 4671 1)
2174 4630 2483 4698 suscipiunt
2538 4627 2789 4689 verbum,
2821 4633 2877 4681 et
2914 4624 3128 4678 faciunt
3166 4622 3324 4686 illud,
3376 4620 3430 4673 in
3498 4609 3724 4685 parabola

486 4728 619 4767 tunc
656 4713 802 4769 enim
856 4729 979 4768 eum
1015 4724 1071 4768 et
1113 4713 1343 4784 ligatum
1400 4710 1687 4772 habemus,
1735 4718 1791 4766 et
1836 4708 2068 4779 pradari

486 4822 800 4880 possumus.
829 4807 921 4860 Sic
950 4815 1133 4865 autem
1171 4804 1511 4875 diripientes,
1538 4813 1593 4858 et
1632 4819 1756 4858 eum
1807 4802 2070 4873 praedicta

490 4901 722 4955 victoria
772 4900 1161 4963 devincentes,
1227 4896 1596 4969 quodcunque
1651 4894 2068 4967 diripuerimus,

494 4989 608 5051 Deo
640 5000 790 5045 recte
828 4988 1137 5049 oderimus.
1188 4986 1451 5043 Sanctum
1508 4994 1697 5043 autem:
1730 4996 2067 5041 .sanctorum

489 5081 795 5154 perfectum
826 5090 1376 5150 consummatumque
1408 5079 1693 5143 habemus,
1752 5094 1856 5136 nec
1883 5088 2075 5134 nostra

491 5170 879 5235 exhortatione
906 5183 1019 5227 nec.
1036 5168 1266 5227 aliorum
1291 5182 1479 5239 egens,
1524 5167 1669 5239 quod
1700 5182 1802 5223 nec
1857 5166 2071 5222 addita-

494 5270 739 5321 mentum
770 5259 1012 5330 aliquod.
1046 5276 1149 5318 nec
1176 5259 1480 5332 perfectum
1510 5274 1659 5333 opus.
1695 5260 1880 5317 habet.
1924 5258 2074 5327 Quo.-

494 5355 698 5412 wodo?
725 5352 883 5420 Quod
919 5368 1082 5408 omne
1118 5362 1403 5429 peccatum
1445 5353 1645 5417 erasit,
1696 5368 1915 5407 omnem
1958 5353 2074 5407 viro

493 5457 665 5503 tutcm
687 5455 974 5517 operatum
990 5453 1095 5511 est,
1126 5455 1183 5500 et
1213 5447 1511 5517 alienatum
1543 5454 1627 5501 est
1658 5446 1882 5509 mundo,
1907 5462 2071 5502 mnu»

494 5541 1045 5615 doque'cruc'iixum.
1094 5539 1266 5595 Nimis
1299 5555 1431 5615 ergo
1484 5548 1889 5611 consequenter
1917 5538 2069 5594 addi.

492 5632 607 5692 dit:

604 5864 649 5898 ⁸⁷
678 5864 865 5920 Matth.
899 5880 953 5924 Χ.
985 5862 1074 5916 Si.
1189 5863 1232 5893 ³⁸
1262 5862 1449 5919 Matth.
1474 5878 1569 5921 XII.
1597 5863 1687 5918 9.9.

498 5950 613 6002 xci,
638 5937 720 5991 Π.
834 5937 882 5970 ⁸³
910 5933 1050 5996 Psal.
1085 5950 1156 5999 LI,
1192 5934 1275 5988 10.
1389 5936 1433 5967 ﬁ
1459 5932 1601 5991 Psal.
1634 5933 1747 5998 1,,5.

2188 4722 2459 4777 seminum
2508 4718 2951 4788 evangelicorum
2999 4730 3284 4784 exponens
3316 4709 3533 4765 dixit“.
3578 4699 3723 4756 David

2176 4822 2540 4878 autemnunc
2570 4809 2869 4864 clamabat:
2906 4806 3091 4860 Justus
3139 4814 3195 4857 ut
3230 4804 3414 4873 palma
3470 4789 3719 4867 ﬂorcbit“.

2177 4901 2246 4959 Et
2268 4915 2491 4955 rursus:
2513 4897 2625 4966 Ego
2652 4905 2832 4950 autem
2862 4895 2995 4948 sicut
3013 4894 3153 4947 oliva
3191 4893 3468 4962 fructifera
3506 4888 3558 4939 in
3594 4882 3722 4935 domo

2181 4994 2392 5053 Domini
2408 4992 2473 5045 ⁸³.
2505 4988 2662 5044 Nunc
2691 5000 2873 5042 autem
2899 4987 3141 5043 breviter
3174 4981 3720 5049 describensjustum:

2178 5086 2245 5141 Et
2284 5086 2406 5147 erit,
2436 5083 2529 5148 ait,
2578 5082 2711 5136 sicut
2745 5081 2948 5151 lignum
2988 5080 3126 5150 quod
3159 5078 3465 5149 plantatum
3494 5082 3561 5127 est
3599 5079 3719 5121 secus

2176 5179 2424 5231 decursus
2451 5174 2892 5245 aqztarutn,gquod
2921 5172 3152 5242 fructum
3182 5188 3336 5225 suum
3370 5168 3509 5224 dabit
3536 5165 3587 5216 in
3610 5171 3721 5213 tem-

2178 5283 2305 5338 pore
2320 5266 2494 5319 suo“.
2533 5262 2708 5334 Hujus
2738 5278 2867 5333 ergo
2894 5262 3079 5316 omnis
3127 5262 3376 5323 decima,
3416 5267 3587 5314 sancta
3625 5255 3711 5338 est.

2179 5335 2382 5411 Sancta
2407 5356 2553 5409 enim
2588 5356 2783 5409 horum
2806 5352 2974 5418 actio,
2998 5360 3053 5405 et
3071 5352 3314 5407 studium
3357 5360 3459 5412 est,
3482 5344 3596 5416 quia
3621 5335 3714 5407 (Ιιιίυ

2180 5448 2316 5521 legis
2345 5448 2603 5503 mandata
2630 5461 2890 5517 operans,
2930 5461 3085 5514 spem
3118 5445 3173 5498 in
3200 5443 3455 5515 prasenti
3512 5433 3710 5493 retribu-

2182 5540 2564 5611 tionisponit,
2607 5546 2831 5593 terrena
2869 5536 3031 5607 sapit,
3087 5536 3281 5607 quales
3322 5542 3476 5590 erant
3528 5521 3709 5597 quidam

2184 5633 2521 5693 Judaorum,
2571 5632 2638 5687 ad
2695 5646 2835 5702 quos
2887 5640 3078 5701 utpote
3134 5640 3294 5684 terra
3342 5620 3702 5686 inhaerentibus.

1802 5864 1845 5891 δ”
1878 5861 1992 5918 Gal.
2024 5878 2080 5929 ιι,
2104 5860 2193 5920 ‘20.
2292 5862 2353 5941 _"
2390 5860 2548 5918 Rom.
2576 5876 2650 5929 vi,
2686 5860 2772 5918 ll.
2854 5859 2893 5891 “
2924 5857 3115 5915 Matth.
3154 5871 3275 5929 xm,
3299 5857 3332 5915 8
3358 5870 3468 5926 seq.
3529 5836 3695 5898 "9le

2246 6050 2299 6060 τηεμ
