3928 6418
86 436 209 503 ili‘l

1222 445 1302 504 IN
1338 441 1780 504 LEVITICUM.
1821 468 1891 480 -·
1916 445 2063 504 LIB.
2100 444 2233 506 VII.

3228 435 3363 501 1178

82 549 342 605 Dominus
376 548 661 606 dicebat:
699 551 791 605 Vos
823 550 888 603 de
905 551 1151 604 deorsum
1180 553 1327 614 estis,
1362 569 1453 621 ego
1481 568 1686 605 sursum
1718 554 1764 609 Α
1794 551 1941 605 uaris
1969 552 2114 605 hunc
2146 567 2402 621 respuere
2428 592 2443 613 ,
2474 548 2641 604 alium
2688 558 2869 603 autem
2899 564 2996 619 pro
3023 564 3088 603 eo
3113 550 3362 603 introdu-

80 655 187 694 sum
210 639 279 692 “.
332 636 449 691 Sed
498 648 563 693 et
630 640 829 693 Paulus
874 639 941 694 de
995 639 1077 695 eis
1107 640 1264 706 dixit,
1316 641 1411 708 qui
1467 649 1683 695 terrena

81 730 326 800 sapiunt:
348 727 571 784 Nostra
600 740 781 784 autem
799 732 1126 785 conversatio
1156 732 1209 785 in
1229 733 1367 785 cwlis
1392 741 1464 785 est
1482 732 1549 785 “.
1571 730 1684 785 Hoc

81 833 257 877 autem
286 837 450 879 nunc
478 822 695 886 innuit,
731 838 913 893 neque
959 823 1106 877 enim
1144 823 1466 890 simpliciter
1518 823 1677 887 dixit,

83 931 245 967 omnes
269 915 506 967 decima:
539 925 734 968 terras:
769 914 887 979 sed,
924 931 1099 968 omnes
1116 916 1335 968 decima:
1358 924 1515 968 terra:
1545 929 1683 983 prae-

84 1006 224 1069 dixit,
255 1015 315 1059 et
346 1016 493 1060 tunc
530 1007 808 1074 subdidit,
830 1008 939 1061 sive
962 1007 1023 1060 de
1051 1008 1310 1077 frugibus,
1333 1013 1393 1059 ut
1419 1006 1681 1075 praedica-

86 1105 159 1150 ret
203 1104 402 1165 aperte
459 1112 652 1162 eum,
699 1099 793 1168 qui
847 1097 1218 1152 intentionem
1270 1096 1682 1166 exspectatione

84 1201 433 1244 terrenorum
478 1189 765 1246 bonorum
800 1190 937 1261 legis
985 1190 1241 1245 mandata
1269 1197 1548 1260 operatur,
1580 1189 1681 1245 etsi

87 1291 262 1336 saneta
313 1281 446 1351 ejus
504 1281 757 1345 decima,
790 1280 845 1336 id
891 1290 978 1336 est
1004 1280 1249 1335 mandati
1296 1279 1543 1351 operatio
1577 1288 1680 1344 est,

87 1382 466 1428 verumtamen
528 1390 651 1429 non
703 1374 923 1445 grande
960 1374 1219 1443 juvamen
1274 1388 1463 1428 eorum
1498 1380 1682 1427 estex

91 1467 167 1522 tali
222 1464 572 1536 operatione.
629 1466 775 1520 circa
825 1464 1287 1529 retributionem,
1348 1478 1510 1533 quam
1567 1477 1679 1516 non

88 1567 288 1629 oportet
316 1573 349 1612 a
372 1559 498 1613 Deo
518 1558 837 1629 exspectari
863 1558 933 1612 ab
951 1557 1035 1612 eis
1062 1557 1157 1627 qui
1182 1556 1418 1611 terrenis
1444 1555 1677 1609 inhiant.

93 1653 232 1709 Unde
261 1652 305 1707 si
334 1652 458 1707 vult
486 1652 625 1721 quis
652 1650 981 1721 sibimetipsi
1021 1650 1290 1705 decimam
1320 1648 1462 1702 hanc
1496 1646 1680 1717 aequi-

94 1758 218 1805 rere,
245 1741 418 1797 addat
438 1743 727 1812 quintam,
756 1741 809 1797 id
857 1750 941 1799 est
1009 1741 1450 1812 intelligentiam,
1485 1748 1543 1792 ut
1565 1754 1680 1809 qua:

96 1851 281 1889 sursum
330 1843 462 1888 sunt
517 1834 727 1903 sapiat,
768 1834 839 1886 ad
872 1850 935 1887 ea
966 1849 1084 1903 qua:
1113 1849 1321 1886 sursum
1352 1841 1474 1885 sunt
1510 1832 1679 1884 inten-

1786 657 1933 708 eere,
1986 652 2042 697 et
2074 659 2397 697 consecrare
2425 641 2536 696 Deo
2569 641 2725 711 quasi
2773 642 3055 695 meliorem
3088 658 3102 693 :
3140 655 3248 694 non
3280 649 3363 694 est

1787 743 1940 788 tuum
1973 735 2077 789 hoc
2105 736 2439 801 discernere,
2468 752 2645 805 neque
2680 736 2827 790 hunc
2860 736 2950 788 illo
2982 735 3126 788 inter
3146 743 3364 788 sanctos

1782 828 2057 899 appellare
2100 830 2468 883 deteriorem:
2508 830 2653 899 quod
2684 830 2846 883 etiam
2878 844 2946 882 ex
3005 827 3229 881 historia
3284 825 3363 879 fa-

1784 932 1933 975 ctum
1961 936 2252 989 cognosce.
2286 919 2490 975 Paulus
2526 920 2820 991 aliquando
2836 928 2889 972 et
2910 918 3187 972 Barnabas
3224 918 3365 972 inter

1782 1012 2108 1081 semetipsos
2153 1012 2576 1066 contenderunt.
2618 1010 2896 1067 Barnabas
2952 1010 3097 1063 enim
3151 1008 3364 1063 dicebat

1781 1103 1983 1157 debere
2052 1102 2256 1156 assumi
2318 1102 2555 1156 Marcum
2588 1120 2601 1156 :
2635 1102 2837 1156 Paulus
2888 1111 3071 1155 autent
3123 1100 3359 1165 dicebat,

1781 1209 1906 1249 eum
1939 1194 2033 1263 qui
2084 1194 2252 1249 semel
2305 1194 2587 1248 recessita
2629 1192 2959 1263 Pamphilio,
3001 1201 3056 1246 et
3104 1191 3195 1261 qui
3248 1206 3361 1244 non
3400 1186 3403 1187 ⁷

1780 1284 2059 1337 concurrit
2088 1282 2168 1337 eis
2220 1283 2274 1335 in
2314 1298 2514 1352 opere,
2559 1298 2669 1336 non
2712 1282 2913 1336 debere
2941 1281 3166 1335 assumi.
3202 1277 3361 1334 Facta

1780 1385 1861 1429 est
1887 1385 2069 1429 autem
2099 1375 2243 1429 inter
2282 1389 2378 1428 eos
2414 1374 2539 1428 talis
2592 1373 2895 1435 contentio,
2953 1373 3027 1426 ita
3076 1382 3136 1427 ut
3189 1370 3361 1425 disce-

1780 1466 1971 1521 derent
1999 1467 2066 1520 ab
2100 1466 2354 1528 invicem,
2380 1474 2435 1519 et
2464 1464 2762 1529 Barnabas,
2816 1474 3100 1533 assumpto
3153 1463 3356 1526 Marco,

1778 1558 2058 1627 navigaret
2088 1558 2349 1627 Cyprum,
2398 1556 2599 1611 Paulus
2650 1566 2859 1622 autem,
2908 1556 3113 1625 eligens
3170 1552 3359 1618 Silam,

1782 1651 2011 1705 traditus
2030 1661 2112 1705 est
2130 1651 2315 1720 gratia:
2334 1650 2449 1703 Dei.
2483 1648 2648 1703 Vides
2678 1649 2953 1717 quomodo
2979 1646 3211 1700 mutavit
3243 1656 3361 1698 rue-‘-

1779 1742 1902 1808 lius,
1944 1744 2085 1797 sicut
2113 1742 2425 1807 aestimavit,
2463 1741 2757 1796 deteriore.
2794 1740 2975 1810 Ipsum
3007 1747 3186 1791 autem
3210 1734 3353 1805 quod

1777 1846 2045 1890 mutatum
2075 1846 2157 1889 est
2184 1845 2237 1889 et
2271 1852 2369 1905 pro
2400 1850 2509 1904 quo
2558 1842 2825 1887 mutatum
2887 1841 2989 1893 est,
3038 1831 3242 1884 factum
3281 1836 3364 1881 est

98 1924 251 1987 diu".
295 1922 451 1977 δῖουι
501 1920 718 1976 Paulus
748 1920 1042 1977 Scribebat
1076 1920 1182 1986 Ουί
1231 1920 1378 1975 enim
1430 1919 1509 1975 Sic
1546 1917 1678 1989 legis
1709 1908 1751 1963 Β
1780 1935 2051 1982 sanctum.
2088 1926 2252 1979 Silam
2283 1926 2453 1990 enim,
2475 1925 2618 1979 sicut
2650 1924 2914 1994 aptiorem
2942 1921 3142 1985 Marco,
3171 1920 3236 1973 ad
3267 1918 3365 1973 mi-

100 2013 331 2070 mandata
376 2022 685 2084 operatur,
729 2029 841 2068 non
890 2014 1083 2084 perdet
1111 2013 1323 2067 lucrum
1358 2012 1497 2082 ejus,
1548 2010 1675 2081 quia

102 2104 283 2158 decima
316 2103 443 2173 ejus
474 2102 743 2158 elﬁcitur.
768 2104 911 2176 Ergo
953 2104 1073 2174 ejus
1118 2103 1210 2173 qui
1250 2113 1465 2158 terrena
1512 2103 1675 2172 sapit,

104 2194 286 2249 decima
314 2202 517 2251 sancta
576 2196 798 2266 quidem
847 2204 952 2257 est,
983 2196 1079 2251 sed
1135 2210 1247 2250 non
1300 2194 1374 2259 ei,
1402 2193 1527 2264 quia
1565 2210 1677 2248 non

108 2288 515 2359 intelligibiliter
568 2288 893 2342 mandatum
922 2297 1203 2359 operatur,
1242 2302 1345 2341 nec
1398 2288 1503 2341 scit
1530 2287 1677 2355 quod

108 2378 291 2435 lucrum
322 2380 379 2435 in
405 2396 475 2437 ea
505 2390 817 2452 exspectet,
855 2391 953 2435 aut
975 2396 1135 2450 quam
1158 2379 1571 2435 retributionem
1621 2379 1678 2433 in

114 2484 161 2523 ea
180 2481 369 2540 speret.

167 2561 313 2618 Boves
346 2574 536 2619 autem
566 2574 619 2619 et
647 2582 799 2627 oves,
860 2574 909 2619 et
964 2581 1285 2637 quacunque
1323 2566 1418 2619 sub
1462 2582 1678 2620 numero

118 2658 309 2711 untsub
324 2659 477 2728 virga
511 2667 816 2713 transeunt.
839 2657 984 2714 Dicit
1003 2659 1147 2713 enim
1175 2674 1272 2713 eos
1293 2659 1385 2728 qui
1407 2659 1509 2714 sub
1529 2660 1676 2729 virga

118 2756 446 2801 numerantur
492 2749 706 2813 crucis,
760 2748 961 2819 quibus
1006 2758 1065 2803 ut
1104 2757 1462 2803 numerentur
1490 2791 1504 2814 ,
1543 2748 1678 2803 ﬁdes

124 2836 193 2892 Dei
218 2840 450 2895 amicitia
486 2842 687 2897 donat.
722 2840 983 2911 Quisquis
1019 2841 1167 2896 enim
1202 2842 1377 2896 ﬁdelis
1418 2852 1501 2895 est
1544 2842 1675 2904 Deo,

126 2930 193 2986 hic
206 2943 254 2986 et
267 2933 385 3003 ejus
409 2934 635 2990 amicus
663 2934 959 3000 invenitur,
978 2933 1122 3004 quod
1152 2934 1490 2988 demonstrat
1510 2934 1679 2987 Abra-

130 3017 225 3073 ham
250 3059 264 3083 ,
304 3021 373 3077 de
401 3039 519 3093 quo
566 3023 775 3079 dictum
814 3033 899 3078 est
929 3042 944 3077 :
977 3022 1212 3077 Credidit
1241 3023 1511 3077 Abraham
1544 3022 1674 3089 Deo,

131 3120 165 3163 et
187 3123 468 3180 reputatum
516 3124 600 3169 est
645 3116 694 3169 ei
723 3116 795 3169 ad
818 3115 1107 3185 justitiam,
1142 3124 1191 3170 et
1218 3116 1421 3169 amicus
1458 3115 1553 3169 Dei
1580 3132 1677 3184 ap-

1779 2018 2061 2071 nisterium
2094 2016 2499 2085 praedicationis
2539 2014 2854 2084 elegit,non
2886 2021 3068 2066 tamen
3097 2010 3357 2079 expulsus

1775 2117 1862 2162 est
1894 2106 2123 2160 Marcus.
2153 2106 2428 2160 Barnabas
2460 2112 2671 2168 autem,
2706 2119 2833 2158 eum
2868 2116 3157 2157 assumens
3181 2140 3196 2165 ,
3223 2100 3358 2154 abiit

1776 2200 2037 2269 Cyprum,
2069 2209 2120 2253 et
2152 2214 2277 2253 eum
2305 2214 2372 2252 eo
2399 2197 2764 2267 przedicabat,
2812 2206 2868 2249 et
2914 2194 2965 2247 in
2997 2200 3209 2246 tantum
3246 2203 3362 2245 erat

1777 2308 2003 2362 magnus
2023 2333 2037 2357 ,
2067 2302 2125 2345 ut
2152 2290 2487 2361 evangelista
2512 2304 2656 2343 unus
2684 2289 2750 2343 de
2766 2296 3001 2357 quatuor
3020 2286 3192 2339 ﬁeret.
3220 2283 3359 2354 Ergo

1774 2385 1978 2441 Paulus
2006 2395 2308 2437 retractans
2328 2423 2342 2446 ,
2369 2391 2425 2437 et
2456 2395 2818 2452 cognoscens,
2863 2378 2989 2448 quia
3018 2377 3201 2430 nullus
3232 2391 3361 2429 san-

1776 2485 1989 2531 ctorum
2025 2475 2368 2545 respuendus
2409 2482 2533 2537 est,
2566 2488 2669 2527 nec
2702 2480 2887 2540 potest
2922 2469 3117 2538 aliquis
3148 2482 3360 2532 eorum,

1774 2570 1867 2640 qui
1898 2569 2141 2639 perfecte
2177 2568 2570 2638 profecerunt,
2616 2566 2763 2621 hunc
2794 2565 2975 2619 dicere
3006 2546 3362 2626 detei'iorem,

1775 2676 1878 2714 nec
1911 2659 2061 2713 illum
2086 2659 2395 2722 meliorem,
2424 2657 2541 2729 ipse
2569 2671 2762 2711 rursus
2779 2654 3020 2709 Marcum
3042 2652 3361 2722 assumpsit,

1775 2762 1830 2807 et
1845 2752 1910 2806 ad
1930 2750 2275 2805 Timotheum
2289 2750 2563 2805 scribebat
2584 2768 2596 2803 :
2617 2748 2835 2801 Assume
2854 2747 3112 2810 Murcum,
3132 2753 3180 2797 et
3197 2743 3364 2796 deduc

1777 2854 1989 2906 tecum;
2046 2852 2121 2896 est
2174 2843 2313 2896 enim
2372 2842 2501 2895 mihi
2554 2839 2700 2893 utilis
2732 2840 2786 2891 in
2826 2836 3122 2891 ministerio
3146 2836 3213 2888 ⁷ο.
3244 2833 3362 2887 Non

1775 2951 1903 3005 ergo
1951 2933 2253 2988 intendatis
2325 2932 2448 3002 quis
2511 2931 2659 2985 inter
2686 2932 2786 2984 hos
2816 2929 2997 2983 bonus
3025 2935 3119 2981 aut
3163 2924 3360 2987 malus,

1774 3029 1867 3083 sed
1903 3043 2007 3082 nec
2033 3034 2340 3081 commutes
2362 3025 2596 3079 alterum
2631 3023 2825 3077 altero.

1846 3120 1911 3173 Et
1940 3136 2042 3172 non
2067 3119 2378 3171 redimetur.
2426 3116 2526 3171 Cui
2559 3117 2704 3171 enim
2734 3114 2872 3168 nihil
2905 3112 3091 3167 minus
3119 3121 3224 3178 est,
3257 3126 3361 3181 qua

140 3203 312 3303 ξάξπηω
356 3215 433 3260 88¢
460 3206 531 3260 ⁸⁸-
573 3204 679 3272 Qui
721 3205 869 3259 enim
920 3205 1080 3260 amici
1114 3205 1203 3259 ι)θὶ
1224 3247 1239 3269 ν
1271 3221 1499 3259 numero
1527 3205 1672 3277 digni
1701 3245 1744 3303 ο
1776 3212 2157 3281 redemptione
2190 3211 2358 3281 eget?
2389 3207 2444 3263 Si
2477 3218 2661 3263 autem
2713 3216 2769 3261 et
2799 3206 3115 3260 aﬁinitatem
3146 3213 3365 3273 Oportet

145 3288 377 3357 habentur,
413 3293 553 3349 licet
583 3294 696 3349 sint
720 3294 1000 3350 immensa:
1025 3294 1389 3349 multitudinis
1409 3336 1425 3361 ,
1468 3306 1523 3350 et
1564 3312 1675 3349 non

142 3380 267 3437 solum
288 3385 333 3440 si
367 3402 696 3451 numerum,
730 3388 827 3441 sed
854 3388 1020 3441 etiam
1050 3387 1094 3442 si
1141 3403 1454 3442 mensuram
1486 3402 1676 3443 exces-

134 3475 300 3545 serint,
354 3480 483 3534 audi
546 3480 719 3534 David
770 3480 1085 3535 dicentem:
1117 3478 1253 3533 Mihi
1299 3489 1477 3535 autem
1521 3481 1676 3533 nimis

132 3565 420 3637 honoriﬁcati
456 3580 590 3625 sunt
635 3572 795 3624 amici
829 3572 926 3635 tui,
956 3571 1116 3633 Deus,
1160 3572 1317 3624 nimis
1351 3574 1676 3643 confortatus

131 3664 189 3706 est
214 3658 530 3727 principatus
554 3676 757 3714 eorum.
790 3660 1147 3713 Binmnerabo
1170 3676 1276 3725 eos,
1304 3670 1352 3713 et
1376 3678 1532 3729 super
1553 3678 1674 3714 are-

132 3758 229 3797 nam
255 3749 749 3818 multiplicabuntur
780 3751 846 3806 “‘.
902 3750 965 3804 Hi
1010 3758 1282 3804 terrenam
1332 3767 1442 3805 non
1474 3752 1677 3806 habent

132 3832 433 3901 sapientiam,
490 3853 607 3894 nec
639 3838 699 3892 in
735 3837 821 3894 his
853 3854 974 3909 quae
1028 3849 1216 3911 agunt,
1267 3842 1673 3911 corruptibilem

134 3924 511 3985 retributionem
546 3941 822 4002 quaerunt.
862 3931 1094 4001 Propter
1129 3934 1271 4002 quod
1304 3950 1413 3988 non
1446 3936 1676 4004 speciale

135 4010 377 4081 quidpiam.
406 4019 654 4083 illorum,
678 4020 775 4076 sed
812 4022 1180 4092 quodcunque
1211 4024 1422 4093 egerint
1449 4028 1675 4079 manda-

136 4105 243 4165 ιυων
271 4119 512 4166 sanctum
549 4110 659 4165 Deo
681 4119 787 4165 est.

190 4189 276 4248 Sed
302 4214 388 4252 nec
417 4201 647 4272 eligetur
692 4202 831 4255 inter
880 4202 1072 4257 bonum
1120 4214 1171 4257 et
1221 4205 1443 4260 malum.
1480 4205 1543 4261 ld'
1566 4215 1670 4270 est,

141 4276 254 4337 inter
270 4288 508 4347 deterius
545 4302 601 4347 et
627 4293 843 4348 melius.
879 4294 999 4349 Non
1028 4304 1111 4349 est
1145 4296 1299 4351 enim
1321 4313 1513 4353 eorum
1538 4299 1674 4353 faci-

149 4367 201 4422 lis
223 4374 473 4447 discretio,
506 4384 637 4453 quia
678 4384 780 4439 etsi
808 4385 1134 4440 alterutrum
1174 4397 1457 4456 superant,
1480 4406 1674 4459 quem-

144 4462 386 4527 admodum
443 4478 604 4531 stella
658 4478 870 4533 stellam
921 4478 977 4532 in
1004 4478 1175 4550 gloria
1209 4480 1546 4545 dill'erentes,
1577 4485 1672 4538 sed

1779 3302 2080 3372 intelligere
2134 3300 2611 3369 redemptionem,
2662 3296 3121 3367 quemadmodum
3168 3296 3361 3364 Aquila

1776 3392 1967 3454 edidit,
2009 3401 2157 3445 recte
2183 3390 2357 3445 alﬁnis
2397 3405 2505 3443 non
2534 3388 2820 3451 efﬁcietur,
2874 3387 2996 3442 talis
3023 3387 3171 3440 enim
3201 3401 3365 3439 nemo

1777 3482 1881 3537 sibi
1912 3480 2207 3535 vindicabit
2233 3479 2691 3551 gubernationem
2718 3520 2730 3543 ,
2768 3478 2863 3531 sed
2899 3478 2997 3531 etsi
3024 3478 3249 3531 alterius
3282 3487 3363 3531 ta-

1777 3588 1901 3627 nien
1947 3571 2190 3633 fruetus,
2230 3569 2314 3621 vel
2342 3567 2643 3638 discipulus
2675 3567 2841 3621 fuerit
2870 3583 2935 3621 ex
2979 3582 3089 3636 quo
3122 3568 3187 3620 ad
3216 3568 3359 3621 hanc

1776 3662 2095 3734 pervenerit
2122 3660 2539 3731 perfectionem,
2566 3660 2683 3729 ipse
2715 3675 2847 3714 suus
2876 3660 2980 3713 erit
3008 3660 3359 3729 gubernator,

1777 3757 1892 3825 ipse
1942 3754 2155 3809 doctor.
2193 3753 2396 3806 Praeter
2418 3751 2521 3804 alia
2549 3750 2719 3813 enim,
2752 3766 2873 3819 quae
2900 3750 2954 3803 in
2999 3751 3253 3820 prtesenti
3280 3750 3363 3804 di-

1776 3858 1860 3901 cta
1893 3855 2054 3907 sunt,
2084 3846 2379 3899 ostendere
2406 3844 2682 3914 legislator
2711 3843 2867 3909 vult,
2921 3843 3049 3912 quia
3095 3842 3147 3895 hi
3185 3842 3278 3911 qui
3332 3857 3360 3895 ἰ

1779 3939 1936 3993 nobis
1985 3938 2285 4001 docentur,
2338 3937 2561 4006 quando
2611 3936 2748 3989 ﬁunt
2778 3934 3040 4004 perfecti,
3073 3934 3211 3987 nihil
3249 3935 3363 4003 jam

1778 4030 1951 4083 nostri
1982 4029 2280 4099 magisterii
2308 4035 2469 4097 egent
2497 4045 2509 4079 :
2549 4036 2605 4080 et
2638 4036 2926 4095 propterea
2957 4026 3361 4078 immundorum

1773 4118 2136 4190 primogenita
2165 4118 2363 4171 redimi
2395 4118 2491 4181 ait,
2546 4116 2875 4170 mundorum
2909 4124 3115 4179 autem,
3152 4130 3361 4183 nequa-

1773 4226 1955 4281 quam.
2000 4209 2104 4264 Scc
2146 4225 2248 4264 nec
2284 4225 2369 4269 ea,
2409 4224 2531 4277 qua:
2580 4208 2691 4263 Deo
2721 4216 3040 4262 consecrata
3067 4219 3218 4271 sunt,
3260 4222 3363 4262 nec

1774 4303 1914 4368 haec,
1970 4302 2036 4356 de
2080 4302 2279 4371 quibus
2324 4316 2473 4355 nunc
2504 4314 2686 4353 sermo
2720 4311 2823 4362 est,
2858 4298 3097 4367 perfecta
3130 4298 3360 4352 demon-

1774 4403 1945 4449 strata
1975 4401 2126 4454 sunt,
2157 4400 2346 4460 utpote
2405 4406 2529 4459 quae
2556 4390 2912 4441 intentionem
2950 4389 3188 4442 divinam
3246 4405 3360 4443 eoe-

1773 4487 2074 4554 lestemque
2123 4491 2339 4553 gerunt.
2392 4482 2570 4546 Quem
2623 4480 2771 4533 enim
2826 4479 2989 4533 linem
3032 4480 3154 4531 libri
3197 4480 3360 4548 hujus

144 4566 296 4616 omnes
334 4564 383 4619 ίη
415 4570 559 4624 εωιο
585 4579 731 4635 sum.
764 4579 824 4625 ιιι
854 4586 1044 4626 revera
1082 4583 1376 4641 sequentes
1406 4575 1668 4641 coelestia,
1706 4588 1751 4644 ι)
1780 4579 2098 4649 przeceperit
2166 4593 2290 4632 esse
2344 4577 2571 4646 spiritus
2595 4615 2610 4640 ,
2668 4575 2817 4629 hunc
2886 4574 2941 4627 in
3006 4576 3361 4643 sequentibus

140 4655 364 4711 etasolo
412 4676 518 4727 eo,
564 4663 657 4733 qui
708 4664 939 4718 idoneus
987 4672 1072 4718 est
1105 4664 1417 4719 discernere
1454 4678 1673 4723 sanctos

142 4750 557 4836 fognoscuntur:
596 4754 902 4809 secundum
948 4754 1091 4809 hanc
1135 4755 1404 4810 rationem
1458 4767 1675 4827 oportet

141 4834 329 4907 intelligi
364 4858 377 4892 :

200 4923 300 4980 Non
313 4932 525 5003 eligetur
538 4937 750 4998 bonum,
773 4953 867 4990 nec
881 4937 1101 5003 malum,
1124 4952 1216 4990 nec
1237 4938 1405 4991 altera
1436 4956 1671 4993 commu—

143 5012 327 5109 tabitur.
358 5022 487 5078 Cum
514 5026 662 5080 enim
692 5026 872 5081 nullus
897 5027 966 5081 de
996 5026 1078 5080 eis
1099 5026 1191 5089 sit,
1222 5029 1315 5097 qui
1336 5031 1521 5099 respui
1545 5048 1673 5101 pos-

147 5111 221 5167 δη,
250 5123 395 5176 quem
424 5124 530 5185 quo
558 5118 922 5173 commutabis
942 5159 956 5183 ,
998 5126 1093 5173 aut
1123 5119 1253 5189 quid
1282 5121 1455 5189 magis
1483 5123 1673 5193 eliges,

148 5204 315 5254 nostra
338 5220 439 5259 non
471 5218 552 5263 est.
595 5209 894 5277 dijudieare
922 5209 1158 5265 virtutis.
1194 5209 1290 5263 llis
1327 5226 1459 5282 ergo
1480 5214 1673 5283 super-

150 5285 402 5361 aliﬁcans,
425 5302 620 5356 addidit
646 5318 766 5371 quae
797 5310 1104 5371 sequuntur
1128 5320 1142 5356 :

208 5375 256 5429 Si
277 5387 379 5451 quis
406 5395 699 5455 mutaverit.
728 5404 775 5447 et
806 5396 944 5463 quod
973 5404 1234 5448 mutatum
1255 5406 1348 5463 est,
1383 5406 1432 5450 et
1456 5415 1549 5463 pro
1574 5417 1675 5465 quo

160 5477 382 5529 mutatum
411 5494 498 5547 est,
530 5484 945 5552 sancti/imbitur
968 5485 1208 5551 Domino,
1241 5496 1289 5539 et
1317 5502 1419 5539 non
1450 5489 1675 5542 redime-

158 5562 242 5611 την·
274 5561 394 5629 Quia
420 5588 543 5644 ergo
565 5577 808 5631 omnium
841 5591 1033 5629 cursus
1068 5576 1284 5629 divinus
1317 5586 1373 5630 et
1403 5579 1669 5645 sublimis,

158 5655 204 5698 εί
236 5667 456 5724 “Perna:
478 5668 874 5723 conversationi
906 5669 1187 5738 proximus
1212 5677 1327 5733 est,
1360 5668 1559 5725 frustra
1585 5689 1675 5727 eo-

245 5790 441 5871 "ipan.
472 5819 581 5867 vin,
614 5805 702 5858 ΞΒ.
782 5807 827 5837 ⁸⁸
862 5802 1061 5871 Philip.
1087 5819 1166 5866 III,
1199 5801 1291 5857 ‘20.

176 5851 244 5908 l8.
306 5864 344 5893 ⁷⁶
373 5851 793 5939 ῐιτίιῆίίἷ-ΙΙ.
862 5851 881 5860 ’
909 5851 1433 5943 ἵίβζέιίίὲίέιᾘᾼὸ.

1367 5805 1412 5834 ⁸⁷
1441 5806 1640 5876 (301.1",
1676 5813 1723 5873 Ι,
1757 5812 1811 5867 2.

1782 4673 2019 4727 intuere.

1852 4761 2016 4815 Vsus.
2068 4758 2157 4812 54.
2206 4775 2226 4807 ι
2264 4756 2391 4811 Ilaec
2432 4765 2563 4809 sunt
2599 4762 2871 4825 przeeepta
2916 4768 3037 4822 qua:
3085 4751 3362 4806 mandavit

1782 4852 2049 4908 Dominus
2068 4850 2260 4920 Moysi,
2298 4848 2365 4902 ad
2396 4847 2536 4901 ﬁlios
2559 4846 2723 4899 lsrael
2761 4846 2817 4898 in
2847 4854 3037 4898 monte
3068 4842 3241 4896 Sinai.
3275 4862 3292 4893 ι

1853 4946 1919 4999 Ει
1939 4944 2098 5012 cujus
2119 4942 2195 4995 rei
2222 4940 2392 5011 galia
2420 4954 2530 4993 non
2563 4937 2695 5006 ipsis
2722 4936 2847 4990 ﬁliis
2871 4934 3055 4995 Israel,
3082 4934 3175 4987 sed
3198 4931 3358 5002 Moysi

1781 5039 1847 5093 ad
1868 5038 2008 5091 ﬁlios
2031 5035 2242 5089 Israel?
2269 5034 2406 5099 Quia
2430 5030 2664 5101 populus
2694 5039 2813 5083 erat
2836 5028 3126 5086 inﬁrmior.
3155 5034 3358 5078 tantam

1782 5128 1918 5199 legis
1950 5126 2289 5180 sanctionem
2320 5138 2517 5193 capere
2544 5135 2653 5175 non
2695 5120 2882 5174 valens
2908 5161 2924 5184 ,
2974 5120 3028 5172 in
3074 5133 3178 5187 qua
3218 5115 3362 5170 sicut

1782 5219 1839 5274 in
1866 5217 2105 5288 speculis
2128 5216 2303 5271 claras
2330 5215 2535 5271 formas
2551 5228 2775 5273 suorum
2804 5210 3188 5283 mysteriorum
3216 5208 3359 5261 Deus

1782 5309 2038 5365 ostendit.
2076 5307 2159 5361 Tu
2188 5322 2337 5378 ergo,
2393 5306 2435 5361 si
2468 5321 2580 5359 non
2636 5304 2718 5358 vis
2759 5303 2827 5357 de
2874 5300 3037 5370 vulgo
3083 5312 3221 5359 esse,
3263 5294 3358 5347 sed

1780 5403 1957 5474 qualis
1980 5401 2187 5471 Moyses
2216 5399 2340 5464 fuit,
2366 5399 2549 5469 praebe
2583 5395 2935 5465 temetipsum
2988 5388 3353 5449 obedientem,

1781 5493 2125 5560 mundosque
2162 5488 2452 5544 habentem
2484 5503 2676 5543 omnes
2709 5486 2903 5539 animae
2934 5494 3148 5539 sensus,
3180 5484 3235 5529 et
3265 5476 3353 5529 dic

1783 5586 1892 5639 Deo
1925 5603 1939 5638 :
1974 5584 2163 5638 Revela
2194 5584 2366 5637 oculos
2394 5601 2562 5648 meos,
2614 5591 2660 5634 et
2701 5575 3037 5633 considerabo
3086 5570 3353 5625 mirabilia

1781 5682 1845 5733 de
1875 5678 1983 5750 lege
2015 5688 2105 5730 tua
2128 5678 2199 5731 τ’.
2229 5675 2495 5745 Relinque
2513 5676 2793 5728 materiam
2811 5667 3013 5729 carnis,
3043 5674 3098 5717 ct
3126 5663 3351 5732 spiritus

1890 5814 1933 5844 "
1972 5812 2107 5867 Gen.
2142 5828 2229 5879 xv,
2262 5812 2322 5877 ὃς
2358 5810 2512 5865 Itoni.
2545 5826 2616 5873 tv,
2646 5810 2698 5863 ὅ.
2778 5808 2821 5842 ⁸³
2846 5806 2934 5862 Ps.
2972 5816 3225 5870 cxxxvtn,
3259 5801 3356 5872 l7,
