4032 6420
178 467 313 532 1181

1341 474 1808 536 FRAGMENTA
1843 472 1928 534 IN
1968 475 2324 538 PSALMOS.

3334 475 3470 540 1182

176 590 409 660 προσέτι
435 588 535 662 τὴν
563 590 766 660 ψυχήν.
801 591 912 645 Καὶ
936 592 1071 645 ὀστᾶ
1109 590 1209 662 μὲν
1242 592 1374 655 ἴσως
1403 593 1549 647 κατά
1573 609 1638 662 γε
1672 590 1767 663 τὴν

1876 590 1998 646 bata
2021 592 2189 649 fuisse
2221 595 2374 649 dicit.
2402 595 2504 650 Per
2532 611 2655 651 ossa
2683 610 2836 661 vero,
2860 595 3012 666 juxta
3037 591 3338 665 spiritalem
3383 592 3471 647 in-

172 683 237 734 ιν
267 681 544 752 πνεύματι
568 682 804 755 θεωρίαν
826 682 1071 755 νοηθεῖεν
1096 682 1163 737 ἂν
1182 684 1237 736 al
1266 683 1412 753 λόγῳ
1442 684 1648 754 ληπταὶ
1668 683 1771 754 τῆς

169 773 360 845 ψυχῆς
390 775 674 847 δυνάμεις,
710 776 765 829 αἳ
806 778 900 830 καὶ
935 777 1223 847 ἀνέχουσιν
1251 777 1424 849 αὐτὴν
1459 778 1540 842 είς
1572 777 1771 849 νοητὴν

172 868 507 938 εὐρωστίαν.
546 862 673 922 Οἷον
702 870 1018 940 ἐγκράτεια,
1057 871 1407 943 φρόνησις,ἡ
1452 871 1594 926 κατά
1638 872 1771 926 Θεὸν

173 960 425 1032 ἀνδρεία,
441 962 791 1033 σωφροσύνη,
811 963 908 1017 καὶ
931 962 1273 1036 δικαιοσύνη,
1299 967 1394 1019 καὶ
1419 962 1567 1030 ἅπαξ
1583 964 1770 1029 ἁπλῶς

176 1054 292 1105 πᾶν
313 1052 452 1116 εἶδος
482 1054 712 1126 ἀρετῆς,
738 1050 815 1109 ὧν
840 1056 944 1109 οὐκ
969 1056 1150 1110 οὐσῶν
1195 1059 1253 1110 ὲν
1285 1058 1417 1129 ἡμῖν
1443 1056 1769 1127 ἀσυγχύτως

173 1145 374 1213 (ἤγουν
396 1145 455 1196 ὲν
473 1145 666 1217 κόσμῳ
687 1146 764 1217 τῷ
782 1146 988 1216 δέοντι)
1010 1148 1098 1201 διὰ
1118 1149 1178 1202 τὸ
1202 1147 1301 1219 τὴν
1337 1150 1475 1203 ἰδίαν
1499 1149 1601 1203 οὐκ
1624 1148 1769 1220 ἔχειν

174 1237 339 1306 ίσχὺν
357 1278 372 1302 ,
405 1237 619 1309 ἀνάγκη
648 1238 1017 1308 ταράττεσθαι
1045 1240 1146 1309 τὴν
1173 1239 1354 1313 ψυχὴν
1384 1240 1769 1296 ἀτακτούντων

170 1327 239 1381 ὲν
268 1330 410 1398 αὐτῇ
441 1329 550 1383 τῶν
584 1330 792 1384 παθῶν.

254 1526 275 1559 ι
300 1506 603 1578 Ἀπόστητε
638 1508 732 1561 ἀπ’
754 1508 891 1578 ἐμοῦ
924 1511 1146 1574 πάντες.
1180 1530 1198 1560 ι

262 1594 428 1665 Ὁρᾷς
456 1594 531 1659 ὡς
564 1597 692 1650 ὅταν
721 1599 1050 1670 ἀποστῶμεν
1091 1601 1200 1654 τῶν
1233 1601 1485 1673 ἐργατῶν
1512 1604 1612 1673 τῆς
1637 1604 1764 1656 ἀνο-

176 1686 309 1751 μίας
335 1688 470 1757 (εἴτε
497 1688 826 1761 ἀνθρώπων,
843 1693 955 1747 εἴτε
968 1693 1295 1763 λογισμῶν),
1320 1695 1439 1748 τότε
1466 1696 1495 1749 6
1516 1695 1647 1758 Θεὸς
1667 1695 1767 1759 τὰς

174 1780 455 1851 ἡμετέρας
483 1781 701 1854 δεήσεις
728 1785 964 1856 ἑτοίμως
1009 1788 1106 1840 καὶ
1148 1787 1246 1858 τὴν
1286 1786 1594 1860 προσευχὴν
1617 1788 1767 1860 δέχε-

174 1890 290 1929 ται.

763 1968 1055 2022 ΨΑΛΜΟΣ
1095 1969 1166 2023 Z'.

253 2080 271 2113 ι
295 2060 612 2133 Ἀνάστηθι,
642 2060 839 2132 Κύριε,
871 2062 931 2116 ὲν
959 2062 1098 2134 ὀργῇ
1130 2079 1246 2118 σου.
1276 2081 1296 2116 ι

258 2153 573 2224 ’Υψωθῆναι
602 2153 694 2207 τὸν
716 2152 956 2224 Χριστὸν
986 2154 1077 2207 ἐπὶ
1107 2154 1205 2208 τοῦ
1234 2154 1472 2228 σταυροῦ
1512 2173 1764 2227 παρακα-

179 2248 282 2311 λεῖ,
319 2247 639 2310 συντελείας
668 2248 764 2301 καὶ
793 2247 1108 2318 ἀφανισμοῦ
1138 2247 1250 2303 τῶν
1278 2247 1549 2321 δαιμόνων
1577 2250 1760 2305 ἕνεκα.

186 2343 371 2396 ὀταν
394 2340 505 2411 γὰρ
532 2340 773 2410 ὑψωθῶ,
791 2340 1023 2409 πάντας
1050 2340 1294 2397 ἑλκύσω
1308 2342 1460 2412 πρὸς
1480 2344 1762 2413 ἐμαυτόν.

200 2435 372 2506 ιιέρας
394 2434 451 2486 δὲ
473 2432 649 2487 ταῦτα
666 2434 762 2488 καὶ
779 2434 1076 2499 κατάλυσις
1091 2437 1193 2506 τῆς
1208 2435 1317 2489 τῶν
1333 2436 1540 2507 νοητῶν
1556 2438 1765 2511 ἐχθρῶν

202 2525 504 2589 δυναστείας
533 2525 774 2594 ἐγένετο.

767 2662 1064 2719 ΨΑΛΜΟΣ
1100 2664 1185 2718 ιιι.

254 2821 276 2853 ι
306 2799 501 2871 Κύριε,
527 2798 735 2870 Κύριος
766 2797 979 2869 ἡμῶν.ι

247 2895 346 2959 Τὸ,
378 2893 553 2962 Κύριε
578 2931 593 2955 ,
627 2895 660 2947 ό
692 2892 909 2959 Κύριος
951 2889 1122 2961 ἡμῶν
1144 2932 1160 2958 ,
1193 2891 1229 2963 ἡ
1262 2891 1560 2965 Ἐκκλησία
1591 2892 1757 2963 λέγει.

174 2988 336 3043 Μετά
364 2988 472 3058 γὰρ
500 2985 599 3057 τὴν
620 2986 701 3049 είς
726 2984 961 3055 Χριστὸν
990 2984 1313 3053 ἐπίγνωσιν,
1345 2986 1447 3055 τῆς
1472 2986 1583 3040 τῶν
1612 2985 1762 3041 είδώ-

174 3083 287 3135 λων
329 3082 613 3135 ἀποστᾶσα
661 3078 929 3140 δουλείας,
961 3078 1168 3149 Κύριον
1222 3079 1395 3153 αὐτῆς
1437 3081 1628 3137 καλεῖν
1668 3081 1762 3134 τὸν

170 3174 397 3245 ἀληθῶς
428 3173 561 3227 Θεὸν
591 3172 686 3226 καὶ
715 3171 918 3241 Κύριον
948 3172 1176 3243 ἤρξατο.

1793 1930 1842 1991 Β

1874 683 2246 756 telligentiam,
2288 688 2520 745 virtutes
2563 688 2731 743 animi
2783 687 3019 743 rationis
3057 694 3339 755 compotes
3378 685 3466 737 in-

1874 777 2084 848 telligit,
2111 795 2234 849 quae
2253 788 2307 835 et
2337 780 2516 850 ipsum
2547 780 2614 835 ad
2652 778 3079 835 intellectualem
3132 775 3463 832 soliditatem

1871 871 2133 927 evehunt.
2192 872 2264 928 Ut
2313 880 2444 928 sunt.
2484 872 2841 938 continentia,
2895 867 3205 942 prudentia,
3236 874 3291 921 et
3342 880 3463 934 quze

1870 965 2170 1020 secundum
2195 965 2366 1019 Deum
2401 974 2487 1021 est
2542 965 2825 1027 fortitudo.
2860 960 3243 1033 temperantia,
3295 965 3351 1012 et
3380 958 3462 1026 ju-

1869 1054 2035 1120 stitia,
2063 1065 2117 1110 et
2163 1056 2409 1112 absolute
2466 1057 2687 1112 demum
2722 1071 2894 1128 genus
2952 1069 3115 1109 omne
3168 1052 3456 1114 virtutum,

1868 1161 1991 1216 quae
2013 1162 2138 1201 cum
2169 1147 2225 1201 in
2252 1148 2411 1203 nobis
2434 1164 2544 1203 non
2575 1148 2777 1204 fuerint
2808 1147 3107 1203 inconfusae
3131 1144 3205 1214 (id
3226 1153 3311 1197 est.
3332 1157 3457 1197 cum

1868 1238 2081 1294 decenti
2098 1250 2298 1307 ornatu
2321 1242 2663 1313 ordineque),
2693 1256 2916 1299 necesse
2944 1248 3027 1296 est
3055 1240 3312 1300 animam,
3331 1252 3457 1296 cum

1868 1334 2145 1402 proprium
2179 1333 2345 1388 robur
2373 1350 2484 1389 non
2522 1335 2789 1399 obtineat,
2816 1332 3126 1410 perturbari
3184 1327 3457 1401 passioni-

1868 1421 1969 1476 bus
1993 1423 2099 1476 illis
2119 1423 2440 1479 inordinatis
2467 1425 2658 1494 quain
2688 1424 2805 1495 ipsa
2839 1432 2991 1479 sunt.

1934 1516 2099 1570 Vens.
2133 1516 2186 1571 9.
2210 1535 2229 1568 ι
2255 1516 2527 1573 Discedite
2553 1532 2585 1572 a
2610 1532 2697 1572 me
2723 1532 2933 1571 omnes.
2980 1534 2999 1567 ι

1936 1605 2095 1661 Vides
2121 1616 2179 1662 ut
2210 1607 2353 1662 Deus
2413 1623 2607 1678 preces
2639 1618 2858 1663 nostras
2900 1623 2965 1661 ac
2995 1604 3451 1677 supplicationem

1865 1706 2149 1768 proruptus
2180 1697 2453 1762 admittat,
2485 1713 2610 1753 cum
2638 1702 2707 1753 ab
2731 1697 3081 1769 operantibus
3111 1695 3452 1766 iniquitatem

1869 1790 2006 1860 (sive
2034 1790 2305 1857 homines,
2338 1792 2455 1847 sive
2484 1791 2840 1864 cogitationes
2899 1790 3054 1846 mala:
3104 1788 3237 1858 sint)
3290 1788 3452 1857 longe

1868 1882 2284 1938 recesserimus.

2436 1971 2755 2029 PSAIMUS
2775 1971 2887 2028 Vll.

1941 2065 2103 2122 Vens.
2132 2067 2189 2124 7.
2218 2086 2238 2119 ι
2274 2067 2536 2138 Exsurge,
2574 2066 2821 2133 Domine,
2855 2066 2910 2120 in
2936 2063 3015 2119 ira
3042 2072 3155 2118 tua.
3196 2080 3216 2114 ι

1937 2157 2197 2214 Hortatur
2218 2170 2279 2214 ut
2306 2158 2557 2215 Christus
2591 2160 2646 2213 in
2701 2173 2865 2214 cruce
2919 2157 3207 2218 exaltetur,
3245 2152 3449 2209 daemo-

1866 2265 1998 2304 num
2042 2250 2295 2304 interitus
2348 2258 2512 2319 atque
2552 2249 2864 2305 abolitionis
2929 2262 3076 2317 ergo.
3113 2244 3243 2301 Cum
3278 2242 3448 2309 enim,

1865 2341 2105 2411 (inquit),
2124 2342 2391 2396 exaltatus
2415 2344 2582 2413 fuero,
2601 2342 2778 2395 omnia
2801 2340 3008 2393 traham
3034 2340 3105 2392 ad
3120 2354 3201 2391 me
3216 2337 3388 2406 ipsum
3407 2334 3447 2389 ‘.

1864 2432 1993 2488 Haec
2025 2433 2173 2488 enim
2217 2434 2341 2490 ﬁnis
2370 2442 2425 2489 et
2467 2432 2757 2489 dissolutio
2813 2430 3071 2504 potentiae
3122 2426 3450 2501 spiritalium

1864 2523 2212 2581 inimicorum
2248 2524 2272 2581 ξ’
2274 2540 2421 2581 uere.

2330 2680 2337 2697 λ
2420 2662 2741 2720 PSALMUS
2776 2659 2919 2717 Vlll.

1932 2801 2097 2857 Vens.
2125 2802 2180 2857 2.
2210 2819 2229 2853 ι
2265 2801 2513 2867 Domine,
2539 2800 2801 2855 Dominus
2823 2806 3029 2853 noster.
3059 2814 3078 2847 ι

1936 2895 2072 2950 Illud
2096 2895 2321 2949 nomine
2353 2894 2608 2949 Dominus
2640 2902 2835 2954 noster.
2863 2891 2997 2947 dicit
3029 2886 3291 2945 Ecclesia.
3313 2883 3449 2940 Nam

1864 2997 1990 3057 post
2016 2985 2213 3041 Christi
2234 2986 2589 3057 agnitionem,
2618 2985 2687 3039 ab
2720 2983 2986 3039 idolorum
3019 2978 3282 3036 servitute
3322 2976 3454 3031 libe-

1864 3088 2001 3140 rata,
2044 3078 2331 3132 Dominum
2372 3092 2531 3131 suum
2579 3085 2836 3147 tanquam
2861 3088 2990 3131 vere
3034 3074 3205 3127 Deum
3237 3084 3303 3125 ac
3347 3067 3451 3123 Do-

1864 3171 2072 3225 minum
2108 3186 2302 3225 vocare
2341 3170 2529 3240 carpit.

259 3238 376 3319 ;A€‘t
428 3264 525 3335 μὲν
572 3264 682 3335 γὰρ
709 3265 743 3335 ἡ
878 3238 1031 3317 πᾶσα
1058 3263 1169 3317 τῶν
1195 3263 1495 3335 θαυμάτων
1542 3238 1761 3336 ἀληθῶς

1936 3260 2164 3330 Semper
2185 3260 2405 3331 quidem
2430 3238 2704 3317 universa
2745 3266 2889 3313 terra
2939 3269 3070 3310 vere
3109 3248 3451 3307 mirabilibus

166 3356 278 3426 τῆς
301 3354 396 3410 τοῦ
426 3354 559 3408 Θεοῦ
597 3353 962 3424 δημιουργίας
992 3353 1354 3425 πεπλήρωται
1377 3395 1392 3418 ,
1421 3353 1502 3408 ἔτι
1526 3353 1585 3407 δὲ
1624 3354 1761 3423 μᾶλ-

164 3448 289 3512 λον,
321 3447 415 3516 ἀφ’
433 3442 606 3518 οὗπερ
637 3446 805 3500 αὐτοῦ
833 3445 895 3499 τὸ
924 3445 1117 3516 ὄνομα,
1143 3445 1349 3517 δηλαδὴ
1382 3445 1444 3499 τὸ
1487 3445 1583 3500 τοῦ
1626 3447 1763 3517 Χριο

166 3539 329 3602 στοῦ,
359 3540 512 3610 παρά
540 3540 708 3592 πᾶσιν
739 3536 967 3609 Ἕλλησί
986 3554 1045 3591 τε
1077 3538 1173 3593 καὶ
1202 3538 1519 3609 βαρϐάροις,
1548 3536 1638 3593 διά
1664 3537 1764 3609 τῆς

161 3638 250 3696 είς
285 3631 448 3686 αὑτὸν
480 3630 883 3702 ἐθαυμαστώθη
920 3629 1180 3695 πίστεως.

250 3744 275 3776 ι
308 3724 492 3778 Πάντα
525 3710 1094 3791 ὑπέταξαςὺποκάτω
1117 3723 1226 3777 τῶν
1255 3723 1431 3777 ποδῶν
1452 3724 1649 3797 αὐτοῦ.
1683 3745 1703 3779 ι

244 3816 481 3870 Πετεινά
508 3815 601 3869 τοῦ
624 3816 857 3888 ούρανοῦ
881 3816 1013 3879 τοὺς
1034 3817 1162 3888 περὶ⁵
1183 3817 1281 3885 τὴν
1303 3816 1583 3884 θεολογίαν
1606 3819 1766 3887 ἠσχο-

162 3908 447 3977 λημένους
476 3907 653 3971 καλεῖ,
687 3908 812 3970 τοὺς
841 3907 1182 3978 ἐρευνῶντας
1204 3907 1275 3960 τά
1304 3907 1485 3979 ὑψηλά
1513 3908 1607 3961 καὶ
1637 3925 1765 3978 μετ-

163 4001 346 4069 ἀρσια
381 3998 630 4068 δόγματα
648 4014 662 4028 ·
693 3999 882 4070 ἰχθύας
904 3999 963 4052 δὲ
983 3999 1085 4069 τῆς
1110 3998 1407 4070 θαλάσσης,
1429 4002 1557 4065 τοὺς
1579 4002 1637 4055 ἐν
1656 4004 1764 4065 τοῖς

167 4090 471 4161 πράγμασι
519 4089 612 4142 τοῦ
647 4087 763 4159 βίου
791 4088 983 4143 τούτου
1014 4091 1374 4161 νηχομένους,
1409 4090 1663 4162 καθάπερ
1708 4094 1766 4146 ὲν

166 4183 413 4253 κύμασι.
447 4183 701 4252 Σωτηρία
748 4183 804 4236 δὲ
850 4184 946 4236 καὶ
997 4183 1211 4248 τούτοις
1254 4184 1585 4251 ἀπόκειται,
1636 4186 1768 4239 ὅταν

167 4275 493 4345 πορευθῶσι
520 4274 741 4345 τρίϐους
763 4275 949 4328 οὐκέτι
971 4274 1271 4347 θαλάσσης,
1295 4277 1432 4331 ἀλλά
1455 4277 1766 4342 θαλασσῶν,

163 4365 267 4421 διὰ
300 4365 681 4437 βαπτίσματος
706 4366 803 4419 καὶ
834 4368 1129 4436 μετανοίας
1158 4368 1460 4434 ὁδεύοντες.

244 4454 361 4513 Ἠν
398 4459 499 4529 μὲν
527 4460 635 4531 γὰρ
665 4459 814 4530 αὐτῷ
843 4460 939 4514 καὶ
969 4459 1039 4513 τὰ
1065 4460 1299 4532 αἰσθητά
1330 4462 1418 4517 διά
1442 4462 1534 4517 τὸν
1553 4464 1652 4533 τῆς
1671 4466 1763 4536 δη-

171 4552 472 4624 μιουργίας
502 4553 922 4623 ὑποτεταγμένα
949 4554 1135 4623 νόμον,
1168 4557 1365 4624 κτήνη,
1389 4558 1483 4610 καὶ
1511 4559 1655 4627 βόες,
1673 4561 1768 4614 καὶ

166 4646 454 4716 πρόϐατα.
481 4646 736 4717 Πρόδατα
758 4646 813 4700 δὲ
845 4646 1005 4700 πάλιν
1029 4647 1216 4716 νοητὰ,
1245 4648 1669 4721 ὑποτεταγμένα
1690 4653 1767 4724 τῷ

167 4738 404 4809 Χριστῷ
436 4740 561 4801 τοὺς
596 4741 655 4792 ὲν
700 4740 911 4810 ἀκακία
950 4740 1407 4811 πολιτευομένους
1441 4742 1768 4816 ἀνθρώπους

166 4832 547 4902 εὑρίσκομεν
585 4831 713 4902 βόας
742 4833 869 4896 τοὺς
917 4832 1031 4886 τῶν
1075 4834 1309 4889 ἐντολῶν
1344 4836 1605 4907 ἐργάτας,
1636 4839 1769 4908 περὶ

164 4918 253 4977 ὧν
286 4924 495 4994 Μωσῆς
521 4926 549 4978 6
585 4924 885 4995 νομοθέτης
917 4925 1136 4994 ἔλεγεν*
1179 4928 1263 4981 Οὺ
1305 4928 1593 4997 φιμώσεις
1608 4930 1769 4995 βοῦν

170 5012 652 5071 ἁλυὼντα.”οθεν
686 5015 784 5085 οὐχ
811 5014 999 5079 ἁπλῶς
1035 5015 1185 5085 βόας,
1217 5015 1357 5069 ἀλλά
1384 5018 1479 5071 καὶ
1507 5017 1709 5084 πάσας
1738 5021 1767 5072 6

158 5104 499 5219 γῖαλμῳδὸς
519 5106 756 5172 ἐξέθετο.
790 5108 962 5219 nam
991 5109 1100 5178 γὰρ
1125 5111 1153 5162 ὁ
1176 5109 1308 5173 Θεὸς
1327 5109 1424 5180 τὴν
1445 5110 1648 5181 ἀρετὴν
1674 5112 1771 5165 καὶ

180 5199 287 5270 τὴν
336 5198 609 5268 τυχοῦσαν
656 5198 1053 5271 ἐργαζομένοις
1098 5201 1439 5272 εὑρίσκεται.
1470 5202 1661 5273 Κτήνη
1711 5203 1770 5256 δὲ

181 5290 350 5346 καλεῖ
378 5293 505 5354 τοὺς
547 5293 910 5364 ἁμαρτωλοὺς
930 5335 945 5357 ,
973 5293 1162 5366 ἐπειδὴ
1190 5295 1342 5349 κάτω
1378 5293 1474 5358 τάς
1507 5294 1660 5364 ὄψεις
1689 5296 1769 5359 είς

180 5384 294 5450 γῆν
318 5382 579 5449 νευούσας
610 5386 924 5455 κέκτηνται.
943 5384 1107 5439 Ἀλλά
1126 5386 1221 5439 καὶ
1240 5385 1415 5441 ταῦτα
1442 5387 1773 5457 μετανοοῦν-

181 5493 279 5541 τα,
313 5473 408 5528 καὶ
436 5475 779 5543 ὑποταγέντα
810 5475 1066 5542 σώσεται,
1093 5478 1221 5531 ὅταν
1267 5477 1346 5549 τῷ
1387 5479 1606 5551 Χριστῷ
1635 5480 1771 5533 ἀνα-

187 5568 333 5636 δάτῃ
356 5566 446 5623 διὰ
467 5567 565 5634 τῆς
589 5568 959 5638 εὐαγγελικῆς
984 5569 1260 5634 πολιτείας
1285 5571 1629 5639 ὑποδέξηται.
1651 5574 1771 5626 Ἀν-

186 5663 465 5727 θρώπους
492 5660 621 5733 γὰρ,
651 5661 806 5733 φησὶ,
836 5661 937 5718 καὶ
958 5662 1150 5731 κτήνη
1176 5661 1418 5731 σώσεις,
1454 5666 1647 5734 Κύριε.

279 5942 473 6007 ’Joau.
502 5961 595 6010 xtl,
630 5945 717 6001 5‘3.

1862 3351 2154 3408 creationis
2207 3351 2302 3407 Dei
2350 3350 2605 3423 operibus
2631 3350 2836 3420 repleta
2885 3348 3024 3411 fuit;
3052 3346 3223 3401 multo
3270 3353 3451 3398 tamen

1860 3446 2052 3517 magis,
2096 3461 2165 3501 ex
2213 3460 2322 3516 quo
2354 3460 2552 3499 nomen
2580 3444 2744 3508 illius,
2773 3443 3002 3502 scilicet,
3032 3438 3261 3502 Christi,
3304 3436 3450 3506 apud

1861 3555 2053 3595 omnes
2097 3548 2286 3611 gentes
2326 3554 2391 3594 ac
2449 3538 2707 3593 barbaras
2747 3536 2996 3591 nationes
3054 3549 3151 3605 per
3184 3533 3345 3587 ﬁdem
3396 3531 3452 3586 in

1861 3648 1987 3687 eum
2016 3631 2335 3688 admirabile
2364 3630 2571 3685 factum
2589 3635 2695 3687 est.

1935 3724 2101 3780 Vens.
2130 3726 2184 3780 8.
2226 3742 2245 3776 ι
2273 3724 2474 3779 Omnia
2504 3721 2787 3792 subjecisti
2816 3720 2916 3776 sub
2934 3718 3165 3790 pedibus
3185 3717 3326 3786 ejus.
3357 3730 3378 3766 ι

1932 3816 2196 3873 Volucres
2222 3817 2343 3872 ειειί
2376 3825 2536 3871 vocat
2564 3815 2684 3873 illos
2705 3813 2824 3884 qui,
2868 3813 2975 3867 alta
2996 3818 3053 3866 et
3081 3808 3329 3865 sublimia
3359 3806 3456 3862 do-

1864 3918 2040 3979 gmata
2078 3916 2505 3978 perscrutantes,
2534 3907 2822 3978 theologia:
2866 3904 3198 3959 incumbunt
3233 3919 3246 3954 :
3278 3900 3456 3971 pisces

1865 4014 1994 4053 vero
2016 4000 2199 4064 maris,
2230 4014 2326 4053 eos
2359 3999 2450 4069 qui
2483 3998 2540 4053 in
2562 3999 2687 4054 vita:
2718 3998 2882 4067 hujus
2915 3994 3148 4066 negotiis
3195 4002 3455 4062 tauquam

1866 4092 1921 4147 in
1952 4091 2207 4146 ﬂuctibus
2237 4100 2449 4146 natant.
2480 4090 2574 4147 llis
2598 4100 2779 4146 autem
2804 4090 2968 4146 etiam
3011 4088 3158 4143 salus
3219 4087 3455 4156 reposita

1866 4194 1972 4249 est,
2006 4198 2131 4238 cum
2169 4199 2280 4239 non
2302 4184 2537 4253 amplius
2558 4184 2745 4247 maris,
2787 4182 2885 4237 sed
2935 4180 3188 4243 marium,
3224 4194 3321 4249 per
3356 4178 3457 4232 ba-

1866 4277 2129 4348 ptismum
2155 4284 2211 4331 et
2230 4275 2635 4346 paenitentiam,
2666 4275 2784 4331 vias
2813 4273 3175 4332 inambulent.

1938 4457 2210 4514 Czeterum
2237 4462 2394 4509 erant
2430 4452 2595 4509 etiam
2634 4450 2738 4521 ipsi
2800 4447 3083 4506 sensibilia
3124 4445 3308 4503 omnia
3360 4459 3458 4515 per

1871 4546 2201 4607 conditionis
2248 4544 2422 4615 legem
2454 4542 2722 4612 subjecta,
2771 4540 3041 4611 jumenta,
3064 4545 3121 4592 et
3167 4537 3355 4598 boves,
3404 4542 3460 4589 et

1801 4626 1845 4682 ί)
1872 4659 2021 4699 oves.
2046 4642 2260 4698 Rursus
2295 4650 2477 4696 autem
2500 4655 2631 4695 oves
2657 4636 3074 4702 intellectuales,
3104 4632 3354 4689 homines
3374 4630 3461 4684 in-

1870 4743 2134 4792 nocenter
2176 4734 2444 4799 viventes,
2489 4730 2708 4785 Christo
2766 4728 3045 4797 subjectos
3103 4722 3410 4794 reperimus
3440 4737 3454 4752 -

1870 4826 2039 4882 boves
2068 4825 2200 4880 item
2230 4830 2630 4894 praeceptorum
2693 4820 3098 4881 observatores,
3135 4816 3204 4870 de
3259 4812 3462 4883 quibus

1871 4918 2147 4990 legislator
2177 4915 2387 4986 Moyses
2418 4914 2531 4969 ait:
2563 4912 2685 4967 Non
2727 4909 2999 4964 obturabis
3036 4924 3091 4962 os
3132 4906 3248 4961 bovi
3298 4905 3459 4959 tritu-

1874 5012 2020 5066 ranti
2041 5019 2083 5067 ³.
2102 5010 2253 5066 Unde
2270 5024 2382 5065 non
2404 5008 2573 5063 boves
2597 5004 2935 5077 simpliciter,
2953 5002 3049 5057 sed
3073 5002 3223 5055 boves
3251 4999 3464 5055 univer-

1874 5119 1979 5169 sos,
2012 5101 2465 5172 Psalmographus
2496 5097 2700 5169 posuit.
2728 5098 2811 5153 Ab
2836 5095 3096 5152 omnibus
3147 5092 3293 5148 enim
3316 5092 3463 5146 Deus

1876 5194 2311 5264 qualemcunque
2370 5190 2628 5247 virtutem
2705 5186 3089 5244 exercentibus
3159 5182 3459 5238 invenitur.

1878 5289 2081 5344 Pecora
2110 5301 2242 5341 vero
2290 5293 2604 5355 peccatores
2638 5290 2827 5346 "vocat,
2862 5278 3131 5350 siquidem
3195 5290 3365 5346 prona
3404 5273 3461 5327 in

1880 5391 2079 5436 terram
2109 5380 2413 5450 spectantia
2451 5389 2632 5433 creata
2665 5386 2812 5433 sunt.
2837 5374 3001 5444 Atqui
3032 5381 3088 5428 et
3108 5372 3223 5441 ipsa
3249 5369 3292 5425 si
3346 5382 3462 5438 p03-

1879 5472 2165 5528 nitentiam
2192 5473 2425 5545 egerint,
2454 5480 2509 5527 et
2556 5468 2917 5533 obediverint,
2952 5466 3100 5521 salva
3137 5463 3303 5527 ﬂent;
3333 5475 3457 5514 cum

1880 5567 2157 5623 Christum
2200 5583 2298 5638 per
2324 5567 2696 5638 evangelicam
2747 5560 3146 5619 institutionem
3203 5570 3460 5611 ascenso-

1881 5675 1995 5714 rem
2033 5659 2369 5714 admiserint.
2398 5658 2645 5714 Homines
2694 5655 2883 5727 (enim,
2923 5651 3116 5723 inquit)
3143 5659 3192 5705 et
3216 5648 3461 5719 jumenta

1879 5749 2126 5814 salvabis,
2155 5749 2373 5805 Domine
2402 5749 2441 5805 ³.

802 5948 816 5975 ¹
850 5945 1002 6001 Deut.
1034 5961 1153 6013 xxv,
1190 5944 1255 6015 4,
1292 5944 1309 6000 l
1345 5943 1468 6003 Cor.
1506 5962 1581 6015 Ix,
1605 5947 1661 6003 .9.
1740 5949 1757 5979 ³
1786 5948 1908 6023 εδει
1966 5963 2127 6020 xxxv,
2165 5946 2219 6002 7.
