3928 6422
621 413 759 480 1183

1183 539 1503 600 PSALMUS
1541 546 1630 604 IX.

688 623 850 682 Vsus.
879 627 933 684 5.
969 646 990 680 ι
1017 629 1330 688 Conlitebor
1355 636 1446 690 tibi
1478 638 1532 692 in
1566 651 1675 696 toto
1707 643 1892 698 corde.
1928 663 1947 695 ι

689 717 796 772 Sed
820 722 1093 787 quomodo
1157 732 1270 780 toto
1337 728 1501 783 corde
1547 732 1914 790 confitemur?
1968 736 2198 804 Quando

612 824 721 862 nou
754 813 988 881 amplius
1015 814 1071 868 in
1116 831 1178 870 ea
1211 829 1432 886 peccata
1489 825 1863 894 prolabemur,
1889 846 2121 900 quorum
2164 849 2194 888 a

614 897 724 952 Deo
748 903 962 958 veniam
983 907 1358 966 obsecramus.

683 991 845 1050 Vens.
879 997 965 1055 16.
1003 1001 1223 1058 «lulixte
1243 1015 1584 1078 suntgentes
1625 1011 1682 1066 iu
1728 1011 1974 1084 interitu,
2029 1032 2193 1088 quem

610 1083 882 1143 fecerunt.
913 1109 931 1142 ι

676 1177 948 1238 Caeterum
987 1195 1178 1255 gentes
1211 1187 1300 1244 hic
1328 1191 1562 1261 appellat
1588 1193 1898 1250 daemonum
1931 1213 2188 1255 cuneum.

607 1267 710 1326 Hic
739 1272 886 1328 enim
916 1290 1040 1330 cum
1077 1277 1369 1334 salutarem
1405 1297 1626 1337 crucem
1681 1284 2060 1356 fabricasscnt,
2097 1307 2192 1361 per

605 1365 852 1420 eamdem
883 1369 1166 1439 tyrannide
1191 1387 1288 1426 sua
1317 1373 1660 1441 exciderunt,
1687 1387 1741 1432 et
1784 1378 1978 1450 laqueo
2026 1398 2188 1453 quem

604 1457 1002 1516 absconderant
1046 1465 1480 1534 comprehensus
1535 1477 1622 1522 est
1649 1484 1744 1538 pes
1784 1486 1996 1536 eorum,
2022 1481 2079 1528 et
2134 1476 2187 1528 in

605 1550 862 1617 operibus
891 1569 1150 1610 manuum
1192 1572 1415 1613 suarum
1447 1561 1876 1631 comprehensus
1935 1573 2018 1620 est
2061 1582 2190 1637 pec-

602 1650 772 1697 calor.

679 1733 841 1791 Vens.
879 1737 963 1792 18.
1008 1758 1027 1791 ι
1054 1739 1455 1798 Convertantur
1483 1753 1824 1814 peccatores.
1853 1767 1873 1805 ι

675 1827 1045 1898 l’eccatorum,
1103 1836 1560 1902 quemadmodum
1608 1847 1664 1892 et
1685 1839 1981 1908 juslorum,
2031 1841 2188 1912 plura

1819 438 2182 502 HESYCHII
2223 446 2696 514 PRESBYTER!

2234 568 2282 623 Δ

2893 573 3190 628 ΨΑΔΜΟΣ
3229 576 3313 630 6'.

2384 678 2404 710 ι
2427 659 2936 736 Ἐξομολογήσομαί
2963 683 3058 721 σου
3087 668 3146 721 ἐν
3176 668 3279 742 ὅλῃ
3305 669 3520 743 καρδίᾳ.
3549 690 3568 724 ι

2373 751 2500 816 Πῶς
2549 753 2607 807 δὲ
2663 758 2723 810 ὲν
2773 756 2872 830 ὅλῃ
2924 758 3126 830 καρδίᾳ.
3170 760 3662 831 ἑξομολογούμεθας
3695 769 3824 825 ὀταν

2301 845 2504 916 μηκέτι
2551 849 2688 920 πρὸς
2731 850 2832 922 τὴν
2879 852 3164 922 ἁμαρτίαν
3193 852 3420 924 ἐκείνην
3452 854 3821 930 ὗποστρέψομεν,

2298 935 2442 1007 ὑπὲρ
2472 933 2541 1010 ἦς
2567 941 2904 1013 συγγνώμην
2935 945 3091 1014 παρὰ
3121 945 3214 998 τοῦ
3245 945 3388 1000 Θεοῦ
3421 949 3798 1021 πρεώευόρεθα.

2375 1044 2394 1076 ι
2419 1026 2800 1100 Ἐνεπάγησαν
2828 1032 2959 1104 ἔθνη
2986 1035 3046 1086 ἐν
3077 1035 3375 1107 διαφθορᾷ,
3467 1039 3760 1111 ἐποίησαν.»

2371 1203 2541 1276 Ἔθνη
2570 1207 2628 1260 δὲ
2665 1209 2900 1264 ἐνταῦθα
2937 1213 3350 1285 προσαγορεύει
3382 1216 3493 1268 τῶν
3527 1217 3818 1289 δαιμόνωντὸ

2295 1296 2502 1362 στῖφος.
2535 1290 2700 1352 Οὗτοι
2730 1301 2842 1371 γὰρ
2873 1302 2964 1354 τὸν
2997 1304 3274 1374 σωτήριον
3328 1306 3564 1377 σταυρὸν
3605 1316 3816 1381 τεκτηνᾶ-

2294 1403 2468 1456 μενοι,
2496 1389 2584 1443 διὰ
2612 1390 2807 1447 τούτου
2853 1391 2957 1461 τῆς
3001 1397 3329 1466 τυραννίδος
3380 1398 3654 1466 ἐξέπεσαν,
3681 1406 3754 1456 καὶ
3777 1408 3814 1458 ἐν

2291 1480 2483 1548 παγίδι
2571 1481 2840 1553 ἔκρυψαν,
2874 1487 3193 1560 συνελήφθη
3222 1490 3254 1542 6
3281 1491 3422 1552 ποὺς
3446 1491 3648 1557 αὐτῶν,
3677 1498 3752 1547 καὶ
3776 1499 3813 1549 ἐν

2289 1573 2404 1634 τοῖς
2440 1570 2624 1642 ἔργοις
2653 1575 2762 1628 τῶν
2796 1577 2998 1649 χειρῶν
3033 1579 3202 1633 αὐτοῦ
3230 1580 3549 1652 συνελήφθη
3567 1582 3596 1634 6
3619 1584 3814 1655 ἁμαρτω-

2290 1660 2400 1725 λός.

2365 1775 2383 1806 ι
2407 1754 2952 1829 ’Λποστραφήτωσαν
2983 1762 3034 1814 οί
3057 1762 3403 1834 ἁμαρτωλοί.
3434 1783 3455 1818 ι

2369 1847 2738 1919 Ἀμαρτωλῶν
2767 1852 2942 1906 πολλὰ
2968 1855 3128 1923 γένη,
3159 1854 3355 1926 ὥσπερ
3387 1855 3452 1927 δὴ
3492 1856 3582 1912 καὶ
3618 1856 3807 1924 δικαίων,

602 1937 722 1977 esse
770 1939 968 1994 genera
1015 1926 1376 1984 convincitur.
1421 1930 1525 1985 Sed
1550 1931 1652 1986 hoc
1682 1933 1815 1988 'loco
1862 1944 2173 2005 peccatores

2283 1909 2633 2010 γνωρίζεται.
2650 1942 2921 1996 Ἐνταῦθα
2953 1909 3012 1997 δὲ
3050 1909 3419 2017 ἀξιαρτωλοὺς
3440 1909 3578 2009 Ιτοῦς
3607 1909 3808 2010 ἀπίστους

601 2015 838 2083 appellat
867 2016 1133 2082 infideles,
1165 2035 1301 2089 quos
1322 2023 1484 2077 etiam
1515 2023 1607 2078 Dei
1642 2025 1970 2084 oblivionem
1997 2029 2181 2084 subire

600 2103 756 2157 dixit.
795 2101 1128 2176 Sicutigitur
1147 2108 1238 2177 qui
1269 2110 1502 2166 credunt
1523 2112 1576 2166 in
1609 2112 1800 2180 Deum,
1825 2115 1952 2172 licet
1979 2120 2178 2174 mortui

600 2193 1044 2264 inierint,vivunt;
1072 2215 1197 2254 nam
1216 2203 1306 2270 qui
1329 2203 1491 2256 credit
1515 2206 1567 2257 in
1589 2222 1690 2268 me,
1709 2206 1886 2277 inquit
1906 2207 2177 2276 Christus,

598 2283 806 2338 etiamsi
845 2297 1082 2342 mortuus
1105 2291 1286 2361 fuerit,
1320 2293 1450 2347 vivet
1470 2295 1526 2348 δε
1559 2295 1640 2350 sic
1663 2297 1754 2367 qui
1786 2314 1895 2352 non
1925 2299 2176 2366 credunt,

596 2378 761 2430 etiam
797 2387 1090 2448 antequam
1136 2383 1459 2450 moriantur,
1494 2397 1718 2458 propter
1745 2390 2072 2446 sententiam
2119 2390 2178 2446 in

597 2469 742 2538 ipsos
779 2469 941 2526 latam
975 2473 1172 2528 mortui
1190 2486 1338 2532 sunt.

667 2559 830 2616 Vrns.
853 2562 943 2617 55.
984 2582 1003 2616 ι
1035 2565 1303 2638 Exsurge,
1343 2568 1591 2625 Domine.
1619 2589 1637 2622 ι

664 2652 985 2726 luterrogat,
1017 2657 1293 2726 quodnam
1336 2659 1510 2731 impii.
1562 2662 1771 2720 scilicet
1817 2665 2038 2733 diaboli.
2089 2671 2175 2725 vel

593 2746 749 2801 valde
794 2745 946 2815 impii
982 2746 1252 2817 hominis,
1297 2762 1584 2822 peccatum
1644 2754 1790 2812 Deus
1830 2759 2174 2829 potissimum

591 2849 890 2896 aversetur.
925 2841 1130 2901 Deinde
1181 2846 1458 2903 inductam
1514 2850 1632 2920 ipse
1688 2851 2175 2925 interrogationem

590 2934 769 2990 solvit.
803 2935 949 2990 Dixit
975 2939 1109 2992 enim
1133 2940 1190 2992 in
1213 2942 1366 2995 corde
1399 2959 1492 2996 suo
1518 2959 1538 2997 :
1563 2942 1683 2997 Non
1716 2946 1941 3016 requiret
1967 2950 2008 3002 ⁵.
2037 2948 2178 3006 Con-

593 3026 838 3094 viciatur,
873 3028 1068 3098 inquit,
1097 3029 1292 3095 Deum,
1314 3041 1373 3088 ut
1411 3035 1505 3104 qui
1539 3051 1626 3090 res
1661 3049 1876 3093 nostras
1901 3040 2019 3096 sine
2045 3058 2175 3112 pro-

590 3118 827 3174 videntia
865 3130 920 3176 et
952 3123 1071 3178 sine
1099 3124 1351 3179 examine
1388 3141 1506 3180 esse
1537 3129 1833 3198 permittat.
1862 3129 1993 3197 Quae
2046 3149 2174 3202 per-

2282 2031 2456 2096 καλεῖ,
2484 2030 2578 2096 οὓς
2604 2034 2700 2086 καὶ
2722 2032 2896 2106 λήθην
2918 2036 3016 2089 τοῦ
3038 2036 3179 2090 Θεοῦ
3204 2037 3408 2092 παθεῖν
3431 2037 3805 2108 ἔφησεν,’θσπερ

2277 2124 2459 2178 τοίνυν
2488 2125 2540 2178 oi.
2573 2125 2926 2190 πιστεύοντες
2960 2129 3042 2192 είς
3073 2129 3166 2183 τὸν
3198 2129 3360 2194 θεὸν,
3399 2129 3563 2195 ζῶσι,
3591 2130 3683 2183 κᾶν
3703 2131 3802 2183 ἀπο-

2279 2214 2534 2269 θάνωσιν·
2574 2217 2637 2270 ’0
2656 2217 2767 2291 γὰρ
2781 2221 3088 2274 πιστεύων
3114 2223 3201 2287 είς
3224 2222 3356 2292 ἐμὲ,
3389 2223 3548 2293 φησὶν
3562 2223 3588 2274 6
3607 2222 3799 2292 Xpmk,

2278 2307 2394 2362 κᾶν
2419 2309 2716 2378 ἀποθάνῃ,
2748 2311 3011 2381 ζήσεται,
3039 2313 3213 2379 οὕτως
3266 2315 3320 2368 οἱ
3367 2314 3714 2378 ἀπιστοῦντες,
3735 2316 3798 2366 καὶ

2277 2400 2409 2470 πρὶν
2456 2401 2773 2471 ἀποθανεῖν,
2807 2404 2897 2460 διὰ
2942 2406 3043 2478 τὴν
3075 2408 3360 2477 ἀπόφασιν
3405 2408 3505 2478 τὴν
3542 2406 3792 2468 ὑπἀὐτοίς,

2277 2493 2628 2566 τεθνήκασιν.

2355 2605 2375 2638 ι
2397 2588 2710 2660 Ἀνάστηθι,
2744 2590 2942 2663 Κύριε.
2977 2610 2996 2644 ι

2359 2679 2571 2752 Ἐρωτᾷ
2603 2683 2767 2736 ποίαν
2790 2686 2818 2737 6
2840 2684 2974 2749 Θεὸς
2998 2683 3096 2738 τοῦ
3122 2685 3380 2750 ἀσεϐοῦς,
3415 2683 3603 2755 δηλαδὴ
3619 2683 3696 2736 τοῦ
3709 2682 3790 2734 iu-

2277 2771 2460 2838 δόλου,
2489 2774 2522 2844 ἢ
2550 2776 2645 2827 καὶ
2672 2775 2768 2828 τοῦ
2799 2775 2925 2830 λίαν
2955 2776 3289 2841 ἀσεϐοῦντος
3329 2776 3628 2848 ἀνθρώπου,
3665 2775 3790 2843 ἀμαρ-

2274 2865 2399 2919 τίαν
2442 2867 2855 2936 ἀποστρέφεται
2903 2868 3169 2938 μάλισταο
3206 2865 3331 2922 εἷτα
3374 2867 3532 2931 αὐτὸς
3565 2863 3789 2932 ἐπαγαγὼν

2275 2955 2375 3026 τὴν
2403 2955 2692 3027 ἐρώτησιν,
2727 2957 2938 3013 ἔλυσεν.
2979 2954 3169 3012 Εἶπεν
3200 2960 3314 3028 γὰρ
3332 2959 3403 3011 ἐν
3425 2955 3622 3024 καρδίᾳ
3639 2949 3786 3011 αὑτοῦ,

2280 3051 2402 3103 Ο-ὑκ
2445 3048 2778 3119 ἐκζητήσει.
2813 3051 3152 3119 Συκοφαντεῖ
3200 3052 3300 3104 τὸν
3351 3048 3480 3102 Θεὸν
3503 3089 3518 3113 ,
3552 3049 3704 3115 φησὶν,
3737 3041 3786 3101 ὡς

2275 3141 2588 3213 ἀπρονόητα
2618 3141 2715 3195 καὶ
2744 3142 3131 3213 ἀνεξιχνίαστα
3179 3138 3325 3196 εἶναι
3376 3137 3717 3212 συγχωροῦντα
3743 3133 3786 3183 τὰ

590 3213 773 3268 suasio
800 3213 1045 3285 deceptis
1072 3217 1238 3274 exitio
1265 3233 1387 3274 esse
1413 3221 1687 3290 reperitur
1720 3240 1734 3275 :
1771 3239 1940 3294 quare
1978 3241 2172 3282 conse-

2275 3234 2551 3305 ήμέτεραο
2588 3235 2727 3306 ὅπερ
2755 3236 3035 3298 ἀπωλείας
3067 3235 3358 3308 προτροπὴ
3405 3236 3514 3294 τοῖς
3560 3227 3781 3316 ἀπατωμέ.

588 3313 820 3374 quenter
851 3307 1133 3378 subjuuxit
1158 3326 1172 3364 :
1201 3328 1220 3362 ι
1251 3309 1362 3365 Tibi
1393 3311 1670 3368 derelictus
1709 3324 1784 3370 est
1808 3334 2028 3388 pauper.
2071 3338 2091 3372 ι

1153 3515 1472 3573 PSALMUS
1495 3518 1534 3573 Χ
1545 3518 1611 3576 il.

656 3621 824 3678 Vsus.
854 3625 901 3679 ι.
939 3643 958 3676 ι
994 3625 1310 3697 Usquequo,
1350 3629 1596 3694 Domine,
1639 3632 1974 3691 Oblivisceris
1993 3638 2116 3691 me?
2145 3657 2164 3689 ι

657 3716 849 3772 Gravis
877 3731 1009 3772 sane
1067 3728 1154 3772 est
1183 3720 1387 3775 oblivio
1443 3722 1555 3788 Dei,
1587 3725 1748 3779 etiam
1801 3730 2166 3798 temporaria:

586 3809 717 3879 quin
745 3809 854 3863 imo
881 3821 1111 3864 mortem
1157 3811 1321 3868 ati‘ert
1365 3815 1732 3872 omnimodam
1771 3828 1831 3874 et
1880 3821 2164 3877 immorta—

590 3900 716 3954 lem.
2111 3907 2134 3929 ⁸

656 3991 820 4046 Vens.
855 3991 908 4046 5.
943 4010 962 4043 ι
993 3992 1289 4065 Usquequo
1322 3999 1648 4055 exaltabitur
1681 4002 1970 4058 inimicus?
2004 4025 2020 4057 ι

660 4079 930 4134 Exaltatio
953 4081 1104 4136 enim
1139 4084 1377 4149 Satanae,
1405 4088 1686 4158 depressio
1736 4100 1821 4147 est
1862 4093 2166 4150 hominum.

590 4169 723 4225 Nam
754 4172 893 4228 sicut
945 4175 1083 4230 Deus
1105 4176 1158 4229 in
1189 4177 1360 4233 salute
1388 4189 1574 4235 nostra
1610 4184 1856 4252 exaltari,
1884 4186 1961 4240 sic
1985 4186 2174 4242 diabo-

591 4261 676 4319 lus
699 4264 755 4320 iu
783 4268 1094 4338 perditione
1117 4270 1302 4324 extolli
1327 4271 1545 4328 dicitur.

1135 4447 1261 4503 PSA
1270 4449 1453 4506 LMUS
1481 4450 1623 4506 XIV.

662 4529 822 4588 Vens.
855 4534 908 4589 5.
953 4553 973 4586 ι
997 4535 1106 4602 Qui
1123 4537 1362 4608 loquitur
1396 4542 1683 4596 veritatem
1731 4542 1786 4596 in
1823 4546 1984 4601 corde
2006 4563 2124 4604 suo.
2148 4568 2168 4602 ι

2271 3342 2380 3386 νοις
2409 3325 2726 3395 εὑρίσκεται
2747 3342 2760 3356 ο
2798 3328 3087 3396 τοιγαροῦν
3117 3325 3438 3386 ἀκολούθως
3501 3314 3780 3390 προσέθηκε·

2278 3434 2296 3468 ι
2329 3416 2431 3470 Σοί
2458 3416 2992 3486 ἐγκαταλέλειπται
3015 3421 3046 3472 ό
3072 3419 3332 3487 πτωχός.
3360 3436 3380 3465 ι

2833 3529 3136 3583 ΨΑΛΜΟΣ
3187 3531 3295 3584 IB'.

2348 3637 2526 3701 «Ἕως
2557 3638 2710 3700 πότε,
2748 3638 2944 3710 Κύριε,
2979 3639 3219 3711 ἐπιλήσῃ
3255 3653 3368 3710 με;
3417 3657 3439 3690 ι

2346 3729 2483 3782 Θεοῦ
2513 3731 2624 3802 γὰρ
2652 3731 2790 3802 λήθη
2819 3732 3032 3804 χαλεπὴ
3069 3734 3190 3801 μὲν,
3212 3733 3312 3786 καὶ
3339 3715 3759 3802 πρόσκαιροςάὶλιὶ

2275 3818 2383 3890 μὴν
2416 3819 2646 3874 θάνατον
2677 3822 2931 3893 ἐπιφέρει
2960 3823 3200 3894 παντελῆ
3242 3824 3342 3878 καὶ
3370 3821 3628 3878 ἀθάνατον.

2350 3993 2527 4057 «Ἕως
2555 3994 2687 4049 πότε
2715 3994 3066 4067 ὑψωθήσεται
3097 3998 3125 4049 6
3150 3997 3383 4069 ὲχθρόςς
3411 4015 3436 4088 )7
3683 4072 3691 4088 '

2342 4083 2515 4152 ’Ὑψος
2544 4087 2654 4157 γὰρ
2685 4087 2780 4139 τοῦ
2805 4086 3041 4149 Σατανᾶ,
3066 4089 3099 4158 ἠ
3127 4087 3236 4139 τῶν
3265 4087 3560 4158 ἀνθρώπων
3574 4083 3761 4132 rat:st

2274 4191 2378 4236 σις.
2413 4177 2685 4247 Καθάπερ
2708 4178 2815 4249 γὰρ
2843 4181 2870 4231 6
2891 4177 3024 4240 Θεὸς
3044 4181 3101 4231 ἐν
3130 4182 3197 4251 τῇ
3229 4178 3474 4249 σωτηρίᾳ
3499 4160 3756 4242 ὺῲοῦσθαιτῇ

2202 4342 2206 4346 ,
2273 4269 2542 4341 ἡμετέρᾳ,
2559 4269 2734 4334 οὕτως
2757 4273 2785 4324 ὁ
2809 4270 3059 4332 διάδολος
3089 4273 3146 4324 ὲν
3167 4273 3234 4343 τῇ
3264 4269 3506 4336 ἀπωλείᾳ
3525 4252 3762 4328 ἐπαίρεσθαι

2273 4362 2512 4432 λέγεται.

2841 4455 2938 4508 ΨΑ
2947 4453 3137 4509 ΛΜΟΣ
3186 4457 3288 4511 1Δ’.

2351 4563 2369 4597 ι
2399 4545 2589 4599 Λαλῶν
2622 4543 2882 4617 ἀλήθειαν
2908 4547 2966 4599 ὲν
2998 4546 3199 4619 καρδίᾳ
3231 4544 3420 4600 αὑτοῦ.
3449 4561 3467 4595 ι

659 4626 834 4683 Corde
871 4627 1043 4700 prius,
1075 4636 1131 4685 et
1165 4631 1365 4685 deinde
1391 4631 1591 4702 lingua,
1619 4650 1716 4688 nos
1743 4636 1857 4691 vult
1877 4653 2000 4694 esse
2019 4656 2170 4696 vera-

2343 4639 2621 4711 Πρότερον
2650 4614 2940 4710 ἀληθεύειν
2973 4614 3122 4711 ἡμᾶς
3149 4614 3296 4694 κατὰ
3325 4635 3553 4709 καρδίαν,
3571 4625 3644 4682 καὶ
3664 4614 3764 4692 μετᾶ

589 4733 702 4776 ces.
731 4720 809 4776 Ea;
846 4723 1177 4776 abundantia
1213 4725 1351 4778 enim
1376 4727 1564 4791 cordis,
1611 4745 1667 4781 os
1698 4728 1933 4799 loquitur
1964 4732 2004 4786 °.
2029 4731 2167 4789 Cum

590 4819 775 4865 autem
820 4812 997 4867 dicit:
1037 4812 1146 4868 Nec
1201 4816 1322 4885 fecit
1345 4817 1586 4884 proximo
1639 4834 1733 4872 suo
1768 4820 2002 4887 malum;
2059 4838 2166 4878 non

592 4903 682 4957 hic
701 4904 906 4959 caedem
940 4914 1173 4972 tantum,
1205 4907 1301 4962 sed
1325 4916 1384 4962 et-
1421 4909 1709 4978 quodlibet‘
1759 4913 1904 4968 aliud
1957 4914 2167 4971 crimen

590 4993 784 5050 vetuit.

663 5194 684 5229 ι
714 5175 782 5232 Et
806 5177 1156 5251 opprobrium
1184 5200 1292 5240 non
1324 5189 1556 5258 accepit.
1590 5209 1609 5241 ι

660 5269 1030 5342 Cogitabimus
1056 5287 1242 5332 autem
1269 5282 1888 5353 proximos,peccatores
1915 5297 1970 5342 et
1995 5288 2169 5345 imbe-

586 5360 739 5416 cilles
759 5377 898 5428 esse,
931 5366 1008 5420 uti
1039 5382 1172 5432 nos;
1209 5387 1279 5425 ne
1313 5388 1437 5427 cum
1471 5373 1570 5444 ipsi
1612 5388 1926 5446 peccatores
1975 5381 2168 5448 simus,

587 5451 706 5507 aliis
728 5465 1007 5521 peccatum
1037 5460 1380 5531 objiciamus,
1429 5466 1559 5534 quin
1587 5467 1818 5524 invicem
1850 5472 2029 5540 potius
2068 5476 2170 5530 ad-

592 5543 870 5603 hortemur
899 5560 1060 5620 atque
1096 5553 1448 5612 instruamus.

661 5637 822 5694 Vnus.
871 5641 926 5697 ι.
995 5662 1013 5694 ι
1061 5643 1342 5702 Timentes
1395 5658 1578 5707 autem
1629 5651 1918 5710 Dominum
1971 5656 2170 5728 gloriﬁ-

591 5734 699 5784 eat.
743 5746 762 5780 ι

665 5879 690 5912 ⁸
714 5879 872 5939 Joau.
903 5901 961 5950 ιι,
989 5887 1077 5941 ‘23.
1161 5891 1178 5920 ³
1210 5889 1348 5946 Psal.
1382 5911 1434 5960 ιι,
1473 5895 1551 5952 l3.
1631 5900 1649 5931 ‘
1676 5897 1864 5986 Matth.
1899 5915 1995 5964 xu.
2024 5901 2112 5959 54.

2265 4732 2441 4787 ταῦτα
2473 4733 2615 4786 κατά
2643 4732 2744 4803 τὴν
2772 4732 3026 4800 γλῶσσαν
3051 4733 3324 4803 βούλεται.
3342 4733 3438 4787 Ἐκ
3468 4726 3562 4796 γὰρ
3583 4714 3666 4773 τοῦ
3686 4726 3759 4803 ﬂ;

2259 4827 2671 4895 ρισσεύματος
2704 4801 2825 4893 ντῆς
2869 4801 3120 4894 καρδίας
3156 4826 3222 4880 τὸ
3248 4826 3440 4896 στόμα
3463 4801 3762 4905 λαλεῖ-

2267 4892 2346 4989 τῷ
2365 4892 2563 4983 είπεῖν,
2587 4919 2710 4972 Οὐκ
2727 4892 2979 4985 ἐποίησε
2997 4919 3076 4984 τῷ
3095 4892 3372 4985 πλησίοκ
3387 4912 3570 4972 κακὸν,
3587 4892 3758 4989 Mdv”!

2267 4985 2330 5061 ού
2384 5007 2548 5076 φόνου
2595 5006 2789 5079 μόνου,
2823 5008 2962 5062 ἀλλὰ
3009 5009 3106 5063 καὶ
3153 5011 3337 5082 πάσης
3376 5005 3528 5072 ἄλλης
3553 4985 3758 5066 ἁμαρτίας

2267 5098 2509 5152 ἐκώλυσε
2517 5116 2566 5154 ν.

2343 5211 2364 5244 ι
2393 5193 2504 5246 Καὶ
2533 5193 2838 5265 ὀνειδισμὸν
2869 5193 2969 5247 οὐκ
2997 5193 3216 5248 ἐλαϐεν.
3247 5212 3268 5245 ι
3571 5269 3585 5282 ι
3623 5265 3633 5282 ,

2341 5287 2480 5351 Τοὺς
2525 5287 2590 5341 δὲ’
2626 5254 2882 5358 ἐγγίστα,
2903 5287 3098 5357 ὥσπερ
3131 5288 3296 5358 ἡμεῖς
3316 5329 3331 5354 ν
3365 5254 3752 5376 ἀμαρτωλῗῡςέῗὶ

2269 5381 2516 5445 ἀσθενεῖς
2540 5355 2829 5453 νοήσοιιεν,
2864 5383 2960 5436 ἵνα
2985 5355 3401 5452 μὴήάριάρτωλοὶ
3426 5363 3663 5467 ἁμα

2274 5490 2390 5544 Ροις
2432 5448 2822 5545 ὀνειδίέωελεν,
2850 5448 3286 5544 νουθετίῦειενδὲ
3320 5467 3502 5543 μᾶλλον
3537 5448 3746 5520 ἀλλήλουίι

2277 5565 2372 5619 καὶ
2399 5565 2766 5638 διδάσκωμεν.

2355 5677 2374 5709 ι
2405 5657 2542 5723 Τοὺς
2570 5659 2626 5713 δὲ
2652 5659 3028 5731 φοϐουμένους
3055 5658 3148 5714 τὸν
3180 5657 3383 5730 Κύριον
3411 5642 3604 5712 δοξάζει·
3627 5649 3644 5684 ³
