4032 6430
170 394 326 462 1185

1330 374 1925 451 FRAGMENTA'IN
1967 383 2333 445 PSALMOS.

3336 374 3470 440 1186

248 507 371 563 Κᾶν
400 505 652 570 ἀσθενεῖς
684 498 813 569 ὦσι,
843 507 949 561 κᾶν
971 504 1200 575 πτωχοὶ,
1228 502 1333 557 κᾶν
1367 500 1772 573 βάρδαροι,κᾶν

1900 508 1905 537 2
1939 492 2179 548 Tametsi
2205 491 2504 547 imbecilles
2536 490 2668 557 sint,
2688 486 2904 543 tametsi
2930 498 3222 557 pauperes,
3255 485 3469 539 tametsi

170 600 477 670 ἀλλότριοι.
511 597 570 651 '0
615 596 725 668 γὰρ
774 598 903 660 τοὺς
946 593 1419 665 πονηρευομένους
1456 591 1772 657 ὲξουδενῶν,

164 707 309 754 τους
333 691 390 744 δὲ
412 689 577 759 φοϐον
587 688 785 759 μένους
814 688 905 741 τὸν
932 686 1140 756 Κύριον
1169 684 1431 749 δοξάζων,
1456 682 1687 747 πολλοὺς
1711 684 1776 736 ἐκ

170 781 450 855 πονηρίας
479 781 810 852 ἀποτρέπει,
843 780 1145 849 προτρέπει
1177 777 1234 830 δὲ
1261 776 1398 847 πρὸς
1433 775 1735 829 εὐσέϐειαν.

754 868 1054 923 ΨΑΛΜΟΣ
1102 867 1206 920 IE'.

144 990 161 1003 -
255 982 276 1015 ι
308 961 519 1033 Κύριός
554 979 657 1031 μου
691 956 744 1014 εἷ
769 960 857 1015 σύ.
886 980 905 1012 ι

265 1055 432 1126 Ὁρᾷς
476 1057 576 1126 τῆς
613 1054 945 1124 Ἐκκλησίας
996 1054 1096 1125 τὴν
1143 1051 1775 1124 εὐγνωμοσύνην.⁹ομοὓ

171 1147 292 1219 γὰρ
333 1147 430 1199 καὶ
468 1145 569 1218 τὴν
606 1145 807 1216 ἑαυτῆς
837 1148 1134 1216 πτωχείαν,
1167 1146 1265 1198 καὶ
1295 1143 1390 1198 τοῦ
1418 1142 1654 1215 νυμφίου
1684 1143 1777 1197 τὸν

172 1239 417 1293 πλοῦτον
462 1238 835 1309 ὡμολόγησεν.
867 1234 1042 1300 Elea,
1078 1242 1236 1309 φησι,
1270 1236 1351 1303 τῷ
1377 1234 1595 1305 Κὺρίῳ,
1618 1253 1777 1292 τουτ-

173 1334 302 1386 έστι
330 1331 409 1402 τῷ
453 1329 695 1401 Χριστῷ,
748 1332 965 1401 Κύριός
1006 1349 1127 1401 μου
1155 1327 1213 1386 εἴ
1237 1331 1342 1387 σύ.
1373 1331 1490 1384 Οὐκ
1518 1328 1589 1397 εἴ,
1621 1331 1775 1402 φησὶ,

171 1428 337 1497 ψιλὸς
370 1426 681 1498 ἄνθρωπος,
716 1425 851 1479 ἀλλὰ
880 1423 1106 1494 Κύριος,
1131 1424 1320 1494 ἐπειδὴ
1346 1422 1540 1494 δούλην
1573 1422 1653 1485 είς
1678 1423 1780 1491 γά·

180 1537 292 1588 μου
333 1517 645 1583 κοινωνίαν,
677 1516 775 1570 καὶ
801 1517 901 1584 τὴν
926 1515 1233 1585 ἀπόϐλητον
1266 1516 1481 1578 ἐλαεες.

262 1631 282 1663 ι
314 1611 519 1683 Κύριος
551 1609 710 1681 μερὶς
749 1609 849 1679 τῆς
878 1608 1250 1679 κληρονομίας
1284 1624 1387 1678 μου
1424 1608 1520 1662 καὶ
1552 1606 1645 1660 τοῦ
1685 1622 1777 1660 ποι-

178 1722 253 1776 τη
265 1704 381 1774 ρίου
414 1721 539 1775 μου.
576 1723 595 1755 ι

257 1795 646 1867 κληρονομίας
683 1793 836 1865 φησὶ,
872 1793 1122 1847 τουτέστι
1170 1791 1267 1845 τοῦ
1305 1792 1610 1863 μυστηρίου
1655 1791 1777 1845 τού-

1873 588 2131 654 barbari,
2179 587 2395 642 tametsi
2452 586 2794 656 alienigenae.
2856 579 2962 647 Qui
3006 580 3154 635 enim
3200 578 3472 649 malignos

1873 680 2206 743 contemnit,
2258 679 2516 734 timentes
2598 690 2729 731 vero
2802 671 3095 727 Dominum
3164 670 3469 743 glorilicat,

1876 774 2077 829 inultos
2105 788 2136 826 a
2176 771 2417 842 nequitia
2448 768 2668 831 avertit,
2700 776 2756 821 et
2788 765 2856 820 ad
2887 764 3143 836 pietatem
3174 761 3467 819 convertit.

2410 857 2735 914 PSALMUS
2768 855 2888 912 XV.

1947 955 2112 1012 Vens.
2136 956 2191 1010 2.
2226 975 2245 1007 ‹
2274 955 2537 1009 Dominus
2572 968 2725 1007 meus
2749 966 2808 1006 es
2841 959 2922 1006 tu.
2953 966 2972 1000 ι

1907 1062 1925 1070 ’
1947 1046 2112 1102 Vides
2145 1046 2400 1102 Ecclesiae
2431 1043 2816 1115 gratitudinetn
2837 1059 2851 1097 :
2875 1040 3036 1094 simul
3059 1038 3206 1093 enim
3228 1045 3283 1091 ct
3313 1050 3468 1089 suam

1876 1147 2271 1211 paupertatem,
2322 1145 2378 1191 et
2411 1134 2594 1205 sponsi
2636 1133 2853 1188 divitias
2887 1131 3130 1203 professa
3172 1137 3278 1185 est.
3320 1127 3466 1192 Dixi,

1876 1232 2073 1302 inquit,
2108 1230 2334 1285 Domino
2368 1228 2443 1295 (id
2471 1235 2559 1281 est
2613 1225 2853 1296 Christo)
2884 1242 2897 1281 :
2926 1224 3182 1278 Dominus
3235 1238 3381 1277 meus
3415 1234 3469 1273 es

1876 1335 1956 1378 tu.
1999 1323 2116 1377 Non
2140 1336 2220 1381 es.
2244 1321 2444 1390 inquit,
2471 1332 2643 1388 purus
2665 1315 2852 1379 homo,
2884 1316 2983 1371 sed
3038 1314 3342 1370 Dominus:
3393 1311 3466 1367 si-

1874 1411 2097 1481 quidem
2133 1425 2347 1467 scrvam
2378 1410 2431 1462 in
2464 1423 2690 1462 uxorem
2715 1416 2772 1462 et
2800 1406 3004 1463 sociam
3028 1405 3253 1465 duxisti,
3286 1411 3343 1458 et
3390 1418 3471 1457 re-

1874 1504 2073 1572 jectam
2108 1501 2202 1558 tibi
2231 1499 2583 1570 conjunxisti.

1950 1595 2113 1651 Vens.
2139 1595 2193 1651 5.
2231 1614 2250 1646 ι
2283 1593 2545 1650 Dominus
2576 1605 2704 1661 pars
2732 1586 3068 1644 haereditatis
3098 1600 3288 1640 mete.)

1950 1794 2294 1851 Hmreditatis
2318 1791 2559 1863 (inquit),
2593 1791 2700 1845 hoc
2733 1798 2817 1844 est
2837 1785 3082 1860 mysterii
3107 1784 3295 1854 hujus.
3333 1780 3468 1837 Nam

182 1906 302 1941 του.
342 1886 725 1958 Κληρονομίαν
755 1886 866 1956 γὰρ
898 1888 956 1939 ὲν
984 1884 1062 1956 τῷ
1090 1882 1247 1939 αἰῶνι
1279 1883 1455 1954 τούτῳ
1483 1885 1517 1955 ἠ
1552 1884 1777 1954 Ἐκκλη-

1906 1903 1940 1941 η
1970 1887 2222 1957 praesenti
2249 1886 2470 1949 saeculo,
2501 1893 2702 1954 praeter
2727 1883 2903 1937 solum
2941 1878 3137 1943 Deum,
3158 1890 3271 1931 non
3307 1874 3473 1931 habet

188 1982 279 2034 σία
328 1982 388 2034 ού
429 1980 724 2050 κέκτηται,
762 1981 903 2048 πλὴν
941 1979 1102 2047 μόνον
1135 1976 1225 2029 τὸν
1259 1976 1611 2039 Θεόν.⁶’οστις
1642 1975 1779 2046 αὐτῇ

186 2077 279 2127 τὸν
309 2074 512 2144 κλῆρον
547 2070 874 2141 εὐπρεπίζει
902 2071 994 2123 τὸν
1025 2068 1310 2140 μέλλοντα,
1342 2068 1430 2121 διὰ
1458 2067 1617 2121 τοῦτο
1640 2069 1783 2121 εἰκό-

187 2187 295 2229 τως
333 2169 361 2221 ό
389 2168 571 2237 στίχος
603 2168 631 2220 ό
661 2165 928 2233 ἑπόμενος
980 2163 1343 2234 πρόσκειται·
1382 2181 1400 2214 ι
1432 2161 1516 2217 Σὺ
1554 2158 1610 2216 εἷ
1631 2161 1784 2215 ἀπο-

190 2259 493 2315 καθιστῶγ
524 2258 639 2325 τὴν
666 2257 1101 2326 κληρονομίαν.
1137 2274 1155 2308 ι

270 2372 289 2403 ι
322 2352 614 2422 Εύλογήσω
638 2350 730 2403 τὸν
757 2348 985 2420 Κύριον.
1017 2366 1035 2398 ι

271 2445 490 2513 Εὐλογεί
517 2446 608 2497 τὸν
640 2443 774 2496 Θεὸν
796 2446 829 2514 ἡ
865 2440 1186 2512 Ἐκκλησία,
1223 2440 1301 2503 ὡς
1331 2439 1466 2511 παρ’
1488 2437 1658 2492 αὐτοῦ
1700 2438 1785 2491 δε-

208 2538 411 2607 ξαμένη
436 2537 541 2589 τῶν
572 2534 893 2607 μυστηρίων
918 2532 1018 2602 τὴν
1054 2531 1291 2595 σύνεσιν,
1322 2528 1419 2583 καὶ
1448 2528 1546 2600 τὴν
1573 2528 1783 2598 πλάνην

204 2632 312 2685 τῶν
343 2630 608 2684 Ἰουδαίων
639 2627 964 2682 ὲκκλίνασα.

275 2741 294 2773 ι
323 2719 676 2793 Προωρώμην
723 2720 814 2773 τὸν
867 2717 1072 2789 Κύριον
1114 2714 1347 2771 ἐνώπιόν
1398 2731 1505 2786 μου
1552 2713 1783 2768 διαπανσ

192 2814 308 2874 τός.
341 2831 361 2864 ι

266 2904 508 2974 Θεωρεῖς
529 2902 659 2955 Υἱοῦ
687 2903 782 2955 καὶ
804 2901 1019 2973 Πατρὸς
1040 2899 1366 2971 όμοτιμίαν;
1392 2896 1531 2951 Ποτὲ
1558 2896 1657 2968 μὲν
1676 2897 1785 2967 γὰρ

196 2996 223 3047 ὁ
253 2994 383 3056 Υἱὸς
419 2993 640 3045 ἑστάναι
671 2992 734 3044 ἐκ
767 2990 979 3059 δεξιῶν,
1013 2990 1045 3061 ἢ
1087 2989 1365 3058 καθῆσθαι
1398 2988 1620 3056 λέγεται
1642 3004 1655 3019 ’
1689 2986 1785 3040 νῦν

196 3086 256 3138 δὲ
287 3084 365 3155 τῷ
393 3085 568 3155 [latth
595 3083 688 3135 τὸν
718 3082 894 3148 δεξιὸν
922 3083 1087 3135 τόπον
1121 3080 1386 3150 ἀπονέμει
1407 3095 1420 3109 ⁸
1470 3079 1557 3133 ἵνα
1607 3078 1786 3151 μάθῃς

200 3177 332 3246 μίαν
358 3172 498 3229 εἶναι
522 3173 618 3227 τοῦ
651 3172 1016 3242 Γεννηθέντος
1041 3171 1137 3226 καὶ
1167 3173 1263 3224 τοῦ
1293 3171 1662 3240 Γεννήσαντος
1690 3168 1784 3221 δύ-

197 3286 389 3339 ναμιν,
421 3267 581 3321 είκαὶ
601 3266 698 3320 νῦν
727 3265 964 3319 ταπεινὰ
1002 3264 1093 3318 διὰ
1118 3264 1215 3336 τὴν
1247 3263 1428 3334 σάρκα
1463 3261 1785 3333 φθέγγεται.

768 3379 1062 3434 ΨΑΑΜΟΣ
1099 3379 1182 3445 1C,—
1185 3376 1216 3432 '.

276 3493 298 3527 ι
330 3474 738 3545 Θαυμάστωσον
764 3471 834 3525 τά
865 3470 994 3541 ὲλέη
1022 3486 1115 3523 σου
1137 3508 1153 3534 ,
1181 3470 1209 3522 ὁ
1238 3465 1429 3534 σώζων
1463 3466 1589 3532 τοὺς
1632 3466 1788 3519 ἑλπί-

201 3563 401 3629 ζοντας
435 3565 527 3617 ἐπὶ
557 3563 639 3617 σέ.
671 3581 693 3616 ι

277 3657 414 3712 Ποῖα
442 3642 757 3726 διαδήματα
784 3651 1218 3723 καωρτισθῆναι
1241 3652 1300 3705 ὲν
1322 3652 1445 3714 ταῖς
1471 3649 1680 3722 τρίϐοις
1697 3648 1791 3704 τοῦ

201 3748 379 3815 Θεοῦ,
416 3751 545 3804 ποῖα
576 3749 636 3803 δὲ
668 3746 745 3819 μὴ
782 3747 1111 3816 σαλευθῆναι
1146 3747 1175 3799 ό
1212 3746 1511 3816 Προφήτης
1536 3742 1789 3815 εὖχεται;

205 3841 547 3913 Διαὸήματα
588 3842 783 3913 πρῶτα
810 3841 879 3895 τὰ
925 3841 1025 3911 τῆς
1070 3837 1251 3909 ψυχῆς
1285 3839 1564 3907 κινήματα
1590 3836 1791 3905 κεκτήρ

211 3934 354 4006 μεθα
372 3973 387 3999 ,
421 3936 517 3988 καὶ
545 3933 722 3988 ταῦτα
750 3929 1224 4000 καταρτισθῆναι
1244 3970 1259 3995 ,
1290 3929 1535 3983 τουτέστι
1567 3926 1795 3999 βεϐαιω-

210 4027 474 4098 θῆναι,ὲν
494 4026 623 4094 ταῖς
642 4027 865 4095 τρίϐοις
888 4023 982 4078 τοῦ
1005 4023 1163 4089 Θεοῦ,
1190 4024 1250 4076 ἐν
1273 4024 1385 4086 τοῖς
1410 4020 1794 4091 προστάγμασι

203 4122 322 4183 τοῖς
350 4118 515 4183 θείοις
543 4118 786 4189 δηλονότι
807 4116 1193 4189 προσεύχεται.
1216 4113 1437 4169 Τούτων
1459 4112 1570 4184 γάρ
1590 4128 1796 4182 καταρ-

203 4210 522 4276 τισθέντων,
552 4209 674 4264 οὐδὲ
699 4208 769 4263 τὰ
797 4208 936 4263 ἄλλα
969 4207 1129 4279 ἡμῶν
1156 4206 1489 4278 διαδήματα,
1518 4204 1796 4259 τουτέστιν

210 4303 270 4357 αἱ
308 4302 559 4372 πράξεις,
588 4299 910 4358 σαλεύονται
929 4318 945 4334 ’
973 4298 1221 4372 ἁμαρτία
1249 4298 1361 4369 γὰρ
1391 4295 1533 4351 αὐτὰ
1563 4294 1794 4367 μοχλεῦ-

210 4408 304 4446 σαι
334 4392 398 4445 οὐ
428 4392 672 4446 δύναται.

286 4502 304 4535 ι
337 4485 401 4536 Οἱ
429 4482 616 4555 ἐχθροί
649 4500 751 4555 μου
780 4482 878 4555 τὴν
905 4481 1085 4555 ψυχήν
1115 4498 1241 4553 μου.
1276 4499 1295 4532 ι

280 4670 563 4725 Κυκλοῢσι
609 4672 719 4743 γὰρ
746 4671 848 4745 τὴν
878 4671 1056 4743 ψυχὴν
1086 4668 1246 4741 ἡμῶν
1271 4668 1321 4722 οἱ
1348 4666 1603 4737 δαίμονες
1622 4702 1637 4727 ,
1673 4662 1789 4728 καὶ,

209 4762 419 4834 θηρίων
430 4763 608 4835 δίκην,
627 4762 860 4827 ἕκαστος
885 4760 1295 4834 προσλαμϐάνει
1322 4755 1648 4825 παγιδεῦσαι
1670 4754 1795 4824 βου-

211 4853 463 4924 λόμενος.
490 4854 665 4926 Στέαρ
703 4854 760 4908 δὲ
786 4853 894 4908 τῶν
922 4852 1215 4925 δαιμόνων,
1236 4850 1331 4903 καὶ⁸
1361 4848 1534 4920 τροφὴ
1562 4846 1792 4918 λιπαρὰ,

210 4947 262 5000 οἱ
284 4945 720 5017 ἁμαρτάνοντες,
741 4945 834 5010 οὒς
862 4946 980 5009 ταῖς
1003 4944 1214 5016 ἡδοναῖς
1238 4940 1631 5006 ἀπολαύοντας,
1653 4937 1795 4992 ὥστε

215 5037 416 5108 μηκέτι
450 5037 758 5107 διαφμγείν,
794 5037 1163 5107 συγκλείουσι.
1193 5035 1365 5090 Ποίαν
1408 5033 1465 5087 δὲ
1509 5033 1797 5104 ὑπερηφαο

210 5131 371 5199 νίαν;
422 5129 536 5200 Τὴν
570 5131 910 5185 ἀποστασίαν
941 5131 1040 5203 τὴν
1072 5129 1183 5187 ἀπὸ
1226 5127 1322 5181 τοῦ
1352 5125 1510 5194 Θεοῦ,
1546 5125 1645 5196 τὴν
1670 5126 1800 5203 άπι-

215 5222 373 5276 στίαν
416 5219 514 5275 τοῦ
565 5222 854 5293 μέλλοντος
880 5262 896 5289 ,
945 5200 1043 5293 τῆς
1089 5221 1323 5294 κρίσεως
1372 5220 1472 5288 τὴν
1515 5200 1794 5287 ἀθέτησιν.

213 5316 403 5368 Ταῦτα
433 5315 541 5385 γὰρ
580 5316 629 5368 οἱ
662 5313 882 5384 θέμενοι
914 5316 1214 5386 ἁμαρτεῖν,
1246 5312 1373 5375 τοὺς
1401 5308 1799 5379 ἀπατωμένους

214 5403 645 5476 προτρέπονται.

290 5514 310 5549 ι
334 5496 646 5569 Ἀνάστηθι,
680 5497 876 5567 Κύριε.
910 5514 929 5548 ι

296 5588 604 5661 Ῥομφαίαν
643 5589 802 5644 καλεῖ
848 5589 944 5643 τοῦ
991 5588 1126 5642 Θεοῦ
1166 5588 1227 5641 τὸ
1258 5586 1486 5650 δίκαιον,
1524 5581 1799 5655 μαχαίρας

211 5681 376 5753 δίκην
427 5682 557 5747 ὅλας
604 5683 715 5754 ⁸τὰς
764 5682 873 5737 τῶν
925 5682 1197 5754 δαιμόνων
1259 5676 1595 5751 παρατάξεις
1641 5673 1795 5730 ἑκτέα

220 5792 451 5847 μνοντα.

306 5884 328 5922 ι
350 5866 784 5940 Ἐχορτάσθησαν
814 5867 965 5922 υἱῶν.
998 5885 1017 5918 ο

1883 1981 2127 2038 Ecclesia
2152 1979 2547 2037 haereditatem.
2584 1976 2682 2031 Hic
2704 1975 2781 2032 illi
2805 1974 3047 2029 futuram
3099 1969 3472 2028 haereditatent

1882 2084 2075 2145 parat:
2109 2082 2394 2145 propterea
2423 2072 2551 2127 huic
2591 2069 2865 2125 versiculo
2912 2079 3150 2135 sequens
3172 2063 3295 2133 jure
3319 2060 3473 2116 addi-

1888 2176 1977 2222 tur
2011 2185 2024 2222 :
2058 2186 2077 2219 ι
2099 2166 2171 2223 Tu
2195 2182 2247 2220 es
2268 2166 2358 2237 qui
2382 2164 2624 2220 restitues
2643 2162 3029 2217 Itwreditatem.
3061 2177 3080 2210 ι

1958 2350 2119 2405 Vens.
2146 2350 2199 2404 7.
2243 2367 2261 2400 ι
2288 2347 2613 2403 Benedicam
2651 2341 2966 2399 Dominum.
2999 2359 3019 2393 ι

1956 2443 2068 2499 Deo
2107 2443 2382 2499 henedicit
2410 2438 2675 2503 Ecclesia,
2707 2444 2767 2491 ut
2798 2450 2920 2504 quas
2948 2434 3016 2489 ab
3040 2432 3159 2503 ipso
3186 2429 3472 2502 mysterio—

1884 2553 2007 2593 rum
2034 2535 2446 2607 intelligentiam
2474 2530 2766 2601 acceperit.
2805 2544 2870 2587 ac
2898 2527 3208 2584 Judmorum
3227 2536 3472 2579 errorem

1884 2629 2264 2687 declinaverit.

1961 2723 2119 2779 Vens.
2139 2724 2191 2779 8.
2217 2742 2235 2776 ι
2259 2720 2617 2777 Providebam
2637 2716 2929 2778 Dominum
2949 2712 3005 2769 in
3029 2717 3323 2781 conspectu
3349 2720 3472 2763 meo

1888 2831 2121 2887 semper.
2160 2835 2178 2869 ι

1959 2906 2124 2962 Vides
2149 2906 2411 2976 aqualem
2439 2900 2561 2957 Filii
2593 2915 2716 2956 cum
2741 2897 2902 2953 Patre
2936 2892 3295 2967 dignitatem?
3324 2890 3472 2945 Non-

1886 3014 2164 3070 nunquam
2194 2997 2343 3055 enim
2382 2995 2553 3052 Filius
2577 3005 2721 3051 stare
2750 3010 2781 3049 a
2810 2989 3014 3048 dextris
3040 2996 3134 3043 aut
3172 2984 3363 3044 sedere
3390 2984 3474 3038 di-

1887 3094 2066 3159 citur;
2119 3105 2268 3148 nunc
2300 3105 2432 3147 vero
2465 3087 2613 3143 Patri
2673 3087 2927 3142 dextrum
2967 3082 3146 3137 locum
3186 3078 3473 3133 attribuit:

1890 3192 1950 3238 ut
1974 3183 2155 3240 discas
2179 3196 2343 3236 unam
2360 3193 2489 3239 esse
2517 3176 2699 3233 Geniti
2727 3184 2785 3231 et
2808 3172 3086 3231 Genitorls
3128 3176 3472 3240 potestatem,

1890 3275 2107 3330 tametsi
2133 3276 2244 3346 jam
2274 3282 2500 3345 propter
2541 3284 2763 3327 carnem
2792 3265 3015 3323 humilia
3042 3265 3312 3333 loquatur.

2430 3359 2753 3423 PSALMUS
2785 3357 2924 3415 XVI.

1963 3456 2126 3512 Vens.
2165 3456 2219 3510 7.
2261 3474 2282 3508 ι
2310 3453 2536 3510 Miriﬁca
2564 3448 2966 3509 misericordias
2994 3454 3139 3513 tuas,
3179 3443 3272 3515 qui
3297 3441 3478 3498 salvas

1891 3548 2026 3604 facis
2050 3555 2331 3617 sperantes
2359 3546 2415 3600 in
2446 3553 2515 3599 te.
2556 3562 2576 3594 ι

1967 3635 2245 3702 Quasnam
2281 3649 2503 3706 gressus
2548 3634 2607 3687 in
2661 3630 2756 3684 Dei
2803 3627 3014 3684 semitis
3053 3622 3241 3696 perﬁci
3269 3663 3285 3689 ,
3338 3635 3493 3691 quos

1892 3723 2023 3779 item
2057 3740 2168 3777 non
2210 3723 2542 3778 commoveri
2573 3721 2848 3790 Propheta
2888 3716 3087 3789 rogat?
3120 3716 3337 3771 Cressa;
3365 3710 3479 3782 pri-

1893 3831 2014 3871 mos
2045 3817 2215 3871 animi
2241 3825 2426 3871 motus
2458 3823 2730 3877 tenemus,
2768 3824 2912 3881 quos
2960 3806 3180 3879 perﬁci,
3229 3805 3335 3859 hoc
3394 3808 3480 3855 est

1894 3912 2209 3967 cdnlirmari
2239 3913 2295 3965 in
2324 3912 2525 3965 semitis
2560 3910 2677 3973 Dei,
2733 3908 2837 3961 hoc
2885 3916 2972 3960 est
3000 3904 3053 3958 in
3082 3901 3285 3958 divinis
3317 3914 3480 3953 man-

1895 4005 2041 4061 datis
2063 4045 2079 4070 ,
2111 4014 2254 4060 orat.
2286 4004 2446 4070 Nam,
2485 4003 2553 4057 iis
2581 4001 2842 4058 stabilitis
2880 4013 2944 4052 ac
2976 3993 3254 4068 perfectis,
3285 3992 3479 4063 reliqui

1897 4112 2120 4169 gressus
2150 4096 2348 4160 nostri,
2398 4094 2503 4149 hoc
2526 4104 2609 4147 est
2642 4092 2909 4154 actiones,
2944 4105 3055 4146 non
3082 4093 3319 4142 nutant:
3350 4096 3479 4139 nam

1898 4198 2188 4260 peccatum
2223 4202 2325 4243 eos
2358 4187 2641 4243 dimovere
2677 4200 2786 4239 non
2817 4190 3019 4253 potest.
3232 4188 3235 4197 °

1971 4454 2130 4511 Vens.
2159 4455 2214 4512 9.
2269 4451 2529 4508 «Inimici
2576 4449 2687 4506 mei
2733 4448 2972 4504 animam
3016 4462 3193 4502 meam
3241 4446 3478 4501 circum-

1827 4564 1873 4622 ι)
1898 4549 2192 4606 dederunt.
2226 4566 2245 4598 ›

1971 4639 2327 4697 Circutndant
2355 4638 2503 4695 enim
2534 4636 2773 4691 animam
2810 4641 3057 4689 nostram
3099 4633 3394 4695 daemones,
3424 4639 3482 4685 et

1900 4733 2141 4789 ferarum
2174 4747 2349 4800 more,
2388 4730 2619 4802 quilibet
2641 4744 2762 4785 eam
2789 4726 3007 4781 irretire
3047 4730 3242 4780 tentat.
3297 4722 3483 4794 Adeps

1900 4843 2030 4885 vero
2063 4828 2374 4882 daemonum
2399 4864 2415 4890 ,
2449 4832 2504 4878 et
2535 4837 2660 4878 esca
2689 4819 2910 4893 pinguis
2929 4857 2945 4884 ,
2981 4824 3110 4872 sunt
3139 4824 3478 4885 peccatores,

1901 4935 2039 4990 quos
2065 4917 2437 4989 voluptatibus
2461 4916 2757 4981 inescatos,
2802 4926 2874 4966 ne
2912 4909 3147 4981 amplius
3192 4906 3480 4979 eﬂugiaut,

1900 5012 2362 5067 circumcludunt.
2405 5008 2513 5065 Sed
2540 5007 2717 5079 qualis
2753 5003 3054 5075 superbia?
3092 5000 3380 5072 Apostasia
3426 5010 3485 5057 et

1901 5100 2136 5158 deiectio
2165 5116 2196 5155 a
2227 5100 2361 5166 Deo,
2394 5098 2708 5154 futurorum
2739 5095 3119 5159 incredulitas,
3144 5091 3339 5164 judicii
3379 5108 3483 5148 ne-

1900 5195 2066 5265 gatio.
2099 5193 2181 5249 Ad
2217 5193 2334 5248 haec
2363 5193 2509 5248 enim
2549 5192 2586 5246 ii
2618 5191 2711 5261 qui
2746 5203 2978 5262 peccare
3002 5187 3222 5260 jubent,
3264 5200 3361 5243 eos
3391 5187 3486 5260 qui

1900 5298 2030 5343 sunt
2067 5285 2306 5358 decepti,
2330 5285 2716 5341 adhortantur.

1972 5483 2138 5539 Vens.
2172 5484 2260 5539 15.
2280 5501 2298 5534 ι
2328 5482 2589 5554 Exsurge,
2615 5481 2866 5537 Domine.
2889 5498 2909 5534 ι

1977 5576 2263 5633 Frameam
2294 5576 2533 5648 appellat
2555 5575 2827 5647 justitiam
2856 5573 2977 5641 Dei,
3008 5572 3181 5627 instar
3205 5564 3366 5642 gladii
3397 5564 3483 5622 in-

1910 5678 2086 5742 tegras
2108 5669 2421 5723 daamonum
2457 5667 2603 5722 acies
2631 5665 3070 5721 exscindcntetn.

1984 5850 2140 5908 Vens.
2176 5852 2264 5907 Η.
2311 5870 2329 5905 ι
2369 5852 2603 5909 Saturati
2640 5859 2769 5908 sunt
2796 5850 2937 5906 ﬁliis.
2980 5869 3000 5904 υ
