3928 6426
628 336 771 405 1187

1825 343 2191 407 HESYCHII
2230 344 2704 414 PRESBYTERI

3717 370 3733 429 I
3746 371 3813 433 Μ

695 459 839 523 Non.
870 468 931 516 ut
953 460 1175 531 quidam
1202 472 1418 533 putant,
1440 462 1794 534 reprehendit
1816 463 1905 518 hic
1918 462 2195 519 Psalmista

2380 469 2454 521 Οὐ
2460 488 2514 540 χ,
2532 470 2607 535 ὥς
2619 489 2767 538 τινες
2784 475 3091 545 νομίζουσι,
3109 479 3169 532 τὸ
3183 479 3384 551 βρῶμα
3404 480 3620 538 ἐνταῦθα
3633 485 3658 538 6
3672 486 3815 557 Ψαὶμ.

631 564 815 604 escam
849 550 1086 606 ﬁliorum
1121 553 1282 621 (nam
1330 569 1393 609 ea
1423 570 1543 624 quae
1574 554 1855 609 introeunt
1885 554 1940 609 in
1977 570 2062 620 os,
2093 570 2205 610 non

632 642 992 714 coinquinant
1013 646 1289 701 hominem
1312 646 1379 717 ⁷,)
1412 647 1511 702 sed
1537 647 1682 717 ipSos
1712 657 1771 702 ut
1798 648 1954 703 valde
1984 647 2208 702 insanos

514 772 519 777 ι
631 735 827 805 arguit,
853 737 1017 806 quod,
1044 754 1167 793 cum
1195 740 1472 809 c0piosam
1512 755 1543 793 a
1574 738 1684 795 Deo
1732 740 1942 810 prolem
1971 755 2207 811 accepe-

632 828 765 894 rint,
794 843 907 883 non
938 830 1191 885 virtutem
1225 832 1376 902 ipsis,
1423 834 1517 888 sed
1559 834 1777 890 malitia:
1804 850 1918 891 sua:
1948 835 2208 906 reliquias

631 933 730 989 pro
760 920 1079 976 haereditate
1110 922 1521 992 dereliquerint.

1158 1034 1482 1092 PSALMUS
1515 1036 1681 1093 XVII.

703 1119 858 1178 Vnus.
892 1124 978 1179 10.
1025 1142 1044 1175 ι
1079 1123 1144 1178 Et
1173 1126 1457 1184 inclinavit
1479 1131 1667 1195 cmlos,
1696 1140 1752 1186 et
1779 1132 2085 1187 descendit.
2115 1152 2134 1184 ι

698 1214 981 1269 Inclinavit
1020 1217 1191 1283 carlos,
1236 1228 1296 1273 ut
1328 1230 1527 1275 terram
1574 1223 1712 1277 coelo
1738 1224 2117 1293 conjungeret,
2151 1231 2207 1278 et

630 1302 985 1361 inferioribus
1013 1321 1138 1361 cum
1182 1309 1436 1379 supernis
1469 1312 2018 1368 communicationem
2063 1329 2203 1383 pra:-

626 1395 803 1450 beret.
846 1395 959 1451 Hoc
987 1408 1172 1453 autem
1203 1401 1425 1457 minime
1460 1402 1663 1457 factum
1712 1402 1942 1468 fuisset,
1976 1404 2080 1459 nisi
2107 1405 2205 1459 de-

626 1487 898 1541 scendens
925 1503 990 1542 eo
1024 1505 1133 1558 quo
1163 1491 1366 1561 suscipi
1402 1501 1617 1563 poterat
1651 1495 1813 1549 modo
1841 1535 1856 1560 ,
1910 1494 1966 1549 in
2002 1504 2203 1549 terram

623 1577 967 1645 advenisset;
1019 1582 1229 1639 scilicet
1260 1585 1314 1638 in
1346 1600 1532 1655 carne,
1586 1603 1752 1658 quam
1792 1588 2073 1659 caliginem
2108 1588 2201 1643 sub

622 1670 844 1741 pedibus
881 1674 1197 1743 appellavit.

1113 1786 1437 1845 PSALMUS
1474 1789 1693 1849 XXXII.

700 1872 864 1929 Vens.
889 1875 941 1930 5.
989 1896 1008 1929 ι
1048 1876 1231 1950 Diligit
1253 1881 1684 1937 misericordiam
1712 1892 1768 1938 et
1790 1882 2072 1955 judicium.
2108 1902 2127 1935 ι

687 1964 1115 2023 Misericordiam
1143 1979 1301 2026 vocat
1337 1973 1726 2045 benignitatem
1751 2015 1766 2040 ,
1801 1991 1965 2045 quam
1994 1975 2202 2045 judicio

618 2067 909 2129 propterea
926 2063 1241 2132 praposuit,
1264 2064 1409 2133 quod
1430 2064 1573 2121 Deus
1593 2067 1826 2137 primum
1847 2068 2198 2139 benignitate,

620 2165 686 2204 ac
718 2150 921 2207 deinde
946 2154 1156 2224 judicio
1185 2166 1369 2211 utatur
1396 2157 1449 2212 in
1478 2172 1573 2213 eos
1603 2159 1697 2230 qui
1728 2159 1785 2214 in
1815 2172 2043 2231 peccato
2077 2177 2202 2233 per-

619 2253 897 2299 severam.

692 2334 858 2392 Vens.
896 2339 949 2392 7.
996 2356 1014 2390 ι
1039 2339 1386 2412 Congregans
1416 2343 1557 2400 sicut
1594 2354 1769 2400 utrem
1797 2362 1987 2417 aquas.
2013 2367 2032 2401 ι

687 2424 926 2497 Abyssos
952 2444 1080 2484 vero
1111 2429 1249 2485 dicit
1276 2438 2000 2503 aquarummultitudinem,
2035 2454 2199 2508 quam

619 2516 674 2571 in
704 2519 905 2575 abditis
934 2522 1036 2576 sub
1067 2532 1266 2578 terram
1311 2525 1446 2581 locis
1478 2528 1805 2595 collocavit,
1856 2540 1917 2587 ut
1948 2531 2110 2586 etiam
2141 2531 2197 2585 in

617 2609 723 2665 hoc
751 2612 1023 2683 sapientia
1052 2614 1174 2683 ejus
1201 2616 1518 2674 admiranda
1545 2621 1617 2675 sit
1650 2639 1663 2675 :
1693 2622 1962 2692 siquidem
1989 2623 2196 2678 aridam

616 2717 783 2773 super
821 2705 1107 2763 humidum
1141 2706 1429 2778 fundavit,
1477 2713 1766 2785 ell‘ecitque
1820 2725 1878 2771 ut
1926 2732 1957 2771 a
1994 2716 2197 2772 leviore

616 2797 833 2869 gravior
864 2809 1195 2870 portaretur.

683 2975 849 3032 Vens.
880 2978 967 3034 l6.
1013 2997 1032 3033 ι
1069 2980 1187 3037 Non
1218 2984 1458 3041 salvatur
1486 3002 1582 3043 rex
1621 3004 1719 3060 per
1754 2990 1980 3045 multam
2020 2992 2194 3048 virtu~

615 3074 746 3122 tem.
782 3087 802 3120 ι

686 3160 745 3216 ln
791 3178 991 3219 vanum
1023 3163 1190 3237 igitur
1227 3169 1477 3239 corporis
1524 3172 1695 3225 robur
1734 3173 1872 3228 adeo
1911 3190 2187 3244 curamus,
2218 3157 2266 3222 (ἶ

614 3263 822 3311 temere
856 3272 987 3313 vero
1022 3260 1326 3329 potentiam
1365 3262 1433 3317 ab
1472 3264 1759 3333 allinibus,
1793 3268 1985 3324 amicis
2014 3280 2071 3325 et
2094 3285 2194 3340 pe-

613 3346 796 3403 cuniis
845 3349 947 3420 ipsi
1005 3351 1161 3407 nobis
1192 3354 1583 3413 vindicamus:
1624 3374 1753 3414 nam
1802 3361 1939 3417 nihil
1992 3374 2193 3435 praeter

612 3441 832 3495 coalitus
858 3442 1085 3499 missum
1104 3447 1364 3502 auxilium
1388 3464 1607 3506 servare
1630 3468 1731 3507 nos
1753 3463 1953 3524 potest.
1990 3457 2193 3512 Exem-

611 3531 762 3599 plum
795 3547 950 3587 sume
982 3549 1013 3588 a
1042 3534 1259 3591 Goliath
1294 3548 1349 3593 et
1384 3556 1415 3594 a
1444 3540 1748 3599 Pharaone.
1784 3545 1879 3601 llle
1925 3548 2072 3602 enim
2113 3550 2193 3621 εἰ.

612 3637 726 3691 gas,
744 3624 1158 3681 robustissimus
1190 3644 1314 3684 cum
1332 3640 1501 3699 esset,
1530 3649 1559 3687 a
1588 3635 1821 3705 simplici
1843 3653 2014 3707 puero
2028 3639 2190 3695 David

612 3711 773 3768 facile
807 3727 1097 3785 superatus
1154 3719 1303 3776 fuit:
1348 3722 1439 3778 hic
1487 3723 1742 3781 lsraelem
1790 3729 2025 3785 maxima
2065 3748 2191 3787 cur-

610 3819 772 3860 ruum
823 3816 879 3861 et
926 3823 1195 3878 equorum
1241 3814 1593 3873 multitudine
1623 3831 1988 3892 persecutus,
2041 3840 2193 3880 mare

612 3895 803 3953 habuit
832 3915 930 3968 pro
956 3903 1228 3972 sepulcro.
2112 3907 2130 3928 '

1103 4013 1423 4074 PSALMUS
1462 4018 1707 4078 XXXIII.

680 4099 844 4157 Vens.
873 4102 962 4157 12.
1004 4122 1024 4156 r
1054 4103 1269 4174 Venite,
1301 4108 1415 4174 lilii,
1444 4112 1630 4168 audite
1658 4130 1765 4170 me.
1792 4134 1810 4168 ι

685 4192 865 4248 Venite
892 4194 1047 4258 dicit.
1086 4204 1195 4252 tam
1248 4199 1313 4254 iis
1344 4202 1435 4271 qui
1469 4219 1639 4274 prope
1681 4216 1849 4272 sunt,
1910 4224 2075 4279 quam
2122 4209 2190 4266 iis

610 4285 703 4355 qui
734 4285 925 4355 procul
982 4288 1225 4354 absunt,
1307 4301 1367 4346 ut
1434 4293 1487 4347 bi
1551 4295 1774 4365 quidem
1828 4299 1923 4368 qui
1992 4301 2187 4356 remoti

610 4389 771 4446 sunt,
836 4380 1061 4451 propius
1113 4382 1415 4451 accedant;
1501 4386 1577 4440 illi
1644 4403 1772 4443 vero
1832 4405 1899 4445 ex
1961 4392 2188 4462 propiu-

2234 1815 2282 1876 Β

2310 562 2447 633 ῳδὺς
2486 565 2763 622 διασάλλει
2800 570 2912 625 τῶν
2978 572 3111 624 υίῶν
3146 574 3291 642 (ούδδ
3345 573 3454 645 γὰρ
3474 573 3541 628 τὰ
3568 577 3819 647 εἰσπορευό-

2312 672 2451 726 μενα
2478 659 2559 723 είς
2574 660 2637 716 τὸ
2655 662 2832 734 στόμα
2880 669 3051 720 κοινοῖ
3078 665 3168 720 τὸν
3194 666 3525 736 ἄνθρωπον),
3552 666 3654 723 ἀλλ’
3676 672 3821 738 αὐτοὺς

2306 748 2381 813 ώς
2408 749 2529 804 λίαν
2551 752 2895 824 ἀγνώμονας,
2925 757 3007 811 ὅτι
3036 758 3205 812 τέκνα
3238 759 3352 811 ἀπὸ
3368 758 3503 812 Θεοῦ
3526 759 3823 830 λαμϐάνοντες

2308 843 2390 907 είς
2424 845 2653 917 πλῆθος,
2681 849 2780 901 οὐκ
2813 849 3016 921 ἀρετὴν
3043 850 3250 914 αὐτοῖς,
3281 836 3421 904 ἀλλὰ
3458 852 3731 908 κατάλοιπα
3754 862 3825 925 τῆς

2309 936 2521 991 ἑαυτῶν
2549 938 2746 1004 κακίας
2776 942 2899 994 ἀντὶ
2930 940 3137 1012 κλήρου
3170 943 3519 1013 παρέδωκαν.

2872 1055 3169 1109 ΨᾹΛΜΟΣ
3219 1058 3323 1111 IZ'.

2383 1162 2401 1193 ι
2432 1144 2544 1197 Καὶ
2567 1142 2779 1199 ἔκλινεν
2805 1146 3090 1217 οὐρανοὺς,
3126 1149 3218 1201 καὶ⁸
3247 1149 3482 1220 κατέϐη.
3514 1168 3531 1201 ι

2381 1238 2658 1292 Ἕκλινεν
2681 1240 2980 1307 οὐρανοὺς
2998 1283 3012 1307 ,
3040 1243 3127 1295 ἵνα
3152 1245 3253 1311 τὴν
3281 1244 3389 1313 γῆν
3418 1244 3493 1314 τῷ
3526 1244 3716 1317 οὐρανῷ
3736 1265 3822 1300 συν-

2306 1328 2448 1401 άψῃ,
2478 1332 2576 1384 καὶ
2618 1334 2734 1396 τοῖς
2760 1334 2913 1386 κάτω
2941 1333 3079 1404 πρὸς
3109 1334 3178 1387 τὰ
3208 1335 3324 1389 ἄνω
3356 1338 3629 1390 κοινωνίαν
3649 1340 3820 1408 χαρίσηι

2303 1439 2414 1477 ται.
2445 1424 2562 1478 Οὐκ
2595 1424 2662 1478 ἂν
2686 1425 2743 1479 δὲ
2774 1425 2936 1480 τοῦτο
2963 1426 3215 1496 ἐγένετο,
3247 1431 3298 1481 εί
3327 1427 3404 1499 μὴ
3434 1429 3661 1493 καταϐὰς
3685 1430 3818 1485 τοῦτον

2302 1514 2394 1567 τὸν
2439 1516 2664 1586 τρόπον,
2693 1518 2957 1591 ἐπεδήμει
3002 1523 3068 1592 τῇ
3112 1524 3205 1591 γῇ,
3237 1520 3366 1574 καθ’
3392 1521 3450 1574 ὃν
3483 1521 3691 1591 ἠδύνατο
3710 1523 3817 1592 δέχε-

2305 1607 2453 1674 σθαι,
2479 1610 2760 1664 τουτέστιν
2790 1614 2848 1666 ὲν
2878 1614 3065 1684 σαρκὶ,
3098 1616 3295 1686 ἥντινα
3343 1618 3570 1685 γνὸρον
3596 1615 3698 1670 ὑπὸ
3723 1618 3817 1683 τοὺς

2306 1702 2498 1770 πόδας
2521 1703 2803 1760 ἐκάλεσε.

2866 1820 3163 1875 ΨΑΛΜΟΣ
3201 1820 3329 1875 AB’.

2380 1927 2399 1961 ι
2423 1907 2639 1982 Ἀγαπᾷ
2665 1910 3041 1983 ἐλεημοσύνην
3071 1913 3167 1967 καὶ⁴
3201 1913 3411 1983 κρίσιν.
3446 1930 3464 1965 ι

2386 1999 2836 2070 Ἑλεημοσύνην
2860 2003 2960 2075 τὴν
2989 2003 3406 2072 φιλανθρωπίαν
3455 2002 3623 2072 λέγει,
3662 2006 3715 2076 ἣν
3748 2005 3815 2074 τῆς

2303 2090 2537 2161 κρίσεως
2568 2092 2657 2147 διὰ
2685 2092 2845 2147 τοῦτο
2876 2094 3200 2165 προέταξεν,
3245 2095 3375 2148 ἐπεὶ
3408 2095 3634 2166 προτέρα
3659 2096 3813 2165 11:;qu-

2301 2180 2588 2253 ανθρωπία
2619 2182 2648 2235 6
2675 2181 2831 2250 Θεὸς,
2859 2184 2997 2254 μετὰ
3020 2184 3077 2237 δὲ
3109 2184 3287 2238 ταῦτα
3317 2187 3385 2255 τῇ
3416 2190 3587 2255 κρίσει
3612 2186 3808 2256 κέχρηται

2301 2274 2447 2327 κατὰ
2476 2273 2583 2327 τῶν
2615 2276 3021 2346 ἐπιμεινάντων
3054 2279 3121 2347 τῇ
3150 2278 3424 2348 ἁμαρτίᾳ.

2376 2382 2395 2415 ‹
2428 2365 2685 2434 Συνάγων
2709 2367 2842 2420 ώσεὶ
2871 2368 3043 2423 ἀσκὸν
3077 2368 3271 2423 ὕδατα.
3306 2388 3323 2419 ι

2381 2460 2680 2526 Ἀὁύσσους
2721 2462 2779 2517 δὲ
2819 2463 2889 2517 τὰ
2931 2463 3113 2535 πλήθη
3147 2463 3258 2518 τῶν
3293 2463 3500 2517 ὑδάτων
3534 2460 3682 2530 λέγει,
3709 2463 3803 2532 ἅπερ

2298 2555 2357 2608 ὲν
2391 2554 2735 2627 ἁποκρύφοις
2782 2554 2888 2609 ὑπὸ
2935 2552 3034 2627 τὴν
3075 2556 3181 2624 γῆν
3221 2558 3251 2609 6
3280 2555 3613 2626 Δημιουργδς
3654 2554 3801 2617 ἔταξεν,

2297 2643 2439 2697 ὥστε
2466 2645 2560 2698 καὶ
2582 2645 2724 2699 κατὰ
2745 2644 2901 2699 τοῦτο
2929 2644 3030 2717 τὴν
3059 2645 3226 2700 αὑτοῦ
3260 2646 3457 2715 σοφίαν
3489 2644 3798 2715 θαυμάζεσθαι.

2298 2736 2463 2790 ’Ὥστε
2498 2736 2594 2809 τὴν
2625 2737 2796 2810 ξηρὰν
2836 2740 3021 2793 ἐπάνω
3049 2737 3148 2809 τῆς
3177 2739 3358 2811 ὑγρᾶς
3389 2738 3713 2808 ἐθεμελίωσε,
3740 2737 3800 2789 καὶ

2295 2830 2356 2883 τὸ
2404 2829 2543 2903 βαρὺ
2596 2832 2703 2886 ὑπὸ
2744 2831 2840 2886 τοῦ
2888 2833 3263 2906 ὲλαφροτέρου
3320 2832 3658 2905 βαστάζεσθαι
3692 2830 3800 2883 bibu-

2297 2939 2410 2978 κεν.

2373 3036 2392 3070 ι
2423 3014 2498 3071 Ού
2541 3016 2775 3082 σώζεται
2806 3017 3066 3090 βασιλευς
3093 3018 3181 3073 διὰ
3210 3018 3414 3091 πολλὴν
3442 3017 3695 3087 δύναμιν.»

2368 3198 2531 3252 Ὥστε
2568 3197 2747 3269 μάτην
2781 3196 2882 3268 τῆς
2928 3194 3024 3250 τοῦ
3073 3195 3332 3268 σώματος
3368 3195 3544 3266 ίσχύος
3579 3186 3792 3260 {mittito-5-

2297 3289 2459 3362 μεθα,
2497 3291 2621 3362 είκῆ
2672 3289 2730 3343 δὲ
2774 3288 3007 3359 δύναμιν
3045 3288 3264 3353 ἑαυτοῖς
3312 3287 3412 3360 τὴν
3443 3287 3543 3340 ἀπὸ
3573 3280 3790 3350 συγγενῶν.

2294 3382 2389 3438 καὶ
2421 3382 2614 3452 φίλων,
2647 3382 2739 3436 καὶ
2768 3379 3003 3434 πλούτου
3034 3380 3445 3451 περιὸἀλλομεν
3468 3395 3481 3408 ·
3512 3377 3642 3431 οὐδὲν
3665 3375 3789 3441 ἕτεροι

2293 3474 2403 3547 γὰρ
2434 3473 2606 3527 σῶσαι
2634 3472 2757 3543 δίχα
2788 3473 2888 3543 τῆς
2915 3473 3240 3542 συνεργείας
3277 3469 3377 3542 τῆς
3403 3468 3593 3525 ἄνωθεν
3615 3464 3790 3517 δύναται.

2304 3567 2644 3638 ’Υπόδειγμα
2688 3567 2745 3620 δὲ
2789 3566 2882 3619 τὸν
2912 3565 3106 3619 Γολιὰθ
3139 3564 3235 3618 καὶ
3269 3566 3364 3618 τὸν
3388 3560 3573 3633 Φαραὼ

2305 3659 2363 3714 ’θ
2393 3660 2491 3730 μὲν
2519 3660 2681 3728 γίγας
2722 3658 2984 3729 ὑπάρχων
3011 3657 3252 3729 ἰσχυρὸς,
3271 3658 3381 3711 ἀπὸ
3405 3655 3496 3709 τοῦ
3516 3649 3654 3705 Δασὶδ
3667 3644 3781 3700 ἀπλοῦ

2293 3751 2585 3823 παιδαρίου
2622 3750 2940 3820 νενίκηται·
2978 3752 3007 3804 6
3051 3750 3105 3803 δὲ
3146 3750 3287 3820 μετὰ
3338 3746 3566 3818 πλήθους
3601 3737 3771 3810 ἁρμάτων

2291 3842 2385 3896 τὸν
2413 3840 2634 3913 Ἰσραὴλ
2660 3840 2859 3908 διώξας
2888 3841 3061 3910 τάφον
3092 3839 3216 3911 ἔσχε
3246 3840 3349 3912 τὴν
3372 3838 3636 3893 θάλασσαν.

2853 4038 3147 4092 ΨΑΛΜΟΣ
3186 4037 3310 4090 AI".

2370 4146 2390 4182 ‹
2418 4129 2606 4195 Δεῦτε,
2646 4130 2838 4197 τέκνα,
2870 4128 3141 4183 ἀκούσατέ
3174 4146 3301 4198 μου.
3333 4146 3353 4181 r

2363 4223 2563 4290 Δεῦτε,
2595 4222 2746 4292 λέγει
2769 4225 2883 4287 τοῖς
2918 4223 3108 4291 ἐγγὺς,
3142 4222 3234 4275 καὶ
3258 4224 3376 4284 τοῖς
3401 4210 3656 4289 πόρρωθεν,
3680 4202 3724 4256 ἶν’
3742 4198 3777 4250 οἱ

2294 4318 2393 4389 μὲν
2426 4318 2645 4389 μακρὰν
2672 4318 2995 4388 ἐγγίσωσιν,
3018 4318 3068 4371 oi
3090 4317 3147 4370 δὲ
3170 4317 3340 4386 ἐγγὺς
3366 4312 3627 4383 ἐγγύτερον
3643 4299 3779 4389 γένωνς

2302 4381 2404 4475 ται,
2426 4381 2683 4481 ’ὑπακοὴν
2814 4427 2922 4465 πατ
2933 4410 2987 4480 pl.
3015 4409 3093 4480 τῷ
3116 4408 3234 4479 Θεῴ
3265 4400 3695 4481 προσκομίζοντεςο
3717 4381 3781 4481 κξιὶ

608 4472 752 4541 quis,
790 4470 1206 4544 pr0pinquiores
1242 4475 1394 4539 (iant,
1432 4477 1544 4532 Deo
1578 4487 1838 4550 tanquam
1883 4483 2019 4551 patri
2052 4485 2185 4540 obe-

2300 4470 2459 4573 φόδον
2499 4470 2653 4557 θεῖον.
2684 4470 3009 4574 amaxoon
3030 4545 3043 4566 ,
3065 4470 3402 4571 ’ἀπαλλαγὴν
3441 4470 3527 4550 τοῦ
3558 4486 3688 4561 φόϐου

608 4563 859 4620 dientes.
921 4573 975 4618 et
1025 4564 1575 4622 divinum‘timorcm
1628 4571 1965 4639 doceantur,
2023 4574 2114 4644 qui
2159 4591 2189 4630 a

609 4656 921 4710 daamonum
940 4665 1151 4713 terrore
1180 4659 1393 4714 liberat.
1419 4660 1578 4717 Unde
1599 4662 1909 4736 subjuugit:
1932 4664 2189 4722 Timorem

607 4748 820 4803 Domini
850 4746 1038 4805 docebo
1063 4768 1171 4804 vos.

1064 4862 1391 4924 PSALMUS
1433 4867 1678 4925 XXXIV.

684 4973 703 5006 ι
738 4953 989 5011 Psalmus
1018 4955 1119 5026 ipsi
1154 4955 1345 5013 David.
1384 4978 1402 5011 ι

677 5045 880 5115 Aperta
914 5047 1133 5115 quidem
1185 5056 1268 5104 est
1315 5052 1507 5120 psalmi
1539 5054 1705 5127 hujus
1733 5058 2019 5129 inscriptio
2048 5077 2064 5115 :
2091 5059 2186 5115 sed

606 5137 663 5192 in
726 5137 986 5193 Davidem
1038 5140 1199 5195 simul
1256 5143 1555 5213 spiritalem
1596 5150 1881 5206 referenda
1921 5162 2041 5217 est,
2094 5152 2187 5222 qui

607 5226 774 5281 etiam
811 5229 982 5284 verba
1014 5226 1345 5300 preCationis
1368 5233 1587 5303 format,
1625 5254 1747 5309 quae
1782 5257 1893 5295 non
1926 5241 2191 5296 divinita-

608 5317 680 5373 tis
709 5317 919 5374 ratione
944 5359 960 5385 ,
1015 5323 1112 5377 sed
1162 5335 1455 5396 assumpta
1485 5330 1666 5384 carnis
1695 5331 2002 5388 humilitate
2035 5334 2186 5387 testi-

607 5409 807 5465 manda
838 5420 985 5466 sunt.
1019 5412 1154 5467 Cum
1182 5417 1328 5471 enim
1361 5420 1714 5489 semetipsum
1739 5433 2018 5493 assumpta
2040 5424 2185 5480 servi

607 5501 781 5556 forma
826 5502 1194 5561 lmmiliaverit
1217 5548 1232 5571 ,
1266 5524 1375 5562 non
1409 5510 1508 5566 abs
1544 5525 1603 5566 re
1633 5512 1906 5582 passionis
1939 5524 2186 5588 tempore

608 5603 729 5650 orat
780 5604 835 5650 et
864 5611 973 5653 una
1010 5596 1063 5652 in
1094 5599 1483 5658 afﬂictionibus
1506 5606 1817 5664 constitutis
1844 5609 2031 5667 orandi
2072 5610 2185 5667 {or-

612 5703 751 5740 lnam
788 5690 1111 5758 praescribit.

679 5824 698 5855 ’
724 5824 911 5879 Matth.
946 5844 1030 5893 xv,
1064 5830 1116 5882 il
1150 5848 1163 5897 ;
1194 5830 1355 5888 Marc.
1386 5850 1480 5902 γυ,
1514 5835 1597 5891 l5.
1644 5847 1655 5855 '

2295 4570 2565 4665 δαιμόνων
2596 4570 2928 4667 παρέχοντα,
2957 4594 3081 4649 ὅθεν
3122 4594 3402 4666 ἐπιφέρει·
3435 4589 3600 4644 Φόϐον
3625 4570 3781 4643 Κυρίου

2292 4685 2515 4751 διδάξω
2538 4685 2713 4757 ὑμᾶς.

2858 4882 3154 4939 ΨΑΔΜΟΣ
3192 4882 3313 4938 ΛΔ’.

2376 4975 2661 5089 ἱῖῗῗλεξῗί
2685 4972 2765 5089 ‘5’
2793 4976 3070 5089 esse
3235 5066 3261 5089 _.
3601 5032 3776 5089 ...δι

2370 5070 2517 5141 Αήλη
2555 5042 2662 5138 ⁷μὲν
2714 5042 2745 5137 ii
2790 5066 3074 5141 ἐπιγραφὴ
3109 5068 3204 5121 τοῦ
3235 5062 3473 5137 ψαλμοῦ’
3504 5053 3571 5116 είς
3596 5042 3704 5147 tuo

2298 5140 2447 5232 ὅμως
2476 5159 2569 5213 τὸν
2600 5159 2792 5231 νοητὸν
2821 5158 3175 5231 ἀναφέρεται,
3199 5158 3257 5223 ὃς
3286 5160 3378 5211 καὶ
3408 5140 3775 5244 προσετίκτξςᾉτίῖξ·

2299 5254 2545 5324 κρίνεται
2601 5252 2846 5323 ῥήματα,
2873 5253 2935 5306 οὐ
2969 5256 3033 5323 τῇ
3069 5251 3197 5323 ἀξίᾳ-
3238 5245 3407 5356 τῆύτῃ
3446 5232 3773 5356 τῆξλῗξῗῖῗτῖζ

2301 5320 2438 5396 ἀλλὰ
2464 5345 2532 5413 τῇ
2561 5320 2887 5394 ταπεινώσει
2915 5320 3453 5413 τῆς-ἀνθρωπότητος
3473 5320 3773 5446 προξῗέῗᾶἐέ

2300 5404 2573 5500 γίζεσθαι.
2598 5430 2664 5484 Εἰ
2697 5429 2807 5501 γὰρ
2832 5404 3203 5485 ἐταπείνωσεν
3232 5404 3416 5483 ἑαυτὸν
3446 5410 3627 5491 μορφὴν
3641 5404 3772 5503 δοῗλέυ

2300 5520 2504 5587 λασὼν,
2537 5522 2767 5586 εἰκότως
2793 5522 2851 5575 ἐν
2888 5522 2968 5594 τῷ
3004 5522 3182 5594 καιρῷ
3214 5521 3307 5575 τοῦ
3340 5515 3521 5629 πάθους

2296 5633 2409 5680 ται,
2442 5614 2577 5687 ὁμοῦ
2627 5615 2721 5669 καὶ
2771 5616 3172 5694 προσεύχεσθαι
3220 5614 3470 5669 διδάσκων
3497 5602 3546 5656 ὲν
3578 5591 3673 5651 ταῖς
3692 5582 3749 5633 θλί

2295 5706 2441 5761 item.
