4032 6422
236 363 373 429 1189

204 534 219 559 ν
310 500 327 529 ι
359 478 615 542 Δίκασον,
643 476 838 547 Κύριε.
875 494 893 527 ι

300 570 444 633 Τοὺς
478 568 575 640 μὲν
606 567 929 631 ἀδικοῦντας
963 566 1253 630 Ἰουδαίους
1288 566 1458 636 λέγει,
1486 567 1753 639 δαίμονας
1772 567 1829 621 δὲ

223 664 359 725 τοὺς
380 658 755 731 πολεμοῦντας
776 676 791 690 ·
819 659 1021 721 οἵτινες
1049 659 1114 712 δι’
1138 660 1289 731 ἡμᾶς
1319 660 1412 712 τὸν
1428 660 1668 731 Χριστὸν
1698 660 1828 713 ἐπο-

224 754 288 807 λέ
301 769 502 824 μησαν.
527 752 768 816 Τούτους
796 751 1197 825 πολεμηθῖυιαι,
1229 755 1482 808 τουτέστι
1542 770 1829 827 καταργη-

228 847 418 920 θῆναι,
449 845 725 917 βούλεται.

313 958 334 993 ι
354 937 589 992 Ἐλθέτω
617 936 768 1008 αύτῴ
793 937 960 1006 παγίς
990 938 1057 1009 ἦν
1084 937 1146 991 ού
1172 938 1454 1007 γινώσκει.
1487 958 1506 993 ι

305 1034 402 1097 Εἰς
437 1032 639 1087 Ἰούδαν
664 1033 759 1086 τὸν
793 1033 1066 1105 προδότην
1090 1032 1270 1095 τοῦτο,
1298 1032 1437 1086 ἀλλὰ
1470 1032 1579 1105 μὴν
1623 1031 1719 1086 καὶ
1750 1033 1830 1096 είς

224 1126 329 1179 τὸν
357 1125 485 1181 λαὸν
510 1126 619 1180 τῶν
652 1125 950 1190 Ἰουδαίων,
975 1126 1055 1179 ἔτι
1082 1125 1139 1178 δὲ
1168 1128 1265 1179 καὶ
1295 1128 1376 1189 είς
1405 1125 1570 1179 αὑτὸν
1598 1125 1692 1179 τὸν
1717 1124 1831 1180 διά-

230 1220 402 1273 ϐολον
432 1218 748 1290 είρηται.⁹0
773 1219 873 1290 μὲν
897 1220 1007 1289 γὰρ
1039 1218 1240 1283 Ἰούδας
1268 1220 1349 1283 εἰς
1376 1217 1472 1290 τὴν
1506 1217 1709 1287 παγίδα
1731 1217 1833 1289 τῆς

232 1312 484 1384 ἀγχόνης
513 1312 772 1367 ἐνέπεσεν
792 1328 805 1342 °
861 1314 890 1365 ό
937 1313 995 1365 δὲ
1023 1311 1153 1374 λαὸς
1181 1313 1290 1365 τῶν
1327 1312 1623 1379 Ἰουδαίων,
1656 1328 1831 1381 παγι-

227 1402 415 1457 δεύειν
446 1402 697 1473 νομίσας,
720 1400 1093 1469 παγιδεύεται,
1128 1401 1221 1454 καὶ
1247 1400 1351 1453 ὑπὸ
1381 1400 1481 1471 τὴν
1511 1400 1676 1455 αὑτοῦ
1702 1418 1830 1453 συν-

227 1495 448 1567 ελήφθη
486 1495 679 1567 θήραν.
715 1493 994 1556 Ὡσαύτως
1022 1496 1050 1547 ὁ
1082 1492 1351 1559 διάϐολος,
1382 1492 1480 1563 τὴν
1511 1493 1717 1561 παγίδα
1736 1492 1830 1547 τοῦ

228 1586 476 1657 σταυροῦ
509 1586 837 1657 μελετήσας,
870 1585 960 1639 διὰ
989 1584 1084 1639 τοῦ
1118 1586 1359 1656 σταυροῦ
1384 1586 1485 1656 τῆς
1514 1586 1708 1639 ἑαυτοῦ
1735 1586 1833 1655 βα-

228 1678 441 1742 σιλείας
475 1678 755 1745 ἐξέπεσεν.

311 1787 332 1823 ι
356 1769 812 1823 Ἀνταπεδίδοσάν
849 1787 942 1840 μοι
987 1768 1226 1840 πονηρά.
1256 1788 1275 1822 ι

1385 362 1854 425 FRAGMENTA
1900 359 1979 424 1N
2020 362 2383 425 PSALMOS.

1858 485 1903 538 Α
2006 473 2170 531 Vens.
2208 477 2261 533 1.
2311 475 2569 540 «Judica,
2607 476 2861 532 Domine.
2892 495 2910 527 ι

3383 360 3517 424 1190

2001 566 2276 625 Nocentes
2291 569 2512 639 quidem
2542 569 2569 624 .1
2578 570 2761 625 udazos
2777 567 3061 640 intelligit;
3082 568 3363 623 daemones
3389 583 3520 623 vero

1930 670 2312 733 oppugnantes
2332 699 2347 723 ,
2389 661 2481 732 qui
2533 670 2760 734 propter
2784 676 2886 716 nos
2912 659 3192 717 Christum
3231 673 3519 730 Oppugna-

1931 755 2083 810 bant.
2123 753 2232 810 Hos
2256 756 2577 828 expugnari,
2616 756 2721 811 hoc
2744 765 2826 811 est
2854 797 2869 822 ,
2911 769 3103 809 eorum
3134 762 3366 809 conatus
3393 749 3524 807 irri-

1932 854 2018 901 tos
2051 844 2167 899 ﬁeri
2199 845 2369 915 cupit.

2001 934 2171 990 Vens.
2206 936 2258 991 8.
2308 955 2328 988 ι
2366 936 2565 991 Veniat
2594 937 2671 991 illi
2702 938 2928 1009 laqueus
2953 952 3115 1008 quem
3147 937 3382 1009 ignorat.
3422 955 3442 989 ι

2004 1026 2061 1080 In
2090 1025 2285 1081 Judam
2326 1030 2699 1097 proditorem,
2749 1044 2962 1083 necnon
3025 1029 3079 1082 in
3115 1028 3379 1099 populum
3421 1025 3519 1083 Ju-

1932 1116 2198 1183 dteorum,
2220 1128 2382 1189 atque
2408 1121 2634 1190 insuper
2661 1122 2713 1175 in
2746 1121 3025 1176 diabolum
3054 1121 3254 1191 ipsum,
3292 1121 3396 1174 hoc
3434 1120 3520 1175 di-

1933 1216 2082 1263 ctum
2109 1218 2213 1265 est.
2255 1209 2390 1264 Nam
2413 1210 2581 1266 Judas
2600 1213 2821 1282 quidem
2857 1214 2911 1267 in
2944 1215 3197 1285 laqueum
3230 1216 3351 1272 colli
3384 1214 3520 1270 inci-

1933 1301 2013 1356 dit
2043 1321 2056 1356 :
2096 1303 2329 1373 populus
2359 1320 2489 1359 vero
2518 1304 2852 1373 Judmorum,
2878 1322 3005 1361 cum
3033 1308 3329 1378 illaquearc
3359 1318 3519 1379 puta-

1935 1404 2038 1459 ret,
2068 1395 2413 1465 illaqueatur,
2440 1408 2493 1452 et
2518 1413 2614 1451 sua
2639 1399 2810 1468 ipsius
2843 1409 3069 1469 captura
3091 1402 3523 1471 comprehensus

1934 1495 2038 1541 est.
2068 1487 2335 1542 Similiter
2355 1504 2574 1560 quoque
2603 1490 2872 1555 diabolus,
2905 1507 3030 1546 cum
3062 1493 3313 1562 laqueum
3338 1493 3519 1549 crucis

1933 1578 2320 1651 excogitasset,
2349 1595 2447 1651 per
2473 1596 2693 1636 crucem
2716 1596 2884 1653 regno
2912 1598 3015 1637 suo
3048 1582 3267 1638 excidit.

2007 1762 2173 1821 Vms.
2202 1765 2292 1819 12.
2340 1783 2359 1816 ι
2388 1761 2787 1819 Rctribnehant
2821 1762 2952 1817 mihi
2996 1764 3159 1819 mala.
3190 1783 3209 1816 ι

322 1859 536 1932 Ἑαυτῷ
563 1859 673 1933 γὰρ
698 1861 800 1934 τὴν
831 1862 942 1914 τῶν
970 1860 1243 1914 Ἰουδαίων
1263 1860 1572 1932 ἀκαρπίαν,
1592 1859 1667 1925 ὡς
1688 1861 1826 1913 οίκο-

2002 1855 2319 1912 Judaeorum
2349 1856 2495 1910 enim
2524 1855 2867 1910 sterilitatem
2904 1854 3009 1910 sibi
3062 1855 3162 1925 ipsi
3188 1856 3515 1922 ascribehat,

230 1952 504 2023 δεσπότης
530 1955 624 2005 καὶ
650 1952 923 2023 γεωργὸς,
955 1952 1256 2021 ἐλογίζετο.

309 2064 329 2098 ι
357 2046 446 2109 Ὠς
473 2045 727 2116 πλησίον,
762 2045 859 2099 καὶ
886 2046 961 2108 ὡς
990 2046 1240 2115 ἀδελφόν.
1276 2064 1295 2097 ι

303 2138 421 2209 Τὴν
454 2140 592 2208 προς
615 2137 707 2191 τὸν
742 2136 947 2190 Ἰούδαν
981 2138 1131 2207 λέγει
1160 2136 1531 2209 συμπάθειαν,
1562 2137 1713 2201 ὅπως
1736 2135 1835 2189 αὑ-

235 2227 310 2299 τῷ
343 2229 442 2282 καὶ
466 2229 526 2282 τὸ
547 2228 939 2300 γλωσσόκομον
970 2227 1286 2298 βαστάζειν,
1318 2230 1414 2283 καὶ
1443 2228 1604 2300 μόνον
1628 2227 1835 2298 συμϐά-

238 2338 395 2375 πτειν
435 2320 514 2385 εἰς
549 2319 804 2391 τρυϐλίον
842 2321 1171 2393 ἐπέτρεψεν,
1201 2320 1278 2385 ὼς
1307 2320 1539 2390 ἀδελφὸν
1566 2322 1665 2375 καὶ
1693 2320 1833 2392 πλη-

247 2415 382 2468 σίον.
404 2413 656 2484 Ἀδελφὸς
690 2414 1027 2486 εύαρεστῶν,
1069 2415 1352 2468 τουτέστιν
1382 2414 1634 2486 ἀρέσκων
1660 2413 1829 2485 αύτῷ,

247 2510 343 2561 καὶ
369 2506 535 2569 καλῶς
562 2508 620 2558 ἐν
648 2504 820 2559 ἅπασι
851 2505 1157 2578 χρώμενος.

326 2615 346 2650 ι
380 2597 707 2669 Ἓπείρασάν
761 2615 870 2669 με,
925 2599 1371 2671 ἐξεμυκτήρισάν
1427 2617 1496 2671 με
1557 2617 1830 2673 μυκτηρι-

245 2692 384 2763 σμῷ.
417 2709 436 2743 ι

309 2787 474 2849 Ἴσως
508 2785 608 2858 μὲν
635 2787 733 2839 καὶ
759 2787 889 2850 τοὺς
920 2786 1144 2851 ὀδόντας
1168 2785 1229 2851 ἐξ
1255 2785 1545 2858 ὠμότητος
1573 2787 1826 2860 ἔϐρυχον,

246 2878 534 2949 μονονουχὶ
589 2877 866 2948 μάσασθαι
915 2878 1007 2932 τὸν
1052 2878 1259 2949 Ἰησοῦν
1306 2878 1646 2951 βουλόμενοι.
1683 2881 1830 2952 Πλὴν

238 2970 490 3041 βρυγμὸς
534 2969 765 3023 ὀδόντων
810 2972 906 3024 καὶ
948 2972 982 3037 ἡ
1016 2972 1188 3026 κακία
1217 2973 1250 3043 ἡ
1278 2974 1337 3025 ἐν
1377 2973 1557 3042 λόγοις
1587 2973 1828 3043 λέγεται.

232 3065 342 3117 Τὸν
372 3062 594 3135 Πατέρα
625 3059 720 3117 οὖν
746 3063 1000 3118 ἐϐούλετο
1026 3064 1284 3137 μάρτυρα
1312 3067 1455 3121 κατὰ
1481 3067 1590 3120 τῶν
1620 3068 1701 3131 είς
1733 3068 1830 3121 αὑ·-

1936 1958 2193 2020 tanquam
2226 1949 2617 2021 paterfamilias
2646 1958 2701 2005 et
2727 1950 2981 2022 agricola.

2008 2042 2175 2097 Vens.
2204 2041 2291 2097 14.
2341 2061 2360 2094 ‹
2390 2042 2555 2109 Quasi
2591 2044 2922 2112 proximum,
2955 2052 3010 2098 et
3038 2043 3195 2113 quasi
3220 2042 3460 2099 fratrem.
3494 2059 3513 2094 ι

2002 2131 2277 2188 All‘ectum
2305 2134 2360 2187 in
2381 2134 2406 2189 J
2416 2137 2575 2189 udam
2599 2136 2857 2200 ostendit,
2891 2145 2951 2190 ut
2977 2136 3155 2190 eidem
3179 2135 3518 2205 marsupium

1934 2224 2312 2290 concrederet,
2333 2235 2386 2279 et
2407 2241 2527 2279 cum
2567 2226 2743 2280 solum
2780 2242 3002 2280 manum
3031 2228 3300 2299 intingere
3331 2242 3517 2281 secum

1934 2315 1990 2370 in
2039 2317 2243 2382 catino,
2273 2333 2374 2372 ceu
2406 2318 2630 2372 fratrem
2678 2327 2734 2373 et
2773 2320 3105 2390 proximum,
3150 2320 3515 2391 permitteret.

1936 2408 2124 2464 Frater
2150 2411 2516 2481 complacens,
2570 2411 2623 2465 id
2651 2420 2756 2477 est,
2813 2412 3035 2483 placens
3070 2413 3148 2468 illi
3184 2413 3384 2468 dicitur
3410 2455 3426 2480 ,
3460 2424 3518 2469 et

1934 2501 2055 2572 ejus
2081 2517 2249 2572 Opera
2283 2502 2339 2556 in
2370 2504 2630 2559 omnibus
2662 2512 2843 2560 utens.

2004 2594 2169 2650 Vens.
2195 2595 2283 2650 16.
2332 2616 2350 2649 ι
2382 2596 2754 2653 Tcntaverunt
2782 2614 2891 2665 me,
2922 2600 3395 2655 subsannaverum
3426 2616 3515 2655 me

1934 2688 2387 2744 subsannatione.
2425 2708 2444 2741 ι

2004 2779 2278 2837 Fortassis
2305 2783 2469 2838 etiam
2497 2800 2561 2839 ex
2595 2783 2935 2839 immanitate
2972 2784 3227 2840 dentibus
3253 2784 3514 2840 frendue-

1933 2882 2083 2940 runt,
2117 2882 2446 2930 tantumnon
2480 2876 2668 2931 Iesum
2728 2876 2989 2931 mandere
3038 2877 3304 2932 volentes.
3340 2876 3515 2932 Caete-

1934 2986 2057 3025 rum
2078 2970 2283 3026 stridor
2312 2971 2563 3026 dentium
2595 2971 2759 3026 etiam
2785 2972 2989 3026 malitia
3023 2987 3340 3027 sermonum
3369 2987 3513 3025 nun-

1932 3072 2187 3133 cupatur.
2219 3062 2359 3118 Hinc
2399 3063 2614 3117 Patrem
2647 3072 2842 3117 testem
2895 3063 3114 3119 volebat
3166 3078 3289 3118 esse
3325 3074 3512 3119 contra

229 3155 326 3209 τόν
356 3153 828 3227 βλασφημούντων
850 3157 1134 3228 ἐσόμενον.
1148 3157 1312 3212 Ὅθεν
1331 3158 1586 3230 ἐπιφέρει
1599 3177 1612 3190 ·
1628 3159 1824 3230 Κύριε,

1939 3168 2030 3208 eos
2056 3152 2149 3223 qui
2176 3154 2439 3209 adversus
2468 3152 2647 3222 ipsum
2680 3153 3158 3224 hlasphemabant.
3192 3153 3351 3209 Unde
3378 3154 3512 3209 sub-

229 3249 385 3303 πότε
426 3248 667 3318 eam;

805 3359 1103 3415 ΨΑΛΜΟΣ
1136 3359 1262 3416 ΛΕ’.

311 3468 333 3503 ι
362 3451 533 3521 Φησὶν
556 3451 585 3504 ὁ
619 3450 940 3523 παράνομος
962 3452 1056 3507 τοῦ
1086 3454 1451 3525 ἁμαρτάνειν.
1485 3473 1504 3508 ι

309 3543 425 3613 Ούχ
465 3543 653 3607 ἁπλῶς
703 3545 1043 3616 παράνομον,
1079 3545 1219 3602 ἀλλὰ
1263 3547 1355 3601 τὸν
1404 3546 1707 3620 ὑποκριτὴν
1737 3548 1830 3602 καὶ

222 3629 409 3687 δόλιον
441 3636 469 3688 ὁ
497 3634 715 3708 ψαλμὸς
746 3636 1087 3703 ὑποτίθεται,
1110 3638 1202 3693 τὸν
1244 3638 1415 3693 πολὺν
1463 3640 1522 3693 ἐν
1567 3642 1634 3712 τῇ
1682 3638 1827 3712 ψυχῇ

229 3724 504 3798 βόρϐορον
538 3729 889 3800 παρανομίας
915 3728 1129 3800 ἔχοντα,
1160 3730 1255 3784 καὶ
1286 3730 1377 3785 διὰ
1400 3730 1559 3785 τοῦτο
1598 3731 1829 3801 λέγοντα

225 3818 294 3869 ἐν
327 3816 513 3890 ἐαυτῷ
542 3819 636 3871 τοῦ
671 3820 1013 3893 ἁμαρτάνειν
1051 3821 1473 3893 ἀποτιθέμενον.
1506 3823 1605 3877 Διὰ
1648 3823 1703 3877 τί
1747 3824 1826 3890 δὲ,

225 3908 305 3959 ἐν
348 3908 565 3975 ἐαυτῷ,
611 3909 800 3979 λέγει;
864 3912 1086 3984 Ἐπειδὴ
1136 3912 1313 3966 ταῦτα
1357 3912 1634 3983 λογίζεται
1681 3915 1828 3988 ἅπερ

229 3999 491 4071 φανερῶς
515 4003 747 4076 είπείνῆ
775 4004 1023 4075 φοϐεῖται
1069 4005 1105 4078 ἢ
1143 4006 1487 4077 αἰσχύνεται.

312 4204 333 4238 ι
358 4184 812 4258 Μεθυσθήσονται
837 4188 945 4243 ἀπὸ
970 4190 1227 4263 πιότητος
1251 4192 1424 4248 οἴκου.
1450 4210 1471 4245 ν

305 4272 484 4345 Οἶκος
513 4278 608 4333 τοῦ
640 4280 800 4347 Θεοῦ,
827 4282 887 4334 τὸ
927 4281 1088 4354 σῶμα
1111 4285 1297 4352 αὐτοῦ,
1328 4286 1551 4354 πιότης
1576 4284 1639 4338 τὸ
1663 4284 1829 4356 ἐκχυ-

230 4368 326 4422 Οέν
352 4371 463 4424 ἀπὸ
486 4372 588 4443 τῆς
619 4373 753 4427 πλευ
765 4376 863 4444 ρᾶς
894 4368 1037 4445 αἷμα
1061 4376 1158 4429 καὶ
1179 4376 1342 4449 ὕδωρ,
1375 4377 1436 4443 ἐξ
1463 4372 1636 4449 οὗπερ
1662 4378 1711 4431 οί
1733 4396 1825 4430 πι-

231 4465 355 4517 aro}.
385 4465 589 4530 πάντες
620 4467 796 4539 μέθην
834 4469 1107 4539 σωτήριον
1137 4470 1543 4543 ἐμεθύσθημεν.
1575 4472 1823 4541 Χείμαῤ-

216 4556 339 4626 ρος
366 4556 476 4630 γὰρ
517 4558 750 4629 τρυφῆς
791 4561 862 4615 τὰ
907 4562 1002 4616 τοῦ
1027 4562 1265 4635 Χριστοῦ
1296 4563 1466 4636 πάθη.
1507 4564 1825 4637 Χείμαρρος

229 4652 359 4720 μὲν,
408 4651 599 4724 ἐπειδὴ
646 4654 704 4708 ἐν
748 4653 901 4727 ἀκμῇ
948 4656 1043 4709 τοῦ
1087 4655 1359 4727 χειμῶνος
1400 4657 1501 4728 τῆς
1546 4658 1827 4729 ἡμετέρας

223 4744 510 4815 ἁμαρτίας
547 4745 870 4817 ἐπράττετο,
931 4748 1023 4801 ὅτε
1063 4750 1213 4802 πᾶσα
1254 4748 1353 4820 μὲν
1389 4748 1560 4823 ἀρετὴ
1583 4788 1599 4814 ,
1635 4748 1824 4821 ἀγάπη

220 4835 284 4888 δὲ
314 4836 550 4906 μάλιστα
588 4839 625 4910 ή-
653 4838 791 4909 πρὸς
820 4839 954 4893 Θεὸν
977 4838 1274 4911 ψυγήσασα
1300 4840 1826 4914 ἐνενέκρωτο.Ὦστε

221 4927 322 4979 τὸν
353 4930 644 5001 προφήτην
676 4931 957 5003 Ζαχαρίαν
996 4933 1126 5005 περὶ
1161 4932 1264 5003 τῆς
1292 4932 1507 5004 ἡμέρας
1529 4932 1628 4987 τοῦ
1663 4951 1829 4989 σταυ-

224 5016 328 5089 ροῦ
354 5017 534 5088 λέγειν
553 5036 568 5053 ·
614 5022 719 5076 Ἐν
751 5022 828 5093 τῇ
856 5022 1049 5094 ἡμέρᾳ
1072 5024 1281 5094 ἐκείνῃ
1314 5026 1426 5080 οὐκ
1457 5026 1630 5082 ἐσται
1667 5025 1814 5098 φῶς·

222 5112 432 5179 ψύχος
475 5112 575 5167 καί
620 5116 879 5185 παγετός
926 5116 1100 5171 ἔσται
1129 5134 1143 5149 ·
1167 5116 1362 5187 ἡμέρα
1383 5118 1614 5189 μεγάλη
1660 5119 1816 5174 ἐστί.

223 5202 459 5273 Τρυφῆς
508 5204 564 5259 δὲ
606 5207 834 5271 είκότως
877 5208 1114 5278 ἐλέγετο.
1150 5207 1366 5279 Σφόδρα
1390 5206 1497 5278 γὰρ
1527 5210 1556 5263 ὁ
1582 5207 1818 5280 Χριστὸς

225 5294 504 5365 ἐνετρύφα
542 5300 657 5364 τοῖς
700 5298 840 5372 ὑπὲρ
876 5300 1033 5372 ἡμῶν
1062 5302 1313 5369 πάθεσιν,
1350 5300 1444 5355 τοῦ
1480 5317 1537 5354 τε
1566 5301 1816 5355 διαϐόλου

225 5387 611 5454 καταπαίζων,
644 5392 739 5445 καὶ
770 5393 911 5464 ὑπὲρ
936 5394 1037 5464 τῆς
1070 5394 1179 5447 τῶν
1212 5392 1517 5466 ἀνθρώπων
1544 5392 1818 5464 σωτηρίας

224 5477 511 5549 ἡδόμενος.
545 5483 748 5537 Τοῦτον
775 5487 927 5555 ἡμᾶς
951 5485 1045 5539 τὸν
1081 5486 1422 5559 χειμάρρουν
1464 5485 1565 5557 τῆς
1608 5486 1819 5558 τρυφῆς

232 5574 514 5640 μυστικῶς
544 5576 774 5640 ποτίζει.
792 5580 865 5633 Τὸ
885 5580 994 5651 γὰρ
1022 5579 1117 5633 τοῦ
1147 5580 1421 5636 Δεσπότου
1449 5579 1620 5645 πάθος
1674 5598 1816 5653 μαρ-

225 5656 325 5723 c6;
342 5675 419 5713 ιον
447 5664 560 5726 τοῖς
586 5663 796 5731 δούλοις
822 5669 1141 5741 γεγένηται.

302 5797 324 5829 ⁸
354 5798 516 5855 Zach.
542 5818 654 5869 xw,
698 5805 779 5860 l6.

1923 3244 2109 3317 jungit
2133 3263 2147 3300 :
2177 3246 2419 3312 Domine,
2456 3248 2669 3318 quando
2694 3247 2941 3315 respicies
2958 3247 2983 3299 .9

2422 3361 2744 3418 PSALMUS
2772 3360 2987 3415 XXXV.

1998 3448 2165 3508 Vens.
2196 3451 2251 3507 2.
2295 3471 2314 3505 ι
2344 3452 2489 3507 Dixit
2515 3453 2751 3523 injustus
2787 3462 2846 3506 ut
2872 3452 3173 3522 delinquat.
3203 3470 3223 3504 ι

1997 3540 2119 3597 Non
2164 3544 2486 3615 simpliciter
2521 3546 2810 3614 injustum,
2836 3545 2931 3599 sed
2964 3544 3300 3615 hypocritam
3329 3551 3385 3598 et
3415 3542 3513 3597 do-

1927 3634 2105 3689 losum
2149 3634 2236 3690 hic
2265 3635 2510 3706 psalmus
2535 3637 2816 3707 proponit,
2846 3652 2975 3690 eum
3009 3636 3220 3691 scilicet
3251 3636 3342 3704 qui
3378 3634 3513 3689 mul-

1928 3734 2045 3781 tum
2105 3726 2160 3780 in
2210 3726 2392 3781 anima
2447 3728 2750 3797 iniquitatis
2803 3742 3023 3782 caenum
3073 3729 3394 3793 contineat;
3455 3735 3513 3781 et

1927 3816 2132 3873 idcirco
2161 3818 2369 3873 inducit
2406 3819 2679 3874 dicentem
2716 3820 2770 3873 in
2800 3818 3117 3889 semetipso,
3158 3820 3303 3889 quod
3332 3820 3510 3874 delin-

1926 3918 2095 3981 there
2120 3918 2346 3967 statuat.
2379 3911 2486 3968 Sed
2512 3929 2610 3967 cur
2629 3913 2784 3976 dixit,
2818 3911 2884 3966 In
2900 3915 3216 3982 semetipso?
3240 3914 3509 3981 Quoniam

1926 4017 1990 4057 ea
2024 4017 2208 4057 secum
2239 4003 2422 4057 animo
2453 4012 2669 4070 versat,
2724 4020 2847 4075 qum
2893 4004 3071 4075 palam
3130 4006 3375 4076 proferre
3424 4006 3511 4061 vel

1929 4093 2083 4149 timet
2140 4094 2225 4149 vel
2255 4094 2552 4150 erubescit.

1997 4184 2165 4240 Vnus.
2196 4185 2248 4239 9.
2292 4205 2311 4238 ι
2350 4186 2772 4242 lnebriahuntur
2800 4190 2868 4244 ab
2899 4189 3146 4245 ubertate
3175 4189 3390 4246 domus.
3427 4210 3445 4242 ι

1998 4277 2196 4331 Domus
2228 4277 2346 4343 Dci,
2379 4294 2580 4351 corpus
2618 4280 2739 4350 ejus
2766 4292 2889 4348 est;
2924 4283 3158 4347 ubertas,
3206 4284 3427 4356 sanguis
3454 4293 3511 4340 et

1925 4385 2065 4439 aqua
2086 4386 2206 4440 qua:
2223 4386 2255 4425 e
2284 4370 2455 4426 latere
2481 4373 2599 4442 ejus
2619 4373 2850 4438 efﬂuxit,
2874 4389 2941 4429 ex
2972 4392 3077 4445 qua
3100 4376 3285 4431 fideles
3316 4392 3511 4431 omnes

1927 4465 2151 4519 salutari
2206 4465 2474 4521 ebrietate
2531 4467 2787 4522 inebriati
2836 4483 3046 4523 sumus.
3102 4469 3322 4523 Torrens
3360 4471 3506 4525 enim

1927 4560 2213 4630 voluptatis
2238 4600 2254 4625 ,
2306 4560 2459 4617 fuere
2496 4560 2698 4617 Christi
2738 4574 2934 4633 prurire.
2973 4562 3212 4618 Torrens
3261 4565 3507 4634 quidem,

1925 4652 2184 4721 quoniam
2237 4652 2294 4706 in
2344 4654 2525 4709 media
2560 4654 2741 4711 hieme
2789 4665 3137 4726 peccatorum
3188 4666 3504 4711 nostrorum

1926 4746 2225 4817 contigere,
2262 4747 2485 4817 quando
2516 4747 2693 4803 virtus
2727 4750 2925 4815 omnis,
2977 4759 3034 4805 et
3072 4751 3344 4820 praecipue
3370 4751 3506 4805 cha-

1926 4834 2060 4891 ritas
2090 4836 2146 4889 in
2176 4834 2368 4903 Deum,
2425 4837 2626 4909 frigida
2656 4837 2848 4894 effecta
2868 4881 2881 4905 ,
2910 4840 3020 4910 jam
3049 4840 3314 4895 exstincta
3344 4850 3462 4896 erat
3487 4858 3503 4907 ;

1926 4927 2000 4983 ita
2029 4930 2395 4986 utZacharias
2416 4933 2679 5004 propheta
2707 4934 2775 4989 de
2795 4934 2883 4989 die
2911 4935 3091 4990 crucis
3116 4937 3261 4990 dicat
3288 4954 3300 4988 :
3327 4935 3390 4990 In
3420 4938 3508 4991 die

1924 5021 2023 5076 illa
2061 5039 2165 5076 non
2203 5025 2305 5078 erit
2362 5024 2495 5089 lux;
2534 5027 2703 5098 frigus
2757 5037 2807 5082 et
2839 5028 2956 5097 gelu
2989 5029 3087 5082 erit
3118 5045 3136 5083 :
3165 5030 3275 5083 dies
3312 5047 3505 5101 magna

1924 5123 2000 5168 est
2029 5114 2073 5170 ⁸.
2125 5114 2437 5187 Voluptatis
2489 5126 2672 5172 autem
2721 5120 2918 5174 merito
2979 5120 3260 5176 dicebatur
3302 5120 3505 5177 :vald'e

1924 5208 2073 5261 enim
2104 5207 2358 5265 Christus
2392 5210 2765 5279 deliciabatur,
2810 5229 2934 5268 cum
2969 5229 3069 5283 pro
3100 5215 3258 5269 nobis
3288 5224 3503 5285 patere-

1924 5299 2263 5365 tur,diaholo
2286 5302 2539 5369 illudens,
2569 5306 2709 5360 etde
2739 5307 2912 5361 salute
2937 5307 3215 5361 hominum
3238 5307 3503 5379 gaudens.

1925 5390 2039 5447 Hoe
2094 5401 2340 5450 torrente
2391 5397 2687 5469 voluptatis
2739 5401 2968 5472 mystice
2999 5416 3101 5455 nos
3141 5409 3295 5471 potat
3328 5417 3341 5453 :
3376 5415 3501 5453 nam

1925 5483 2141 5543 Domini
2177 5490 2477 5560 perpessio,
2512 5491 2831 5564 martyrium
2865 5493 3036 5549 servis
3065 5493 3206 5550 facta
3253 5503 3358 5549 cst.
