3928 6422
635 342 768 412 1191

1089 459 1412 518 PSALMUS
1469 458 1717 516 XXXVI.

701 556 866 612 Vsus.
893 555 983 611 29.
1039 574 1059 608 ι
1099 555 1293 610 Junior
1323 554 1423 610 fui.
1464 574 1484 608 ι

697 645 928 702 Pulchre
953 662 1054 702 nos
1075 646 1263 716 judicii
1295 661 1566 701 memores
1589 645 1742 711 facit,
1763 659 1854 710 ne,
1881 660 2061 700 rerum
2091 658 2214 715 qua:

629 737 720 792 hic
750 739 906 800 ﬁunt,
943 737 1328 794 confusionem
1353 737 1627 800 videntes,
1671 737 1930 792 virtutem
1969 735 2213 808 negliga-

629 846 774 893 mus,
799 832 918 886 viso
943 832 1142 900 probos
1173 831 1319 886 viros
1345 832 1489 902 apud
1516 831 1764 886 homines
1785 846 1906 886 esse
1931 829 2208 901 inglorios,

629 931 684 976 et
715 922 1098 977 alllictionibus
1131 922 1340 976 vexari.
1380 920 1500 975 Non
1549 922 1697 976 enim
1737 921 2082 990 derelinquet
2115 934 2210 975 eos

632 1013 796 1073 Deus.
829 1015 932 1068 hoc
961 1023 1064 1076 est,
1091 1029 1196 1066 non
1223 1014 1524 1082 despiciet;
1559 1015 1655 1068 sed
1683 1013 1738 1067 in
1764 1014 2008 1068 futurum
2033 1028 2209 1068 saecu-

628 1105 741 1160 lum
767 1121 862 1160 eos
891 1114 1091 1171 servat,
1118 1105 1206 1160 ubi
1234 1106 1444 1160 inlinita
1482 1116 1566 1161 est
1592 1107 1861 1162 bonorum
1895 1106 2206 1162 retributio.

1113 1288 1430 1344 PSALMUS
1461 1288 1734 1346 XXXVII.
2139 1346 2147 1362 ,

699 1378 866 1436 Vens.
893 1382 947 1437 3.
993 1400 1012 1433 ι
1041 1381 1312 1448 Quoniam
1349 1384 1559 1454 sagitta:
1593 1391 1698 1437 tua:
1725 1381 1907 1438 inﬁxae
1928 1390 2075 1438 sunt.
2111 1401 2132 1436 ο

697 1474 815 1531 Νοη
848 1484 1054 1530 temere
1085 1492 1184 1545 pro
1210 1474 1328 1545 ipso
1356 1490 1556 1546 genere
1583 1475 1824 1530 humano
1854 1475 2019 1530 etiam
2045 1474 2205 1529 Chri-

627 1576 743 1622 stus
778 1567 896 1621 haac
926 1568 1066 1637 petit
1096 1583 1126 1621 a
1161 1567 1330 1624 Patre
1357 1583 1478 1624 suo.
1515 1568 1625 1624 Sed
1669 1569 1964 1638 quoniam,
2005 1568 2204 1639 inquit,

626 1667 747 1720 quae
783 1652 836 1706 in
869 1669 963 1707 eos
1004 1653 1203 1709 intorta
1226 1663 1384 1710 erant
1416 1656 1616 1726 jacula,
1657 1658 1765 1712 hoc
1810 1666 1915 1722 est,
1951 1673 2208 1727 quaecun-

627 1758 733 1813 que
765 1744 934 1815 plagae
966 1753 1190 1815 propter
1218 1746 1392 1804 Adam
1437 1764 1786 1804 communem
1833 1760 2086 1805 naturam
2121 1750 2205 1804 in-

627 1846 902 1903 vaserant,
941 1839 996 1890 in
1029 1855 1114 1892 me
1141 1839 1320 1895 inﬁxa:
1347 1851 1496 1896 sunt.
1524 1842 1658 1896 Nam
1689 1859 1812 1898 cum
1843 1859 1941 1916 ego
1985 1860 2082 1914 pro
2109 1860 2207 1916 ge-
2237 1816 2280 1875 Β

628 1942 760 1981 nere
791 1927 1032 1983 humano
1058 1938 1282 1999 peccata
1307 1933 1670 2003 susceperim,
1699 1936 2012 1992 necessario
2041 1937 2205 1990 etiam

627 2034 729 2089 pro
757 2020 861 2076 illis
894 2022 1065 2076 subeo
1092 2023 1458 2093 disciplinam.
1496 2026 1562 2082 Et
1598 2027 1722 2083 ideo
1748 2029 2082 2083 conﬁrmasti
2117 2046 2204 2084 su-

628 2125 726 2180 per
758 2127 843 2166 me
872 2128 1094 2168 manum
1123 2123 1271 2169 tuam
1296 2119 1709 2188 correptricem,
1741 2121 1809 2176 de
1839 2136 1944 2192 qua
1967 2119 2068 2176 Job
2087 2121 2164 2176 ait
2189 2134 2204 2174 :

627 2204 814 2260 Manus
842 2206 1054 2263 Domini
1084 2210 1256 2280 tetigit
1288 2228 1367 2266 me
1398 2212 1440 2267 ⁸.

1093 2394 1410 2451 PSALMUS
1448 2394 1744 2452 XXXVIII.

697 2483 863 2539 Vens.
907 2487 961 2541 2.
1007 2506 1026 2538 ‹
1063 2486 1182 2541 Dixi
1211 2506 1225 2543 :
1251 2487 1566 2544 Custodiam
1596 2489 1709 2544 vias
1740 2504 1908 2544 meas.
1937 2507 1956 2541 ι

700 2576 865 2632 Decet
899 2576 1006 2632 hoc
1031 2595 1251 2634 omnem
1285 2581 1606 2651 prophetam
1651 2591 1708 2636 et
1753 2583 2029 2638 doctorem
2085 2593 2210 2652 pro-

627 2668 775 2738 prias
799 2669 913 2724 vias
939 2671 1234 2736 custodire,
1263 2673 1470 2728 scilicet
1496 2673 1776 2728 actionum
1806 2688 2004 2728 cursus
2032 2685 2088 2728 et
2122 2675 2208 2728 in-

628 2777 870 2832 gressus,
899 2763 972 2819 ita
1009 2774 1068 2818 ut
1091 2781 1200 2818 non
1228 2765 1474 2820 declinet
1512 2767 1568 2820 in
1618 2766 1829 2830 vitium,
1857 2782 1965 2820 non
1991 2767 2210 2822 aberret

628 2850 686 2905 in
727 2852 933 2923 lingua,
989 2854 1117 2912 dum
1167 2855 1327 2911 dictis
1389 2866 1516 2928 agat
1543 2857 1842 2912 contraria.
1887 2856 2028 2912 Vere
2060 2858 2208 2914 enim

628 2941 814 3013 lingua
851 2954 1079 3014 peccat,
1132 2947 1224 3017 qui
1275 2948 1423 3017 quod
1478 2948 1644 3003 verbo
1694 2949 1888 3004 vitium
1941 2950 2206 3020 coarguit,

628 3050 795 3107 opere
832 3037 1065 3105 astruit;
1130 3056 1196 3094 ex
1241 3055 1350 3109 quo
1400 3041 1533 3096 illud
1576 3042 1957 3112 consequitur,
1991 3052 2051 3098 ut
2084 3043 2208 3100 vita:

626 3142 742 3184 suae
779 3129 1025 3185 instituto
1052 3131 1355 3187 doctrinam
1390 3135 1748 3194 ementiatur.

699 3310 863 3365 Vens.
886 3311 939 3367 5.
979 3330 998 3364 ‹
1026 3312 1305 3383 Obmutui,
1343 3325 1398 3372 et
1435 3318 1755 3374 humiliatus
1786 3336 1927 3375 sum.
1971 3338 1989 3372 ι

697 3395 866 3454 Vides
893 3403 1168 3471 quomodo
1191 3406 1423 3474 primum
1452 3423 1548 3477 per
1568 3408 1997 3464 inobedientiam
2021 3409 2204 3464 obmu-

630 3491 770 3556 tuit,
807 3503 860 3548 et
894 3511 1016 3550 cum
1039 3497 1345 3563 obmutuit,
1384 3499 1698 3556 humiliatus
1729 3511 1833 3556 est.
1866 3501 2012 3556 Nihil
2059 3503 2204 3557 enim

627 3597 782 3651 aeque
831 3583 1106 3639 hominem
1157 3587 1412 3656 deprimit
1461 3605 1525 3644 ac
1569 3599 1762 3660 stupor
1807 3607 2102 3656 sensuum,
2151 3600 2207 3647 et

628 3674 824 3730 deinde
878 3677 1267 3733 inobedientia.
1317 3680 1426 3734 Aut
1479 3683 1643 3736 etiam
1699 3693 1980 3753 propterea
2035 3685 2204 3751 siluit,

630 3768 886 3837 quoniam
916 3784 945 3822 a
977 3769 1154 3835 bonis,
1185 3772 1288 3825 hoc
1320 3782 1404 3828 est
1435 3789 1465 3827 a
1505 3775 1862 3831 meditatione
1891 3776 2046 3848 legis,
2083 3795 2206 3849 qua:

629 3856 758 3912 boni
803 3863 1058 3932 magistra
1107 3871 1224 3928 est,
1281 3865 1538 3919 cessavit.
1580 3865 1736 3921 Unde
1785 3883 1894 3922 non
1931 3868 2206 3923 immerito

630 3961 924 4008 renovatus
970 3963 1056 4010 est
1111 3955 1266 4010 dolor
1318 3958 1526 4026 peccati
1561 3976 1574 4012 :
1607 3959 1874 4028 siquidem
1925 3962 2123 4016 vulnus
2174 3978 2206 4017 a

629 4054 854 4115 peccato
870 4045 1077 4102 illatum
1127 4048 1347 4119 gravius
1374 4059 1478 4116 est,
1499 4066 1620 4104 cum
1647 4068 1674 4105 a
1696 4052 1828 4122 legis
1849 4054 2206 4110 meditatione

627 4152 731 4192 nos
759 4137 904 4210 ipsos
937 4140 1314 4196 subducimus.
1354 4142 1438 4197 Fit
1467 4159 1683 4213 quoque
1705 4145 2006 4214 depascens
2028 4147 2203 4214 ulcus,

628 4238 886 4302 tanquam
924 4233 1072 4289 nullo
1103 4251 1132 4289 a
1166 4235 1364 4291 divinis
1412 4237 1701 4307 praeceptis
1743 4238 1993 4308 apposito
2029 4240 2205 4294 medi-

629 4334 900 4381 camento.
941 4326 1009 4382 Et
1043 4327 1164 4384 idco
1193 4345 1301 4383 non
1335 4330 1487 4386 stetit
1529 4330 1584 4385 in
1613 4330 1847 4395 silentio,
1873 4331 1969 4386 sed
1999 4347 2124 4387 cum
2147 4348 2206 4388 se

629 4416 974 4488 collegisset,
1026 4421 1203 4490 ipsum
1259 4423 1496 4493 abiecit,
1547 4434 1804 4495 tanquam
1846 4440 1963 4479 rem
2007 4425 2204 4481 animae

1834 338 2196 401 HESYCHII
2233 337 2711 402 PRESBYTERI

2242 465 2290 519 Δ

3725 342 3826 411 na

2879 457 3176 512 ΨΑΛΜΟΣ
3210 458 3358 523 AG'.

2397 567 2414 600 ο
2443 550 2730 623 Νεώτερος
2756 551 3052 622 ἐγενόμην.
3084 569 3104 602 ι

2384 641 2582 706 Καλῶς
2630 644 2779 714 ἡμᾶς
2821 643 3233 713 ἀναμιμνήσκει
3267 641 3375 710 τῆς
3408 639 3653 711 κρίσεως,
3679 645 3753 700 ἵνα
3787 653 3839 723 μὴ

2313 732 2453 805 πρὸς
2502 735 2602 806 τὴν
2650 735 2888 790 ἐνταῦθα
2937 735 3316 806 θεωρήσαντες
3367 733 3641 804 σύγχυσιν,
3685 740 3840 811 ἀρετῆς

2311 825 2709 899 ἀμελήσωμεν
2751 829 2987 900 ὁρῶντες
3011 830 3138 891 τοὺς
3172 831 3228 880 ἐν
3259 829 3514 898 ἀρεταῖς,
3544 830 3600 880 ὲν
3627 830 3840 904 ὡδοξίςιτῇ

2312 921 2465 992 παρὰ
2493 920 2838 994 ἀνθρώποις,
2869 923 2966 975 καὶ
3006 922 3190 985 πόνοις
3223 923 3615 991 τυγχάνοντας.
3644 928 3741 978 Οὐκ
3776 932 3842 993 ἐγ-

2310 1011 2630 1082 καταλείψει
2664 1014 2772 1084 γὰρ
2800 1014 3001 1077 αὐτοὺς
3033 1013 3062 1064 ὁ
3092 1012 3247 1078 Θεὸς,
3285 1007 3572 1067 scissim»
3597 1016 3688 1086 οὐχ
3715 1017 3842 1089 inrep-

2308 1102 2532 1170 όψεται·
2575 1103 2836 1172 φυλάττει
2868 1103 2926 1157 δέ
2953 1104 3155 1166 αὐτοὺς
3197 1108 3280 1167 είς
3323 1106 3418 1157 τὸν
3449 1105 3617 1159 αἰῶνα
3645 1108 3723 1160 τὸν
3747 1111 3837 1178 μέλι

2308 1194 2468 1249 λοντα
2487 1237 2504 1262 ,
2535 1195 2666 1250 ἔνθα
2695 1196 2802 1250 τῶν
2834 1195 3060 1264 ἀγαθῶν
3091 1199 3124 1267 ἡ
3157 1196 3309 1258 δόσις
3344 1197 3713 1269 άτιλεὺτητος.

2885 1288 3179 1341 ΨΛΛΜΟΣ
3216 1286 3343 1342 ΛΖ’.

2381 1382 2540 1434 «Ὅτι
2567 1380 2636 1434 τά
2671 1378 2800 1452 βέλη
2838 1397 2934 1434 σου
2966 1382 3356 1451 ἑνεπάγησαν.
3383 1397 3408 1430 ι

2382 1474 2458 1526 UO
2504 1472 2684 1543 μάτην
2718 1473 2746 1524 ὁ
2782 1473 3019 1544 Χριστὸς
3068 1473 3162 1525 καὶ
3207 1470 3387 1524 ταῦτα
3421 1469 3498 1541 τῷ
3531 1471 3689 1542 Hath
3715 1473 3831 1526 αὑτοῦ

2310 1565 2452 1636 ὑπὲρ
2488 1565 2580 1619 τοῦ
2618 1565 2812 1634 γένους
2843 1564 2955 1618 τῶν
2983 1564 3289 1634 ἀνθρώπων
3335 1563 3703 1633 προσεύχεται.
3729 1565 3833 1616 'Ail'

2309 1659 2498 1728 ἐπειδὴ
2525 1660 2595 1713 τὰ
2621 1660 2739 1712 κατ’
2763 1659 2943 1711 αὐτῶν
2971 1658 3131 1729 βέλη,
3161 1657 3357 1726 φησὶν,
3393 1658 3526 1719 ὅσας
3568 1657 3751 1726 πληγὰς
3771 1660 3830 1712 δή

2307 1753 2396 1806 τὸν
2437 1752 2608 1821 Ἀδάμ
2651 1751 2890 1822 ἐπῆλθεν
2931 1751 3076 1805 κατὰ
3120 1751 3220 1820 τῆς
3266 1753 3464 1818 κοινῆς
3510 1749 3722 1818 φύσεως,
3748 1755 3831 1821 ἐμοὶ

2309 1847 2680 1916 ἐνεπάγησαν.
2716 1844 2936 1915 Ἐπειδὴ
2970 1844 3079 1916 γὰρ
3121 1842 3232 1912 ἐγὼ
3277 1843 3381 1906 τὰς
3418 1842 3558 1913 ὑπὲρ
3583 1841 3827 1912 τοῦγένους

2307 1936 2414 1988 τῶν
2457 1934 2766 2006 ἀνθρώπων
2797 1936 3078 2006 ἁμαρτίας
3115 1933 3420 1997 ἀνέλαϐον,
3451 1933 3737 2001 ἀναγκαίαις
3765 1937 3829 1987 καὶ

2307 2030 2404 2091 τὰς
2455 2028 2596 2098 ὑπὲρ
2643 2027 2824 2081 αὐτῶν
2863 2028 3114 2089 παιδείας
3157 2027 3488 2096 ὑφίσταμαι.
3518 2026 3605 2078 Διὸ
3648 2027 3722 2077 καὶ
3756 2027 3824 2077 ἐπ-

2308 2121 2598 2190 εστήριξας
2648 2121 2734 2174 ἐπ’
2756 2120 2859 2190 ἐμὲ
2893 2121 2991 2190 τὴν
3023 2121 3182 2192 χεῖρά
3231 2137 3329 2172 σου
3377 2119 3480 2189 τὴν
3521 2119 3822 2189 παιδευτικὴν,

2307 2210 2438 2282 περὶ
2481 2206 2549 2283 ἦς
2585 2211 2705 2264 Ἰὼϐ
2738 2210 2924 2280 ἔλεγεο
2958 2210 3098 2280 Χείρ
3125 2211 3355 2280 Κυρίου
3395 2210 3434 2277 ἡ
3465 2208 3714 2279 ἁψαμένη
3741 2212 3819 2280 μού

2306 2303 2501 2357 ἐστιν.

2859 2395 3156 2450 ΨΑΛΜΟΣ
3205 2397 3342 2450 AII'.

2386 2505 2405 2538 ι
2437 2482 2582 2540 Εἷπα
2602 2503 2616 2518 ⁶
2644 2486 2868 2553 Φυλάξω
2897 2487 2994 2549 τὰς
3021 2486 3174 2546 ὁδούς
3203 2504 3333 2557 μου.
3369 2505 3391 2538 ι

2381 2577 2554 2631 Παντὶ
2577 2577 2738 2631 τοῦτο
2768 2580 3027 2649 προφήτῃ
3061 2579 3157 2631 καὶ
3189 2577 3507 2648 διδασκάλῳ
3544 2576 3812 2648 aptatam},-

2307 2669 2517 2732 οἰκείας
2567 2661 2857 2738 φυλάττειν
2890 2669 3042 2732 ὀδοὺς
3062 2709 3076 2732 ,
3109 2668 3315 2740 δηλαδὴ
3351 2669 3480 2732 τοὺς
3522 2668 3720 2738 δρόμους
3751 2670 3811 2720 καὶ

2308 2762 2407 2825 τὰς
2444 2761 2665 2831 πορείας
2694 2761 2806 2815 τῶν
2840 2763 3118 2834 πράξεων,
3144 2761 3290 2815 ὥστε
3320 2763 3398 2833 μὴ
3425 2759 3652 2814 ἐκκλῖναι
3675 2760 3734 2821 είς
3749 2774 3811 2810 κα-

2310 2855 2455 2921 κίαν,
2485 2855 2608 2926 μηδ’
2631 2855 2966 2928 ἁμαρτάνειν
2999 2857 3058 2908 ἐν
3086 2854 3313 2927 γλώσσῃ
3335 2896 3350 2922 ,
3386 2853 3594 2908 ἐναντία
3615 2855 3706 2914 τοῖς
3723 2853 3808 2904 tau-

2308 2947 2403 3002 τοῦ
2447 2949 2627 3018 λόγοις
2659 2948 3148 3020 διαπραττόμενον.
3166 2946 3502 3020 Ἀμαρτάνει
3538 2945 3636 3017 γάρ
3659 2945 3809 3011 άληθῶς

2309 3045 2376 3112 τῇ
2411 3040 2626 3113 γλώττῃ
2655 3043 2684 3095 ὁ
2711 3041 2790 3113 τῷ
2815 3041 2961 3112 λόγῳ
3009 3040 3344 3112 κατηγορῶν
3363 3041 3473 3114 ,τῆς
3499 3040 3690 3104 κακίας,
3711 3039 3806 3107 ἔργῳ

2309 3134 2366 3186 δὲ
2408 3133 2616 3204 ταύτην
2667 3133 2954 3198 συνιστῶν,
2989 3131 3083 3202 ἀφ’
3104 3125 3181 3186 ὧν
3215 3131 3396 3203 αὐτὴν
3431 3131 3728 3203 μετέρχεται.
3747 3125 3806 3178 καὶ

2261 3205 2280 3228 ⁶
2309 3228 2407 3295 τὴν
2432 3227 2628 3281 ἑαυτοῦ
2654 3226 3008 3280 διδασκαλίαν
3035 3229 3103 3298 τῇ
3132 3225 3386 3298 πολιτείᾳ
3406 3226 3712 3297 ψευδόμενος.

2382 3338 2399 3368 ι
2423 3316 2776 3389 Ἐκωερώθην,
2805 3318 2902 3372 καὶ
2930 3317 3334 3389 ἐταπεινώθην.
3368 3338 3388 3372 ι

2393 3410 2556 3481 Ὁρᾷς
2577 3412 2661 3463 ὅτι
2691 3410 2908 3482 πρῶτον
2930 3411 3026 3464 διὰ·
3047 3409 3338 3483 παρακοῆς
3357 3406 3627 3478 ἐκωφὼθη.
3642 3405 3714 3458 καὶ
3732 3420 3800 3454 κω-

2307 3501 2512 3572 φωθεὶς
2562 3501 2923 3573 ἐταπεινώθη.
2958 3503 3126 3557 Οὐδὲν
3169 3503 3282 3574 γάρ
3334 3501 3475 3555 οὕτω
3511 3497 3714 3552 ταπεινοί
3742 3495 3801 3545 τίν

2307 3594 2592 3667 ἄνθρωπον
2633 3596 2708 3659 ὡς
2736 3595 3086 3666 ἀναισθησία,
3115 3595 3212 3649 καὶ
3259 3595 3513 3668 παρακοὴ
3542 3590 3655 3664 μετὰ
3675 3586 3790 3640 τοῦτο.

2308 3688 2383 3741 Ἣ
2411 3689 2504 3742 καὶ
2526 3688 2616 3742 διὰ
2647 3688 2805 3742 τοῦτο
2835 3689 3115 3758 ἐσίγησεν,
3150 3689 3212 3754 ἐξ
3235 3689 3460 3758 ἀγαθῶν
3479 3727 3493 3752 ,
3521 3687 3608 3755 τῆς
3635 3679 3787 3752 μελέτης

2305 3780 2507 3853 δηλαδὴ
2536 3781 2628 3834 τοῦ
2655 3782 2821 3852 νόμου
2847 3821 2861 3846 ,
2907 3773 3003 3834 τοῦ
3035 3779 3246 3850 ἀγαθοῦ
3279 3777 3618 3837 διδασκάλου,
3643 3770 3775 3825 παυσά-

2307 3887 2492 3940 μενος.
2517 3873 2675 3924 Ὅθεν
2725 3870 3081 3940 ἀνεκαινίσθη
3116 3871 3350 3936 εἰκότως
3381 3870 3442 3923 τὸ
3470 3868 3564 3938 τῆς
3599 3857 3773 3932 ἁμαρτίας

2305 3965 2560 4034 ἄλγημα·
2589 3962 2888 4034 βαρύτερον
2907 3964 3016 4032 γὰρ
3041 3963 3102 4016 τδ
3134 3963 3353 4033 cup.de
3379 3961 3437 4028 εξ
3461 3955 3681 4029 ἁμαρτίας
3697 3949 3778 4017 ἡμῖν

2304 4055 2549 4126 τραῦμα,
2581 4055 2708 4107 ὅταν
2737 4058 2837 4126 τῆς
2865 4054 2961 4107 τοῦ
2991 4055 3158 4126 νόμου
3197 4055 3432 4124 μελέτης
3479 4045 3663 4104 ἑαυτοὺς
3691 4041 3782 4092 am-

2308 4146 2619 4216 στήσωμεν.
2645 4144 2860 4198 Γίνεται
2888 4147 2983 4199 κοιλ¹
3004 4145 3184 4216 νόμων
3210 4144 3401 4216 ὥσπερ
3421 4141 3605 4202 οὐδενὸς
3621 4131 3698 4188 ἀπὸ
3712 4128 3780 4196 τῆς

2308 4236 2458 4300 θείας
2508 4238 2730 4308 ἐντολῆς
2777 4237 3160 4308 ἐπιτιθεμένου
3206 4237 3500 4308 φαρμάκου
3541 4234 3568 4303 ὴ
3611 4220 3783 4296 σηπεδὼν

2307 4330 2618 4399 ὑφίσταται.
2651 4331 2853 4401 Διόπερ
2904 4331 3006 4384 οὐκ
3039 4329 3309 4400 ἐπέμενεν
3360 4329 3456 4399 τὴν
3492 4309 3785 4390 σιωπὴν,ἀλλ’

2307 4422 2590 4496 ἀνανήψας
2638 4423 2832 4495 αὐτὴν,
2863 4425 2939 4488 ὼς
2989 4421 3334 4496 ψυχοφθόρον
3381 4421 3630 4479 ἀπώσατο.
3655 4403 3784 4478 Δηλῶν

627 4509 926 4579 perniciem
970 4512 1306 4594 ail‘erentem'l
1343 4513 1456 4571 Hoc
1494 4515 1658 4589 igitur
1691 4517 2012 4586 ostendens,
2064 4519 2198 4574 sub-

2307 4515 2480 4584 τοῦτο,
2507 4517 2795 4588 τοιγαροῦν
2839 4519 3156 4589 ἐπήγαγεν·
3203 4513 3556 4587 Ἐθερμὰνθη
3581 4509 3610 4576 ἠ
3634 4497 3784 4570 καρδιά

625 4601 807 4674 junxit
836 4622 851 4658 :
885 4603 1158 4661 Concaluit
1189 4624 1281 4661 cor
1315 4625 1512 4666 meum.

1117 4693 1433 4754 PSALMUS
1472 4699 1722 4758 XXXIX.

698 4781 860 4839 Vens.
890 4785 975 4840 l0.
1021 4805 1040 4839 ι
1066 4789 1714 4863 Annuntiavijustitiam.
1747 4813 1767 4848 ι

697 4876 946 4950 Magnam
974 4891 1131 4936 vocat
1157 4881 1480 4951 Ecclesiam,
1513 4901 1620 4942 non
1665 4888 1844 4944 solum
1879 4887 2026 4959 quod
2057 4886 2202 4943 mul-

628 4977 808 5023 torum
837 4971 1120 5028 hominum
1148 4979 1627 5049 congregationem
1650 4981 2079 5050 complectatur;
2105 4981 2200 5038 sed

628 5062 800 5117 multo
825 5065 1014 5135 magis,
1042 5067 1186 5136 quod
1238 5069 1343 5122 alta
1377 5070 1740 5142 sublimiaque
1785 5073 2072 5144 theologia:
2106 5073 2201 5128 do-

628 5161 803 5222 gmata
830 5168 1023 5224 capere
1047 5157 1242 5213 valeat.
1277 5156 1442 5214 Labia
1467 5171 1648 5216 autem
1675 5170 1730 5220 et
1766 5159 1923 5218 oculi
1942 5163 2201 5219 Ecclesia:

628 5242 853 5315 ﬁgurate
878 5249 1048 5320 accipi
1081 5259 1307 5321 possunt
1339 5253 1584 5331 celebres
1609 5254 1684 5309 illi
1708 5257 1962 5327 apostoli,
1995 5265 2050 5311 et
2079 5264 2203 5327 post

630 5334 778 5406 ipsos
802 5353 992 5395 omnes
1024 5341 1296 5412 doctores,
1321 5360 1460 5415 quos
1490 5345 1757 5417 reliquum
1779 5362 1980 5418 corpus
2016 5347 2202 5404 Eccle-

630 5428 724 5484 siae
757 5445 865 5484 non
898 5431 1073 5488 solum
1103 5450 1214 5489 non
1242 5436 1500 5506 prohibet
1532 5439 1863 5493 annuntiare
1890 5438 2194 5506 Christum,

629 5520 722 5590 qui
756 5521 1097 5594 ipsajustitia
1125 5535 1241 5592 est;
1273 5527 1368 5583 sed
1400 5530 1571 5603 magis
1613 5531 1832 5600 excitat,
1866 5533 2203 5590 convenien-

632 5618 739 5664 tem
774 5611 907 5682 ipsis
939 5628 1160 5684 operam
1189 5625 1474 5687 praestans.

702 5808 722 5836 ⁹
751 5809 852 5865 Job
877 5828 989 5879 xxx,
1011 5813 1100 5868 2i.

2301 4626 2438 4679 μου.

2857 4698 3153 4758 ΨΑΛΜΟΣ
3199 4703 3328 4762 ΛΘν.

2380 4812 2398 4845 ι
2427 4789 2886 4865 Εὑαγγελισάμην
2924 4794 3290 4870 δικαιοσύνην.
3322 4817 3342 4852 ι

2376 4881 2640 4954 Μεγάλην
2667 4886 2833 4956 φησιν
2865 4885 3218 4958 Ἐκκλησίαν,
3235 4888 3296 4942 οὐ
3325 4886 3477 4960 μόνον
3495 4881 3580 4952 τὴν
3600 4874 3781 4960 σῦπηίέα

2304 4975 2734 5045 πολυάνθρωπον
2767 4978 3000 5050 ἔχουσαν
3019 5021 3036 5045 ,
3068 4980 3204 5036 ἀλλὰ
3235 4958 3336 5034 και
3353 4975 3517 5046 πολλῷ
3543 4967 3700 5062 ttme

2305 5071 2374 5125 τὰ
2401 5069 2581 5142 ὑψηλὰ
2622 5071 2718 5124 καὶ
2761 5073 3159 5145 μεγαλοπρεπῆ
3188 5072 3429 5142 δόγματα
3451 5068 3540 5135 τῆς
3577 5056 3779 5145 θεολογίας

2309 5163 2716 5235 παραδέξασθαι
2755 5143 3084 5237 δυναμένην.
3115 5143 3284 5237 Χείλη
3312 5165 3367 5218 δὲ
3393 5161 3485 5232 τῆς
3515 5143 3773 5249 Ἐκκλησίαςι

2308 5260 2402 5311 καὶ
2429 5259 2479 5311 oi
2507 5257 2776 5329 ὀφθαλμοὶ
2803 5258 3082 5328 τροπικῶς
3109 5258 3364 5330 ληφθεῖεν
3392 5255 3456 5309 ἂν
3493 5249 3536 5303 οἱ
3574 5247 3776 5300 πανευςυη·

2311 5366 2402 5420 μοι
2429 5349 2742 5414 ἀπόστολοι,
2775 5349 2870 5404 καὶ
2903 5349 3104 5414 πάντες
3131 5329 3183 5403 oi
3219 5351 3334 5422 μετ’
3354 5345 3566 5403 ἐκείνους
3594 5329 3775 5422 διδάσκεις

2307 5410 2410 5502 λοι,
2438 5439 2531 5504 οὓς
2563 5440 2626 5494 τὸ
2652 5410 2838 5495 λοιπὸν
2864 5441 3024 5512 σῶμα
3052 5410 3151 5514 της
3185 5410 3508 5512 ’ἐκκλησίαςν
3525 5431 3575 5485 οὐ
3601 5410 3774 5514 μόνῨΫώ

2310 5531 2511 5586 κωλύει
2538 5533 2641 5604 τὴν
2662 5509 3146 5606 αὑτοδικαιοσύνην
3171 5509 3580 5607 εὐαγγελίζεσθαι
3597 5517 3668 5571 τὸν
3683 5509 3772 5578 Χρι·

2313 5626 2459 5688 στὸν,
2491 5622 2627 5677 ἀλλὰ
2669 5625 2766 5679 καὶ¹
2813 5625 3017 5696 μᾶλλον
3049 5628 3309 5701 παρορμᾷ
3333 5623 3423 5697 τὴν
3449 5614 3666 5678 ἀνάλογον
3687 5611 3771 5653 συν·

2313 5715 2505 5788 εργίαν
2533 5716 2719 5782 αὐτοῖς
2746 5718 3150 5790 παρεχόμενον.
