4032 6422
1356 411 1819 476 FRAGMENTA
1860 409 1942 470 IN
1974 408 2332 471 PSALMOS.

796 527 1088 581 ΨΔΛΜυΣ
1127 528 1215 580 Μ’.

2438 512 2763 573 ΡεΑιιιυε
2795 494 2907 572 xu.

1982 630 2000 663 ι
2032 610 2094 665 In
2126 611 2313 665 linem.
2345 628 2364 663 ι
3093 669 3105 687 ’

1976 704 2089 758 Etsi
2118 703 2431 773 frequenter
2454 700 2701 756 Psalmos
2730 701 2783 753 in
2805 699 2960 768 ﬁnem
2988 696 3471 767 inscripseritProv

210 418 241 480 1
258 417 360 483 193
1356 411 1819 476 FRAGMENTA

1929 409 1942 470 l
1974 408 2332 471 PSALMOS.
3333 404 3464 471 1194

296 640 313 670 ι
350 620 441 673 El:
470 620 645 673 τέλος.
677 637 698 672 ι

296 640 313 670 ι
350 637 441 673 ιιι
470 637 592 672 τελο
631 659 645 672 .
677 637 698 672 ι

294 712 358 765 Ei
388 657 485 765 καὶ
521 637 779 773 πολλάκις
808 711 935 775 τοὺς
966 709 1217 779 ψαλμοὺς
1243 709 1271 761 ὁ
1310 708 1599 777 Προφήτης
1626 709 1712 772 εὶς
1740 705 1808 759 τὸ

206 804 397 869 τέλος
428 803 733 873 ἐπέγραψε,
766 802 847 855 δεῖ
874 803 930 855 δὲ
961 802 1203 872 νομίζειν
1229 801 1401 871 ὅμως,
1436 800 1512 864 ώς
1540 800 1601 852 οὐ
1634 800 1809 869 μάτην

1929 796 2093 859 theta.
2115 795 2366 849 arbitrari
2397 802 2578 848 tamen
2610 801 2826 863 oportet
2846 808 2969 847 eum
2997 806 3104 846 non
3142 799 3344 845 temere
3363 789 3470 843 sin-

205 895 415 950 τοῦτον
440 895 656 965 ἑκάστῳ
681 893 792 947 τῶν
817 892 1050 964 ψαλμῶν
1074 892 1165 945 τὸν
1189 891 1365 944 τίτλον
1392 889 1695 961 ἐπιτίθησι.
1712 891 1811 952 Τίς

1929 888 2046 957 gulis
2059 888 2279 958 psalmis
2293 888 2439 941 hunc
2459 887 2671 941 titulum
2696 884 3035 956 apposuisse.
3054 883 3157 937 Sed
3181 899 3299 954 qum
3313 900 3473 939 causa

206 986 284 1039 δὲ
315 987 409 1039 νῦν
441 988 475 1057 ἡ
503 986 692 1053 αίτία;
733 986 956 1056 Ἐπειδὴ
980 985 1048 1039 τὰ
1084 985 1222 1055 πρὸς
1257 984 1333 1054 τῷ
1354 983 1499 1037 τέλει
1538 982 1637 1050 τῆς
1668 983 1811 1034 οἰκο-

208 1079 423 1146 νομίας
450 1077 545 1129 τοῦ
577 1077 818 1145 Χριστοῦ
844 1077 1189 1144 διαλέγεται,
1217 1075 1276 1127 ὃν
1304 1073 1467 1127 Δασιδ
1495 1074 1555 1127 οὐ
1594 1072 1754 1144 μόνος
1785 1072 1814 1125 ὁ

210 1174 519 1241 προφήτης
564 1163 743 1235 οὗτος,
794 1168 930 1222 ἀλλὰ
959 1169 1053 1222 καὶ
1081 1168 1237 1231 ἄλλος
1270 1167 1552 1233 ἐκάλεσεν,
1571 1166 1727 1237 Ὠσηέ
1756 1163 1812 1219 δὲ

210 1257 385 1325 οὗτος
411 1277 426 1291 ·
469 1260 629 1315 Μετὰ
666 1260 888 1325 ταῦτα,
936 1260 1114 1330 φήσας
1136 1300 1154 1326 ,
1190 1256 1669 1326 ἐπιστρέψουσιν
1698 1254 1815 1309 υἱοί

238 1355 516 1425 Ἰσραὴλ,
546 1355 647 1409 καὶ
678 1354 1007 1422 ζητήσουσι
1039 1353 1256 1418 Κύριον
1279 1350 1385 1403 τὸν
1421 1350 1565 1404 Θεὸν
1594 1348 1811 1409 αὐτῶν.

217 1449 332 1501 καὶ
376 1448 554 1501 Δαϐὶὸ
591 1446 700 1500 τὸν
733 1443 1000 1510 βασιλέα
1045 1443 1243 1496 αὐτῶν
1263 1461 1276 1473 ·
1309 1441 1487 1494 καίτοι
1518 1441 1681 1494 Δα6“ιδ
1713 1441 1817 1511 πρὸ

220 1540 448 1593 πολλῶν
496 1538 701 1608 γενεῶν
766 1536 859 1590 τοῦ
920 1537 1199 1607 προφήτου
1242 1522 1435 1587 τούτου
1490 1532 1818 1601 τελευτήσας

225 1631 642 1699 ἐτύγχανενσέν
677 1627 908 1698 ἡμέραις
948 1627 1056 1694 γὰρ
1105 1624 1349 1688 Ἐζεκίου
1415 1622 1506 1675 τοῦ
1559 1621 1819 1692 βασιλέως

226 1726 335 1796 τὴν
368 1722 708 1793 προφητείαν
737 1712 973 1787 ἐξέθετο.
1006 1716 1169 1770 Ἀλλὰ
1194 1715 1286 1769 τὸν
1312 1718 1432 1768 νέον
1458 1714 1609 1783 λέγει
1632 1712 1817 1779 Δασὶδ,

239 1818 385 1888 πρὸς
412 1817 471 1869 ὃν
506 1817 555 1869 οἱ
588 1814 855 1876 σωθέντες
884 1810 1251 1882 ἐπέστρεψαν.

314 1929 334 1960 ι
371 1908 574 1979 Κύριος
611 1905 878 1976 βοηθῆσαι
907 1901 1086 1972 αὐτῷ.
1129 1920 1148 1953 ι

313 2001 563 2073 Εὕρηται
602 1998 698 2052 καὶ
731 1998 893 2068 μέχρι
931 1995 1027 2048 τοῦ
1073 1994 1347 2064 παρόντος
1376 1991 1693 2060 πολλάκιςή
1721 1989 1821 2059 τῆς

235 2072 594 2165 προφητικῆς
640 2088 977 2157 ἐπαγγελίας
1003 2086 1253 2157 ἀλήθεια.
1280 2072 1473 2139 Πολλοὶ
1516 2082 1625 2152 γὰρ
1654 2098 1817 2149 νοση-

236 2186 549 2255 λευόμενοι,
580 2182 674 2236 καὶ⁹
700 2178 955 2252 χαλεπῶς
984 2180 1308 2250 κάμνοντες,
1342 2173 1462 2230 εἶτα
1486 2173 1822 2237 κενώσαντες

244 2282 327 2339 εἰς
344 2278 469 2341 τοὺς
490 2275 739 2346 πτωχοὺς
756 2274 848 2328 καὶ
862 2272 1098 2343 πένητας
1122 2272 1215 2323 τὸν
1240 2270 1489 2333 πλοῦτον,
1506 2268 1669 2330 εὐθὺς
1694 2283 1825 2337 μετ-

251 2371 556 2442 εϐλήθησαν
596 2369 733 2438 πρὸς
791 2367 852 2420 τὸ
901 2368 1169 2438 κρεῖττον.
1197 2364 1261 2417 Εί
1280 2363 1389 2433 γὰρ
1412 2362 1548 2415 κάπὶ
1570 2360 1671 2430 τῆς
1699 2359 1825 2429 μελ-

254 2465 451 2533 λούσης
502 2462 720 2532 ήμὲρας
776 2462 1191 2531 κατακαυχᾶται
1246 2457 1396 2510 ἔλεον
1456 2455 1714 2527 κρίσεως,
1770 2451 1825 2507 τί

264 2554 589 2625 θαυμαστὸν,
616 2557 667 2607 εί
695 2553 977 2608 κάνταῦθα
1000 2554 1092 2607 τὸν
1122 2549 1569 2625 προσδοκώμενον
1598 2549 1825 2603 θάνατον

262 2649 292 2699 ό
338 2646 560 2716 δαψιλὴς
587 2646 738 2710 ἕλεος
784 2645 1106 2717 ἀνατρέπει,
1146 2643 1409 2715 καὶπρὸς
1457 2642 1625 2714 ρῶσιν
1662 2657 1827 2712 μετα-

256 2737 483 2801 sanat;
515 2738 662 2807 Πλὴν
694 2738 810 2791 ἐστι
840 2737 1060 2807 καὶτῆς
1084 2736 1262 2808 ψυχῆς
1288 2734 1584 2807 ἀρρωστία,
1613 2733 1827 2801 λαμϐα-

250 2830 459 2901 νομένη
491 2831 631 2883 κατὰ
656 2830 749 2883 τὸν
777 2828 987 2882 ἔνδοθεν
1018 2828 1328 2900 ἄνθρωπον,
1362 2826 1485 2880 καθ’
1510 2828 1577 2897 ἢν
1603 2826 1827 2896 ἀνειμέ-

249 2940 353 2984 νας
394 2921 592 2991 ἐχουσα
635 2925 845 2993 χεῖρας,
879 2921 1002 2993 ἦτοι
1041 2923 1140 2985 τὰς
1182 2919 1494 2991 πρακτικὰς
1545 2919 1826 2988 δυνάμεις.

252 3013 585 3079 Εὑρίσκεται
611 3016 704 3067 καὶ
732 3014 937 3081 γόνατα
964 3012 1238 3083 παραλελυ
1248 3012 1405 3081 μένα,
1437 3015 1531 3069 καὶ
1558 3013 1646 3067 διὰ
1670 3013 1830 3067 τοῦτο

252 3105 338 3174 μὴ
367 3104 640 3171 δυνάμενα
675 3103 1007 3174 πορεύεσθαι
1052 3103 1150 3175 τὴν
1181 3105 1502 3174 ἁπάγουσαν
1538 3105 1656 3159 όδδν
1692 3106 1831 3175 πρὸς

1911 990 1994 1034 est
2024 980 2307 1050 praesentis
2330 978 2747 1048 inscriptionis?
2776 977 3045 1042 Quoniam
3068 992 3189 1048 qua:
3209 977 3276 1031 ad
3312 976 3473 1031 linem

1911 1072 2339 1142 dispensationis
2391 1070 2594 1125 Christi
2647 1070 2926 1141 pertinent
2979 1079 3229 1125 recenset
3265 1088 3278 1123 :
3313 1084 3476 1140 quem

1913 1178 2021 1216 non
2068 1163 2217 1218 solus
2247 1161 2337 1218 hic
2363 1161 2654 1233 Propheta,
2684 1163 2779 1217 sed
2808 1170 2862 1217 et
2900 1161 3057 1227 alius,
3090 1162 3347 1217 Davidem
3376 1178 3477 1215 no-

1913 1254 2160 1318 minavit,
2182 1254 2437 1308 nimirum
2464 1253 2623 1320 Osee,
2651 1253 2766 1324 qui,
2800 1253 2925 1308 Post
2955 1256 3083 1316 luzc.
3117 1255 3274 1320 dixit,
3304 1271 3478 1309 rever—

1916 1344 2091 1396 tentur
2119 1344 2219 1412 ﬁlii
2250 1343 2439 1409 Israel,
2472 1354 2519 1398 et
2546 1356 2773 1413 quaerent
2810 1344 3088 1399 Dominum
3116 1345 3280 1399 Deum
3306 1361 3479 1409 suum,

1915 1444 1965 1486 et
2016 1434 2185 1488 David
2247 1451 2422 1505 regem
2456 1450 2609 1489 suum
2636 1436 2718 1501 “;
2760 1435 2885 1490 licet
2922 1436 3087 1491 David
3140 1452 3238 1507 per
3285 1436 3484 1492 multas

1916 1526 2297 1596 generationes
2324 1536 2451 1581 ante
2474 1527 2621 1582 hunc
2664 1528 2984 1599 prophetam
3016 1529 3246 1583 obierit:
3280 1530 3482 1584 etenim

1918 1616 1971 1669 in
2007 1616 2197 1672 diebus
2224 1616 2470 1673 Ezechiae
2515 1620 2658 1689 regis
2709 1617 2849 1674 hanc
2901 1620 3244 1690 prophetiam
3279 1621 3482 1683 edidit;

1920 1709 2014 1763 sed
2044 1725 2245 1764 novum
2278 1708 2446 1764 David
2484 1709 2763 1783 intelligit,
2788 1711 2856 1767 ad
2883 1726 3045 1782 quem
3078 1712 3328 1767 conversi
3359 1722 3486 1767 sunt

1920 1800 2011 1872 qui
2044 1802 2243 1856 servati
2284 1813 2432 1860 sunt.

1853 1875 1893 1932 Β
2000 1893 2161 1950 Vens.
2190 1896 2243 1951 4.
2283 1916 2301 1948 ι
2346 1895 2608 1952 Dominus
2638 1912 2796 1967 opem
2833 1896 2973 1952 ferat
2998 1896 3093 1955 illi.
3140 1917 3159 1949 ι

1994 1988 2137 2055 Quin
2195 1998 2251 2042 et
2290 1988 2341 2041 in
2400 2002 2638 2058 praesens
2698 2004 2871 2059 usque
2926 1999 3140 2059 tempus
3178 1987 3492 2058 frequenter

1923 2080 2258 2151 pr0phetica:
2280 2080 2441 2151 hujus
2469 2082 2847 2152 promissionis
2886 2082 3089 2137 veritas
3113 2082 3337 2151 reperiri
3368 2097 3493 2152 pos-

1922 2174 2012 2229 sit.
2049 2172 2199 2228 Multi
2236 2189 2472 2244 namque
2510 2174 2741 2229 morbidi
2768 2182 2825 2230 et
2855 2190 2997 2246 aegre
3040 2174 3370 2243 laborantes,
3398 2173 3491 2228 ubi

1923 2265 1979 2318 in
2020 2278 2219 2335 egenos
2258 2271 2313 2318 et
2356 2278 2631 2333 pauperes
2661 2278 2794 2333 opes
2826 2278 2954 2319 suas
2982 2262 3401 2327 evacuaverint,
3430 2261 3495 2315 il-

1924 2361 2030 2419 lico
2086 2361 2404 2416 commutati
2428 2370 2556 2416 sunt
2599 2359 2655 2413 in
2706 2358 2920 2413 melius.
2965 2357 3099 2412 Nam
3134 2357 3177 2411 si
3224 2356 3387 2411 etiam
3436 2355 3493 2408 in

1926 2452 2109 2507 futuro
2157 2452 2244 2507 die
2280 2451 2646 2522 superexaltat
2677 2448 3050 2505 misericordia
3079 2448 3343 2517 judicium
3396 2446 3493 2511 ως

1925 2544 2052 2615 quid
2080 2544 2300 2610 mirum,
2325 2546 2367 2598 si
2390 2544 2551 2598 etiam
2574 2544 2662 2598 hic
2681 2552 2910 2597 mortem
2936 2557 3095 2611 quam
3120 2547 3497 2609 exspectamus

1925 2634 2142 2706 pinguis
2177 2634 2454 2688 miseratio
2486 2641 2689 2688 avertat
2716 2675 2730 2699 ,
2761 2642 2817 2687 et
2864 2633 3029 2686 robur
3062 2629 3354 2686 restituat?
3377 2627 3497 2684 Ca:-

1928 2736 2107 2781 terum
2145 2734 2230 2780 est
2272 2735 2328 2780 et
2366 2726 2562 2781 anima:
2594 2724 2903 2789 inﬁrmitas,
2931 2739 3051 2793 quae
3081 2722 3381 2777 secundum
3410 2721 3498 2774 in-

1931 2817 2184 2872 teriorem
2213 2816 2488 2871 hominem
2523 2817 2807 2886 accipitur,
2850 2816 3004 2886 juxta
3035 2830 3197 2885 quant
3235 2813 3500 2867 resolutas

1929 2908 2092 2963 habet
2116 2925 2331 2973 manus,
2359 2909 2477 2963 sive
2501 2908 2762 2977 operandi
2791 2907 2955 2961 vires.
2988 2906 3351 2975 Reperiuntur
3374 2920 3501 2975 quo-

1928 3006 2223 3069 que‘genua
2239 2997 2673 3067 luxata,ideoque
2697 3013 2804 3051 non
2824 2995 3051 3051 valentia
3068 2996 3343 3051 ambulare
3360 2994 3500 3049 viam

1930 3108 2051 3162 quae
2074 3092 2226 3147 ducit
2253 3092 2319 3146 ad
2347 3093 2535 3145 vitam.
2567 3090 2722 3146 Tunc
2747 3091 2892 3145 enim
2914 3090 3148 3145 animam
3180 3089 3327 3159 gravi
3354 3088 3503 3143 velut

248 3197 424 3264 ζωήν.
459 3195 776 3265 Τηνικαῦτα
812 3195 920 3266 γὰρ
957 3196 1123 3248 οἱονεὶ
1153 3195 1265 3268 τὴν,
1291 3197 1471 3267 ψυχὴν
1505 3197 1828 3268 δυσφορήτῳ

1933 3185 2123 3239 morbo
2166 3182 2427 3238 socordiae
2456 3183 2731 3237 detentam
2756 3223 2771 3247 ,
2802 3191 2858 3236 et
2885 3197 2984 3252 per
3018 3182 3120 3236 hoc
3160 3181 3229 3236 ad
3274 3189 3500 3236 mortem

253 3290 402 3356 νόσῳ
426 3287 524 3355 τῆς
556 3286 840 3359 ῥᾳστώνης
872 3288 1267 3358 κατεχομένην,
1290 3289 1385 3344 καὶ
1403 3289 1490 3344 διὰ
1509 3288 1670 3342 τοῦτο
1695 3291 1828 3360 πρὸς

1933 3274 2143 3345 peccati
2169 3275 2480 3341 adductam,
2520 3274 2863 3344 eleemosyna
2894 3274 2948 3327 in
2985 3289 3251 3343 pauperes
3288 3280 3503 3344 erogata

247 3378 353 3431 τὸν
381 3379 613 3432 θάνατον
633 3380 732 3447 τῆς
761 3378 1035 3449 ἁμαρτίας
1062 3380 1450 3450 ἐπειγομένην,
1478 3382 1512 3452 ὴ
1542 3381 1680 3453 πρὸς
1708 3383 1837 3444 τοὺς

252 3473 514 3541 πτωχοὺς
538 3471 878 3541 ἐλεημοσύνη
897 3471 1108 3536 ἐξιᾶται
1137 3475 1233 3531 καὶ
1266 3473 1613 3541 μεταϐάλλει.
1634 3473 1835 3546 Διόπερ

248 3568 486 3632 ἁμέσως
518 3565 815 3633 ἐπήγαγεν·
865 3561 1012 3632 Ἐγὼ
1030 3559 1189 3617 εἶπα·
1227 3564 1423 3629 Κύριε,
1448 3564 1710 3632 ἐλέησόν
1735 3581 1834 3634 με,

254 3657 433 3709 lavat
467 3656 575 3723 τὴν
610 3655 822 3724 ψυχήν
836 3673 976 3725 μου,
998 3657 1087 3710 ὅτι
1121 3658 1393 3728 ἢμαρτόν
1412 3675 1533 3713 σοι.

343 3769 359 3796 ι
394 3749 467 3801 Σὺ
493 3747 570 3811 δὲ,
604 3748 804 3818 Κύριε,
837 3748 1061 3819 ἐλέησόν
1089 3766 1176 3820 με.
1220 3770 1246 3804 ι

340 3843 417 3895 (ιύ
440 3841 536 3895 διὰ
577 3843 638 3895 τὸ
679 3841 1008 3896 πεπονθέναι
1054 3843 1146 3895 τὸν
1196 3842 1426 3896 θάνατον
1468 3842 1598 3913 παρ’
1634 3843 1835 3907 αὐτῶν,

256 3935 559 4004 ἐφιέμενος
594 3934 778 3998 αὐτοῖς
817 3933 1214 3988 ἀνταποδοῦναι
1247 3936 1346 4004 τὴν
1375 3937 1650 4005 τιμωρίαν
1682 3935 1839 3987 τοῦτό

258 4049 441 4101 φησιν
480 4032 663 4102 (αὐτὸς
689 4031 798 4102 γὰρ
832 4030 1020 4098 ἔλεγεν
1045 4032 1103 4082 ἐν
1130 4030 1207 4099 τῷ
1236 4031 1413 4100 καιρῷ
1448 4030 1543 4083 τοῦ
1575 4030 1835 4100 σταυροῦ,

260 4123 460 4191 Πάτερ
480 4164 496 4188 ,
521 4122 671 4192 ἄφες
700 4122 904 4188 αὐτοῖς
951 4121 1068 4189 τὴν
1097 4123 1421 4191 ἁμαρτίαν)
1446 4139 1460 4153 ’
1492 4123 1609 4175 ἀλλ’
1650 4122 1839 4191 ἐπειδὴ

259 4215 368 4281 τὴν
392 4212 900 4283 ἀπροσωπόληπτον
927 4214 1021 4265 καὶ
1047 4212 1260 4265 δικαίαν
1287 4212 1467 4282 κρίσιν
1500 4211 1595 4265 τοῦ
1628 4212 1840 4282 Πατρὸς

260 4303 463 4357 ἐῦλεπε
505 4302 1031 4372 καταψηφιζομένην
1081 4306 1197 4364 τοῖς
1251 4302 1591 4372 μιαιφόνοις,
1648 4302 1838 4354 τούτου

260 4397 450 4466 χάριν,
481 4395 555 4457 ὡς
607 4394 685 4464 τῷ
725 4394 844 4465 Θεῷ
893 4396 989 4448 καὶ¹
1037 4395 1210 4464 Πατρὶ
1252 4396 1632 4464 ταυτουργεὶς,
1675 4391 1795 4447 εἷπε
1822 4410 1838 4425 '

263 4489 375 4543 Kal
398 4487 805 4541 ἀνταποδώσω
832 4489 1037 4553 αὐτοῖς
1072 4488 1157 4540 ἵνα
1181 4487 1331 4560 δείξῃ
1361 4488 1490 4557 μίαν
1523 4488 1609 4538 ἐπ’
1638 4490 1840 4558 ἀμφοῖν

1934 3377 2090 3423 curat
2117 3376 2172 3422 et
2204 3376 2435 3422 recreat.
2469 3366 2813 3439 Quapropter
2852 3366 3163 3422 immediate
3184 3366 3502 3436 subjunxit:

1935 3459 2046 3530 Ego
2075 3459 2187 3513 dixi
2212 3458 2728 3525 :Domine,miserere
2751 3458 2877 3522 mei,
2895 3475 3027 3511 sana
3057 3458 3294 3511 animum
3312 3472 3501 3517 meum,

1934 3549 2058 3622 quia
2092 3546 2299 3620 peccavi
2327 3549 2438 3603 tibi.
2528 3564 2529 3567 ‘

2008 3748 2169 3806 Vsus.
2214 3750 2302 3804 ll.
2348 3768 2368 3801 ‹
2411 3750 2491 3809 Tu
2516 3759 2719 3816 autem,
2748 3750 2999 3814 Domine,
3038 3749 3296 3806 miserere
3320 3751 3447 3805 mei.
3482 3769 3502 3802 ›

2006 3841 2123 3897 Non
2145 3842 2290 3912 quod
2314 3843 2440 3909 quia
2468 3852 2695 3898 mortem
2724 3843 2793 3898 ab
2822 3843 2956 3913 ipsis
2985 3844 3058 3898 sit
3086 3859 3297 3914 passus,
3332 3844 3517 3899 vindio-

1938 3945 2081 3989 ctam
2112 3936 2192 3988 eis
2234 3934 2438 3989 referre
2483 3936 2651 4001 velit,
2683 3936 2786 3991 hoc
2808 3936 2939 3991 dicit
2965 3937 2981 4007 (
3008 3937 3124 4007 ipse
3151 3939 3299 3993 enim
3330 3937 3507 3994 crucis

1940 4036 2181 4097 tempore
2204 4028 2337 4081 dixit
2361 4046 2374 4082 :
2404 4026 2584 4094 Pater,
2613 4030 2817 4083 dimitte
2841 4029 2945 4084 illis
2972 4040 3240 4099 peccatum
3269 4031 3357 4102 ¹¹);
3389 4032 3507 4098 sed,

1939 4135 2063 4173 cum
2121 4120 2236 4174 sine
2267 4135 2624 4190 personarum
2665 4123 2981 4192 acceptione
3023 4133 3077 4178 et
3106 4125 3309 4193 justum
3334 4125 3510 4180 Patris

1935 4211 2201 4282 judicium
2232 4212 2457 4266 vidisset
2493 4212 2549 4266 in
2582 4213 2881 4269 homicidas
2913 4216 3047 4271 istos
3085 4217 3386 4285 decretum,
3424 4219 3509 4274 id-

1940 4304 2087 4358 circo
2118 4312 2373 4373 tanquam
2402 4303 2493 4372 qui
2549 4303 2691 4357 idem
2725 4320 2848 4358 cum
2885 4306 2995 4360 Deo
3027 4322 3090 4362 ac
3118 4306 3276 4363 Patre
3314 4325 3508 4379 opere-

1941 4404 2046 4461 tur,
2078 4395 2153 4448 ait
2184 4412 2197 4449 :
2235 4395 2299 4449 Et
2340 4412 2432 4465 ego
2462 4396 2745 4449 retribuam
2770 4398 2865 4461 eis,
2896 4407 2957 4451 ut
2981 4400 3224 4453 eamdem
3252 4400 3308 4453 in
3345 4401 3511 4455 utris-

1942 4504 2046 4558 que
2083 4489 2454 4558 operationem
2488 4488 2742 4544 declaret.
2780 4489 2914 4543 Nam
2952 4507 3052 4543 non
3083 4501 3265 4557 potest,
3311 4492 3505 4561 inquit,

258 4579 367 4650 τὴν
413 4581 717 4650 ἐνέργειαν.
769 4580 927 4635 Οὐδὲ
961 4582 1068 4652 γὰρ
1119 4580 1368 4634 δύναται
1406 4584 1439 4635 ό
1478 4581 1633 4647 Υἱὸς,
1678 4583 1828 4651 φησὶ,

1943 4581 2113 4634 Filius
2145 4598 2177 4634 a
2206 4598 2261 4634 se
2291 4583 2466 4652 facere
2509 4583 2814 4652 quidquam.
2848 4582 2978 4647 Quae
3023 4585 3157 4637 enim
3184 4585 3369 4638 viderit
3401 4584 3510 4638 Pa-

259 4670 463 4725 ποιεῖν
497 4672 598 4741 ἀφ’
643 4671 860 4728 ἑαυτοῦ
895 4672 1094 4726 οὐδέν.
1125 4673 1191 4723 "A
1229 4675 1339 4740 γὰρ
1355 4669 1571 4735 ,βλέπει
1594 4671 1700 4723 τὸν
1729 4674 1838 4725 Πα-

260 4764 407 4832 τέρα
452 4764 742 4818 ποιοῦντα
772 4765 958 4818 ταῦτα
988 4766 1085 4818 καὶ
1121 4766 1153 4818 ό
1205 4764 1335 4830 Υἱὸς
1377 4764 1590 4831 ὁμοίως
1642 4763 1801 4817 ποιεῖ
1820 4777 1836 4793 ο

259 4858 366 4929 τὴν
400 4858 787 4911 ταυτοόουλίαν
804 4860 898 4911 καὶ
912 4855 1544 4928 ταυτουργίανοέντεῦθεν
1564 4856 1840 4925 ἑκατέρων

263 4968 347 5005 πα
356 4967 414 5023 ρε
425 4951 664 5021 μπεδῶν.

830 5043 1120 5097 ΨΑΛΜΟΣ
1145 5042 1280 5096 MA'.

348 5154 368 5187 ι
408 5137 499 5200 El;
529 5137 590 5190 τὸ
612 5135 786 5200 τέλος,
812 5137 889 5198 είς
926 5136 1140 5188 σύνεσιν
1164 5138 1276 5197 τοῖς
1306 5136 1444 5197 υἱοῖς
1468 5136 1633 5202 Κορέ.
1677 5154 1694 5187 ι

339 5227 626 5299 Ψαλτῳδοὶ
678 5228 772 5280 καὶ
822 5220 966 5280 οὗτοι
992 5267 1007 5291 ,
1040 5227 1289 5296 ψαλμοὺς
1333 5226 1484 5298 παρὰ
1529 5225 1622 5279 τοῦ
1655 5226 1840 5289 Δαθὶδ,

265 5318 365 5379 οὓς
392 5321 555 5385 αὐτὸς
598 5320 968 5390 προεφήτευσε
998 5358 1013 5383 ,
1041 5319 1429 5389 δανειζόμενοι.
1457 5320 1559 5384 Εἰς
1587 5321 1846 5373 σύνεσιν⁵

264 5405 328 5458 δὲ
384 5407 513 5468 ἴσως
568 5408 596 5458 ὁ
641 5407 858 5476 ψαλμδς
906 5407 1312 5479 ἐπιγράφεται,
1362 5407 1551 5481 ἐπειδὴ
1579 5407 1842 5480 πρόγονος

267 5497 455 5559 αὐτοῖς
508 5499 536 5550 ὁ
584 5498 728 5567 Κορὲ
769 5499 1013 5567 ἐγεγόνει
1058 5498 1397 5571 παράνομος,
1451 5503 1479 5554 ὁ
1528 5501 1606 5571 τῷ
1668 5502 1841 5571 Μωσῇ

274 5587 415 5658 μετὰ
445 5587 625 5640 Δαθὰν
656 5588 749 5640 καὶ
781 5586 1044 5658 Ἀϐειρὼν
1074 5589 1407 5651 ἐπαναστάς.
1442 5583 1602 5644 Οὗτοι
1621 5591 1676 5643 δὲ
1706 5592 1845 5644 πάν-

273 5695 387 5741 τως
424 5680 515 5733 τὸν
568 5680 836 5749 πρόγονον
856 5681 957 5733 οὐκ
984 5681 1265 5752 ἐζήλωσαν
1290 5723 1305 5747 ,
1336 5682 1451 5737 ἀλλ’
1487 5685 1610 5737 οὖδέ
1639 5684 1687 5736 οί
1719 5683 1847 5737 τού-

1943 4685 2074 4727 trem
2102 4675 2295 4745 facere,
2326 4674 2433 4727 Iure
2464 4685 2511 4727 et
2538 4674 2705 4729 Filius
2724 4676 2963 4729 similiter
2987 4678 3113 4747 facit
3147 4679 3224 4727 “:
3263 4678 3512 4731 volunta-

1940 4767 2011 4822 tis
2038 4775 2093 4821 et
2120 4767 2452 4837 Operationis
2482 4768 2817 4823 identitatem
2846 4770 3128 4839 utriusque
3162 4770 3291 4824 hinc
3325 4779 3510 4825 osten-

1941 4858 2095 4915 dens.

2485 5044 2805 5103 PSALMUS
2833 5047 2973 5101 XLI.

2016 5131 2182 5188 Vens.
2239 5135 2290 5189 1.
2327 5154 2346 5185 ι
2385 5136 2445 5189 1η
2474 5139 2658 5202 tinem,
2688 5140 2741 5191 in
2775 5140 3107 5193 intellectum
3140 5138 3266 5193 (iliis
3296 5138 3454 5195 Core.
3490 5160 3505 5189 ι

2013 5225 2349 5283 Psalmorum
2392 5228 2448 5282 bi
2493 5246 2707 5299 quoque
2740 5240 2988 5286 cantores
3024 5240 3219 5298 erant,
3258 5234 3347 5302 qui
3377 5249 3512 5303 quos

1944 5314 2121 5370 David
2148 5318 2409 5387 propheta
2439 5321 2675 5389 psalmos
2702 5320 2925 5383 fecerat,
2960 5323 3027 5376 ab
3058 5338 3122 5376 eo
3149 5322 3508 5393 accipiebant.

1946 5405 2190 5460 Psalmus
2224 5423 2353 5463 vero
2387 5424 2449 5463 ea
2478 5409 2620 5464 forte
2654 5409 2723 5465 de
2748 5427 2908 5466 causa
2942 5413 3234 5467 intellectus
3260 5414 3514 5467 inscribi-

1942 5505 2054 5559 tur,
2076 5499 2218 5568 quod
2246 5499 2405 5562 Core,
2439 5517 2673 5571 proavus
2692 5503 2929 5571 illorum,
2952 5508 3126 5562 malus
3145 5508 3329 5572 fuerit,
3352 5509 3514 5562 simul

1945 5605 2067 5643 cum
2110 5590 2320 5647 Dathan
2357 5603 2413 5648 et
2453 5596 2659 5650 Abiron
2694 5606 2881 5653 contra
2934 5600 3156 5670 Moysen
3209 5601 3513 5671 insurgens.

1948 5680 2149 5736 Verum
2202 5684 2257 5738 hi
2291 5686 2519 5759 vestigia
2552 5689 2739 5759 proavi
2768 5706 2879 5745 non
2909 5700 3036 5746 sunt
3073 5694 3268 5757 secuti,
3293 5694 3386 5751 sed
3415 5710 3515 5747 ne-

347 5858 395 5892 “
433 5857 592 5923 Osee,
620 5871 699 5918 ιιι.
725 5876 775 5911 v.
852 5860 916 5889 '°'
940 5858 1056 5912 Jac.
1090 5873 1148 5921 ιι,
1180 5858 1265 5911 l5.
1346 5860 1383 5891 ¹¹
1419 5859 1548 5916 Luc.
1580 5876 1734 5928 xxm,
1758 5863 1826 5917 54

1929 5862 1968 5894 ¹¹
2006 5861 2161 5918 Joan.
2187 5879 2241 5928 v,
2275 5863 2365 5920 l9.

622 5949 888 6010 PATROL.
933 5952 1046 6009 Gn.
1091 5948 1293 6012 XCIII.

3089 5957 3161 6019 38
