4032 6448
237 442 378 508 1197

1302 435 1759 496 FRAGMENTA
1799 435 1880 495 IN
1920 436 2279 499 PSALMOS.

3348 434 3480 498 1198

236 559 336 627 κῇ,
381 555 503 626 οὐχὶ
550 554 666 616 ταῖς
707 551 929 613 πολλαῖς
976 552 1095 614 ταῖς
1147 548 1455 616 ἀλογίστοις
1499 548 1815 619 ἀρέσκεται.

1930 550 2135 605 natibus
2161 548 2382 621 placari.
2409 548 2587 616 Quare
2608 548 2755 620 ipsos
2774 548 3066 604 convenire
3087 550 3260 620 jubet,
3294 561 3351 606 ut
3379 556 3481 610 hoc

230 651 445 718 Διόπερ
470 650 561 700 καὶ
587 644 862 699 συνελθεῖν
895 643 1111 709 αὐτοὺς,
1139 640 1279 695 ὥστε
1313 639 1472 694 τοῦτο
1504 640 1817 712 διδαχθῆναι

233 737 598 810 προσέταξεν.

319 851 341 885 ι
378 832 491 886 Οὐκ
520 832 613 884 ἐπὶ
638 832 757 893 ταῖς
793 828 1005 891 θυσίαις
1038 844 1131 880 σου
1161 826 1366 895 ἐλέγξω
1397 842 1478 879 σε.
1512 846 1531 877 ι

327 921 622 975 Ἢπίστουν
658 922 793 984 ἴσως
830 918 1004 973 ταῦτα
1048 921 1099 971 oi
1147 917 1256 970 τῶν
1298 916 1574 971 Ἰουδαίων
1628 916 1818 981 παῖδες

238 1016 561 1077 ἀκούοντες,
607 1014 703 1066 καὶ
740 1013 981 1082 ἠπόρουν
1025 1012 1072 1064 εί
1112 1009 1174 1062 τὸ
1216 1008 1495 1071 παντελῶς
1539 1008 1819 1079 συμϐῆναι

238 1107 537 1176 δυνήσεται
562 1146 577 1169 ,
600 1105 697 1158 νῦν
721 1105 777 1158 δὲ
809 1104 966 1174 ἔργον
1005 1105 1032 1154 ό
1072 1102 1230 1170 λόγος
1266 1099 1423 1170 ὤφθη
1444 1116 1456 1131 ·
1486 1102 1671 1153 ούκέτι
1712 1099 1818 1169 γάρ

240 1197 430 1250 αὐτῶν
476 1196 795 1267 ἐνεργοῦσιν
843 1197 896 1249 αἱ
950 1195 1132 1248 θυσίαι
1183 1194 1278 1246 τοῦ
1342 1192 1485 1246 ναοῦ
1540 1193 1818 1257 λυθέντος,

244 1291 602 1352 πεπτωκότος
649 1290 743 1342 τοῦ
788 1288 993 1359 βωμοῦ,
1026 1287 1118 1340 καὶ
1154 1288 1335 1356 πάσης
1376 1287 1473 1356 τῆς
1516 1287 1605 1338 ἐπ’
1654 1284 1817 1339 αὑτοῦ

242 1383 521 1446 πολιτείας
557 1381 968 1453 διαφθαρείσης,
1009 1379 1145 1433 ἀλλὰ
1177 1380 1283 1450 μὴν
1320 1379 1543 1450 καὶτῆς
1587 1379 1817 1443 πόλεως,

243 1476 377 1528 ἔνθα
425 1474 532 1526 ἔδει
580 1474 745 1543 μόνον
790 1476 886 1535 τὰς
920 1471 1112 1533 θυσίας
1154 1470 1255 1534 τὰς
1283 1471 1423 1523 κατὰ
1456 1472 1619 1540 νόμον
1649 1471 1820 1539 πρόιτε

242 1566 454 1620 τεσθαι.
486 1565 559 1617 Ού
591 1564 801 1635 χρῄζω,
833 1564 987 1631 φησὶ,
1022 1560 1222 1613 θυσιῶν
1252 1559 1463 1628 ἀλόγων
1482 1602 1499 1627 ,
1525 1561 1650 1613 ἐπεὶ
1679 1561 1732 1613 τί
1759 1562 1821 1614 τὸ

244 1656 458 1710 κωλύον
483 1656 551 1709 τὰ
575 1655 737 1724 θηρία
768 1654 860 1706 καὶ
887 1654 952 1706 τά
983 1652 1152 1722 κτήνη
1182 1651 1588 1722 προσφέρεσθαι
1617 1669 1631 1715 ;
1663 1653 1819 1714 Ἴσως

243 1750 301 1803 δὲ
330 1749 505 1817 θηρία
529 1748 626 1801 καὶ
675 1745 864 1814 κτήνη
914 1748 980 1799 τὰ
1020 1744 1146 1812 ἔθνη
1186 1743 1355 1811 λέγει’
1379 1744 1536 1809 βόας
1562 1745 1685 1806 τοὺς
1714 1744 1821 1797 ἀπὸ

243 1840 345 1895 τοῦ
375 1840 507 1895 λαοῦ
541 1839 649 1893 τῶν
690 1838 960 1892 Ἰουδαίων
988 1835 1386 1898 πιστεύσαντας
1411 1835 1583 1903 λέγει,
1624 1829 1697 1888 ὧν
1721 1836 1821 1907 τὴν

1919 640 2218 697 addiscunt.

1990 824 2152 881 Vsus.
2187 825 2241 880 8.
2271 844 2289 877 ι
2330 824 2447 880 Νοη
2474 825 2525 880 in
2559 823 2840 880 sacriﬁciis
2867 823 2972 879 tuis
2995 839 3213 896 arguam
3241 834 3311 879 te.
3354 844 3372 876 ›

1991 917 2109 972 Non
2163 918 2460 973 credebant
2491 959 2507 984 ,
2542 917 2621 970 uti
2651 916 2960 972 verosimile
2998 925 3081 971 est
3114 958 3129 984 ,
3165 916 3336 972 Judaei
3368 918 3485 972 haec

1920 1011 2247 1077 audientes;
2302 1019 2358 1065 et
2396 1010 2801 1073 addubitabant,
2861 1018 3041 1064 utrum
3100 1009 3217 1064 hare
3262 1010 3484 1064 omnino

1921 1097 2142 1153 evenire
2181 1104 2434 1168 possent;
2480 1112 2627 1152 nunc
2657 1112 2786 1153 vero
2815 1110 2994 1152 sermo
3027 1096 3205 1165 rcipsa
3236 1110 3484 1165 compro-
3552 1164 3555 1167 Α

1921 1189 2078 1243 batus
2099 1198 2184 1242 est
2206 1207 2218 1240 :
2246 1202 2357 1241 non
2382 1188 2523 1243 enim
2547 1188 2776 1258 amplius
2798 1203 2984 1242 eorum
3010 1187 3273 1243 sacriﬁcia
3308 1188 3483 1243 locum

1922 1278 2143 1341 habent,
2190 1278 2393 1348 templo
2440 1279 2736 1345 destructo,
2797 1278 2951 1334 altari
2996 1279 3252 1349 collapso,
3286 1288 3340 1333 et
3365 1279 3487 1331 uni-

1924 1386 2079 1425 versa
2108 1369 2350 1439 ipsorum
2389 1370 2854 1426 administratione
2880 1370 3125 1436 sublata;
3165 1370 3292 1440 quin
3325 1370 3488 1424 etiam

1922 1463 2055 1518 urbe
2107 1477 2328 1527 eversa,
2381 1462 2439 1515 in
2489 1478 2592 1533 qua
2647 1462 2945 1518 secundum
2997 1462 3169 1533 legem
3224 1462 3487 1517 sacriﬁcia

1922 1554 2037 1608 ﬁeri
2068 1555 2371 1624 oportebat.
2405 1552 2522 1607 Non
2550 1554 2780 1625 indigeo,
2816 1553 3011 1623 inquit,
3043 1553 3318 1608 sacriﬁciis
3351 1554 3486 1606 irra-

1921 1647 2234 1701 tionalibus.
2276 1646 2358 1700 Ad
2394 1646 2527 1708 haec,
2555 1647 2683 1715 quid
2736 1646 2878 1701 feras
2917 1657 2971 1702 et
3015 1646 3251 1717 pecudes
3290 1645 3486 1700 oﬁ‘errc

1921 1736 2240 1807 prohibuit?
2269 1735 2519 1792 Fortasse
2551 1752 2680 1791 vero
2713 1753 2806 1806 per
2836 1738 2975 1807 [eras
3001 1744 3054 1791 et
3070 1736 3311 1805 jumenta
3352 1751 3483 1805 gen«

1922 1835 2003 1882 tes
2027 1827 2277 1899 intelligit
2301 1846 2315 1894 ;
2338 1845 2431 1898 per
2451 1828 2597 1883 boves
2622 1836 2802 1882 autem
2827 1828 2944 1883 illos
2971 1828 3060 1897 qui
3086 1843 3152 1881 ex
3175 1827 3483 1881 Judmorum

243 1932 567 2003 προσφορὰν
610 1930 945 2000 κεκτημένος
1009 1928 1192 1981 οὐκέτι
1231 1928 1300 1980 τὰ
1350 1928 1501 1999 παρὰ
1549 1929 1643 1982 τοῦ
1690 1929 1818 1982 λαοῦ

1930 1920 2123 1990 populo
2162 1921 2538 1985 crediderunt;
2595 1936 2824 1990 quorum
2860 1920 3188 1974 oblationem
3235 1934 3490 1973 consecu-
3557 1915 3567 1927 ’

242 2022 357 2074 τῶν
399 2020 708 2085 Ἰουδαίων,
741 2019 816 2080 ὼς
848 2018 1076 2089 περιττὰ
1116 2016 1496 2087 προσδέχεται⁹
1533 2018 1663 2090 περὶ
1711 2020 1819 2090 γὰρ

244 2113 434 2166 αὐτῶν
466 2112 560 2165 καὶ
597 2112 663 2164 τὰ
692 2110 934 2180 ἑπόμενα
962 2110 1200 2178 λέγεται.

324 2205 573 2258 natura
622 2202 680 2254 δὲ
722 2201 816 2256 τοῦ
852 2201 1081 2273 ούρανοῦ
1120 2204 1245 2267 τοὺς
1271 2202 1569 2273 παρθενίαν
1605 2201 1819 2272 φιλοσο-

247 2296 485 2365 φοῦντας
528 2294 560 2365 ἢ
588 2294 915 2363 ἐγκράτειαν
946 2295 1136 2363 νόησον
1155 2312 1169 2326 ο
1210 2296 1510 2367 ἐπειδήπερ
1558 2296 1670 2349 ἂνω
1695 2295 1823 2364 περὶ

251 2388 346 2440 τὸν
412 2386 638 2456 οὐρανὸν
662 2426 675 2452 ,
740 2386 828 2438 ἴσα
886 2387 999 2448 τοῖς
1055 2386 1309 2454 ἀγγέλοις
1369 2385 1821 2456 φιλοσοφοῦντες,

260 2478 531 2534 ἴπτανται.

339 2571 507 2641 Αὐτὴν
574 2570 673 2641 τὴν
738 2569 1071 2640 Ἐκκλησίαν
1135 2570 1283 2639 λέγει
1344 2571 1669 2640 ὡραιότητα
1716 2572 1824 2626 τοῦ

260 2664 460 2733 ἀπροῦ,
495 2662 696 2734 δηλαδὴ
734 2661 827 2715 τοῦ
859 2662 1065 2732 κόσμου
1099 2662 1473 2733 τυγχάνουσαν
1498 2680 1513 2694 ·
1543 2665 1824 2735 εὐπρεπὴς

254 2759 367 2826 γάρ
399 2755 617 2822 ἐγένετο
649 2758 714 2825 τῇ
764 2755 856 2807 τοῦ
892 2754 1270 2825 βαπτίσματος
1306 2757 1487 2827 χάριτι
1509 2772 1523 2785 ’
1562 2756 1688 2809 ὅθεν
1724 2757 1825 2809 οὐκ

250 2844 435 2912 εἶπεν,
462 2846 597 2915 παρ’
630 2847 761 2915 ἐμοί
793 2846 993 2912 ἐστιν,
1020 2846 1154 2900 ἀλλὰ
1179 2888 1194 2913 ,
1214 2848 1340 2916 μετ’
1369 2848 1514 2918 ἐμοῦ
1535 2849 1722 2912 ἐστιν,
1749 2848 1825 2912 ὡς

250 2940 447 3010 νύμφη
487 2939 721 3009 νυμφίου
742 2954 756 2969 ο
790 2938 980 2991 τούτου
1014 2938 1121 3008 γὰρ
1148 2935 1286 2992 εἶναι
1320 2942 1352 3007 ἡ
1396 2940 1690 3010 Ἐκκλησία
1730 2940 1824 2993 τοῦ

252 3031 497 3098 Χριστοῦ
533 3030 834 3100 νομίζεται.

334 3143 353 3174 ι
394 3124 568 3177 Θῦσον
594 3123 672 3194 τῷ
706 3123 825 3192 Θεῷ
856 3122 1048 3177 θυσίαν
1074 3123 1351 3185 αἰνέσεως.
1392 3143 1412 3175 ι

334 3216 498 3269 Γενοῦ
528 3256 542 3278 ,
571 3215 707 3285 φησὶ
728 3258 742 3281 ,
772 3218 883 3278 τοῖς
908 3216 1163 3283 ἀγγέλοις
1205 3215 1500 3286 ἐφάμιλλος
1526 3232 1540 3246 '
1592 3217 1827 3288 μίμησαι
1857 3257 1897 3311 C

251 3309 326 3378 τῇ
357 3306 631 3375 δοξολογίᾳ
668 3305 732 3358 τά
766 3305 1012 3374 Σεραφίμ
1036 3322 1049 3335 °
1088 3306 1346 3375 διήγησαι
1371 3304 1622 3375 καθάπερ
1662 3306 1711 3357 οί
1741 3305 1831 3357 ού-

254 3399 418 3469 ρανοὶ
449 3398 609 3462 δόξαν
629 3397 764 3450 Θεοῦ
793 3413 806 3427 ⁸
840 3396 1002 3450 θύσον
1032 3396 1224 3451 θυσίαν
1252 3396 1430 3466 ἥνπερ
1456 3397 1608 3449 πᾶσα
1636 3397 1670 3465 ἡ
1712 3396 1830 3448 κτί-

254 3507 346 3553 at;
394 3488 692 3561 προσφέρει
757 3487 1054 3552 δοξάζουσα
1095 3485 1373 3558 διηνεκῶς.
1417 3486 1578 3548 Ἴσως
1638 3484 1694 3538 δὲ
1738 3486 1832 3539 καὶ

252 3582 483 3636 θυσίαν
527 3582 814 3646 αἰνέσεως
848 3579 945 3642 τὰς
983 3580 1186 3650 ἀρετὰς
1224 3580 1390 3646 λέγει,
1434 3579 1502 3632 δι’
1545 3572 1619 3631 ὧν
1645 3581 1672 3631 ὁ
1699 3578 1832 3642 Θεὸς

253 3673 495 3726 αίνεῖται
519 3710 535 3735 ,
567 3672 846 3725 τουτέστιν
873 3671 1210 3741 εύφημεῖται
1238 3672 1331 3724 καὶ
1377 3672 1694 3737 δοξάζεται·
1728 3675 1833 3745 μά-

256 3764 421 3817 λιστα
442 3765 629 3834 διόπερ
649 3768 759 3827 τοίς
821 3765 1140 3826 ἀποστόλοις
1173 3764 1356 3833 ἔλεγεν
1381 3781 1394 3795 ·
1436 3765 1737 3835 Λαμψάτω
1768 3768 1831 3820 τὸ

254 3854 386 3923 φῶς
414 3854 582 3924 ὑμῶν
605 3856 947 3922 ἔμπροσθεν
970 3852 1092 3906 τῶν
1124 3853 1472 3923 ἀνθρώπων,
1512 3854 1671 3921 ὅπως
1702 3856 1835 3909 ιδω-

254 3961 327 4001 σι
358 3948 429 4001 τὰ
448 3949 603 4000 καλὰ
628 3943 795 4014 ὑμῶν
820 3945 984 4015 ἔργα,
1019 3946 1115 3999 καί
1140 3946 1456 4011 δοξάζουσι
1483 3949 1590 4002 τὸν
1603 3950 1835 4017 Πατέρα

258 4037 428 4107 ὑμῶν
464 4038 572 4091 τὸν
595 4038 663 4090 ἐν
691 4036 815 4102 τοῖς
843 4037 1144 4104 οὐρανοῖς.

333 4127 525 4195 Θλίψιν
570 4128 625 4180 δὲ
664 4126 755 4180 τὸν
790 4127 1121 4197 πειρασμὸν,
1145 4127 1238 4180 τὸν
1268 4127 1419 4199 παρὰ
1442 4128 1769 4201 ἀνθρώπων,
1799 4131 1832 4200 ἢ

254 4217 355 4271 τοῦ
385 4219 604 4271 Σατανᾶ
643 4216 928 4287 γινόμενον
969 4218 1184 4288 νόησον.
1228 4219 1327 4271 “Av
1366 4218 1544 4272 τοίνυν
1588 4220 1708 4273 τότε
1741 4220 1835 4274 τὸν

256 4311 396 4364 Θεὸν
448 4309 928 4379 ὲπικαλεσώμεθα,
964 4309 1224 4375 ὲξελείται
1281 4312 1445 4381 ἡμᾶς,
1485 4310 1673 4385 ὥσπερ
1704 4313 1835 4366 ποτὲ

256 4403 360 4475 τὴν
424 4404 705 4457 Σουσάναν
749 4402 1021 4466 ἐξείλετοο
1084 4403 1178 4456 καὶ
1236 4404 1457 4467 εἰκότως
1510 4406 1674 4459 αὐτὸν
1732 4423 1837 4459 πα-

264 4495 487 4567 ράδοξον
510 4497 639 4567 ἡμῖν
661 4493 1133 4566 οἰκονομουμένων
1158 4495 1498 4565 πραγμάτων
1517 4494 1833 4569 δοξάζομεν.

337 4605 359 4638 ι
393 4587 589 4639 Σύνετε
614 4586 679 4656 δὴ
710 4585 906 4649 ταῦτα,
931 4586 982 4637 οί
1016 4586 1521 4655 ἐπιλανθανόμενοι.
1561 4605 1579 4638 ι

333 4679 446 4750 Τὴν
495 4680 709 4751 ἡμέραν
742 4680 1052 4749 ὑπογραφεῖ
1080 4678 1174 4730 τοῦ
1220 4678 1470 4744 θανάτου,
1493 4682 1550 4733 ὲν
1638 4680 1833 4733 καλού-

264 4789 427 4844 μενος
461 4773 691 4836 ἕκαστος
742 4774 881 4842 μετὰ
925 4774 1123 4841 τάχους
1158 4772 1488 4841 ἁρπάζεται.
1520 4774 1683 4827 Ὥστε
1726 4776 1834 4845 χρὴ

261 4864 402 4934 πρὸς
424 4863 649 4933 ἀλειφὴν
676 4863 783 4916 τῶν
829 4862 1246 4933 ἁμαρτημάτων
1280 4865 1426 4929 ἰδεῖν,
1449 4866 1553 4930 ἕως
1587 4869 1717 4937 ἡμῖν
1757 4867 1837 4928 είς

264 4955 561 5027 μετάνοιαν
584 4952 772 5024 καιρὸς
797 4951 1169 5022 δαψιλεύεται.

347 5148 364 5179 ι
396 5129 569 5183 Θυσία
594 5131 852 5191 αἰνέσεως
886 5129 1099 5193 δοξάσει
1141 5148 1227 5201 με.
1264 5151 1283 5183 ι

337 5221 435 5284 Τίς
457 5220 594 5292 αῦτη
622 5222 715 5274 καὶ
739 5222 868 5274 ποία
898 5221 1013 5282 ὁδός
1041 5238 1055 5287 ;
1082 5226 1145 5277 Ἥ
1183 5225 1433 5279 κοινωνία
1456 5224 1551 5278 τοῦ
1581 5228 1839 5281 Δεσποτι-

264 5311 367 5365 κοῦ
400 5313 654 5385 σώματός
683 5332 743 5368 τε
772 5318 867 5371 καὶ
896 5320 1146 5389 αἵματος,
1188 5321 1254 5390 ἢν
1281 5320 1441 5381 αὐτὸς
1460 5322 1593 5389 ἡμῖν
1622 5319 1840 5387 πρῶτος

265 5405 325 5458 ὲν
355 5409 421 5477 τῇ
480 5407 617 5460 Σιὼν
660 5412 1075 5481 καταρξάμενος
1106 5412 1325 5476 ἔδειξεν.
1390 5412 1612 5485 Ἐπειδὴ
1659 5413 1840 5465 τοίνυν

267 5499 348 5561 είς
369 5499 639 5571 λύτρωσιν
668 5502 777 5555 τῶν
799 5504 1214 5574 ἁμαρτημάτων
1242 5508 1354 5567 τοῖς
1378 5507 1445 5557 λα
1454 5505 1721 5575 μὸάνουσι
1753 5506 1839 5558 δέ-

264 5590 439 5653 δοται,
475 5592 700 5657 είκότως
727 5596 847 5647 ἐστὶ
891 5597 1158 5666 σωτήριον
1184 5594 1278 5648 τοῦ
1316 5596 1449 5649 Θεοῦ
1482 5614 1496 5627 ο
1530 5600 1755 5658 εἰκότως
1786 5597 1841 5649 δὲ

267 5685 365 5735 καὶ
392 5682 506 5746 ὁδὸς
539 5683 654 5747 πῶς
684 5686 763 5747 είς
797 5685 1023 5755 οὐρανὸν
1057 5684 1276 5739 ὁδεῦσαι
1316 5689 1429 5748 τοῖς
1461 5687 1518 5740 ὃν
1538 5687 1616 5740 δεῖ
1642 5688 1841 5757 τρόπον

263 5775 723 5846 προσευχομένοις
751 5776 1085 5831 δεικνύουσα.

340 5887 385 5917 ⁸⁸
416 5884 608 5942 Matth.
646 5905 699 5953 ν,
739 5891 821 5948 ιο.

1925 2017 2044 2074 tus,
2081 2026 2189 2064 non
2238 2011 2465 2080 amplius
2505 2011 2734 2066 admittit
2765 2012 2904 2067 dona
2934 2011 3267 2075 Iudaeorum,
3304 2017 3490 2082 utpote

1924 2101 2204 2171 superﬂua
2232 2119 2245 2155 :
2278 2118 2402 2155 nam
2436 2102 2503 2157 de
2538 2103 2641 2156 illis
2670 2104 2950 2172 sequentia
2983 2102 3256 2158 dicuntur.

1998 2192 2243 2247 Volatilia
2278 2208 2410 2247 vero
2434 2193 2554 2248 caeli
2586 2209 2680 2247 eos
2707 2194 2971 2263 intellige,
3000 2195 3089 2264 qui
3125 2194 3491 2265 virginitatem

1923 2294 1977 2338 et
1995 2284 2377 2338 continentiam
2407 2285 2627 2340 colunt:
2655 2286 2916 2355 siquidem
2948 2287 2999 2340 hi
3049 2302 3283 2357 superne
3347 2286 3490 2341 circa

1923 2375 2116 2432 cretum
2150 2386 2399 2446 tanquam
2434 2377 2606 2449 angeli
2640 2377 2833 2433 intenti
2860 2379 3059 2433 volant.

1996 2575 2443 2629 Pulchritudinem
2490 2575 2607 2644 agri
2652 2572 2782 2629 dicit
2840 2572 3009 2642 ipsam
3053 2569 3385 2635 Ecclesiam,
3432 2579 3492 2623 ut

1928 2683 2049 2737 quae
2103 2669 2173 2721 sit
2236 2665 2444 2721 mundi.
2485 2663 2833 2735 pulchritudo
2888 2678 3067 2717 :nam
3121 2662 3343 2732 pulchra
3397 2674 3497 2730 per

1928 2758 2184 2829 baptismi
2232 2758 2456 2830 gratiam
2506 2756 2646 2812 facta
2680 2766 2781 2811 est.
2812 2755 2968 2811 Unde
3013 2770 3125 2809 non
3165 2754 3319 2817 dixit,
3351 2754 3495 2823 apud

1931 2869 2012 2906 me
2072 2862 2183 2916 est;
2248 2852 2365 2914 sed,
2427 2868 2628 2905 mecum
2670 2859 2766 2912 est,
2807 2858 3061 2918 tanquam
3111 2864 3310 2917 sponsa
3371 2862 3494 2902 cum

1933 2960 2133 3015 sponso
2166 2962 2180 2999 :
2214 2946 2374 3015 hujus
2403 2945 2545 2999 enim
2572 2984 2586 3009 ,
2615 2944 2821 2999 scilicet
2849 2942 3071 3005 Christi,
3109 2940 3346 2996 Ecclesia
3378 2955 3497 2995 esse

1935 3045 2205 3092 censetur.

2002 3127 2164 3183 Vens.
2198 3128 2285 3182 14.
2324 3146 2342 3179 ι
2390 3126 2617 3182 lmmola
2648 3127 2759 3182 Deo
2789 3128 3109 3184 sacriﬁcium
3140 3126 3335 3181 laudis.
3367 3144 3386 3178 ι

2001 3220 2153 3286 Esto,
2200 3219 2395 3290 inquit,
2442 3235 2667 3274 consors
2705 3222 2943 3293 angelis;
2977 3220 3188 3273 imitare
3230 3218 3500 3290 gloriﬁca-

1932 3308 2079 3363 tione
2124 3307 2406 3379 Seraphim
2456 3324 2693 3363 :enarra
2724 3309 2863 3363 sicut
2911 3308 3032 3363 caeli
3079 3308 3299 3379 gloriam
3352 3307 3443 3359 Dei
3481 3325 3494 3360 :

1932 3400 2152 3455 immola
2191 3399 2536 3463 sacriﬁcium,
2575 3400 2718 3469 quod
2751 3399 2928 3454 omnis
2954 3399 3196 3453 immolat
3229 3389 3499 3461 creatura,

1933 3494 2062 3549 dum
2096 3494 2440 3548 continenter
2484 3492 2653 3547 Deum
2702 3493 2902 3548 laudat.
2938 3491 3098 3546 Forte
3130 3505 3259 3546 vero
3292 3489 3501 3559 sacriﬁ-

1934 3587 2072 3641 cium
2100 3586 2272 3639 laudis
2304 3586 2533 3640 virtutes
2564 3585 2831 3656 intelligit,
2863 3600 2959 3654 per
2983 3598 3117 3654 quas
3144 3581 3288 3637 Deus
3314 3582 3502 3636 lauda-

1935 3687 2022 3732 tur
2048 3693 2062 3742 ;
2097 3677 2202 3732 hoc
2221 3685 2327 3738 est,
2361 3677 2701 3731 benedicitur
2729 3684 2781 3731 et
2807 3676 3170 3746 gloriﬁcatur;
3201 3672 3500 3745 prwsertim

1934 3781 2059 3821 cum
2093 3765 2352 3835 apostolis
2388 3766 2622 3823 dixerit:
2652 3765 2845 3820 Luceat
2877 3766 2966 3819 lux
2996 3775 3167 3819 vestra
3199 3780 3375 3818 coram
3405 3764 3500 3816 ho-
3605 3782 3615 3790 ο

1938 3858 2188 3924 minibus,
2224 3868 2281 3911 ut
2332 3858 2537 3912 videant
2565 3874 2721 3927 opera
2751 3871 2923 3912 vestra
2952 3860 3107 3923 bona,
3139 3866 3188 3911 et
3213 3856 3501 3927 gloriﬁcent

1933 3950 2153 4005 Patrem
2184 3959 2407 4004 vestrum
2442 3951 2531 4020 qui
2560 3950 2614 4003 in
2649 3951 2787 4004 caelis
2816 3960 2889 4004 est
2921 3950 2986 4005 ¹⁶.

2010 4127 2438 4182 Tribulationem
2477 4140 2659 4183 autem
2696 4129 2938 4196 intellige
2966 4128 3345 4192 tentationem,
3385 4142 3504 4198 quae

1935 4221 2003 4276 ab
2043 4219 2356 4275 hominibus
2391 4220 2477 4274 vel
2506 4236 2535 4274 a
2568 4220 2765 4274 Satana
2806 4220 3036 4274 exsistit.
3076 4220 3131 4273 Si
3165 4219 3347 4289 itaque
3375 4228 3504 4272 tunc

1939 4310 2103 4366 Deum
2133 4312 2586 4376 invocaverimus,
2614 4314 2797 4382 utique
2824 4312 3018 4382 eripiet
3037 4327 3156 4377 nos,
3181 4312 3321 4366 sicut
3340 4326 3508 4381 quon-

1937 4405 2058 4460 dam
2090 4405 2394 4461 Susannam
2418 4405 2618 4474 eripuit
2644 4424 2657 4459 :
2692 4405 2884 4474 ctjure
2909 4405 3103 4458 merito
3134 4404 3311 4473 ipsum
3344 4404 3507 4458 rebus

1938 4499 2039 4553 rite
2073 4499 2307 4568 peractis
2334 4499 2635 4553 mirabilem
2668 4497 3046 4567 prmdicamus.

1867 4599 1910 4652 ι)
2012 4587 2174 4645 Vens.
2205 4590 2299 4645 ‘22.
2334 4607 2354 4640 ι
2397 4589 2689 4660 lntelligite
2720 4590 2835 4643 haec
2865 4589 2956 4658 qui
2984 4587 3387 4643 obliviscimini.
3425 4605 3444 4637 ι

2012 4680 2165 4734 Diem
2227 4681 2418 4735 mortis
2460 4680 2739 4745 describit,
2791 4680 2845 4733 in
2875 4696 2981 4749 qua
3020 4680 3248 4748 quisque
3286 4684 3509 4731 vocatus

1941 4771 2189 4825 celeriter
2226 4771 2453 4842 rapitur.
2490 4771 2668 4837 Quare
2700 4780 2937 4843 oportet,
2987 4787 3105 4840 qum
3146 4771 3211 4825 ad
3244 4768 3510 4823 abolenda

1942 4865 2168 4921 crimina
2228 4866 2522 4935 pertinent,
2590 4879 2691 4917 nos
2730 4878 3058 4935 cognoscere
3097 4878 3161 4916 ac
3207 4860 3510 4931 providere,

1942 4957 2185 5025 quandiu
2222 4955 2377 5011 nobis
2395 4955 2465 5009 ad
2487 4954 2749 5025 agendam
2774 4953 3149 5024 paenitentiam
3176 4950 3389 5005 occasio
3415 4964 3513 5004 ex-

1946 5045 2189 5101 hibetur.

2016 5136 2177 5191 Vaas.
2210 5136 2300 5191 25.
2350 5135 2687 5191 Sacriﬁcium
2718 5135 2891 5190 laudis
2936 5132 3317 5189 honoriﬁcabit
3342 5146 3449 5187 me.
3490 5150 3508 5182 ι

2015 5228 2278 5293 Quaenam
2312 5237 2366 5282 et
2400 5229 2578 5298 qualis
2612 5236 2693 5282 est
2727 5228 2843 5281 hare
2875 5226 3006 5279 via?
3032 5224 3299 5278 Nimirum
3335 5222 3518 5277 Domi-

1946 5320 2056 5374 nici
2115 5320 2360 5389 corporis
2415 5328 2470 5373 et
2524 5319 2805 5389 sanguinis
2848 5316 3291 5381 communicatio,
3353 5328 3517 5385 quam

1947 5411 2101 5481 prius
2142 5410 2260 5478 ipse
2290 5410 2446 5463 nobis
2484 5409 2541 5462 in
2579 5407 2711 5463 Sion
2754 5409 3131 5464 demonstrare
3158 5408 3340 5477 coepit.
3381 5407 3518 5460 Cum

1947 5518 2074 5575 ergo
2126 5503 2180 5555 in
2244 5502 2674 5571 redemptionem
2720 5510 3066 5570 peccatorum
3126 5498 3519 5568 accipientibus

1948 5593 2203 5647 traditum
2240 5592 2332 5657 sit,
2365 5592 2560 5645 merito
2582 5600 2665 5645 est
2694 5592 2928 5645 salutare
2964 5591 3058 5644 Dei
3097 5609 3111 5645 :
3154 5590 3350 5644 merito
3382 5602 3521 5656 quo-

1949 5700 2056 5754 quc
2083 5685 2170 5736 via
2190 5692 2294 5745 est,
2317 5698 2438 5751 quae
2465 5682 2922 5751 quemadmodum
2954 5682 3011 5736 in
3040 5680 3237 5737 cmlum
3262 5679 3341 5734 ire
3366 5693 3519 5746 opor-

1952 5785 2062 5832 teat
2092 5775 2375 5831 orantibus
2405 5774 2662 5830 ostendit.
