3962 6422
636 424 769 491 1199

1214 527 1530 587 PSALMUS
1558 528 1618 582 L.

704 631 869 685 Vens.
923 629 974 681 l.
1015 647 1030 677 ι
1079 627 1131 679 In
1174 625 1357 685 tinem,
1403 622 1638 691 psalmus
1671 618 1857 680 David,
1889 634 2009 672 cum
2044 616 2191 670 venit

635 722 699 776 ad
728 737 852 776 eum
918 719 1127 772 Nathau
1173 716 1472 787 prepheta,
1546 711 1762 779 quando
1834 708 2054 761 intravit
2125 706 2191 760 ad

635 812 948 866 Dellisabee.
983 830 999 860 ι

702 903 992 956 Clariorcm
1033 900 1165 953 liber
1204 896 1409 965 Regum
1442 894 1721 949 historiam
1764 893 2022 946 continet.
2061 889 2191 943 Nam

635 1011 756 1048 cum
776 993 939 1047 David
957 1008 984 1046 e
1000 992 1159 1046 domo
1179 1003 1275 1043 sua
1288 986 1661 1057 conspexisset
1681 985 1944 1038 Bersabee
1970 997 2190 1037 uxorem

636 1082 777 1138 Uri-ac
814 1082 1003 1137 llettzei
1034 1096 1091 1135 se
1125 1081 1391 1134 lavantem
1414 1118 1427 1140 ,
1454 1086 1509 1132 et
1538 1078 1661 1131 inde
1684 1077 1739 1129 in
1761 1092 1878 1129 eam
1904 1074 2194 1145 cupiditate

636 1178 947 1237 exarsisset,
1016 1189 1301 1229 accersens
1350 1172 1513 1235 illam,
1568 1186 1691 1225 cum
1738 1185 1800 1223 ea
1856 1168 2190 1221 concubuit:

635 1285 758 1323 cum
797 1278 976 1323 autem
1017 1266 1376 1336 concepisset,
1411 1264 1616 1318 veritus
1664 1260 1867 1324 Uriam,
1904 1259 2113 1314 curavit
2137 1270 2197 1312 ut

638 1362 796 1416 Urias
827 1361 925 1415 sub
958 1361 1095 1413 duce
1123 1358 1257 1413 Joab
1291 1357 1343 1410 in
1371 1356 1541 1425 prima
1576 1354 1692 1407 acie
1722 1368 1968 1422 pugnans
1993 1351 2195 1405 consti-

638 1464 918 1516 tueretur;
972 1462 1133 1521 atque
1168 1451 1239 1503 ita
1271 1465 1365 1518 per
1392 1448 1722 1517 alienigenas
1754 1446 1930 1515 ipsum
1974 1445 2194 1499 occidit.

640 1548 865 1616 Propter
914 1546 1028 1599 hmo
1071 1544 1243 1596 iratus
1294 1542 1452 1601 Deus,
1503 1539 1648 1592 misit
1674 1540 1737 1593 ad
1788 1538 1936 1591 illum
1984 1536 2196 1591 Nathan

640 1639 980 1708 prophetam,
1035 1643 1093 1689 ut
1133 1634 1207 1687 illi
1256 1642 1477 1703 prepter
1528 1632 1731 1685 caedem
1774 1639 1828 1684 et
1872 1630 2197 1683 adulterium

637 1730 1097 1785 comminaretur:
1150 1740 1258 1794 quo
1294 1725 1461 1787 facto,
1512 1722 1674 1775 David
1718 1722 1781 1775 ad
1822 1721 2198 1790 pcenitentiam

637 1834 931 1876 conversus
959 1818 1175 1887 scripsit
1217 1817 1362 1870 hunc
1408 1815 1672 1885 psalmum
1700 1852 1714 1876 ,
1743 1813 1964 1866 minime
1995 1812 2201 1866 veritus

1814 412 2169 473 HESYCHII
2205 412 2673 474 PRESBYTERI

2225 533 2272 586 Δ

3706 409 3805 475 Ῑὲὓῆ

2881 526 3170 578 ΨΑΛΜΟΣ
3204 526 3286 577 N'.

2377 636 2394 668 ι
2434 618 2521 680 El;
2558 620 2618 670 τὸ
2650 618 2801 677 τέλος
2829 658 2841 677 ,
2877 617 3093 685 ψαλμὸς
3142 616 3218 686 τῷ
3251 614 3421 669 Δαυῒδ
3448 657 3461 679 ,
3504 617 3558 667 ἐν
3582 616 3650 685 τῷ
3676 619 3812 670 ὲλθεῖν

2300 709 2436 781 πρὸς
2467 710 2629 762 αὐτὸν
2653 710 2838 761 Νάθαν
2863 711 2954 762 τὸν
2977 710 3285 780 προφήτην,
3316 708 3477 777 ἡνίκα
3495 708 3686 778 εἰσῆλθε
3710 714 3813 779 πρὶς

2301 802 2605 873 Βηρσαϐεέ.
2647 823 2664 854 ι

2373 895 2714 965 Σαφέστερον
2762 894 2860 963 τὴν
2908 894 3146 964 ἱστορίαν
3178 895 3210 963 ή
3255 892 3439 962 βίϐλος
3462 894 3565 945 τῶν
3597 894 3814 949 Βασιλέων

2301 988 2587 1056 κέκτηται.
2633 990 2742 1057 Τὴν
2774 987 3061 1057 Βηρσαὸεὲ
3094 988 3202 1059 γὰρ
3236 988 3440 1057 Οὐρίου
3468 988 3559 1039 τοῦ
3594 990 3817 1059 Χετμαίαυ

2300 1084 2533 1148 γυναῖκα
2579 1081 2954 1151 τυγχάνουσαν
3002 1080 3305 1150 λουομένην
3351 1082 3458 1134 ἀπὸ
3497 1082 3584 1134 τοῦ
3622 1083 3815 1151 δὼματκ

2301 1174 2421 1227 τότε
2443 1174 2605 1227 Δαὸὶδ
2635 1174 2988 1245 θεασάμενος,
3032 1169 3149 1227 εἶτα
3194 1174 3452 1245 ἐρασθεὶς
3479 1175 3693 1236 καλέσας
3722 1194 3816 1226 συν.

2303 1266 2540 1331 εγένετο.
2581 1265 2669 1318 Ἐν
2695 1268 2894 1336 γαστρὶ
2911 1268 2968 1319 δὲ
2988 1264 3257 1336 λαϐούσης
3288 1266 3612 1335 αἰσχυνθεὶς,
3641 1267 3717 1319 τὸν
3740 1270 3814 1321 Oi

2306 1357 2451 1425 ρίαν,
2482 1360 2668 1410 πεσεῖν
2692 1360 2749 1411 ὲν
2778 1360 2854 1428 τῷ
2883 1359 3105 1429 πολέμῳ
3134 1358 3548 1427 παρατάξαντος
3602 1359 3734 1412 Ἰωὰό
3751 1362 3817 1412 τοῦ

2306 1447 2613 1519 στρατηγοῦ
2637 1450 3015 1517 παρεσκεύαζε
3033 1450 3314 1519 πρόμαχον
3339 1451 3438 1518 στῆ
3448 1452 3626 1503 σαιτὸν
3644 1453 3812 1523 Οὐρίαν,

2304 1535 2478 1600 οὕτως
2503 1538 2596 1590 καὶ
2623 1539 2727 1591 ὑπὸ
2748 1540 2856 1590 τῶν
2882 1539 3197 1608 ἀλλοερύλων
3220 1539 3565 1593 ἀπέκτεινεν.
3600 1541 3705 1592 Ἐπὶ
3728 1544 3816 1593 τού-

2304 1647 2419 1693 τοις
2463 1631 2492 1683 ὁ
2529 1631 2660 1694 θεὸς
2703 1632 3001 1701 ὀργισθεὶς,
3046 1632 3234 1686 Νάθαν
3284 1632 3437 1702 αὐτῷ
3473 1632 3561 1685 τὸν
3593 1635 3816 1704 τροᾳήτην

2307 1721 2631 1775 ἀπειλοῦντα
2661 1722 2749 1776 διὰ
2776 1724 2866 1776 τὸν
2896 1724 3055 1792 φόνον
3080 1726 3176 1778 καὶ
3204 1726 3305 1793 τὴν
3336 1726 3581 1794 μοιχείαν
3608 1727 3815 1794 ἐπεμψεν.

2318 1808 2377 1862 'U
2408 1810 2463 1863 δὲ
2490 1812 2565 1873 είς,
2597 1814 2889 1881 μετάνοιαν
2915 1814 3053 1883 ὁρῶν
3074 1812 3291 1884 ψαλμὸν
3315 1814 3411 1866 τὸν
3437 1814 3677 1885 ἐχόμενον
3697 1817 3815 1886 Enr/z-

638 1916 743 1969 hoc
772 1912 968 1965 vulnus
1000 1925 1159 1963 suum
1191 1909 1493 1979 propalare,
1522 1915 1580 1960 ut
1612 1906 1984 1977 peccatoribus
2020 1902 2194 1974 poeni-

2306 1900 2405 1969 ψεν
2424 1903 2525 1954 ούκ
2583 1905 2895 1973 αἰσχυνθεὶς
2948 1906 3305 1975 δημοσιεῦσαι
3361 1907 3423 1959 τὸ
3475 1908 3711 1977 τραῦμα,
3754 1911 3813 1960 ἵνα

641 2005 821 2058 tentia!
848 2000 1149 2056 remedium
1177 2001 1458 2055 indicaret.

706 2201 877 2271 Rogat
920 2198 1085 2253 deleri
1118 2197 1473 2265 iniquitatem,
1505 2195 1577 2249 ita
1610 2203 1668 2248 ut
1708 2209 1812 2248 noo
1844 2192 2017 2247 solum
2042 2204 2200 2245 cure-

638 2301 726 2347 tur
749 2292 947 2345 vulnus
976 2331 991 2354 ,
1027 2304 1213 2343 verum
1245 2304 1312 2341 ne
1341 2285 1559 2342 cicatrix
1593 2285 1809 2354 quidem
1846 2283 2196 2351 relinquatur.

638 2384 997 2451 Quamobrem
1023 2381 1183 2435 etiam
1207 2379 1615 2435 miserationum
1638 2376 2040 2430 multitudinem
2069 2389 2200 2444 prae-

638 2476 841 2531 tendit:
868 2489 1042 2545 neque
1069 2474 1215 2526 enim
1247 2473 1313 2525 ab
1334 2488 1439 2524 una
1459 2470 1830 2525 miseratione.
1854 2469 1958 2522 hoc
1975 2474 2075 2531 est,
2106 2481 2199 2519 ve-

637 2565 725 2619 nia
778 2564 941 2618 unius
997 2564 1179 2619 delicti
1230 2572 1477 2633 peccator
1523 2561 1715 2615 salvari
1763 2568 1959 2628 potest,
1996 2557 2090 2611 sed
2132 2556 2199 2610 ad

638 2660 806 2713 multa
849 2657 1029 2711 multis
1076 2672 1211 2726 Opus
1247 2664 1333 2709 est
1358 2653 1820 2714 miserationibus,
1850 2661 1909 2705 ut
1947 2651 2122 2704 minas
2146 2656 2200 2703 et

638 2748 963 2820 supplicium
1002 2746 1343 2816 ell‘ugiamus.
1504 2746 1507 2751 “

707 2914 825 2969 Non
872 2913 1187 2985 simpliciter
1230 2911 1418 2977 lavari,
1455 2912 1547 2967 sed
1575 2912 1807 2982 amplius
1845 2911 2072 2981 rogavit,
2107 2926 2198 2980 pe-

640 3019 759 3063 tens
782 3016 839 3060 ut
867 3006 1114 3077 purgatio
1139 3005 1351 3059 crimini
1376 3020 1472 3059 seu
1492 3004 1665 3074 lapsui
1688 3004 2031 3074 respondeat.
2065 3001 2199 3056 Nam

639 3100 1087 3170 quemadmodum
1108 3099 1275 3153 vestis
1290 3113 1478 3168 parum
1497 3097 1709 3152 sordida
1733 3096 2135 3167 facileabluitur
2147 3102 2203 3148 et

641 3193 972 3257 mandatur;
1031 3208 1150 3262 qua:
1206 3206 1337 3245 vero
1384 3190 1614 3243 multum
1669 3197 1725 3243 et
1769 3189 1966 3258 saepius
2013 3186 2201 3242 sordes

640 3286 927 3351 contraxit,
968 3284 1157 3355 majori
1211 3284 1391 3337 studio
1424 3290 1477 3336 et
1509 3282 1695 3335 labore
1725 3279 2051 3351 extergenda
2078 3288 2201 3342 est;

640 3379 721 3433 sic
750 3386 806 3431 et
834 3379 1033 3442 anima,
1062 3393 1181 3446 quae
1203 3376 1369 3431 semel
1390 3384 1443 3430 et
1461 3390 1623 3446 parva
1645 3374 1972 3444 peccaverit,
1995 3371 2203 3426 medio-

640 3467 718 3522 cri
747 3467 1063 3537 paenitentia
1087 3474 1344 3535 purgatur
1378 3484 1389 3518 :
1423 3480 1546 3519 cum
1586 3479 1715 3517 vero
1745 3462 1927 3517 multis
1954 3470 2006 3515 et
2030 3459 2203 3532 gravi-

639 3560 743 3613 bus
763 3559 973 3612 delictis
1012 3572 1129 3612 sese
1154 3558 1528 3621 obstrinxerit,
1560 3572 1666 3610 non
1692 3556 1866 3609 leviet
1891 3553 2204 3625 negligenti,

642 3650 737 3702 sed
797 3649 1065 3702 laboriosa
1116 3656 1169 3701 et
1212 3663 1404 3717 aspera
1445 3647 1761 3717 paenitentia
1808 3647 2026 3716 indiget,
2082 3661 2204 3699 cum

642 3739 931 3794 multorum
983 3740 1247 3793 bonorum
1301 3749 1521 3793 actuum
1573 3737 1850 3807 operibus.
1909 3737 2021 3790 Tali
2061 3737 2206 3791 enim

642 3828 959 3901 poenitentia
985 3829 1127 3881 Deus
1156 3828 1327 3882 abluit
1356 3828 1547 3881 delicta
1587 3837 1789 3881 nostra.
1830 3825 1998 3881 Recte
2028 3836 2207 3881 autem

642 3930 926 3990 peccatum
959 3920 1296 3988 iniquitatem
1325 3921 1649 3991 appellavit;
1685 3920 1872 3974 volens
1897 3920 2205 3986 ostendere,

643 4025 711 4066 ne
778 4012 877 4067 sibi
935 4012 1189 4080 quidem,
1243 4028 1550 4082 quanquam
1610 4012 1741 4082 regi,
1796 4011 1968 4081 legem
2029 4021 2207 4065 trans—

642 4104 793 4173 gredi
827 4103 1051 4157 licuissc
1074 4122 1089 4158 :
1122 4120 1246 4157 nam
1274 4104 1473 4176 Regem
1501 4104 1744 4159 omnium
1773 4104 2095 4159 altissimum
2122 4102 2207 4158 of-

643 4196 832 4250 tendit.

708 4285 869 4341 Vens.
896 4286 947 4340 5.
983 4307 1002 4339 ι
1044 4285 1307 4353 Quoniam
1363 4286 1704 4356 iniquitatem
1750 4302 1925 4340 meam
1972 4301 2073 4357 ego
2116 4302 2211 4342 co-

638 4394 855 4449 gnosco.
898 4398 916 4431 ι

708 4472 931 4526 Beatum
957 4479 1061 4533 est,
1091 4485 1215 4525 cum
1247 4470 1367 4541 quis
1390 4471 1667 4540 proprium
1713 4472 1861 4525 novit
1899 4480 2207 4542 peccatum,

2308 1995 2421 2055 τοῖς
2460 1994 2807 2064 ἁμαρτωλοῖς
2851 1997 3109 2069 ἀποδείξῃ
3157 1997 3260 2068 τῆς
3312 1999 3599 2067 μετανοίας
3642 1999 3690 2050 τὸ
3716 2002 3811 2068 φάρη

2312 2102 2505 2156 μακον.

2390 2176 2807 2250 Ἐξαλειφθῆναι
2835 2180 2936 2249 τὴν
2967 2181 3216 2249 ἀνομίαν,
3244 2181 3387 2234 ὥστε
3440 2182 3512 2253 μὴ
3539 2182 3681 2253 μόνον
3711 2182 3812 2249 icili-

2310 2284 2396 2319 ναι
2439 2268 2502 2321 τὸ
2530 2269 2751 2340 τραῦμα
2780 2312 2793 2334 ,
2825 2270 2960 2323 ἀλλὰ
2995 2273 3128 2342 μηδὲ
3180 2273 3428 2342 μώλωπα
3470 2272 3808 2342 περιλειφθῆναι

2313 2361 2581 2432 βούλεται,
2622 2365 2708 2433 ἐφ’
2739 2358 2784 2432 ᾧ
2814 2366 2911 2417 καὶ
2943 2365 3051 2418 τῶν
3085 2368 3389 2437 οἰκτιρμῶν
3420 2368 3478 2419 τὸ
3509 2365 3691 2435 πλῆθος
3715 2381 3805 2433 προ-

2306 2454 2489 2510 τείνει.
2524 2456 2657 2510 Οὐδὲ
2687 2457 2795 2529 γὰρ
2827 2458 2919 2526 ἀφ’
2945 2459 3060 2521 ἑνὸς
3099 2460 3411 2530 οἰκτιρμοῦ,
3445 2460 3713 2521 τουτέστιν,
3734 2458 3806 2507 ἀπὸ

2311 2550 2645 2619 συγγνώμης
2670 2550 2766 2619 τῆς
2786 2551 2870 2618 ἐφ’
2889 2551 2967 2603 ἐνί
2996 2550 3406 2622 παραπτώματι
3437 2551 3654 2620 σωθῆναι
3674 2552 3804 2619 ἁμαρ-

2308 2639 2476 2703 τωλὸς
2508 2640 2772 2706 δύναται,
2806 2643 3020 2696 πολλῶν
3054 2644 3109 2696 δὲ
3138 2643 3234 2696 καὶ
3285 2645 3381 2696 ἐπὶ
3429 2643 3626 2704 πολλοῖς
3653 2646 3793 2702 οἰκτιρ

2312 2734 2431 2800 μοῖς
2459 2770 2475 2796 ,
2506 2730 2645 2784 ὥστε
2672 2732 2957 2802 διαφυγεῖν
2985 2733 3084 2805 τὴν
3116 2735 3373 2805 ἀπειλὴν,
3406 2736 3497 2788 καὶ
3529 2734 3616 2805 τὴν
3643 2733 3803 2785 κόλασιν

2310 2821 2609 2892 χρῄζομεν.

2380 2914 2492 2984 Ούχ
2518 2913 2703 2978 ἁπλῶς
2735 2914 2949 2979 πλῦναι,
2973 2915 3088 2969 ἀλλ’
3108 2916 3199 2968 ἐπὶ
3224 2914 3412 2969 πλεῖον
3447 2915 3688 2968 ἱκέτευσεν
3710 2914 3801 2970 ἐνίπ-

2309 3005 2483 3073 λόγως
2534 3007 2611 3078 τῷ
2657 3008 2958 3079 πταίσματι
2990 3010 3331 3080 παρακαλῶν
3361 3008 3592 3078 γενέσθαι
3632 3010 3712 3075 τὴν
3733 3007 3797 3058 κά-

2312 3096 2523 3168 Θαρσιν.
2584 3101 2793 3170 Ὥσπερ
2841 3100 2949 3169 γὰρ
2994 3101 3055 3154 τὸ
3097 3102 3196 3172 μὲν
3253 3101 3507 3173 ῥυπωθὲν
3545 3098 3798 3169 συμμέτρως

2313 3191 2524 3260 ἱμάτιον
2576 3190 2811 3253 εὐκόλως
2860 3190 3121 3246 πλύνεται
3170 3196 3265 3246 καὶ
3310 3192 3650 3261 καθαίρεται’
3688 3188 3732 3240 τὸ
3759 3187 3795 3238 δὲ

2307 3283 2446 3349 ἄγαν
2475 3283 2569 3335 καὶ
2614 3282 2874 3347 πολλάκις
2901 3324 2916 3349 ,
2959 3285 3387 3356 σπουδαιοτέραις
3412 3284 3589 3355 χρῄζει
3616 3281 3689 3332 καὶ
3713 3282 3795 3329 ἐπι-

2307 3375 2471 3427 πόνου
2514 3374 2761 3439 πλύσεως
2781 3416 2796 3440 ,
2838 3378 2929 3429 τὸν
2954 3378 3116 3431 αὑτὸν
3143 3379 3206 3449 δὴ
3258 3380 3462 3450 τρόπον
3495 3375 3642 3447 ψυχὴ,
3669 3376 3692 3443 ή
3728 3372 3795 3440 μὲν

2307 3464 2452 3529 ἅπαξ
2494 3466 2847 3538 ἁμαρτηκυῖα
2886 3469 2979 3521 καὶ
3022 3470 3243 3541 μέτρια,
3282 3470 3577 3541 συμμέτρῳ
3607 3463 3794 3535 μετανοίᾳ

2308 3555 2630 3628 καθαίρεται
2654 3574 2667 3588 ·
2714 3558 2885 3611 πολλὰ
2913 3558 2971 3611 δὲ
3009 3560 3136 3614 ὅταν
3166 3561 3305 3630 αὐτῇ
3340 3562 3431 3612 καὶ
3464 3554 3651 3627 χαλεπὰ
3670 3553 3790 3619 ἁμαρ·

2307 3650 2527 3720 τήματα
2556 3650 2800 3721 γένηται,
2830 3652 2891 3703 οὐ
2917 3651 3023 3722 χρὴ
3060 3652 3342 3722 πάρεργον
3368 3646 3525 3712 εἶναι,
3566 3645 3676 3702 ἀλλὰ
3698 3639 3783 3710 μετά

2308 3739 2470 3792 πόνου
2502 3740 2699 3794 πολλοῦ
2742 3742 2836 3794 καὶ
2878 3740 3130 3812 πράξεων
3175 3741 3397 3811 ἀγαθῶν
3442 3741 3535 3806 τὴν
3561 3736 3771 3807 μετάγων.

2307 3831 2497 3903 Ταύτῃ
2527 3832 2635 3904 γὰρ
2680 3834 2709 3886 ό
2748 3833 2882 3895 Θεὸς
2914 3833 3105 3885 πλύνει
3131 3834 3200 3887 τὰ
3247 3832 3492 3903 ἡμέτερα
3533 3826 3769 3893 πταίσματι.

2309 3925 2507 3988 Καλῶς
2524 3925 2581 3978 δὲ
2604 3926 2703 3997 τὴν
2733 3927 3008 3997 ἁμαρτίαν
3033 3926 3263 3997 ἀνομίαν
3293 3918 3681 3989 ἐκάλεσε,δεῖξαι
3702 3914 3778 3983 βωο

2309 4017 2514 4085 ληθεὶς,
2545 4020 2626 4072 ὅτι
2650 4019 2772 4073 οὐδὲ
2802 4018 2950 4090 αὐτῷ
2974 4019 3137 4089 νόμον
3165 4018 3519 4089 παραϐαίνειν
3546 4002 3778 4081 ὲξῆν,είκαὶ

2313 4110 2562 4179 βασιλεὺς
2595 4110 2882 4179 ἐτύγχανε.
2905 4110 3123 4164 Βασιλεῖ
3142 4110 3250 4182 γὰρ
3273 4110 3354 4181 τῷ
3380 4108 3584 4162 πάντων
3606 4094 3776 4169 Mim-

2316 4216 2391 4270 ρῳ
2419 4202 2847 4270 προσέκρουσεν.

2388 4309 2406 4342 ι
2448 4290 2569 4343 Ὅτι
2595 4290 2694 4361 τὴν
2720 4292 2953 4363 ἀνομίαν
2994 4310 3099 4362 μου
3127 4291 3237 4362 ἐγὼ
3263 4293 3527 4363 γινώσκω.
3562 4306 3577 4337 ι

2300 4500 2303 4503 -
2344 4460 2347 4463 ’
2380 4466 2664 4537 Μακάριον
2691 4467 2821 4521 ὅταν
2840 4484 2922 4529 τις
2954 4468 3165 4521 οίκείαν
3190 4469 3460 4539 ἁμαρτίαν
3479 4464 3723 4517 ἐπίσταται.
3746 4453 3781 4500 ὲν

636 4570 690 4616 et
716 4564 1063 4617 continenter
1105 4573 1233 4617 ante
1264 4539 1453 4616 oculos
1492 4539 1655 4616 habet
1685 4562 1879 4617 delicta
1902 4539 2027 4618 sua.
2074 4563 2200 4619 Nam

2308 4540 2608 4629 ὀφθαλμοῖς
2641 4558 2697 4611 δὲ
2721 4558 2835 4628 ἔχει
2862 4558 3155 4621 διαπαντὸς
3185 4560 3253 4611 τὰ
3287 4558 3599 4626 πταίσματα.
3640 4547 3683 4597 Ὁ
3714 4539 3781 4641 μξν

636 4652 727 4720 qui
758 4653 1058 4725 cognoscit,
1087 4662 1143 4708 et
1172 4654 1438 4716 meminit,
1480 4661 1534 4706 et
1557 4654 1727 4708 oculis
1765 4657 1931 4709 animi
1980 4657 2205 4713 delicto-

638 4755 757 4793 rum
786 4756 1009 4795 suorum
1034 4743 1260 4797 vulnera
1294 4743 1554 4805 intuetur,
1584 4745 1859 4799 erubescit
1884 4748 2082 4802 rubore
2103 4748 2208 4802 suf-

639 4831 823 4897 fusus;
852 4842 905 4887 et
925 4835 1298 4889 recordatione
1319 4837 1550 4889 animam
1575 4839 1908 4909 compungit,
1926 4848 1980 4894 et
1999 4843 2206 4911 pudore

636 4932 857 4977 coactus
890 4925 954 4979 ad
990 4925 1366 4995 pmnitentiam
1400 4937 1673 4998 properat.
1715 4929 1885 4996 Quem
1919 4949 2049 4987 vero
2086 4951 2206 5005 pas-

636 5013 847 5066 sionum
871 5030 1089 5070 suarum
1116 5018 1260 5087 capit
1291 5019 1513 5085 oblivio,
1540 5021 1607 5074 ad
1646 5021 1750 5075 alia
1778 5039 1965 5079 rursus
1987 5037 2204 5095 peccata

638 5105 812 5173 (quasi
837 5106 972 5160 nihil
1006 5109 1131 5162 mali
1156 5111 1223 5165 ab
1259 5127 1323 5166 eo
1345 5124 1613 5181 patratum
1643 5119 1733 5189 sit)
1761 5120 2069 5176 adducitur.

705 5279 869 5337 Vens.
904 5281 955 5336 6.
983 5300 1005 5334 ι
1043 5283 1163 5339 Tibi
1202 5288 1297 5341 soli
1320 5293 1561 5358 peccavi.
1601 5312 1620 5345 ›

704 5367 819 5425 Non
869 5372 1011 5442 quod
1052 5387 1242 5429 omnes
1281 5377 1529 5434 homines
1568 5382 1805 5447 latuerit,
1851 5394 1907 5438 ut
1956 5388 2201 5442 nonnulli

631 5457 929 5527 opinantur
962 5478 976 5514 :
1011 5477 1121 5517 non
1145 5465 1291 5518 enim
1320 5465 1586 5523 Bersabee
1616 5470 1808 5540 ipsam,
1842 5490 1961 5543 quae
1995 5477 2203 5531 adulte-

632 5550 774 5651 rium
817 5554 1199 5623 commiserat;
1253 5559 1347 5612 sed
1377 5551 1481 5614 nec
1507 5561 1627 5616 illos
1655 5565 1745 5633 qui
1787 5581 1903 5620 eam
1932 5568 2072 5638 regis
2105 5585 2199 5624 no.

608 5647 781 5694 mine
816 5653 1163 5711 vocaverant,
1199 5647 1446 5703 adulterii
1476 5653 1750 5722 negotium
1802 5656 1968 5713 latere
1999 5660 2195 5728 potuit.

630 5732 764 5787 Joab
793 5752 1008 5807 quoque
1040 5742 1196 5796 scivit
1217 5757 1435 5812 operam
1464 5761 1625 5801 suam
1654 5748 1765 5820 regi
1798 5766 1858 5806 se
1882 5754 2198 5821 przestitisse

632 5823 689 5911 in
712 5826 859 5879 caede
901 5832 1222 5902 peragenda.
1262 5833 1367 5888 Sed
1409 5851 1512 5890 nec
1557 5838 1671 5909 ipse
1720 5842 2045 5911 permissum
2093 5845 2195 5901 sibi

2308 4650 2416 4721 γὰρ
2445 4648 2730 4718 γινώσκων
2757 4690 2771 4712 9
2804 4651 2897 4703 καὶ
2927 4650 3296 4721 μεμνημένος,
3329 4651 3419 4704 καὶ
3444 4648 3545 4708 τοῖς
3562 4632 3783 4709 ὀφθαλμοῖς

2306 4739 2421 4815 τῆς
2451 4738 2627 4808 ψυχῆς
2679 4740 2955 4793 κατανοῶν
3010 4740 3118 4793 τῶν
3162 4742 3358 4794 ἑαυτοῦ
3410 4733 3707 4802 πταισμάτων
3734 4722 3781 4771 τά

2305 4830 2618 4901 τραύματα,
2658 4830 2996 4900 αίσχύνεται,
3038 4835 3107 4901 τῇ
3143 4834 3333 4904 μνήμῃ
3365 4830 3456 4900 τὴν
3482 4824 3632 4896 ψυχὴν
3656 4816 3782 4871 νύττε-

2307 4943 2413 4992 ται,
2455 4927 2550 4979 καὶ
2580 4925 2722 4997 ὑπὲρ
2760 4927 2861 4997 τῆς
2905 4926 3169 4998 αἰσχύνης
3201 4925 3547 4996 ἀναγκασθεὶς
3581 4918 3646 4975 εἰς
3670 4922 3779 4980 μετα·

2310 5018 2528 5087 μέλειαν
2556 5016 2793 5087 ἔρχεται.
2842 5018 2899 5070 '0
2930 5018 2987 5071 δὲ
3017 5019 3185 5089 λήθην
3218 5018 3420 5077 παθὼν,
3450 5016 3518 5075 είς
3547 5010 3678 5073 ἕτερα
3707 4997 3777 5049 πά-

2306 5110 2389 5161 λιν
2429 5110 2804 5179 ἁμαρτήματα
2836 5110 2932 5179 (ὡς
2966 5110 3195 5180 μηδενὸς
3226 5111 3371 5180 αὐτῷ
3400 5103 3553 5161 κακοῦ
3578 5089 3775 5165 πραχθέν·

2304 5202 2417 5270 τος)
2452 5202 2814 5271 προσάγεται.

2382 5310 2401 5343 ι
2438 5292 2527 5344 Σοὶ
2561 5292 2707 5362 μόνῳ
2734 5292 3003 5364 ἥμαρτον.
3045 5314 3063 5346 ι

2374 5386 2487 5455 Ούχ
2532 5385 2613 5437 ὅτι
2659 5386 2866 5448 πάντας
2909 5386 3229 5457 ἀνθρώπους
3268 5388 3463 5445 ἔλαθεν,
3494 5380 3648 5439 ὥσπερ

2302 5477 2647 5545 νομίζουσιν·
2693 5478 2815 5531 οὐδὲ
2862 5478 2969 5548 γὰρ
3015 5480 3183 5549 αὐτὴν
3217 5476 3481 5551 Βηρσασεὲ
3507 5471 3586 5537 τὴν
3609 5471 3768 5551 μοιχενῖ

2303 5538 2511 5633 θεῖσαν,
2544 5569 2660 5622 ἀλλ’
2706 5571 2829 5625 οὐδὲ
2860 5538 2987 5636 τούς
3022 5538 3358 5643 κεκληκότας
3383 5566 3529 5635 αὐτὴν
3568 5551 3707 5643 λαθεῖν
3727 5538 3766 5591 τδ

2299 5661 2482 5730 δράμα
2528 5662 2630 5731 τῆς
2685 5665 2929 5733 μοιχείας
2982 5638 3243 5733 ἠδύνατο.
3286 5663 3432 5718 Ἰωὰϐ
3464 5660 3513 5710 δὲ
3552 5638 3764 5737 τὶν

2302 5751 2565 5817 ὡσαύτως
2590 5754 2668 5824 τῷ
2700 5756 2913 5824 βασιλεῖ
2936 5758 3265 5829 συμπράξας
3291 5758 3537 5811 ἐπίστατο.
3572 5732 3679 5793 Ἀλλ’

3672 5359 3770 5417 τινὲς

2298 5847 2355 5900 δὲ
2386 5849 2547 5913 αὐτὸς
2576 5850 2879 5925 ἐνέξουσίᾳ
2907 5823 3020 5923 τὴν-
3039 5823 3311 5925 ἁμαρτίαν
3340 5852 3419 5908 διὰ
3446 5847 3532 5915 τὴν
3557 5823 3759 5907 βασιλείαν
