4032 6420
264 405 393 471 1:201

1323 426 1779 488 FRAGMENTA
1818 431 1898 489 IN
1942 433 2295 496 PSALMOS.

3350 444 3486 509 1202

255 527 527 596 ἐνόμιζεν.
565 530 802 597 Ἀνάξιον
825 533 932 605 γὰρ
951 535 1111 590 τοῦτο
1133 541 1412 609 προφήτου
1442 545 1533 597 καὶ
1558 544 1817 613 βασιλέως

1924 547 2088 603 fuisse
2123 561 2400 620 peccatum
2463 556 2730 625 reputavit
2768 567 2987 628 propter
3028 561 3224 631 regiam
3254 564 3481 634 dignita-

256 620 483 683 εἰκότως
511 622 765 688 εὐσεϐοῦς
794 626 1110 698 ἐτύγχανεν.
1150 632 1308 686 Ἀλλὰ
1326 634 1425 688 σοὶ
1448 638 1611 703 μόνῳ
1635 638 1819 707 ἥμαρ-

255 727 385 776 τον,
435 713 650 781 ἐλεγενο
704 719 889 790 ἐπειδὴ
936 725 1083 792 μόνῳ
1124 725 1204 795 τῷ
1232 727 1350 797 Θεῷ
1377 730 1451 798 μὴ
1487 731 1821 801 ἁμαρτάνειν

256 803 406 871 ἡμᾶς
450 806 602 874 μέλει
631 808 707 871 ὡς
761 810 1081 884 δημιουργῷ
1114 818 1418 889 φειδομένῳ
1443 821 1537 873 τοῦ
1569 823 1813 893 πλάσμα-

254 894 536 959 τος.”ισως
562 897 639 961 δὲ,
660 901 766 954 Kal
804 902 869 955 τὸ
902 906 1167 972 πονηρὸν
1191 907 1448 963 ἐνώπιόν
1472 930 1588 967 σου
1616 915 1820 981 ἐποίη-

255 998 373 1037 σα·
410 986 492 1038 ὄτι
533 988 750 1043 πάντων
793 992 869 1056 ὡς
912 994 1123 1062 βασιλεῖ
1170 1000 1565 1069 χαριζομένων,
1618 1005 1712 1057 καὶ
1754 1009 1819 1076 τῇ

256 1082 440 1149 σιωπῇ
473 1081 820 1150 κρυπτόντων
854 1085 914 1138 τὸ
955 1088 1276 1160 ἁμάρτημα,
1303 1094 1331 1144 6
1362 1093 1491 1157 Θεὸς
1521 1096 1610 1147 τὸν
1636 1098 1821 1151 Νάθαν

255 1166 471 1238 ἔπεμψε
513 1172 608 1224 καὶ
647 1176 889 1245 πονηρὰν
929 1174 1094 1232 οὖσαν
1141 1182 1239 1252 τὴν
1290 1185 1489 1253 πρᾶξιν
1530 1188 1818 1256 ἐξήλεγξε,

255 1259 357 1311 καὶ
405 1260 544 1323 τίνος
599 1263 757 1318 τοῦτο
812 1268 1002 1339 χάριν,
1067 1273 1136 1325 τὰ
1186 1274 1313 1344 ἑξῆς
1378 1277 1647 1333 ἀκόλουθα
1711 1282 1820 1334 δεί-

254 1369 470 1405 κνυσιν.

334 1462 352 1493 ι
401 1445 532 1497 Ἰδοὺ
564 1446 671 1517 γὰρ
697 1450 755 1501 ἐν
783 1451 1035 1523 ἁνομίαις
1069 1457 1429 1529 συνελήφθην.
1466 1480 1485 1513 ι

325 1629 511 1682 Ταῦτα
548 1632 609 1684 ού
652 1634 809 1702 μόνον
834 1635 922 1689 διὰ
962 1638 1053 1689 τὸν
1082 1638 1254 1707 ῥύπον
1294 1642 1385 1695 τὸν
1412 1644 1475 1696 ἐκ
1518 1645 1612 1699 τοῦ
1653 1647 1823 1718 Ἀδὰμ

252 1721 631 1791 καταγόμενον
656 1724 891 1793 λέγεται·
910 1730 1073 1783 αὑτοῦ
1100 1732 1206 1802 γὰρ
1231 1733 1391 1789 ἕνεκα
1408 1739 1641 1807 ῥυπαροὶ
1668 1757 1821 1807 νομι-

254 1811 462 1888 ζόμεθα
494 1814 737 1880 γίνεσθαι
761 1858 773 1879 ,
809 1817 947 1872 ὥστε
977 1824 1069 1874 καὶ
1105 1827 1231 1894 πρὶν
1262 1826 1436 1880 ἐλθεῖν
1467 1830 1546 1891 είς
1569 1828 1681 1893 ἕξιν
1705 1831 1823 1901 ήλι-

1925 649 2051 695 tem.
2107 643 2349 713 Namque
2387 646 2490 700 hoc
2515 647 2795 717 indignum
2825 650 3014 706 fuisset
3040 662 3094 708 et
3137 656 3399 725 propheta
3427 668 3482 714 et

1924 748 2065 803 rego,
2116 734 2207 803 qui
2239 737 2431 792 merito
2470 739 2589 807 pius
2626 741 2942 796 habebatur.
2975 743 3079 798 Sed
3113 746 3206 799 tibi
3233 746 3331 800 soli
3361 765 3479 818 pec-

1923 826 2053 887 cavi,
2101 826 2380 894 inquiebat
2411 847 2423 881 :
2459 832 2709 899 quoniam
2740 834 2838 886 soli
2871 832 2978 907 De'o
3002 845 3250 905 tanquam
3278 840 3477 909 opifici,

1921 925 1975 969 et
2005 915 2243 985 ﬁgmenti
2283 919 2363 972 sui
2399 922 2699 987 miserenti,
2736 940 2880 979 curm
2918 937 3002 980 est
3053 943 3121 981 ne
3163 944 3475 998 peccemus.

1922 1004 1986 1057 Et
2024 1006 2103 1060 sic
2144 1008 2305 1062 etiam
2365 1010 2515 1075 illud,
2550 1011 2615 1065 Et
2654 1015 2852 1068 malum
2895 1031 3071 1069 coram
3101 1026 3149 1071 te
3174 1019 3295 1089 feci,
3326 1021 3480 1075 addi-

1920 1096 2039 1159 dit,
2099 1100 2351 1167 quoniam
2398 1102 2617 1171 reliquis
2660 1106 2911 1161 omnibus
2957 1108 3005 1161 ei
3060 1116 3311 1178 tanquam
3369 1112 3477 1183 regi

1922 1188 2320 1259 indulgentibus
2345 1234 2359 1257 ,
2394 1201 2449 1246 et
2479 1205 2757 1263 peccatum
2800 1197 3013 1252 silentio
3052 1202 3479 1271 contegentibus.

1922 1278 2063 1334 Deus
2095 1282 2243 1336 misit
2274 1282 2505 1344 Nathan,
2536 1294 2591 1339 et
2626 1287 2890 1340 nefarium
2934 1289 3066 1343 illud
3094 1290 3268 1344 scelus
3306 1304 3484 1359 repre-

1924 1371 2111 1426 hendit
2141 1391 2153 1426 :
2192 1382 2247 1427 et
2272 1392 2369 1428 cur
2399 1376 2499 1431 hoc
2527 1377 2714 1432 fecerit
2743 1381 3022 1448 sequentia
3047 1381 3340 1438 declarant.

1990 1462 2149 1517 Vens.
2192 1464 2245 1518 7.
2283 1485 2300 1516 ι
2336 1464 2473 1541 Ecce
2515 1468 2660 1521 enim
2694 1468 2751 1522 in
2784 1469 3160 1539 iniquitatibus
3184 1481 3481 1542 conceptus

1923 1570 2063 1609 sum.
2102 1574 2120 1606 ι

1992 1647 2116 1701 llaec
2170 1663 2277 1702 non
2343 1650 2598 1704 dicuntur
2648 1652 2822 1706 solum
2880 1664 3100 1723 propter
3162 1656 3351 1710 sordes
3413 1656 3481 1709 ab

1923 1739 2129 1793 Adamo
2181 1750 2483 1795 contractas
2531 1758 2545 1795 :
2596 1758 2725 1797 nam
2776 1745 3010 1813 pollutos
3040 1760 3138 1799 nos
3178 1746 3296 1814 ejus
3322 1760 3481 1799 causa

1925 1831 2073 1886 nasci
2096 1833 2465 1902 cognovimus,
2490 1834 2560 1887 ita
2594 1843 2651 1888 ut
2677 1836 2991 1905 priusquam
3017 1837 3084 1890 ad
3107 1844 3321 1891 aetatem
3351 1836 3480 1890 boni

253 1904 379 1966 κίας
402 1905 565 1957 καλοῦ
589 1908 682 1959 καὶ
704 1910 870 1962 κακοῦ
887 1912 1181 1984 δεχομένης
1200 1918 1488 1989 διάκρισιν,
1505 1920 1817 1990 καθάρσεως

1922 1932 1978 1974 et
2006 1921 2132 1975 mali
2170 1921 2533 1978 discretricem
2562 1925 2964 1991 perveniamus,
2998 1924 3152 1994 quasi
3177 1940 3205 1978 a
3241 1924 3484 1993 parenti-

251 1997 333 2057 ὠς
360 2000 423 2049 ἐκ
462 1998 715 2069 πατέρων
752 2003 1134 2073 ὲρρυπωμένοι
1163 2009 1461 2079 χρῄσομεν.
1512 2010 1683 2065 Τοῦτο
1716 2014 1822 2084 γὰρ

253 2088 352 2139 καὶ
380 2091 533 2157 παρὰ
561 2090 639 2159 τῷ
675 2092 796 2143 Ἰὼϐ
824 2094 1113 2163 εἰρημένον
1144 2099 1470 2169 εὑρήσομεν·
1515 2103 1629 2168 Τίς,
1666 2106 1820 2173 φησὶ,

253 2178 629 2247 καυχήσεται
655 2185 913 2250 καθαρὸς
933 2182 1086 2239 εἶναι
1110 2186 1227 2241 ἀπὸ
1242 2190 1444 2256 ῥύπου
1470 2208 1487 2253 ;
1514 2193 1651 2247 ἀλλ’
1687 2195 1825 2250 οὔτε

250 2271 501 2340 βρέφος,
516 2273 631 2326 κᾶν
645 2270 684 2344 ᾖ
695 2276 803 2343 μία
830 2277 1015 2346 ἡμέρα
1037 2281 1072 2347 ἡ
1097 2280 1206 2349 ζωὴ
1230 2283 1435 2337 αὑτοῦ.
1460 2285 1598 2354 Πρὸς
1615 2286 1824 2352 τούτοις

264 2365 472 2434 μητέρα
499 2366 597 2435 τῆς
632 2368 904 2437 ἁμαρτίας
925 2370 1024 2440 τὴν
1050 2372 1347 2442 ἐπιθυμίαν
1372 2377 1402 2445 ἡ
1425 2376 1610 2446 Γραφὴ
1640 2379 1823 2433 καλεῖν

266 2457 303 2524 ὴ
329 2455 680 2521 θεόπνευστος
726 2458 940 2516 εἴωθεν.
978 2464 1240 2532 Ἔγγονον
1273 2465 1331 2519 δὲ
1370 2469 1530 2521 πάλιν
1558 2471 1823 2542 ἑκατέρας

271 2549 364 2599 τὸν
431 2549 649 2603 θάνατον
710 2554 803 2605 καὶ
882 2561 1149 2627 μαρτυρεῖ
1199 2562 1227 2613 6
1295 2561 1547 2627 Ἰάκωϐος
1609 2565 1820 2633 λέγων⁸

283 2640 351 2693 Ἠ
388 2642 666 2712 ἐπιθυμία
723 2648 1120 2703 συλλαϐοῦσα
1173 2653 1355 2706 τίκτει
1415 2657 1723 2724 ἁμαρτίαν,
1780 2659 1818 2726 ἠ

258 2732 328 2784 δὲ
366 2733 619 2802 ἁμαρτία
676 2738 1150 2797 ἀποτελεσθεῖσα
1220 2745 1469 2800 ἀποκύει
1539 2750 1819 2806 θάνατον.

259 2823 423 2876 Ὥστε
440 2826 566 2880 ὅταν
592 2828 1019 2902 ἁμαρτάνωμεν,
1042 2836 1099 2887 ἐν
1121 2837 1420 2908 ἁμαρτίαις
1447 2841 1819 2913 συλλαμϐανό-

334 3024 352 3054 ‹
405 3006 668 3071 Ῥαντιεῖς
701 3028 766 3080 με
800 3012 1059 3086 ὑσσώπῳ.
1096 3036 1115 3069 ι

327 3096 540 3166 Ὠσπερ
570 3102 664 3155 καὶ
698 3105 860 3172 ἡμεῖς
884 3109 943 3159 ὲν
970 3112 1038 3179 τῇ
1066 3108 1244 3182 δωρεᾷ
1272 3113 1368 3166 τοῦ
1409 3114 1784 3187 βαπτίσματος
1802 3158 1815 3182 ,

1923 2009 2025 2064 bus
2078 2013 2426 2066 contaminati
2475 2014 2794 2084 purgatione
2845 2016 3204 2084 indigeamus.
3245 2014 3383 2082 Quin
3428 2020 3484 2068 et

1925 2102 2028 2157 hoc
2056 2103 2124 2157 ab
2158 2104 2274 2172 ipso
2303 2102 2440 2159 Jobo
2464 2105 2668 2163 dictum
2694 2106 3031 2177 reperiemus
3056 2125 3069 2162 :
3104 2107 3251 2173 Quis,
3283 2107 3481 2174 inquit.

1923 2193 2231 2263 gloriabitur
2288 2197 2509 2252 mundus
2560 2215 2666 2252 esse
2707 2216 2738 2252 a
2769 2200 3054 2254 sordibus?
3081 2201 3170 2253 sed
3212 2214 3372 2269 neque
3398 2198 3484 2250 in-

1924 2286 2060 2355 fans,
2106 2289 2199 2339 etsi
2242 2289 2397 2358 fuerit
2464 2292 2614 2344 unius
2657 2294 2759 2345 diei
2806 2294 2909 2346 vita
2956 2293 3069 2361 ejus
3104 2292 3165 2342 ".
3216 2292 3483 2345 Prmterca

1924 2373 2126 2440 peccati
2163 2382 2388 2429 matrem
2436 2377 2613 2432 divina
2662 2380 2941 2449 Scriptura
2979 2380 3481 2450 concupiscentiam

1922 2463 2191 2531 appellare
2221 2466 2374 2521 solet.
2414 2468 2623 2525 Rursus
2649 2486 2778 2526 vero
2806 2481 3035 2525 mortem
3076 2472 3354 2540 utriusque
3389 2486 3484 2541 ge-

1924 2554 2167 2608 nitricem
2199 2571 2317 2611 esse
2334 2557 2566 2614 Jacobus
2585 2569 2811 2615 testatur
2841 2563 3030 2616 dicens
3062 2579 3079 2615 :
3107 2561 3485 2630 Concupiscen-

1925 2645 1999 2697 tia
2052 2663 2165 2699 cum
2192 2652 2497 2717 conceperit,
2550 2654 2691 2721 parit
2731 2664 2998 2723 peccatum
3026 2670 3043 2718 ,'
3074 2662 3340 2723 peccatum
3365 2669 3489 2705 vero

1922 2753 2036 2791 cum
2069 2752 2483 2796 consummatum
2520 2746 2697 2814 fuerit,
2736 2756 2946 2815 generat
2972 2754 3189 2798 mortem
3210 2745 3274 2797 ιθ.
3304 2743 3481 2809 Quare

1921 2844 2047 2886 Cum
2073 2846 2381 2902 peccamus,
2416 2835 2470 2889 in
2505 2838 2740 2905 peccatis
2768 2839 3126 2908 concipimur.

1993 3034 2155 3090 Vens.
2186 3037 2239 3093 9.
2281 3055 2299 3088 ι
2332 3038 2599 3110 Asperges
2624 3056 2710 3095 me
2740 3040 2995 3112 hyssopo.
3030 3060 3050 3093 ι

1993 3125 2455 3193 Quemadmodum
2485 3140 2540 3184 et
2577 3147 2676 3185 nos
2698 3132 2753 3185 in
2792 3133 3043 3203 baptismi
3077 3133 3221 3187 dono
3243 3145 3380 3202 aqua
3407 3131 3482 3185 lar

248 3184 334 3255 τῷ
373 3188 470 3256 μὲν
506 3188 658 3245 ὕδατι
692 3194 1029 3266 πλυνόμεθα,
1055 3200 1132 3271 τῷ
1166 3201 1220 3255 δὲ
1258 3184 1530 3275 πνεύματι
1561 3184 1817 3280 λαμπρυ-

1921 3235 2131 3283 vamur,
2161 3222 2255 3277 sed
2286 3222 2478 3293 spiritu
2506 3223 2867 3279 illustramur.

249 3280 483 3350 νόμεθα.

332 3391 351 3424 ι
403 3375 700 3440 Ἀκουτιεῖς
735 3398 802 3448 με
836 3382 1183 3449 ἀγαλλίασιν.
1227 3408 1245 3439 ι

324 3464 719 3522 Ταπεινοῦνται
753 3473 850 3541 μὲν
877 3476 943 3527 τὰ
972 3476 1072 3545 τῆς
1101 3478 1281 3549 ψυχῆς
1320 3481 1503 3549 ὀστέα,
1540 3488 1818 3542 τουτέστιν

247 3557 309 3608 αἱ
367 3557 643 3629 δυνάμεις,
664 3563 766 3616 ὑπὸ
803 3565 903 3634 τῆς
953 3568 1249 3639 ἁμαρτίας,
1294 3576 1385 3626 καὶ
1416 3578 1815 3646 συντρίϐονταιο

245 3649 390 3702 ἀλλὰ
434 3654 496 3721 τῇ
530 3656 791 3725 μετανοίᾳ
836 3659 1078 3715 σωθέντα
1115 3665 1437 3732 ἀναθάλλει,
1471 3670 1566 3722 καὶ
1607 3674 1687 3735 είς
1723 3674 1818 3745 τὴν

245 3742 428 3810 χαρὰν
457 3744 556 3814 τὴν
587 3747 821 3815 ἀρχαίαν
843 3750 1229 3823 ἐπανέρχεται.

330 3852 347 3882 ι
395 3834 757 3906 Ἀπόστρεψον
775 3839 835 3893 τὸ
863 3843 1163 3911 πρόσωπόν
1190 3864 1305 3902 σου.
1341 3869 1358 3900 ι

335 3920 463 3975 Ἐὰν
486 3926 594 3996 γὰρ
620 3928 695 3998 μὴ
729 3931 1146 4003 παραϐλέψηται
1196 3938 1443 4011 ἡμέτερα
1473 3945 1818 4016 πταίσματα,

248 4012 493 4083 σωθῆναι
538 4019 599 4069 οὐ
642 4018 938 4091 δυνάμεθα.
966 4024 1087 4087 Πῶς
1123 4027 1179 4080 δὲ
1219 4029 1382 4084 τοῦτο
1419 4036 1815 4106 κατορθοῦταις

250 4107 423 4160 Ὅταν
447 4112 606 4179 ἡμεῖς
625 4114 837 4180 ἀγαθὰς
868 4117 1096 4186 πράξεις
1120 4120 1216 4173 καὶ
1237 4123 1437 4189 ἀρετὰς
1464 4127 1815 4199 ἁσκήσωμεν,

252 4199 342 4251 ἱνα
368 4200 464 4253 τοῦ
502 4203 687 4273 κριτοῦ
719 4207 811 4259 τὸν
844 4208 1120 4281 ὀφθαλμὸν
1160 4215 1238 4277 είς
1266 4216 1434 4279 αύτάς
1482 4222 1819 4290 μετενέγκω-

252 4308 374 4357 μεν·
405 4293 549 4347 οὕτω
581 4296 689 4366 γὰρ
723 4299 938 4369 καὶτῆς
959 4302 1065 4354 τῶν
1087 4305 1370 4374 ἡμετέρων
1401 4311 1822 4383 ἁμαρτημάτων.

248 4382 483 4452 θεωρίας
502 4388 662 4441 αὑτὸν
693 4391 998 4462 ἀποστῆσαι
1026 4394 1322 4467 δυνάμεθα.

1990 3396 2153 3452 Vrsas.
2185 3397 2272 3453 10.
2302 3417 2320 3450 ι
2360 3401 2563 3455 Audire
2583 3416 2671 3455 me
2694 3400 2859 3455 facies
2880 3401 3157 3470 gaudium.
3191 3419 3211 3453 ι

1987 3489 2350 3544 Humiliantur
2362 3490 2579 3560 quidem
2602 3492 2795 3545 animae
2817 3492 3019 3558 ossa,id
3036 3502 3120 3547 est
3136 3493 3334 3555 vires,a
3355 3507 3479 3561 pec-

1918 3590 2038 3637 cato
2062 3601 2077 3647 ;
2112 3590 2485 3637 verumtamen
2518 3584 2674 3638 saluti
2703 3601 2801 3654 per
2826 3586 3204 3655 paenitentiam
3232 3587 3495 3642 restituta!

1917 3673 2128 3737 florent,
2178 3682 2232 3728 et
2262 3675 2315 3727 in
2349 3674 2631 3745 pristinam
2654 3676 2891 3732 laztitiam
2918 3687 3284 3734 revertuntur.

1989 3871 2153 3930 Vens.
2186 3875 2271 3929 11.
2308 3894 2326 3927 ι
2371 3876 2568 3930 Averte
2604 3877 2795 3932 faciem
2831 3887 2997 3933 tuam.
3037 3899 3065 3931 »ρ

1987 3964 2120 4019 Nam
2171 3966 2273 4020 nisi
2320 3969 2609 4022 conniveat
2663 3970 2730 4022 ad
2779 3980 2995 4040 peccata
3040 3981 3246 4035 nostra,
3289 3973 3482 4026 salvari

1918 4058 2139 4111 minime
2186 4074 2493 4127 possumus.
2526 4060 2632 4114 Sed
2663 4077 2771 4130 quo
2800 4072 2956 4131 pacto
2986 4063 3037 4117 id
3085 4062 3356 4118 elIicitur?
3391 4061 3459 4117 Ni

1917 4149 2115 4202 mirum
2162 4165 2284 4203 cum
2325 4165 2489 4219 opera
2528 4152 2667 4206 bona
2698 4162 2753 4207 et
2792 4156 3018 4209 virtutes
3047 4155 3485 4221 exercuerimus,

1920 4250 1978 4296 ut
2023 4242 2217 4311 iudicis
2250 4244 2437 4297 oculos
2475 4245 2540 4299 ad
2564 4245 2682 4300 illas
2729 4256 3109 4301 convertamus
3158 4266 3170 4300 :
3223 4248 3296 4301 ita
3338 4248 3482 4302 enim

1918 4334 2065 4387 illum
2096 4335 2163 4389 ab
2182 4334 2381 4390 intuitu
2403 4335 2721 4391 delictorum
2746 4345 3056 4393 nostrorum
3090 4348 3337 4393 avertere
3362 4355 3482 4409 pos-

1920 4441 2128 4479 sumus.

1997 4538 2016 4569 ‹
2053 4518 2117 4573 Et
2144 4536 2332 4575 omnes
2366 4520 2675 4590 iniquitates
2698 4538 2845 4577 meas
2867 4523 3003 4578 dele.
3043 4542 3060 4575 ι

318 4566 395 4617 Οὐ
428 4569 578 4636 μίαν,
602 4569 738 4624 ἀλλὰ
769 4573 971 4636 πάσας
1008 4577 1165 4647 ἱκανὴ
1197 4578 1304 4649 γὰρ
1326 4582 1420 4635 καὶ
1451 4585 1483 4653 ἡ
1514 4584 1613 4654 μία
1641 4604 1817 4657 παρα-

2002 4566 2014 4569 -
2053 4566 2117 4573 __
2148 4566 2332 4575 ---πων
2366 4566 2675 4590 .-.Ἵππη
2698 4566 2845 4577 ...νυν
2867 4566 3003 4578 μνη..
3043 4566 3058 4575 .

1988 4608 2107 4663 Non
2138 4626 2321 4672 unam,
2348 4612 2441 4665 sed
2465 4627 2655 4666 omnes
2684 4629 2696 4665 :
2729 4628 2963 4681 namque
2989 4615 3074 4669 vel
3095 4630 3202 4668 una
3232 4614 3360 4668 satis
3378 4620 3484 4676 est,

245 4656 464 4727 πέμψαι
498 4660 635 4730 πρὸς
675 4663 925 4731 γέενναν.
954 4667 1048 4739 Μὴ
1095 4669 1274 4725 τοίνυν
1302 4674 1464 4742 ἡμεῖς
1497 4678 1594 4747 τῆς
1619 4656 1814 4750 τυχού-

247 4765 351 4843 ei};
377 4752 655 4843 ἁμαρτίας
706 4759 1091 4831 ἀμελήσωμεν.
1126 4764 1250 4820 Ἐὰν
1276 4768 1384 4839 γὰρ
1419 4772 1811 4843 ὲσπιλωμένος,

243 4832 455 4901 οὗτινος
487 4836 555 4911 ἦν
583 4843 820 4913 ρύπου,ὀ
837 4848 1006 4917 χιτὼν
1022 4851 1220 4924 εὑρεθῆ
1242 4856 1270 4908 6
1288 4832 1583 4929 ’ἡμέτερος
1614 4832 1696 4926 είς

244 4931 513 4999 νυμφῶνα
540 4938 801 4992 εἰσελθεῖν
823 4941 917 4995 τοῦ
952 4942 1236 5013 βασιλέως,
1265 4947 1297 5020 ἢ
1336 4952 1575 5020 πατῆσαι
1596 4958 1695 5026 τὴν
1720 4962 1813 5013 αὐ-

242 5021 344 5091 λὴν
372 5025 434 5077 οὐ
479 5026 779 5099 δυνάμεθα.
825 5034 996 5090 Τοῦτο
1045 5040 1074 5092 6
1118 5040 1332 5107 Παῦλος
1396 5021 1813 5120 ἐπισφραγίζων

242 5114 433 5183 ἔλεγε·
496 5121 592 5187 Μὴ
637 5123 955 5182 πλανᾶσθε
984 5144 997 5158 ⁸
1039 5131 1178 5185 οὔτε
1220 5135 1452 5203 πόρνοι,
1513 5114 1666 5196 οὔτε-
1698 5114 1811 5213 ῥα-

240 5207 441 5275 λακοί,
482 5211 621 5266 οὔτε
657 5217 1031 5286 πλεονέκται,
1060 5222 1200 5278 οὔτε
1215 5226 1489 5294 μέθυσοι,
1520 5234 1592 5285 οὺ
1611 5207 1813 5289 ,λοίδο-

234 5315 357 5365 ροι,
403 5305 515 5373 οὐχ
565 5305 829 5377 ἅρπαγες
875 5311 1202 5374 ,ϐασιλείαν
1246 5320 1396 5374 Θεοῦ
1434 5326 1809 5396 κληρονομή-

242 5405 453 5447 σουσι.

326 5503 345 5535 ι
384 5487 627 5556 Καρδίαν
657 5493 904 5566 καθαρὰν
930 5499 1112 5552 κτίσον
1149 5501 1207 5555 ὲν
1237 5503 1417 5572 ἐμοί.ι

318 5575 429 5644 Ούχ
453 5577 542 5669 ῖνα
568 5579 665 5651 τὴν
692 5583 854 5651 φύσιν
904 5587 1123 5659 ἀμείψει
1165 5591 1338 5663 (οὐδὲν
1369 5596 1477 5667 γὰρ
1507 5598 1642 5669 αὕτη
1668 5601 1807 5667 φαῦ-

243 5663 338 5718 λον
371 5668 693 5743 ἐκέκτητο)·
752 5675 870 5730 ἀλλ’
920 5678 1007 5733 ἵνα
1054 5680 1143 5733 τὸν
1186 5663 1456 5756 λογισμὸν*
1482 5690 1582 5759 τῆς
1627 5663 1809 5764 ψυχῆς

320 5845 362 5876 ’⁷
392 5845 511 5904 Joh.
547 5867 656 5914 xiv.
677 5852 730 5910 5.
810 5856 851 5886 ⁸⁸
871 5854 985 5912 Jac.
1017 5874 1051 5923 ι,
1082 5858 1175 5912 15.
1244 5862 1287 5892 ’θ
1319 5858 1337 5912 1
1365 5862 1486 5917 Cor.
1516 5880 1587 5930 γι,
1617 5864 1673 5922 9.

1918 4710 1977 4754 ut
2011 4701 2186 4755 mittat
2212 4702 2265 4755 in
2302 4704 2630 4773 gehennam.
2662 4704 2741 4758 Ne
2776 4720 2904 4775 ergo
2943 4720 3043 4759 nos
3082 4705 3167 4759 vel
3198 4705 3491 4759 minimum

1915 4798 2195 4858 peccatum
2238 4790 2571 4860 negligamus
2602 4809 2617 4845 :
2644 4807 2773 4846 nam
2816 4792 2861 4847 si
2883 4793 2969 4847 vel
3010 4791 3113 4846 levi
3148 4790 3356 4844 macula
3389 4806 3482 4843 ve-

1917 4880 2015 4934 stis
2046 4890 2231 4936 nostra
2260 4881 2478 4937 sordida
2526 4882 2745 4939 inventa
2791 4884 2974 4951 fuerit,
3000 4900 3105 4939 nec
3129 4885 3271 4954 regis
3294 4882 3476 4936 thala-

1916 4986 2064 5024 mum
2116 4971 2346 5042 ingredi,
2392 4987 2496 5026 nec
2526 4974 2703 5027 aulam
2751 4974 2959 5028 calcare
3012 4974 3332 5044 poterimus.
3370 4969 3482 5025 Hoc

1915 5061 2112 5116 Paulus
2160 5063 2488 5118 confirmans
2516 5065 2653 5119 dixit
2684 5083 2697 5118 :
2724 5064 2900 5119 Nolite
2925 5082 3105 5119 errare
3134 5081 3151 5119 :
3180 5080 3341 5133 neque
3369 5063 3478 5133 for-

1912 5156 2126 5221 nicarii,
2157 5172 2318 5227 neque
2339 5157 2541 5221 molles,
2572 5174 2734 5228 neque
2755 5160 2927 5224 avari,
2958 5175 3124 5230 neque
3150 5157 3360 5221 ebriosi,
3390 5172 3478 5208 ne-

1914 5263 2011 5317 que
2054 5247 2297 5303 maledici
2326 5288 2341 5315 ,
2374 5265 2537 5319 neque
2564 5265 2821 5318 rapaces,
2869 5268 3085 5323 regnum
3117 5249 3219 5304 Dei
3250 5249 3476 5318 posside-

1914 5337 2039 5391 bunt
2073 5339 2133 5390 ¹⁹.

1986 5515 2146 5573 Vens.
2189 5519 2273 5572 1‘3.
2306 5539 2324 5571 ι
2355 5521 2461 5574 Cor
2495 5522 2755 5576 mundum
2785 5538 2907 5577 crea
2939 5522 2993 5576 in
3032 5537 3137 5574 me.
3169 5538 3188 5571 ι

1985 5606 2099 5662 Non
2129 5619 2187 5662 ut
2224 5620 2469 5665 naturam
2517 5621 2687 5667 mutet
2732 5612 2889 5681 (nihil
2912 5612 3057 5666 enim
3084 5611 3171 5664 illa
3199 5610 3319 5665 mali
3348 5624 3474 5677 pos-

1914 5697 2133 5769 siderat)
2165 5717 2178 5754 :
2203 5701 2295 5756 sed
2330 5712 2389 5756 ut
2411 5702 2763 5773 cogitationes
2786 5702 2951 5757 animi
2980 5701 3225 5765 mundet,
3247 5710 3303 5754 et
3329 5699 3475 5753 eluat
