4032 6414
682 425 816 489 1203

1852 417 2218 480 HESYCHII
2256 415 2726 476 PRESBYTERI

3714 423 3808 489 120'.-

682 535 919 591 maculas
947 533 1066 605 ejus
1093 573 1109 599 ,
1139 532 1415 603 voluptate
1450 540 1505 586 et
1534 528 1772 584 consiliis
1801 528 1997 584 diaboli
2028 535 2240 582 contra-

2369 525 2576 596 ιαθάρῃ,
2609 525 2704 578 καὶ
2732 522 3103 597 διορθώσηται
3137 524 3382 596 ῥυπαρὸν
3405 527 3516 590 ταῖς
3545 528 3718 599 nocui;
3746 539 3811 592 ut

681 640 797 683 ctas
824 646 836 683 :
864 643 988 682 nam
1019 643 1198 681 creare
1224 625 1277 679 in
1299 625 1467 680 sacris
1491 622 1706 677 Litteris
1732 621 2049 691 plerumque
2075 621 2240 692 signi-

683 720 808 774 ﬁcat
837 721 1128 790 corrigere.

755 917 774 946 ‹
805 897 871 950 Ει
899 895 1143 964 spiritum
1173 901 1378 947 rectum
1413 892 1629 946 innova.
1665 910 1685 942 ι

753 985 944 1040 Cernis
976 986 1292 1054 prephetam
1325 999 1481 1036 orare
1499 1023 1514 1048 ,
1540 997 1649 1036 non
1680 988 1736 1034 ut
1756 989 2002 1034 naturam
2029 987 2200 1033 mutet
2223 1020 2238 1044 ,

686 1079 780 1134 sed
806 1088 866 1132 ut
891 1080 1059 1148 gratia
1089 1076 1357 1138 adveniat,
1406 1084 1464 1130 ut
1493 1075 1758 1130 laboranti
1793 1083 2018 1139 naturae,
2047 1088 2111 1127 ac
2145 1074 2244 1127 sub

687 1179 909 1239 peccato
962 1168 1338 1230 veterascenti,
1395 1182 1554 1236 opem
1602 1166 1758 1220 ferat.
1803 1165 2058 1234 Spiritum
2095 1165 2243 1219 enim

685 1269 887 1314 rectum
935 1269 1112 1321 vocat,
1163 1275 1273 1313 non
1314 1259 1533 1312 vitalem
1562 1257 1712 1311 illum
1738 1258 1828 1326 qui
1865 1257 1917 1309 in
1946 1256 2102 1310 nobis
2140 1263 2242 1317 est,

686 1353 778 1408 sed
812 1352 1103 1422 ipsummet
1135 1351 1394 1420 Spiritum
1418 1349 1511 1404 Dei
1537 1367 1551 1415 ;
1587 1350 1654 1404 de
1681 1365 1788 1418 quo
1818 1349 1872 1402 in
1902 1349 2007 1402 alio
2035 1348 2244 1417 psalmo

684 1445 882 1499 cecinit
923 1462 936 1497 :
985 1443 1214 1513 Spiritus
1243 1453 1363 1496 tuus
1395 1444 1555 1496 bonus
1588 1443 1802 1496 deducet
1853 1458 1932 1494 me
1964 1443 2018 1494 in
2049 1451 2244 1494 terram

686 1538 969 1589 rectam”.
1004 1535 1158 1589 llune
1199 1544 1350 1595 orat.
1382 1544 1441 1588 ut
1487 1536 1538 1588 in
1593 1532 1910 1596 visceribus,
1943 1534 2046 1587 hoc
2074 1543 2158 1588 est
2187 1534 2243 1588 in

686 1629 1013 1684 necessariis
1046 1638 1100 1683 et
1124 1629 1356 1682 maxime
1389 1628 1527 1696 aptis
1558 1628 1751 1681 animm
1783 1627 2046 1696 partibus.
2087 1627 2244 1680 inno-

685 1730 862 1787 vetur,
891 1730 1158 1790 quatenus
1186 1737 1380 1790 nempe
1408 1721 1462 1774 in
1503 1720 1656 1774 nobis
1693 1729 1849 1774 antea
1881 1733 1989 1771 non
2013 1717 2246 1787 perfecte

687 1815 983 1876 habitabat,
1035 1829 1211 1882 neque
1258 1812 1676 1882 conquiescebat
1710 1811 1778 1865 ob
1822 1811 2244 1865 imbecillitatem

687 1918 946 1970 nostram,
975 1923 1078 1975 qua
1114 1905 1406 1976 perfectam
1452 1905 1674 1975 gratiam
1707 1904 1981 1972 suscipere
2024 1902 2246 1957 minime

686 1997 1107 2054 sulﬁciebamus.
1157 1998 1516 2064 Quamobrem
1555 1995 1688 2064 petit
1709 1995 1858 2048 illum
1883 1995 2152 2054 renovari,
2190 2003 2249 2049 ut

689 2103 910 2159 prorsus
931 2088 986 2141 in
1013 2089 1167 2142 nobis
1188 2087 1464 2157 expleatur
1490 2101 1508 2140 :
1536 2102 1660 2140 nam
1683 2087 1895 2152 domus,
1921 2101 2039 2156 quae
2064 2087 2249 2156 exple-

689 2189 779 2234 tur
803 2189 856 2234 et
882 2189 1124 2244 ornatur,
1147 2180 1334 2234 eadem
1357 2180 1668 2234 innovatur.

757 2359 932 2416 Grave
960 2371 1064 2424 est,
1100 2360 1145 2414 si
1172 2377 1358 2416 servus
1389 2362 1594 2416 vultum
1625 2360 1839 2416 Domini
1869 2359 2143 2426 offendat;
2167 2360 2248 2416 uti

689 2455 853 2508 etiam
883 2470 1044 2525 grave
1075 2465 1176 2519 est,
1206 2455 1251 2509 si
1286 2455 1424 2509 ﬁlius
1456 2457 1622 2526 patris
1651 2468 1706 2512 et
1724 2457 1881 2510 miles
1910 2455 2052 2526 regis
2074 2455 2268 2541 otl‘eni

685 2548 894 2601 sionem
937 2547 1174 2602 incurrat
1205 2567 1217 2603 :
1255 2565 1380 2603 nam
1405 2550 1494 2619 qui
1532 2550 1840 2618 bujusmodi
1871 2559 1987 2614 est,
2017 2551 2239 2606 extorria

685 2640 957 2709 reperitur
981 2657 994 2693 :
1023 2650 1078 2694 at
1105 2641 1146 2695 si
1177 2641 1298 2710 quis
1320 2642 1424 2696 hoc
1454 2642 1507 2695 in
1533 2641 1700 2696 Deum
1724 2642 1932 2706 fecerit,
1970 2642 2230 2696 interitun

685 2734 785 2788 sibi
816 2743 986 2803 parat.
1026 2733 1304 2803 Siquidem
1334 2749 1442 2788 non
1467 2734 1641 2790 solum
1687 2735 1845 2789 nobis
1874 2733 2031 2789 Pater
2053 2750 2115 2789 ac
2147 2734 2246 2788 Do-

683 2828 863 2882 minus
900 2838 955 2882 et
991 2827 1101 2881 Rex
1141 2828 1279 2882 Deus
1315 2837 1400 2882 est
1426 2867 1441 2890 .
1482 2826 1577 2882 sed
1605 2828 1867 2899 quidquid
1893 2829 2073 2882 dicere
2097 2837 2250 2898 potes

685 2935 750 2973 ex
778 2920 844 2973 iis
875 2936 994 2990 qua
1033 2921 1099 2975 ad
1121 2921 1309 2986 vitam,
1349 2920 1776 2976 incolumitatem
1808 2929 1862 2974 et
1891 2919 2119 2974 salutem
2151 2935 2251 2974 no-

685 3022 850 3066 stram
878 3014 1148 3082 pertinere
1175 3022 1419 3084 possunt.
1455 3012 1634 3080 Quare
1661 3029 1784 3070 cum
1815 3029 1844 3066 a
1871 3013 2030 3068 nobis
2058 3012 2247 3068 faciem

685 3106 945 3159 averterit
973 3143 987 3167 ,
1019 3106 1199 3160 statim
1245 3104 1505 3176 Spiritum
1534 3114 1780 3160 sanctum
1826 3107 2157 3171 amittimus;
2193 3105 2248 3159 in

2341 620 2462 680 ταῖς
2496 619 2764 680 ἐπινοίαις
2806 616 2900 671 τοῦ
2928 616 3178 670 διαϐόλου
3209 617 3526 686 γενόμενονο
3552 623 3715 676 κτίσαι
3739 629 3815 697 γὰρ

2345 709 2497 778 παρὰ
2532 712 2599 780 τῇ
2639 709 2762 782 θείᾳ
2785 711 2980 781 Γραφῇ
3016 708 3278 772 πολλάκις
3302 707 3365 760 τὸ
3391 709 3739 781 διορθώσασθαι
3759 719 3819 774 λέ-

2342 818 2522 870 γεται.

2421 909 2439 943 ι
2475 891 2586 945 Καὶ
2609 890 2828 960 πνεῦμα
2861 890 3017 956 εύθὲς
3047 891 3381 959 ὲγκαίνισον.
3419 909 3438 942 ι

2413 982 2645 1052 Θεωρεῖς
2697 983 2771 1046 ὡς
2823 984 2883 1035 ού
2926 983 3026 1052 τὴν
3070 983 3235 1052 φύσιν
3257 983 3484 1052 ἀμεῖψαι
3515 985 3541 1036 ό
3583 989 3824 1058 προφήτης,

2343 1073 2479 1128 ἀλλά
2519 1075 2618 1146 τὴν
2661 1077 2819 1147 χάριν
2857 1075 3061 1140 ἐλθεῖν,
3087 1075 3176 1129 ἵνα
3201 1079 3267 1147 τῇ
3294 1075 3566 1147 καμνούσῃ
3599 1082 3659 1149 τῇ
3689 1083 3826 1148 φύσει,

2345 1167 2438 1221 καὶ
2478 1166 2584 1220 ὑπὸ
2633 1168 2731 1236 τῆς
2777 1168 3052 1239 ἁμαρτίας
3128 1150 3484 1238 παλαιωθήσῃ
3542 1173 3829 1241 προσεύχεται

2346 1262 2608 1335 βοηθήσῃ.
2657 1264 2882 1333 Πνεῦμα
2909 1263 3019 1334 γὰρ
3049 1263 3204 1328 εὑθές
3227 1265 3288 1316 οὐ
3320 1263 3380 1316 τὸ
3408 1265 3465 1316 ἐν
3491 1267 3613 1333 ἡμῖν
3640 1267 3689 1318 τὺ
3716 1267 3831 1332 ζωτι·

2346 1355 2440 1407 κὸν
2465 1353 2621 1408 τοῦτο
2639 1355 2809 1422 λέγει,
2833 1353 2948 1408 ἀλλ’
2973 1354 3104 1408 αὐτὸ
3132 1355 3226 1409 τοῦ
3250 1356 3387 1410 Θεοῦ
3407 1358 3466 1410 τὸ
3485 1358 3683 1428 Πνεῦμα
3705 1401 3716 1423 ,
3742 1364 3832 1432 περὶ

2344 1440 2405 1500 οὗ
2431 1448 2487 1500 ἐν
2519 1447 2691 1518 ἑτέρῳ
2712 1445 2912 1517 ψαλμῷ
2938 1445 3277 1516 ἐμελῲδησεν
3305 1464 3319 1476 ·
3351 1450 3419 1503 Τὸ
3443 1449 3658 1517 Πνεῦμά
3683 1467 3774 1504 σου
3791 1454 3833 1505 τὸ

2345 1537 2571 1605 ἀγαθὸν
2607 1536 2894 1606 ὁδηγήσει
2926 1555 3004 1606 με
3043 1539 3114 1592 ἐν
3148 1539 3224 1608 τῇ
3267 1540 3486 1606 εὐθείᾳ.
3508 1539 3660 1594 Τοῦτο
3691 1543 3736 1593 ἐν

2345 1630 2599 1698 ἐγκάτοις
2632 1628 2858 1698 ἔγκατα,
2891 1631 3172 1684 τουτέστιν
3203 1633 3261 1685 ἐν
3303 1634 3418 1694 τοῖς
3462 1633 3740 1699 ἀναγκαίοις
3773 1637 3835 1686 καὶ

2346 1722 2466 1775 λίαν
2497 1721 2733 1792 καιρίοις
2760 1721 2861 1793 τῆς
2890 1721 3073 1792 ψυχῆς
3107 1723 3322 1794 μορίοις
3353 1723 3732 1792 ἐγκαινισθῆναι
3754 1727 3836 1796 @05-

2348 1812 2518 1879 λεται,
2547 1814 2671 1866 ὅσον
2704 1813 2802 1884 μὲν
2831 1814 2923 1866 καὶ
2972 1815 3080 1886 πρὸ
3105 1815 3314 1868 τούτων
3345 1817 3404 1868 ἐν
3435 1816 3564 1883 ἡμῖν
3581 1815 3764 1878 τελείως
3785 1821 3836 1870 oi-

2349 1902 2498 1964 κοῦν,
2518 1903 2641 1956 οὐδὲ
2676 1903 2762 1972 ἐφ’
2785 1905 2918 1974 ἡμῖν
2941 1903 3362 1974 ἀναπαυόμενον
3396 1903 3481 1956 διὰ
3512 1905 3602 1974 τὴν
3629 1905 3834 1975 ἡμετέραν

2347 1993 2631 2046 ἀσθένειαν
2656 1994 2744 2062 ὑφ’
2775 1989 2844 2066 ἧς
2883 1994 2984 2046 οὐκ
3011 1990 3152 2064 ἦμεν
3180 1995 3361 2047 ἱκανοὶ
3380 1995 3476 2062 τὴν
3502 1993 3650 2063 χάριν
3670 1994 3833 2066 ὁλόκλη-

2352 2102 2441 2157 ρον
2461 2084 2738 2149 δέξασθαι.
2765 2085 2968 2156 Διόπερ
2983 2085 3114 2139 αὐτὸ
3137 2083 3547 2154 ἐγκαινισθῆναι
3583 2084 3658 2137 ἵνα
3678 2085 3834 2149 πάντως

2347 2179 2406 2233 ἐν
2439 2180 2570 2250 ἡμῖν
2603 2180 2914 2252 ἀπαρτισθῇ
2959 2180 3326 2252 προσεύχεται
3355 2197 3370 2210 ·
3402 2176 3546 2243 οἶκος
3573 2180 3669 2251 γὰρ
3691 2182 3715 2232 ὁ
3741 2197 3834 2251 cup-

2348 2271 2743 2343 πληρούμενος,
2769 2273 2975 2338 ἐκεῖνος
3004 2272 3397 2342 ἐγκαινίζεται.

2419 2366 2606 2418 Κακδν
2643 2365 2740 2436 μὲν
2779 2366 2966 2438 οἰκέτῃ
2994 2365 3054 2418 τὸ
3080 2364 3174 2418 τοῦ
3220 2365 3482 2418 δεσπότου
3543 2363 3833 2435 ζηημειωθῆναι

2350 2457 2640 2526 πρόσωπον
2665 2472 2680 2488 ·
2692 2456 2952 2519 ὡσαύτως
2964 2457 3058 2510 καὶ
3083 2455 3183 2526 υἱῷ
3198 2455 3274 2526 τῷ
3290 2455 3386 2509 τοῦ
3410 2457 3622 2527 πατρὸς,
3639 2456 3717 2508 καὶ
3729 2471 3833 2526 στρα-

2347 2549 2515 2620 τιώτῃ
2561 2548 2636 2619 τῷ
2681 2548 2775 2601 τοῦ
2821 2547 3116 2618 βασιλέως·
3149 2549 3428 2618 ἐξόριστος
3465 2550 3569 2617 γὰρ
3601 2551 3627 2600 ὁ
3663 2546 3832 2603 moirti:

2349 2641 2659 2712 εὑρίσκεται
2687 2656 2700 2669 ·
2751 2641 2844 2694 ὲπλ⁸
2875 2640 2932 2692 δὲ
2959 2638 3094 2693 Θεοῦ
3120 2639 3344 2710 όλεθρον
3382 2638 3536 2712 τοῦτ-ρ
3563 2638 3831 2709 παρασκευά-

2349 2733 2434 2798 ζει
2471 2732 2549 2803 τῷ
2565 2735 2858 2804 πάσχοντι.
2886 2733 3020 2786 Οὐδὲ
3047 2732 3154 2803 γὰρ
3186 2719 3380 2802 Πατὴρ
3411 2731 3563 2802 μόνον
3589 2733 3670 2782 καὶ
3695 2729 3832 2781 Aecae

2348 2847 2446 2900 της
2502 2828 2634 2899 ἡμῖν
2674 2827 2806 2890 Θεὸς
2856 2827 2950 2880 καὶ
2981 2825 3260 2888 Βασιλεὺς,
3312 2825 3451 2878 ἀλλά
3481 2825 3583 2876 πᾶν
3613 2824 3764 2890 ὅτιπερ
3793 2821 3832 2872 ἂν

2350 2922 2525 2985 εἴποις
2577 2921 2685 2974 τῶν
2728 2921 2808 2984 εἰς
2860 2919 3004 2990 ζωὴν
3037 2920 3130 2972 καὶ
3177 2919 3456 2987 σωτηρίαν
3505 2915 3597 2986 τὴν
3639 2917 3832 2986 ἡμετέραν

2351 3014 2732 3068 συντεινόντων
2785 3013 3142 3082 καθέστηκεν.
3201 3012 3372 3064 Ὥστε
3401 3053 3416 3074 ,
3458 3011 3579 3064 ὅταν
3620 3009 3698 3077 ἀφ’
3729 3005 3833 3077 ἡμῶν

2349 3109 2684 3180 ἀποστρέφει
2719 3108 2780 3161 τὸ
2814 3107 3137 3178 πρόσωπον,
3177 3109 3530 3177 παραχρῆμα
3568 3101 3832 3171 ἀπολλύμεθα

685 3211 794 3264 quo
845 3196 1022 3250 omnis
1071 3196 1334 3250 bonorum
1379 3205 1689 3251 nostrorum
1734 3206 2029 3268 proventus
2075 3197 2246 3268 jactu-

2369 3203 2410 3256 ιὺ
2437 3201 2662 3272 Πνεῦμα
2695 3201 2757 3254 τὸ
2801 3201 2954 3270 ἆγιον
2976 3243 2991 3266 ,
3033 3202 3092 3254 ἐν
3113 3193 3157 3268 ᾧ
3203 3201 3357 3254 πᾶσα
3424 3197 3576 3268 ἡμῶν
3617 3199 3643 3266 ἡ
3675 3195 3832 3265 χορηγία

688 3303 802 3340 rain
848 3295 900 3341 et
929 3287 1314 3341 detrimentum
1350 3289 1496 3343 facit.
1531 3287 1709 3355 Quare
1744 3305 1844 3359 pro
1882 3305 1947 3344 eo
1975 3291 2116 3360 quod
2151 3306 2249 3360 po-

689 3388 827 3434 terat
851 3381 1066 3446 dicere;
1089 3379 1165 3433 Ne
1196 3380 1412 3435 auferas
1437 3381 1705 3451 spiritum,
1736 3381 1812 3436 Ne
1835 3384 2003 3436 denuo
2037 3385 2252 3454 auferas

691 3472 888 3540 posuit.
949 3471 1216 3537 Quoniam
1273 3472 1365 3542 qui
1421 3473 1514 3527 Dei
1585 3474 1838 3528 mandata
1896 3475 2250 3540 custodiunt,

691 3564 858 3618 semel
888 3565 1095 3633 experti
1127 3573 1254 3618 sunt
1297 3565 1590 3621 efﬁcaciam
1623 3566 1880 3635 Spiritus,
1908 3582 2028 3634 quae
2065 3567 2119 3620 in
2152 3582 2254 3620 no-

2352 3297 2461 3351 τῶν
2491 3297 2709 3365 ἀγαθῶν
2731 3297 2797 3365 ζη
2807 3294 2958 3366 μειού
2967 3311 3140 3365 μενοι.
3161 3292 3260 3345 Διά
3281 3292 3342 3344 τί
3369 3292 3427 3345 δὲ
3457 3291 3573 3343 ἀντὶ
3601 3287 3679 3340 τοῦ
3700 3287 3829 3340 εἰπεῖν.

2353 3390 2446 3462 Μὴ
2511 3389 2704 3460 ἀνέλῃς
2760 3387 2820 3441 τὸ
2887 3386 3121 3456 πνεῦμα,
3155 3383 3250 3451 Μὴ
3311 3380 3638 3446 ἀντανέλῃς
3681 3373 3830 3438 ἔταξενς

2369 3485 2698 3553 Ἐπειδὴπερ
2723 3479 2870 3545 ἅπαξ
2891 3480 2989 3550 τῆς
3022 3480 3080 3531 ἐν
3104 3478 3234 3547 ἡμῖν
3256 3475 3540 3547 ἐνεργείας
3565 3469 3648 3524 τοῦ
3663 3468 3831 3535 Πνεὺμι·
3930 3483 3931 3498 λ

2354 3592 2447 3636 τος
2470 3575 2662 3646 πεῖραν
2682 3570 2768 3625 διὸ.
2790 3570 2889 3639 τῆς
2913 3569 3007 3622 τοῦ
3024 3567 3195 3635 Ἀδὰμ
3211 3563 3524 3636 παρακοῆς,
3541 3565 3627 3614 καὶ
3647 3573 3827 3646 προεῖπε

691 3655 777 3710 bis
804 3665 919 3710 erat
959 3667 1084 3711 ante
1123 3657 1251 3711 Adae
1288 3657 1733 3740 inobedientiain,
1764 3659 1846 3712 vel
1881 3675 1979 3728 per
2018 3659 2246 3728 prophe-

2369 3667 2459 3736 πῆς
2502 3644 2742 3735 χάριτος.
2787 3659 2936 3732 ἢδιὰ
3002 3657 3314 3729 πρακτικῆς
3355 3652 3556 3724 ἀρετῆς
3580 3644 3817 3715 οῑιτοῦΘεοῦ

691 3747 854 3800 ticam
885 3748 1134 3816 gratiam,
1163 3747 1244 3802 vel
1288 3764 1382 3817 per
1409 3749 1664 3804 virtutem
1697 3764 1928 3804 morum.
1954 3749 2108 3806 Unde
2138 3765 2255 3804 me-

692 3838 796 3890 rito
827 3838 984 3908 petiit
1008 3837 1266 3908 Spiritum
1291 3858 1318 3894 a
1351 3856 1410 3896 se
1443 3841 1636 3896 iterum
1661 3858 1769 3897 non
1805 3843 2029 3910 auferri,
2056 3859 2126 3897 ne
2154 3843 2227 3897 ite

691 3943 813 3981 rum
845 3929 967 3998 ejus
993 3930 1258 3999 jacturam
1283 3933 1644 4002 experiretur.

767 4018 926 4072 Vens.
959 4019 1044 4073 15.
1081 4038 1099 4071 ‹
1142 4020 1356 4076 Docebo
1397 4023 1609 4092 iniquos
1647 4023 1763 4078 vias
1793 4031 1932 4080 tuas.
1969 4043 1988 4076 ι

761 4107 919 4163 Prius
947 4124 1163 4179 quoque
1187 4109 1448 4166 docuerat
1478 4111 1593 4167 vias
1629 4112 1864 4178 Domini,
1905 4115 1998 4169 sed
2029 4113 2257 4170 fortasse

692 4218 804 4256 non
826 4203 1086 4258 docuerat
1115 4203 1354 4273 iniquos,
1378 4219 1554 4275 neque
1577 4214 1864 4275 antequam
1893 4207 2252 4278 delinqueret,

2357 3759 2713 3829 φυλάττοντες
2765 3757 2862 3817 τὰς
2905 3751 3124 3815 ἐντολὰς
3156 3748 3434 3814 ἐδέξαντο.
3484 3747 3648 3814 Ὅπερ
3684 3739 3810 3829 statim;

2359 3826 2435 3922 μὴ
2461 3847 2914 3918 ἀνταναιρεθῆναι
2935 3841 3293 3914 προσηύχετο,
3327 3839 3472 3893 ὥστε
3521 3836 3591 3907 μὴ
3619 3826 3808 3886 “iam.

2359 3961 2458 4016 ραν
2487 3939 2653 3997 αὐτοῦ
2685 3938 2988 4008 ὑποστῆναι
3009 3933 3323 4005 ἀφαίρεσιν.

2430 4051 2452 4086 σ
2488 4031 2692 4097 Διδόιξω
2721 4029 2958 4099 ἀνόμους
2976 4025 3076 4090 τάς
3101 4022 3254 4086 όδούς
3288 4039 3410 4076 σου.
3455 4039 3473 4072 ι

2438 4125 2718 4179 Ἐδίδασκε
2767 4121 2865 4193 μὲν
2900 4118 2998 4182 τάς
3039 4117 3196 4178 ὁδοὺς
3220 4111 3318 4168 τοῦ
3349 4110 3488 4166 Θεοῦ
3517 4108 3606 4163 καὶ
3630 4103 3822 4198 πρότεροι

2357 4211 2473 4267 ἀλλ’
2521 4210 2646 4264 οὔτε
2695 4190 2824 4272 τοῦς
2872 4205 3107 4274 ἀνόμους
3146 4203 3296 4265 ἴσως,
3349 4197 3472 4253 οὐδὲ
3524 4190 3744 4266 προσευχῇ
3767 4190 3825 4252 τὴν

690 4294 993 4349 doctrinam
1049 4295 1106 4348 in
1162 4296 1480 4365 precatione
1527 4297 1660 4351 tanti
1717 4297 1968 4362 faciebat,
2004 4300 2098 4354 sed
2141 4308 2246 4352 tum

2369 4302 2704 4360 διδασκαλίαν
2728 4300 2835 4372 πρὸ
2861 4299 2958 4370 τῆς
2980 4294 3252 4366 ἁμαρτίας
3274 4291 3527 4346 τοσοῦτον
3549 4285 3732 4342 ἐτίθετο,
3753 4278 3827 4329 vita

693 4388 983 4458 praecipue,
1026 4403 1148 4442 cum
1181 4390 1235 4442 in
1265 4389 1471 4444 crimen
1514 4389 1767 4461 delapsus
1799 4392 2063 4461 resipuit,
2098 4400 2152 4448 et
2191 4393 2246 4447 ad

2369 4399 2413 4452 Βέ
2447 4397 2644 4470 μᾶλλον
2664 4395 2756 4463 ἀφ’
2787 4387 2955 4463 οὗπερ
2977 4384 3316 4460 ἡμαρτηκὼς
3345 4381 3664 4470 μετενόησεν.
3687 4372 3829 4468 Ὠσπξρ

692 4484 1063 4553 paenitentiam
1095 4486 1354 4540 accurrit.
1384 4485 1456 4541 Ut
1497 4487 1643 4541 enim
1667 4487 1733 4541 de
1765 4487 2022 4542 curandis
2055 4488 2246 4543 morbis

2369 4465 2468 4561 γὰρ
2507 4488 2714 4549 ἐκεῖνος
2750 4483 2928 4552 λέγειν
2963 4478 3093 4547 περὶ
3134 4474 3428 4545 θεραπείας
3479 4465 3832 4562 «terminarin-
3930 4479 3931 4484 η

691 4575 932 4646 loquenti
974 4577 1313 4646 potissimum
1356 4578 1616 4643 creditur,
1655 4579 1702 4633 si
1748 4595 1872 4634 cum
1917 4582 2246 4650 aegrotaveril

2369 4555 2518 4636 λιστα
2546 4583 2574 4633 ό
2599 4575 2904 4648 νενοσηκὼς
2935 4572 3117 4636 αὐτὸς,
3155 4569 3251 4622 καὶ
3283 4568 3481 4635 πεῖραν
3509 4558 3595 4650 τοῦ
3617 4555 3830 4650 capiti-ito?

691 4667 972 4722 medicina:
1012 4667 1315 4737 periculum
1346 4666 1537 4723 fecerit
1569 4686 1582 4722 :
1631 4667 1709 4722 sic
1745 4667 1837 4737 qui
1869 4683 1966 4737 per
1991 4666 2246 4738 poeniten-

2369 4673 2676 4739 δεξάμενος·
2707 4667 2848 4722 οὕτω
2873 4665 2967 4720 καὶ
2993 4665 3041 4716 οἱ
3072 4663 3138 4732 τῇ
3184 4657 3445 4748 μετανοίᾳ
3466 4649 3712 4748 σωθέντεςῖ

692 4761 820 4814 tiam
846 4760 1021 4814 sanati
1060 4767 1210 4824 sunt,
1242 4760 1624 4830 peccatoribus
1655 4759 1778 4813 aliis
1801 4758 2174 4814 conversionis
2203 4766 2246 4812 el

2369 4724 2674 4826 soil—knoth
2697 4755 3040 4828 ἁμαρτωλοῖς
3061 4724 3400 4820 ἐπιστροφῆς
3418 4724 3514 4799 καὶ
3538 4724 3830 4832 σωτηρίας

691 4850 880 4904 salutis
907 4851 1071 4919 janua
1104 4821 1496 4916 inveniuntur;
1527 4849 1598 4903 ita
1638 4857 1696 4902 ut
1728 4847 1930 4902 Paulus
1966 4862 2089 4900 cum
2118 4846 2246 4900 fidu-

2369 4821 2666 4921 ρίσκονται,
2688 4821 2831 4900 ὥστε
2858 4844 2947 4898 τὸν
2979 4840 3195 4895 Παῦλον
3228 4837 3368 4908 μετὰ
3402 4827 3684 4921 παρρησία-ς
3714 4821 3826 4921 βοᾷνί

691 4943 774 4997 cia
818 4941 1122 4997 clamaret:
1157 4941 1390 4998 Christus
1437 4941 1587 4995 Iesus
1614 4941 1753 4995 venit
1797 4941 1853 4994 in
1882 4940 2154 5000 mundum,
2201 4955 2246 4991 ut

2369 4913 2618 5008 Χριστὸς
2668 4933 2906 5002 Ἰησοῦς
2934 4928 3124 5001 ἦλθεν
3155 4930 3243 4992 εἰς
3274 4924 3383 4978 τὸν
3413 4922 3626 4990 κόσμον
3640 4913 3827 5008 ἀμαρτως

693 5045 987 5102 peccatores
1011 5034 1182 5088 salvos
1212 5035 1428 5104 faceret,
1451 5050 1671 5105 quorum
1702 5035 1902 5103 primus
1931 5049 2023 5104 ego
2050 5049 2166 5086 sum
2190 5033 2246 5084 ".

2369 5003 2516 5098 λοὺς
2546 5003 2762 5093 σῶσαι,
2791 5021 2879 5081 ὧν·
2896 5022 3125 5092 πρῶτός
3149 5022 3266 5089 ειμι
3456 5014 3516 5106 Eii
3542 5003 3829 5106 ἀπιστεῖτε-ίῳ

694 5098 750 5180 Si
783 5127 1172 5196 praedicationi,
1211 5098 1411 5196 inquit,
1449 5098 1610 5181 fidem
1643 5098 1750 5181 non
1785 5098 1998 5181 habetis
2028 5126 2246 5181 salutem

2369 5125 2703 5195 κηρύγματι,
2727 5118 2912 5188 φησιν,
2937 5109 3276 5185 ἁμαρτωλῶν
3299 5103 3556 5203 σωτηρίαν
3573 5098 3825 5203 inpuris?

692 5227 1040 5288 peccatorum
1071 5219 1419 5274 annuntianti
1445 5261 1460 5283 ,
1491 5235 1522 5273 a
1554 5234 1642 5272 me
1673 5219 2002 5288 praedicante
2044 5218 2246 5272 discite.

2369 5188 2461 5274 an?
2498 5188 2633 5285 ἐμοῦ
2680 5211 2774 5264 τοῦ
2815 5207 3174 5280 κηρύττοντος
3211 5200 3433 5272 μάθετε,
3471 5196 3545 5248 ὅτι
3583 5188 3765 5250 διώκτης
3777 5188 3825 5224 ων

691 5310 784 5381 qui
825 5326 947 5365 cum
991 5322 1310 5382 persecutor
1337 5327 1514 5368 essem
1543 5351 1558 5375 ,
1589 5310 1866 5381 Evangelii
1907 5309 2246 5365 ministeriun

2369 5307 2692 5376 ἐπιστεύθην
2719 5299 3053 5370 Εὐαγγελίου
3080 5293 3332 5366 γενέσθαι
3351 5289 3600 5347 διάκονος.

653 5411 658 5415 ’
693 5403 827 5458 mihi
857 5405 1232 5459 concreditum
1261 5413 1367 5460 est.

763 5495 925 5550 Vens.
959 5496 1044 5550 l7.
1089 5516 1107 5549 ι
1140 5496 1387 5562 Domine,
1422 5495 1567 5550 labia
1598 5509 1714 5549 mea
1741 5495 1972 5565 aperies.
2012 5512 2030 5545 ι

761 5587 954 5644 Viden‘
1018 5591 1159 5645 labia
1211 5588 1432 5644 Davidis
1479 5597 1703 5659 propter
1749 5596 2032 5657 peccatum
2084 5585 2268 5640 clausa

692 5681 880 5746 fuisse,
915 5682 1010 5736 sed
1044 5683 1242 5737 iterum
1265 5697 1364 5752 per
1393 5680 1776 5752 pmnitentiam
1817 5680 2043 5742 recludi,
2083 5685 2136 5733 et
2165 5677 2258 5732 Dei

2443 5508 2462 5540 ι
2495 5487 2690 5558 Κύριε,
2719 5485 2788 5539 τά
2825 5482 2977 5554 χείλη
3013 5499 3114 5552 μου
3143 5477 3391 5542 ἀνοίξεις.
3431 5491 3449 5524 ι

2451 5537 3114 5652 κεκλεισμένα
3139 5569 3232 5624 τοῦ
3257 5537 3418 5622 Ᾱαδὶδ
3439 5562 3504 5616 τὰ
3528 5554 3655 5652 χείλη
3677 5537 3825 5652 όιᾶἓν

2374 5632 2647 5747 ἁμαρτίαν
2671 5632 2990 5742 ἐτύγχανενξ
3006 5665 3142 5722 ἀλλά
3164 5663 3326 5718 πάλιν
3343 5662 3407 5733 τῇ
3434 5647 3660 5729 μετανοίᾳ
3677 5632 3824 5698 ἀνοίτε·

770 5880 814 5908 ³ο
842 5876 982 5930 Psal.
1005 5891 1165 5940 cxut,
1190 5876 1278 5931 10.
1352 5878 1394 5910 ¹¹
1427 5875 1570 5931 Tim.
1609 5891 1647 5940 ι,
1685 5875 1770 5930 l5-

3737 4637 3830 4704 θύρα
3930 4675 3931 4696 γ
