4032 6418
194 375 357 475 ,1205

1285 396 1746 457 FRAGMENTA
1787 397 1870 458 IN
1910 400 2266 464 PSALMOS.

3313 412 3340 474 .1
3350 412 3453 474 206

212 510 327 557 ται,
352 495 445 548 καὶ
473 496 566 550 τοῦ
593 498 728 552 Θεοῦ
769 500 1071 573 διηγεῖσθαι
1112 505 1209 574 τὴν
1239 507 1465 561 αίνεσιν.
1522 510 1781 579 Ἀρχεται

1888 511 2077 568 laudes
2106 516 2346 586 aggredi.
2377 515 2667 572 Exorditur
2696 527 2877 573 autem
2903 519 3093 576 laudes
3126 521 3219 578 Dei
3258 540 3289 578 a
3318 540 3454 579 con-

139 647 147 652 ν
214 586 272 638 δὲ
299 586 591 655 κεφάλαιον
608 592 713 644 τῶν
732 592 916 663 ὕμνων
940 595 1032 648 τοῦ
1058 597 1385 667 ἀμαοτωλοῦ
1412 600 1510 671 τὴν
1530 602 1784 673 ἐπιστρο-

214 677 327 749 φὴν
355 678 571 749 ἔχουσα.

291 769 400 841 Τὴν
418 776 918 847 ταπεινοφροσύνην
942 778 1132 832 θυσίαν
1158 782 1396 852 ἀρεστὴν
1414 784 1489 855 τῷ
1503 785 1622 856 Θεῷ
1645 782 1786 839 εἶναι

211 860 279 914 τὸ
314 863 537 934 Πνεῦμα
570 867 842 921 ἐκτίθεται
872 886 883 898 ·
918 871 1205 940 Μακάριοι
1236 874 1342 943 γὰρ
1366 880 1421 929 οἱ
1452 877 1675 946 πτωχοί
1709 877 1787 943 τῷ

215 953 527 1021 πνεύματι,
583 955 670 1009 ὅτι
703 959 902 1012 αὐτῶν
928 961 1099 1015 ἐστιν
1139 964 1177 1029 ἡ
1217 965 1508 1028 βασιλεία
1535 966 1654 1021 τῶν
1682 971 1788 1023 οὺ-

207 1043 440 1111 ρανῶνυ
469 1047 589 1109 Πῶς
612 1049 667 1101 δὲ
696 1051 853 1120 ἡμῶν
886 1052 945 1104 τὸ
976 1054 1192 1124 πνεῦμα
1227 1058 1317 1109 ἐπὶ
1344 1057 1420 1127 τῷ
1446 1062 1787 1133 ταπεινωθῆ-

215 1154 305 1190 ναι
342 1140 698 1211 συντρίϐομεν
728 1160 746 1210 ;
777 1145 947 1198 Ὅταν
1001 1147 1165 1200 καλὸν
1205 1150 1305 1219 μὲν
1344 1150 1670 1219 πράξαντες,
1712 1153 1786 1225 μὴ

216 1230 567 1302 ἐπαρθῶμεν,
611 1233 830 1307 διηνεκῆ
867 1237 924 1291 δὲ
956 1242 1174 1311 μνήμην
1210 1241 1319 1293 τῶν
1369 1243 1786 1315 ἁμαρτημάτων

214 1316 326 1370 τῶν
354 1320 635 1391 ἡμετέρων
661 1324 879 1394 ἔχομεν.

293 1410 552 1465 Εύδοκίαν
600 1413 656 1466 δὲ
704 1417 802 1486 τὴν
835 1417 928 1471 τοῦ
983 1421 1325 1489 Μονογενοῦς
1384 1428 1786 1497 προσαγορεύει

218 1501 513 1572 σάρκωσιν.
547 1506 716 1576 Δῆλον
757 1508 813 1563 δὲ
843 1510 935 1580 ἀφ’
959 1506 1033 1567 ὧν
1076 1515 1287 1580 Παῦλος
1330 1518 1465 1589 πρὸς
1504 1520 1786 1590 Ἐφεσίους

213 1596 424 1670 ἔγραφε
450 1618 463 1631 ·
497 1604 627 1671 φησὶ
650 1604 705 1657 δὲ
733 1604 904 1671 οὕτως
926 1624 939 1638 '
966 1611 1281 1678 Γνωρίσας
1306 1614 1450 1682 ἡμῖν
1471 1615 1536 1668 τὸ
1551 1617 1787 1685 μυστή-

204 1705 345 1756 ριον
373 1690 477 1745 τοῦ
507 1693 838 1763 θελήματος
865 1700 1052 1753 αὑτοῦ
1086 1703 1183 1754 καὶ
1216 1701 1332 1771 τὴν
1360 1704 1642 1759 εὐδοκίαν·
1676 1712 1785 1764 αὐ-

210 1780 320 1834 τοῦ
384 1781 465 1850 ἧν
512 1785 797 1852 προέθετο
845 1790 915 1843 ἐν
961 1792 1121 1859 αὐτῷ
1160 1798 1245 1860 εἰς
1295 1798 1644 1868 οἰκονομίαν
1675 1802 1783 1856 τοῦ

209 1875 607 1945 πληρώματος
634 1878 752 1933 τῶν
774 1882 1013 1951 καιρῶν.
1055 1886 1141 1939 Ἐν
1170 1887 1342 1961 ταύτῃ
1367 1892 1548 1945 τοίνυν
1576 1895 1608 1962 ἡ
1643 1895 1781 1949 Σιὼν

208 1965 565 2034 ἀγαθύνεται,
604 1970 693 2025 διὰ
729 1971 786 2026 τὸ
814 1974 1161 2031 ὲπιτελεσθὲν
1206 1980 1341 2052 αὐτῇ
1369 1984 1462 2036 τοῦ
1496 1984 1637 2038 θείου
1672 1986 1781 2040 δεί-

208 2074 347 2110 πνου
398 2064 696 2131 μυστήριον
742 2063 909 2135 ἕτερά
946 2084 1007 2120 τε
1035 2069 1207 2124 πολλὰ
1227 2072 1295 2125 τὰ
1335 2075 1464 2145 παρ’
1507 2077 1644 2147 αὐτῇ
1683 2095 1781 2131 πε·-

208 2151 500 2220 πραγμένα
525 2154 619 2206 καὶ
644 2155 974 2224 προελθόντα
1007 2158 1284 2231 θαύματα.

773 2336 1068 2393 ΨΑΛΜΟΣ
1115 2340 1247 2395 NA'.

291 2442 307 2474 ι
342 2423 405 2475 Τί
430 2423 675 2497 ὲγκαυχᾷ
701 2427 759 2479 ὲν
781 2430 989 2500 κακίας
1037 2450 1053 2482 ι

289 2516 659 2586 Θαυμάζοντος
693 2520 786 2573 καὶ
814 2521 1169 2593 ἀποροῦντος,
1197 2524 1273 2589 ὡς
1310 2525 1575 2590 είκὸς,ντὺΔ
1595 2526 1780 2599 προοί-

220 2624 339 2677 μιον
363 2624 376 2636 ο
400 2608 480 2661 ὅτι
506 2610 761 2665 τοσοῦτόν
782 2631 925 2679 τινες
951 2618 1031 2680 είς
1053 2619 1254 2673 κακίαν
1277 2620 1607 2692 προέκοψαν,
1638 2621 1777 2676 ὥστε

214 2700 300 2766 ἐφ’
339 2694 421 2764 οἷς
467 2701 545 2755 δεῖ
598 2705 837 2769 πενθεῖν,
880 2708 972 2761 ἐπὶ
1011 2710 1221 2775 τούτοις
1253 2713 1582 2783 καυχῶνται.
1634 2714 1778 2786 Πλὴν

204 2792 291 2845 ὅτι
322 2794 410 2846 τὸν
437 2796 535 2866 μὲν
559 2797 717 2870 Δωὴκ
749 2801 782 2871 ἡ
809 2801 1014 2872 ἱστορία
1047 2804 1325 2874 περιέχει,
1370 2806 1572 2861 Ἰούδαν
1600 2807 1657 2861 δὲ
1686 2808 1778 2862 τὸν

202 2887 479 2959 προδότην
528 2892 824 2947 αἰνίττεται
866 2895 895 2947 ό
939 2895 1268 2967 Ψαλμῳδὸς,
1316 2898 1687 2954 δυνατὸνλίαν
1721 2902 1778 2953 ὲν

201 2976 377 3049 κακίᾳ
409 2980 698 3051 γενόμενον
724 3023 738 3047 ,
767 2983 908 3038 ὥστε
936 2986 1026 3039 τὸν
1073 2988 1370 3060 εὐεργέτην
1414 2990 1508 3043 καὶ
1550 2992 1775 3062 τροφέα,

202 3072 299 3124 καὶ
328 3070 647 3128 διδάσκαλον
689 3078 1002 3148 προδοῦναι,
1053 3081 1148 3133 καὶ
1192 3082 1324 3151 μηδὲ
1358 3083 1483 3146 τοὺς
1535 3088 1778 3155 συνεχεῖς

202 3163 485 3236 ἐλέγχους,
519 3166 654 3239 μηδὲ
678 3168 777 3233 τὰς
801 3173 1151 3241 παραινέσεις
1174 3172 1548 3244 αἰσχύνεσθαι.

286 3368 303 3400 ι
349 3348 603 3421 Ἀνομίαν
635 3353 762 3423 ὃλην
787 3353 886 3425 τὴν
906 3354 1138 3428 ἡμέραν.
1175 3374 1197 3410 t

291 3442 482 3497 Ἦνίκα
509 3448 621 3508 τοῖς
648 3447 961 3517 Φαρισαίοις
981 3448 1010 3501 ὁ
1050 3448 1251 3513 Ἰούδας
1282 3449 1454 3520 ἔλεγε·
1488 3450 1780 3506 Τίνθέλετέ

200 3553 305 3604 μοι
345 3535 573 3600 δοῦναι,
637 3537 799 3609 κάγὼ
837 3539 983 3609 ὑμῖν
1036 3542 1370 3611 παραδώσω
1435 3545 1624 3597 αὐτόν
1656 3561 1676 3609 ;
1717 3547 1781 3598 Ol

201 3627 277 3680 δὲ
296 3628 571 3696 ἔστησαν
598 3629 759 3696 αὐτῷ
789 3632 832 3684 λ’
851 3633 1117 3704 ἀργύρια,
1153 3635 1252 3689 καὶ
1276 3636 1396 3690 ἀπὸ
1430 3638 1563 3691 τότε
1595 3634 1781 3703 ἐζήτει

202 3722 550 3789 εὐκαιρίαν,
600 3724 701 3779 ἵνα
745 3725 935 3780 αὐτὸν
985 3728 1249 3796 παραδῷ.
1300 3731 1461 3782 Ὥστε
1506 3731 1634 3801 ὃλην
1678 3732 1779 3803 τὴν

202 3813 424 3884 ⁴ἡμέραν
462 3815 701 3885 μελετῶν
740 3818 838 3890 τὴν
879 3819 1165 3891 ἁμαρτίαν.
1183 3823 1281 3892 τῆς
1310 3822 1600 3891 προδοσίας
1630 3822 1781 3894 ἔμει-

204 3923 344 3971 νεν,
404 3908 595 3980 μέχρις
647 3909 683 3980 ἡ
734 3908 832 3975 νὺξ
892 3910 1136 3983 ἐπέστη,
1189 3912 1311 3967 καθ’
1364 3912 1429 3984 ἢν
1477 3913 1537 3965 τὸ
1597 3913 1779 3985 δράμα

203 3997 435 4070 ἔπραξε.

287 4112 305 4143 ι
355 4092 592 4147 Ἀδικίαν
622 4091 903 4162 ἐλογίσατο
927 4095 961 4164 ἡ
988 4091 1210 4161 γλῶσσά
1231 4112 1347 4149 σου.
1381 4113 1399 4147 ι

280 4187 355 4240 Τὸ
370 4186 425 4241 δὲ
446 4188 588 4241 ὡσεὶ
606 4186 813 4256 ξυρὸν,
829 4188 1106 4242 τουτέστιν
1127 4187 1467 4258 ἀναισθήτως
1491 4188 1776 4258 τέμνοντα.

204 4278 275 4332 Τί
303 4277 410 4349 γὰρ
435 4279 644 4333 ἐκείνου
674 4278 766 4333 τοῦ
790 4279 940 4334 δόλου
962 4279 1236 4351 ὀξύτερον,
1258 4280 1317 4334 ὃν
1346 4283 1411 4352 τῇ
1440 4279 1661 4354 γλώσσῃ
1681 4284 1781 4352 τῆς

204 4372 499 4443 προδοσίας
532 4372 670 4443 πρὸς
705 4374 832 4436 τοὺς
883 4373 1245 4438 συλλαϐόντας
1274 4374 1366 4427 τὸν
1412 4374 1619 4444 Ἰησοῦν
1652 4392 1779 4429 συν-

1886 606 2140 661 versione
2172 610 2492 677 peccatoris.

1959 785 2124 840 Docet
2161 786 2251 842 hic
2287 788 2521 858 Spiritus
2561 800 2784 845 sanctus
2823 790 3180 845 humilitatem
3217 806 3335 846 esse
3371 806 3457 846 sa-

1888 876 2151 932 criﬁcium
2194 879 2306 932 Deo
2342 880 2599 949 placitum
2628 898 2642 935 :
2676 881 2829 935 Beati
2883 881 3027 936 enim
3072 898 3326 951 pauperes
3350 882 3455 943 spi-

1888 971 2014 1032 ritu,
2065 970 2313 1039 quoniam
2365 972 2598 1041 ipsorum
2624 982 2697 1026 est
2729 990 2943 1044 regnum
2976 970 3223 1026 cwlorum
3253 975 3319 1025 ”.
3348 972 3453 1028 Sed

1886 1074 2123 1130 quonam
2166 1062 2327 1116 modo
2365 1064 2616 1132 spiritum
2656 1072 2908 1119 nostrum
2953 1080 3053 1134 per
3094 1063 3452 1118 humilitatem

1887 1154 2261 1207 conterimus?
2281 1153 2423 1209 Sane
2456 1171 2576 1209 cum
2618 1165 2764 1211 recte
2793 1156 2950 1211 lactis
2980 1172 3089 1209 non
3116 1156 3449 1212 extollimur.

1887 1246 1982 1300 sed
2028 1253 2346 1316 perpetuam
2395 1248 2716 1304 delictorum
2763 1258 3079 1305 nostrorum
3126 1248 3453 1303 memoriam

1891 1338 2207 1393 retinemus.

1958 1429 2160 1484 Bonam
2220 1432 2552 1487 voluntatem
2601 1448 2699 1488 seu
2762 1433 3165 1504 beneplacitum
3217 1431 3454 1503 appellat

1887 1521 2162 1594 Unigeniti
2184 1523 2632 1590 incarnationem,
2660 1527 2764 1581 hoc
2783 1537 2967 1581 autem
2988 1525 3340 1580 manifestum
3368 1530 3453 1576 est

1886 1624 1954 1665 ex
1999 1611 2067 1665 iis
2114 1628 2233 1681 quae
2281 1613 2468 1667 scribit
2510 1613 2705 1669 Paulus
2732 1614 2801 1670 ad
2844 1614 3149 1685 Ephesios;
3186 1614 3264 1667 sic
3306 1612 3450 1665 enim

1886 1702 2001 1757 ait:
2039 1703 2099 1759 Ut
2131 1713 2309 1757 notum
2345 1707 2537 1776 faceret
2568 1706 2710 1760 nobis
2740 1718 3126 1760 sacramentum
3166 1705 3451 1759 voluntatis

1886 1809 1996 1849 sum
2020 1796 2302 1849 secundum
2330 1796 2704 1865 beneplacitum
2748 1799 2880 1866 ejus,
2916 1800 3052 1868 quod
3097 1798 3376 1867 proposuit:
3398 1797 3453 1848 iu

1882 1900 1941 1938 eo
1977 1885 2033 1938 in
2069 1886 2509 1955 dispensationem
2550 1886 2889 1956 plenitudinis
2916 1896 3209 1954 temporum
3234 1888 3299 1941 ’³.
3342 1885 3451 1938 Hac

1882 1992 2011 2047 ergo
2067 1977 2210 2032 bona
2275 1979 2555 2034 voluntate
2617 1976 2752 2034 Sion
2784 1979 3067 2035 beneﬁciis
3110 1979 3447 2042 cumulatur,

1880 2075 1997 2123 tum
2024 2078 2244 2139 propter
2283 2071 2598 2140 mysterium
2645 2070 2843 2126 divina:
2876 2086 3046 2127 omne:
3073 2071 3215 2141 quod
3245 2071 3298 2123 in
3334 2070 3449 2139 ipsa

1881 2167 2161 2228 paractum
2186 2167 2289 2227 est,
2323 2171 2437 2215 tum
2464 2169 2687 2234 propter
2711 2160 2973 2215 miracula
2998 2176 3117 2231 qua:
3137 2160 3191 2213 in
3219 2174 3291 2215 ea
3306 2159 3451 2213 edita

1882 2259 2032 2305 sunt.

2442 2340 2763 2398 PSALMUS
2790 2340 2880 2396 LI.

1954 2436 2114 2492 Vsus.
2144 2436 2197 2490 5.
2246 2454 2265 2486 ι
2300 2434 2442 2502 Quid
2471 2434 2720 2507 gloriaris
2745 2434 2800 2488 in
2825 2433 3072 2487 malitia?
3110 2451 3126 2483 ι

1949 2526 2063 2582 lloc
2092 2527 2418 2596 prooemium
2459 2534 2542 2581 est
2570 2527 2722 2596 quasi
2751 2525 3068 2580 admirantis
3099 2532 3154 2579 et
3186 2524 3451 2593 obstupe~

1878 2619 2116 2683 scentis;
2150 2619 2294 2688 quod
2318 2618 2577 2673 nimirum
2608 2618 2769 2688 aliqui
2805 2617 2873 2672 ad
2896 2627 3102 2671 tantam
3132 2615 3453 2671 devenerint

1878 2710 2173 2774 malitiam,
2225 2718 2285 2763 ut
2331 2710 2382 2763 in
2416 2709 2483 2764 iis
2537 2710 2867 2781 glorientur,
2917 2710 2984 2763 de
3026 2708 3225 2777 quibus
3265 2707 3449 2776 lugere

1877 2812 2211 2873 oportuerat.
2265 2802 2534 2857 Czeterum
2571 2803 2798 2857 historia
2831 2801 3052 2871 quidem
3102 2802 3245 2854 Doec
3272 2799 3450 2854 contie-

1877 2905 1990 2959 net,
2042 2896 2138 2951 sed
2181 2894 2463 2950 Psalmista
2509 2893 2701 2949 Juilam
2738 2894 3070 2966 proditorem
3107 2892 3353 2947 insinuat
3395 2892 3451 2945 in

1878 2986 2082 3041 malitia
2120 2995 2398 3057 potentem
2430 2986 2688 3051 evasisse,
2713 3001 2780 3040 eo
2811 3001 3004 3055 usque,
3043 2994 3105 3040 ut
3131 2983 3452 3039 benefacto-

1879 3094 1991 3131 rem
2011 3120 2026 3143 ,
2054 3087 2107 3132 et
2153 3077 2499 3132 educatorem
2528 3117 2543 3145 ,
2574 3085 2628 3131 et
2674 3076 2996 3148 magistrum
3040 3076 3320 3145 proderet,
3354 3089 3453 3128 ne-

1805 3198 1848 3254 c
1880 3186 1986 3240 que
2040 3169 2283 3224 assiduas
2330 3169 2766 3239 increpationes,
2820 3184 2999 3239 neque
3051 3167 3452 3224 admonitiones

1885 3271 2248 3317 revereretur.

1959 3357 2118 3411 Vens.
2150 3358 2204 3412 4.
2247 3375 2265 3407 ι
2296 3355 2637 3425 lniquitatem
2670 3362 2781 3408 tota
2816 3353 2924 3409 die.
2970 3372 2988 3404 ι

1950 3446 2179 3514 Quando
2224 3446 2390 3501 Judas
2434 3445 2877 3500 dixitPharisaais
2915 3462 2927 3499 ε
2961 3444 3097 3510 Quid
3126 3444 3286 3513 vultis
3324 3442 3451 3495 mihi

1881 3540 2028 3602 dare,
2057 3549 2104 3593 et
2129 3555 2220 3610 ego
2245 3537 2386 3591 vobis
2409 3554 2525 3591 eum
2548 3538 2797 3591 tradam?
2817 3537 2882 3591 At
2909 3537 2989 3590 illi
3007 3538 3382 3591 constituerunt
3406 3536 3454 3588 ei

1883 3634 2098 3704 triginta
2117 3640 2408 3702 argenteos.
2426 3630 2493 3684 Et
2519 3631 2705 3685 exinde
2735 3632 2997 3701 quaerebat
3013 3631 3454 3702 opportunitatem

1881 3735 1937 3779 ut
1960 3740 2076 3777 eum
2100 3724 2326 3777 traderet
2364 3722 2447 3776 ἰε
2477 3722 2656 3791 itaque
2692 3732 2802 3777 tota
2822 3722 2912 3777 die
2951 3722 3294 3778 meditationi
3323 3735 3451 3791 pro-

1881 3819 2101 3874 ditionis
2144 3818 2558 3883 immorabatur,
2602 3817 2776 3872 donec
2806 3835 2917 3873 nox
2970 3818 3219 3883 instaret,
3266 3816 3320 3870 in
3346 3831 3450 3885 qua

1880 3912 2091 3968 facinus
2120 3912 2225 3967 hoc
2247 3910 2501 3981 patravit.

1957 4109 1975 4137 ι
2001 4085 2322 4156 lnjustitiam
2355 4084 2609 4156 cogitavit
2642 4085 2825 4157 lingua
2850 4096 2967 4143 tua.
2997 4107 3018 4141 ι

1952 4178 2086 4232 Illud
2119 4193 2248 4232 vero
2275 4177 2407 4230 sicut
2432 4178 2708 4243 novacula,
2738 4180 2792 4233 id
2813 4189 2915 4243 cst,
2949 4179 3341 4235 insensibiliter
3369 4196 3455 4235 se-

1882 4287 2033 4328 cans.
2080 4270 2223 4336 Quid
2269 4269 2415 4324 enim
2462 4271 2679 4325 acutius
2729 4272 2834 4326 isto
2880 4271 3027 4335 dolo,
3073 4288 3235 4342 quem
3273 4273 3453 4342 lingua

1880 4363 2181 4433 proditoria
2203 4361 2507 4431 composuit
2531 4360 2599 4415 ad
2626 4360 2746 4416 illos
2766 4362 2858 4433 qui
2882 4362 3067 4418 Jesum
3091 4364 3454 4433 comprehena-

206 4464 386 4518 ἐθετο’
427 4467 537 4518 ὀν
558 4463 637 4522 ἂν
662 4465 925 4535 φιλήσω,
940 4468 1122 4533 αὐτός
1140 4469 1292 4533 ἐστι,
1308 4467 1649 4537 κρατήσατε
1669 4470 1779 4523 αὐ-

1882 4459 2081 4514 derunt
2111 4476 2124 4512 :
2155 4455 2522 4526 Quemcunque
2547 4456 2823 4511 osculatus
2840 4459 3008 4528 fuero,
3036 4458 3144 4527 ipse
3168 4467 3458 4522 est,tenete

204 4558 336 4621 τόν;

282 4667 302 4700 ι
358 4650 679 4721 Ἠγὰπησας
717 4650 918 4705 κακίαν
940 4650 1081 4722 ὑπὲρ
1108 4651 1489 4722 ἀγαθωσύνην.
1528 4673 1547 4705 ι

276 4823 463 4877 Κακία
491 4824 518 4876 ὁ
546 4824 789 4889 διάϐολος
813 4867 826 4891 ,
857 4823 935 4889 ὡς
971 4824 1116 4879 κακά
1147 4826 1325 4879 πάντα
1362 4826 1467 4881 καὶ
1488 4830 1623 4883 πᾶσι
1652 4829 1778 4899 βου·

199 4915 452 4981 λόμενος.
510 4916 861 4988 Ἀγαθωσύνη
917 4918 973 4971 δὲ
1021 4918 1049 4971 ὁ
1098 4920 1357 4989 Χριστὸς,
1389 4920 1537 4975 Geo-3.
1586 4922 1694 4993 γὰρ
1745 4923 1778 4993 ἡ

199 5005 481 5075 ἀγαθότης
521 5009 662 5063 κατὰ
715 5008 899 5078 φύσιν.
931 5010 1091 5063 Ἴδιον
1125 5012 1282 5078 ἀφεὶς
1317 5012 1498 5066 τοίνυν
1525 5013 1615 5065 τὸν
1643 5014 1780 5086 Χρι-⁹

201 5099 332 5152 στὸν
382 5099 411 5150 ὁ
454 5101 675 5166 Ἰούδας,
726 5102 817 5155 τὸν
856 5104 1099 5156 Σατανᾶν
1147 5104 1433 5175 ἠγάπησεν
1460 5122 1473 5137 ο
1519 5106 1654 5161 ἀλλά
1687 5110 1783 5162 καὶ

201 5189 421 5245 ἀδικίαν
458 5191 601 5263 ὑπὲρ
646 5192 708 5245 τὸ
735 5192 969 5263 λαλῆσαι
995 5194 1347 5266 δικαιοσύνην
1388 5196 1590 5252 εἵλατο.
1630 5198 1778 5263 Ἐξὸν

205 5284 315 5352 γὰρ
368 5283 516 5354 αύτῷ
561 5284 659 5354 τὴν
687 5284 855 5347 ὅντως
888 5285 1236 5359 δικαιοσύνην
1266 5287 1469 5354 λαϐεῖν,
1513 5290 1608 5342 καὶ
1638 5290 1779 5359 μετά

204 5376 317 5429 τῶν
343 5375 547 5428 λοιπῶν
570 5377 884 5430 ἀποστόλων
915 5377 1203 5449 κηρύττειν
1235 5378 1296 5431 τὸ
1312 5380 1664 5449 Εύαγγέλιον·
1700 5383 1780 5445 εἰς

202 5469 310 5539 τὴν
341 5468 556 5523 ἀδικίαν
583 5468 639 5522 δὲ
672 5469 863 5522 ἑαυτὸν
885 5469 983 5540 τῆς
1008 5472 1300 5541 προδοσίας
1337 5471 1580 5527 ἐνέϐαλε.
1613 5472 1686 5524 Τὸ
1721 5472 1779 5525 δὲ

204 5558 342 5611 αὐτὸ
386 5559 585 5628 πάσχει
624 5558 731 5622 πᾶς
764 5558 909 5620 ὅστις
948 5558 1250 5630 κατηγορίᾳ
1292 5559 1500 5630 χαίρει,
1546 5559 1640 5612 καὶ
1674 5557 1782 5610 λοι-

203 5652 357 5723 δορεί
386 5651 477 5705 τὸν
532 5651 782 5720 ἀδελφὺν,
830 5649 1089 5721 ἡδύτερον
1112 5651 1210 5722 τὴν
1249 5650 1485 5716 ἀδικίαν,
1530 5649 1777 5702 τουτέστι

1811 4535 1861 4592 ι)
1887 4568 2003 4605 eum
2035 4552 2103 4607 ’⁸.

1956 4644 2120 4698 τέκε.
2165 4644 2234 4698 5.,
2269 4662 2288 4696 ι
2336 4644 2580 4700 Dilexisti
2625 4642 3095 4710 malitiamisuper
3146 4638 3456 4709 benignita-

1887 4743 2017 4790 tem.
2058 4754 2076 4787 ι

1954 4825 2158 4880 Malitia
2185 4834 2279 4881 est.
2298 4825 2567 4891 diabolus,
2596 4833 2783 4896 utpote
2808 4826 2899 4895 qui
2922 4825 3106 4880 omnia
3134 4824 3271 4878 mala
3294 4832 3459 4892 atque

1884 4917 2142 4971 omnibus
2189 4916 2339 4971 velit.
2384 4916 2703 4988 Benignitas
2732 4932 2864 4972 vero
2902 4917 3151 4972 Christus
3184 4923 3288 4982 est,
3317 4931 3460 4985 quo-

1884 5007 2030 5062 niam
2072 5017 2265 5063 natura
2313 5024 2408 5063 sua
2458 5008 2551 5063 Dei
2596 5008 2809 5064 bonitas
2852 5008 3086 5063 exsistit.
3126 5006 3238 5062 Suo
3297 5007 3461 5077 igitur

1881 5099 2102 5155 Christo
2156 5101 2440 5164 derelicto,
2480 5098 2651 5153 ludas
2687 5097 2943 5155 Satanam
2984 5099 3200 5161 dilexit;
3240 5099 3373 5169 quin
3405 5108 3460 5155 et

1881 5192 2223 5263 iniquitatem
2274 5193 2464 5263 magis,
2498 5209 2661 5263 quam
2704 5193 2851 5262 loqui
2908 5194 3220 5258 aequitatem
3275 5193 3457 5262 elegit.

1880 5282 2102 5339 Poterat
2129 5284 2275 5338 enim
2300 5300 2429 5340 vere
2454 5285 2720 5354 justitiam
2753 5284 3015 5354 recipere,
3053 5293 3108 5338 et
3143 5300 3267 5337 cum
3294 5292 3461 5339 caete-

1885 5376 1962 5429 ris
1994 5375 2253 5445 apostolis
2300 5376 2652 5447 Evangelium
2702 5377 3036 5446 pradicare;
3081 5384 3457 5430 verumtamen

1884 5467 1952 5522 ad
1981 5467 2306 5537 proditionis
2350 5467 2693 5537 iniquitatem
2732 5476 2905 5522 semet
2946 5467 3063 5536 ipse
3091 5465 3307 5534 deiecit.
3347 5465 3461 5519 lloc

1882 5558 2060 5626 ipsum
2108 5559 2366 5613 usuvcnit
2419 5558 2581 5613 omni.
2611 5559 2705 5628 qui
2746 5557 3094 5613 accusatione
3159 5555 3375 5626 gaudet,
3407 5564 3461 5609 et

1883 5652 2243 5705 calumniatur
2274 5650 2424 5705 fratri
2458 5669 2578 5717 suo,
2611 5669 2733 5708 cum
2764 5651 3043 5706 lubentius
3075 5649 3416 5718 iniquitatem
3442 5691 3457 5713 ,

278 5834 325 5863 "
348 5832 536 5887 Matth.
563 5850 616 5898 v,
643 5831 694 5885 '5.
774 5831 817 5864 ³³
846 5827 1048 5899 Ephes.
1083 5845 1121 5893 ι,
1153 5828 1205 5883 9.
1280 5828 1326 5860 “
1355 5826 1543 5882 Matth.
1577 5828 1771 5891 xxw,l

1880 5829 1953 5882 I6.
2032 5828 2075 5860 ³⁸
2117 5826 2305 5882 Matth.
2332 5844 2479 5892 xxvr,
2506 5827 2595 5880 48.
