  <div class='ocr_page' id='page_1' title='image "/cluster/home/n/w/nwhite01/storage/ocr_20150623/93/hvd.32044019208040/611.png"; bbox 0 0 3962 6436; ppageno 0'>
   <div class='ocr_carea' id='block_1_1' title="bbox 598 416 3815 486">
    <p class='ocr_par' dir='ltr' id='par_1_1' title="bbox 598 416 3815 486">
     <span class='ocr_line' id='line_1_1' title="bbox 598 416 3815 486; baseline 0.001 -7"><span class='ocrx_word' id='word_1_1' title='bbox 598 416 734 485; x_wconf 67' lang='grc'><strong>1267</strong></span> <span class='ocrx_word' id='word_1_2' title='bbox 1768 421 2126 483; x_wconf 80' lang='lat' dir='ltr'><strong>HESYCHII</strong></span> <span class='ocrx_word' id='word_1_3' title='bbox 2181 423 2653 486; x_wconf 79' lang='lat' dir='ltr'><strong>PRESBYTERI</strong></span> <span class='ocrx_word' id='word_1_4' title='bbox 3504 476 3509 481; x_wconf 91' lang='lat'><strong>.</strong></span> <span class='ocrx_word' id='word_1_5' title='bbox 3707 418 3815 483; x_wconf 77' lang='lat'><strong>1208</strong></span> 
     </span>
    </p>
   </div>
   <div class='ocr_carea' id='block_1_2' title="bbox 600 533 2164 608">
    <p class='ocr_par' dir='ltr' id='par_1_2' title="bbox 600 533 2164 604">
     <span class='ocr_line' id='line_1_2' title="bbox 600 533 2164 604; baseline -0.004 -11"><span class='ocrx_word' id='word_1_6' title='bbox 600 538 703 593; x_wconf 80' lang='lat' dir='ltr'><strong>hoc</strong></span> <span class='ocrx_word' id='word_1_7' title='bbox 754 542 840 588; x_wconf 88' lang='lat' dir='ltr'><strong>est</strong></span> <span class='ocrx_word' id='word_1_8' title='bbox 897 533 1279 599; x_wconf 83' lang='lat' dir='ltr'><strong>mendacium,</strong></span> <span class='ocrx_word' id='word_1_9' title='bbox 1336 533 1586 604; x_wconf 78' lang='lat' dir='ltr'><strong>loquatur</strong></span> <span class='ocrx_word' id='word_1_10' title='bbox 1614 575 1629 599; x_wconf 93' lang='lat'><strong>,</strong></span> <span class='ocrx_word' id='word_1_11' title='bbox 1683 544 1737 589; x_wconf 90' lang='lat' dir='ltr'><strong>et</strong></span> <span class='ocrx_word' id='word_1_12' title='bbox 1792 535 1947 590; x_wconf 83' lang='lat' dir='ltr'><strong>sileat</strong></span> <span class='ocrx_word' id='word_1_13' title='bbox 2003 534 2164 604; x_wconf 80' lang='lat' dir='ltr'><strong>justi-</strong></span> 
     </span>
    </p>
   </div>
   <div class='ocr_carea' id='block_1_3' title="bbox 2250 533 3814 608">
    <p class='ocr_par' dir='ltr' id='par_1_3' title="bbox 2269 533 3814 608">
     <span class='ocr_line' id='line_1_3' title="bbox 2269 533 3814 608; baseline -0.005 -18"><span class='ocrx_word' id='word_1_14' title='bbox 2269 538 2330 590; x_wconf 88' lang='grc' dir='ltr'><strong>τδ</strong></span> <span class='ocrx_word' id='word_1_15' title='bbox 2362 538 2555 606; x_wconf 84' lang='grc' dir='ltr'><strong>ψεῦδος</strong></span> <span class='ocrx_word' id='word_1_16' title='bbox 2595 538 2795 602; x_wconf 84' lang='grc' dir='ltr'><strong>λαλῶν,</strong></span> <span class='ocrx_word' id='word_1_17' title='bbox 2828 538 2921 592; x_wconf 74' lang='grc' dir='ltr'><strong>καὶ</strong></span> <span class='ocrx_word' id='word_1_18' title='bbox 2956 536 3055 608; x_wconf 78' lang='grc' dir='ltr'><strong>τὴν</strong></span> <span class='ocrx_word' id='word_1_19' title='bbox 3086 533 3448 603; x_wconf 81' lang='grc' dir='ltr'><strong>δικαιοσύνην</strong></span> <span class='ocrx_word' id='word_1_20' title='bbox 3491 534 3719 598; x_wconf 73' lang='grc' dir='ltr'><strong>σιωπῶν,</strong></span> <span class='ocrx_word' id='word_1_21' title='bbox 3738 537 3814 605; x_wconf 69' lang='grc' dir='ltr'><strong>δη.</strong></span> 
     </span>
    </p>
   </div>
   <div class='ocr_carea' id='block_1_4' title="bbox 599 626 2163 702">
    <p class='ocr_par' dir='ltr' id='par_1_4' title="bbox 599 626 2163 697">
     <span class='ocr_line' id='line_1_4' title="bbox 599 626 2163 697; baseline 0.001 -16"><span class='ocrx_word' id='word_1_22' title='bbox 599 628 754 693; x_wconf 89' lang='lat' dir='ltr'><strong>tiam,</strong></span> <span class='ocrx_word' id='word_1_23' title='bbox 801 627 853 681; x_wconf 87' lang='lat' dir='ltr'><strong>id</strong></span> <span class='ocrx_word' id='word_1_24' title='bbox 901 638 983 682; x_wconf 85' lang='lat' dir='ltr'><strong>est</strong></span> <span class='ocrx_word' id='word_1_25' title='bbox 1024 627 1298 692; x_wconf 76' lang='lat' dir='ltr'><strong>virtutem,</strong></span> <span class='ocrx_word' id='word_1_26' title='bbox 1343 642 1505 696; x_wconf 89' lang='lat' dir='ltr'><strong>quam</strong></span> <span class='ocrx_word' id='word_1_27' title='bbox 1556 626 1833 696; x_wconf 85' lang='lat' dir='ltr'><strong>proximus</strong></span> <span class='ocrx_word' id='word_1_28' title='bbox 1875 627 1994 695; x_wconf 82' lang='lat' dir='ltr'><strong>ejus</strong></span> <span class='ocrx_word' id='word_1_29' title='bbox 2042 643 2163 697; x_wconf 84' lang='lat' dir='ltr'><strong>pos-</strong></span> 
     </span>
    </p>
   </div>
   <div class='ocr_carea' id='block_1_5' title="bbox 1958 626 3522 702">
    <p class='ocr_par' dir='ltr' id='par_1_5' title="bbox 1958 628 3522 702">
     <span class='ocr_line' id='line_1_5' title="bbox 1958 628 3522 702; baseline -0.003 -21"><span class='ocrx_word' id='word_1_30' title='bbox 1958 644 1994 682; x_wconf 83' lang='lat' dir='ltr'><strong>lS</strong></span> <span class='ocrx_word' id='word_1_31' title='bbox 2042 643 2168 697; x_wconf 82' lang='lat' dir='ltr'><strong>pos-</strong></span> <span class='ocrx_word' id='word_1_32' title='bbox 2270 629 2404 700; x_wconf 85' lang='grc' dir='ltr'><strong>λαδὴ</strong></span> <span class='ocrx_word' id='word_1_33' title='bbox 2438 630 2535 701; x_wconf 81' lang='grc' dir='ltr'><strong>τὴν</strong></span> <span class='ocrx_word' id='word_1_34' title='bbox 2567 631 2788 702; x_wconf 82' lang='grc' dir='ltr'><strong>ἀρετὴν,</strong></span> <span class='ocrx_word' id='word_1_35' title='bbox 2820 632 2885 701; x_wconf 75' lang='grc' dir='ltr'><strong>ἢν</strong></span> <span class='ocrx_word' id='word_1_36' title='bbox 2906 632 2934 683; x_wconf 89' lang='grc' dir='ltr'>ὁ</span> <span class='ocrx_word' id='word_1_37' title='bbox 2966 628 3192 699; x_wconf 81' lang='grc' dir='ltr'><strong>πλησίον</strong></span> <span class='ocrx_word' id='word_1_38' title='bbox 3221 631 3522 697; x_wconf 77' lang='grc' dir='ltr'><strong>κέκτηται.</strong></span> 
     </span>
    </p>
   </div>
   <div class='ocr_carea' id='block_1_6' title="bbox 601 719 763 774">
    <p class='ocr_par' dir='ltr' id='par_1_6' title="bbox 601 719 763 774">
     <span class='ocr_line' id='line_1_6' title="bbox 601 719 763 774; baseline -0.006 0"><span class='ocrx_word' id='word_1_39' title='bbox 601 719 763 774; x_wconf 73' lang='lat' dir='ltr'><strong>Sidet.</strong></span> 
     </span>
    </p>
   </div>
   <div class='ocr_carea' id='block_1_7' title="bbox 665 807 2229 878">
    <p class='ocr_par' dir='ltr' id='par_1_7' title="bbox 665 807 1921 878">
     <span class='ocr_line' id='line_1_7' title="bbox 665 807 1921 878; baseline -0.004 -13"><span class='ocrx_word' id='word_1_40' title='bbox 665 810 827 865; x_wconf 72' lang='lat' dir='ltr'><strong>Vsus.</strong></span> <span class='ocrx_word' id='word_1_41' title='bbox 866 810 920 865; x_wconf 86' lang='grc'><strong>7.</strong></span> <span class='ocrx_word' id='word_1_42' title='bbox 953 829 971 861; x_wconf 80' lang='grc' dir='ltr'><strong>ι</strong></span> <span class='ocrx_word' id='word_1_43' title='bbox 1007 807 1304 878; x_wconf 83' lang='lat' dir='ltr'><strong>Propterea</strong></span> <span class='ocrx_word' id='word_1_44' title='bbox 1333 808 1477 863; x_wconf 88' lang='lat' dir='ltr'><strong>Deus</strong></span> <span class='ocrx_word' id='word_1_45' title='bbox 1506 810 1750 864; x_wconf 75' lang='lat' dir='ltr'><strong>destruet</strong></span> <span class='ocrx_word' id='word_1_46' title='bbox 1777 820 1850 865; x_wconf 89' lang='lat' dir='ltr'><strong>te.</strong></span> <span class='ocrx_word' id='word_1_47' title='bbox 1901 829 1921 860; x_wconf 75' lang='grc' dir='ltr'><strong>ι</strong></span> 
     </span>
    </p>
   </div>
   <div class='ocr_carea' id='block_1_8' title="bbox 1750 807 3314 878">
    <p class='ocr_par' dir='ltr' id='par_1_8' title="bbox 1777 811 3314 874">
     <span class='ocr_line' id='line_1_8' title="bbox 1777 811 3314 874; baseline -0.002 -10"><span class='ocrx_word' id='word_1_48' title='bbox 1777 820 1850 865; x_wconf 83' lang='lat' dir='ltr'><strong>te.</strong></span> <span class='ocrx_word' id='word_1_49' title='bbox 1901 829 1921 860; x_wconf 74' lang='grc' dir='ltr'><strong>ι</strong></span> <span class='ocrx_word' id='word_1_50' title='bbox 2347 832 2366 864; x_wconf 80' lang='grc' dir='ltr'><strong>ι</strong></span> <span class='ocrx_word' id='word_1_51' title='bbox 2400 812 2496 865; x_wconf 83' lang='grc' dir='ltr'><strong>Διά</strong></span> <span class='ocrx_word' id='word_1_52' title='bbox 2528 812 2686 866; x_wconf 87' lang='grc' dir='ltr'><strong>τοῦτο</strong></span> <span class='ocrx_word' id='word_1_53' title='bbox 2710 814 2737 866; x_wconf 85' lang='grc' dir='ltr'>ὀ</span> <span class='ocrx_word' id='word_1_54' title='bbox 2762 811 2892 874; x_wconf 83' lang='grc' dir='ltr'><strong>Θεὸς</strong></span> <span class='ocrx_word' id='word_1_55' title='bbox 2927 811 3147 864; x_wconf 80' lang='grc' dir='ltr'>καθελεῖ</span> <span class='ocrx_word' id='word_1_56' title='bbox 3172 827 3251 862; x_wconf 88' lang='grc' dir='ltr'><strong>σε.</strong></span> <span class='ocrx_word' id='word_1_57' title='bbox 3293 827 3314 861; x_wconf 78' lang='grc' dir='ltr'><strong>ι</strong></span> 
     </span>
    </p>
   </div>
   <div class='ocr_carea' id='block_1_9' title="bbox 672 897 2236 973">
    <p class='ocr_par' dir='ltr' id='par_1_9' title="bbox 672 901 2173 970">
     <span class='ocr_line' id='line_1_9' title="bbox 672 901 2173 970; baseline 0.001 -15"><span class='ocrx_word' id='word_1_58' title='bbox 672 901 796 957; x_wconf 78' lang='lat' dir='ltr'><strong>Haec</strong></span> <span class='ocrx_word' id='word_1_59' title='bbox 857 902 1005 956; x_wconf 89' lang='lat' dir='ltr'><strong>omni</strong></span> <span class='ocrx_word' id='word_1_60' title='bbox 1055 901 1272 970; x_wconf 87' lang='lat' dir='ltr'><strong>quidem</strong></span> <span class='ocrx_word' id='word_1_61' title='bbox 1326 901 1534 956; x_wconf 89' lang='lat' dir='ltr'><strong>homini</strong></span> <span class='ocrx_word' id='word_1_62' title='bbox 1584 902 1806 967; x_wconf 90' lang='lat' dir='ltr'><strong>doloso,</strong></span> <span class='ocrx_word' id='word_1_63' title='bbox 1858 902 1954 957; x_wconf 88' lang='lat' dir='ltr'><strong>sed</strong></span> <span class='ocrx_word' id='word_1_64' title='bbox 2004 902 2173 957; x_wconf 91' lang='lat' dir='ltr'><strong>multo</strong></span> 
     </span>
    </p>
   </div>
   <div class='ocr_carea' id='block_1_10' title="bbox 2262 897 3826 973">
    <p class='ocr_par' dir='ltr' id='par_1_10' title="bbox 2344 897 3826 973">
     <span class='ocr_line' id='line_1_10' title="bbox 2344 897 3826 973; baseline -0.003 -18"><span class='ocrx_word' id='word_1_65' title='bbox 2344 903 2532 956; x_wconf 89' lang='grc' dir='ltr'><strong>Ταῦτα</strong></span> <span class='ocrx_word' id='word_1_66' title='bbox 2566 903 2729 957; x_wconf 72' lang='grc' dir='ltr'><strong>παντὶ</strong></span> <span class='ocrx_word' id='word_1_67' title='bbox 2760 901 2857 973; x_wconf 83' lang='grc' dir='ltr'><strong>μὲν</strong></span> <span class='ocrx_word' id='word_1_68' title='bbox 2885 901 3064 971; x_wconf 82' lang='grc' dir='ltr'><strong>δολίῳ.</strong></span> <span class='ocrx_word' id='word_1_69' title='bbox 3099 900 3236 953; x_wconf 78' lang='grc' dir='ltr'><strong>πολὺ</strong></span> <span class='ocrx_word' id='word_1_70' title='bbox 3266 898 3331 952; x_wconf 81' lang='grc' dir='ltr'><strong>δὲ</strong></span> <span class='ocrx_word' id='word_1_71' title='bbox 3368 897 3576 968; x_wconf 75' lang='grc' dir='ltr'><strong>μᾶλλον</strong></span> <span class='ocrx_word' id='word_1_72' title='bbox 3608 898 3733 968; x_wconf 70' lang='grc' dir='ltr'><strong>πρὸς</strong></span> <span class='ocrx_word' id='word_1_73' title='bbox 3753 899 3826 950; x_wconf 66' lang='grc' dir='ltr'><strong>τὸν</strong></span> 
     </span>
    </p>
   </div>
   <div class='ocr_carea' id='block_1_11' title="bbox 602 986 2166 1066">
    <p class='ocr_par' dir='ltr' id='par_1_11' title="bbox 602 995 2166 1065">
     <span class='ocr_line' id='line_1_11' title="bbox 602 995 2166 1065; baseline -0.002 -16"><span class='ocrx_word' id='word_1_74' title='bbox 602 995 839 1049; x_wconf 80' lang='lat' dir='ltr'><strong>maxime</strong></span> <span class='ocrx_word' id='word_1_75' title='bbox 870 995 934 1048; x_wconf 90' lang='lat' dir='ltr'><strong>ad</strong></span> <span class='ocrx_word' id='word_1_76' title='bbox 969 995 1300 1063; x_wconf 73' lang='lat' dir='ltr'><strong>proditorem</strong></span> <span class='ocrx_word' id='word_1_77' title='bbox 1342 995 1619 1050; x_wconf 84' lang='lat' dir='ltr'><strong>dicuntur.</strong></span> <span class='ocrx_word' id='word_1_78' title='bbox 1651 996 1796 1049; x_wconf 89' lang='lat' dir='ltr'><strong>Deus</strong></span> <span class='ocrx_word' id='word_1_79' title='bbox 1815 997 1961 1050; x_wconf 90' lang='lat' dir='ltr'><strong>enim</strong></span> <span class='ocrx_word' id='word_1_80' title='bbox 1992 996 2166 1065; x_wconf 89' lang='lat' dir='ltr'><strong>ipsum</strong></span> 
     </span>
    </p>
   </div>
   <div class='ocr_carea' id='block_1_12' title="bbox 2262 986 3826 1066">
    <p class='ocr_par' dir='ltr' id='par_1_12' title="bbox 2274 986 3826 1066">
     <span class='ocr_line' id='line_1_12' title="bbox 2274 986 3826 1066; baseline -0.005 -18"><span class='ocrx_word' id='word_1_81' title='bbox 2274 995 2542 1066; x_wconf 70' lang='grc' dir='ltr'><strong>προδότην</strong></span> <span class='ocrx_word' id='word_1_82' title='bbox 2585 995 2808 1061; x_wconf 83' lang='grc' dir='ltr'><strong>λέγεται</strong></span> <span class='ocrx_word' id='word_1_83' title='bbox 2838 1011 2852 1022; x_wconf 89' lang='grc'><strong>·</strong></span> <span class='ocrx_word' id='word_1_84' title='bbox 2889 992 3139 1046; x_wconf 75' lang='grc' dir='ltr'><strong>καθεῖλεν</strong></span> <span class='ocrx_word' id='word_1_85' title='bbox 3189 991 3298 1060; x_wconf 69' lang='grc' dir='ltr'><strong>γὰρ</strong></span> <span class='ocrx_word' id='word_1_86' title='bbox 3349 988 3525 1042; x_wconf 74' lang='grc' dir='ltr'><strong>αὐτὸν</strong></span> <span class='ocrx_word' id='word_1_87' title='bbox 3559 989 3587 1038; x_wconf 88' lang='grc' dir='ltr'>ὁ</span> <span class='ocrx_word' id='word_1_88' title='bbox 3613 986 3735 1049; x_wconf 64' lang='grc' dir='ltr'><strong>Θεὸς</strong></span> <span class='ocrx_word' id='word_1_89' title='bbox 3765 992 3826 1051; x_wconf 79' lang='grc' dir='ltr'><strong>είς</strong></span> 
     </span>
    </p>
   </div>
   <div class='ocr_carea' id='block_1_13' title="bbox 606 1079 2170 1156">
    <p class='ocr_par' dir='ltr' id='par_1_13' title="bbox 606 1086 2170 1153">
     <span class='ocr_line' id='line_1_13' title="bbox 606 1086 2170 1153; baseline 0.003 -14"><span class='ocrx_word' id='word_1_90' title='bbox 606 1086 825 1139; x_wconf 80' lang='lat' dir='ltr'><strong>sustulit</strong></span> <span class='ocrx_word' id='word_1_91' title='bbox 854 1087 908 1139; x_wconf 91' lang='lat' dir='ltr'><strong>in</strong></span> <span class='ocrx_word' id='word_1_92' title='bbox 939 1086 1119 1151; x_wconf 85' lang='lat' dir='ltr'><strong>linem,</strong></span> <span class='ocrx_word' id='word_1_93' title='bbox 1151 1094 1206 1140; x_wconf 90' lang='lat' dir='ltr'><strong>et</strong></span> <span class='ocrx_word' id='word_1_94' title='bbox 1243 1086 1311 1140; x_wconf 90' lang='lat' dir='ltr'><strong>de</strong></span> <span class='ocrx_word' id='word_1_95' title='bbox 1336 1086 1705 1153; x_wconf 87' lang='lat' dir='ltr'><strong>tabernaculo,</strong></span> <span class='ocrx_word' id='word_1_96' title='bbox 1738 1087 1789 1141; x_wconf 91' lang='lat' dir='ltr'><strong>id</strong></span> <span class='ocrx_word' id='word_1_97' title='bbox 1817 1096 1920 1152; x_wconf 90' lang='lat' dir='ltr'><strong>est,</strong></span> <span class='ocrx_word' id='word_1_98' title='bbox 1952 1087 2020 1142; x_wconf 92' lang='lat' dir='ltr'><strong>de</strong></span> <span class='ocrx_word' id='word_1_99' title='bbox 2053 1088 2170 1143; x_wconf 90' lang='lat' dir='ltr'><strong>loco</strong></span> 
     </span>
    </p>
   </div>
   <div class='ocr_carea' id='block_1_14' title="bbox 2259 1079 3823 1156">
    <p class='ocr_par' dir='ltr' id='par_1_14' title="bbox 2272 1079 3823 1156">
     <span class='ocr_line' id='line_1_14' title="bbox 2272 1079 3823 1156; baseline -0.003 -17"><span class='ocrx_word' id='word_1_100' title='bbox 2272 1087 2445 1152; x_wconf 83' lang='grc' dir='ltr'><strong>τέλος,</strong></span> <span class='ocrx_word' id='word_1_101' title='bbox 2473 1086 2567 1138; x_wconf 76' lang='grc' dir='ltr'><strong>καὶ</strong></span> <span class='ocrx_word' id='word_1_102' title='bbox 2596 1085 2704 1139; x_wconf 80' lang='grc' dir='ltr'><strong>ἀπὸ</strong></span> <span class='ocrx_word' id='word_1_103' title='bbox 2731 1086 2831 1156; x_wconf 82' lang='grc' dir='ltr'><strong>τῆς</strong></span> <span class='ocrx_word' id='word_1_104' title='bbox 2872 1084 3077 1155; x_wconf 81' lang='grc' dir='ltr'><strong>σκηνῆς</strong></span> <span class='ocrx_word' id='word_1_105' title='bbox 3100 1124 3114 1149; x_wconf 86' lang='grc'><strong>,</strong></span> <span class='ocrx_word' id='word_1_106' title='bbox 3143 1082 3432 1135; x_wconf 80' lang='grc' dir='ltr'><strong>τουτέστιν</strong></span> <span class='ocrx_word' id='word_1_107' title='bbox 3467 1085 3533 1133; x_wconf 82' lang='grc' dir='ltr'><strong>ὲκ</strong></span> <span class='ocrx_word' id='word_1_108' title='bbox 3566 1079 3656 1132; x_wconf 84' lang='grc' dir='ltr'><strong>τοῦ</strong></span> <span class='ocrx_word' id='word_1_109' title='bbox 3687 1082 3823 1134; x_wconf 72' lang='grc' dir='ltr'><strong>τόπου</strong></span> 
     </span>
    </p>
   </div>
   <div class='ocr_carea' id='block_1_15' title="bbox 605 1172 2169 1248">
    <p class='ocr_par' dir='ltr' id='par_1_15' title="bbox 605 1176 2169 1247">
     <span class='ocr_line' id='line_1_15' title="bbox 605 1176 2169 1247; baseline -0.001 -15"><span class='ocrx_word' id='word_1_110' title='bbox 605 1178 966 1246; x_wconf 87' lang='lat' dir='ltr'><strong>discipulatus</strong></span> <span class='ocrx_word' id='word_1_111' title='bbox 1008 1177 1323 1242; x_wconf 83' lang='lat' dir='ltr'><strong>transtulit,</strong></span> <span class='ocrx_word' id='word_1_112' title='bbox 1353 1186 1409 1231; x_wconf 86' lang='lat' dir='ltr'><strong>et</strong></span> <span class='ocrx_word' id='word_1_113' title='bbox 1446 1185 1704 1245; x_wconf 80' lang='lat' dir='ltr'><strong>tanquam</strong></span> <span class='ocrx_word' id='word_1_114' title='bbox 1742 1178 1979 1247; x_wconf 71' lang='lat' dir='ltr'><strong>spinosaa</strong></span> <span class='ocrx_word' id='word_1_115' title='bbox 2013 1176 2169 1247; x_wconf 88' lang='lat' dir='ltr'><strong>plan-</strong></span> 
     </span>
    </p>
   </div>
   <div class='ocr_carea' id='block_1_16' title="bbox 2262 1172 3826 1248">
    <p class='ocr_par' dir='ltr' id='par_1_16' title="bbox 2274 1172 3826 1248">
     <span class='ocr_line' id='line_1_16' title="bbox 2274 1172 3826 1248; baseline -0.005 -17"><span class='ocrx_word' id='word_1_116' title='bbox 2274 1178 2373 1247; x_wconf 85' lang='grc' dir='ltr'><strong>τῆς</strong></span> <span class='ocrx_word' id='word_1_117' title='bbox 2405 1177 2700 1248; x_wconf 86' lang='grc' dir='ltr'><strong>μαθητείας</strong></span> <span class='ocrx_word' id='word_1_118' title='bbox 2727 1177 3055 1246; x_wconf 80' lang='grc' dir='ltr'><strong>μετέστησεν</strong></span> <span class='ocrx_word' id='word_1_119' title='bbox 3079 1215 3095 1239; x_wconf 94' lang='grc'><strong>,</strong></span> <span class='ocrx_word' id='word_1_120' title='bbox 3136 1174 3228 1227; x_wconf 74' lang='grc' dir='ltr'><strong>καὶ</strong></span> <span class='ocrx_word' id='word_1_121' title='bbox 3254 1174 3360 1244; x_wconf 81' lang='grc' dir='ltr'><strong>τὴν</strong></span> <span class='ocrx_word' id='word_1_122' title='bbox 3399 1172 3562 1241; x_wconf 72' lang='grc' dir='ltr'><strong>ῥίζαν</strong></span> <span class='ocrx_word' id='word_1_123' title='bbox 3592 1172 3663 1233; x_wconf 83' lang='grc' dir='ltr'><strong>ὡς</strong></span> <span class='ocrx_word' id='word_1_124' title='bbox 3692 1172 3826 1223; x_wconf 72' lang='grc' dir='ltr'><strong>ἀκαν-</strong></span> 
     </span>
    </p>
   </div>
   <div class='ocr_carea' id='block_1_17' title="bbox 606 1264 2170 1339">
    <p class='ocr_par' dir='ltr' id='par_1_17' title="bbox 606 1268 2170 1338">
     <span class='ocr_line' id='line_1_17' title="bbox 606 1268 2170 1338; baseline -0.001 -16"><span class='ocrx_word' id='word_1_125' title='bbox 606 1278 675 1322; x_wconf 73' lang='lat' dir='ltr'><strong>tze</strong></span> <span class='ocrx_word' id='word_1_126' title='bbox 731 1268 966 1322; x_wconf 89' lang='lat' dir='ltr'><strong>radicem</strong></span> <span class='ocrx_word' id='word_1_127' title='bbox 1019 1269 1087 1322; x_wconf 90' lang='lat' dir='ltr'><strong>de</strong></span> <span class='ocrx_word' id='word_1_128' title='bbox 1136 1277 1280 1322; x_wconf 86' lang='lat' dir='ltr'><strong>terra</strong></span> <span class='ocrx_word' id='word_1_129' title='bbox 1323 1268 1644 1335; x_wconf 82' lang='lat' dir='ltr'><strong>viventium,</strong></span> <span class='ocrx_word' id='word_1_130' title='bbox 1684 1270 1753 1323; x_wconf 85' lang='lat' dir='ltr'><strong>de</strong></span> <span class='ocrx_word' id='word_1_131' title='bbox 1804 1268 2170 1338; x_wconf 85' lang='lat' dir='ltr'><strong>apostolorum</strong></span> 
     </span>
    </p>
   </div>
   <div class='ocr_carea' id='block_1_18' title="bbox 2260 1264 3824 1339">
    <p class='ocr_par' dir='ltr' id='par_1_18' title="bbox 2275 1264 3824 1339">
     <span class='ocr_line' id='line_1_18' title="bbox 2275 1264 3824 1339; baseline -0.003 -17"><span class='ocrx_word' id='word_1_132' title='bbox 2275 1268 2477 1333; x_wconf 82' lang='grc' dir='ltr'><strong>θὼδους</strong></span> <span class='ocrx_word' id='word_1_133' title='bbox 2508 1269 2675 1339; x_wconf 82' lang='grc' dir='ltr'><strong>φυτοῦ</strong></span> <span class='ocrx_word' id='word_1_134' title='bbox 2707 1272 2768 1321; x_wconf 83' lang='grc' dir='ltr'><strong>ὲκ</strong></span> <span class='ocrx_word' id='word_1_135' title='bbox 2788 1269 2893 1337; x_wconf 77' lang='grc' dir='ltr'><strong>γῆς</strong></span> <span class='ocrx_word' id='word_1_136' title='bbox 2922 1269 3138 1333; x_wconf 73' lang='grc' dir='ltr'><strong>ζώντων</strong></span> <span class='ocrx_word' id='word_1_137' title='bbox 3159 1307 3175 1331; x_wconf 84' lang='grc'><strong>,</strong></span> <span class='ocrx_word' id='word_1_138' title='bbox 3210 1269 3273 1319; x_wconf 80' lang='grc' dir='ltr'><strong>ὲκ</strong></span> <span class='ocrx_word' id='word_1_139' title='bbox 3304 1265 3410 1318; x_wconf 85' lang='grc' dir='ltr'><strong>τοῦ</strong></span> <span class='ocrx_word' id='word_1_140' title='bbox 3454 1264 3719 1334; x_wconf 77' lang='grc' dir='ltr'><strong>γεωργίου</strong></span> <span class='ocrx_word' id='word_1_141' title='bbox 3745 1266 3824 1318; x_wconf 73' lang='grc' dir='ltr'><strong>τῶν</strong></span> 
     </span>
    </p>
   </div>
   <div class='ocr_carea' id='block_1_19' title="bbox 607 1360 2171 1429">
    <p class='ocr_par' dir='ltr' id='par_1_19' title="bbox 607 1360 1194 1429">
     <span class='ocr_line' id='line_1_19' title="bbox 607 1360 1194 1429; baseline 0 -16"><span class='ocrx_word' id='word_1_142' title='bbox 607 1360 937 1429; x_wconf 83' lang='lat' dir='ltr'><strong>agricultura</strong></span> <span class='ocrx_word' id='word_1_143' title='bbox 977 1360 1194 1414; x_wconf 84' lang='lat' dir='ltr'><strong>evulsit.</strong></span> 
     </span>
    </p>
   </div>
   <div class='ocr_carea' id='block_1_20' title="bbox 1306 1360 2870 1429">
    <p class='ocr_par' dir='ltr' id='par_1_20' title="bbox 2276 1360 2870 1425">
     <span class='ocr_line' id='line_1_20' title="bbox 2276 1360 2870 1425; baseline -0.002 -11"><span class='ocrx_word' id='word_1_144' title='bbox 2276 1361 2591 1414; x_wconf 76' lang='grc' dir='ltr'><strong>ἀποστόλων</strong></span> <span class='ocrx_word' id='word_1_145' title='bbox 2616 1360 2870 1425; x_wconf 70' lang='grc' dir='ltr'><strong>ἐξέτιὶεν.</strong></span> 
     </span>
    </p>
   </div>
   <div class='ocr_carea' id='block_1_21' title="bbox 684 1448 2248 1519">
    <p class='ocr_par' dir='ltr' id='par_1_21' title="bbox 684 1448 1639 1519">
     <span class='ocr_line' id='line_1_21' title="bbox 684 1448 1639 1519; baseline 0.001 -19"><span class='ocrx_word' id='word_1_146' title='bbox 684 1468 702 1500; x_wconf 73' lang='grc' dir='ltr'><strong>ι</strong></span> <span class='ocrx_word' id='word_1_147' title='bbox 750 1448 973 1519; x_wconf 85' lang='lat' dir='ltr'><strong>Speravi</strong></span> <span class='ocrx_word' id='word_1_148' title='bbox 1009 1450 1063 1503; x_wconf 92' lang='lat' dir='ltr'><strong>in</strong></span> <span class='ocrx_word' id='word_1_149' title='bbox 1088 1450 1461 1506; x_wconf 82' lang='lat' dir='ltr'><strong>misericordia</strong></span> <span class='ocrx_word' id='word_1_150' title='bbox 1492 1451 1639 1505; x_wconf 54' lang='lat' dir='ltr'><strong>Dein</strong></span> 
     </span>
    </p>
   </div>
   <div class='ocr_carea' id='block_1_22' title="bbox 1844 1448 3408 1519">
    <p class='ocr_par' dir='ltr' id='par_1_22' title="bbox 2354 1448 3408 1515">
     <span class='ocr_line' id='line_1_22' title="bbox 2354 1448 3408 1515; baseline -0.006 -11"><span class='ocrx_word' id='word_1_151' title='bbox 2354 1470 2373 1504; x_wconf 84' lang='grc' dir='ltr'><strong>ι</strong></span> <span class='ocrx_word' id='word_1_152' title='bbox 2417 1452 2657 1505; x_wconf 80' lang='grc' dir='ltr'><strong>Ἥλπισα</strong></span> <span class='ocrx_word' id='word_1_153' title='bbox 2683 1453 2776 1505; x_wconf 76' lang='grc' dir='ltr'><strong>ἐπὶ</strong></span> <span class='ocrx_word' id='word_1_154' title='bbox 2804 1453 2864 1505; x_wconf 83' lang='grc' dir='ltr'><strong>τὸ</strong></span> <span class='ocrx_word' id='word_1_155' title='bbox 2891 1451 3037 1515; x_wconf 77' lang='grc' dir='ltr'><strong>ἔλεος</strong></span> <span class='ocrx_word' id='word_1_156' title='bbox 3064 1449 3158 1504; x_wconf 89' lang='grc' dir='ltr'><strong>τοῦ</strong></span> <span class='ocrx_word' id='word_1_157' title='bbox 3182 1448 3345 1502; x_wconf 88' lang='grc' dir='ltr'><strong>Θεοῦ.</strong></span> <span class='ocrx_word' id='word_1_158' title='bbox 3390 1467 3408 1498; x_wconf 72' lang='grc' dir='ltr'><strong>ι</strong></span> 
     </span>
    </p>
   </div>
   <div class='ocr_carea' id='block_1_23' title="bbox 682 1540 2246 1613">
    <p class='ocr_par' dir='ltr' id='par_1_23' title="bbox 682 1540 2176 1613">
     <span class='ocr_line' id='line_1_23' title="bbox 682 1540 2176 1613; baseline 0 -18"><span class='ocrx_word' id='word_1_159' title='bbox 682 1540 964 1607; x_wconf 89' lang='lat' dir='ltr'><strong>Quadrant</strong></span> <span class='ocrx_word' id='word_1_160' title='bbox 1005 1542 1122 1597; x_wconf 83' lang='lat' dir='ltr'><strong>haec</strong></span> <span class='ocrx_word' id='word_1_161' title='bbox 1171 1544 1335 1598; x_wconf 88' lang='lat' dir='ltr'><strong>verba</strong></span> <span class='ocrx_word' id='word_1_162' title='bbox 1396 1558 1611 1613; x_wconf 89' lang='lat' dir='ltr'><strong>quoque</strong></span> <span class='ocrx_word' id='word_1_163' title='bbox 1642 1542 1803 1597; x_wconf 90' lang='lat' dir='ltr'><strong>Petro</strong></span> <span class='ocrx_word' id='word_1_164' title='bbox 1829 1541 2176 1612; x_wconf 82' lang='lat' dir='ltr'><strong>negationem</strong></span> 
     </span>
    </p>
   </div>
   <div class='ocr_carea' id='block_1_24' title="bbox 2259 1540 3823 1613">
    <p class='ocr_par' dir='ltr' id='par_1_24' title="bbox 2361 1540 3823 1613">
     <span class='ocr_line' id='line_1_24' title="bbox 2361 1540 3823 1613; baseline -0.001 -19"><span class='ocrx_word' id='word_1_165' title='bbox 2361 1543 2646 1613; x_wconf 79' lang='grc' dir='ltr'><strong>Ἀρμόττει</strong></span> <span class='ocrx_word' id='word_1_166' title='bbox 2680 1541 2856 1596; x_wconf 88' lang='grc' dir='ltr'><strong>ταῦτά</strong></span> <span class='ocrx_word' id='word_1_167' title='bbox 2889 1558 2951 1609; x_wconf 77' lang='grc' dir='ltr'><strong>γε</strong></span> <span class='ocrx_word' id='word_1_168' title='bbox 2996 1542 3063 1594; x_wconf 85' lang='grc' dir='ltr'><strong>τὰ</strong></span> <span class='ocrx_word' id='word_1_169' title='bbox 3111 1542 3336 1611; x_wconf 74' lang='grc' dir='ltr'><strong>ῥήματα</strong></span> <span class='ocrx_word' id='word_1_170' title='bbox 3371 1540 3578 1608; x_wconf 78' lang='grc' dir='ltr'><strong>Πέτρῳ</strong></span> <span class='ocrx_word' id='word_1_171' title='bbox 3616 1540 3691 1600; x_wconf 84' lang='grc' dir='ltr'><strong>είς</strong></span> <span class='ocrx_word' id='word_1_172' title='bbox 3728 1542 3823 1593; x_wconf 62' lang='lat' dir='ltr'><strong>avi.</strong></span> 
     </span>
    </p>
   </div>
   <div class='ocr_carea' id='block_1_25' title="bbox 617 1632 2181 1708">
    <p class='ocr_par' dir='ltr' id='par_1_25' title="bbox 617 1632 2180 1704">
     <span class='ocr_line' id='line_1_25' title="bbox 617 1632 2180 1704; baseline 0.001 -18"><span class='ocrx_word' id='word_1_173' title='bbox 617 1648 768 1689; x_wconf 83' lang='lat' dir='ltr'><strong>suam</strong></span> <span class='ocrx_word' id='word_1_174' title='bbox 802 1634 858 1687; x_wconf 85' lang='lat' dir='ltr'><strong>in</strong></span> <span class='ocrx_word' id='word_1_175' title='bbox 888 1636 1205 1688; x_wconf 86' lang='lat' dir='ltr'><strong>memoriam</strong></span> <span class='ocrx_word' id='word_1_176' title='bbox 1234 1636 1507 1689; x_wconf 83' lang='lat' dir='ltr'><strong>revocanti</strong></span> <span class='ocrx_word' id='word_1_177' title='bbox 1542 1677 1557 1700; x_wconf 97' lang='lat'><strong>,</strong></span> <span class='ocrx_word' id='word_1_178' title='bbox 1583 1635 1675 1704; x_wconf 89' lang='lat' dir='ltr'><strong>qui</strong></span> <span class='ocrx_word' id='word_1_179' title='bbox 1704 1636 1845 1690; x_wconf 89' lang='lat' dir='ltr'><strong>sicut</strong></span> <span class='ocrx_word' id='word_1_180' title='bbox 1881 1635 2025 1689; x_wconf 90' lang='lat' dir='ltr'><strong>oliva</strong></span> <span class='ocrx_word' id='word_1_181' title='bbox 2064 1632 2180 1688; x_wconf 88' lang='lat' dir='ltr'><strong>fru-</strong></span> 
     </span>
    </p>
   </div>
   <div class='ocr_carea' id='block_1_26' title="bbox 2259 1632 3823 1708">
    <p class='ocr_par' dir='ltr' id='par_1_26' title="bbox 2286 1632 3823 1708">
     <span class='ocr_line' id='line_1_26' title="bbox 2286 1632 3823 1708; baseline -0.003 -20"><span class='ocrx_word' id='word_1_182' title='bbox 2286 1653 2481 1707; x_wconf 88' lang='grc' dir='ltr'><strong>μνησιν</strong></span> <span class='ocrx_word' id='word_1_183' title='bbox 2532 1637 2819 1708; x_wconf 78' lang='grc' dir='ltr'><strong>ἐρχομένῳ</strong></span> <span class='ocrx_word' id='word_1_184' title='bbox 2863 1635 2959 1704; x_wconf 84' lang='grc' dir='ltr'><strong>τῆς</strong></span> <span class='ocrx_word' id='word_1_185' title='bbox 2987 1634 3191 1696; x_wconf 73' lang='grc' dir='ltr'><strong>οἰκείας</strong></span> <span class='ocrx_word' id='word_1_186' title='bbox 3216 1634 3521 1702; x_wconf 79' lang='grc' dir='ltr'><strong>ἀρνήσεως</strong></span> <span class='ocrx_word' id='word_1_187' title='bbox 3541 1671 3557 1695; x_wconf 90' lang='grc'><strong>,</strong></span> <span class='ocrx_word' id='word_1_188' title='bbox 3599 1632 3739 1692; x_wconf 85' lang='grc' dir='ltr'><strong>ὅστις</strong></span> <span class='ocrx_word' id='word_1_189' title='bbox 3769 1632 3823 1695; x_wconf 76' lang='grc' dir='ltr'><strong>ὡς</strong></span> 
     </span>
    </p>
   </div>
   <div class='ocr_carea' id='block_1_27' title="bbox 618 1720 2182 1796">
    <p class='ocr_par' dir='ltr' id='par_1_27' title="bbox 618 1723 2182 1796">
     <span class='ocr_line' id='line_1_27' title="bbox 618 1723 2182 1796; baseline 0.001 -19"><span class='ocrx_word' id='word_1_190' title='bbox 618 1723 808 1778; x_wconf 86' lang='lat' dir='ltr'><strong>ctifera</strong></span> <span class='ocrx_word' id='word_1_191' title='bbox 842 1725 895 1777; x_wconf 91' lang='lat' dir='ltr'><strong>in</strong></span> <span class='ocrx_word' id='word_1_192' title='bbox 924 1725 1087 1779; x_wconf 91' lang='lat' dir='ltr'><strong>domo</strong></span> <span class='ocrx_word' id='word_1_193' title='bbox 1121 1725 1238 1791; x_wconf 88' lang='lat' dir='ltr'><strong>Dei,</strong></span> <span class='ocrx_word' id='word_1_194' title='bbox 1269 1726 1323 1781; x_wconf 89' lang='lat' dir='ltr'><strong>id</strong></span> <span class='ocrx_word' id='word_1_195' title='bbox 1362 1735 1465 1789; x_wconf 87' lang='lat' dir='ltr'><strong>est,</strong></span> <span class='ocrx_word' id='word_1_196' title='bbox 1497 1727 1553 1780; x_wconf 87' lang='lat' dir='ltr'><strong>in</strong></span> <span class='ocrx_word' id='word_1_197' title='bbox 1591 1726 1696 1781; x_wconf 85' lang='lat' dir='ltr'><strong>fide</strong></span> <span class='ocrx_word' id='word_1_198' title='bbox 1731 1741 1947 1796; x_wconf 88' lang='lat' dir='ltr'><strong>semper</strong></span> <span class='ocrx_word' id='word_1_199' title='bbox 1974 1725 2182 1780; x_wconf 90' lang='lat' dir='ltr'><strong>consti-</strong></span> 
     </span>
    </p>
   </div>
   <div class='ocr_carea' id='block_1_28' title="bbox 2258 1720 3822 1796">
    <p class='ocr_par' dir='ltr' id='par_1_28' title="bbox 2282 1720 3822 1796">
     <span class='ocr_line' id='line_1_28' title="bbox 2282 1720 3822 1796; baseline -0.005 -17"><span class='ocrx_word' id='word_1_200' title='bbox 2282 1727 2435 1780; x_wconf 75' lang='grc' dir='ltr'><strong>ἐλαία</strong></span> <span class='ocrx_word' id='word_1_201' title='bbox 2471 1726 2827 1796; x_wconf 84' lang='grc' dir='ltr'><strong>κατάκαρπος</strong></span> <span class='ocrx_word' id='word_1_202' title='bbox 2862 1728 2919 1778; x_wconf 77' lang='grc' dir='ltr'><strong>ἐν</strong></span> <span class='ocrx_word' id='word_1_203' title='bbox 2962 1724 3040 1796; x_wconf 83' lang='grc' dir='ltr'><strong>τῷ</strong></span> <span class='ocrx_word' id='word_1_204' title='bbox 3073 1725 3207 1793; x_wconf 75' lang='grc' dir='ltr'><strong>οἴκῳ</strong></span> <span class='ocrx_word' id='word_1_205' title='bbox 3249 1720 3348 1775; x_wconf 89' lang='grc' dir='ltr'><strong>τοῦ</strong></span> <span class='ocrx_word' id='word_1_206' title='bbox 3391 1721 3558 1786; x_wconf 81' lang='grc' dir='ltr'><strong>Θεοῦ,</strong></span> <span class='ocrx_word' id='word_1_207' title='bbox 3592 1722 3822 1783; x_wconf 74' lang='grc' dir='ltr'><strong>τουτέστι,</strong></span> 
     </span>
    </p>
   </div>
   <div class='ocr_carea' id='block_1_29' title="bbox 620 1813 2184 1890">
    <p class='ocr_par' dir='ltr' id='par_1_29' title="bbox 620 1813 2182 1887">
     <span class='ocr_line' id='line_1_29' title="bbox 620 1813 2182 1887; baseline 0.002 -21"><span class='ocrx_word' id='word_1_208' title='bbox 620 1814 727 1880; x_wconf 89' lang='lat' dir='ltr'><strong>tit;</strong></span> <span class='ocrx_word' id='word_1_209' title='bbox 767 1813 894 1867; x_wconf 89' lang='lat' dir='ltr'><strong>licet</strong></span> <span class='ocrx_word' id='word_1_210' title='bbox 943 1815 1011 1868; x_wconf 88' lang='lat' dir='ltr'><strong>ad</strong></span> <span class='ocrx_word' id='word_1_211' title='bbox 1057 1815 1308 1885; x_wconf 81' lang='lat' dir='ltr'><strong>exiguum</strong></span> <span class='ocrx_word' id='word_1_212' title='bbox 1377 1823 1587 1886; x_wconf 90' lang='lat' dir='ltr'><strong>tempus</strong></span> <span class='ocrx_word' id='word_1_213' title='bbox 1640 1815 1941 1887; x_wconf 84' lang='lat' dir='ltr'><strong>negationis</strong></span> <span class='ocrx_word' id='word_1_214' title='bbox 1990 1823 2182 1869; x_wconf 71' lang='lat' dir='ltr'><strong>aestum</strong></span> 
     </span>
    </p>
   </div>
   <div class='ocr_carea' id='block_1_30' title="bbox 2260 1813 3824 1890">
    <p class='ocr_par' dir='ltr' id='par_1_30' title="bbox 2283 1814 3824 1890">
     <span class='ocr_line' id='line_1_30' title="bbox 2283 1814 3824 1890; baseline -0.005 -17"><span class='ocrx_word' id='word_1_215' title='bbox 2283 1821 2349 1890; x_wconf 77' lang='grc' dir='ltr'><strong>τῇ</strong></span> <span class='ocrx_word' id='word_1_216' title='bbox 2382 1818 2561 1871; x_wconf 81' lang='grc' dir='ltr'><strong>πίστει</strong></span> <span class='ocrx_word' id='word_1_217' title='bbox 2608 1818 2871 1887; x_wconf 78' lang='grc' dir='ltr'><strong>διηνεκῶς</strong></span> <span class='ocrx_word' id='word_1_218' title='bbox 2923 1818 3229 1886; x_wconf 78' lang='grc' dir='ltr'><strong>ἱστάμενος,</strong></span> <span class='ocrx_word' id='word_1_219' title='bbox 3284 1817 3337 1868; x_wconf 83' lang='grc' dir='ltr'><strong>εί</strong></span> <span class='ocrx_word' id='word_1_220' title='bbox 3378 1815 3481 1867; x_wconf 67' lang='grc' dir='ltr'><strong>καὶ</strong></span> <span class='ocrx_word' id='word_1_221' title='bbox 3510 1814 3647 1885; x_wconf 76' lang='grc' dir='ltr'><strong>πρὸς</strong></span> <span class='ocrx_word' id='word_1_222' title='bbox 3668 1814 3824 1883; x_wconf 72' lang='grc' dir='ltr'><strong>μικρὸν</strong></span> 
     </span>
    </p>
   </div>
   <div class='ocr_carea' id='block_1_31' title="bbox 621 1881 2185 1980">
    <p class='ocr_par' dir='ltr' id='par_1_31' title="bbox 621 1906 2179 1976">
     <span class='ocr_line' id='line_1_31' title="bbox 621 1906 2179 1976; baseline 0.001 -18"><span class='ocrx_word' id='word_1_223' title='bbox 621 1906 947 1960; x_wconf 86' lang='lat' dir='ltr'><strong>sustinuerit</strong></span> <span class='ocrx_word' id='word_1_224' title='bbox 987 1924 1001 1959; x_wconf 90' lang='lat'><strong>:</strong></span> <span class='ocrx_word' id='word_1_225' title='bbox 1050 1916 1426 1962; x_wconf 80' lang='lat' dir='ltr'><strong>verumtamen</strong></span> <span class='ocrx_word' id='word_1_226' title='bbox 1469 1907 1692 1962; x_wconf 89' lang='lat' dir='ltr'><strong>minime</strong></span> <span class='ocrx_word' id='word_1_227' title='bbox 1720 1908 1933 1962; x_wconf 81' lang='lat' dir='ltr'><strong>exaruit</strong></span> <span class='ocrx_word' id='word_1_228' title='bbox 1962 1924 1977 1961; x_wconf 86' lang='lat'><strong>:</strong></span> <span class='ocrx_word' id='word_1_229' title='bbox 2007 1907 2179 1976; x_wconf 83' lang='lat' dir='ltr'><strong>siqui-</strong></span> 
     </span>
    </p>
   </div>
   <div class='ocr_carea' id='block_1_32' title="bbox 2258 1881 3822 1980">
    <p class='ocr_par' dir='ltr' id='par_1_32' title="bbox 2284 1906 3822 1980">
     <span class='ocr_line' id='line_1_32' title="bbox 2284 1906 3822 1980; baseline -0.005 -16"><span class='ocrx_word' id='word_1_230' title='bbox 2284 1910 2491 1980; x_wconf 81' lang='grc' dir='ltr'><strong>ὑπέστη</strong></span> <span class='ocrx_word' id='word_1_231' title='bbox 2540 1909 2630 1964; x_wconf 79' lang='grc' dir='ltr'><strong>τὸν</strong></span> <span class='ocrx_word' id='word_1_232' title='bbox 2659 1908 2915 1963; x_wconf 81' lang='grc' dir='ltr'><strong>καύσωνα</strong></span> <span class='ocrx_word' id='word_1_233' title='bbox 2959 1910 3058 1974; x_wconf 80' lang='grc' dir='ltr'><strong>τῆς</strong></span> <span class='ocrx_word' id='word_1_234' title='bbox 3102 1909 3410 1979; x_wconf 82' lang='grc' dir='ltr'><strong>ἀρνήσεως,</strong></span> <span class='ocrx_word' id='word_1_235' title='bbox 3445 1906 3726 1973; x_wconf 68' lang='grc' dir='ltr'><strong>ἀλλῖὅμως</strong></span> <span class='ocrx_word' id='word_1_236' title='bbox 3751 1908 3822 1958; x_wconf 67' lang='grc' dir='ltr'><strong>οὐκ</strong></span> 
     </span>
    </p>
   </div>
   <div class='ocr_carea' id='block_1_33' title="bbox 616 1994 2180 2074">
    <p class='ocr_par' dir='ltr' id='par_1_33' title="bbox 616 1994 2180 2069">
     <span class='ocr_line' id='line_1_33' title="bbox 616 1994 2180 2069; baseline 0 -20"><span class='ocrx_word' id='word_1_237' title='bbox 616 1994 741 2049; x_wconf 84' lang='lat' dir='ltr'><strong>dein</strong></span> <span class='ocrx_word' id='word_1_238' title='bbox 779 1996 1116 2066; x_wconf 63' lang='lat' dir='ltr'><strong>poenitentiae</strong></span> <span class='ocrx_word' id='word_1_239' title='bbox 1168 1997 1417 2068; x_wconf 90' lang='lat' dir='ltr'><strong>lacrymis</strong></span> <span class='ocrx_word' id='word_1_240' title='bbox 1458 1998 1695 2052; x_wconf 89' lang='lat' dir='ltr'><strong>radicem</strong></span> <span class='ocrx_word' id='word_1_241' title='bbox 1742 1998 2000 2069; x_wconf 88' lang='lat' dir='ltr'><strong>irrigavit.</strong></span> <span class='ocrx_word' id='word_1_242' title='bbox 2046 1995 2180 2050; x_wconf 85' lang='lat' dir='ltr'><strong>Pro-</strong></span> 
     </span>
    </p>
   </div>
   <div class='ocr_carea' id='block_1_34' title="bbox 2257 1994 3821 2074">
    <p class='ocr_par' dir='ltr' id='par_1_34' title="bbox 2286 1997 3821 2074">
     <span class='ocr_line' id='line_1_34' title="bbox 2286 1997 3821 2074; baseline -0.005 -19"><span class='ocrx_word' id='word_1_243' title='bbox 2286 2003 2579 2074; x_wconf 74' lang='grc' dir='ltr'><strong>ἐξηράνθη.</strong></span> <span class='ocrx_word' id='word_1_244' title='bbox 2610 2002 2700 2070; x_wconf 80' lang='grc' dir='ltr'><strong>Τῷ</strong></span> <span class='ocrx_word' id='word_1_245' title='bbox 2731 2003 2839 2072; x_wconf 84' lang='grc' dir='ltr'><strong>γὰρ</strong></span> <span class='ocrx_word' id='word_1_246' title='bbox 2872 2000 3094 2072; x_wconf 81' lang='grc' dir='ltr'>δακρύῳ</span> <span class='ocrx_word' id='word_1_247' title='bbox 3121 2002 3219 2069; x_wconf 73' lang='grc' dir='ltr'><strong>τῆς</strong></span> <span class='ocrx_word' id='word_1_248' title='bbox 3252 2000 3560 2069; x_wconf 80' lang='grc' dir='ltr'><strong>μετανοίας</strong></span> <span class='ocrx_word' id='word_1_249' title='bbox 3590 1998 3682 2069; x_wconf 77' lang='grc' dir='ltr'><strong>τὴν</strong></span> <span class='ocrx_word' id='word_1_250' title='bbox 3703 1997 3821 2069; x_wconf 76' lang='grc' dir='ltr'><strong>ῥίζαν</strong></span> 
     </span>
    </p>
   </div>
   <div class='ocr_carea' id='block_1_35' title="bbox 616 2086 2180 2162">
    <p class='ocr_par' dir='ltr' id='par_1_35' title="bbox 616 2086 2180 2160">
     <span class='ocr_line' id='line_1_35' title="bbox 616 2086 2180 2160; baseline 0.003 -21"><span class='ocrx_word' id='word_1_251' title='bbox 616 2094 824 2155; x_wconf 90' lang='lat' dir='ltr'><strong>pterea,</strong></span> <span class='ocrx_word' id='word_1_252' title='bbox 868 2087 1044 2157; x_wconf 90' lang='lat' dir='ltr'><strong>inquit</strong></span> <span class='ocrx_word' id='word_1_253' title='bbox 1086 2106 1101 2142; x_wconf 93' lang='lat'><strong>:</strong></span> <span class='ocrx_word' id='word_1_254' title='bbox 1143 2086 1436 2156; x_wconf 80' lang='lat' dir='ltr'><strong>Conﬁtebor</strong></span> <span class='ocrx_word' id='word_1_255' title='bbox 1479 2090 1605 2153; x_wconf 86' lang='lat' dir='ltr'><strong>tibi,</strong></span> <span class='ocrx_word' id='word_1_256' title='bbox 1637 2090 1761 2160; x_wconf 82' lang='lat' dir='ltr'><strong>quia</strong></span> <span class='ocrx_word' id='word_1_257' title='bbox 1805 2090 1994 2160; x_wconf 75' lang='lat' dir='ltr'><strong>fecisti.</strong></span> <span class='ocrx_word' id='word_1_258' title='bbox 2042 2089 2180 2156; x_wconf 87' lang='lat' dir='ltr'><strong>Quid</strong></span> 
     </span>
    </p>
   </div>
   <div class='ocr_carea' id='block_1_36' title="bbox 2254 2086 3818 2162">
    <p class='ocr_par' dir='ltr' id='par_1_36' title="bbox 2286 2090 3818 2162">
     <span class='ocr_line' id='line_1_36' title="bbox 2286 2090 3818 2162; baseline -0.008 -11"><span class='ocrx_word' id='word_1_259' title='bbox 2286 2097 2552 2151; x_wconf 70' lang='grc' dir='ltr'><strong>ἐπότισεν.</strong></span> <span class='ocrx_word' id='word_1_260' title='bbox 2601 2094 2699 2147; x_wconf 84' lang='grc' dir='ltr'><strong>Διὰ</strong></span> <span class='ocrx_word' id='word_1_261' title='bbox 2720 2093 2877 2146; x_wconf 88' lang='grc' dir='ltr'><strong>τοῦτό</strong></span> <span class='ocrx_word' id='word_1_262' title='bbox 2915 2110 3102 2162; x_wconf 83' lang='grc' dir='ltr'><strong>φησιν,</strong></span> <span class='ocrx_word' id='word_1_263' title='bbox 3131 2090 3698 2162; x_wconf 72' lang='grc' dir='ltr'><strong>Ἐξομολογήσομαί</strong></span> <span class='ocrx_word' id='word_1_264' title='bbox 3728 2106 3818 2149; x_wconf 81' lang='grc' dir='ltr'><strong>σοι,</strong></span> 
     </span>
    </p>
   </div>
   <div class='ocr_carea' id='block_1_37' title="bbox 615 2177 2179 2255">
    <p class='ocr_par' dir='ltr' id='par_1_37' title="bbox 615 2177 2179 2251">
     <span class='ocr_line' id='line_1_37' title="bbox 615 2177 2179 2251; baseline 0.003 -19"><span class='ocrx_word' id='word_1_265' title='bbox 615 2177 834 2232; x_wconf 75' lang='lat' dir='ltr'><strong>fecisti?</strong></span> <span class='ocrx_word' id='word_1_266' title='bbox 885 2177 1335 2245; x_wconf 79' lang='lat' dir='ltr'><strong>Misericordiam,</strong></span> <span class='ocrx_word' id='word_1_267' title='bbox 1362 2180 1758 2251; x_wconf 78' lang='lat' dir='ltr'><strong>benignitatem</strong></span> <span class='ocrx_word' id='word_1_268' title='bbox 1781 2223 1795 2247; x_wconf 93' lang='lat'><strong>,</strong></span> <span class='ocrx_word' id='word_1_269' title='bbox 1830 2182 2179 2237; x_wconf 84' lang='lat' dir='ltr'><strong>commisera-</strong></span> 
     </span>
    </p>
   </div>
   <div class='ocr_carea' id='block_1_38' title="bbox 2256 2177 3820 2255">
    <p class='ocr_par' dir='ltr' id='par_1_38' title="bbox 2285 2183 3820 2255">
     <span class='ocr_line' id='line_1_38' title="bbox 2285 2183 3820 2255; baseline -0.008 -12"><span class='ocrx_word' id='word_1_270' title='bbox 2285 2191 2373 2243; x_wconf 87' lang='grc' dir='ltr'><strong>ὅτι</strong></span> <span class='ocrx_word' id='word_1_271' title='bbox 2399 2188 2707 2254; x_wconf 78' lang='grc' dir='ltr'><strong>ἐποίησας.</strong></span> <span class='ocrx_word' id='word_1_272' title='bbox 2731 2187 2795 2240; x_wconf 89' lang='grc' dir='ltr'><strong>Τί</strong></span> <span class='ocrx_word' id='word_1_273' title='bbox 2816 2184 3314 2253; x_wconf 80' lang='grc' dir='ltr'><strong>ἐποίησαςςἝλεος,</strong></span> <span class='ocrx_word' id='word_1_274' title='bbox 3338 2183 3702 2255; x_wconf 67' lang='grc' dir='ltr'><strong>χρηστότητα,</strong></span> <span class='ocrx_word' id='word_1_275' title='bbox 3722 2198 3820 2250; x_wconf 69' lang='grc' dir='ltr'><strong>συμ-</strong></span> 
     </span>
    </p>
   </div>
   <div class='ocr_carea' id='block_1_39' title="bbox 620 2269 2184 2349">
    <p class='ocr_par' dir='ltr' id='par_1_39' title="bbox 620 2269 2184 2349">
     <span class='ocr_line' id='line_1_39' title="bbox 620 2269 2184 2349; baseline 0.003 -26"><span class='ocrx_word' id='word_1_276' title='bbox 620 2269 845 2323; x_wconf 89' lang='lat' dir='ltr'><strong>tionem.</strong></span> <span class='ocrx_word' id='word_1_277' title='bbox 872 2269 1008 2335; x_wconf 85' lang='lat' dir='ltr'><strong>Quia</strong></span> <span class='ocrx_word' id='word_1_278' title='bbox 1033 2286 1157 2325; x_wconf 91' lang='lat' dir='ltr'><strong>eum</strong></span> <span class='ocrx_word' id='word_1_279' title='bbox 1184 2271 1275 2340; x_wconf 89' lang='lat' dir='ltr'><strong>qui</strong></span> <span class='ocrx_word' id='word_1_280' title='bbox 1298 2282 1611 2349; x_wconf 77' lang='lat' dir='ltr'><strong>negaverat,</strong></span> <span class='ocrx_word' id='word_1_281' title='bbox 1634 2273 2013 2343; x_wconf 84' lang='lat' dir='ltr'><strong>mysteriorum</strong></span> <span class='ocrx_word' id='word_1_282' title='bbox 2041 2289 2184 2344; x_wconf 68' lang='lat' dir='ltr'><strong>pra:-</strong></span> 
     </span>
    </p>
   </div>
   <div class='ocr_carea' id='block_1_40' title="bbox 2248 2269 3812 2349">
    <p class='ocr_par' dir='ltr' id='par_1_40' title="bbox 2286 2274 3812 2348">
     <span class='ocr_line' id='line_1_40' title="bbox 2286 2274 3812 2348; baseline -0.009 -11"><span class='ocrx_word' id='word_1_283' title='bbox 2286 2282 2536 2337; x_wconf 84' lang='grc' dir='ltr'><strong>πάθειαν.</strong></span> <span class='ocrx_word' id='word_1_284' title='bbox 2580 2283 2701 2334; x_wconf 88' lang='grc' dir='ltr'><strong>Ὅτι</strong></span> <span class='ocrx_word' id='word_1_285' title='bbox 2742 2285 2833 2333; x_wconf 77' lang='grc' dir='ltr'><strong>τὸν</strong></span> <span class='ocrx_word' id='word_1_286' title='bbox 2896 2278 3272 2348; x_wconf 83' lang='grc' dir='ltr'><strong>ἀρνησάμενον</strong></span> <span class='ocrx_word' id='word_1_287' title='bbox 3330 2277 3559 2345; x_wconf 87' lang='grc' dir='ltr'><strong>κήρυκα</strong></span> <span class='ocrx_word' id='word_1_288' title='bbox 3609 2274 3705 2326; x_wconf 82' lang='grc' dir='ltr'><strong>τῶν</strong></span> <span class='ocrx_word' id='word_1_289' title='bbox 3747 2292 3812 2341; x_wconf 76' lang='grc' dir='ltr'><strong>μυ·</strong></span> 
     </span>
    </p>
   </div>
   <div class='ocr_carea' id='block_1_41' title="bbox 618 2360 2182 2438">
    <p class='ocr_par' dir='ltr' id='par_1_41' title="bbox 618 2360 2182 2427">
     <span class='ocr_line' id='line_1_41' title="bbox 618 2360 2182 2427; baseline 0.001 -14"><span class='ocrx_word' id='word_1_290' title='bbox 618 2375 810 2414; x_wconf 84' lang='lat' dir='ltr'><strong>conem</strong></span> <span class='ocrx_word' id='word_1_291' title='bbox 842 2360 1091 2427; x_wconf 63' lang='lat' dir='ltr'><strong>effecisti,</strong></span> <span class='ocrx_word' id='word_1_292' title='bbox 1121 2361 1428 2417; x_wconf 89' lang='lat' dir='ltr'><strong>colunmam</strong></span> <span class='ocrx_word' id='word_1_293' title='bbox 1460 2362 1782 2417; x_wconf 81' lang='lat' dir='ltr'><strong>titubantem</strong></span> <span class='ocrx_word' id='word_1_294' title='bbox 1818 2361 2182 2427; x_wconf 80' lang='lat' dir='ltr'><strong>confirmasti,</strong></span> 
     </span>
    </p>
   </div>
   <div class='ocr_carea' id='block_1_42' title="bbox 2250 2360 3814 2438">
    <p class='ocr_par' dir='ltr' id='par_1_42' title="bbox 2288 2363 3814 2438">
     <span class='ocr_line' id='line_1_42' title="bbox 2288 2363 3814 2438; baseline -0.005 -17"><span class='ocrx_word' id='word_1_295' title='bbox 2288 2368 2523 2437; x_wconf 79' lang='grc' dir='ltr'><strong>στηρίων</strong></span> <span class='ocrx_word' id='word_1_296' title='bbox 2556 2368 2843 2438; x_wconf 83' lang='grc' dir='ltr'><strong>ἐποίησας,</strong></span> <span class='ocrx_word' id='word_1_297' title='bbox 2875 2364 3064 2418; x_wconf 86' lang='grc' dir='ltr'><strong>στύλον</strong></span> <span class='ocrx_word' id='word_1_298' title='bbox 3096 2365 3187 2417; x_wconf 81' lang='grc' dir='ltr'><strong>τὸν</strong></span> <span class='ocrx_word' id='word_1_299' title='bbox 3232 2364 3573 2417; x_wconf 82' lang='grc' dir='ltr'><strong>σαλευθέντα</strong></span> <span class='ocrx_word' id='word_1_300' title='bbox 3600 2363 3814 2429; x_wconf 67' lang='grc' dir='ltr'><strong>κατέστη-</strong></span> 
     </span>
    </p>
   </div>
   <div class='ocr_carea' id='block_1_43' title="bbox 620 2452 2184 2528">
    <p class='ocr_par' dir='ltr' id='par_1_43' title="bbox 620 2452 2184 2525">
     <span class='ocr_line' id='line_1_43' title="bbox 620 2452 2184 2525; baseline 0 -20"><span class='ocrx_word' id='word_1_301' title='bbox 620 2460 675 2505; x_wconf 90' lang='lat' dir='ltr'><strong>et</strong></span> <span class='ocrx_word' id='word_1_302' title='bbox 704 2467 827 2506; x_wconf 89' lang='lat' dir='ltr'><strong>eum</strong></span> <span class='ocrx_word' id='word_1_303' title='bbox 876 2452 967 2522; x_wconf 87' lang='lat' dir='ltr'><strong>qui</strong></span> <span class='ocrx_word' id='word_1_304' title='bbox 1008 2463 1304 2519; x_wconf 82' lang='lat' dir='ltr'><strong>erraverat,</strong></span> <span class='ocrx_word' id='word_1_305' title='bbox 1358 2464 1633 2524; x_wconf 85' lang='lat' dir='ltr'><strong>pastorem</strong></span> <span class='ocrx_word' id='word_1_306' title='bbox 1675 2469 1936 2525; x_wconf 84' lang='lat' dir='ltr'><strong>agnorum</strong></span> <span class='ocrx_word' id='word_1_307' title='bbox 1979 2452 2184 2506; x_wconf 89' lang='lat' dir='ltr'><strong>consti-</strong></span> 
     </span>
    </p>
   </div>
   <div class='ocr_carea' id='block_1_44' title="bbox 2246 2452 3810 2528">
    <p class='ocr_par' dir='ltr' id='par_1_44' title="bbox 2289 2453 3810 2528">
     <span class='ocr_line' id='line_1_44' title="bbox 2289 2453 3810 2528; baseline -0.009 -14"><span class='ocrx_word' id='word_1_308' title='bbox 2289 2476 2409 2524; x_wconf 89' lang='grc' dir='ltr'><strong>σας,</strong></span> <span class='ocrx_word' id='word_1_309' title='bbox 2440 2461 2533 2512; x_wconf 76' lang='grc' dir='ltr'><strong>καὶ</strong></span> <span class='ocrx_word' id='word_1_310' title='bbox 2566 2459 2798 2528; x_wconf 85' lang='grc' dir='ltr'><strong>ποιμένα</strong></span> <span class='ocrx_word' id='word_1_311' title='bbox 2826 2458 2934 2510; x_wconf 86' lang='grc' dir='ltr'><strong>τῶν</strong></span> <span class='ocrx_word' id='word_1_312' title='bbox 2956 2457 3146 2527; x_wconf 84' lang='grc' dir='ltr'><strong>ἀμνῶν</strong></span> <span class='ocrx_word' id='word_1_313' title='bbox 3170 2457 3262 2510; x_wconf 78' lang='grc' dir='ltr'><strong>τὸν</strong></span> <span class='ocrx_word' id='word_1_314' title='bbox 3291 2455 3645 2523; x_wconf 77' lang='grc' dir='ltr'><strong>πλανηθέντα</strong></span> <span class='ocrx_word' id='word_1_315' title='bbox 3674 2453 3810 2517; x_wconf 60' lang='lat' dir='ltr'><strong>imir-</strong></span> 
     </span>
    </p>
   </div>
   <div class='ocr_carea' id='block_1_45' title="bbox 622 2542 2186 2622">
    <p class='ocr_par' dir='ltr' id='par_1_45' title="bbox 622 2542 2186 2615">
     <span class='ocr_line' id='line_1_45' title="bbox 622 2542 2186 2615; baseline 0.001 -18"><span class='ocrx_word' id='word_1_316' title='bbox 622 2544 793 2599; x_wconf 88' lang='lat' dir='ltr'><strong>tuisti.</strong></span> <span class='ocrx_word' id='word_1_317' title='bbox 820 2542 1025 2597; x_wconf 87' lang='lat' dir='ltr'><strong>Bonum</strong></span> <span class='ocrx_word' id='word_1_318' title='bbox 1053 2556 1235 2602; x_wconf 89' lang='lat' dir='ltr'><strong>autem</strong></span> <span class='ocrx_word' id='word_1_319' title='bbox 1266 2561 1375 2600; x_wconf 90' lang='lat' dir='ltr'><strong>non</strong></span> <span class='ocrx_word' id='word_1_320' title='bbox 1410 2546 1632 2610; x_wconf 71' lang='lat' dir='ltr'><strong>Judaeis.</strong></span> <span class='ocrx_word' id='word_1_321' title='bbox 1665 2561 1843 2615; x_wconf 89' lang='lat' dir='ltr'><strong>neque</strong></span> <span class='ocrx_word' id='word_1_322' title='bbox 1872 2544 2186 2600; x_wconf 64' lang='lat' dir='ltr'><strong>idololatriae</strong></span> 
     </span>
    </p>
   </div>
   <div class='ocr_carea' id='block_1_46' title="bbox 2248 2542 3812 2622">
    <p class='ocr_par' dir='ltr' id='par_1_46' title="bbox 2290 2550 3812 2622">
     <span class='ocr_line' id='line_1_46' title="bbox 2290 2550 3812 2622; baseline -0.008 -14"><span class='ocrx_word' id='word_1_323' title='bbox 2290 2572 2411 2619; x_wconf 90' lang='grc' dir='ltr'><strong>σας.</strong></span> <span class='ocrx_word' id='word_1_324' title='bbox 2445 2552 2720 2622; x_wconf 77' lang='grc' dir='ltr'><strong>Χρηστόν</strong></span> <span class='ocrx_word' id='word_1_325' title='bbox 2742 2553 2799 2606; x_wconf 80' lang='grc' dir='ltr'><strong>δὲ</strong></span> <span class='ocrx_word' id='word_1_326' title='bbox 2825 2553 3235 2619; x_wconf 81' lang='grc' dir='ltr'><strong>οὺκἸουὸαίοις,</strong></span> <span class='ocrx_word' id='word_1_327' title='bbox 3262 2553 3391 2606; x_wconf 74' lang='grc' dir='ltr'><strong>οὐδὲ</strong></span> <span class='ocrx_word' id='word_1_328' title='bbox 3424 2550 3812 2617; x_wconf 75' lang='grc' dir='ltr'><strong>εἰδωλολατρείαν</strong></span> 
     </span>
    </p>
   </div>
   <div class='ocr_carea' id='block_1_47' title="bbox 620 2633 2184 2714">
    <p class='ocr_par' dir='ltr' id='par_1_47' title="bbox 620 2635 2176 2705">
     <span class='ocr_line' id='line_1_47' title="bbox 620 2635 2176 2705; baseline -0.001 -14"><span class='ocrx_word' id='word_1_329' title='bbox 620 2637 813 2691; x_wconf 86' lang='lat' dir='ltr'><strong>morbo</strong></span> <span class='ocrx_word' id='word_1_330' title='bbox 831 2636 1202 2693; x_wconf 86' lang='lat' dir='ltr'><strong>laborantibus</strong></span> <span class='ocrx_word' id='word_1_331' title='bbox 1219 2680 1234 2704; x_wconf 97' lang='lat'><strong>,</strong></span> <span class='ocrx_word' id='word_1_332' title='bbox 1256 2638 1352 2693; x_wconf 88' lang='lat' dir='ltr'><strong>sed</strong></span> <span class='ocrx_word' id='word_1_333' title='bbox 1381 2640 1437 2692; x_wconf 85' lang='lat' dir='ltr'><strong>in</strong></span> <span class='ocrx_word' id='word_1_334' title='bbox 1463 2648 1733 2702; x_wconf 78' lang='lat' dir='ltr'><strong>conspectu</strong></span> <span class='ocrx_word' id='word_1_335' title='bbox 1755 2646 2057 2692; x_wconf 82' lang='lat' dir='ltr'><strong>sanctorum</strong></span> <span class='ocrx_word' id='word_1_336' title='bbox 2082 2635 2176 2705; x_wconf 90' lang='lat' dir='ltr'><strong>qui</strong></span> 
     </span>
    </p>
   </div>
   <div class='ocr_carea' id='block_1_48' title="bbox 2243 2633 3807 2714">
    <p class='ocr_par' dir='ltr' id='par_1_48' title="bbox 2289 2633 3807 2714">
     <span class='ocr_line' id='line_1_48' title="bbox 2289 2633 3807 2714; baseline -0.007 -13"><span class='ocrx_word' id='word_1_337' title='bbox 2289 2647 2557 2713; x_wconf 81' lang='grc' dir='ltr'><strong>νοσοῦσιν,</strong></span> <span class='ocrx_word' id='word_1_338' title='bbox 2591 2647 2703 2700; x_wconf 80' lang='grc' dir='ltr'><strong>ἀλλ’</strong></span> <span class='ocrx_word' id='word_1_339' title='bbox 2726 2647 3003 2701; x_wconf 80' lang='grc' dir='ltr'><strong>ἐναντίον</strong></span> <span class='ocrx_word' id='word_1_340' title='bbox 3033 2647 3158 2714; x_wconf 82' lang='grc' dir='ltr'><strong>τοῖς</strong></span> <span class='ocrx_word' id='word_1_341' title='bbox 3185 2633 3408 2712; x_wconf 66' lang='grc' dir='ltr'><strong>ὁσίοιςί,</strong></span> <span class='ocrx_word' id='word_1_342' title='bbox 3443 2648 3557 2706; x_wconf 79' lang='grc' dir='ltr'><strong>τοῖς</strong></span> <span class='ocrx_word' id='word_1_343' title='bbox 3594 2643 3673 2696; x_wconf 77' lang='grc' dir='ltr'><strong>διὰ</strong></span> <span class='ocrx_word' id='word_1_344' title='bbox 3694 2642 3807 2711; x_wconf 76' lang='grc' dir='ltr'><strong>χάρι·</strong></span> 
     </span>
    </p>
   </div>
   <div class='ocr_carea' id='block_1_49' title="bbox 620 2727 2184 2812">
    <p class='ocr_par' dir='ltr' id='par_1_49' title="bbox 620 2727 2184 2798">
     <span class='ocr_line' id='line_1_49' title="bbox 620 2727 2184 2798; baseline 0.002 -21"><span class='ocrx_word' id='word_1_345' title='bbox 620 2741 719 2796; x_wconf 85' lang='lat' dir='ltr'><strong>per</strong></span> <span class='ocrx_word' id='word_1_346' title='bbox 746 2729 971 2798; x_wconf 78' lang='lat' dir='ltr'><strong>gratiam</strong></span> <span class='ocrx_word' id='word_1_347' title='bbox 1026 2738 1082 2784; x_wconf 90' lang='lat' dir='ltr'><strong>et</strong></span> <span class='ocrx_word' id='word_1_348' title='bbox 1112 2729 1351 2784; x_wconf 72' lang='lat' dir='ltr'><strong>laetitiam</strong></span> <span class='ocrx_word' id='word_1_349' title='bbox 1380 2729 1658 2798; x_wconf 79' lang='lat' dir='ltr'><strong>iustificati</strong></span> <span class='ocrx_word' id='word_1_350' title='bbox 1706 2738 1854 2783; x_wconf 91' lang='lat' dir='ltr'><strong>sunt.</strong></span> <span class='ocrx_word' id='word_1_351' title='bbox 1904 2727 2000 2781; x_wconf 80' lang='lat' dir='ltr'><strong>His</strong></span> <span class='ocrx_word' id='word_1_352' title='bbox 2044 2728 2184 2781; x_wconf 91' lang='lat' dir='ltr'><strong>enim</strong></span> 
     </span>
    </p>
   </div>
   <div class='ocr_carea' id='block_1_50' title="bbox 2245 2727 3809 2812">
    <p class='ocr_par' dir='ltr' id='par_1_50' title="bbox 2290 2732 3809 2812">
     <span class='ocr_line' id='line_1_50' title="bbox 2290 2732 3809 2812; baseline -0.009 -16"><span class='ocrx_word' id='word_1_353' title='bbox 2290 2758 2380 2805; x_wconf 87' lang='grc' dir='ltr'><strong>τος</strong></span> <span class='ocrx_word' id='word_1_354' title='bbox 2406 2742 2500 2796; x_wconf 77' lang='grc' dir='ltr'><strong>καὶ</strong></span> <span class='ocrx_word' id='word_1_355' title='bbox 2524 2740 3225 2812; x_wconf 74' lang='grc' dir='ltr'><strong>εὐφροσύνηςδικαιωθεῖσι.</strong></span> <span class='ocrx_word' id='word_1_356' title='bbox 3247 2738 3414 2809; x_wconf 84' lang='grc' dir='ltr'><strong>Παρά</strong></span> <span class='ocrx_word' id='word_1_357' title='bbox 3445 2736 3646 2797; x_wconf 79' lang='grc' dir='ltr'><strong>τούτοις</strong></span> <span class='ocrx_word' id='word_1_358' title='bbox 3670 2734 3755 2802; x_wconf 76' lang='grc' dir='ltr'><strong>γὰρ</strong></span> <span class='ocrx_word' id='word_1_359' title='bbox 3771 2732 3809 2783; x_wconf 59' lang='grc' dir='ltr'><strong>τί</strong></span> 
     </span>
    </p>
   </div>
   <div class='ocr_carea' id='block_1_51' title="bbox 623 2817 2187 2905">
    <p class='ocr_par' dir='ltr' id='par_1_51' title="bbox 623 2817 2187 2889">
     <span class='ocr_line' id='line_1_51' title="bbox 623 2817 2187 2889; baseline 0.001 -19"><span class='ocrx_word' id='word_1_360' title='bbox 623 2832 820 2871; x_wconf 79' lang='lat' dir='ltr'><strong>nomen</strong></span> <span class='ocrx_word' id='word_1_361' title='bbox 862 2819 982 2888; x_wconf 87' lang='lat' dir='ltr'><strong>ejus</strong></span> <span class='ocrx_word' id='word_1_362' title='bbox 1027 2820 1253 2874; x_wconf 92' lang='lat' dir='ltr'><strong>bonum.</strong></span> <span class='ocrx_word' id='word_1_363' title='bbox 1294 2817 1437 2885; x_wconf 83' lang='lat' dir='ltr'><strong>Quid</strong></span> <span class='ocrx_word' id='word_1_364' title='bbox 1481 2819 1627 2874; x_wconf 88' lang='lat' dir='ltr'><strong>enim</strong></span> <span class='ocrx_word' id='word_1_365' title='bbox 1661 2818 1789 2873; x_wconf 78' lang='lat' dir='ltr'><strong>Jesu</strong></span> <span class='ocrx_word' id='word_1_366' title='bbox 1833 2819 2187 2889; x_wconf 89' lang='lat' dir='ltr'><strong>appellatione</strong></span> 
     </span>
    </p>
   </div>
   <div class='ocr_carea' id='block_1_52' title="bbox 2241 2817 3805 2905">
    <p class='ocr_par' dir='ltr' id='par_1_52' title="bbox 2290 2829 3805 2905">
     <span class='ocr_line' id='line_1_52' title="bbox 2290 2829 3805 2905; baseline -0.008 -17"><span class='ocrx_word' id='word_1_367' title='bbox 2290 2835 2461 2903; x_wconf 78' lang='grc' dir='ltr'><strong>θνομα</strong></span> <span class='ocrx_word' id='word_1_368' title='bbox 2488 2833 2652 2888; x_wconf 81' lang='grc' dir='ltr'><strong>αὑτοῦ</strong></span> <span class='ocrx_word' id='word_1_369' title='bbox 2695 2834 2951 2905; x_wconf 85' lang='grc' dir='ltr'><strong>χρηστόν.</strong></span> <span class='ocrx_word' id='word_1_370' title='bbox 2998 2833 3063 2886; x_wconf 89' lang='grc' dir='ltr'><strong>Τί</strong></span> <span class='ocrx_word' id='word_1_371' title='bbox 3094 2833 3202 2905; x_wconf 78' lang='grc' dir='ltr'><strong>γὰρ</strong></span> <span class='ocrx_word' id='word_1_372' title='bbox 3230 2831 3327 2885; x_wconf 91' lang='grc' dir='ltr'><strong>τοῦ</strong></span> <span class='ocrx_word' id='word_1_373' title='bbox 3374 2829 3553 2902; x_wconf 85' lang='grc' dir='ltr'><strong>Ἰησοῦ</strong></span> <span class='ocrx_word' id='word_1_374' title='bbox 3587 2844 3805 2898; x_wconf 73' lang='grc' dir='ltr'><strong>προσηγο-</strong></span> 
     </span>
    </p>
   </div>
   <div class='ocr_carea' id='block_1_53' title="bbox 623 2909 2187 2996">
    <p class='ocr_par' dir='ltr' id='par_1_53' title="bbox 623 2909 2187 2981">
     <span class='ocr_line' id='line_1_53' title="bbox 623 2909 2187 2981; baseline 0.001 -18"><span class='ocrx_word' id='word_1_375' title='bbox 623 2909 886 2964; x_wconf 83' lang='lat' dir='ltr'><strong>suavius?</strong></span> <span class='ocrx_word' id='word_1_376' title='bbox 919 2910 1187 2980; x_wconf 80' lang='lat' dir='ltr'><strong>Exspecto</strong></span> <span class='ocrx_word' id='word_1_377' title='bbox 1215 2921 1437 2965; x_wconf 89' lang='lat' dir='ltr'><strong>autem:</strong></span> <span class='ocrx_word' id='word_1_378' title='bbox 1481 2911 1548 2965; x_wconf 87' lang='lat' dir='ltr'><strong>ad</strong></span> <span class='ocrx_word' id='word_1_379' title='bbox 1582 2910 1748 2981; x_wconf 88' lang='lat' dir='ltr'><strong>quid?</strong></span> <span class='ocrx_word' id='word_1_380' title='bbox 1788 2911 2043 2980; x_wconf 90' lang='lat' dir='ltr'><strong>quoniam</strong></span> <span class='ocrx_word' id='word_1_381' title='bbox 2099 2910 2187 2981; x_wconf 91' lang='lat' dir='ltr'><strong>qui</strong></span> 
     </span>
    </p>
   </div>
   <div class='ocr_carea' id='block_1_54' title="bbox 2242 2909 3806 2996">
    <p class='ocr_par' dir='ltr' id='par_1_54' title="bbox 2296 2916 3806 2996">
     <span class='ocr_line' id='line_1_54' title="bbox 2296 2916 3806 2996; baseline -0.007 -18"><span class='ocrx_word' id='word_1_382' title='bbox 2296 2926 2418 2996; x_wconf 90' lang='grc' dir='ltr'><strong>ρίας</strong></span> <span class='ocrx_word' id='word_1_383' title='bbox 2454 2924 2855 2995; x_wconf 87' lang='grc' dir='ltr'><strong>χρηστότερον;</strong></span> <span class='ocrx_word' id='word_1_384' title='bbox 2884 2922 3173 2994; x_wconf 80' lang='grc' dir='ltr'><strong>Ὑπομένω</strong></span> <span class='ocrx_word' id='word_1_385' title='bbox 3205 2922 3262 2976; x_wconf 82' lang='grc' dir='ltr'><strong>δέ</strong></span> <span class='ocrx_word' id='word_1_386' title='bbox 3282 2939 3297 2953; x_wconf 65' lang='grc' dir='ltr'>υ</span> <span class='ocrx_word' id='word_1_387' title='bbox 3328 2922 3421 2975; x_wconf 87' lang='grc' dir='ltr'><strong>διά</strong></span> <span class='ocrx_word' id='word_1_388' title='bbox 3450 2920 3504 2973; x_wconf 86' lang='grc' dir='ltr'><strong>τί</strong></span> <span class='ocrx_word' id='word_1_389' title='bbox 3529 2938 3544 2985; x_wconf 87' lang='grc'>;</span> <span class='ocrx_word' id='word_1_390' title='bbox 3586 2916 3806 2987; x_wconf 74' lang='grc' dir='ltr'><strong>Ἐπειδὴὸ</strong></span> 
     </span>
    </p>
   </div>
   <div class='ocr_carea' id='block_1_55' title="bbox 622 3002 2186 3091">
    <p class='ocr_par' dir='ltr' id='par_1_55' title="bbox 622 3002 1675 3070">
     <span class='ocr_line' id='line_1_55' title="bbox 622 3002 1675 3070; baseline 0.003 -16"><span class='ocrx_word' id='word_1_391' title='bbox 622 3009 901 3070; x_wconf 77' lang='lat' dir='ltr'><strong>exspectat</strong></span> <span class='ocrx_word' id='word_1_392' title='bbox 928 3002 984 3055; x_wconf 88' lang='lat' dir='ltr'><strong>in</strong></span> <span class='ocrx_word' id='word_1_393' title='bbox 1016 3002 1200 3067; x_wconf 83' lang='lat' dir='ltr'><strong>finem,</strong></span> <span class='ocrx_word' id='word_1_394' title='bbox 1231 3004 1318 3059; x_wconf 87' lang='lat' dir='ltr'><strong>hic</strong></span> <span class='ocrx_word' id='word_1_395' title='bbox 1343 3004 1526 3058; x_wconf 89' lang='lat' dir='ltr'><strong>salvus</strong></span> <span class='ocrx_word' id='word_1_396' title='bbox 1550 3004 1675 3058; x_wconf 87' lang='lat' dir='ltr'><strong>erit.</strong></span> 
     </span>
    </p>
   </div>
   <div class='ocr_carea' id='block_1_56' title="bbox 1888 3002 3452 3091">
    <p class='ocr_par' dir='ltr' id='par_1_56' title="bbox 2295 3012 3452 3091">
     <span class='ocr_line' id='line_1_56' title="bbox 2295 3012 3452 3091; baseline -0.004 -17"><span class='ocrx_word' id='word_1_397' title='bbox 2295 3020 2596 3091; x_wconf 79' lang='grc' dir='ltr'><strong>ὑπομείνας</strong></span> <span class='ocrx_word' id='word_1_398' title='bbox 2619 3020 2698 3084; x_wconf 88' lang='grc' dir='ltr'><strong>εἰς</strong></span> <span class='ocrx_word' id='word_1_399' title='bbox 2723 3019 2897 3085; x_wconf 83' lang='grc' dir='ltr'><strong>τέλος,</strong></span> <span class='ocrx_word' id='word_1_400' title='bbox 2929 3012 3086 3082; x_wconf 78' lang='grc' dir='ltr'><strong>οὗτος</strong></span> <span class='ocrx_word' id='word_1_401' title='bbox 3120 3018 3452 3087; x_wconf 81' lang='grc' dir='ltr'><strong>σωθήσεται.</strong></span> 
     </span>
    </p>
   </div>
   <div class='ocr_carea' id='block_1_57' title="bbox 1172 3110 2736 3172">
    <p class='ocr_par' dir='ltr' id='par_1_57' title="bbox 1172 3116 1636 3172">
     <span class='ocr_line' id='line_1_57' title="bbox 1172 3116 1636 3172; baseline -0.002 -1"><span class='ocrx_word' id='word_1_402' title='bbox 1172 3116 1494 3172; x_wconf 73' lang='lat' dir='ltr'><strong>PSALMUS</strong></span> <span class='ocrx_word' id='word_1_403' title='bbox 1524 3117 1636 3170; x_wconf 81' lang='lat' dir='ltr'><strong>LII.</strong></span> 
     </span>
    </p>
   </div>
   <div class='ocr_carea' id='block_1_58' title="bbox 1730 3110 3294 3172">
    <p class='ocr_par' dir='ltr' id='par_1_58' title="bbox 2857 3110 3294 3164">
     <span class='ocr_line' id='line_1_58' title="bbox 2857 3110 3294 3164; baseline -0.007 0"><span class='ocrx_word' id='word_1_404' title='bbox 2857 3111 3149 3164; x_wconf 80' lang='grc' dir='ltr'><strong>ΨΑΛΜΟΣ</strong></span> <span class='ocrx_word' id='word_1_405' title='bbox 3168 3110 3213 3162; x_wconf 83' lang='grc' dir='ltr'>Ν</span> <span class='ocrx_word' id='word_1_406' title='bbox 3220 3110 3294 3161; x_wconf 85' lang='grc' dir='ltr'><strong>Β’.</strong></span> 
     </span>
    </p>
   </div>
   <div class='ocr_carea' id='block_1_59' title="bbox 693 3201 2257 3279">
    <p class='ocr_par' dir='ltr' id='par_1_59' title="bbox 693 3202 2257 3279">
     <span class='ocr_line' id='line_1_59' title="bbox 693 3202 2257 3279; baseline 0.003 -22"><span class='ocrx_word' id='word_1_407' title='bbox 693 3202 858 3260; x_wconf 70' lang='lat' dir='ltr'><strong>Vsus.</strong></span> <span class='ocrx_word' id='word_1_408' title='bbox 892 3206 943 3259; x_wconf 79' lang='lat' dir='ltr'><strong>l.</strong></span> <span class='ocrx_word' id='word_1_409' title='bbox 978 3225 995 3258; x_wconf 86' lang='grc' dir='ltr'><strong>ι</strong></span> <span class='ocrx_word' id='word_1_410' title='bbox 1037 3207 1183 3263; x_wconf 81' lang='lat' dir='ltr'><strong>Dixit</strong></span> <span class='ocrx_word' id='word_1_411' title='bbox 1209 3208 1474 3279; x_wconf 87' lang='lat' dir='ltr'><strong>insipiens</strong></span> <span class='ocrx_word' id='word_1_412' title='bbox 1502 3209 1556 3262; x_wconf 91' lang='lat' dir='ltr'><strong>in</strong></span> <span class='ocrx_word' id='word_1_413' title='bbox 1588 3209 1751 3264; x_wconf 91' lang='lat' dir='ltr'><strong>corde</strong></span> <span class='ocrx_word' id='word_1_414' title='bbox 1783 3225 1902 3265; x_wconf 90' lang='lat' dir='ltr'><strong>suo.</strong></span> <span class='ocrx_word' id='word_1_415' title='bbox 1946 3229 1964 3261; x_wconf 75' lang='grc' dir='ltr'><strong>ι</strong></span> <span class='ocrx_word' id='word_1_416' title='bbox 2214 3210 2257 3272; x_wconf 85' lang='lat' dir='ltr'>C</span> 
     </span>
    </p>
   </div>
   <div class='ocr_carea' id='block_1_60' title="bbox 1836 3201 3400 3279">
    <p class='ocr_par' dir='ltr' id='par_1_60' title="bbox 1836 3201 3400 3275">
     <span class='ocr_line' id='line_1_60' title="bbox 1836 3201 3400 3275; baseline -0.008 -11"><span class='ocrx_word' id='word_1_417' title='bbox 1836 3225 1902 3264; x_wconf 90' lang='lat' dir='ltr'><strong>to.</strong></span> <span class='ocrx_word' id='word_1_418' title='bbox 1946 3229 1964 3261; x_wconf 74' lang='grc' dir='ltr'><strong>ι</strong></span> <span class='ocrx_word' id='word_1_419' title='bbox 2214 3210 2259 3272; x_wconf 73' lang='grc' dir='ltr'><strong>(ζ</strong></span> <span class='ocrx_word' id='word_1_420' title='bbox 2367 3222 2386 3256; x_wconf 81' lang='grc' dir='ltr'><strong>ι</strong></span> <span class='ocrx_word' id='word_1_421' title='bbox 2422 3201 2589 3257; x_wconf 79' lang='grc' dir='ltr'><strong>Εἶπεν</strong></span> <span class='ocrx_word' id='word_1_422' title='bbox 2626 3202 2813 3275; x_wconf 74' lang='grc' dir='ltr'><strong>ἄφρων</strong></span> <span class='ocrx_word' id='word_1_423' title='bbox 2833 3203 2890 3254; x_wconf 77' lang='grc' dir='ltr'><strong>ὲν</strong></span> <span class='ocrx_word' id='word_1_424' title='bbox 2919 3202 3114 3274; x_wconf 75' lang='grc' dir='ltr'><strong>καρδίᾳ</strong></span> <span class='ocrx_word' id='word_1_425' title='bbox 3148 3201 3335 3255; x_wconf 83' lang='grc' dir='ltr'><strong>αὑτοῦ.</strong></span> <span class='ocrx_word' id='word_1_426' title='bbox 3383 3219 3400 3252; x_wconf 78' lang='grc' dir='ltr'><strong>ι</strong></span> 
     </span>
    </p>
   </div>
   <div class='ocr_carea' id='block_1_61' title="bbox 698 3285 2262 3369">
    <p class='ocr_par' dir='ltr' id='par_1_61' title="bbox 698 3294 2195 3369">
     <span class='ocr_line' id='line_1_61' title="bbox 698 3294 2195 3369; baseline 0.001 -19"><span class='ocrx_word' id='word_1_427' title='bbox 698 3294 866 3365; x_wconf 88' lang='lat' dir='ltr'><strong>Cujus</strong></span> <span class='ocrx_word' id='word_1_428' title='bbox 904 3297 1049 3351; x_wconf 89' lang='lat' dir='ltr'><strong>enim</strong></span> <span class='ocrx_word' id='word_1_429' title='bbox 1100 3308 1217 3353; x_wconf 89' lang='lat' dir='ltr'><strong>erat</strong></span> <span class='ocrx_word' id='word_1_430' title='bbox 1267 3299 1412 3353; x_wconf 91' lang='lat' dir='ltr'><strong>istud</strong></span> <span class='ocrx_word' id='word_1_431' title='bbox 1459 3300 1662 3365; x_wconf 86' lang='lat' dir='ltr'><strong>dicere,</strong></span> <span class='ocrx_word' id='word_1_432' title='bbox 1694 3299 1802 3354; x_wconf 89' lang='lat' dir='ltr'><strong>nisi</strong></span> <span class='ocrx_word' id='word_1_433' title='bbox 1844 3298 2195 3369; x_wconf 82' lang='lat' dir='ltr'><strong>insipientis?</strong></span> 
     </span>
    </p>
   </div>
   <div class='ocr_carea' id='block_1_62' title="bbox 2236 3285 3800 3369">
    <p class='ocr_par' dir='ltr' id='par_1_62' title="bbox 2367 3285 3800 3365">
     <span class='ocr_line' id='line_1_62' title="bbox 2367 3285 3800 3365; baseline -0.007 -18"><span class='ocrx_word' id='word_1_434' title='bbox 2367 3294 2521 3357; x_wconf 83' lang='grc' dir='ltr'><strong>Τίνος</strong></span> <span class='ocrx_word' id='word_1_435' title='bbox 2545 3294 2652 3365; x_wconf 81' lang='grc' dir='ltr'><strong>γὰρ</strong></span> <span class='ocrx_word' id='word_1_436' title='bbox 2696 3290 2763 3365; x_wconf 80' lang='grc' dir='ltr'><strong>ἦν</strong></span> <span class='ocrx_word' id='word_1_437' title='bbox 2789 3292 2947 3347; x_wconf 88' lang='grc' dir='ltr'><strong>τοῦτο</strong></span> <span class='ocrx_word' id='word_1_438' title='bbox 2996 3293 3192 3360; x_wconf 81' lang='grc' dir='ltr'><strong>λέγειν,</strong></span> <span class='ocrx_word' id='word_1_439' title='bbox 3226 3292 3343 3345; x_wconf 81' lang='grc' dir='ltr'><strong>ἀλλ’</strong></span> <span class='ocrx_word' id='word_1_440' title='bbox 3376 3291 3411 3361; x_wconf 80' lang='grc' dir='ltr'>ἢ</span> <span class='ocrx_word' id='word_1_441' title='bbox 3436 3290 3685 3360; x_wconf 74' lang='grc' dir='ltr'><strong>ἀφρονοςς</strong></span> <span class='ocrx_word' id='word_1_442' title='bbox 3714 3285 3800 3353; x_wconf 59' lang='grc' dir='ltr'><strong>πρὶ</strong></span> 
     </span>
    </p>
   </div>
   <div class='ocr_carea' id='block_1_63' title="bbox 628 3374 2192 3463">
    <p class='ocr_par' dir='ltr' id='par_1_63' title="bbox 628 3390 2192 3463">
     <span class='ocr_line' id='line_1_63' title="bbox 628 3390 2192 3463; baseline 0.002 -20"><span class='ocrx_word' id='word_1_443' title='bbox 628 3390 697 3443; x_wconf 86' lang='lat' dir='ltr'><strong>de</strong></span> <span class='ocrx_word' id='word_1_444' title='bbox 743 3405 851 3458; x_wconf 90' lang='lat' dir='ltr'><strong>quo</strong></span> <span class='ocrx_word' id='word_1_445' title='bbox 882 3390 1049 3445; x_wconf 83' lang='lat' dir='ltr'><strong>Isaias</strong></span> <span class='ocrx_word' id='word_1_446' title='bbox 1077 3391 1215 3445; x_wconf 85' lang='lat' dir='ltr'><strong>dixit</strong></span> <span class='ocrx_word' id='word_1_447' title='bbox 1250 3410 1265 3444; x_wconf 85' lang='lat'>:</span> <span class='ocrx_word' id='word_1_448' title='bbox 1311 3390 1519 3445; x_wconf 78' lang='lat' dir='ltr'><strong>Fatuus</strong></span> <span class='ocrx_word' id='word_1_449' title='bbox 1566 3394 1715 3463; x_wconf 75' lang='lat' dir='ltr'><strong>fatua</strong></span> <span class='ocrx_word' id='word_1_450' title='bbox 1747 3392 2003 3461; x_wconf 80' lang='lat' dir='ltr'><strong>loquetur,</strong></span> <span class='ocrx_word' id='word_1_451' title='bbox 2035 3400 2084 3446; x_wconf 90' lang='lat' dir='ltr'><strong>et</strong></span> <span class='ocrx_word' id='word_1_452' title='bbox 2110 3408 2192 3446; x_wconf 83' lang='lat' dir='ltr'><strong>cor</strong></span> 
     </span>
    </p>
   </div>
   <div class='ocr_carea' id='block_1_64' title="bbox 2233 3374 3797 3463">
    <p class='ocr_par' dir='ltr' id='par_1_64' title="bbox 2295 3374 3797 3454">
     <span class='ocr_line' id='line_1_64' title="bbox 2295 3374 3797 3454; baseline -0.011 -13"><span class='ocrx_word' id='word_1_453' title='bbox 2295 3380 2357 3441; x_wconf 74' lang='grc' dir='ltr'><strong>οὗ</strong></span> <span class='ocrx_word' id='word_1_454' title='bbox 2398 3386 2625 3449; x_wconf 73' lang='grc' dir='ltr'><strong>Ἡσαΐας</strong></span> <span class='ocrx_word' id='word_1_455' title='bbox 2660 3384 2843 3454; x_wconf 80' lang='grc' dir='ltr'><strong>ἔλεγεν</strong></span> <span class='ocrx_word' id='word_1_456' title='bbox 2868 3400 2883 3417; x_wconf 78' lang='grc'><strong><em>⁸</em></strong></span> <span class='ocrx_word' id='word_1_457' title='bbox 2943 3383 3005 3439; x_wconf 86' lang='lat'><strong>&#39;0</strong></span> <span class='ocrx_word' id='word_1_458' title='bbox 3028 3384 3227 3454; x_wconf 81' lang='grc' dir='ltr'><strong>μωρὸς</strong></span> <span class='ocrx_word' id='word_1_459' title='bbox 3252 3384 3425 3452; x_wconf 83' lang='grc' dir='ltr'><strong>μωρὰ</strong></span> <span class='ocrx_word' id='word_1_460' title='bbox 3451 3380 3703 3446; x_wconf 73' lang='grc' dir='ltr'><strong>λαλήσει,</strong></span> <span class='ocrx_word' id='word_1_461' title='bbox 3732 3374 3797 3427; x_wconf 71' lang='grc' dir='ltr'><strong>καί</strong></span> 
     </span>
    </p>
   </div>
   <div class='ocr_carea' id='block_1_65' title="bbox 629 3468 2193 3554">
    <p class='ocr_par' dir='ltr' id='par_1_65' title="bbox 629 3481 2193 3554">
     <span class='ocr_line' id='line_1_65' title="bbox 629 3481 2193 3554; baseline 0.003 -19"><span class='ocrx_word' id='word_1_462' title='bbox 629 3481 742 3551; x_wconf 74' lang='lat' dir='ltr'><strong>ejus</strong></span> <span class='ocrx_word' id='word_1_463' title='bbox 771 3499 908 3535; x_wconf 80' lang='lat' dir='ltr'><strong>vana</strong></span> <span class='ocrx_word' id='word_1_464' title='bbox 961 3483 1209 3554; x_wconf 83' lang='lat' dir='ltr'><strong>intelliget</strong></span> <span class='ocrx_word' id='word_1_465' title='bbox 1233 3484 1298 3539; x_wconf 83' lang='lat'><strong>&quot;.</strong></span> <span class='ocrx_word' id='word_1_466' title='bbox 1340 3484 1528 3550; x_wconf 88' lang='lat' dir='ltr'><strong>Qualia</strong></span> <span class='ocrx_word' id='word_1_467' title='bbox 1581 3485 1722 3539; x_wconf 88' lang='lat' dir='ltr'><strong>ista?</strong></span> <span class='ocrx_word' id='word_1_468' title='bbox 1762 3485 2029 3550; x_wconf 86' lang='lat' dir='ltr'><strong>Quoniam</strong></span> <span class='ocrx_word' id='word_1_469' title='bbox 2073 3500 2193 3539; x_wconf 90' lang='lat' dir='ltr'><strong>cum</strong></span> 
     </span>
    </p>
   </div>
   <div class='ocr_carea' id='block_1_66' title="bbox 2230 3468 3794 3554">
    <p class='ocr_par' dir='ltr' id='par_1_66' title="bbox 2296 3468 3794 3546">
     <span class='ocr_line' id='line_1_66' title="bbox 2296 3468 3794 3546; baseline -0.009 -15"><span class='ocrx_word' id='word_1_470' title='bbox 2296 3478 2335 3544; x_wconf 81' lang='grc' dir='ltr'><strong><em>ἠ</em></strong></span> <span class='ocrx_word' id='word_1_471' title='bbox 2377 3477 2591 3545; x_wconf 81' lang='grc' dir='ltr'><strong>καρδία</strong></span> <span class='ocrx_word' id='word_1_472' title='bbox 2639 3477 2827 3531; x_wconf 75' lang='grc' dir='ltr'><strong>αὑτοῦ</strong></span> <span class='ocrx_word' id='word_1_473' title='bbox 2867 3476 3089 3546; x_wconf 80' lang='grc' dir='ltr'><strong>μάταια</strong></span> <span class='ocrx_word' id='word_1_474' title='bbox 3128 3476 3446 3545; x_wconf 67' lang='grc' dir='ltr'><strong>φρονήσει.</strong></span> <span class='ocrx_word' id='word_1_475' title='bbox 3484 3474 3611 3526; x_wconf 84' lang='grc' dir='ltr'><strong>Ποῖα</strong></span> <span class='ocrx_word' id='word_1_476' title='bbox 3644 3468 3794 3525; x_wconf 60' lang='lat' dir='ltr'><strong>satira;</strong></span> 
     </span>
    </p>
   </div>
   <div class='ocr_carea' id='block_1_67' title="bbox 627 3557 2191 3647">
    <p class='ocr_par' dir='ltr' id='par_1_67' title="bbox 627 3576 2191 3647">
     <span class='ocr_line' id='line_1_67' title="bbox 627 3576 2191 3647; baseline 0.003 -21"><span class='ocrx_word' id='word_1_477' title='bbox 627 3588 791 3643; x_wconf 87' lang='lat' dir='ltr'><strong>prava</strong></span> <span class='ocrx_word' id='word_1_478' title='bbox 831 3577 1075 3643; x_wconf 63' lang='lat' dir='ltr'><strong>quaedam</strong></span> <span class='ocrx_word' id='word_1_479' title='bbox 1124 3584 1179 3629; x_wconf 88' lang='lat' dir='ltr'><strong>et</strong></span> <span class='ocrx_word' id='word_1_480' title='bbox 1224 3576 1459 3632; x_wconf 87' lang='lat' dir='ltr'><strong>absurda</strong></span> <span class='ocrx_word' id='word_1_481' title='bbox 1503 3585 1801 3647; x_wconf 87' lang='lat' dir='ltr'><strong>patrantes,</strong></span> <span class='ocrx_word' id='word_1_482' title='bbox 1854 3585 1909 3630; x_wconf 88' lang='lat' dir='ltr'><strong>et</strong></span> <span class='ocrx_word' id='word_1_483' title='bbox 1937 3576 2030 3630; x_wconf 86' lang='lat' dir='ltr'><strong>Dei</strong></span> <span class='ocrx_word' id='word_1_484' title='bbox 2072 3591 2191 3645; x_wconf 84' lang='lat' dir='ltr'><strong>erga</strong></span> 
     </span>
    </p>
   </div>
   <div class='ocr_carea' id='block_1_68' title="bbox 2230 3557 3794 3647">
    <p class='ocr_par' dir='ltr' id='par_1_68' title="bbox 2300 3557 3794 3639">
     <span class='ocr_line' id='line_1_68' title="bbox 2300 3557 3794 3639; baseline -0.009 -16"><span class='ocrx_word' id='word_1_485' title='bbox 2300 3571 2419 3623; x_wconf 68' lang='lat' dir='ltr'><strong>&quot;Ott</strong></span> <span class='ocrx_word' id='word_1_486' title='bbox 2452 3568 2631 3639; x_wconf 80' lang='grc' dir='ltr'><strong>φαῦλά</strong></span> <span class='ocrx_word' id='word_1_487' title='bbox 2659 3588 2782 3624; x_wconf 89' lang='grc' dir='ltr'><strong>τινα</strong></span> <span class='ocrx_word' id='word_1_488' title='bbox 2804 3572 2896 3623; x_wconf 74' lang='grc' dir='ltr'><strong>καὶ</strong></span> <span class='ocrx_word' id='word_1_489' title='bbox 2918 3570 3097 3624; x_wconf 83' lang='grc' dir='ltr'><strong>ἄτοπα</strong></span> <span class='ocrx_word' id='word_1_490' title='bbox 3123 3569 3510 3639; x_wconf 79' lang='grc' dir='ltr'><strong>ἐργαζόμενοι,</strong></span> <span class='ocrx_word' id='word_1_491' title='bbox 3535 3564 3620 3618; x_wconf 74' lang='grc' dir='ltr'><strong>καὶ</strong></span> <span class='ocrx_word' id='word_1_492' title='bbox 3637 3562 3713 3631; x_wconf 78' lang='grc' dir='ltr'><strong>τὴν</strong></span> <span class='ocrx_word' id='word_1_493' title='bbox 3735 3557 3794 3611; x_wconf 78' lang='grc' dir='ltr'><strong>ἐπ’</strong></span> 
     </span>
    </p>
   </div>
   <div class='ocr_carea' id='block_1_69' title="bbox 628 3651 2192 3734">
    <p class='ocr_par' dir='ltr' id='par_1_69' title="bbox 628 3661 2192 3734">
     <span class='ocr_line' id='line_1_69' title="bbox 628 3661 2192 3734; baseline 0.001 -18"><span class='ocrx_word' id='word_1_494' title='bbox 628 3662 777 3731; x_wconf 81' lang='lat' dir='ltr'><strong>ipsos</strong></span> <span class='ocrx_word' id='word_1_495' title='bbox 806 3661 1266 3732; x_wconf 85' lang='lat' dir='ltr'><strong>longanimitatem</strong></span> <span class='ocrx_word' id='word_1_496' title='bbox 1289 3665 1635 3734; x_wconf 89' lang='lat' dir='ltr'><strong>aspicientes,</strong></span> <span class='ocrx_word' id='word_1_497' title='bbox 1662 3674 1917 3733; x_wconf 87' lang='lat' dir='ltr'><strong>tanquam</strong></span> <span class='ocrx_word' id='word_1_498' title='bbox 1940 3664 2192 3733; x_wconf 80' lang='lat' dir='ltr'><strong>benigno,</strong></span> 
     </span>
    </p>
   </div>
   <div class='ocr_carea' id='block_1_70' title="bbox 2224 3651 3788 3734">
    <p class='ocr_par' dir='ltr' id='par_1_70' title="bbox 2297 3651 3788 3733">
     <span class='ocr_line' id='line_1_70' title="bbox 2297 3651 3788 3733; baseline -0.009 -17"><span class='ocrx_word' id='word_1_499' title='bbox 2297 3664 2480 3726; x_wconf 75' lang='grc' dir='ltr'><strong>αὐτοῖς</strong></span> <span class='ocrx_word' id='word_1_500' title='bbox 2506 3662 2600 3716; x_wconf 86' lang='grc' dir='ltr'><strong>τοῦ</strong></span> <span class='ocrx_word' id='word_1_501' title='bbox 2631 3661 2765 3714; x_wconf 83' lang='grc' dir='ltr'><strong>Θεοῦ</strong></span> <span class='ocrx_word' id='word_1_502' title='bbox 2804 3661 3183 3733; x_wconf 83' lang='grc' dir='ltr'><strong>μακροθυμίαν</strong></span> <span class='ocrx_word' id='word_1_503' title='bbox 3225 3659 3537 3730; x_wconf 83' lang='grc' dir='ltr'><strong>βλέποντες,</strong></span> <span class='ocrx_word' id='word_1_504' title='bbox 3569 3654 3669 3708; x_wconf 83' lang='grc' dir='ltr'><strong>δέον</strong></span> <span class='ocrx_word' id='word_1_505' title='bbox 3688 3651 3788 3718; x_wconf 73' lang='grc' dir='ltr'><strong>εὐχα-</strong></span> 
     </span>
    </p>
   </div>
   <div class='ocr_carea' id='block_1_71' title="bbox 627 3742 2191 3827">
    <p class='ocr_par' dir='ltr' id='par_1_71' title="bbox 627 3753 2191 3826">
     <span class='ocr_line' id='line_1_71' title="bbox 627 3753 2191 3826; baseline 0.003 -19"><span class='ocrx_word' id='word_1_506' title='bbox 627 3760 682 3807; x_wconf 86' lang='lat' dir='ltr'><strong>et</strong></span> <span class='ocrx_word' id='word_1_507' title='bbox 704 3753 969 3807; x_wconf 84' lang='lat' dir='ltr'><strong>malorum</strong></span> <span class='ocrx_word' id='word_1_508' title='bbox 997 3754 1247 3809; x_wconf 89' lang='lat' dir='ltr'><strong>toleranti</strong></span> <span class='ocrx_word' id='word_1_509' title='bbox 1270 3756 1467 3826; x_wconf 86' lang='lat' dir='ltr'><strong>gratias</strong></span> <span class='ocrx_word' id='word_1_510' title='bbox 1487 3771 1669 3825; x_wconf 88' lang='lat' dir='ltr'><strong>agere,</strong></span> <span class='ocrx_word' id='word_1_511' title='bbox 1695 3764 1750 3809; x_wconf 90' lang='lat' dir='ltr'><strong>et</strong></span> <span class='ocrx_word' id='word_1_512' title='bbox 1775 3755 1963 3811; x_wconf 88' lang='lat' dir='ltr'><strong>laudes</strong></span> <span class='ocrx_word' id='word_1_513' title='bbox 1985 3755 2191 3811; x_wconf 79' lang='lat' dir='ltr'><strong>deferre</strong></span> 
     </span>
    </p>
   </div>
   <div class='ocr_carea' id='block_1_72' title="bbox 2214 3742 3778 3827">
    <p class='ocr_par' dir='ltr' id='par_1_72' title="bbox 2300 3742 3778 3827">
     <span class='ocr_line' id='line_1_72' title="bbox 2300 3742 3778 3827; baseline -0.007 -20"><span class='ocrx_word' id='word_1_514' title='bbox 2300 3757 2501 3824; x_wconf 88' lang='grc' dir='ltr'><strong>ριστεῖν</strong></span> <span class='ocrx_word' id='word_1_515' title='bbox 2522 3756 2616 3808; x_wconf 76' lang='grc' dir='ltr'><strong>καὶ</strong></span> <span class='ocrx_word' id='word_1_516' title='bbox 2637 3753 2881 3820; x_wconf 74' lang='grc' dir='ltr'><strong>δοξάζειν</strong></span> <span class='ocrx_word' id='word_1_517' title='bbox 2906 3754 2979 3819; x_wconf 86' lang='grc' dir='ltr'><strong>ὼς</strong></span> <span class='ocrx_word' id='word_1_518' title='bbox 3008 3753 3265 3827; x_wconf 86' lang='grc' dir='ltr'><strong>χρηστὸν,</strong></span> <span class='ocrx_word' id='word_1_519' title='bbox 3296 3753 3397 3807; x_wconf 80' lang='grc' dir='ltr'><strong>καὶ</strong></span> <span class='ocrx_word' id='word_1_520' title='bbox 3425 3749 3711 3816; x_wconf 76' lang='grc' dir='ltr'><strong>ἀνεξίκακον.</strong></span> <span class='ocrx_word' id='word_1_521' title='bbox 3728 3742 3778 3799; x_wconf 76' lang='grc' dir='ltr'><strong>είς</strong></span> 
     </span>
    </p>
   </div>
   <div class='ocr_carea' id='block_1_73' title="bbox 627 3833 2191 3919">
    <p class='ocr_par' dir='ltr' id='par_1_73' title="bbox 627 3846 2191 3916">
     <span class='ocr_line' id='line_1_73' title="bbox 627 3846 2191 3916; baseline 0.001 -16"><span class='ocrx_word' id='word_1_522' title='bbox 627 3855 926 3916; x_wconf 84' lang='lat' dir='ltr'><strong>oporteret,</strong></span> <span class='ocrx_word' id='word_1_523' title='bbox 988 3847 1056 3900; x_wconf 91' lang='lat' dir='ltr'><strong>ad</strong></span> <span class='ocrx_word' id='word_1_524' title='bbox 1114 3847 1464 3903; x_wconf 79' lang='lat' dir='ltr'><strong>stoliditatem</strong></span> <span class='ocrx_word' id='word_1_525' title='bbox 1515 3847 1843 3913; x_wconf 81' lang='lat' dir='ltr'><strong>exorbitant,</strong></span> <span class='ocrx_word' id='word_1_526' title='bbox 1890 3846 2062 3902; x_wconf 91' lang='lat' dir='ltr'><strong>Deum</strong></span> <span class='ocrx_word' id='word_1_527' title='bbox 2109 3863 2191 3902; x_wconf 85' lang='lat' dir='ltr'><strong>res</strong></span> 
     </span>
    </p>
   </div>
   <div class='ocr_carea' id='block_1_74' title="bbox 2202 3833 3766 3919">
    <p class='ocr_par' dir='ltr' id='par_1_74' title="bbox 2299 3833 3766 3919">
     <span class='ocr_line' id='line_1_74' title="bbox 2299 3833 3766 3919; baseline -0.001 -18"><span class='ocrx_word' id='word_1_528' title='bbox 2299 3848 2726 3919; x_wconf 82' lang='grc' dir='ltr'><strong>παραφροσύνην</strong></span> <span class='ocrx_word' id='word_1_529' title='bbox 2790 3849 3165 3919; x_wconf 71' lang='grc' dir='ltr'><strong>ἐκτρέπονται,</strong></span> <span class='ocrx_word' id='word_1_530' title='bbox 3234 3847 3296 3899; x_wconf 78' lang='grc' dir='ltr'><strong>οὐ</strong></span> <span class='ocrx_word' id='word_1_531' title='bbox 3358 3842 3655 3913; x_wconf 80' lang='grc' dir='ltr'><strong>νομίζοντες</strong></span> <span class='ocrx_word' id='word_1_532' title='bbox 3687 3833 3766 3885; x_wconf 68' lang='grc' dir='ltr'><strong>θεδν</strong></span> 
     </span>
    </p>
   </div>
   <div class='ocr_carea' id='block_1_75' title="bbox 630 3925 2194 4011">
    <p class='ocr_par' dir='ltr' id='par_1_75' title="bbox 630 3937 2194 4003">
     <span class='ocr_line' id='line_1_75' title="bbox 630 3937 2194 4003; baseline 0.003 -13"><span class='ocrx_word' id='word_1_533' title='bbox 630 3937 897 3991; x_wconf 85' lang='lat' dir='ltr'><strong>humanas</strong></span> <span class='ocrx_word' id='word_1_534' title='bbox 940 3954 1049 3993; x_wconf 91' lang='lat' dir='ltr'><strong>non</strong></span> <span class='ocrx_word' id='word_1_535' title='bbox 1093 3937 1311 4003; x_wconf 89' lang='lat' dir='ltr'><strong>intueri,</strong></span> <span class='ocrx_word' id='word_1_536' title='bbox 1355 3941 1448 3994; x_wconf 85' lang='lat' dir='ltr'><strong>sed</strong></span> <span class='ocrx_word' id='word_1_537' title='bbox 1490 3939 1867 3995; x_wconf 72' lang='lat' dir='ltr'><strong>indifferenter</strong></span> <span class='ocrx_word' id='word_1_538' title='bbox 1906 3955 1969 3995; x_wconf 89' lang='lat' dir='ltr'><strong>ac</strong></span> <span class='ocrx_word' id='word_1_539' title='bbox 1996 3949 2194 3996; x_wconf 89' lang='lat' dir='ltr'><strong>temere</strong></span> 
     </span>
    </p>
   </div>
   <div class='ocr_carea' id='block_1_76' title="bbox 2214 3925 3778 4011">
    <p class='ocr_par' dir='ltr' id='par_1_76' title="bbox 2299 3925 3778 4011">
     <span class='ocr_line' id='line_1_76' title="bbox 2299 3925 3778 4011; baseline -0.018 -4"><span class='ocrx_word' id='word_1_540' title='bbox 2299 3940 2500 4011; x_wconf 66' lang='grc' dir='ltr'><strong>ὲφορεῖιν</strong></span> <span class='ocrx_word' id='word_1_541' title='bbox 2553 3940 2621 3992; x_wconf 90' lang='grc' dir='ltr'><strong>τά</strong></span> <span class='ocrx_word' id='word_1_542' title='bbox 2648 3938 2964 4011; x_wconf 85' lang='grc' dir='ltr'><strong>ἀνθρώπινα</strong></span> <span class='ocrx_word' id='word_1_543' title='bbox 2993 3980 3008 4004; x_wconf 95' lang='grc'><strong>,</strong></span> <span class='ocrx_word' id='word_1_544' title='bbox 3046 3938 3284 4009; x_wconf 85' lang='grc' dir='ltr'><strong>ἀκρίτως</strong></span> <span class='ocrx_word' id='word_1_545' title='bbox 3331 3937 3390 3990; x_wconf 81' lang='grc' dir='ltr'><strong>δὲ</strong></span> <span class='ocrx_word' id='word_1_546' title='bbox 3418 3936 3513 3989; x_wconf 77' lang='grc' dir='ltr'><strong>καὶ</strong></span> <span class='ocrx_word' id='word_1_547' title='bbox 3550 3925 3778 3997; x_wconf 70' lang='grc' dir='ltr'><strong>αὐτομάτως</strong></span> 
     </span>
    </p>
   </div>
   <div class='ocr_carea' id='block_1_77' title="bbox 630 4029 2194 4101">
    <p class='ocr_par' dir='ltr' id='par_1_77' title="bbox 630 4029 1366 4086">
     <span class='ocr_line' id='line_1_77' title="bbox 630 4029 1366 4086; baseline 0 -3"><span class='ocrx_word' id='word_1_548' title='bbox 630 4039 825 4084; x_wconf 89' lang='lat' dir='ltr'><strong>cuncta</strong></span> <span class='ocrx_word' id='word_1_549' title='bbox 853 4029 982 4084; x_wconf 91' lang='lat' dir='ltr'><strong>ferri</strong></span> <span class='ocrx_word' id='word_1_550' title='bbox 1020 4031 1366 4086; x_wconf 83' lang='lat' dir='ltr'><strong>arbitrantes.</strong></span> 
     </span>
    </p>
   </div>
   <div class='ocr_carea' id='block_1_78' title="bbox 1017 4029 2581 4101">
    <p class='ocr_par' dir='ltr' id='par_1_78' title="bbox 1020 4031 2581 4101">
     <span class='ocr_line' id='line_1_78' title="bbox 1020 4031 2581 4101; baseline 0 -16"><span class='ocrx_word' id='word_1_551' title='bbox 1020 4031 1366 4086; x_wconf 82' lang='lat' dir='ltr'><strong>arbitrantes.</strong></span> <span class='ocrx_word' id='word_1_552' title='bbox 2299 4031 2581 4101; x_wconf 80' lang='grc' dir='ltr'><strong>φέρεσθαι.</strong></span> 
     </span>
    </p>
   </div>
   <div class='ocr_carea' id='block_1_79' title="bbox 702 4120 2266 4197">
    <p class='ocr_par' dir='ltr' id='par_1_79' title="bbox 702 4120 2199 4195">
     <span class='ocr_line' id='line_1_79' title="bbox 702 4120 2199 4195; baseline 0.004 -22"><span class='ocrx_word' id='word_1_553' title='bbox 702 4120 867 4177; x_wconf 74' lang='lat' dir='ltr'><strong>Vens.</strong></span> <span class='ocrx_word' id='word_1_554' title='bbox 928 4122 983 4176; x_wconf 71' lang='grc'><strong>2.</strong></span> <span class='ocrx_word' id='word_1_555' title='bbox 1055 4141 1073 4174; x_wconf 84' lang='grc' dir='ltr'><strong>ι</strong></span> <span class='ocrx_word' id='word_1_556' title='bbox 1148 4122 1401 4195; x_wconf 87' lang='lat' dir='ltr'><strong>Corrupti</strong></span> <span class='ocrx_word' id='word_1_557' title='bbox 1474 4133 1602 4178; x_wconf 90' lang='lat' dir='ltr'><strong>sunt</strong></span> <span class='ocrx_word' id='word_1_558' title='bbox 1679 4135 1732 4178; x_wconf 92' lang='lat' dir='ltr'><strong>et</strong></span> <span class='ocrx_word' id='word_1_559' title='bbox 1808 4123 2199 4179; x_wconf 90' lang='lat' dir='ltr'><strong>abominabiles</strong></span> 
     </span>
    </p>
   </div>
   <div class='ocr_carea' id='block_1_80' title="bbox 1881 4120 3445 4197">
    <p class='ocr_par' dir='ltr' id='par_1_80' title="bbox 1881 4123 3445 4197">
     <span class='ocr_line' id='line_1_80' title="bbox 1881 4123 3445 4197; baseline -0.002 -19"><span class='ocrx_word' id='word_1_560' title='bbox 1881 4123 2199 4179; x_wconf 86' lang='lat' dir='ltr'><strong>ominabiles</strong></span> <span class='ocrx_word' id='word_1_561' title='bbox 2377 4145 2396 4178; x_wconf 78' lang='grc' dir='ltr'><strong>ι</strong></span> <span class='ocrx_word' id='word_1_562' title='bbox 2436 4125 2817 4197; x_wconf 80' lang='grc' dir='ltr'><strong>Διεφθάρησαν</strong></span> <span class='ocrx_word' id='word_1_563' title='bbox 2848 4126 2942 4178; x_wconf 69' lang='grc' dir='ltr'><strong>καὶ</strong></span> <span class='ocrx_word' id='word_1_564' title='bbox 2965 4123 3386 4195; x_wconf 73' lang='grc' dir='ltr'><strong>ἐϐδελύχθησαν.</strong></span> <span class='ocrx_word' id='word_1_565' title='bbox 3427 4139 3445 4175; x_wconf 74' lang='grc' dir='ltr'><strong>ι</strong></span> 
     </span>
    </p>
   </div>
   <div class='ocr_carea' id='block_1_81' title="bbox 634 4217 839 4272">
    <p class='ocr_par' dir='ltr' id='par_1_81' title="bbox 634 4217 839 4272">
     <span class='ocr_line' id='line_1_81' title="bbox 634 4217 839 4272; baseline -0.01 0"><span class='ocrx_word' id='word_1_566' title='bbox 634 4217 783 4272; x_wconf 83' lang='lat' dir='ltr'><strong>facti.</strong></span> <span class='ocrx_word' id='word_1_567' title='bbox 821 4238 839 4270; x_wconf 73' lang='grc' dir='ltr'><strong>ι</strong></span> 
     </span>
    </p>
   </div>
   <div class='ocr_carea' id='block_1_82' title="bbox 705 4287 2269 4381">
    <p class='ocr_par' dir='ltr' id='par_1_82' title="bbox 705 4309 2201 4381">
     <span class='ocr_line' id='line_1_82' title="bbox 705 4309 2201 4381; baseline -0.001 -16"><span class='ocrx_word' id='word_1_568' title='bbox 705 4309 924 4366; x_wconf 77' lang='lat' dir='ltr'><strong>Morbus</strong></span> <span class='ocrx_word' id='word_1_569' title='bbox 976 4311 1069 4381; x_wconf 88' lang='lat' dir='ltr'><strong>qui</strong></span> <span class='ocrx_word' id='word_1_570' title='bbox 1120 4325 1217 4380; x_wconf 90' lang='lat' dir='ltr'><strong>per</strong></span> <span class='ocrx_word' id='word_1_571' title='bbox 1272 4311 1596 4366; x_wconf 88' lang='lat' dir='ltr'><strong>maledicum</strong></span> <span class='ocrx_word' id='word_1_572' title='bbox 1649 4310 2004 4375; x_wconf 82' lang='lat' dir='ltr'><strong>diffunditur,</strong></span> <span class='ocrx_word' id='word_1_573' title='bbox 2066 4310 2201 4364; x_wconf 90' lang='lat' dir='ltr'><strong>alios</strong></span> 
     </span>
    </p>
   </div>
   <div class='ocr_carea' id='block_1_83' title="bbox 2218 4287 3782 4381">
    <p class='ocr_par' dir='ltr' id='par_1_83' title="bbox 2383 4287 3782 4381">
     <span class='ocr_line' id='line_1_83' title="bbox 2383 4287 3782 4381; baseline -0.008 -25"><span class='ocrx_word' id='word_1_574' title='bbox 2383 4303 2447 4357; x_wconf 80' lang='grc' dir='ltr'><em>Ἦ</em></span> <span class='ocrx_word' id='word_1_575' title='bbox 2486 4301 2579 4355; x_wconf 90' lang='grc' dir='ltr'><strong>τοῦ</strong></span> <span class='ocrx_word' id='word_1_576' title='bbox 2618 4302 2934 4374; x_wconf 82' lang='grc' dir='ltr'><strong>βλασφήμου</strong></span> <span class='ocrx_word' id='word_1_577' title='bbox 2977 4299 3279 4355; x_wconf 81' lang='grc' dir='ltr'><strong>διαδοθεϊσα</strong></span> <span class='ocrx_word' id='word_1_578' title='bbox 3328 4300 3486 4362; x_wconf 82' lang='grc' dir='ltr'><strong>νόσος</strong></span> <span class='ocrx_word' id='word_1_579' title='bbox 3525 4296 3633 4356; x_wconf 79' lang='grc' dir='ltr'><strong>τοὺς</strong></span> <span class='ocrx_word' id='word_1_580' title='bbox 3654 4287 3782 4381; x_wconf 66' lang='grc' dir='ltr'><strong>ἄλλως</strong></span> 
     </span>
    </p>
   </div>
   <div class='ocr_carea' id='block_1_84' title="bbox 633 4379 2197 4474">
    <p class='ocr_par' dir='ltr' id='par_1_84' title="bbox 633 4379 2197 4474">
     <span class='ocr_line' id='line_1_84' title="bbox 633 4379 2197 4474; baseline 0 -19"><span class='ocrx_word' id='word_1_581' title='bbox 633 4417 848 4473; x_wconf 88' lang='lat' dir='ltr'><strong>quoque</strong></span> <span class='ocrx_word' id='word_1_582' title='bbox 878 4403 931 4456; x_wconf 92' lang='lat' dir='ltr'><strong>in</strong></span> <span class='ocrx_word' id='word_1_583' title='bbox 964 4379 1340 4473; x_wconf 79' lang='lat' dir='ltr'><strong>iniquitatibus</strong></span> <span class='ocrx_word' id='word_1_584' title='bbox 1371 4404 1644 4474; x_wconf 89' lang='lat' dir='ltr'><strong>corrumpi</strong></span> <span class='ocrx_word' id='word_1_585' title='bbox 1675 4403 1806 4459; x_wconf 79' lang='lat' dir='ltr'><strong>facit</strong></span> <span class='ocrx_word' id='word_1_586' title='bbox 1828 4446 1842 4466; x_wconf 86' lang='lat'><strong>,</strong></span> <span class='ocrx_word' id='word_1_587' title='bbox 1872 4415 1928 4457; x_wconf 90' lang='lat' dir='ltr'><strong>et</strong></span> <span class='ocrx_word' id='word_1_588' title='bbox 1955 4402 2197 4457; x_wconf 83' lang='lat' dir='ltr'><strong>Creatori</strong></span> 
     </span>
    </p>
   </div>
   <div class='ocr_carea' id='block_1_85' title="bbox 2218 4379 3782 4474">
    <p class='ocr_par' dir='ltr' id='par_1_85' title="bbox 2301 4379 3782 4474">
     <span class='ocr_line' id='line_1_85' title="bbox 2301 4379 3782 4474; baseline -0.018 -14"><span class='ocrx_word' id='word_1_589' title='bbox 2301 4398 2357 4449; x_wconf 72' lang='grc' dir='ltr'><strong>ἐν</strong></span> <span class='ocrx_word' id='word_1_590' title='bbox 2392 4395 2644 4465; x_wconf 82' lang='grc' dir='ltr'><strong>ἀνομίαις</strong></span> <span class='ocrx_word' id='word_1_591' title='bbox 2665 4394 3071 4465; x_wconf 77' lang='grc' dir='ltr'><strong>παρασκευάζει</strong></span> <span class='ocrx_word' id='word_1_592' title='bbox 3095 4393 3432 4466; x_wconf 77' lang='grc' dir='ltr'><strong>φθείρεσθαι,</strong></span> <span class='ocrx_word' id='word_1_593' title='bbox 3467 4379 3782 4474; x_wconf 65' lang='grc' dir='ltr'><strong>βδελυκτοΰττε</strong></span> 
     </span>
    </p>
   </div>
   <div class='ocr_carea' id='block_1_86' title="bbox 633 4472 2197 4561">
    <p class='ocr_par' dir='ltr' id='par_1_86' title="bbox 633 4472 2197 4561">
     <span class='ocr_line' id='line_1_86' title="bbox 633 4472 2197 4561; baseline -0.001 -12"><span class='ocrx_word' id='word_1_594' title='bbox 633 4511 732 4549; x_wconf 85' lang='lat' dir='ltr'><strong>suo</strong></span> <span class='ocrx_word' id='word_1_595' title='bbox 764 4472 1168 4549; x_wconf 80' lang='lat' dir='ltr'><strong>abominabiles</strong></span> <span class='ocrx_word' id='word_1_596' title='bbox 1199 4495 1483 4561; x_wconf 79' lang='lat' dir='ltr'><strong>exsistere,</strong></span> <span class='ocrx_word' id='word_1_597' title='bbox 1534 4472 1685 4551; x_wconf 84' lang='lat' dir='ltr'><strong>tanto</strong></span> <span class='ocrx_word' id='word_1_598' title='bbox 1740 4496 1953 4550; x_wconf 89' lang='lat' dir='ltr'><strong>virtutis</strong></span> <span class='ocrx_word' id='word_1_599' title='bbox 1987 4495 2197 4549; x_wconf 87' lang='lat' dir='ltr'><strong>defectu</strong></span> 
     </span>
    </p>
   </div>
   <div class='ocr_carea' id='block_1_87' title="bbox 2222 4472 3786 4561">
    <p class='ocr_par' dir='ltr' id='par_1_87' title="bbox 2238 4472 3786 4561">
     <span class='ocr_line' id='line_1_87' title="bbox 2238 4472 3786 4561; baseline -0.01 -21"><span class='ocrx_word' id='word_1_600' title='bbox 2238 4556 2264 4561; x_wconf 83' lang='lat'><strong><em>_</em></strong></span> <span class='ocrx_word' id='word_1_601' title='bbox 2302 4480 2442 4540; x_wconf 76' lang='grc' dir='ltr'><strong>εἶναι</strong></span> <span class='ocrx_word' id='word_1_602' title='bbox 2485 4485 2562 4556; x_wconf 80' lang='grc' dir='ltr'><strong>τῷ</strong></span> <span class='ocrx_word' id='word_1_603' title='bbox 2587 4486 2849 4540; x_wconf 85' lang='grc' dir='ltr'><strong>Κτίσαντι</strong></span> <span class='ocrx_word' id='word_1_604' title='bbox 2876 4526 2891 4549; x_wconf 85' lang='grc'><strong>,</strong></span> <span class='ocrx_word' id='word_1_605' title='bbox 2919 4486 3197 4558; x_wconf 78' lang='grc' dir='ltr'><strong>ἀπραξίαν</strong></span> <span class='ocrx_word' id='word_1_606' title='bbox 3244 4487 3345 4556; x_wconf 82' lang='grc' dir='ltr'><strong>τῆς</strong></span> <span class='ocrx_word' id='word_1_607' title='bbox 3382 4484 3572 4557; x_wconf 81' lang='grc' dir='ltr'><strong>ἀρετῆς</strong></span> <span class='ocrx_word' id='word_1_608' title='bbox 3593 4472 3786 4561; x_wconf 66' lang='lat' dir='ltr'><strong>roratith</strong></span> 
     </span>
    </p>
   </div>
   <div class='ocr_carea' id='block_1_88' title="bbox 634 4556 2198 4661">
    <p class='ocr_par' dir='ltr' id='par_1_88' title="bbox 634 4588 2197 4658">
     <span class='ocr_line' id='line_1_88' title="bbox 634 4588 2197 4658; baseline -0.002 -16"><span class='ocrx_word' id='word_1_609' title='bbox 634 4588 963 4653; x_wconf 86' lang='lat' dir='ltr'><strong>laborantes,</strong></span> <span class='ocrx_word' id='word_1_610' title='bbox 1027 4595 1088 4642; x_wconf 90' lang='lat' dir='ltr'><strong>ut</strong></span> <span class='ocrx_word' id='word_1_611' title='bbox 1121 4589 1332 4643; x_wconf 90' lang='lat' dir='ltr'><strong>nullum</strong></span> <span class='ocrx_word' id='word_1_612' title='bbox 1381 4590 1599 4658; x_wconf 86' lang='lat' dir='ltr'><strong>penitus</strong></span> <span class='ocrx_word' id='word_1_613' title='bbox 1634 4589 1835 4642; x_wconf 91' lang='lat' dir='ltr'><strong>bonum</strong></span> <span class='ocrx_word' id='word_1_614' title='bbox 1880 4594 2197 4657; x_wconf 88' lang='lat' dir='ltr'><strong>operentur.</strong></span> 
     </span>
    </p>
   </div>
   <div class='ocr_carea' id='block_1_89' title="bbox 2218 4556 3782 4661">
    <p class='ocr_par' dir='ltr' id='par_1_89' title="bbox 2235 4556 3782 4661">
     <span class='ocr_line' id='line_1_89' title="bbox 2235 4556 3782 4661; baseline -0.008 -28"><span class='ocrx_word' id='word_1_615' title='bbox 2235 4556 2278 4611; x_wconf 72' lang='grc' dir='ltr'><strong>θ</strong></span> <span class='ocrx_word' id='word_1_616' title='bbox 2306 4577 2595 4641; x_wconf 81' lang='grc' dir='ltr'><strong>νοσοῦντας</strong></span> <span class='ocrx_word' id='word_1_617' title='bbox 2619 4618 2635 4643; x_wconf 86' lang='grc'><strong>,</strong></span> <span class='ocrx_word' id='word_1_618' title='bbox 2665 4578 2806 4632; x_wconf 83' lang='grc' dir='ltr'><strong>ὥστε</strong></span> <span class='ocrx_word' id='word_1_619' title='bbox 2843 4556 3013 4648; x_wconf 84' lang='grc' dir='ltr'><strong>μηδὲν</strong></span> <span class='ocrx_word' id='word_1_620' title='bbox 3039 4579 3235 4641; x_wconf 80' lang='grc' dir='ltr'><strong>αὐτοὺς</strong></span> <span class='ocrx_word' id='word_1_621' title='bbox 3284 4556 3486 4646; x_wconf 65' lang='grc' dir='ltr'><strong>ἀγαθὸν</strong></span> <span class='ocrx_word' id='word_1_622' title='bbox 3514 4560 3782 4661; x_wconf 52' lang='grc' dir='ltr'><strong>ἐργάζεσθξι-</strong></span> 
     </span>
    </p>
   </div>
   <div class='ocr_carea' id='block_1_90' title="bbox 631 4658 2195 4751">
    <p class='ocr_par' dir='ltr' id='par_1_90' title="bbox 631 4678 2195 4751">
     <span class='ocr_line' id='line_1_90' title="bbox 631 4678 2195 4751; baseline -0.002 -16"><span class='ocrx_word' id='word_1_623' title='bbox 631 4679 901 4735; x_wconf 64' lang='grc' dir='ltr'><strong>Οωιοτιιηι</strong></span> <span class='ocrx_word' id='word_1_624' title='bbox 938 4695 1035 4750; x_wconf 91' lang='lat' dir='ltr'><strong>per</strong></span> <span class='ocrx_word' id='word_1_625' title='bbox 1078 4680 1427 4751; x_wconf 89' lang='lat' dir='ltr'><strong>insipientem</strong></span> <span class='ocrx_word' id='word_1_626' title='bbox 1454 4721 1469 4746; x_wconf 95' lang='lat'><strong>,</strong></span> <span class='ocrx_word' id='word_1_627' title='bbox 1502 4680 1905 4736; x_wconf 89' lang='lat' dir='ltr'><strong>idololatrorum</strong></span> <span class='ocrx_word' id='word_1_628' title='bbox 1937 4678 2195 4733; x_wconf 87' lang='lat' dir='ltr'><strong>insaniam</strong></span> 
     </span>
    </p>
   </div>
   <div class='ocr_carea' id='block_1_91' title="bbox 2222 4658 3786 4751">
    <p class='ocr_par' dir='ltr' id='par_1_91' title="bbox 2316 4658 3786 4751">
     <span class='ocr_line' id='line_1_91' title="bbox 2316 4658 3786 4751; baseline -0.014 -28"><span class='ocrx_word' id='word_1_629' title='bbox 2316 4668 2478 4722; x_wconf 83' lang='grc' dir='ltr'><strong>Ἀλλά</strong></span> <span class='ocrx_word' id='word_1_630' title='bbox 2504 4669 2614 4738; x_wconf 80' lang='grc' dir='ltr'><strong>γὰρ</strong></span> <span class='ocrx_word' id='word_1_631' title='bbox 2640 4669 2728 4723; x_wconf 84' lang='grc' dir='ltr'><strong>διὰ</strong></span> <span class='ocrx_word' id='word_1_632' title='bbox 2752 4668 2845 4721; x_wconf 90' lang='grc' dir='ltr'><strong>τοῦ</strong></span> <span class='ocrx_word' id='word_1_633' title='bbox 2877 4670 3111 4738; x_wconf 82' lang='grc' dir='ltr'><strong>ἄφρονος</strong></span> <span class='ocrx_word' id='word_1_634' title='bbox 3168 4668 3266 4739; x_wconf 84' lang='grc' dir='ltr'><strong>τὴν</strong></span> <span class='ocrx_word' id='word_1_635' title='bbox 3305 4668 3413 4722; x_wconf 87' lang='grc' dir='ltr'><strong>τῶν</strong></span> <span class='ocrx_word' id='word_1_636' title='bbox 3466 4658 3786 4751; x_wconf 67' lang='grc' dir='ltr'><strong>είδωλολατρῶν</strong></span> 
     </span>
    </p>
   </div>
   <div class='ocr_carea' id='block_1_92' title="bbox 632 4741 2196 4831">
    <p class='ocr_par' dir='ltr' id='par_1_92' title="bbox 632 4769 2196 4825">
     <span class='ocr_line' id='line_1_92' title="bbox 632 4769 2196 4825; baseline 0 -4"><span class='ocrx_word' id='word_1_637' title='bbox 632 4769 893 4823; x_wconf 89' lang='lat' dir='ltr'><strong>insinuat.</strong></span> <span class='ocrx_word' id='word_1_638' title='bbox 958 4770 1213 4824; x_wconf 91' lang='lat' dir='ltr'><strong>Dicentes</strong></span> <span class='ocrx_word' id='word_1_639' title='bbox 1269 4770 1413 4825; x_wconf 90' lang='lat' dir='ltr'><strong>enim</strong></span> <span class='ocrx_word' id='word_1_640' title='bbox 1470 4770 1522 4823; x_wconf 85' lang='lat' dir='ltr'><strong>in</strong></span> <span class='ocrx_word' id='word_1_641' title='bbox 1576 4770 1738 4824; x_wconf 90' lang='lat' dir='ltr'><strong>corde</strong></span> <span class='ocrx_word' id='word_1_642' title='bbox 1784 4786 1883 4824; x_wconf 92' lang='lat' dir='ltr'><strong>suo</strong></span> <span class='ocrx_word' id='word_1_643' title='bbox 1922 4784 2032 4822; x_wconf 90' lang='lat' dir='ltr'><strong>non</strong></span> <span class='ocrx_word' id='word_1_644' title='bbox 2080 4782 2196 4822; x_wconf 84' lang='lat' dir='ltr'><strong>esse</strong></span> 
     </span>
    </p>
   </div>
   <div class='ocr_carea' id='block_1_93' title="bbox 2220 4741 3784 4831">
    <p class='ocr_par' dir='ltr' id='par_1_93' title="bbox 2309 4741 3784 4831">
     <span class='ocr_line' id='line_1_93' title="bbox 2309 4741 3784 4831; baseline -0.014 -17"><span class='ocrx_word' id='word_1_645' title='bbox 2309 4762 2505 4827; x_wconf 85' lang='grc' dir='ltr'><strong>μανίαν</strong></span> <span class='ocrx_word' id='word_1_646' title='bbox 2525 4760 2833 4814; x_wconf 79' lang='grc' dir='ltr'><strong>αἰνίττεται.</strong></span> <span class='ocrx_word' id='word_1_647' title='bbox 2861 4762 3124 4829; x_wconf 82' lang='grc' dir='ltr'><strong>Λέγοντες</strong></span> <span class='ocrx_word' id='word_1_648' title='bbox 3151 4762 3260 4831; x_wconf 82' lang='grc' dir='ltr'><strong>γὰρ</strong></span> <span class='ocrx_word' id='word_1_649' title='bbox 3290 4764 3347 4814; x_wconf 82' lang='grc' dir='ltr'><strong>ὲν</strong></span> <span class='ocrx_word' id='word_1_650' title='bbox 3377 4758 3564 4830; x_wconf 77' lang='grc' dir='ltr'><strong>καρδία</strong></span> <span class='ocrx_word' id='word_1_651' title='bbox 3588 4752 3670 4805; x_wconf 82' lang='grc' dir='ltr'><strong>οὐκ</strong></span> <span class='ocrx_word' id='word_1_652' title='bbox 3688 4741 3784 4798; x_wconf 73' lang='grc' dir='ltr'><strong>εἷναι</strong></span> 
     </span>
    </p>
   </div>
   <div class='ocr_carea' id='block_1_94' title="bbox 635 4841 2199 4931">
    <p class='ocr_par' dir='ltr' id='par_1_94' title="bbox 635 4858 2199 4931">
     <span class='ocr_line' id='line_1_94' title="bbox 635 4858 2199 4931; baseline 0.001 -18"><span class='ocrx_word' id='word_1_653' title='bbox 635 4858 803 4914; x_wconf 90' lang='lat' dir='ltr'><strong>Deum</strong></span> <span class='ocrx_word' id='word_1_654' title='bbox 825 4903 839 4925; x_wconf 98' lang='lat'><strong>,</strong></span> <span class='ocrx_word' id='word_1_655' title='bbox 871 4860 1171 4931; x_wconf 87' lang='lat' dir='ltr'><strong>ligneorum</strong></span> <span class='ocrx_word' id='word_1_656' title='bbox 1202 4877 1267 4917; x_wconf 89' lang='lat' dir='ltr'><strong>ac</strong></span> <span class='ocrx_word' id='word_1_657' title='bbox 1296 4860 1633 4931; x_wconf 87' lang='lat' dir='ltr'><strong>lapideorum</strong></span> <span class='ocrx_word' id='word_1_658' title='bbox 1660 4861 1885 4916; x_wconf 91' lang='lat' dir='ltr'><strong>deorum</strong></span> <span class='ocrx_word' id='word_1_659' title='bbox 1915 4860 2199 4915; x_wconf 88' lang='lat' dir='ltr'><strong>simulacra</strong></span> 
     </span>
    </p>
   </div>
   <div class='ocr_carea' id='block_1_95' title="bbox 2219 4841 3783 4931">
    <p class='ocr_par' dir='ltr' id='par_1_95' title="bbox 2304 4841 3783 4931">
     <span class='ocr_line' id='line_1_95' title="bbox 2304 4841 3783 4931; baseline 0 -28"><span class='ocrx_word' id='word_1_660' title='bbox 2304 4851 2470 4915; x_wconf 83' lang='grc' dir='ltr'><strong>Θεὸν,</strong></span> <span class='ocrx_word' id='word_1_661' title='bbox 2522 4850 2715 4904; x_wconf 75' lang='grc' dir='ltr'><strong>εἴδωλα</strong></span> <span class='ocrx_word' id='word_1_662' title='bbox 2766 4851 2990 4917; x_wconf 84' lang='grc' dir='ltr'><strong>ξυλίνων</strong></span> <span class='ocrx_word' id='word_1_663' title='bbox 3019 4852 3155 4906; x_wconf 83' lang='grc' dir='ltr'><strong>θεῶν</strong></span> <span class='ocrx_word' id='word_1_664' title='bbox 3188 4853 3281 4905; x_wconf 81' lang='grc' dir='ltr'><strong>καὶ</strong></span> <span class='ocrx_word' id='word_1_665' title='bbox 3318 4852 3527 4905; x_wconf 84' lang='grc' dir='ltr'><strong>λιθίνων</strong></span> <span class='ocrx_word' id='word_1_666' title='bbox 3574 4841 3783 4931; x_wconf 53' lang='grc' dir='ltr'><strong>ἐποίησαν·</strong></span> 
     </span>
    </p>
   </div>
   <div class='ocr_carea' id='block_1_96' title="bbox 635 4928 2199 5022">
    <p class='ocr_par' dir='ltr' id='par_1_96' title="bbox 635 4928 2199 5022">
     <span class='ocr_line' id='line_1_96' title="bbox 635 4928 2199 5022; baseline 0.001 -21"><span class='ocrx_word' id='word_1_667' title='bbox 635 4949 875 5003; x_wconf 80' lang='lat' dir='ltr'><strong>fabricati</strong></span> <span class='ocrx_word' id='word_1_668' title='bbox 912 4928 1058 5006; x_wconf 74' lang='lat' dir='ltr'><strong>sunt.</strong></span> <span class='ocrx_word' id='word_1_669' title='bbox 1084 4950 1188 5006; x_wconf 87' lang='lat' dir='ltr'><strong>Per</strong></span> <span class='ocrx_word' id='word_1_670' title='bbox 1216 4928 1576 5021; x_wconf 81' lang='lat' dir='ltr'><strong>iniquitatem,</strong></span> <span class='ocrx_word' id='word_1_671' title='bbox 1606 4967 1726 5021; x_wconf 62' lang='lat' dir='ltr'><strong>quae</strong></span> <span class='ocrx_word' id='word_1_672' title='bbox 1751 4951 1883 5022; x_wconf 80' lang='lat' dir='ltr'><strong>legis</strong></span> <span class='ocrx_word' id='word_1_673' title='bbox 1906 4962 1989 5006; x_wconf 91' lang='lat' dir='ltr'><strong>est</strong></span> <span class='ocrx_word' id='word_1_674' title='bbox 2022 4959 2199 5005; x_wconf 89' lang='lat' dir='ltr'><strong>trans-</strong></span> 
     </span>
    </p>
   </div>
   <div class='ocr_carea' id='block_1_97' title="bbox 2215 4928 3779 5022">
    <p class='ocr_par' dir='ltr' id='par_1_97' title="bbox 2306 4928 3779 5016">
     <span class='ocr_line' id='line_1_97' title="bbox 2306 4928 3779 5016; baseline -0.01 -21"><span class='ocrx_word' id='word_1_675' title='bbox 2306 4945 2408 4996; x_wconf 83' lang='grc' dir='ltr'><strong>Διά</strong></span> <span class='ocrx_word' id='word_1_676' title='bbox 2449 4943 2505 4995; x_wconf 86' lang='grc' dir='ltr'><strong>δὲ</strong></span> <span class='ocrx_word' id='word_1_677' title='bbox 2536 4943 2636 5012; x_wconf 86' lang='grc' dir='ltr'><strong>τῆς</strong></span> <span class='ocrx_word' id='word_1_678' title='bbox 2675 4944 2926 5014; x_wconf 84' lang='grc' dir='ltr'><strong>ἀνομίας,</strong></span> <span class='ocrx_word' id='word_1_679' title='bbox 2963 4946 3083 5015; x_wconf 77' lang='grc' dir='ltr'><strong>ἣτις</strong></span> <span class='ocrx_word' id='word_1_680' title='bbox 3113 4940 3181 5016; x_wconf 78' lang='grc' dir='ltr'><strong>ἦν</strong></span> <span class='ocrx_word' id='word_1_681' title='bbox 3205 4944 3298 4998; x_wconf 89' lang='grc' dir='ltr'><strong>τοῦ</strong></span> <span class='ocrx_word' id='word_1_682' title='bbox 3328 4945 3488 5015; x_wconf 85' lang='grc' dir='ltr'><strong>νόμου</strong></span> <span class='ocrx_word' id='word_1_683' title='bbox 3531 4928 3779 5007; x_wconf 72' lang='grc' dir='ltr'><strong>παράϐασις.</strong></span> 
     </span>
    </p>
   </div>
   <div class='ocr_carea' id='block_1_98' title="bbox 635 5024 2199 5113">
    <p class='ocr_par' dir='ltr' id='par_1_98' title="bbox 635 5040 2199 5113">
     <span class='ocr_line' id='line_1_98' title="bbox 635 5040 2199 5113; baseline 0.004 -23"><span class='ocrx_word' id='word_1_684' title='bbox 635 5040 862 5108; x_wconf 88' lang='lat' dir='ltr'><strong>gressio,</strong></span> <span class='ocrx_word' id='word_1_685' title='bbox 896 5041 1110 5096; x_wconf 61' lang='lat' dir='ltr'><strong>Judaros</strong></span> <span class='ocrx_word' id='word_1_686' title='bbox 1143 5042 1401 5106; x_wconf 86' lang='lat' dir='ltr'><strong>insinuat,</strong></span> <span class='ocrx_word' id='word_1_687' title='bbox 1433 5059 1569 5113; x_wconf 87' lang='lat' dir='ltr'><strong>quos</strong></span> <span class='ocrx_word' id='word_1_688' title='bbox 1605 5043 1981 5099; x_wconf 86' lang='lat' dir='ltr'><strong>incredulitate</strong></span> <span class='ocrx_word' id='word_1_689' title='bbox 2012 5057 2199 5098; x_wconf 89' lang='lat' dir='ltr'><strong>corru-</strong></span> 
     </span>
    </p>
   </div>
   <div class='ocr_carea' id='block_1_99' title="bbox 2216 5024 3780 5113">
    <p class='ocr_par' dir='ltr' id='par_1_99' title="bbox 2307 5024 3780 5108">
     <span class='ocr_line' id='line_1_99' title="bbox 2307 5024 3780 5108; baseline -0.016 -20"><span class='ocrx_word' id='word_1_690' title='bbox 2307 5036 2433 5097; x_wconf 85' lang='grc' dir='ltr'><strong>τοὺς</strong></span> <span class='ocrx_word' id='word_1_691' title='bbox 2474 5035 2759 5099; x_wconf 86' lang='grc' dir='ltr'><strong>Ἰουδαίους</strong></span> <span class='ocrx_word' id='word_1_692' title='bbox 2780 5038 3093 5103; x_wconf 84' lang='grc' dir='ltr'><strong>αἰνίττεται,</strong></span> <span class='ocrx_word' id='word_1_693' title='bbox 3111 5036 3201 5101; x_wconf 80' lang='grc' dir='ltr'><strong>οὓς</strong></span> <span class='ocrx_word' id='word_1_694' title='bbox 3218 5040 3283 5108; x_wconf 74' lang='grc' dir='ltr'><strong>τῇ</strong></span> <span class='ocrx_word' id='word_1_695' title='bbox 3300 5035 3518 5105; x_wconf 65' lang='grc' dir='ltr'><strong>ἀπιστίᾳ</strong></span> <span class='ocrx_word' id='word_1_696' title='bbox 3537 5024 3780 5099; x_wconf 74' lang='grc' dir='ltr'><strong>φθαρέντας,</strong></span> 
     </span>
    </p>
   </div>
   <div class='ocr_carea' id='block_1_100' title="bbox 635 5126 2199 5199">
    <p class='ocr_par' dir='ltr' id='par_1_100' title="bbox 635 5130 1445 5199">
     <span class='ocr_line' id='line_1_100' title="bbox 635 5130 1445 5199; baseline 0.005 -16"><span class='ocrx_word' id='word_1_697' title='bbox 635 5137 777 5199; x_wconf 87' lang='lat' dir='ltr'><strong>ptos,</strong></span> <span class='ocrx_word' id='word_1_698' title='bbox 806 5130 948 5185; x_wconf 91' lang='lat' dir='ltr'><strong>Deus</strong></span> <span class='ocrx_word' id='word_1_699' title='bbox 971 5132 1312 5189; x_wconf 89' lang='lat' dir='ltr'><strong>abominatus</strong></span> <span class='ocrx_word' id='word_1_700' title='bbox 1342 5144 1445 5189; x_wconf 87' lang='lat' dir='ltr'><strong>est.</strong></span> 
     </span>
    </p>
   </div>
   <div class='ocr_carea' id='block_1_101' title="bbox 1299 5126 2863 5199">
    <p class='ocr_par' dir='ltr' id='par_1_101' title="bbox 1299 5126 2863 5192">
     <span class='ocr_line' id='line_1_101' title="bbox 1299 5126 2863 5192; baseline -0.003 -3"><span class='ocrx_word' id='word_1_701' title='bbox 1299 5150 1312 5189; x_wconf 70' lang='grc' dir='ltr'><strong>ς</strong></span> <span class='ocrx_word' id='word_1_702' title='bbox 1342 5144 1445 5189; x_wconf 88' lang='lat' dir='ltr'><strong>est.</strong></span> <span class='ocrx_word' id='word_1_703' title='bbox 2311 5129 2339 5180; x_wconf 78' lang='grc' dir='ltr'><strong>ὀ</strong></span> <span class='ocrx_word' id='word_1_704' title='bbox 2364 5126 2496 5190; x_wconf 79' lang='grc' dir='ltr'><strong>Θεὸς</strong></span> <span class='ocrx_word' id='word_1_705' title='bbox 2527 5126 2863 5192; x_wconf 75' lang='grc' dir='ltr'><strong>ὲὸδελύξατο.</strong></span> 
     </span>
    </p>
   </div>
   <div class='ocr_carea' id='block_1_102' title="bbox 708 5219 2272 5295">
    <p class='ocr_par' dir='ltr' id='par_1_102' title="bbox 708 5219 1867 5295">
     <span class='ocr_line' id='line_1_102' title="bbox 708 5219 1867 5295; baseline 0.003 -22"><span class='ocrx_word' id='word_1_706' title='bbox 708 5219 871 5275; x_wconf 75' lang='lat' dir='ltr'><strong>Vens.</strong></span> <span class='ocrx_word' id='word_1_707' title='bbox 903 5223 956 5277; x_wconf 81' lang='grc'><strong>5.</strong></span> <span class='ocrx_word' id='word_1_708' title='bbox 996 5241 1015 5272; x_wconf 77' lang='grc' dir='ltr'><strong>ι</strong></span> <span class='ocrx_word' id='word_1_709' title='bbox 1062 5223 1206 5277; x_wconf 92' lang='lat' dir='ltr'><strong>Deus</strong></span> <span class='ocrx_word' id='word_1_710' title='bbox 1234 5224 1301 5278; x_wconf 90' lang='lat' dir='ltr'><strong>de</strong></span> <span class='ocrx_word' id='word_1_711' title='bbox 1330 5226 1467 5279; x_wconf 89' lang='lat' dir='ltr'><strong>coelo</strong></span> <span class='ocrx_word' id='word_1_712' title='bbox 1501 5226 1801 5295; x_wconf 80' lang='lat' dir='ltr'><strong>prospexit.</strong></span> <span class='ocrx_word' id='word_1_713' title='bbox 1850 5245 1867 5276; x_wconf 74' lang='grc' dir='ltr'><strong>ι</strong></span> 
     </span>
    </p>
   </div>
   <div class='ocr_carea' id='block_1_103' title="bbox 1947 5219 3511 5295">
    <p class='ocr_par' dir='ltr' id='par_1_103' title="bbox 2386 5220 3511 5294">
     <span class='ocr_line' id='line_1_103' title="bbox 2386 5220 3511 5294; baseline 0 -22"><span class='ocrx_word' id='word_1_714' title='bbox 2386 5238 2404 5271; x_wconf 74' lang='grc' dir='ltr'><strong>ι</strong></span> <span class='ocrx_word' id='word_1_715' title='bbox 2473 5220 2531 5273; x_wconf 88' lang='grc' dir='ltr'>Ὁ</span> <span class='ocrx_word' id='word_1_716' title='bbox 2559 5220 2692 5284; x_wconf 87' lang='grc' dir='ltr'><strong>Θεὸς</strong></span> <span class='ocrx_word' id='word_1_717' title='bbox 2724 5222 2788 5274; x_wconf 80' lang='grc' dir='ltr'><strong>ὲκ</strong></span> <span class='ocrx_word' id='word_1_718' title='bbox 2822 5221 2914 5275; x_wconf 87' lang='grc' dir='ltr'><strong>τοῦ</strong></span> <span class='ocrx_word' id='word_1_719' title='bbox 2942 5223 3173 5294; x_wconf 83' lang='grc' dir='ltr'><strong>οὐρανοῦ</strong></span> <span class='ocrx_word' id='word_1_720' title='bbox 3199 5222 3466 5293; x_wconf 76' lang='grc' dir='ltr'><strong>διέκυψεν.</strong></span> <span class='ocrx_word' id='word_1_721' title='bbox 3494 5238 3511 5272; x_wconf 71' lang='grc' dir='ltr'><strong>ι</strong></span> 
     </span>
    </p>
   </div>
   <div class='ocr_carea' id='block_1_104' title="bbox 709 5296 2273 5388">
    <p class='ocr_par' dir='ltr' id='par_1_104' title="bbox 709 5309 2205 5381">
     <span class='ocr_line' id='line_1_104' title="bbox 709 5309 2205 5381; baseline 0.001 -15"><span class='ocrx_word' id='word_1_722' title='bbox 709 5309 892 5381; x_wconf 89' lang='lat' dir='ltr'><strong>Usque</strong></span> <span class='ocrx_word' id='word_1_723' title='bbox 932 5313 1067 5368; x_wconf 89' lang='lat' dir='ltr'><strong>adeo</strong></span> <span class='ocrx_word' id='word_1_724' title='bbox 1110 5313 1255 5367; x_wconf 90' lang='lat' dir='ltr'><strong>enim</strong></span> <span class='ocrx_word' id='word_1_725' title='bbox 1313 5314 1458 5369; x_wconf 89' lang='lat' dir='ltr'><strong>Deus</strong></span> <span class='ocrx_word' id='word_1_726' title='bbox 1485 5316 1758 5371; x_wconf 90' lang='lat' dir='ltr'><strong>desiderat</strong></span> <span class='ocrx_word' id='word_1_727' title='bbox 1801 5316 2103 5377; x_wconf 78' lang='lat' dir='ltr'><strong>veritatem,</strong></span> <span class='ocrx_word' id='word_1_728' title='bbox 2146 5323 2205 5367; x_wconf 90' lang='lat' dir='ltr'><strong>ut</strong></span> 
     </span>
    </p>
   </div>
   <div class='ocr_carea' id='block_1_105' title="bbox 2210 5296 3774 5388">
    <p class='ocr_par' dir='ltr' id='par_1_105' title="bbox 2385 5296 3774 5388">
     <span class='ocr_line' id='line_1_105' title="bbox 2385 5296 3774 5388; baseline -0.013 -22"><span class='ocrx_word' id='word_1_729' title='bbox 2385 5311 2649 5367; x_wconf 87' lang='grc' dir='ltr'><strong>Τοσοῦτον</strong></span> <span class='ocrx_word' id='word_1_730' title='bbox 2681 5314 2790 5386; x_wconf 82' lang='grc' dir='ltr'><strong>γὰρ</strong></span> <span class='ocrx_word' id='word_1_731' title='bbox 2815 5318 2842 5369; x_wconf 85' lang='grc' dir='ltr'>ὁ</span> <span class='ocrx_word' id='word_1_732' title='bbox 2874 5314 3003 5380; x_wconf 81' lang='grc' dir='ltr'><strong>Θεὸς</strong></span> <span class='ocrx_word' id='word_1_733' title='bbox 3032 5316 3285 5388; x_wconf 86' lang='grc' dir='ltr'><strong>ἀληθείας</strong></span> <span class='ocrx_word' id='word_1_734' title='bbox 3311 5318 3528 5386; x_wconf 72' lang='grc' dir='ltr'><strong>ἐφίεται,</strong></span> <span class='ocrx_word' id='word_1_735' title='bbox 3557 5308 3627 5360; x_wconf 85' lang='grc' dir='ltr'><strong>ὅτι</strong></span> <span class='ocrx_word' id='word_1_736' title='bbox 3655 5296 3774 5352; x_wconf 69' lang='grc' dir='ltr'><strong>πάντα</strong></span> 
     </span>
    </p>
   </div>
   <div class='ocr_carea' id='block_1_106' title="bbox 637 5402 2201 5483">
    <p class='ocr_par' dir='ltr' id='par_1_106' title="bbox 637 5412 2201 5476">
     <span class='ocr_line' id='line_1_106' title="bbox 637 5412 2201 5476; baseline -0.001 -16"><span class='ocrx_word' id='word_1_737' title='bbox 637 5418 762 5460; x_wconf 89' lang='lat' dir='ltr'><strong>cum</strong></span> <span class='ocrx_word' id='word_1_738' title='bbox 792 5419 881 5459; x_wconf 87' lang='lat' dir='ltr'><strong>res</strong></span> <span class='ocrx_word' id='word_1_739' title='bbox 912 5420 1103 5475; x_wconf 79' lang='lat' dir='ltr'><strong>omnes</strong></span> <span class='ocrx_word' id='word_1_740' title='bbox 1142 5414 1356 5461; x_wconf 88' lang='lat' dir='ltr'><strong>nostras</strong></span> <span class='ocrx_word' id='word_1_741' title='bbox 1388 5417 1577 5460; x_wconf 70' lang='grc' dir='ltr'><strong>εκσοιε</strong></span> <span class='ocrx_word' id='word_1_742' title='bbox 1602 5412 1891 5476; x_wconf 86' lang='lat' dir='ltr'><strong>cognoscat</strong></span> <span class='ocrx_word' id='word_1_743' title='bbox 1914 5444 1927 5467; x_wconf 84' lang='lat'><strong>,</strong></span> <span class='ocrx_word' id='word_1_744' title='bbox 1965 5414 2201 5458; x_wconf 88' lang='lat' dir='ltr'><strong>attamen</strong></span> 
     </span>
    </p>
   </div>
   <div class='ocr_carea' id='block_1_107' title="bbox 2210 5402 3774 5483">
    <p class='ocr_par' dir='ltr' id='par_1_107' title="bbox 2313 5402 3774 5483">
     <span class='ocr_line' id='line_1_107' title="bbox 2313 5402 3774 5483; baseline 0.013 -26"><span class='ocrx_word' id='word_1_745' title='bbox 2313 5405 2596 5473; x_wconf 83' lang='grc' dir='ltr'><strong>γινώσκων</strong></span> <span class='ocrx_word' id='word_1_746' title='bbox 2614 5408 2857 5479; x_wconf 77' lang='grc' dir='ltr'><strong>ἀκριϐῶς</strong></span> <span class='ocrx_word' id='word_1_747' title='bbox 2878 5410 2945 5463; x_wconf 84' lang='grc' dir='ltr'><strong>τὰ</strong></span> <span class='ocrx_word' id='word_1_748' title='bbox 2965 5412 3230 5483; x_wconf 79' lang='grc' dir='ltr'><strong>ἡμέτερα,</strong></span> <span class='ocrx_word' id='word_1_749' title='bbox 3259 5413 3407 5483; x_wconf 83' lang='grc' dir='ltr'><strong>ὅμως</strong></span> <span class='ocrx_word' id='word_1_750' title='bbox 3429 5402 3689 5463; x_wconf 62' lang='grc' dir='ltr'><strong>διακύπτείο</strong></span> 
     </span>
    </p>
   </div>
   <div class='ocr_carea' id='block_1_108' title="bbox 636 5478 2200 5575">
    <p class='ocr_par' dir='ltr' id='par_1_108' title="bbox 636 5495 2200 5568">
     <span class='ocr_line' id='line_1_108' title="bbox 636 5495 2200 5568; baseline -0.002 -16"><span class='ocrx_word' id='word_1_751' title='bbox 636 5513 737 5568; x_wconf 91' lang='lat' dir='ltr'><strong>per</strong></span> <span class='ocrx_word' id='word_1_752' title='bbox 783 5513 934 5552; x_wconf 90' lang='lat' dir='ltr'><strong>suam</strong></span> <span class='ocrx_word' id='word_1_753' title='bbox 994 5497 1277 5552; x_wconf 89' lang='lat' dir='ltr'><strong>nobiscum</strong></span> <span class='ocrx_word' id='word_1_754' title='bbox 1326 5496 1867 5560; x_wconf 87' lang='lat' dir='ltr'><strong>condescensionem,</strong></span> <span class='ocrx_word' id='word_1_755' title='bbox 1904 5495 2056 5566; x_wconf 88' lang='lat' dir='ltr'><strong>quasi</strong></span> <span class='ocrx_word' id='word_1_756' title='bbox 2106 5510 2200 5565; x_wconf 88' lang='lat' dir='ltr'><strong>per</strong></span> 
     </span>
    </p>
   </div>
   <div class='ocr_carea' id='block_1_109' title="bbox 2208 5478 3772 5575">
    <p class='ocr_par' dir='ltr' id='par_1_109' title="bbox 2313 5478 3772 5575">
     <span class='ocr_line' id='line_1_109' title="bbox 2313 5478 3772 5575; baseline -0.006 -26"><span class='ocrx_word' id='word_1_757' title='bbox 2313 5496 2492 5569; x_wconf 87' lang='grc' dir='ltr'><strong>θάπερ</strong></span> <span class='ocrx_word' id='word_1_758' title='bbox 2518 5499 2625 5551; x_wconf 88' lang='grc' dir='ltr'><strong>ἀπό</strong></span> <span class='ocrx_word' id='word_1_759' title='bbox 2653 5478 2796 5565; x_wconf 85' lang='grc' dir='ltr'><strong>τινος</strong></span> <span class='ocrx_word' id='word_1_760' title='bbox 2820 5478 3032 5572; x_wconf 78' lang='grc' dir='ltr'><strong>θυρίδος</strong></span> <span class='ocrx_word' id='word_1_761' title='bbox 3062 5478 3159 5573; x_wconf 76' lang='grc' dir='ltr'><strong>τῆς</strong></span> <span class='ocrx_word' id='word_1_762' title='bbox 3189 5478 3323 5574; x_wconf 54' lang='grc' dir='ltr'><strong>πρὸς</strong></span> <span class='ocrx_word' id='word_1_763' title='bbox 3343 5504 3482 5575; x_wconf 71' lang='grc' dir='ltr'><strong>ἡμᾶς</strong></span> <span class='ocrx_word' id='word_1_764' title='bbox 3509 5478 3772 5560; x_wconf 66' lang='grc' dir='ltr'><strong>συγκαταϐά-</strong></span> 
     </span>
    </p>
   </div>
   <div class='ocr_carea' id='block_1_110' title="bbox 638 5574 2202 5666">
    <p class='ocr_par' dir='ltr' id='par_1_110' title="bbox 638 5588 2201 5658">
     <span class='ocr_line' id='line_1_110' title="bbox 638 5588 2201 5658; baseline -0.003 -13"><span class='ocrx_word' id='word_1_765' title='bbox 638 5589 997 5654; x_wconf 79' lang='lat' dir='ltr'><strong>fenestellam,</strong></span> <span class='ocrx_word' id='word_1_766' title='bbox 1026 5588 1338 5658; x_wconf 88' lang='lat' dir='ltr'><strong>prospiciat,</strong></span> <span class='ocrx_word' id='word_1_767' title='bbox 1366 5603 1453 5643; x_wconf 89' lang='lat' dir='ltr'><strong>res</strong></span> <span class='ocrx_word' id='word_1_768' title='bbox 1477 5588 1743 5642; x_wconf 87' lang='lat' dir='ltr'><strong>humanas</strong></span> <span class='ocrx_word' id='word_1_769' title='bbox 1764 5596 2016 5644; x_wconf 87' lang='lat' dir='ltr'><strong>accurate</strong></span> <span class='ocrx_word' id='word_1_770' title='bbox 2041 5600 2201 5640; x_wconf 87' lang='lat' dir='ltr'><strong>nosse</strong></span> 
     </span>
    </p>
   </div>
   <div class='ocr_carea' id='block_1_111' title="bbox 2206 5574 3770 5666">
    <p class='ocr_par' dir='ltr' id='par_1_111' title="bbox 2319 5574 3770 5666">
     <span class='ocr_line' id='line_1_111' title="bbox 2319 5574 3770 5666; baseline 0.02 -28"><span class='ocrx_word' id='word_1_771' title='bbox 2319 5604 2475 5652; x_wconf 86' lang='grc' dir='ltr'><strong>σεως,</strong></span> <span class='ocrx_word' id='word_1_772' title='bbox 2542 5589 2834 5657; x_wconf 85' lang='grc' dir='ltr'><strong>διαγνῶναι</strong></span> <span class='ocrx_word' id='word_1_773' title='bbox 2890 5592 3058 5646; x_wconf 78' lang='grc' dir='ltr'><strong>θέλων</strong></span> <span class='ocrx_word' id='word_1_774' title='bbox 3120 5593 3364 5666; x_wconf 78' lang='grc' dir='ltr'><strong>ἀκριϐῶς</strong></span> <span class='ocrx_word' id='word_1_775' title='bbox 3415 5593 3478 5645; x_wconf 76' lang='grc' dir='ltr'><strong>’τά</strong></span> <span class='ocrx_word' id='word_1_776' title='bbox 3519 5574 3770 5666; x_wconf 32' lang='lat' dir='ltr'><strong>Magaw?</strong></span> 
     </span>
    </p>
   </div>
   <div class='ocr_carea' id='block_1_112' title="bbox 3756 5672 3770 5683">
    <p class='ocr_par' dir='ltr' id='par_1_112' title="bbox 3756 5672 3770 5683">
     <span class='ocr_line' id='line_1_112' title="bbox 3756 5672 3770 5683; baseline 0 0"><span class='ocrx_word' id='word_1_777' title='bbox 3756 5672 3770 5683; x_wconf 64' lang='grc' dir='ltr'><strong><em>Δ</em></strong></span> 
     </span>
    </p>
   </div>
   <div class='ocr_carea' id='block_1_113' title="bbox 638 5657 2202 5757">
    <p class='ocr_par' dir='ltr' id='par_1_113' title="bbox 638 5657 2202 5748">
     <span class='ocr_line' id='line_1_113' title="bbox 638 5657 2202 5748; baseline 0 -15"><span class='ocrx_word' id='word_1_778' title='bbox 638 5676 847 5733; x_wconf 83' lang='lat' dir='ltr'><strong>volens.</strong></span> <span class='ocrx_word' id='word_1_779' title='bbox 901 5657 1096 5748; x_wconf 84' lang='lat' dir='ltr'><strong>Utique</strong></span> <span class='ocrx_word' id='word_1_780' title='bbox 1118 5675 1321 5734; x_wconf 83' lang='lat' dir='ltr'><strong>Christi</strong></span> <span class='ocrx_word' id='word_1_781' title='bbox 1352 5678 1647 5735; x_wconf 85' lang='lat' dir='ltr'><strong>adventum</strong></span> <span class='ocrx_word' id='word_1_782' title='bbox 1694 5678 1979 5737; x_wconf 83' lang='lat' dir='ltr'><strong>manifeste</strong></span> <span class='ocrx_word' id='word_1_783' title='bbox 2004 5679 2202 5734; x_wconf 87' lang='lat' dir='ltr'><strong>intelli-</strong></span> 
     </span>
    </p>
   </div>
   <div class='ocr_carea' id='block_1_114' title="bbox 2200 5657 3764 5757">
    <p class='ocr_par' dir='ltr' id='par_1_114' title="bbox 2200 5657 3764 5757">
     <span class='ocr_line' id='line_1_114' title="bbox 2200 5657 3764 5757; baseline 0.001 -24"><span class='ocrx_word' id='word_1_784' title='bbox 2200 5706 2206 5719; x_wconf 88' lang='lat'><strong><em>-</em></strong></span> <span class='ocrx_word' id='word_1_785' title='bbox 2328 5679 2486 5734; x_wconf 80' lang='grc' dir='ltr'><strong>Ἀλλά</strong></span> <span class='ocrx_word' id='word_1_786' title='bbox 2514 5681 2622 5752; x_wconf 78' lang='grc' dir='ltr'><strong>γὰρ</strong></span> <span class='ocrx_word' id='word_1_787' title='bbox 2657 5682 2843 5753; x_wconf 74' lang='grc' dir='ltr'><strong>σαφῶς</strong></span> <span class='ocrx_word' id='word_1_788' title='bbox 2886 5684 3121 5755; x_wconf 88' lang='grc' dir='ltr'><strong>Χριστοῦ</strong></span> <span class='ocrx_word' id='word_1_789' title='bbox 3150 5657 3249 5757; x_wconf 62' lang='grc' dir='ltr'><strong>την</strong></span> <span class='ocrx_word' id='word_1_790' title='bbox 3273 5681 3544 5757; x_wconf 74' lang='grc' dir='ltr'><strong>ἐπιδημίαν</strong></span> <span class='ocrx_word' id='word_1_791' title='bbox 3575 5671 3712 5736; x_wconf 74' lang='grc' dir='ltr'><strong>λέγειι</strong></span> <span class='ocrx_word' id='word_1_792' title='bbox 3731 5657 3764 5716; x_wconf 60' lang='grc' dir='ltr'><strong>δέ</strong></span> 
     </span>
    </p>
   </div>
   <div class='ocr_carea' id='block_1_115' title="bbox 716 5857 1155 5925">
    <p class='ocr_par' dir='ltr' id='par_1_115' title="bbox 716 5857 1155 5925">
     <span class='ocr_line' id='line_1_115' title="bbox 716 5857 1155 5925; baseline 0.009 -17"><span class='ocrx_word' id='word_1_793' title='bbox 716 5857 761 5889; x_wconf 72' lang='grc'><strong>’⁸</strong></span> <span class='ocrx_word' id='word_1_794' title='bbox 786 5858 883 5910; x_wconf 85' lang='lat' dir='ltr'><strong>lsa.</strong></span> <span class='ocrx_word' id='word_1_795' title='bbox 911 5872 1076 5925; x_wconf 65' lang='grc' dir='ltr'><strong>χχχιι,</strong></span> <span class='ocrx_word' id='word_1_796' title='bbox 1102 5859 1155 5912; x_wconf 84' lang='lat'><strong>6.</strong></span> 
     </span>
    </p>
   </div>
  </div>
