  <div class='ocr_page' id='page_1' title='image "/cluster/home/n/w/nwhite01/storage/ocr_20150623/93/hvd.32044019208040/612.png"; bbox 0 0 3962 6420; ppageno 0'>
   <div class='ocr_carea' id='block_1_1' title="bbox 81 345 236 412">
    <p class='ocr_par' dir='ltr' id='par_1_1' title="bbox 81 345 236 412">
     <span class='ocr_line' id='line_1_1' title="bbox 81 345 236 412; baseline 0.026 -4"><span class='ocrx_word' id='word_1_1' title='bbox 81 345 236 412; x_wconf 70' lang='lat'><strong>1209</strong></span> 
     </span>
    </p>
   </div>
   <div class='ocr_carea' id='block_1_2' title="bbox 1179 358 2159 443">
    <p class='ocr_par' dir='ltr' id='par_1_2' title="bbox 1179 358 2159 443">
     <span class='ocr_line' id='line_1_2' title="bbox 1179 358 2159 443; baseline 0.009 -26"><span class='ocrx_word' id='word_1_2' title='bbox 1179 359 1636 423; x_wconf 70' lang='lat' dir='ltr'><strong>FRAGMENTA</strong></span> <span class='ocrx_word' id='word_1_3' title='bbox 1676 358 1758 421; x_wconf 86' lang='lat' dir='ltr'><strong>IN</strong></span> <span class='ocrx_word' id='word_1_4' title='bbox 1802 360 2159 443; x_wconf 84' lang='lat' dir='ltr'><strong>PSALMOS.</strong></span> 
     </span>
    </p>
   </div>
   <div class='ocr_carea' id='block_1_3' title="bbox 3228 369 3363 435">
    <p class='ocr_par' dir='ltr' id='par_1_3' title="bbox 3228 369 3363 435">
     <span class='ocr_line' id='line_1_3' title="bbox 3228 369 3363 435; baseline 0.007 -1"><span class='ocrx_word' id='word_1_5' title='bbox 3228 369 3363 435; x_wconf 80' lang='lat'><strong>1210</strong></span> 
     </span>
    </p>
   </div>
   <div class='ocr_carea' id='block_1_4' title="bbox 78 460 1723 553">
    <p class='ocr_par' dir='ltr' id='par_1_4' title="bbox 78 460 1693 553">
     <span class='ocr_line' id='line_1_4' title="bbox 78 460 1693 553; baseline 0.006 -40"><span class='ocrx_word' id='word_1_6' title='bbox 78 464 148 513; x_wconf 68' lang='grc' dir='ltr'>ἐκ</span> <span class='ocrx_word' id='word_1_7' title='bbox 179 460 294 553; x_wconf 81' lang='grc' dir='ltr'><strong>τοῦ</strong></span> <span class='ocrx_word' id='word_1_8' title='bbox 350 463 589 535; x_wconf 78' lang='grc' dir='ltr'>οὐρανοῦ</span> <span class='ocrx_word' id='word_1_9' title='bbox 623 464 899 535; x_wconf 74' lang='grc' dir='ltr'>διέκοψεν,</span> <span class='ocrx_word' id='word_1_10' title='bbox 940 468 1101 537; x_wconf 75' lang='grc' dir='ltr'>ηνίκα</span> <span class='ocrx_word' id='word_1_11' title='bbox 1139 470 1271 538; x_wconf 80' lang='grc' dir='ltr'>ἡμῖν</span> <span class='ocrx_word' id='word_1_12' title='bbox 1317 473 1453 539; x_wconf 81' lang='grc' dir='ltr'>μετὰ</span> <span class='ocrx_word' id='word_1_13' title='bbox 1498 473 1693 543; x_wconf 80' lang='grc' dir='ltr'>σαρκὸς</span> 
     </span>
    </p>
   </div>
   <div class='ocr_carea' id='block_1_5' title="bbox 1830 460 3361 553">
    <p class='ocr_par' dir='ltr' id='par_1_5' title="bbox 1833 476 3361 553">
     <span class='ocr_line' id='line_1_5' title="bbox 1833 476 3361 553; baseline 0.01 -27"><span class='ocrx_word' id='word_1_14' title='bbox 1833 476 1888 536; x_wconf 90' lang='lat' dir='ltr'><strong>it,</strong></span> <span class='ocrx_word' id='word_1_15' title='bbox 1922 476 2014 544; x_wconf 88' lang='lat' dir='ltr'><strong>qui</strong></span> <span class='ocrx_word' id='word_1_16' title='bbox 2041 476 2108 530; x_wconf 89' lang='lat' dir='ltr'><strong>de</strong></span> <span class='ocrx_word' id='word_1_17' title='bbox 2136 478 2274 532; x_wconf 71' lang='lat' dir='ltr'><strong>coelo</strong></span> <span class='ocrx_word' id='word_1_18' title='bbox 2298 482 2597 550; x_wconf 89' lang='lat' dir='ltr'><strong>prospexit,</strong></span> <span class='ocrx_word' id='word_1_19' title='bbox 2634 485 2855 553; x_wconf 86' lang='lat' dir='ltr'><strong>quando</strong></span> <span class='ocrx_word' id='word_1_20' title='bbox 2874 486 2941 538; x_wconf 88' lang='lat' dir='ltr'><strong>ad</strong></span> <span class='ocrx_word' id='word_1_21' title='bbox 2974 500 3073 538; x_wconf 90' lang='lat' dir='ltr'><strong>nos</strong></span> <span class='ocrx_word' id='word_1_22' title='bbox 3118 485 3171 538; x_wconf 91' lang='lat' dir='ltr'><strong>in</strong></span> <span class='ocrx_word' id='word_1_23' title='bbox 3199 501 3361 541; x_wconf 83' lang='lat' dir='ltr'><strong>carne</strong></span> 
     </span>
    </p>
   </div>
   <div class='ocr_carea' id='block_1_6' title="bbox 78 552 1695 631">
    <p class='ocr_par' dir='ltr' id='par_1_6' title="bbox 78 552 1695 631">
     <span class='ocr_line' id='line_1_6' title="bbox 78 552 1695 631; baseline 0.008 -29"><span class='ocrx_word' id='word_1_24' title='bbox 78 552 270 623; x_wconf 75' lang='grc' dir='ltr'>ἑπεδή</span> <span class='ocrx_word' id='word_1_25' title='bbox 282 570 499 624; x_wconf 85' lang='grc' dir='ltr'>μησεν.</span> <span class='ocrx_word' id='word_1_26' title='bbox 529 556 739 625; x_wconf 82' lang='grc' dir='ltr'>Ὥσπερ</span> <span class='ocrx_word' id='word_1_27' title='bbox 771 556 878 629; x_wconf 88' lang='grc' dir='ltr'><strong>γάρ</strong></span> <span class='ocrx_word' id='word_1_28' title='bbox 904 559 932 610; x_wconf 99' lang='lat'><strong>6</strong></span> <span class='ocrx_word' id='word_1_29' title='bbox 963 560 1339 628; x_wconf 83' lang='grc' dir='ltr'>παρακύπτων</span> <span class='ocrx_word' id='word_1_30' title='bbox 1360 561 1453 629; x_wconf 79' lang='grc' dir='ltr'>ἀφ’</span> <span class='ocrx_word' id='word_1_31' title='bbox 1488 560 1695 631; x_wconf 75' lang='grc' dir='ltr'>ὑψηλοῦ</span> 
     </span>
    </p>
   </div>
   <div class='ocr_carea' id='block_1_7' title="bbox 72 642 1699 722">
    <p class='ocr_par' dir='ltr' id='par_1_7' title="bbox 72 642 1699 722">
     <span class='ocr_line' id='line_1_7' title="bbox 72 642 1699 722; baseline 0.007 -26"><span class='ocrx_word' id='word_1_32' title='bbox 72 642 295 709; x_wconf 80' lang='grc' dir='ltr'><strong>τόπου,</strong></span> <span class='ocrx_word' id='word_1_33' title='bbox 341 648 466 700; x_wconf 76' lang='grc' dir='ltr'>ἅνω</span> <span class='ocrx_word' id='word_1_34' title='bbox 498 648 696 717; x_wconf 85' lang='grc' dir='ltr'>μένων,</span> <span class='ocrx_word' id='word_1_35' title='bbox 722 651 874 702; x_wconf 84' lang='grc' dir='ltr'>κάτω</span> <span class='ocrx_word' id='word_1_36' title='bbox 901 653 966 721; x_wconf 77' lang='grc' dir='ltr'>τῇ</span> <span class='ocrx_word' id='word_1_37' title='bbox 1005 654 1255 722; x_wconf 73' lang='grc' dir='ltr'><strong>ἐνεργείᾳ</strong></span> <span class='ocrx_word' id='word_1_38' title='bbox 1278 652 1522 720; x_wconf 88' lang='grc' dir='ltr'>γίνεται,</span> <span class='ocrx_word' id='word_1_39' title='bbox 1558 655 1699 707; x_wconf 72' lang='grc' dir='ltr'>οὕτω</span> 
     </span>
    </p>
   </div>
   <div class='ocr_carea' id='block_1_8' title="bbox 76 734 1699 814">
    <p class='ocr_par' dir='ltr' id='par_1_8' title="bbox 76 734 1699 814">
     <span class='ocr_line' id='line_1_8' title="bbox 76 734 1699 814; baseline 0.008 -31"><span class='ocrx_word' id='word_1_40' title='bbox 76 734 184 785; x_wconf 70' lang='grc' dir='ltr'><strong>καὶ</strong></span> <span class='ocrx_word' id='word_1_41' title='bbox 232 737 266 787; x_wconf 86' lang='grc' dir='ltr'>ὁ</span> <span class='ocrx_word' id='word_1_42' title='bbox 312 737 563 807; x_wconf 82' lang='grc' dir='ltr'>Χριστὸς</span> <span class='ocrx_word' id='word_1_43' title='bbox 595 739 652 790; x_wconf 76' lang='grc' dir='ltr'>ἐν</span> <span class='ocrx_word' id='word_1_44' title='bbox 702 740 813 801; x_wconf 84' lang='grc' dir='ltr'>τοῖς</span> <span class='ocrx_word' id='word_1_45' title='bbox 843 739 1067 803; x_wconf 79' lang='grc' dir='ltr'><strong>κόλποις</strong></span> <span class='ocrx_word' id='word_1_46' title='bbox 1113 741 1205 794; x_wconf 86' lang='grc' dir='ltr'><strong>τοῦ</strong></span> <span class='ocrx_word' id='word_1_47' title='bbox 1251 744 1465 814; x_wconf 79' lang='grc' dir='ltr'>Πατρὸς</span> <span class='ocrx_word' id='word_1_48' title='bbox 1501 744 1699 814; x_wconf 83' lang='grc' dir='ltr'>μένων,</span> 
     </span>
    </p>
   </div>
   <div class='ocr_carea' id='block_1_9' title="bbox 80 828 1702 906">
    <p class='ocr_par' dir='ltr' id='par_1_9' title="bbox 80 828 1702 906">
     <span class='ocr_line' id='line_1_9' title="bbox 80 828 1702 906; baseline 0.008 -29"><span class='ocrx_word' id='word_1_49' title='bbox 80 828 151 896; x_wconf 82' lang='grc' dir='ltr'>τῇ</span> <span class='ocrx_word' id='word_1_50' title='bbox 219 829 306 898; x_wconf 81' lang='grc' dir='ltr'><strong>γῇ</strong></span> <span class='ocrx_word' id='word_1_51' title='bbox 378 828 469 881; x_wconf 82' lang='grc' dir='ltr'><strong>διὰ</strong></span> <span class='ocrx_word' id='word_1_52' title='bbox 512 830 712 901; x_wconf 86' lang='grc' dir='ltr'>σαρκὸς</span> <span class='ocrx_word' id='word_1_53' title='bbox 766 831 1099 901; x_wconf 74' lang='grc' dir='ltr'>ἐπεδήμησε.</span> <span class='ocrx_word' id='word_1_54' title='bbox 1142 833 1302 897; x_wconf 82' lang='grc' dir='ltr'>Τίνος</span> <span class='ocrx_word' id='word_1_55' title='bbox 1353 834 1554 906; x_wconf 84' lang='grc' dir='ltr'>χάριν;</span> <span class='ocrx_word' id='word_1_56' title='bbox 1593 836 1702 890; x_wconf 82' lang='grc' dir='ltr'>Τοῦ</span> 
     </span>
    </p>
   </div>
   <div class='ocr_carea' id='block_1_10' title="bbox 84 918 1703 991">
    <p class='ocr_par' dir='ltr' id='par_1_10' title="bbox 84 918 1703 991">
     <span class='ocr_line' id='line_1_10' title="bbox 84 918 1703 991; baseline 0.008 -22"><span class='ocrx_word' id='word_1_57' title='bbox 84 918 277 983; x_wconf 73' lang='grc' dir='ltr'>ἰδεῖν,</span> <span class='ocrx_word' id='word_1_58' title='bbox 316 923 385 974; x_wconf 80' lang='grc' dir='ltr'>εὶ</span> <span class='ocrx_word' id='word_1_59' title='bbox 411 922 542 976; x_wconf 81' lang='grc' dir='ltr'>ἔστι</span> <span class='ocrx_word' id='word_1_60' title='bbox 575 921 826 990; x_wconf 85' lang='grc' dir='ltr'>συνιὼν,</span> <span class='ocrx_word' id='word_1_61' title='bbox 854 921 892 991; x_wconf 82' lang='grc' dir='ltr'><strong><em>ἣ</em></strong></span> <span class='ocrx_word' id='word_1_62' title='bbox 920 923 1180 991; x_wconf 80' lang='grc' dir='ltr'><strong>ἐκζητῶν</strong></span> <span class='ocrx_word' id='word_1_63' title='bbox 1218 927 1323 979; x_wconf 83' lang='grc' dir='ltr'>τὸν</span> <span class='ocrx_word' id='word_1_64' title='bbox 1358 930 1527 983; x_wconf 86' lang='grc' dir='ltr'>Θεόν.</span> <span class='ocrx_word' id='word_1_65' title='bbox 1562 930 1703 982; x_wconf 73' lang='grc' dir='ltr'>Οὐκ-</span> 
     </span>
    </p>
   </div>
   <div class='ocr_carea' id='block_1_11' title="bbox 86 1008 1707 1089">
    <p class='ocr_par' dir='ltr' id='par_1_11' title="bbox 86 1008 1707 1089">
     <span class='ocr_line' id='line_1_11' title="bbox 86 1008 1707 1089; baseline 0.006 -27"><span class='ocrx_word' id='word_1_66' title='bbox 86 1008 187 1062; x_wconf 83' lang='grc' dir='ltr'><strong>οῦν</strong></span> <span class='ocrx_word' id='word_1_67' title='bbox 226 1011 303 1063; x_wconf 80' lang='grc' dir='ltr'>οὐ</span> <span class='ocrx_word' id='word_1_68' title='bbox 353 1014 459 1077; x_wconf 73' lang='grc' dir='ltr'><strong>τὰς</strong></span> <span class='ocrx_word' id='word_1_69' title='bbox 508 1014 737 1082; x_wconf 79' lang='grc' dir='ltr'>πράξεις</span> <span class='ocrx_word' id='word_1_70' title='bbox 773 1016 1028 1068; x_wconf 84' lang='grc' dir='ltr'>τοσοῦτον</span> <span class='ocrx_word' id='word_1_71' title='bbox 1050 1016 1154 1069; x_wconf 85' lang='grc' dir='ltr'><strong>τῶν</strong></span> <span class='ocrx_word' id='word_1_72' title='bbox 1184 1017 1485 1088; x_wconf 84' lang='grc' dir='ltr'>ἀνθρώπων</span> <span class='ocrx_word' id='word_1_73' title='bbox 1509 1021 1707 1089; x_wconf 79' lang='grc' dir='ltr'>κατῆλ-</span> 
     </span>
    </p>
   </div>
   <div class='ocr_carea' id='block_1_12' title="bbox 86 1100 1706 1177">
    <p class='ocr_par' dir='ltr' id='par_1_12' title="bbox 86 1100 1706 1177">
     <span class='ocr_line' id='line_1_12' title="bbox 86 1100 1706 1177; baseline 0.007 -25"><span class='ocrx_word' id='word_1_74' title='bbox 86 1100 185 1153; x_wconf 83' lang='grc' dir='ltr'><strong>θεν</strong></span> <span class='ocrx_word' id='word_1_75' title='bbox 225 1104 680 1174; x_wconf 63' lang='grc' dir='ltr'><strong>ἐπισκέψασθαι,</strong></span> <span class='ocrx_word' id='word_1_76' title='bbox 704 1106 827 1157; x_wconf 85' lang='grc' dir='ltr'>ὅσον</span> <span class='ocrx_word' id='word_1_77' title='bbox 854 1105 980 1158; x_wconf 79' lang='grc' dir='ltr'><strong>ίδεῖν</strong></span> <span class='ocrx_word' id='word_1_78' title='bbox 1010 1107 1064 1159; x_wconf 83' lang='grc' dir='ltr'>εῐ</span> <span class='ocrx_word' id='word_1_79' title='bbox 1081 1124 1200 1160; x_wconf 87' lang='grc' dir='ltr'>τινα</span> <span class='ocrx_word' id='word_1_80' title='bbox 1222 1108 1357 1171; x_wconf 83' lang='grc' dir='ltr'>ὅλως</span> <span class='ocrx_word' id='word_1_81' title='bbox 1379 1109 1706 1177; x_wconf 89' lang='grc' dir='ltr'>θεογνωσίαν</span> 
     </span>
    </p>
   </div>
   <div class='ocr_carea' id='block_1_13' title="bbox 97 1192 1450 1271">
    <p class='ocr_par' dir='ltr' id='par_1_13' title="bbox 97 1192 1450 1271">
     <span class='ocr_line' id='line_1_13' title="bbox 97 1192 1450 1271; baseline 0.008 -28"><span class='ocrx_word' id='word_1_82' title='bbox 97 1192 385 1263; x_wconf 74' lang='grc' dir='ltr'>ἔχουσιν,</span> <span class='ocrx_word' id='word_1_83' title='bbox 444 1198 492 1249; x_wconf 90' lang='grc' dir='ltr'><strong>εἰ</strong></span> <span class='ocrx_word' id='word_1_84' title='bbox 534 1197 592 1248; x_wconf 86' lang='grc' dir='ltr'>ὲν</span> <span class='ocrx_word' id='word_1_85' title='bbox 626 1198 809 1249; x_wconf 84' lang='grc' dir='ltr'>πίστει</span> <span class='ocrx_word' id='word_1_86' title='bbox 849 1198 942 1251; x_wconf 82' lang='grc' dir='ltr'>τὸν</span> <span class='ocrx_word' id='word_1_87' title='bbox 980 1198 1112 1251; x_wconf 76' lang='grc' dir='ltr'>Θεὸν</span> <span class='ocrx_word' id='word_1_88' title='bbox 1139 1198 1450 1271; x_wconf 71' lang='grc' dir='ltr'>ἐκζητοῦσι.</span> 
     </span>
    </p>
   </div>
   <div class='ocr_carea' id='block_1_14' title="bbox 172 1374 1054 1443">
    <p class='ocr_par' dir='ltr' id='par_1_14' title="bbox 172 1374 1054 1443">
     <span class='ocr_line' id='line_1_14' title="bbox 172 1374 1054 1443; baseline 0.006 -21"><span class='ocrx_word' id='word_1_89' title='bbox 172 1391 193 1422; x_wconf 76' lang='grc' dir='ltr'><strong>ι</strong></span> <span class='ocrx_word' id='word_1_90' title='bbox 244 1374 410 1443; x_wconf 73' lang='grc' dir='ltr'>Οὐχὶ</span> <span class='ocrx_word' id='word_1_91' title='bbox 434 1374 737 1442; x_wconf 81' lang='grc' dir='ltr'><strong>γνώσονται</strong></span> <span class='ocrx_word' id='word_1_92' title='bbox 770 1377 992 1439; x_wconf 81' lang='grc' dir='ltr'>πάντες.</span> <span class='ocrx_word' id='word_1_93' title='bbox 1036 1395 1054 1427; x_wconf 72' lang='grc' dir='ltr'><strong>ι</strong></span> 
     </span>
    </p>
   </div>
   <div class='ocr_carea' id='block_1_15' title="bbox 168 1465 1709 1539">
    <p class='ocr_par' dir='ltr' id='par_1_15' title="bbox 168 1465 1709 1539">
     <span class='ocr_line' id='line_1_15' title="bbox 168 1465 1709 1539; baseline 0.005 -22"><span class='ocrx_word' id='word_1_94' title='bbox 168 1465 421 1528; x_wconf 76' lang='grc' dir='ltr'>Πάντες</span> <span class='ocrx_word' id='word_1_95' title='bbox 456 1467 555 1535; x_wconf 86' lang='grc' dir='ltr'>μὲν</span> <span class='ocrx_word' id='word_1_96' title='bbox 584 1469 634 1519; x_wconf 76' lang='lat' dir='ltr'><strong>oi</strong></span> <span class='ocrx_word' id='word_1_97' title='bbox 670 1469 795 1530; x_wconf 82' lang='grc' dir='ltr'>τοὺς</span> <span class='ocrx_word' id='word_1_98' title='bbox 835 1469 1071 1539; x_wconf 80' lang='grc' dir='ltr'><strong>πένητας</strong></span> <span class='ocrx_word' id='word_1_99' title='bbox 1104 1468 1434 1535; x_wconf 81' lang='grc' dir='ltr'><strong>ἀδικοῦντες,</strong></span> <span class='ocrx_word' id='word_1_100' title='bbox 1481 1472 1577 1525; x_wconf 65' lang='grc' dir='ltr'><strong>καὶ</strong></span> <span class='ocrx_word' id='word_1_101' title='bbox 1640 1472 1709 1525; x_wconf 87' lang='grc' dir='ltr'><strong>τά</strong></span> 
     </span>
    </p>
   </div>
   <div class='ocr_carea' id='block_1_16' title="bbox 94 1558 1708 1634">
    <p class='ocr_par' dir='ltr' id='par_1_16' title="bbox 94 1558 1708 1634">
     <span class='ocr_line' id='line_1_16' title="bbox 94 1558 1708 1634; baseline 0.004 -23"><span class='ocrx_word' id='word_1_102' title='bbox 94 1558 198 1611; x_wconf 84' lang='grc' dir='ltr'><strong>τοῦ</strong></span> <span class='ocrx_word' id='word_1_103' title='bbox 243 1559 499 1630; x_wconf 84' lang='grc' dir='ltr'>πλησίον</span> <span class='ocrx_word' id='word_1_104' title='bbox 526 1560 883 1630; x_wconf 73' lang='grc' dir='ltr'>ἁρπάζοντες,</span> <span class='ocrx_word' id='word_1_105' title='bbox 920 1560 1118 1631; x_wconf 84' lang='grc' dir='ltr'><strong>βρώσει</strong></span> <span class='ocrx_word' id='word_1_106' title='bbox 1146 1562 1310 1634; x_wconf 80' lang='grc' dir='ltr'>ἄρτου</span> <span class='ocrx_word' id='word_1_107' title='bbox 1340 1564 1430 1616; x_wconf 64' lang='grc' dir='ltr'><strong>τὸν</strong></span> <span class='ocrx_word' id='word_1_108' title='bbox 1454 1563 1580 1618; x_wconf 69' lang='grc' dir='ltr'>λαὸν</span> <span class='ocrx_word' id='word_1_109' title='bbox 1612 1565 1708 1617; x_wconf 89' lang='grc' dir='ltr'><strong>τοῦ</strong></span> 
     </span>
    </p>
   </div>
   <div class='ocr_carea' id='block_1_17' title="bbox 101 1650 1712 1727">
    <p class='ocr_par' dir='ltr' id='par_1_17' title="bbox 101 1650 1712 1727">
     <span class='ocr_line' id='line_1_17' title="bbox 101 1650 1712 1727; baseline 0.01 -25"><span class='ocrx_word' id='word_1_110' title='bbox 101 1650 254 1703; x_wconf 80' lang='grc' dir='ltr'>Θεοῦ</span> <span class='ocrx_word' id='word_1_111' title='bbox 322 1652 538 1704; x_wconf 83' lang='grc' dir='ltr'>ἐσθίειν</span> <span class='ocrx_word' id='word_1_112' title='bbox 598 1654 826 1716; x_wconf 81' lang='grc' dir='ltr'>είκότως</span> <span class='ocrx_word' id='word_1_113' title='bbox 858 1654 1103 1721; x_wconf 85' lang='grc' dir='ltr'>λέγονται</span> <span class='ocrx_word' id='word_1_114' title='bbox 1149 1670 1163 1683; x_wconf 82' lang='grc'><em>’</em></span> <span class='ocrx_word' id='word_1_115' title='bbox 1215 1656 1420 1725; x_wconf 79' lang='grc' dir='ltr'>τροφὴν</span> <span class='ocrx_word' id='word_1_116' title='bbox 1467 1657 1572 1727; x_wconf 79' lang='grc' dir='ltr'>γὰρ</span> <span class='ocrx_word' id='word_1_117' title='bbox 1613 1656 1712 1726; x_wconf 78' lang='grc' dir='ltr'><strong>τῆς</strong></span> 
     </span>
    </p>
   </div>
   <div class='ocr_carea' id='block_1_18' title="bbox 104 1743 1713 1816">
    <p class='ocr_par' dir='ltr' id='par_1_18' title="bbox 104 1743 1713 1816">
     <span class='ocr_line' id='line_1_18' title="bbox 104 1743 1713 1816; baseline 0.002 -21"><span class='ocrx_word' id='word_1_118' title='bbox 104 1744 347 1797; x_wconf 76' lang='grc' dir='ltr'>ἑαυτῶν</span> <span class='ocrx_word' id='word_1_119' title='bbox 401 1743 711 1809; x_wconf 80' lang='grc' dir='ltr'>πλεονεξίας</span> <span class='ocrx_word' id='word_1_120' title='bbox 760 1744 858 1815; x_wconf 80' lang='grc' dir='ltr'>τὴν</span> <span class='ocrx_word' id='word_1_121' title='bbox 916 1744 1162 1810; x_wconf 82' lang='grc' dir='ltr'>ἀδικίαν,</span> <span class='ocrx_word' id='word_1_122' title='bbox 1205 1746 1301 1816; x_wconf 80' lang='grc' dir='ltr'>τὴν</span> <span class='ocrx_word' id='word_1_123' title='bbox 1352 1750 1431 1809; x_wconf 87' lang='grc' dir='ltr'><strong>είς</strong></span> <span class='ocrx_word' id='word_1_124' title='bbox 1467 1748 1713 1810; x_wconf 79' lang='grc' dir='ltr'>ἐκείνους</span> 
     </span>
    </p>
   </div>
   <div class='ocr_carea' id='block_1_19' title="bbox 110 1814 1783 1904">
    <p class='ocr_par' dir='ltr' id='par_1_19' title="bbox 110 1814 1783 1904">
     <span class='ocr_line' id='line_1_19' title="bbox 110 1814 1783 1904; baseline 0.001 -19"><span class='ocrx_word' id='word_1_125' title='bbox 110 1833 341 1901; x_wconf 72' lang='grc' dir='ltr'>ἔχουσι.</span> <span class='ocrx_word' id='word_1_126' title='bbox 368 1833 635 1904; x_wconf 88' lang='grc' dir='ltr'>Νομίσεις</span> <span class='ocrx_word' id='word_1_127' title='bbox 669 1833 726 1886; x_wconf 85' lang='grc' dir='ltr'>δὲ</span> <span class='ocrx_word' id='word_1_128' title='bbox 780 1814 1013 1903; x_wconf 84' lang='grc' dir='ltr'>μάλιστα</span> <span class='ocrx_word' id='word_1_129' title='bbox 1058 1836 1185 1897; x_wconf 85' lang='grc' dir='ltr'>τοὺς</span> <span class='ocrx_word' id='word_1_130' title='bbox 1219 1814 1583 1902; x_wconf 73' lang='grc' dir='ltr'>διδασκάλουςξ</span> <span class='ocrx_word' id='word_1_131' title='bbox 1604 1837 1708 1889; x_wconf 85' lang='grc' dir='ltr'>τῶν</span> <span class='ocrx_word' id='word_1_132' title='bbox 1743 1814 1783 1871; x_wconf 74' lang='grc' dir='ltr'><strong>Β</strong></span> 
     </span>
    </p>
   </div>
   <div class='ocr_carea' id='block_1_20' title="bbox 122 1924 1710 1998">
    <p class='ocr_par' dir='ltr' id='par_1_20' title="bbox 122 1924 1710 1998">
     <span class='ocr_line' id='line_1_20' title="bbox 122 1924 1710 1998; baseline 0.004 -21"><span class='ocrx_word' id='word_1_133' title='bbox 122 1925 429 1979; x_wconf 83' lang='grc' dir='ltr'>Ἰουδαίων</span> <span class='ocrx_word' id='word_1_134' title='bbox 466 1924 743 1993; x_wconf 78' lang='grc' dir='ltr'>λέγεσθαι.</span> <span class='ocrx_word' id='word_1_135' title='bbox 789 1925 958 1996; x_wconf 83' lang='grc' dir='ltr'><strong>’Υπὲρ</strong></span> <span class='ocrx_word' id='word_1_136' title='bbox 985 1926 1091 1996; x_wconf 77' lang='grc' dir='ltr'><strong>γὰρ</strong></span> <span class='ocrx_word' id='word_1_137' title='bbox 1134 1927 1407 1994; x_wconf 80' lang='grc' dir='ltr'>ἀγνωσίας</span> <span class='ocrx_word' id='word_1_138' title='bbox 1426 1929 1518 1982; x_wconf 77' lang='grc' dir='ltr'>τὸν</span> <span class='ocrx_word' id='word_1_139' title='bbox 1547 1929 1710 1998; x_wconf 84' lang='grc' dir='ltr'>νόμον</span> 
     </span>
    </p>
   </div>
   <div class='ocr_carea' id='block_1_21' title="bbox 115 2016 1710 2091">
    <p class='ocr_par' dir='ltr' id='par_1_21' title="bbox 115 2016 1710 2091">
     <span class='ocr_line' id='line_1_21' title="bbox 115 2016 1710 2091; baseline 0.002 -20"><span class='ocrx_word' id='word_1_140' title='bbox 115 2018 190 2083; x_wconf 79' lang='grc' dir='ltr'>ὡς</span> <span class='ocrx_word' id='word_1_141' title='bbox 232 2018 479 2072; x_wconf 73' lang='grc' dir='ltr'>ἐδόκουν</span> <span class='ocrx_word' id='word_1_142' title='bbox 527 2016 871 2080; x_wconf 75' lang='grc' dir='ltr'>ἐκδικοῦντες</span> <span class='ocrx_word' id='word_1_143' title='bbox 900 2058 916 2080; x_wconf 89' lang='grc'><strong>,</strong></span> <span class='ocrx_word' id='word_1_144' title='bbox 945 2020 1009 2088; x_wconf 81' lang='grc' dir='ltr'>τῇ</span> <span class='ocrx_word' id='word_1_145' title='bbox 1033 2018 1087 2070; x_wconf 85' lang='grc' dir='ltr'>δὲ</span> <span class='ocrx_word' id='word_1_146' title='bbox 1120 2018 1273 2089; x_wconf 77' lang='grc' dir='ltr'>ὕϐρει</span> <span class='ocrx_word' id='word_1_147' title='bbox 1302 2020 1395 2073; x_wconf 83' lang='grc' dir='ltr'><strong>τοῦ</strong></span> <span class='ocrx_word' id='word_1_148' title='bbox 1424 2022 1710 2091; x_wconf 81' lang='grc' dir='ltr'>νομοθέτου</span> 
     </span>
    </p>
   </div>
   <div class='ocr_carea' id='block_1_22' title="bbox 119 2102 1713 2184">
    <p class='ocr_par' dir='ltr' id='par_1_22' title="bbox 119 2102 1713 2184">
     <span class='ocr_line' id='line_1_22' title="bbox 119 2102 1713 2184; baseline 0.003 -23"><span class='ocrx_word' id='word_1_149' title='bbox 119 2110 381 2180; x_wconf 76' lang='grc' dir='ltr'>ἀνομίαν</span> <span class='ocrx_word' id='word_1_150' title='bbox 408 2108 790 2180; x_wconf 75' lang='grc' dir='ltr'>ἐργαζόμενοι,</span> <span class='ocrx_word' id='word_1_151' title='bbox 819 2102 964 2162; x_wconf 79' lang='grc' dir='ltr'>οὗτοι</span> <span class='ocrx_word' id='word_1_152' title='bbox 986 2109 1077 2162; x_wconf 80' lang='grc' dir='ltr'>τὸν</span> <span class='ocrx_word' id='word_1_153' title='bbox 1098 2109 1224 2164; x_wconf 77' lang='grc' dir='ltr'>λαὸν</span> <span class='ocrx_word' id='word_1_154' title='bbox 1253 2110 1346 2164; x_wconf 87' lang='grc' dir='ltr'><strong>τοῦ</strong></span> <span class='ocrx_word' id='word_1_155' title='bbox 1372 2112 1505 2165; x_wconf 84' lang='grc' dir='ltr'>Θεοῦ</span> <span class='ocrx_word' id='word_1_156' title='bbox 1528 2113 1713 2184; x_wconf 70' lang='grc' dir='ltr'>ἢσθιον</span> 
     </span>
    </p>
   </div>
   <div class='ocr_carea' id='block_1_23' title="bbox 122 2200 1715 2274">
    <p class='ocr_par' dir='ltr' id='par_1_23' title="bbox 122 2200 1715 2274">
     <span class='ocr_line' id='line_1_23' title="bbox 122 2200 1715 2274; baseline 0.004 -23"><span class='ocrx_word' id='word_1_157' title='bbox 122 2201 342 2271; x_wconf 76' lang='grc' dir='ltr'>βρώσει</span> <span class='ocrx_word' id='word_1_158' title='bbox 379 2201 570 2271; x_wconf 81' lang='grc' dir='ltr'>ἄρτου,</span> <span class='ocrx_word' id='word_1_159' title='bbox 610 2201 769 2253; x_wconf 71' lang='grc' dir='ltr'>ἕνεκα</span> <span class='ocrx_word' id='word_1_160' title='bbox 807 2200 1123 2270; x_wconf 75' lang='grc' dir='ltr'>πλησμονῆς</span> <span class='ocrx_word' id='word_1_161' title='bbox 1156 2202 1248 2254; x_wconf 76' lang='grc' dir='ltr'>καὶ</span> <span class='ocrx_word' id='word_1_162' title='bbox 1275 2204 1715 2274; x_wconf 80' lang='grc' dir='ltr'>γαστριμαργίας</span> 
     </span>
    </p>
   </div>
   <div class='ocr_carea' id='block_1_24' title="bbox 125 2292 1717 2366">
    <p class='ocr_par' dir='ltr' id='par_1_24' title="bbox 125 2292 1717 2366">
     <span class='ocr_line' id='line_1_24' title="bbox 125 2292 1717 2366; baseline 0.003 -20"><span class='ocrx_word' id='word_1_163' title='bbox 125 2292 763 2365; x_wconf 76' lang='grc' dir='ltr'>προσωποληπτοῦντες,</span> <span class='ocrx_word' id='word_1_164' title='bbox 787 2294 881 2346; x_wconf 79' lang='grc' dir='ltr'>καὶ</span> <span class='ocrx_word' id='word_1_165' title='bbox 911 2294 1002 2347; x_wconf 84' lang='grc' dir='ltr'>τὸν</span> <span class='ocrx_word' id='word_1_166' title='bbox 1050 2294 1209 2364; x_wconf 89' lang='grc' dir='ltr'>νόμον</span> <span class='ocrx_word' id='word_1_167' title='bbox 1242 2297 1301 2349; x_wconf 81' lang='grc' dir='ltr'>ὲν</span> <span class='ocrx_word' id='word_1_168' title='bbox 1325 2296 1403 2366; x_wconf 81' lang='grc' dir='ltr'>τῷ</span> <span class='ocrx_word' id='word_1_169' title='bbox 1445 2296 1717 2350; x_wconf 79' lang='grc' dir='ltr'>διδάσκειν</span> 
     </span>
    </p>
   </div>
   <div class='ocr_carea' id='block_1_25' title="bbox 128 2386 605 2457">
    <p class='ocr_par' dir='ltr' id='par_1_25' title="bbox 128 2386 605 2457">
     <span class='ocr_line' id='line_1_25' title="bbox 128 2386 605 2457; baseline -0.002 -18"><span class='ocrx_word' id='word_1_170' title='bbox 128 2386 605 2457; x_wconf 45' lang='grc' dir='ltr'><strong>⁸παραϐαίνοντες.</strong></span> 
     </span>
    </p>
   </div>
   <div class='ocr_carea' id='block_1_26' title="bbox 200 2466 1718 2549">
    <p class='ocr_par' dir='ltr' id='par_1_26' title="bbox 200 2466 1718 2549">
     <span class='ocr_line' id='line_1_26' title="bbox 200 2466 1718 2549; baseline 0.003 -22"><span class='ocrx_word' id='word_1_171' title='bbox 200 2476 356 2544; x_wconf 78' lang='grc' dir='ltr'><strong>Περὶ</strong></span> <span class='ocrx_word' id='word_1_172' title='bbox 402 2475 511 2527; x_wconf 84' lang='grc' dir='ltr'><strong>τῶν</strong></span> <span class='ocrx_word' id='word_1_173' title='bbox 554 2466 818 2528; x_wconf 81' lang='grc' dir='ltr'>Ἰουδαίων</span> <span class='ocrx_word' id='word_1_174' title='bbox 856 2475 1005 2545; x_wconf 82' lang='grc' dir='ltr'>λέγει</span> <span class='ocrx_word' id='word_1_175' title='bbox 1034 2494 1046 2508; x_wconf 90' lang='grc'><strong>·</strong></span> <span class='ocrx_word' id='word_1_176' title='bbox 1070 2477 1161 2530; x_wconf 74' lang='grc' dir='ltr'><strong>τὸν</strong></span> <span class='ocrx_word' id='word_1_177' title='bbox 1190 2475 1299 2546; x_wconf 91' lang='grc' dir='ltr'><strong>γάρ</strong></span> <span class='ocrx_word' id='word_1_178' title='bbox 1339 2476 1551 2549; x_wconf 79' lang='grc' dir='ltr'>ἀληθῶς</span> <span class='ocrx_word' id='word_1_179' title='bbox 1586 2477 1718 2532; x_wconf 74' lang='grc' dir='ltr'>Θεὸν</span> 
     </span>
    </p>
   </div>
   <div class='ocr_carea' id='block_1_27' title="bbox 142 2567 1720 2641">
    <p class='ocr_par' dir='ltr' id='par_1_27' title="bbox 142 2567 1720 2641">
     <span class='ocr_line' id='line_1_27' title="bbox 142 2567 1720 2641; baseline 0.004 -23"><span class='ocrx_word' id='word_1_180' title='bbox 142 2568 221 2618; x_wconf 76' lang='grc' dir='ltr'>τὸν</span> <span class='ocrx_word' id='word_1_181' title='bbox 256 2567 511 2638; x_wconf 80' lang='grc' dir='ltr'>Χριστὸν</span> <span class='ocrx_word' id='word_1_182' title='bbox 540 2568 639 2621; x_wconf 74' lang='grc' dir='ltr'>οὐκ</span> <span class='ocrx_word' id='word_1_183' title='bbox 664 2569 1088 2633; x_wconf 77' lang='grc' dir='ltr'>ἐπεκαλέσαντο,</span> <span class='ocrx_word' id='word_1_184' title='bbox 1124 2571 1217 2625; x_wconf 77' lang='grc' dir='ltr'>καὶ</span> <span class='ocrx_word' id='word_1_185' title='bbox 1249 2570 1596 2641; x_wconf 78' lang='grc' dir='ltr'>ἐφοϐήθησαν</span> <span class='ocrx_word' id='word_1_186' title='bbox 1625 2571 1720 2640; x_wconf 83' lang='grc' dir='ltr'>φό-</span> 
     </span>
    </p>
   </div>
   <div class='ocr_carea' id='block_1_28' title="bbox 146 2659 1718 2734">
    <p class='ocr_par' dir='ltr' id='par_1_28' title="bbox 146 2659 1718 2734">
     <span class='ocr_line' id='line_1_28' title="bbox 146 2659 1718 2734; baseline 0.003 -22"><span class='ocrx_word' id='word_1_187' title='bbox 146 2663 226 2712; x_wconf 81' lang='grc' dir='ltr'><strong>ϐον</strong></span> <span class='ocrx_word' id='word_1_188' title='bbox 255 2661 549 2730; x_wconf 82' lang='grc' dir='ltr'>περιττὸν,</span> <span class='ocrx_word' id='word_1_189' title='bbox 582 2661 711 2715; x_wconf 76' lang='grc' dir='ltr'>ἔνθα</span> <span class='ocrx_word' id='word_1_190' title='bbox 739 2663 839 2715; x_wconf 73' lang='grc' dir='ltr'>οὐκ</span> <span class='ocrx_word' id='word_1_191' title='bbox 868 2659 937 2734; x_wconf 81' lang='grc' dir='ltr'>ἦν</span> <span class='ocrx_word' id='word_1_192' title='bbox 967 2662 1148 2732; x_wconf 80' lang='grc' dir='ltr'>φόϐος,</span> <span class='ocrx_word' id='word_1_193' title='bbox 1176 2664 1263 2716; x_wconf 86' lang='grc' dir='ltr'>ὅτε</span> <span class='ocrx_word' id='word_1_194' title='bbox 1292 2663 1428 2731; x_wconf 74' lang='grc' dir='ltr'>πρὸς</span> <span class='ocrx_word' id='word_1_195' title='bbox 1455 2662 1718 2733; x_wconf 82' lang='grc' dir='ltr'>ἀλλήλους</span> 
     </span>
    </p>
   </div>
   <div class='ocr_carea' id='block_1_29' title="bbox 143 2740 1716 2823">
    <p class='ocr_par' dir='ltr' id='par_1_29' title="bbox 143 2740 1716 2823">
     <span class='ocr_line' id='line_1_29' title="bbox 143 2740 1716 2823; baseline 0.003 -19"><span class='ocrx_word' id='word_1_196' title='bbox 143 2740 336 2821; x_wconf 77' lang='grc' dir='ltr'>ἔλεγον</span> <span class='ocrx_word' id='word_1_197' title='bbox 365 2768 381 2784; x_wconf 77' lang='grc' dir='ltr'><strong>ο</strong></span> <span class='ocrx_word' id='word_1_198' title='bbox 438 2753 580 2806; x_wconf 83' lang='grc' dir='ltr'><strong>Ἐὰν</strong></span> <span class='ocrx_word' id='word_1_199' title='bbox 619 2753 892 2823; x_wconf 81' lang='grc' dir='ltr'>ἐάσωμεν</span> <span class='ocrx_word' id='word_1_200' title='bbox 933 2755 1041 2809; x_wconf 82' lang='grc' dir='ltr'>τὸν</span> <span class='ocrx_word' id='word_1_201' title='bbox 1088 2756 1402 2823; x_wconf 80' lang='grc' dir='ltr'>ἀνθρωπον</span> <span class='ocrx_word' id='word_1_202' title='bbox 1457 2756 1675 2810; x_wconf 85' lang='grc' dir='ltr'>τοῦτον</span> <span class='ocrx_word' id='word_1_203' title='bbox 1700 2797 1716 2822; x_wconf 88' lang='grc'><strong>,</strong></span> 
     </span>
    </p>
   </div>
   <div class='ocr_carea' id='block_1_30' title="bbox 146 2844 1722 2917">
    <p class='ocr_par' dir='ltr' id='par_1_30' title="bbox 146 2844 1722 2917">
     <span class='ocr_line' id='line_1_30' title="bbox 146 2844 1722 2917; baseline 0.004 -19"><span class='ocrx_word' id='word_1_204' title='bbox 146 2844 417 2911; x_wconf 79' lang='grc' dir='ltr'>ἥξουσιν</span> <span class='ocrx_word' id='word_1_205' title='bbox 449 2847 503 2898; x_wconf 78' lang='grc' dir='ltr'>οἱ</span> <span class='ocrx_word' id='word_1_206' title='bbox 541 2845 827 2913; x_wconf 82' lang='grc' dir='ltr'>Ῥωμαῖοι,</span> <span class='ocrx_word' id='word_1_207' title='bbox 864 2846 963 2900; x_wconf 78' lang='grc' dir='ltr'><strong>καί</strong></span> <span class='ocrx_word' id='word_1_208' title='bbox 1012 2847 1268 2916; x_wconf 80' lang='grc' dir='ltr'>ἀροῦσιν</span> <span class='ocrx_word' id='word_1_209' title='bbox 1295 2848 1462 2917; x_wconf 72' lang='grc' dir='ltr'>ἡμῶν</span> <span class='ocrx_word' id='word_1_210' title='bbox 1493 2849 1600 2902; x_wconf 82' lang='grc' dir='ltr'>τὸν</span> <span class='ocrx_word' id='word_1_211' title='bbox 1627 2851 1722 2904; x_wconf 86' lang='grc' dir='ltr'>τό-</span> 
     </span>
    </p>
   </div>
   <div class='ocr_carea' id='block_1_31' title="bbox 146 2934 1722 3008">
    <p class='ocr_par' dir='ltr' id='par_1_31' title="bbox 146 2934 1722 3008">
     <span class='ocr_line' id='line_1_31' title="bbox 146 2934 1722 3008; baseline 0.005 -21"><span class='ocrx_word' id='word_1_212' title='bbox 146 2952 256 2989; x_wconf 79' lang='grc' dir='ltr'>πον</span> <span class='ocrx_word' id='word_1_213' title='bbox 282 2936 391 2989; x_wconf 71' lang='grc' dir='ltr'>καὶ</span> <span class='ocrx_word' id='word_1_214' title='bbox 426 2934 491 2988; x_wconf 81' lang='grc' dir='ltr'>τὸ</span> <span class='ocrx_word' id='word_1_215' title='bbox 522 2935 713 3003; x_wconf 76' lang='grc' dir='ltr'>ἔθνος.</span> <span class='ocrx_word' id='word_1_216' title='bbox 742 2940 934 2993; x_wconf 86' lang='grc' dir='ltr'>Καίτοι</span> <span class='ocrx_word' id='word_1_217' title='bbox 965 2941 1063 2993; x_wconf 83' lang='grc' dir='ltr'>οὐκ</span> <span class='ocrx_word' id='word_1_218' title='bbox 1116 2939 1181 2993; x_wconf 85' lang='grc' dir='ltr'>ἂν</span> <span class='ocrx_word' id='word_1_219' title='bbox 1207 2940 1360 2994; x_wconf 83' lang='grc' dir='ltr'>τοῦτο</span> <span class='ocrx_word' id='word_1_220' title='bbox 1398 2943 1605 3008; x_wconf 76' lang='grc' dir='ltr'>ἐγίνετο</span> <span class='ocrx_word' id='word_1_221' title='bbox 1624 2982 1638 3001; x_wconf 86' lang='grc'><strong>,</strong></span> <span class='ocrx_word' id='word_1_222' title='bbox 1674 2944 1722 2995; x_wconf 85' lang='grc' dir='ltr'><strong>εί</strong></span> 
     </span>
    </p>
   </div>
   <div class='ocr_carea' id='block_1_32' title="bbox 148 3027 1724 3100">
    <p class='ocr_par' dir='ltr' id='par_1_32' title="bbox 148 3027 1724 3100">
     <span class='ocr_line' id='line_1_32' title="bbox 148 3027 1724 3100; baseline 0.004 -21"><span class='ocrx_word' id='word_1_223' title='bbox 148 3027 237 3098; x_wconf 80' lang='grc' dir='ltr'>τὴν</span> <span class='ocrx_word' id='word_1_224' title='bbox 288 3029 378 3091; x_wconf 86' lang='grc' dir='ltr'><strong>είς</strong></span> <span class='ocrx_word' id='word_1_225' title='bbox 444 3030 604 3082; x_wconf 83' lang='grc' dir='ltr'>αὑτὸν</span> <span class='ocrx_word' id='word_1_226' title='bbox 656 3029 839 3082; x_wconf 84' lang='grc' dir='ltr'>πίστιν</span> <span class='ocrx_word' id='word_1_227' title='bbox 898 3030 1187 3099; x_wconf 76' lang='grc' dir='ltr'>ἐφύλαξαν.</span> <span class='ocrx_word' id='word_1_228' title='bbox 1245 3032 1476 3100; x_wconf 83' lang='grc' dir='ltr'>Ὁμοίως</span> <span class='ocrx_word' id='word_1_229' title='bbox 1521 3032 1577 3086; x_wconf 79' lang='grc' dir='ltr'>δὲ</span> <span class='ocrx_word' id='word_1_230' title='bbox 1628 3034 1724 3088; x_wconf 76' lang='grc' dir='ltr'>καὶ</span> 
     </span>
    </p>
   </div>
   <div class='ocr_carea' id='block_1_33' title="bbox 1762 565 3360 651">
    <p class='ocr_par' dir='ltr' id='par_1_33' title="bbox 1762 565 3360 651">
     <span class='ocr_line' id='line_1_33' title="bbox 1762 565 3360 651; baseline 0.008 -35"><span class='ocrx_word' id='word_1_231' title='bbox 1762 641 1771 651; x_wconf 27' lang='grc'><strong>1</strong></span> <span class='ocrx_word' id='word_1_232' title='bbox 1798 566 1965 619; x_wconf 88' lang='lat' dir='ltr'><strong>venit.</strong></span> <span class='ocrx_word' id='word_1_233' title='bbox 1997 565 2460 631; x_wconf 85' lang='lat' dir='ltr'><strong>Quemadmodum</strong></span> <span class='ocrx_word' id='word_1_234' title='bbox 2489 577 2631 629; x_wconf 86' lang='lat' dir='ltr'><strong>enim</strong></span> <span class='ocrx_word' id='word_1_235' title='bbox 2659 577 2751 646; x_wconf 86' lang='lat' dir='ltr'><strong>qui</strong></span> <span class='ocrx_word' id='word_1_236' title='bbox 2782 595 2847 632; x_wconf 91' lang='lat' dir='ltr'><strong>ex</strong></span> <span class='ocrx_word' id='word_1_237' title='bbox 2872 578 2979 632; x_wconf 84' lang='lat' dir='ltr'><strong>alto</strong></span> <span class='ocrx_word' id='word_1_238' title='bbox 3004 576 3125 629; x_wconf 90' lang='lat' dir='ltr'><strong>loco</strong></span> <span class='ocrx_word' id='word_1_239' title='bbox 3150 576 3360 645; x_wconf 86' lang='lat' dir='ltr'><strong>prospi-</strong></span> 
     </span>
    </p>
   </div>
   <div class='ocr_carea' id='block_1_34' title="bbox 1799 654 3361 733">
    <p class='ocr_par' dir='ltr' id='par_1_34' title="bbox 1799 654 3361 733">
     <span class='ocr_line' id='line_1_34' title="bbox 1799 654 3361 733; baseline 0.006 -26"><span class='ocrx_word' id='word_1_240' title='bbox 1799 654 1890 718; x_wconf 92' lang='lat' dir='ltr'><strong>cit,</strong></span> <span class='ocrx_word' id='word_1_241' title='bbox 1923 670 2139 708; x_wconf 89' lang='lat' dir='ltr'><strong>sursum</strong></span> <span class='ocrx_word' id='word_1_242' title='bbox 2186 672 2433 719; x_wconf 91' lang='lat' dir='ltr'><strong>manens,</strong></span> <span class='ocrx_word' id='word_1_243' title='bbox 2465 677 2562 728; x_wconf 87' lang='lat' dir='ltr'><strong>per</strong></span> <span class='ocrx_word' id='word_1_244' title='bbox 2589 666 2958 733; x_wconf 79' lang='lat' dir='ltr'><strong>operationem</strong></span> <span class='ocrx_word' id='word_1_245' title='bbox 3011 679 3162 719; x_wconf 92' lang='lat' dir='ltr'><strong>suam</strong></span> <span class='ocrx_word' id='word_1_246' title='bbox 3199 663 3361 717; x_wconf 89' lang='lat' dir='ltr'><strong>deor-</strong></span> 
     </span>
    </p>
   </div>
   <div class='ocr_carea' id='block_1_35' title="bbox 1800 742 3356 816">
    <p class='ocr_par' dir='ltr' id='par_1_35' title="bbox 1800 742 3356 816">
     <span class='ocr_line' id='line_1_35' title="bbox 1800 742 3356 816; baseline 0.007 -23"><span class='ocrx_word' id='word_1_247' title='bbox 1800 756 1917 794; x_wconf 87' lang='lat' dir='ltr'><strong>sum</strong></span> <span class='ocrx_word' id='word_1_248' title='bbox 1943 742 2013 795; x_wconf 87' lang='lat' dir='ltr'><strong>sit</strong></span> <span class='ocrx_word' id='word_1_249' title='bbox 2048 761 2061 796; x_wconf 90' lang='lat'>:</span> <span class='ocrx_word' id='word_1_250' title='bbox 2095 742 2172 797; x_wconf 92' lang='lat' dir='ltr'><strong>sic</strong></span> <span class='ocrx_word' id='word_1_251' title='bbox 2218 745 2377 799; x_wconf 80' lang='lat' dir='ltr'><strong>etiam</strong></span> <span class='ocrx_word' id='word_1_252' title='bbox 2408 747 2655 804; x_wconf 82' lang='lat' dir='ltr'><strong>Christus</strong></span> <span class='ocrx_word' id='word_1_253' title='bbox 2684 752 2736 805; x_wconf 92' lang='lat' dir='ltr'><strong>in</strong></span> <span class='ocrx_word' id='word_1_254' title='bbox 2757 753 2876 806; x_wconf 88' lang='lat' dir='ltr'><strong>sinu</strong></span> <span class='ocrx_word' id='word_1_255' title='bbox 2914 751 3086 807; x_wconf 79' lang='lat' dir='ltr'><strong>Patris</strong></span> <span class='ocrx_word' id='word_1_256' title='bbox 3117 766 3356 816; x_wconf 79' lang='lat' dir='ltr'><strong>manens,</strong></span> 
     </span>
    </p>
   </div>
   <div class='ocr_carea' id='block_1_36' title="bbox 1802 837 3364 915">
    <p class='ocr_par' dir='ltr' id='par_1_36' title="bbox 1802 837 3364 915">
     <span class='ocr_line' id='line_1_36' title="bbox 1802 837 3364 915; baseline 0.006 -29"><span class='ocrx_word' id='word_1_257' title='bbox 1802 848 1898 902; x_wconf 88' lang='lat' dir='ltr'><strong>per</strong></span> <span class='ocrx_word' id='word_1_258' title='bbox 1946 850 2161 889; x_wconf 87' lang='lat' dir='ltr'><strong>carnem</strong></span> <span class='ocrx_word' id='word_1_259' title='bbox 2198 837 2474 893; x_wconf 84' lang='lat' dir='ltr'><strong>descendit</strong></span> <span class='ocrx_word' id='word_1_260' title='bbox 2498 840 2552 895; x_wconf 91' lang='lat' dir='ltr'><strong>in</strong></span> <span class='ocrx_word' id='word_1_261' title='bbox 2596 850 2815 898; x_wconf 89' lang='lat' dir='ltr'><strong>terram.</strong></span> <span class='ocrx_word' id='word_1_262' title='bbox 2848 844 3015 915; x_wconf 87' lang='lat' dir='ltr'><strong>Cujus</strong></span> <span class='ocrx_word' id='word_1_263' title='bbox 3050 843 3127 898; x_wconf 89' lang='lat' dir='ltr'><strong>rei</strong></span> <span class='ocrx_word' id='word_1_264' title='bbox 3151 842 3364 914; x_wconf 84' lang='lat' dir='ltr'><strong>gratia?</strong></span> 
     </span>
    </p>
   </div>
   <div class='ocr_carea' id='block_1_37' title="bbox 1805 930 3365 1008">
    <p class='ocr_par' dir='ltr' id='par_1_37' title="bbox 1805 930 3365 1008">
     <span class='ocr_line' id='line_1_37' title="bbox 1805 930 3365 1008; baseline 0.006 -28"><span class='ocrx_word' id='word_1_265' title='bbox 1805 938 1857 980; x_wconf 84' lang='lat' dir='ltr'><strong>ut</strong></span> <span class='ocrx_word' id='word_1_266' title='bbox 1888 930 2079 993; x_wconf 79' lang='lat' dir='ltr'><strong>videat,</strong></span> <span class='ocrx_word' id='word_1_267' title='bbox 2107 931 2153 983; x_wconf 94' lang='lat' dir='ltr'><strong>si</strong></span> <span class='ocrx_word' id='word_1_268' title='bbox 2180 942 2251 984; x_wconf 85' lang='lat' dir='ltr'><strong>est</strong></span> <span class='ocrx_word' id='word_1_269' title='bbox 2284 933 2597 1004; x_wconf 72' lang='lat' dir='ltr'><strong>intelligens,</strong></span> <span class='ocrx_word' id='word_1_270' title='bbox 2624 946 2717 989; x_wconf 84' lang='lat' dir='ltr'><strong>aut</strong></span> <span class='ocrx_word' id='word_1_271' title='bbox 2752 940 3016 1008; x_wconf 73' lang='lat' dir='ltr'><strong>requirens</strong></span> <span class='ocrx_word' id='word_1_272' title='bbox 3041 938 3229 991; x_wconf 86' lang='lat' dir='ltr'><strong>Deum.</strong></span> <span class='ocrx_word' id='word_1_273' title='bbox 3261 936 3365 990; x_wconf 80' lang='lat' dir='ltr'><strong>lta-</strong></span> 
     </span>
    </p>
   </div>
   <div class='ocr_carea' id='block_1_38' title="bbox 1804 1025 3364 1100">
    <p class='ocr_par' dir='ltr' id='par_1_38' title="bbox 1804 1025 3364 1100">
     <span class='ocr_line' id='line_1_38' title="bbox 1804 1025 3364 1100; baseline 0.006 -27"><span class='ocrx_word' id='word_1_274' title='bbox 1804 1036 1908 1089; x_wconf 92' lang='lat' dir='ltr'><strong>que</strong></span> <span class='ocrx_word' id='word_1_275' title='bbox 1958 1036 2065 1075; x_wconf 87' lang='lat' dir='ltr'><strong>non</strong></span> <span class='ocrx_word' id='word_1_276' title='bbox 2095 1034 2200 1077; x_wconf 91' lang='lat' dir='ltr'><strong>tam</strong></span> <span class='ocrx_word' id='word_1_277' title='bbox 2245 1025 2484 1080; x_wconf 90' lang='lat' dir='ltr'><strong>actiones</strong></span> <span class='ocrx_word' id='word_1_278' title='bbox 2509 1028 2786 1083; x_wconf 91' lang='lat' dir='ltr'><strong>hominum</strong></span> <span class='ocrx_word' id='word_1_279' title='bbox 2834 1031 3174 1100; x_wconf 76' lang='lat' dir='ltr'><strong>inspecturus</strong></span> <span class='ocrx_word' id='word_1_280' title='bbox 3198 1028 3364 1082; x_wconf 88' lang='lat' dir='ltr'><strong>adve-</strong></span> 
     </span>
    </p>
   </div>
   <div class='ocr_carea' id='block_1_39' title="bbox 1806 1115 3363 1189">
    <p class='ocr_par' dir='ltr' id='par_1_39' title="bbox 1806 1115 3363 1189">
     <span class='ocr_line' id='line_1_39' title="bbox 1806 1115 3363 1189; baseline 0.003 -22"><span class='ocrx_word' id='word_1_281' title='bbox 1806 1115 1927 1179; x_wconf 90' lang='lat' dir='ltr'><strong>nit,</strong></span> <span class='ocrx_word' id='word_1_282' title='bbox 1994 1131 2155 1185; x_wconf 87' lang='lat' dir='ltr'><strong>quam</strong></span> <span class='ocrx_word' id='word_1_283' title='bbox 2208 1126 2269 1170; x_wconf 90' lang='lat' dir='ltr'><strong>ut</strong></span> <span class='ocrx_word' id='word_1_284' title='bbox 2332 1118 2512 1173; x_wconf 84' lang='lat' dir='ltr'><strong>videat</strong></span> <span class='ocrx_word' id='word_1_285' title='bbox 2586 1129 2777 1175; x_wconf 88' lang='lat' dir='ltr'><strong>utrum</strong></span> <span class='ocrx_word' id='word_1_286' title='bbox 2842 1123 3066 1175; x_wconf 93' lang='lat' dir='ltr'><strong>omnino</strong></span> <span class='ocrx_word' id='word_1_287' title='bbox 3130 1120 3363 1189; x_wconf 86' lang='lat' dir='ltr'><strong>aliquam</strong></span> 
     </span>
    </p>
   </div>
   <div class='ocr_carea' id='block_1_40' title="bbox 1811 1205 3366 1280">
    <p class='ocr_par' dir='ltr' id='par_1_40' title="bbox 1811 1205 3366 1280">
     <span class='ocr_line' id='line_1_40' title="bbox 1811 1205 3366 1280; baseline 0.005 -24"><span class='ocrx_word' id='word_1_288' title='bbox 1811 1205 1897 1257; x_wconf 83' lang='lat' dir='ltr'><strong>Dei</strong></span> <span class='ocrx_word' id='word_1_289' title='bbox 1943 1205 2189 1259; x_wconf 90' lang='lat' dir='ltr'><strong>notitiam</strong></span> <span class='ocrx_word' id='word_1_290' title='bbox 2217 1207 2482 1276; x_wconf 82' lang='lat' dir='ltr'><strong>[habeant,</strong></span> <span class='ocrx_word' id='word_1_291' title='bbox 2529 1209 2582 1263; x_wconf 91' lang='lat' dir='ltr'><strong>hi</strong></span> <span class='ocrx_word' id='word_1_292' title='bbox 2618 1211 2708 1280; x_wconf 91' lang='lat' dir='ltr'><strong>qui</strong></span> <span class='ocrx_word' id='word_1_293' title='bbox 2748 1212 2802 1265; x_wconf 93' lang='lat' dir='ltr'><strong>in</strong></span> <span class='ocrx_word' id='word_1_294' title='bbox 2845 1212 2950 1269; x_wconf 81' lang='lat' dir='ltr'><strong>(ide</strong></span> <span class='ocrx_word' id='word_1_295' title='bbox 2978 1211 3144 1267; x_wconf 80' lang='lat' dir='ltr'><strong>Deum</strong></span> <span class='ocrx_word' id='word_1_296' title='bbox 3185 1210 3366 1280; x_wconf 86' lang='lat' dir='ltr'><strong>requi-</strong></span> 
     </span>
    </p>
   </div>
   <div class='ocr_carea' id='block_1_41' title="bbox 1809 1304 1956 1350">
    <p class='ocr_par' dir='ltr' id='par_1_41' title="bbox 1809 1304 1956 1350">
     <span class='ocr_line' id='line_1_41' title="bbox 1809 1304 1956 1350; baseline -0.014 -1"><span class='ocrx_word' id='word_1_297' title='bbox 1809 1304 1956 1350; x_wconf 83' lang='lat' dir='ltr'><strong>runt.</strong></span> 
     </span>
    </p>
   </div>
   <div class='ocr_carea' id='block_1_42' title="bbox 1878 1384 2920 1448">
    <p class='ocr_par' dir='ltr' id='par_1_42' title="bbox 1878 1384 2920 1448">
     <span class='ocr_line' id='line_1_42' title="bbox 1878 1384 2920 1448; baseline 0.008 -11"><span class='ocrx_word' id='word_1_298' title='bbox 1878 1384 2040 1440; x_wconf 76' lang='lat' dir='ltr'><strong>Vens.</strong></span> <span class='ocrx_word' id='word_1_299' title='bbox 2080 1387 2134 1440; x_wconf 79' lang='grc'>5.</span> <span class='ocrx_word' id='word_1_300' title='bbox 2176 1405 2195 1438; x_wconf 78' lang='grc' dir='ltr'><strong>ι</strong></span> <span class='ocrx_word' id='word_1_301' title='bbox 2232 1388 2420 1444; x_wconf 87' lang='lat' dir='ltr'><strong>Nonne</strong></span> <span class='ocrx_word' id='word_1_302' title='bbox 2448 1390 2615 1445; x_wconf 89' lang='lat' dir='ltr'><strong>scient</strong></span> <span class='ocrx_word' id='word_1_303' title='bbox 2644 1406 2856 1448; x_wconf 90' lang='lat' dir='ltr'><strong>omnes.</strong></span> <span class='ocrx_word' id='word_1_304' title='bbox 2901 1411 2920 1445; x_wconf 71' lang='grc' dir='ltr'><strong>ι</strong></span> 
     </span>
    </p>
   </div>
   <div class='ocr_carea' id='block_1_43' title="bbox 1877 1475 3370 1553">
    <p class='ocr_par' dir='ltr' id='par_1_43' title="bbox 1877 1475 3370 1553">
     <span class='ocr_line' id='line_1_43' title="bbox 1877 1475 3370 1553; baseline 0.005 -23"><span class='ocrx_word' id='word_1_305' title='bbox 1877 1475 2078 1532; x_wconf 91' lang='lat' dir='ltr'><strong>Omnes</strong></span> <span class='ocrx_word' id='word_1_306' title='bbox 2127 1479 2217 1547; x_wconf 91' lang='lat' dir='ltr'><strong>qui</strong></span> <span class='ocrx_word' id='word_1_307' title='bbox 2260 1483 2587 1551; x_wconf 83' lang='lat' dir='ltr'><strong>pauperibus</strong></span> <span class='ocrx_word' id='word_1_308' title='bbox 2628 1484 2879 1553; x_wconf 78' lang='lat' dir='ltr'><strong>injuriam</strong></span> <span class='ocrx_word' id='word_1_309' title='bbox 2923 1483 3165 1538; x_wconf 77' lang='lat' dir='ltr'><strong>inferunt</strong></span> <span class='ocrx_word' id='word_1_310' title='bbox 3199 1493 3254 1537; x_wconf 89' lang='lat' dir='ltr'><strong>et</strong></span> <span class='ocrx_word' id='word_1_311' title='bbox 3281 1497 3370 1538; x_wconf 85' lang='lat' dir='ltr'><strong>res</strong></span> 
     </span>
    </p>
   </div>
   <div class='ocr_carea' id='block_1_44' title="bbox 1811 1569 3371 1644">
    <p class='ocr_par' dir='ltr' id='par_1_44' title="bbox 1811 1569 3371 1644">
     <span class='ocr_line' id='line_1_44' title="bbox 1811 1569 3371 1644; baseline 0.004 -22"><span class='ocrx_word' id='word_1_312' title='bbox 1811 1570 2039 1639; x_wconf 81' lang='lat' dir='ltr'><strong>proximi</strong></span> <span class='ocrx_word' id='word_1_313' title='bbox 2068 1569 2347 1639; x_wconf 88' lang='lat' dir='ltr'><strong>diripiunt,</strong></span> <span class='ocrx_word' id='word_1_314' title='bbox 2376 1572 2497 1626; x_wconf 90' lang='lat' dir='ltr'><strong>cibo</strong></span> <span class='ocrx_word' id='word_1_315' title='bbox 2520 1575 2675 1644; x_wconf 89' lang='lat' dir='ltr'><strong>panis</strong></span> <span class='ocrx_word' id='word_1_316' title='bbox 2704 1578 2959 1643; x_wconf 91' lang='lat' dir='ltr'><strong>populum</strong></span> <span class='ocrx_word' id='word_1_317' title='bbox 2986 1574 3079 1627; x_wconf 90' lang='lat' dir='ltr'><strong>Dei</strong></span> <span class='ocrx_word' id='word_1_318' title='bbox 3109 1575 3371 1628; x_wconf 85' lang='lat' dir='ltr'><strong>devorare</strong></span> 
     </span>
    </p>
   </div>
   <div class='ocr_carea' id='block_1_45' title="bbox 1810 1662 3372 1736">
    <p class='ocr_par' dir='ltr' id='par_1_45' title="bbox 1810 1662 3372 1736">
     <span class='ocr_line' id='line_1_45' title="bbox 1810 1662 3372 1736; baseline 0.002 -20"><span class='ocrx_word' id='word_1_319' title='bbox 1810 1663 2003 1717; x_wconf 89' lang='lat' dir='ltr'><strong>merito</strong></span> <span class='ocrx_word' id='word_1_320' title='bbox 2026 1662 2280 1717; x_wconf 87' lang='lat' dir='ltr'><strong>dicuntur</strong></span> <span class='ocrx_word' id='word_1_321' title='bbox 2319 1682 2332 1718; x_wconf 95' lang='lat'>:</span> <span class='ocrx_word' id='word_1_322' title='bbox 2363 1682 2484 1719; x_wconf 79' lang='lat' dir='ltr'><strong>nam</strong></span> <span class='ocrx_word' id='word_1_323' title='bbox 2516 1682 2613 1735; x_wconf 93' lang='lat' dir='ltr'><strong>pro</strong></span> <span class='ocrx_word' id='word_1_324' title='bbox 2646 1668 2886 1721; x_wconf 72' lang='lat' dir='ltr'><strong>avaritiae</strong></span> <span class='ocrx_word' id='word_1_325' title='bbox 2918 1682 3028 1720; x_wconf 64' lang='lat' dir='ltr'><strong>sua:</strong></span> <span class='ocrx_word' id='word_1_326' title='bbox 3054 1666 3252 1736; x_wconf 88' lang='lat' dir='ltr'><strong>pabulo</strong></span> <span class='ocrx_word' id='word_1_327' title='bbox 3276 1666 3372 1719; x_wconf 88' lang='lat' dir='ltr'><strong>ha-</strong></span> 
     </span>
    </p>
   </div>
   <div class='ocr_carea' id='block_1_46' title="bbox 1814 1754 3373 1827">
    <p class='ocr_par' dir='ltr' id='par_1_46' title="bbox 1814 1754 3373 1827">
     <span class='ocr_line' id='line_1_46' title="bbox 1814 1754 3373 1827; baseline -0.001 -17"><span class='ocrx_word' id='word_1_328' title='bbox 1814 1756 1943 1811; x_wconf 86' lang='lat' dir='ltr'><strong>bent</strong></span> <span class='ocrx_word' id='word_1_329' title='bbox 1962 1754 2278 1825; x_wconf 80' lang='lat' dir='ltr'><strong>iniustitiam</strong></span> <span class='ocrx_word' id='word_1_330' title='bbox 2302 1799 2315 1820; x_wconf 95' lang='lat'><strong>,</strong></span> <span class='ocrx_word' id='word_1_331' title='bbox 2345 1773 2503 1827; x_wconf 88' lang='lat' dir='ltr'><strong>quam</strong></span> <span class='ocrx_word' id='word_1_332' title='bbox 2532 1758 2585 1811; x_wconf 92' lang='lat' dir='ltr'><strong>in</strong></span> <span class='ocrx_word' id='word_1_333' title='bbox 2613 1758 2757 1827; x_wconf 89' lang='lat' dir='ltr'><strong>ipsos</strong></span> <span class='ocrx_word' id='word_1_334' title='bbox 2787 1767 3062 1813; x_wconf 81' lang='lat' dir='ltr'><strong>exercent.</strong></span> <span class='ocrx_word' id='word_1_335' title='bbox 3095 1756 3373 1815; x_wconf 81' lang='lat' dir='ltr'><strong>Existima-</strong></span> 
     </span>
    </p>
   </div>
   <div class='ocr_carea' id='block_1_47' title="bbox 1813 1849 3371 1923">
    <p class='ocr_par' dir='ltr' id='par_1_47' title="bbox 1813 1849 3371 1923">
     <span class='ocr_line' id='line_1_47' title="bbox 1813 1849 3371 1923; baseline 0 -20"><span class='ocrx_word' id='word_1_336' title='bbox 1813 1851 1892 1904; x_wconf 90' lang='lat' dir='ltr'><strong>bis</strong></span> <span class='ocrx_word' id='word_1_337' title='bbox 1923 1862 2103 1905; x_wconf 87' lang='lat' dir='ltr'><strong>autem</strong></span> <span class='ocrx_word' id='word_1_338' title='bbox 2130 1851 2469 1920; x_wconf 87' lang='lat' dir='ltr'><strong>potissimum</strong></span> <span class='ocrx_word' id='word_1_339' title='bbox 2495 1854 2611 1907; x_wconf 66' lang='lat' dir='ltr'><strong>haec</strong></span> <span class='ocrx_word' id='word_1_340' title='bbox 2638 1852 2743 1907; x_wconf 89' lang='lat' dir='ltr'><strong>dici</strong></span> <span class='ocrx_word' id='word_1_341' title='bbox 2777 1853 2841 1907; x_wconf 90' lang='lat' dir='ltr'><strong>de</strong></span> <span class='ocrx_word' id='word_1_342' title='bbox 2869 1852 3139 1923; x_wconf 78' lang='lat' dir='ltr'><strong>magistris</strong></span> <span class='ocrx_word' id='word_1_343' title='bbox 3159 1849 3371 1904; x_wconf 64' lang='lat' dir='ltr'><strong>Judaso-</strong></span> 
     </span>
    </p>
   </div>
   <div class='ocr_carea' id='block_1_48' title="bbox 1812 1936 3374 2014">
    <p class='ocr_par' dir='ltr' id='par_1_48' title="bbox 1812 1936 3374 2014">
     <span class='ocr_line' id='line_1_48' title="bbox 1812 1936 3374 2014; baseline -0.004 -17"><span class='ocrx_word' id='word_1_344' title='bbox 1812 1960 1949 1998; x_wconf 88' lang='lat' dir='ltr'><strong>rum.</strong></span> <span class='ocrx_word' id='word_1_345' title='bbox 1998 1944 2134 1997; x_wconf 87' lang='lat' dir='ltr'><strong>Nam</strong></span> <span class='ocrx_word' id='word_1_346' title='bbox 2182 1943 2273 2013; x_wconf 88' lang='lat' dir='ltr'><strong>qui</strong></span> <span class='ocrx_word' id='word_1_347' title='bbox 2313 1945 2380 1998; x_wconf 90' lang='lat' dir='ltr'><strong>ab</strong></span> <span class='ocrx_word' id='word_1_348' title='bbox 2433 1944 2729 2014; x_wconf 82' lang='lat' dir='ltr'><strong>ignorantia</strong></span> <span class='ocrx_word' id='word_1_349' title='bbox 2768 1943 2939 2013; x_wconf 80' lang='lat' dir='ltr'><strong>legem</strong></span> <span class='ocrx_word' id='word_1_350' title='bbox 2980 1936 3374 2011; x_wconf 88' lang='lat' dir='ltr'><strong>quodammodo</strong></span> 
     </span>
    </p>
   </div>
   <div class='ocr_carea' id='block_1_49' title="bbox 1812 2035 3372 2105">
    <p class='ocr_par' dir='ltr' id='par_1_49' title="bbox 1812 2035 3372 2105">
     <span class='ocr_line' id='line_1_49' title="bbox 1812 2035 3372 2105; baseline -0.003 -16"><span class='ocrx_word' id='word_1_351' title='bbox 1812 2036 2089 2090; x_wconf 86' lang='lat' dir='ltr'><strong>vindicare</strong></span> <span class='ocrx_word' id='word_1_352' title='bbox 2112 2036 2448 2100; x_wconf 84' lang='lat' dir='ltr'><strong>videbantur,</strong></span> <span class='ocrx_word' id='word_1_353' title='bbox 2489 2036 2580 2090; x_wconf 90' lang='lat' dir='ltr'><strong>sed</strong></span> <span class='ocrx_word' id='word_1_354' title='bbox 2614 2036 2681 2090; x_wconf 90' lang='lat' dir='ltr'><strong>ad</strong></span> <span class='ocrx_word' id='word_1_355' title='bbox 2715 2035 3048 2105; x_wconf 86' lang='lat' dir='ltr'><strong>legislatoris</strong></span> <span class='ocrx_word' id='word_1_356' title='bbox 3083 2040 3372 2086; x_wconf 87' lang='lat' dir='ltr'><strong>contume-</strong></span> 
     </span>
    </p>
   </div>
   <div class='ocr_carea' id='block_1_50' title="bbox 1813 2122 3373 2196">
    <p class='ocr_par' dir='ltr' id='par_1_50' title="bbox 1813 2122 3373 2196">
     <span class='ocr_line' id='line_1_50' title="bbox 1813 2122 3373 2196; baseline -0.004 -16"><span class='ocrx_word' id='word_1_357' title='bbox 1813 2128 1936 2180; x_wconf 88' lang='lat' dir='ltr'><strong>liam</strong></span> <span class='ocrx_word' id='word_1_358' title='bbox 1987 2126 2351 2196; x_wconf 82' lang='lat' dir='ltr'><strong>operabantur</strong></span> <span class='ocrx_word' id='word_1_359' title='bbox 2372 2126 2707 2196; x_wconf 87' lang='lat' dir='ltr'><strong>iniquitatem</strong></span> <span class='ocrx_word' id='word_1_360' title='bbox 2732 2167 2746 2191; x_wconf 94' lang='lat'><strong>,</strong></span> <span class='ocrx_word' id='word_1_361' title='bbox 2777 2125 2831 2179; x_wconf 88' lang='lat' dir='ltr'><strong>hi</strong></span> <span class='ocrx_word' id='word_1_362' title='bbox 2858 2126 2978 2179; x_wconf 89' lang='lat' dir='ltr'><strong>cibo</strong></span> <span class='ocrx_word' id='word_1_363' title='bbox 3017 2123 3173 2194; x_wconf 88' lang='lat' dir='ltr'><strong>panis</strong></span> <span class='ocrx_word' id='word_1_364' title='bbox 3202 2122 3373 2191; x_wconf 80' lang='lat' dir='ltr'><strong>legem</strong></span> 
     </span>
    </p>
   </div>
   <div class='ocr_carea' id='block_1_51' title="bbox 1815 2213 3377 2287">
    <p class='ocr_par' dir='ltr' id='par_1_51' title="bbox 1815 2213 3377 2287">
     <span class='ocr_line' id='line_1_51' title="bbox 1815 2213 3377 2287; baseline -0.005 -14"><span class='ocrx_word' id='word_1_365' title='bbox 1815 2219 1907 2273; x_wconf 79' lang='lat' dir='ltr'><strong>Dei</strong></span> <span class='ocrx_word' id='word_1_366' title='bbox 1953 2218 2304 2283; x_wconf 84' lang='lat' dir='ltr'><strong>devorabam,</strong></span> <span class='ocrx_word' id='word_1_367' title='bbox 2359 2218 2484 2272; x_wconf 89' lang='lat' dir='ltr'><strong>dum</strong></span> <span class='ocrx_word' id='word_1_368' title='bbox 2544 2233 2653 2287; x_wconf 65' lang='lat' dir='ltr'><strong>prae</strong></span> <span class='ocrx_word' id='word_1_369' title='bbox 2717 2216 3010 2271; x_wconf 88' lang='lat' dir='ltr'><strong>saturitatis</strong></span> <span class='ocrx_word' id='word_1_370' title='bbox 3057 2230 3122 2268; x_wconf 89' lang='lat' dir='ltr'><strong>ac</strong></span> <span class='ocrx_word' id='word_1_371' title='bbox 3170 2213 3377 2267; x_wconf 86' lang='lat' dir='ltr'><strong>ventris</strong></span> 
     </span>
    </p>
   </div>
   <div class='ocr_carea' id='block_1_52' title="bbox 1816 2304 3376 2378">
    <p class='ocr_par' dir='ltr' id='par_1_52' title="bbox 1816 2304 3376 2378">
     <span class='ocr_line' id='line_1_52' title="bbox 1816 2304 3376 2378; baseline -0.005 -14"><span class='ocrx_word' id='word_1_372' title='bbox 1816 2309 1994 2364; x_wconf 90' lang='lat' dir='ltr'><strong>studio</strong></span> <span class='ocrx_word' id='word_1_373' title='bbox 2055 2324 2316 2378; x_wconf 86' lang='lat' dir='ltr'><strong>personas</strong></span> <span class='ocrx_word' id='word_1_374' title='bbox 2367 2308 2693 2378; x_wconf 90' lang='lat' dir='ltr'><strong>acciperent,</strong></span> <span class='ocrx_word' id='word_1_375' title='bbox 2739 2316 2795 2361; x_wconf 89' lang='lat' dir='ltr'><strong>et</strong></span> <span class='ocrx_word' id='word_1_376' title='bbox 2834 2306 2889 2360; x_wconf 91' lang='lat' dir='ltr'><strong>in</strong></span> <span class='ocrx_word' id='word_1_377' title='bbox 2921 2305 3169 2361; x_wconf 91' lang='lat' dir='ltr'><strong>docendo</strong></span> <span class='ocrx_word' id='word_1_378' title='bbox 3203 2304 3376 2373; x_wconf 82' lang='lat' dir='ltr'><strong>legem</strong></span> 
     </span>
    </p>
   </div>
   <div class='ocr_carea' id='block_1_53' title="bbox 1816 2400 2103 2456">
    <p class='ocr_par' dir='ltr' id='par_1_53' title="bbox 1816 2400 2103 2456">
     <span class='ocr_line' id='line_1_53' title="bbox 1816 2400 2103 2456; baseline -0.01 0"><span class='ocrx_word' id='word_1_379' title='bbox 1816 2400 2103 2456; x_wconf 81' lang='lat' dir='ltr'><strong>violarent.</strong></span> 
     </span>
    </p>
   </div>
   <div class='ocr_carea' id='block_1_54' title="bbox 1889 2483 3376 2560">
    <p class='ocr_par' dir='ltr' id='par_1_54' title="bbox 1889 2483 3376 2560">
     <span class='ocr_line' id='line_1_54' title="bbox 1889 2483 3376 2560; baseline -0.007 -15"><span class='ocrx_word' id='word_1_380' title='bbox 1889 2492 1962 2545; x_wconf 83' lang='lat' dir='ltr'><strong>De</strong></span> <span class='ocrx_word' id='word_1_381' title='bbox 1990 2490 2190 2545; x_wconf 69' lang='lat' dir='ltr'><strong>Judaais</strong></span> <span class='ocrx_word' id='word_1_382' title='bbox 2234 2490 2493 2560; x_wconf 86' lang='lat' dir='ltr'><strong>loquitur,</strong></span> <span class='ocrx_word' id='word_1_383' title='bbox 2538 2488 2627 2559; x_wconf 87' lang='lat' dir='ltr'><strong>qui</strong></span> <span class='ocrx_word' id='word_1_384' title='bbox 2666 2487 2944 2543; x_wconf 87' lang='lat' dir='ltr'><strong>Christum</strong></span> <span class='ocrx_word' id='word_1_385' title='bbox 2985 2502 3173 2541; x_wconf 87' lang='lat' dir='ltr'><strong>verum</strong></span> <span class='ocrx_word' id='word_1_386' title='bbox 3208 2483 3376 2537; x_wconf 74' lang='lat' dir='ltr'><strong>Deum</strong></span> 
     </span>
    </p>
   </div>
   <div class='ocr_carea' id='block_1_55' title="bbox 1818 2579 3377 2647">
    <p class='ocr_par' dir='ltr' id='par_1_55' title="bbox 1818 2579 3377 2647">
     <span class='ocr_line' id='line_1_55' title="bbox 1818 2579 3377 2647; baseline -0.007 -11"><span class='ocrx_word' id='word_1_387' title='bbox 1818 2597 1924 2637; x_wconf 91' lang='lat' dir='ltr'><strong>non</strong></span> <span class='ocrx_word' id='word_1_388' title='bbox 1952 2581 2292 2644; x_wconf 89' lang='lat' dir='ltr'><strong>invocarunt,</strong></span> <span class='ocrx_word' id='word_1_389' title='bbox 2324 2590 2378 2635; x_wconf 89' lang='lat' dir='ltr'><strong>et</strong></span> <span class='ocrx_word' id='word_1_390' title='bbox 2408 2580 2705 2634; x_wconf 89' lang='lat' dir='ltr'><strong>timuerunt</strong></span> <span class='ocrx_word' id='word_1_391' title='bbox 2730 2579 2923 2633; x_wconf 89' lang='lat' dir='ltr'><strong>timore</strong></span> <span class='ocrx_word' id='word_1_392' title='bbox 2947 2589 3377 2647; x_wconf 82' lang='lat' dir='ltr'><strong>supervacaneo,</strong></span> 
     </span>
    </p>
   </div>
   <div class='ocr_carea' id='block_1_56' title="bbox 1818 2666 3380 2740">
    <p class='ocr_par' dir='ltr' id='par_1_56' title="bbox 1818 2666 3380 2740">
     <span class='ocr_line' id='line_1_56' title="bbox 1818 2666 3380 2740; baseline -0.006 -12"><span class='ocrx_word' id='word_1_393' title='bbox 1818 2674 1908 2728; x_wconf 88' lang='lat' dir='ltr'><strong>ubi</strong></span> <span class='ocrx_word' id='word_1_394' title='bbox 1942 2688 2047 2726; x_wconf 87' lang='lat' dir='ltr'><strong>non</strong></span> <span class='ocrx_word' id='word_1_395' title='bbox 2082 2681 2199 2727; x_wconf 89' lang='lat' dir='ltr'><strong>erat</strong></span> <span class='ocrx_word' id='word_1_396' title='bbox 2246 2671 2424 2737; x_wconf 83' lang='lat' dir='ltr'><strong>timor,</strong></span> <span class='ocrx_word' id='word_1_397' title='bbox 2459 2670 2676 2740; x_wconf 89' lang='lat' dir='ltr'><strong>quando</strong></span> <span class='ocrx_word' id='word_1_398' title='bbox 2706 2670 2769 2723; x_wconf 91' lang='lat' dir='ltr'><strong>ad</strong></span> <span class='ocrx_word' id='word_1_399' title='bbox 2808 2668 3040 2722; x_wconf 80' lang='lat' dir='ltr'><strong>invicem</strong></span> <span class='ocrx_word' id='word_1_400' title='bbox 3073 2666 3329 2722; x_wconf 83' lang='lat' dir='ltr'><strong>dicebant</strong></span> <span class='ocrx_word' id='word_1_401' title='bbox 3364 2682 3380 2719; x_wconf 87' lang='lat'><strong>:</strong></span> 
     </span>
    </p>
   </div>
   <div class='ocr_carea' id='block_1_57' title="bbox 1820 2755 3385 2829">
    <p class='ocr_par' dir='ltr' id='par_1_57' title="bbox 1820 2755 3385 2829">
     <span class='ocr_line' id='line_1_57' title="bbox 1820 2755 3385 2829; baseline -0.01 -5"><span class='ocrx_word' id='word_1_402' title='bbox 1820 2768 1881 2825; x_wconf 88' lang='lat' dir='ltr'><strong>Si</strong></span> <span class='ocrx_word' id='word_1_403' title='bbox 1908 2770 2217 2823; x_wconf 85' lang='lat' dir='ltr'><strong>dimittimus</strong></span> <span class='ocrx_word' id='word_1_404' title='bbox 2245 2769 2378 2821; x_wconf 87' lang='lat' dir='ltr'><strong>hunc</strong></span> <span class='ocrx_word' id='word_1_405' title='bbox 2406 2766 2685 2829; x_wconf 84' lang='lat' dir='ltr'><strong>hominem,</strong></span> <span class='ocrx_word' id='word_1_406' title='bbox 2707 2764 2908 2818; x_wconf 83' lang='lat' dir='ltr'><strong>venient</strong></span> <span class='ocrx_word' id='word_1_407' title='bbox 2936 2760 3180 2825; x_wconf 84' lang='lat' dir='ltr'><strong>Romani,</strong></span> <span class='ocrx_word' id='word_1_408' title='bbox 3212 2766 3260 2811; x_wconf 86' lang='lat' dir='ltr'><strong>et</strong></span> <span class='ocrx_word' id='word_1_409' title='bbox 3287 2755 3385 2811; x_wconf 81' lang='lat' dir='ltr'><strong>tol-</strong></span> 
     </span>
    </p>
   </div>
   <div class='ocr_carea' id='block_1_58' title="bbox 1822 2850 3386 2927">
    <p class='ocr_par' dir='ltr' id='par_1_58' title="bbox 1822 2850 3386 2927">
     <span class='ocr_line' id='line_1_58' title="bbox 1822 2850 3386 2927; baseline -0.007 -13"><span class='ocrx_word' id='word_1_410' title='bbox 1822 2861 1927 2914; x_wconf 82' lang='lat' dir='ltr'><strong>lent</strong></span> <span class='ocrx_word' id='word_1_411' title='bbox 1962 2868 2194 2913; x_wconf 81' lang='lat' dir='ltr'><strong>nostrum</strong></span> <span class='ocrx_word' id='word_1_412' title='bbox 2234 2858 2401 2911; x_wconf 83' lang='lat' dir='ltr'><strong>locum</strong></span> <span class='ocrx_word' id='word_1_413' title='bbox 2451 2866 2499 2910; x_wconf 85' lang='lat' dir='ltr'><strong>et</strong></span> <span class='ocrx_word' id='word_1_414' title='bbox 2538 2865 2738 2927; x_wconf 79' lang='lat' dir='ltr'><strong>gentem</strong></span> <span class='ocrx_word' id='word_1_415' title='bbox 2759 2854 2823 2908; x_wconf 79' lang='lat'><strong>&quot;.</strong></span> <span class='ocrx_word' id='word_1_416' title='bbox 2857 2852 3240 2909; x_wconf 80' lang='lat' dir='ltr'><strong>Verumtamen</strong></span> <span class='ocrx_word' id='word_1_417' title='bbox 3282 2850 3386 2904; x_wconf 84' lang='lat' dir='ltr'><strong>hoc</strong></span> 
     </span>
    </p>
   </div>
   <div class='ocr_carea' id='block_1_59' title="bbox 1821 2941 3384 3015">
    <p class='ocr_par' dir='ltr' id='par_1_59' title="bbox 1821 2941 3384 3015">
     <span class='ocr_line' id='line_1_59' title="bbox 1821 2941 3384 3015; baseline -0.006 -11"><span class='ocrx_word' id='word_1_418' title='bbox 1821 2950 2043 3004; x_wconf 89' lang='lat' dir='ltr'><strong>minime</strong></span> <span class='ocrx_word' id='word_1_419' title='bbox 2070 2948 2361 3012; x_wconf 81' lang='lat' dir='ltr'><strong>evenisset,</strong></span> <span class='ocrx_word' id='word_1_420' title='bbox 2405 2946 2448 3001; x_wconf 91' lang='lat' dir='ltr'><strong>si</strong></span> <span class='ocrx_word' id='word_1_421' title='bbox 2468 2946 2631 3001; x_wconf 84' lang='lat' dir='ltr'><strong>ﬁdem</strong></span> <span class='ocrx_word' id='word_1_422' title='bbox 2663 2947 2715 3000; x_wconf 93' lang='lat' dir='ltr'><strong>in</strong></span> <span class='ocrx_word' id='word_1_423' title='bbox 2745 2946 2919 3015; x_wconf 87' lang='lat' dir='ltr'><strong>ipsum</strong></span> <span class='ocrx_word' id='word_1_424' title='bbox 2944 2941 3384 2998; x_wconf 88' lang='lat' dir='ltr'><strong>custodivissent.</strong></span> 
     </span>
    </p>
   </div>
   <div class='ocr_carea' id='block_1_60' title="bbox 1822 3031 3387 3109">
    <p class='ocr_par' dir='ltr' id='par_1_60' title="bbox 1822 3031 3387 3109">
     <span class='ocr_line' id='line_1_60' title="bbox 1822 3031 3387 3109; baseline -0.008 -13"><span class='ocrx_word' id='word_1_425' title='bbox 1822 3040 1993 3096; x_wconf 89' lang='lat' dir='ltr'><strong>Simili</strong></span> <span class='ocrx_word' id='word_1_426' title='bbox 2041 3055 2255 3109; x_wconf 88' lang='lat' dir='ltr'><strong>quoque</strong></span> <span class='ocrx_word' id='word_1_427' title='bbox 2294 3039 2500 3093; x_wconf 88' lang='lat' dir='ltr'><strong>ratione</strong></span> <span class='ocrx_word' id='word_1_428' title='bbox 2551 3036 2740 3092; x_wconf 79' lang='lat' dir='ltr'><strong>omnes</strong></span> <span class='ocrx_word' id='word_1_429' title='bbox 2788 3036 3039 3089; x_wconf 88' lang='lat' dir='ltr'><strong>homines</strong></span> <span class='ocrx_word' id='word_1_430' title='bbox 3081 3032 3170 3102; x_wconf 90' lang='lat' dir='ltr'><strong>qui</strong></span> <span class='ocrx_word' id='word_1_431' title='bbox 3218 3031 3387 3084; x_wconf 89' lang='lat' dir='ltr'><strong>Deum</strong></span> 
     </span>
    </p>
   </div>
   <div class='ocr_carea' id='block_1_61' title="bbox 153 3118 1723 3223">
    <p class='ocr_par' dir='ltr' id='par_1_61' title="bbox 153 3118 1721 3195">
     <span class='ocr_line' id='line_1_61' title="bbox 153 3118 1721 3195; baseline 0.004 -26"><span class='ocrx_word' id='word_1_432' title='bbox 153 3120 358 3182; x_wconf 76' lang='grc' dir='ltr'>πάντες</span> <span class='ocrx_word' id='word_1_433' title='bbox 388 3118 661 3189; x_wconf 80' lang='grc' dir='ltr'>ἄνθρωποι</span> <span class='ocrx_word' id='word_1_434' title='bbox 702 3121 812 3173; x_wconf 84' lang='grc' dir='ltr'>ὅσοι</span> <span class='ocrx_word' id='word_1_435' title='bbox 842 3121 932 3173; x_wconf 80' lang='grc' dir='ltr'>τὸν</span> <span class='ocrx_word' id='word_1_436' title='bbox 961 3122 1095 3174; x_wconf 80' lang='grc' dir='ltr'>Θεὸν</span> <span class='ocrx_word' id='word_1_437' title='bbox 1132 3122 1502 3175; x_wconf 74' lang='grc' dir='ltr'>ἐπικαλεῖσθαι</span> <span class='ocrx_word' id='word_1_438' title='bbox 1554 3125 1721 3195; x_wconf 73' lang='grc' dir='ltr'>ρᾳθυ-</span> 
     </span>
    </p>
   </div>
   <div class='ocr_carea' id='block_1_62' title="bbox 1830 3118 3387 3223">
    <p class='ocr_par' dir='ltr' id='par_1_62' title="bbox 1830 3124 3387 3202">
     <span class='ocr_line' id='line_1_62' title="bbox 1830 3124 3387 3202; baseline -0.01 -14"><span class='ocrx_word' id='word_1_439' title='bbox 1830 3134 2077 3188; x_wconf 89' lang='lat' dir='ltr'><strong>invocare</strong></span> <span class='ocrx_word' id='word_1_440' title='bbox 2103 3131 2403 3202; x_wconf 80' lang='lat' dir='ltr'><strong>negligunt,</strong></span> <span class='ocrx_word' id='word_1_441' title='bbox 2440 3144 2550 3200; x_wconf 71' lang='lat' dir='ltr'><strong>pra:</strong></span> <span class='ocrx_word' id='word_1_442' title='bbox 2580 3126 2956 3182; x_wconf 83' lang='lat' dir='ltr'><strong>incredulitate</strong></span> <span class='ocrx_word' id='word_1_443' title='bbox 2987 3125 3040 3178; x_wconf 95' lang='lat' dir='ltr'><strong>in</strong></span> <span class='ocrx_word' id='word_1_444' title='bbox 3079 3124 3248 3177; x_wconf 90' lang='lat' dir='ltr'><strong>Deum</strong></span> <span class='ocrx_word' id='word_1_445' title='bbox 3278 3136 3387 3175; x_wconf 92' lang='lat' dir='ltr'><strong>non</strong></span> 
     </span>
    </p>
   </div>
   <div class='ocr_carea' id='block_1_63' title="bbox 162 3209 1719 3284">
    <p class='ocr_par' dir='ltr' id='par_1_63' title="bbox 162 3209 1719 3284">
     <span class='ocr_line' id='line_1_63' title="bbox 162 3209 1719 3284; baseline 0.003 -22"><span class='ocrx_word' id='word_1_446' title='bbox 162 3210 384 3278; x_wconf 78' lang='grc' dir='ltr'>μοῦσιν,</span> <span class='ocrx_word' id='word_1_447' title='bbox 418 3209 477 3262; x_wconf 80' lang='grc' dir='ltr'>ὃν</span> <span class='ocrx_word' id='word_1_448' title='bbox 509 3211 605 3280; x_wconf 83' lang='grc' dir='ltr'>μὲν</span> <span class='ocrx_word' id='word_1_449' title='bbox 641 3212 722 3263; x_wconf 84' lang='grc' dir='ltr'>δεῖ</span> <span class='ocrx_word' id='word_1_450' title='bbox 750 3211 911 3280; x_wconf 82' lang='grc' dir='ltr'>φόϐον</span> <span class='ocrx_word' id='word_1_451' title='bbox 948 3214 1007 3264; x_wconf 79' lang='grc' dir='ltr'>οὐ</span> <span class='ocrx_word' id='word_1_452' title='bbox 1051 3212 1362 3281; x_wconf 76' lang='grc' dir='ltr'>φοϐοῦνται,</span> <span class='ocrx_word' id='word_1_453' title='bbox 1390 3216 1455 3284; x_wconf 81' lang='grc' dir='ltr'>τῇ</span> <span class='ocrx_word' id='word_1_454' title='bbox 1486 3214 1564 3275; x_wconf 86' lang='grc' dir='ltr'><strong>είς</strong></span> <span class='ocrx_word' id='word_1_455' title='bbox 1590 3212 1719 3266; x_wconf 79' lang='grc' dir='ltr'>Θεὸν</span> 
     </span>
    </p>
   </div>
   <div class='ocr_carea' id='block_1_64' title="bbox 164 3303 1720 3375">
    <p class='ocr_par' dir='ltr' id='par_1_64' title="bbox 164 3303 1720 3375">
     <span class='ocr_line' id='line_1_64' title="bbox 164 3303 1720 3375; baseline 0.002 -20"><span class='ocrx_word' id='word_1_456' title='bbox 164 3303 406 3374; x_wconf 75' lang='grc' dir='ltr'>ἀπιστία.</span> <span class='ocrx_word' id='word_1_457' title='bbox 459 3303 750 3358; x_wconf 80' lang='grc' dir='ltr'>Φοϐοῦνται</span> <span class='ocrx_word' id='word_1_458' title='bbox 805 3303 859 3356; x_wconf 82' lang='grc' dir='ltr'>δὲ</span> <span class='ocrx_word' id='word_1_459' title='bbox 906 3304 1081 3375; x_wconf 84' lang='grc' dir='ltr'>μάτην</span> <span class='ocrx_word' id='word_1_460' title='bbox 1138 3305 1231 3369; x_wconf 76' lang='grc' dir='ltr'>τὰς</span> <span class='ocrx_word' id='word_1_461' title='bbox 1268 3305 1375 3357; x_wconf 85' lang='grc' dir='ltr'><strong>τῶν</strong></span> <span class='ocrx_word' id='word_1_462' title='bbox 1418 3304 1720 3375; x_wconf 79' lang='grc' dir='ltr'>ἀνθρώπων</span> 
     </span>
    </p>
   </div>
   <div class='ocr_carea' id='block_1_65' title="bbox 160 3394 1723 3467">
    <p class='ocr_par' dir='ltr' id='par_1_65' title="bbox 160 3394 1723 3467">
     <span class='ocr_line' id='line_1_65' title="bbox 160 3394 1723 3467; baseline 0.001 -19"><span class='ocrx_word' id='word_1_463' title='bbox 160 3396 408 3457; x_wconf 77' lang='grc' dir='ltr'>ἀπειλὰς,</span> <span class='ocrx_word' id='word_1_464' title='bbox 442 3396 532 3447; x_wconf 74' lang='grc' dir='ltr'>καὶ</span> <span class='ocrx_word' id='word_1_465' title='bbox 578 3396 675 3456; x_wconf 74' lang='grc' dir='ltr'><strong>τὰς</strong></span> <span class='ocrx_word' id='word_1_466' title='bbox 700 3396 806 3448; x_wconf 83' lang='grc' dir='ltr'>τῶν</span> <span class='ocrx_word' id='word_1_467' title='bbox 846 3394 1057 3467; x_wconf 78' lang='grc' dir='ltr'>ἐχθρῶν</span> <span class='ocrx_word' id='word_1_468' title='bbox 1089 3396 1426 3459; x_wconf 81' lang='grc' dir='ltr'>δυναστείας,</span> <span class='ocrx_word' id='word_1_469' title='bbox 1459 3398 1556 3449; x_wconf 81' lang='grc' dir='ltr'>οὐκ</span> <span class='ocrx_word' id='word_1_470' title='bbox 1591 3396 1723 3449; x_wconf 77' lang='grc' dir='ltr'>εἰδό-</span> 
     </span>
    </p>
   </div>
   <div class='ocr_carea' id='block_1_66' title="bbox 154 3486 1722 3559">
    <p class='ocr_par' dir='ltr' id='par_1_66' title="bbox 154 3486 1722 3559">
     <span class='ocr_line' id='line_1_66' title="bbox 154 3486 1722 3559; baseline 0.002 -20"><span class='ocrx_word' id='word_1_471' title='bbox 154 3504 236 3551; x_wconf 80' lang='grc' dir='ltr'><strong>τες</strong></span> <span class='ocrx_word' id='word_1_472' title='bbox 290 3486 473 3540; x_wconf 79' lang='grc' dir='ltr'>ταῦτα</span> <span class='ocrx_word' id='word_1_473' title='bbox 507 3489 669 3557; x_wconf 69' lang='grc' dir='ltr'>μηδὲν</span> <span class='ocrx_word' id='word_1_474' title='bbox 692 3489 839 3558; x_wconf 77' lang='grc' dir='ltr'>ἡμᾶς</span> <span class='ocrx_word' id='word_1_475' title='bbox 862 3530 876 3553; x_wconf 92' lang='grc'><strong>,</strong></span> <span class='ocrx_word' id='word_1_476' title='bbox 912 3490 1037 3542; x_wconf 81' lang='grc' dir='ltr'>ὅταν</span> <span class='ocrx_word' id='word_1_477' title='bbox 1066 3489 1262 3559; x_wconf 82' lang='grc' dir='ltr'>ἔχομεν</span> <span class='ocrx_word' id='word_1_478' title='bbox 1292 3490 1391 3559; x_wconf 80' lang='grc' dir='ltr'>τὴν</span> <span class='ocrx_word' id='word_1_479' title='bbox 1438 3490 1722 3559; x_wconf 77' lang='grc' dir='ltr'>εὐμένειαν</span> 
     </span>
    </p>
   </div>
   <div class='ocr_carea' id='block_1_67' title="bbox 153 3576 1724 3650">
    <p class='ocr_par' dir='ltr' id='par_1_67' title="bbox 153 3576 1724 3650">
     <span class='ocr_line' id='line_1_67' title="bbox 153 3576 1724 3650; baseline 0.001 -21"><span class='ocrx_word' id='word_1_480' title='bbox 153 3579 242 3631; x_wconf 84' lang='grc' dir='ltr'><strong>τοῦ</strong></span> <span class='ocrx_word' id='word_1_481' title='bbox 279 3576 445 3639; x_wconf 82' lang='grc' dir='ltr'>Θεοῦ,</span> <span class='ocrx_word' id='word_1_482' title='bbox 483 3576 956 3647; x_wconf 86' lang='grc' dir='ltr'>παραϐλάπτοντα.</span> <span class='ocrx_word' id='word_1_483' title='bbox 994 3577 1497 3649; x_wconf 82' lang='grc' dir='ltr'>Ἀνθρωπαρέσκων</span> <span class='ocrx_word' id='word_1_484' title='bbox 1518 3578 1574 3631; x_wconf 88' lang='grc' dir='ltr'>δὲ</span> <span class='ocrx_word' id='word_1_485' title='bbox 1596 3578 1724 3650; x_wconf 74' lang='grc' dir='ltr'>περὶ</span> 
     </span>
    </p>
   </div>
   <div class='ocr_carea' id='block_1_68' title="bbox 155 3668 1725 3742">
    <p class='ocr_par' dir='ltr' id='par_1_68' title="bbox 155 3668 1725 3742">
     <span class='ocr_line' id='line_1_68' title="bbox 155 3668 1725 3742; baseline 0.001 -22"><span class='ocrx_word' id='word_1_486' title='bbox 155 3668 367 3722; x_wconf 77' lang='grc' dir='ltr'>τούτων</span> <span class='ocrx_word' id='word_1_487' title='bbox 422 3668 609 3736; x_wconf 82' lang='grc' dir='ltr'>λέγει’</span> <span class='ocrx_word' id='word_1_488' title='bbox 667 3668 755 3722; x_wconf 77' lang='grc' dir='ltr'>ἀεὶ</span> <span class='ocrx_word' id='word_1_489' title='bbox 802 3670 909 3738; x_wconf 81' lang='grc' dir='ltr'>γὰρ</span> <span class='ocrx_word' id='word_1_490' title='bbox 953 3672 1067 3732; x_wconf 87' lang='grc' dir='ltr'>τοῖς</span> <span class='ocrx_word' id='word_1_491' title='bbox 1112 3668 1419 3741; x_wconf 85' lang='grc' dir='ltr'>ἀνθρώποις</span> <span class='ocrx_word' id='word_1_492' title='bbox 1467 3670 1725 3742; x_wconf 83' lang='grc' dir='ltr'>ἀρέσκειν</span> 
     </span>
    </p>
   </div>
   <div class='ocr_carea' id='block_1_69' title="bbox 157 3755 1725 3834">
    <p class='ocr_par' dir='ltr' id='par_1_69' title="bbox 157 3755 1725 3834">
     <span class='ocr_line' id='line_1_69' title="bbox 157 3755 1725 3834; baseline 0.002 -22"><span class='ocrx_word' id='word_1_493' title='bbox 157 3762 318 3831; x_wconf 77' lang='grc' dir='ltr'><strong>παρά</strong></span> <span class='ocrx_word' id='word_1_494' title='bbox 344 3761 435 3813; x_wconf 77' lang='grc' dir='ltr'>τὸν</span> <span class='ocrx_word' id='word_1_495' title='bbox 458 3760 588 3813; x_wconf 84' lang='grc' dir='ltr'>Θεὸν</span> <span class='ocrx_word' id='word_1_496' title='bbox 616 3760 913 3831; x_wconf 83' lang='grc' dir='ltr'>βούλονται,</span> <span class='ocrx_word' id='word_1_497' title='bbox 944 3755 1018 3815; x_wconf 84' lang='grc' dir='ltr'>ὧν</span> <span class='ocrx_word' id='word_1_498' title='bbox 1049 3764 1078 3814; x_wconf 91' lang='lat'><strong>6</strong></span> <span class='ocrx_word' id='word_1_499' title='bbox 1107 3761 1236 3825; x_wconf 77' lang='grc' dir='ltr'>Θεὸς</span> <span class='ocrx_word' id='word_1_500' title='bbox 1256 3763 1323 3815; x_wconf 85' lang='grc' dir='ltr'>τὰ</span> <span class='ocrx_word' id='word_1_501' title='bbox 1346 3764 1498 3827; x_wconf 81' lang='grc' dir='ltr'>ὀστᾶ,</span> <span class='ocrx_word' id='word_1_502' title='bbox 1526 3762 1725 3834; x_wconf 84' lang='grc' dir='ltr'>δηλαδὴ</span> 
     </span>
    </p>
   </div>
   <div class='ocr_carea' id='block_1_70' title="bbox 158 3850 1729 3923">
    <p class='ocr_par' dir='ltr' id='par_1_70' title="bbox 158 3850 1729 3923">
     <span class='ocr_line' id='line_1_70' title="bbox 158 3850 1729 3923; baseline 0.001 -19"><span class='ocrx_word' id='word_1_503' title='bbox 158 3855 254 3915; x_wconf 78' lang='grc' dir='ltr'>τὰς</span> <span class='ocrx_word' id='word_1_504' title='bbox 286 3850 456 3919; x_wconf 77' lang='grc' dir='ltr'>φυλὰς</span> <span class='ocrx_word' id='word_1_505' title='bbox 491 3850 853 3923; x_wconf 83' lang='grc' dir='ltr'>διεσκόρπισε.</span> <span class='ocrx_word' id='word_1_506' title='bbox 880 3854 1425 3922; x_wconf 82' lang='grc' dir='ltr'>Κατησχύνθησαν.</span> <span class='ocrx_word' id='word_1_507' title='bbox 1488 3856 1583 3907; x_wconf 82' lang='lat' dir='ltr'><strong>&quot;Ov</strong></span> <span class='ocrx_word' id='word_1_508' title='bbox 1620 3853 1729 3923; x_wconf 85' lang='grc' dir='ltr'><strong>γὰρ</strong></span> 
     </span>
    </p>
   </div>
   <div class='ocr_carea' id='block_1_71' title="bbox 160 3942 1731 4013">
    <p class='ocr_par' dir='ltr' id='par_1_71' title="bbox 160 3942 1731 4013">
     <span class='ocr_line' id='line_1_71' title="bbox 160 3942 1731 4013; baseline 0.003 -18"><span class='ocrx_word' id='word_1_509' title='bbox 160 3944 358 4013; x_wconf 72' lang='grc' dir='ltr'>νεκρῦν</span> <span class='ocrx_word' id='word_1_510' title='bbox 393 3942 666 4007; x_wconf 86' lang='grc' dir='ltr'>καλοῦσιν,</span> <span class='ocrx_word' id='word_1_511' title='bbox 710 3944 813 3997; x_wconf 77' lang='grc' dir='ltr'><strong>ὑπὸ</strong></span> <span class='ocrx_word' id='word_1_512' title='bbox 840 3945 1033 3998; x_wconf 79' lang='grc' dir='ltr'>τούτου</span> <span class='ocrx_word' id='word_1_513' title='bbox 1062 3945 1364 3999; x_wconf 82' lang='grc' dir='ltr'>διώκονται.</span> <span class='ocrx_word' id='word_1_514' title='bbox 1396 3944 1478 3999; x_wconf 75' lang='grc' dir='ltr'>Τὰ</span> <span class='ocrx_word' id='word_1_515' title='bbox 1503 3946 1559 4000; x_wconf 78' lang='grc' dir='ltr'>δὲ</span> <span class='ocrx_word' id='word_1_516' title='bbox 1593 3945 1731 3999; x_wconf 77' lang='grc' dir='ltr'>αὐτὰ</span> 
     </span>
    </p>
   </div>
   <div class='ocr_carea' id='block_1_72' title="bbox 161 4032 1729 4108">
    <p class='ocr_par' dir='ltr' id='par_1_72' title="bbox 161 4032 1729 4108">
     <span class='ocr_line' id='line_1_72' title="bbox 161 4032 1729 4108; baseline 0.002 -21"><span class='ocrx_word' id='word_1_517' title='bbox 161 4033 259 4087; x_wconf 74' lang='grc' dir='ltr'>καὶ</span> <span class='ocrx_word' id='word_1_518' title='bbox 296 4035 409 4095; x_wconf 85' lang='grc' dir='ltr'>τοῖς</span> <span class='ocrx_word' id='word_1_519' title='bbox 462 4032 716 4102; x_wconf 84' lang='grc' dir='ltr'>τυχοῦσιν</span> <span class='ocrx_word' id='word_1_520' title='bbox 761 4035 1246 4106; x_wconf 85' lang='grc' dir='ltr'>ἀνθρωπαρέσκοις</span> <span class='ocrx_word' id='word_1_521' title='bbox 1280 4036 1577 4108; x_wconf 73' lang='grc' dir='ltr'>ἐπέρχεται</span> <span class='ocrx_word' id='word_1_522' title='bbox 1610 4052 1625 4066; x_wconf 90' lang='grc'><strong>·</strong></span> <span class='ocrx_word' id='word_1_523' title='bbox 1660 4036 1729 4090; x_wconf 82' lang='grc' dir='ltr'><strong>τὰ</strong></span> 
     </span>
    </p>
   </div>
   <div class='ocr_carea' id='block_1_73' title="bbox 164 4123 1733 4199">
    <p class='ocr_par' dir='ltr' id='par_1_73' title="bbox 164 4123 1733 4199">
     <span class='ocr_line' id='line_1_73' title="bbox 164 4123 1733 4199; baseline 0.002 -21"><span class='ocrx_word' id='word_1_524' title='bbox 164 4125 276 4192; x_wconf 85' lang='grc' dir='ltr'><strong>γάρ</strong></span> <span class='ocrx_word' id='word_1_525' title='bbox 309 4124 446 4175; x_wconf 79' lang='grc' dir='ltr'>ὀστᾶ</span> <span class='ocrx_word' id='word_1_526' title='bbox 495 4123 695 4186; x_wconf 81' lang='grc' dir='ltr'>αὐτῶν,</span> <span class='ocrx_word' id='word_1_527' title='bbox 729 4128 1009 4180; x_wconf 83' lang='grc' dir='ltr'>τουτέστιν</span> <span class='ocrx_word' id='word_1_528' title='bbox 1068 4129 1098 4179; x_wconf 87' lang='lat'><strong>6</strong></span> <span class='ocrx_word' id='word_1_529' title='bbox 1132 4127 1359 4193; x_wconf 85' lang='grc' dir='ltr'>πλοῦτος</span> <span class='ocrx_word' id='word_1_530' title='bbox 1405 4130 1499 4181; x_wconf 81' lang='grc' dir='ltr'>καὶ</span> <span class='ocrx_word' id='word_1_531' title='bbox 1534 4129 1568 4199; x_wconf 79' lang='grc' dir='ltr'>ὴ</span> <span class='ocrx_word' id='word_1_532' title='bbox 1607 4128 1733 4194; x_wconf 81' lang='grc' dir='ltr'>δόξα</span> 
     </span>
    </p>
   </div>
   <div class='ocr_carea' id='block_1_74' title="bbox 169 4213 843 4284">
    <p class='ocr_par' dir='ltr' id='par_1_74' title="bbox 169 4213 843 4284">
     <span class='ocr_line' id='line_1_74' title="bbox 169 4213 843 4284; baseline -0.001 -14"><span class='ocrx_word' id='word_1_533' title='bbox 169 4216 277 4270; x_wconf 74' lang='grc' dir='ltr'><strong>ὑπὸ</strong></span> <span class='ocrx_word' id='word_1_534' title='bbox 310 4213 445 4268; x_wconf 88' lang='grc' dir='ltr'>Θεοῦ</span> <span class='ocrx_word' id='word_1_535' title='bbox 474 4216 843 4284; x_wconf 77' lang='grc' dir='ltr'>σκορπίζεται.</span> 
     </span>
    </p>
   </div>
   <div class='ocr_carea' id='block_1_75' title="bbox 240 4308 1733 4381">
    <p class='ocr_par' dir='ltr' id='par_1_75' title="bbox 240 4308 1733 4381">
     <span class='ocr_line' id='line_1_75' title="bbox 240 4308 1733 4381; baseline 0.001 -18"><span class='ocrx_word' id='word_1_536' title='bbox 240 4311 337 4363; x_wconf 81' lang='grc' dir='ltr'>Διά</span> <span class='ocrx_word' id='word_1_537' title='bbox 376 4310 427 4361; x_wconf 89' lang='grc' dir='ltr'><strong>τί</strong></span> <span class='ocrx_word' id='word_1_538' title='bbox 471 4309 576 4361; x_wconf 84' lang='grc' dir='ltr'>ἀπὸ</span> <span class='ocrx_word' id='word_1_539' title='bbox 608 4308 707 4379; x_wconf 83' lang='grc' dir='ltr'>τῆς</span> <span class='ocrx_word' id='word_1_540' title='bbox 738 4309 912 4375; x_wconf 89' lang='grc' dir='ltr'>Σιὼν,</span> <span class='ocrx_word' id='word_1_541' title='bbox 949 4310 1043 4364; x_wconf 75' lang='grc' dir='ltr'>καὶ</span> <span class='ocrx_word' id='word_1_542' title='bbox 1083 4312 1182 4365; x_wconf 80' lang='grc' dir='ltr'>οὐκ</span> <span class='ocrx_word' id='word_1_543' title='bbox 1224 4312 1333 4365; x_wconf 74' lang='grc' dir='ltr'>ἀπὸ</span> <span class='ocrx_word' id='word_1_544' title='bbox 1356 4311 1449 4366; x_wconf 83' lang='grc' dir='ltr'><strong>τοῦ</strong></span> <span class='ocrx_word' id='word_1_545' title='bbox 1480 4310 1733 4381; x_wconf 80' lang='grc' dir='ltr'>οὐρανοῦ,</span> 
     </span>
    </p>
   </div>
   <div class='ocr_carea' id='block_1_76' title="bbox 181 4398 1737 4471">
    <p class='ocr_par' dir='ltr' id='par_1_76' title="bbox 181 4398 1737 4471">
     <span class='ocr_line' id='line_1_76' title="bbox 181 4398 1737 4471; baseline 0.003 -18"><span class='ocrx_word' id='word_1_546' title='bbox 181 4402 277 4454; x_wconf 70' lang='grc' dir='ltr'>οὐκ</span> <span class='ocrx_word' id='word_1_547' title='bbox 318 4399 429 4453; x_wconf 82' lang='grc' dir='ltr'>ἀπὸ</span> <span class='ocrx_word' id='word_1_548' title='bbox 472 4398 568 4450; x_wconf 78' lang='grc' dir='ltr'><strong>τοῦ</strong></span> <span class='ocrx_word' id='word_1_549' title='bbox 623 4399 773 4463; x_wconf 84' lang='grc' dir='ltr'>ναοῦ,</span> <span class='ocrx_word' id='word_1_550' title='bbox 803 4401 900 4453; x_wconf 80' lang='grc' dir='ltr'>οὐκ</span> <span class='ocrx_word' id='word_1_551' title='bbox 926 4402 1034 4454; x_wconf 81' lang='grc' dir='ltr'>ἀπὸ</span> <span class='ocrx_word' id='word_1_552' title='bbox 1068 4402 1167 4471; x_wconf 81' lang='grc' dir='ltr'>τῆς</span> <span class='ocrx_word' id='word_1_553' title='bbox 1206 4402 1465 4466; x_wconf 84' lang='grc' dir='ltr'>κιϐωτοῦ,</span> <span class='ocrx_word' id='word_1_554' title='bbox 1499 4404 1599 4455; x_wconf 78' lang='grc' dir='ltr'>οὐκ</span> <span class='ocrx_word' id='word_1_555' title='bbox 1629 4402 1737 4458; x_wconf 85' lang='grc' dir='ltr'>ἀπὸ</span> 
     </span>
    </p>
   </div>
   <div class='ocr_carea' id='block_1_77' title="bbox 1827 3214 3391 3293">
    <p class='ocr_par' dir='ltr' id='par_1_77' title="bbox 1827 3214 3391 3293">
     <span class='ocr_line' id='line_1_77' title="bbox 1827 3214 3391 3293; baseline -0.009 -14"><span class='ocrx_word' id='word_1_556' title='bbox 1827 3227 2018 3280; x_wconf 90' lang='lat' dir='ltr'><strong>timent</strong></span> <span class='ocrx_word' id='word_1_557' title='bbox 2038 3224 2230 3277; x_wconf 88' lang='lat' dir='ltr'><strong>timore</strong></span> <span class='ocrx_word' id='word_1_558' title='bbox 2259 3238 2368 3293; x_wconf 90' lang='lat' dir='ltr'><strong>quo</strong></span> <span class='ocrx_word' id='word_1_559' title='bbox 2400 3230 2615 3292; x_wconf 84' lang='lat' dir='ltr'><strong>Oportet</strong></span> <span class='ocrx_word' id='word_1_560' title='bbox 2642 3238 2657 3274; x_wconf 87' lang='lat'><strong>:</strong></span> <span class='ocrx_word' id='word_1_561' title='bbox 2696 3221 2751 3273; x_wconf 94' lang='lat' dir='ltr'><strong>in</strong></span> <span class='ocrx_word' id='word_1_562' title='bbox 2783 3234 2979 3273; x_wconf 83' lang='lat' dir='ltr'><strong>vanum</strong></span> <span class='ocrx_word' id='word_1_563' title='bbox 3009 3224 3189 3270; x_wconf 89' lang='lat' dir='ltr'><strong>autem</strong></span> <span class='ocrx_word' id='word_1_564' title='bbox 3218 3214 3391 3268; x_wconf 88' lang='lat' dir='ltr'><strong>minas</strong></span> 
     </span>
    </p>
   </div>
   <div class='ocr_carea' id='block_1_78' title="bbox 1826 3311 3392 3383">
    <p class='ocr_par' dir='ltr' id='par_1_78' title="bbox 1826 3311 3392 3383">
     <span class='ocr_line' id='line_1_78' title="bbox 1826 3311 3392 3383; baseline -0.011 -9"><span class='ocrx_word' id='word_1_565' title='bbox 1826 3318 2103 3375; x_wconf 90' lang='lat' dir='ltr'><strong>hominum</strong></span> <span class='ocrx_word' id='word_1_566' title='bbox 2148 3326 2202 3371; x_wconf 91' lang='lat' dir='ltr'><strong>et</strong></span> <span class='ocrx_word' id='word_1_567' title='bbox 2246 3315 2587 3370; x_wconf 88' lang='lat' dir='ltr'><strong>inimicorum</strong></span> <span class='ocrx_word' id='word_1_568' title='bbox 2656 3311 2924 3383; x_wconf 88' lang='lat' dir='ltr'><strong>potentias</strong></span> <span class='ocrx_word' id='word_1_569' title='bbox 2969 3316 3260 3370; x_wconf 90' lang='lat' dir='ltr'><strong>metuunt,</strong></span> <span class='ocrx_word' id='word_1_570' title='bbox 3293 3318 3392 3358; x_wconf 85' lang='lat' dir='ltr'><strong>ne-</strong></span> 
     </span>
    </p>
   </div>
   <div class='ocr_carea' id='block_1_79' title="bbox 1826 3397 3392 3472">
    <p class='ocr_par' dir='ltr' id='par_1_79' title="bbox 1826 3397 3392 3472">
     <span class='ocr_line' id='line_1_79' title="bbox 1826 3397 3392 3472; baseline -0.01 -6"><span class='ocrx_word' id='word_1_571' title='bbox 1826 3413 2058 3467; x_wconf 88' lang='lat' dir='ltr'><strong>scientes</strong></span> <span class='ocrx_word' id='word_1_572' title='bbox 2089 3410 2189 3464; x_wconf 88' lang='lat' dir='ltr'><strong>ista</strong></span> <span class='ocrx_word' id='word_1_573' title='bbox 2218 3409 2352 3463; x_wconf 91' lang='lat' dir='ltr'><strong>nihil</strong></span> <span class='ocrx_word' id='word_1_574' title='bbox 2388 3408 2546 3462; x_wconf 87' lang='lat' dir='ltr'><strong>nobis</strong></span> <span class='ocrx_word' id='word_1_575' title='bbox 2577 3405 2791 3460; x_wconf 84' lang='lat' dir='ltr'><strong>olIicere</strong></span> <span class='ocrx_word' id='word_1_576' title='bbox 2851 3401 3072 3472; x_wconf 88' lang='lat' dir='ltr'><strong>quando</strong></span> <span class='ocrx_word' id='word_1_577' title='bbox 3096 3397 3392 3468; x_wconf 88' lang='lat' dir='ltr'><strong>propitium</strong></span> 
     </span>
    </p>
   </div>
   <div class='ocr_carea' id='block_1_80' title="bbox 1830 3487 3394 3570">
    <p class='ocr_par' dir='ltr' id='par_1_80' title="bbox 1830 3487 3394 3570">
     <span class='ocr_line' id='line_1_80' title="bbox 1830 3487 3394 3570; baseline -0.012 -11"><span class='ocrx_word' id='word_1_578' title='bbox 1830 3504 2090 3559; x_wconf 78' lang='lat' dir='ltr'><strong>habemus</strong></span> <span class='ocrx_word' id='word_1_579' title='bbox 2120 3503 2310 3556; x_wconf 87' lang='lat' dir='ltr'><strong>Deum.</strong></span> <span class='ocrx_word' id='word_1_580' title='bbox 2344 3500 2606 3570; x_wconf 89' lang='lat' dir='ltr'><strong>Loquitur</strong></span> <span class='ocrx_word' id='word_1_581' title='bbox 2634 3505 2810 3551; x_wconf 88' lang='lat' dir='ltr'><strong>autem</strong></span> <span class='ocrx_word' id='word_1_582' title='bbox 2841 3496 2908 3550; x_wconf 91' lang='lat' dir='ltr'><strong>de</strong></span> <span class='ocrx_word' id='word_1_583' title='bbox 2936 3494 3003 3547; x_wconf 90' lang='lat' dir='ltr'><strong>iis</strong></span> <span class='ocrx_word' id='word_1_584' title='bbox 3030 3492 3123 3562; x_wconf 85' lang='lat' dir='ltr'><strong>qui</strong></span> <span class='ocrx_word' id='word_1_585' title='bbox 3152 3487 3394 3544; x_wconf 89' lang='lat' dir='ltr'><strong>homini-</strong></span> 
     </span>
    </p>
   </div>
   <div class='ocr_carea' id='block_1_81' title="bbox 1829 3580 3394 3665">
    <p class='ocr_par' dir='ltr' id='par_1_81' title="bbox 1829 3580 3394 3665">
     <span class='ocr_line' id='line_1_81' title="bbox 1829 3580 3394 3665; baseline -0.009 -16"><span class='ocrx_word' id='word_1_586' title='bbox 1829 3595 1931 3649; x_wconf 91' lang='lat' dir='ltr'><strong>bus</strong></span> <span class='ocrx_word' id='word_1_587' title='bbox 1963 3594 2177 3665; x_wconf 91' lang='lat' dir='ltr'><strong>placerc</strong></span> <span class='ocrx_word' id='word_1_588' title='bbox 2218 3593 2469 3657; x_wconf 88' lang='lat' dir='ltr'><strong>student,</strong></span> <span class='ocrx_word' id='word_1_589' title='bbox 2502 3590 2766 3659; x_wconf 83' lang='lat' dir='ltr'><strong>siquidem</strong></span> <span class='ocrx_word' id='word_1_590' title='bbox 2797 3587 2853 3641; x_wconf 90' lang='lat' dir='ltr'><strong>hi</strong></span> <span class='ocrx_word' id='word_1_591' title='bbox 2910 3600 3125 3655; x_wconf 90' lang='lat' dir='ltr'><strong>semper</strong></span> <span class='ocrx_word' id='word_1_592' title='bbox 3154 3580 3394 3636; x_wconf 81' lang='lat' dir='ltr'><strong>homini—</strong></span> 
     </span>
    </p>
   </div>
   <div class='ocr_carea' id='block_1_82' title="bbox 1832 3677 3394 3757">
    <p class='ocr_par' dir='ltr' id='par_1_82' title="bbox 1832 3677 3394 3757">
     <span class='ocr_line' id='line_1_82' title="bbox 1832 3677 3394 3757; baseline -0.012 -15"><span class='ocrx_word' id='word_1_593' title='bbox 1832 3689 1932 3742; x_wconf 91' lang='lat' dir='ltr'><strong>bus</strong></span> <span class='ocrx_word' id='word_1_594' title='bbox 1972 3703 2083 3757; x_wconf 74' lang='lat' dir='ltr'><strong>prae</strong></span> <span class='ocrx_word' id='word_1_595' title='bbox 2131 3686 2241 3741; x_wconf 91' lang='lat' dir='ltr'><strong>Deo</strong></span> <span class='ocrx_word' id='word_1_596' title='bbox 2290 3686 2501 3755; x_wconf 87' lang='lat' dir='ltr'><strong>placere</strong></span> <span class='ocrx_word' id='word_1_597' title='bbox 2539 3685 2749 3747; x_wconf 85' lang='lat' dir='ltr'><strong>volunt;</strong></span> <span class='ocrx_word' id='word_1_598' title='bbox 2784 3693 3016 3751; x_wconf 89' lang='lat' dir='ltr'><strong>quorum</strong></span> <span class='ocrx_word' id='word_1_599' title='bbox 3059 3677 3203 3730; x_wconf 86' lang='lat' dir='ltr'><strong>Deus</strong></span> <span class='ocrx_word' id='word_1_600' title='bbox 3248 3687 3394 3738; x_wconf 90' lang='lat' dir='ltr'><strong>ossa,</strong></span> 
     </span>
    </p>
   </div>
   <div class='ocr_carea' id='block_1_83' title="bbox 1834 3764 3395 3844">
    <p class='ocr_par' dir='ltr' id='par_1_83' title="bbox 1834 3764 3395 3844">
     <span class='ocr_line' id='line_1_83' title="bbox 1834 3764 3395 3844; baseline -0.011 -12"><span class='ocrx_word' id='word_1_601' title='bbox 1834 3778 1885 3833; x_wconf 91' lang='lat' dir='ltr'><strong>id</strong></span> <span class='ocrx_word' id='word_1_602' title='bbox 1913 3787 1995 3831; x_wconf 88' lang='lat' dir='ltr'><strong>est</strong></span> <span class='ocrx_word' id='word_1_603' title='bbox 2046 3777 2239 3840; x_wconf 90' lang='lat' dir='ltr'><strong>tribus,</strong></span> <span class='ocrx_word' id='word_1_604' title='bbox 2281 3773 2557 3844; x_wconf 86' lang='lat' dir='ltr'><strong>dispersit.</strong></span> <span class='ocrx_word' id='word_1_605' title='bbox 2597 3772 2814 3843; x_wconf 73' lang='lat' dir='ltr'><strong>Confusi</strong></span> <span class='ocrx_word' id='word_1_606' title='bbox 2864 3778 3006 3823; x_wconf 86' lang='lat' dir='ltr'><strong>sunt.</strong></span> <span class='ocrx_word' id='word_1_607' title='bbox 3060 3764 3195 3819; x_wconf 85' lang='lat' dir='ltr'><strong>Nam</strong></span> <span class='ocrx_word' id='word_1_608' title='bbox 3234 3777 3395 3831; x_wconf 88' lang='lat' dir='ltr'><strong>quem</strong></span> 
     </span>
    </p>
   </div>
   <div class='ocr_carea' id='block_1_84' title="bbox 1835 3855 3397 3937">
    <p class='ocr_par' dir='ltr' id='par_1_84' title="bbox 1835 3855 3397 3937">
     <span class='ocr_line' id='line_1_84' title="bbox 1835 3855 3397 3937; baseline -0.01 -16"><span class='ocrx_word' id='word_1_609' title='bbox 1835 3877 2104 3923; x_wconf 89' lang='lat' dir='ltr'><strong>mortuum</strong></span> <span class='ocrx_word' id='word_1_610' title='bbox 2138 3865 2447 3937; x_wconf 90' lang='lat' dir='ltr'><strong>appellant,</strong></span> <span class='ocrx_word' id='word_1_611' title='bbox 2491 3865 2559 3919; x_wconf 88' lang='lat' dir='ltr'><strong>ab</strong></span> <span class='ocrx_word' id='word_1_612' title='bbox 2599 3865 2701 3918; x_wconf 91' lang='lat' dir='ltr'><strong>hoc</strong></span> <span class='ocrx_word' id='word_1_613' title='bbox 2745 3862 3089 3917; x_wconf 84' lang='lat' dir='ltr'><strong>infestantur.</strong></span> <span class='ocrx_word' id='word_1_614' title='bbox 3130 3855 3397 3909; x_wconf 66' lang='lat' dir='ltr'><strong>Catterum</strong></span> 
     </span>
    </p>
   </div>
   <div class='ocr_carea' id='block_1_85' title="bbox 1837 3945 3399 4027">
    <p class='ocr_par' dir='ltr' id='par_1_85' title="bbox 1837 3945 3399 4027">
     <span class='ocr_line' id='line_1_85' title="bbox 1837 3945 3399 4027; baseline -0.01 -14"><span class='ocrx_word' id='word_1_615' title='bbox 1837 3960 1951 4013; x_wconf 67' lang='lat' dir='ltr'><strong>haec</strong></span> <span class='ocrx_word' id='word_1_616' title='bbox 1980 3958 2166 4013; x_wconf 91' lang='lat' dir='ltr'><strong>eadem</strong></span> <span class='ocrx_word' id='word_1_617' title='bbox 2205 3973 2418 4027; x_wconf 86' lang='lat' dir='ltr'><strong>quoque</strong></span> <span class='ocrx_word' id='word_1_618' title='bbox 2464 3957 2764 4026; x_wconf 84' lang='lat' dir='ltr'><strong>quibusvis,</strong></span> <span class='ocrx_word' id='word_1_619' title='bbox 2793 3953 2885 4023; x_wconf 89' lang='lat' dir='ltr'><strong>qui</strong></span> <span class='ocrx_word' id='word_1_620' title='bbox 2928 3949 3237 4006; x_wconf 86' lang='lat' dir='ltr'><strong>hominibus</strong></span> <span class='ocrx_word' id='word_1_621' title='bbox 3281 3945 3399 4016; x_wconf 88' lang='lat' dir='ltr'><strong>pla-</strong></span> 
     </span>
    </p>
   </div>
   <div class='ocr_carea' id='block_1_86' title="bbox 1837 4040 3398 4115">
    <p class='ocr_par' dir='ltr' id='par_1_86' title="bbox 1837 4040 3398 4115">
     <span class='ocr_line' id='line_1_86' title="bbox 1837 4040 3398 4115; baseline -0.008 -8"><span class='ocrx_word' id='word_1_622' title='bbox 1837 4063 1980 4115; x_wconf 89' lang='lat' dir='ltr'><strong>cent,</strong></span> <span class='ocrx_word' id='word_1_623' title='bbox 2037 4052 2295 4106; x_wconf 83' lang='lat' dir='ltr'><strong>eveniunt</strong></span> <span class='ocrx_word' id='word_1_624' title='bbox 2336 4070 2348 4105; x_wconf 95' lang='lat'>:</span> <span class='ocrx_word' id='word_1_625' title='bbox 2384 4067 2507 4105; x_wconf 87' lang='lat' dir='ltr'><strong>ossa</strong></span> <span class='ocrx_word' id='word_1_626' title='bbox 2558 4050 2700 4104; x_wconf 91' lang='lat' dir='ltr'><strong>enim</strong></span> <span class='ocrx_word' id='word_1_627' title='bbox 2738 4063 2947 4113; x_wconf 90' lang='lat' dir='ltr'><strong>eorum,</strong></span> <span class='ocrx_word' id='word_1_628' title='bbox 2978 4044 3030 4101; x_wconf 91' lang='lat' dir='ltr'><strong>id</strong></span> <span class='ocrx_word' id='word_1_629' title='bbox 3071 4040 3398 4103; x_wconf 71' lang='lat' dir='ltr'><strong>estdivitiaa,</strong></span> 
     </span>
    </p>
   </div>
   <div class='ocr_carea' id='block_1_87' title="bbox 1838 4141 2662 4214">
    <p class='ocr_par' dir='ltr' id='par_1_87' title="bbox 1838 4141 2662 4214">
     <span class='ocr_line' id='line_1_87' title="bbox 1838 4141 2662 4214; baseline -0.007 -16"><span class='ocrx_word' id='word_1_630' title='bbox 1838 4152 1892 4198; x_wconf 89' lang='lat' dir='ltr'><strong>et</strong></span> <span class='ocrx_word' id='word_1_631' title='bbox 1920 4143 2087 4214; x_wconf 84' lang='lat' dir='ltr'><strong>gloria</strong></span> <span class='ocrx_word' id='word_1_632' title='bbox 2109 4157 2139 4195; x_wconf 89' lang='lat' dir='ltr'><strong>a</strong></span> <span class='ocrx_word' id='word_1_633' title='bbox 2165 4142 2274 4195; x_wconf 90' lang='lat' dir='ltr'><strong>Deo</strong></span> <span class='ocrx_word' id='word_1_634' title='bbox 2309 4141 2662 4210; x_wconf 87' lang='lat' dir='ltr'><strong>dissipantur.</strong></span> 
     </span>
    </p>
   </div>
   <div class='ocr_carea' id='block_1_88' title="bbox 1913 4283 3405 4357">
    <p class='ocr_par' dir='ltr' id='par_1_88' title="bbox 1913 4283 3405 4357">
     <span class='ocr_line' id='line_1_88' title="bbox 1913 4283 3405 4357; baseline -0.011 -7"><span class='ocrx_word' id='word_1_635' title='bbox 1913 4296 2022 4351; x_wconf 92' lang='lat' dir='ltr'><strong>Cur</strong></span> <span class='ocrx_word' id='word_1_636' title='bbox 2047 4311 2114 4350; x_wconf 83' lang='lat' dir='ltr'><strong>ex</strong></span> <span class='ocrx_word' id='word_1_637' title='bbox 2161 4294 2312 4357; x_wconf 89' lang='lat' dir='ltr'><strong>Sion,</strong></span> <span class='ocrx_word' id='word_1_638' title='bbox 2337 4302 2392 4347; x_wconf 89' lang='lat' dir='ltr'><strong>et</strong></span> <span class='ocrx_word' id='word_1_639' title='bbox 2431 4307 2541 4346; x_wconf 90' lang='lat' dir='ltr'><strong>non</strong></span> <span class='ocrx_word' id='word_1_640' title='bbox 2579 4306 2609 4344; x_wconf 86' lang='lat' dir='ltr'><strong>a</strong></span> <span class='ocrx_word' id='word_1_641' title='bbox 2646 4291 2806 4354; x_wconf 65' lang='lat' dir='ltr'><strong>caelo,</strong></span> <span class='ocrx_word' id='word_1_642' title='bbox 2840 4304 2951 4342; x_wconf 91' lang='lat' dir='ltr'><strong>non</strong></span> <span class='ocrx_word' id='word_1_643' title='bbox 2982 4302 3012 4340; x_wconf 89' lang='lat' dir='ltr'><strong>a</strong></span> <span class='ocrx_word' id='word_1_644' title='bbox 3043 4283 3267 4353; x_wconf 88' lang='lat' dir='ltr'><strong>templo,</strong></span> <span class='ocrx_word' id='word_1_645' title='bbox 3292 4294 3405 4335; x_wconf 74' lang='lat' dir='ltr'><strong>non</strong></span> 
     </span>
    </p>
   </div>
   <div class='ocr_carea' id='block_1_89' title="bbox 1842 4378 3406 4453">
    <p class='ocr_par' dir='ltr' id='par_1_89' title="bbox 1842 4378 3406 4453">
     <span class='ocr_line' id='line_1_89' title="bbox 1842 4378 3406 4453; baseline -0.013 -7"><span class='ocrx_word' id='word_1_646' title='bbox 1842 4392 1908 4446; x_wconf 90' lang='lat' dir='ltr'><strong>ab</strong></span> <span class='ocrx_word' id='word_1_647' title='bbox 1937 4406 2077 4451; x_wconf 89' lang='lat' dir='ltr'><strong>arca,</strong></span> <span class='ocrx_word' id='word_1_648' title='bbox 2127 4404 2234 4440; x_wconf 87' lang='lat' dir='ltr'><strong>non</strong></span> <span class='ocrx_word' id='word_1_649' title='bbox 2269 4403 2298 4439; x_wconf 87' lang='lat' dir='ltr'><strong>a</strong></span> <span class='ocrx_word' id='word_1_650' title='bbox 2335 4384 2537 4439; x_wconf 84' lang='lat' dir='ltr'><strong>sanctis</strong></span> <span class='ocrx_word' id='word_1_651' title='bbox 2573 4384 2835 4453; x_wconf 88' lang='lat' dir='ltr'><strong>propheta</strong></span> <span class='ocrx_word' id='word_1_652' title='bbox 2876 4380 3108 4435; x_wconf 83' lang='lat' dir='ltr'><strong>salutare</strong></span> <span class='ocrx_word' id='word_1_653' title='bbox 3147 4378 3406 4444; x_wconf 85' lang='lat' dir='ltr'><strong>depreca-</strong></span> 
     </span>
    </p>
   </div>
   <div class='ocr_carea' id='block_1_90' title="bbox 178 4468 1723 4581">
    <p class='ocr_par' dir='ltr' id='par_1_90' title="bbox 178 4468 1723 4564">
     <span class='ocr_line' id='line_1_90' title="bbox 178 4468 1723 4564; baseline 0.001 -18"><span class='ocrx_word' id='word_1_654' title='bbox 178 4494 283 4546; x_wconf 82' lang='grc' dir='ltr'>τῶν</span> <span class='ocrx_word' id='word_1_655' title='bbox 310 4492 483 4559; x_wconf 85' lang='grc' dir='ltr'>ἁγίων</span> <span class='ocrx_word' id='word_1_656' title='bbox 501 4492 528 4543; x_wconf 92' lang='lat'><strong>6</strong></span> <span class='ocrx_word' id='word_1_657' title='bbox 548 4492 837 4563; x_wconf 70' lang='grc' dir='ltr'>Προφήτης</span> <span class='ocrx_word' id='word_1_658' title='bbox 853 4492 913 4545; x_wconf 74' lang='grc' dir='ltr'>τὸ</span> <span class='ocrx_word' id='word_1_659' title='bbox 928 4468 1192 4564; x_wconf 83' lang='grc' dir='ltr'>σωτήριον</span> <span class='ocrx_word' id='word_1_660' title='bbox 1219 4493 1437 4564; x_wconf 77' lang='grc' dir='ltr'>εὔχεται</span> <span class='ocrx_word' id='word_1_661' title='bbox 1462 4512 1477 4561; x_wconf 88' lang='grc'><strong>;</strong></span> <span class='ocrx_word' id='word_1_662' title='bbox 1519 4494 1723 4548; x_wconf 70' lang='grc' dir='ltr'>Ἐπειδὶ</span> 
     </span>
    </p>
   </div>
   <div class='ocr_carea' id='block_1_91' title="bbox 1830 4468 3405 4581">
    <p class='ocr_par' dir='ltr' id='par_1_91' title="bbox 1842 4468 3405 4581">
     <span class='ocr_line' id='line_1_91' title="bbox 1846 4468 3405 4548; baseline -0.012 -11"><span class='ocrx_word' id='word_1_663' title='bbox 1846 4483 1968 4539; x_wconf 87' lang='lat' dir='ltr'><strong>tur?</strong></span> <span class='ocrx_word' id='word_1_664' title='bbox 2007 4482 2141 4548; x_wconf 87' lang='lat' dir='ltr'><strong>Quia</strong></span> <span class='ocrx_word' id='word_1_665' title='bbox 2179 4479 2435 4533; x_wconf 87' lang='lat' dir='ltr'><strong>nimirum</strong></span> <span class='ocrx_word' id='word_1_666' title='bbox 2479 4476 2587 4529; x_wconf 89' lang='lat' dir='ltr'><strong>illic</strong></span> <span class='ocrx_word' id='word_1_667' title='bbox 2627 4477 2907 4543; x_wconf 87' lang='lat' dir='ltr'><strong>antiquam</strong></span> <span class='ocrx_word' id='word_1_668' title='bbox 2954 4471 3112 4525; x_wconf 90' lang='lat' dir='ltr'><strong>nobis</strong></span> <span class='ocrx_word' id='word_1_669' title='bbox 3154 4468 3405 4522; x_wconf 83' lang='lat' dir='ltr'><strong>Christus</strong></span> 
     </span>
     <span class='ocr_line' id='line_1_92' title="bbox 1842 4554 3404 4581; baseline 0 0"><span class='ocrx_word' id='word_1_670' title='bbox 1842 4576 1854 4581; x_wconf 85' lang='lat'><strong>-</strong></span> <span class='ocrx_word' id='word_1_671' title='bbox 1968 4574 1979 4581; x_wconf 87' lang='lat'><strong>.</strong></span> <span class='ocrx_word' id='word_1_672' title='bbox 2073 4573 2082 4581; x_wconf 88' lang='lat'><strong>.</strong></span> <span class='ocrx_word' id='word_1_673' title='bbox 2280 4579 2286 4581; x_wconf 31' lang='grc' dir='ltr'><em>Α</em></span> <span class='ocrx_word' id='word_1_674' title='bbox 2376 4568 2407 4581; x_wconf 75' lang='grc' dir='ltr'><strong>ν</strong></span> <span class='ocrx_word' id='word_1_675' title='bbox 2434 4568 2487 4581; x_wconf 72' lang='grc' dir='ltr'>ι..</span> <span class='ocrx_word' id='word_1_676' title='bbox 2542 4566 2579 4581; x_wconf 76' lang='grc' dir='ltr'><strong>Λ</strong></span> <span class='ocrx_word' id='word_1_677' title='bbox 2674 4566 2687 4581; x_wconf 73' lang='grc' dir='ltr'><strong>ι</strong></span> <span class='ocrx_word' id='word_1_678' title='bbox 2762 4566 2793 4581; x_wconf 72' lang='grc' dir='ltr'>,ι</span> <span class='ocrx_word' id='word_1_679' title='bbox 2890 4580 2899 4581; x_wconf 57' lang='lat'><strong><em>,</em></strong></span> <span class='ocrx_word' id='word_1_680' title='bbox 2934 4560 3207 4581; x_wconf 65' lang='lat'><strong>--_|-2___._.:.</strong></span> <span class='ocrx_word' id='word_1_681' title='bbox 3236 4575 3249 4581; x_wconf 77' lang='lat'><strong>-</strong></span> <span class='ocrx_word' id='word_1_682' title='bbox 3277 4554 3404 4581; x_wconf 64' lang='lat'><strong>1&quot;-..—</strong></span> 
     </span>
    </p>
   </div>
   <div class='ocr_carea' id='block_1_92' title="bbox 178 4584 1730 4657">
    <p class='ocr_par' dir='ltr' id='par_1_92' title="bbox 178 4584 1730 4657">
     <span class='ocr_line' id='line_1_93' title="bbox 178 4584 1730 4657; baseline 0.001 -19"><span class='ocrx_word' id='word_1_683' title='bbox 178 4588 292 4638; x_wconf 84' lang='grc' dir='ltr'><strong>ὲκεί</strong></span> <span class='ocrx_word' id='word_1_684' title='bbox 315 4586 446 4655; x_wconf 78' lang='grc' dir='ltr'>ἡμῖν</span> <span class='ocrx_word' id='word_1_685' title='bbox 463 4584 737 4637; x_wconf 81' lang='grc' dir='ltr'>ἀπέδωσεν</span> <span class='ocrx_word' id='word_1_686' title='bbox 762 4587 789 4638; x_wconf 92' lang='lat'><strong>6</strong></span> <span class='ocrx_word' id='word_1_687' title='bbox 815 4586 1047 4655; x_wconf 82' lang='grc' dir='ltr'>Χριστὸς</span> <span class='ocrx_word' id='word_1_688' title='bbox 1076 4586 1136 4639; x_wconf 80' lang='grc' dir='ltr'>τὸ</span> <span class='ocrx_word' id='word_1_689' title='bbox 1164 4586 1388 4657; x_wconf 82' lang='grc' dir='ltr'>ἀρχαῖον</span> <span class='ocrx_word' id='word_1_690' title='bbox 1409 4586 1626 4657; x_wconf 78' lang='grc' dir='ltr'>ὲμφύση</span> <span class='ocrx_word' id='word_1_691' title='bbox 1636 4604 1730 4656; x_wconf 89' lang='grc' dir='ltr'><strong>μα.</strong></span> 
     </span>
    </p>
   </div>
   <div class='ocr_carea' id='block_1_93' title="bbox 176 4673 1740 4746">
    <p class='ocr_par' dir='ltr' id='par_1_93' title="bbox 176 4673 1740 4746">
     <span class='ocr_line' id='line_1_94' title="bbox 176 4673 1740 4746; baseline 0 -17"><span class='ocrx_word' id='word_1_692' title='bbox 176 4678 357 4746; x_wconf 88' lang='grc' dir='ltr'>Ὅπερ</span> <span class='ocrx_word' id='word_1_693' title='bbox 411 4673 570 4744; x_wconf 81' lang='grc' dir='ltr'>δῆλον</span> <span class='ocrx_word' id='word_1_694' title='bbox 604 4674 883 4745; x_wconf 76' lang='grc' dir='ltr'>ἐπήγαγεν</span> <span class='ocrx_word' id='word_1_695' title='bbox 910 4692 926 4707; x_wconf 70' lang='grc' dir='ltr'><strong><em>υ</em></strong></span> <span class='ocrx_word' id='word_1_696' title='bbox 967 4676 1069 4730; x_wconf 85' lang='grc' dir='ltr'>Ἐν</span> <span class='ocrx_word' id='word_1_697' title='bbox 1100 4674 1179 4740; x_wconf 84' lang='grc' dir='ltr'>τῷ</span> <span class='ocrx_word' id='word_1_698' title='bbox 1223 4676 1579 4745; x_wconf 75' lang='grc' dir='ltr'>ἐπιστρέψαι</span> <span class='ocrx_word' id='word_1_699' title='bbox 1620 4676 1740 4729; x_wconf 85' lang='grc' dir='ltr'><strong>Κύ-</strong></span> 
     </span>
    </p>
   </div>
   <div class='ocr_carea' id='block_1_94' title="bbox 165 4787 328 4840">
    <p class='ocr_par' dir='ltr' id='par_1_94' title="bbox 165 4787 328 4840">
     <span class='ocr_line' id='line_1_95' title="bbox 165 4787 328 4840; baseline 0.012 -16"><span class='ocrx_word' id='word_1_700' title='bbox 165 4787 328 4840; x_wconf 72' lang='lat' dir='ltr'><strong>pter.</strong></span> 
     </span>
    </p>
   </div>
   <div class='ocr_carea' id='block_1_95' title="bbox 258 4852 1744 4935">
    <p class='ocr_par' dir='ltr' id='par_1_95' title="bbox 258 4852 1744 4935">
     <span class='ocr_line' id='line_1_96' title="bbox 258 4852 1744 4935; baseline -0.007 -18"><span class='ocrx_word' id='word_1_701' title='bbox 258 4863 707 4935; x_wconf 84' lang='grc' dir='ltr'>ᾘχμαλώτευσεν</span> <span class='ocrx_word' id='word_1_702' title='bbox 742 4861 851 4930; x_wconf 80' lang='grc' dir='ltr'><strong>γὰρ</strong></span> <span class='ocrx_word' id='word_1_703' title='bbox 895 4858 1053 4929; x_wconf 82' lang='grc' dir='ltr'>ἡμῶν</span> <span class='ocrx_word' id='word_1_704' title='bbox 1095 4861 1123 4911; x_wconf 90' lang='lat'><strong>6</strong></span> <span class='ocrx_word' id='word_1_705' title='bbox 1152 4858 1392 4920; x_wconf 83' lang='grc' dir='ltr'>Σατανᾶς</span> <span class='ocrx_word' id='word_1_706' title='bbox 1416 4856 1484 4909; x_wconf 81' lang='grc' dir='ltr'><strong>δι’</strong></span> <span class='ocrx_word' id='word_1_707' title='bbox 1525 4852 1744 4923; x_wconf 77' lang='grc' dir='ltr'>ἀπάτης</span> 
     </span>
    </p>
   </div>
   <div class='ocr_carea' id='block_1_96' title="bbox 176 4946 1746 5027">
    <p class='ocr_par' dir='ltr' id='par_1_96' title="bbox 176 4946 1746 5027">
     <span class='ocr_line' id='line_1_97' title="bbox 176 4946 1746 5027; baseline -0.006 -20"><span class='ocrx_word' id='word_1_708' title='bbox 176 4956 275 5027; x_wconf 83' lang='grc' dir='ltr'>τὴν</span> <span class='ocrx_word' id='word_1_709' title='bbox 306 4955 590 5009; x_wconf 79' lang='grc' dir='ltr'>κοινωνίαν</span> <span class='ocrx_word' id='word_1_710' title='bbox 620 4953 712 5006; x_wconf 85' lang='grc' dir='ltr'><strong>τοῦ</strong></span> <span class='ocrx_word' id='word_1_711' title='bbox 746 4951 1062 5022; x_wconf 83' lang='grc' dir='ltr'>Πνεύματος</span> <span class='ocrx_word' id='word_1_712' title='bbox 1095 4966 1108 4980; x_wconf 89' lang='grc'><strong>·</strong></span> <span class='ocrx_word' id='word_1_713' title='bbox 1133 4949 1249 5003; x_wconf 76' lang='grc' dir='ltr'>ἀλλ’</span> <span class='ocrx_word' id='word_1_714' title='bbox 1278 4951 1305 5002; x_wconf 95' lang='lat'><strong>6</strong></span> <span class='ocrx_word' id='word_1_715' title='bbox 1325 4949 1559 5017; x_wconf 76' lang='grc' dir='ltr'>Χριστὸς</span> <span class='ocrx_word' id='word_1_716' title='bbox 1576 4946 1746 5017; x_wconf 81' lang='grc' dir='ltr'>αὐτὴν</span> 
     </span>
    </p>
   </div>
   <div class='ocr_carea' id='block_1_97' title="bbox 179 5038 1748 5119">
    <p class='ocr_par' dir='ltr' id='par_1_97' title="bbox 179 5038 1748 5119">
     <span class='ocr_line' id='line_1_98' title="bbox 179 5038 1748 5119; baseline -0.007 -20"><span class='ocrx_word' id='word_1_717' title='bbox 179 5049 237 5099; x_wconf 77' lang='grc' dir='ltr'>ἐν</span> <span class='ocrx_word' id='word_1_718' title='bbox 261 5050 329 5119; x_wconf 82' lang='grc' dir='ltr'>τῇ</span> <span class='ocrx_word' id='word_1_719' title='bbox 357 5046 494 5099; x_wconf 83' lang='grc' dir='ltr'>Σιὼν</span> <span class='ocrx_word' id='word_1_720' title='bbox 526 5046 771 5099; x_wconf 78' lang='grc' dir='ltr'>ἀπέδωκε</span> <span class='ocrx_word' id='word_1_721' title='bbox 799 5043 889 5096; x_wconf 81' lang='grc' dir='ltr'>διὰ</span> <span class='ocrx_word' id='word_1_722' title='bbox 908 5043 1000 5095; x_wconf 83' lang='grc' dir='ltr'><strong>τοῦ</strong></span> <span class='ocrx_word' id='word_1_723' title='bbox 1036 5042 1143 5095; x_wconf 80' lang='grc' dir='ltr'>τῶν</span> <span class='ocrx_word' id='word_1_724' title='bbox 1174 5039 1481 5093; x_wconf 82' lang='grc' dir='ltr'>ἀποστόλων</span> <span class='ocrx_word' id='word_1_725' title='bbox 1503 5038 1748 5108; x_wconf 78' lang='grc' dir='ltr'>ἐμφυσή-</span> 
     </span>
    </p>
   </div>
   <div class='ocr_carea' id='block_1_98' title="bbox 186 5132 1744 5211">
    <p class='ocr_par' dir='ltr' id='par_1_98' title="bbox 186 5132 1744 5211">
     <span class='ocr_line' id='line_1_99' title="bbox 186 5132 1744 5211; baseline -0.01 -18"><span class='ocrx_word' id='word_1_726' title='bbox 186 5158 374 5211; x_wconf 85' lang='grc' dir='ltr'>ματος.</span> <span class='ocrx_word' id='word_1_727' title='bbox 418 5140 514 5191; x_wconf 82' lang='grc' dir='ltr'>Διά</span> <span class='ocrx_word' id='word_1_728' title='bbox 548 5140 601 5191; x_wconf 86' lang='grc' dir='ltr'><strong>τί</strong></span> <span class='ocrx_word' id='word_1_729' title='bbox 646 5138 701 5190; x_wconf 79' lang='grc' dir='ltr'>δὲ</span> <span class='ocrx_word' id='word_1_730' title='bbox 748 5135 941 5189; x_wconf 86' lang='grc' dir='ltr'>Ἰακὼϐ</span> <span class='ocrx_word' id='word_1_731' title='bbox 971 5174 985 5198; x_wconf 89' lang='grc'><strong>,</strong></span> <span class='ocrx_word' id='word_1_732' title='bbox 1024 5133 1412 5202; x_wconf 84' lang='grc' dir='ltr'>ἁγαλλιάσεται</span> <span class='ocrx_word' id='word_1_733' title='bbox 1458 5132 1744 5201; x_wconf 87' lang='grc' dir='ltr'>πρότερον,</span> 
     </span>
    </p>
   </div>
   <div class='ocr_carea' id='block_1_99' title="bbox 185 5220 1745 5301">
    <p class='ocr_par' dir='ltr' id='par_1_99' title="bbox 185 5220 1745 5301">
     <span class='ocr_line' id='line_1_100' title="bbox 185 5220 1745 5301; baseline -0.008 -18"><span class='ocrx_word' id='word_1_734' title='bbox 185 5232 279 5285; x_wconf 67' lang='grc' dir='ltr'>καὶ</span> <span class='ocrx_word' id='word_1_735' title='bbox 304 5233 425 5284; x_wconf 81' lang='grc' dir='ltr'>τότε</span> <span class='ocrx_word' id='word_1_736' title='bbox 460 5229 673 5301; x_wconf 78' lang='grc' dir='ltr'>Ἰσραὴλ</span> <span class='ocrx_word' id='word_1_737' title='bbox 706 5227 1160 5297; x_wconf 77' lang='grc' dir='ltr'>εὐφρανθήσεται,</span> <span class='ocrx_word' id='word_1_738' title='bbox 1194 5224 1310 5285; x_wconf 81' lang='grc' dir='ltr'>ἐνὸς</span> <span class='ocrx_word' id='word_1_739' title='bbox 1334 5222 1523 5285; x_wconf 79' lang='grc' dir='ltr'>δντος;</span> <span class='ocrx_word' id='word_1_740' title='bbox 1562 5220 1745 5272; x_wconf 82' lang='grc' dir='ltr'>Ἐπει-</span> 
     </span>
    </p>
   </div>
   <div class='ocr_carea' id='block_1_100' title="bbox 184 5306 1745 5393">
    <p class='ocr_par' dir='ltr' id='par_1_100' title="bbox 184 5306 1745 5393">
     <span class='ocr_line' id='line_1_101' title="bbox 184 5306 1745 5393; baseline -0.011 -18"><span class='ocrx_word' id='word_1_741' title='bbox 184 5321 248 5393; x_wconf 82' lang='grc' dir='ltr'>δὴ</span> <span class='ocrx_word' id='word_1_742' title='bbox 307 5319 501 5374; x_wconf 82' lang='grc' dir='ltr'>Ἰακὼϐ</span> <span class='ocrx_word' id='word_1_743' title='bbox 549 5317 911 5386; x_wconf 81' lang='grc' dir='ltr'>πτερνιστὴς</span> <span class='ocrx_word' id='word_1_744' title='bbox 973 5313 1369 5385; x_wconf 81' lang='grc' dir='ltr'>ἑρμηνεύεται,</span> <span class='ocrx_word' id='word_1_745' title='bbox 1418 5307 1634 5379; x_wconf 87' lang='grc' dir='ltr'>Ἰσραὴλ</span> <span class='ocrx_word' id='word_1_746' title='bbox 1688 5306 1745 5359; x_wconf 84' lang='grc' dir='ltr'>δὲ</span> 
     </span>
    </p>
   </div>
   <div class='ocr_carea' id='block_1_101' title="bbox 186 5400 1744 5480">
    <p class='ocr_par' dir='ltr' id='par_1_101' title="bbox 186 5400 1744 5480">
     <span class='ocr_line' id='line_1_102' title="bbox 186 5400 1744 5480; baseline -0.01 -13"><span class='ocrx_word' id='word_1_747' title='bbox 186 5413 333 5478; x_wconf 84' lang='grc' dir='ltr'>νοῦς</span> <span class='ocrx_word' id='word_1_748' title='bbox 360 5411 513 5480; x_wconf 78' lang='grc' dir='ltr'>ὁρῶν</span> <span class='ocrx_word' id='word_1_749' title='bbox 543 5412 707 5464; x_wconf 84' lang='grc' dir='ltr'>Θεόν.</span> <span class='ocrx_word' id='word_1_750' title='bbox 738 5408 1028 5479; x_wconf 77' lang='grc' dir='ltr'>Χρῄζομεν</span> <span class='ocrx_word' id='word_1_751' title='bbox 1067 5408 1123 5460; x_wconf 86' lang='grc' dir='ltr'>δὲ</span> <span class='ocrx_word' id='word_1_752' title='bbox 1152 5403 1470 5474; x_wconf 68' lang='grc' dir='ltr'>πτερνισταὶ</span> <span class='ocrx_word' id='word_1_753' title='bbox 1492 5400 1744 5470; x_wconf 86' lang='grc' dir='ltr'>γενέσθαι</span> 
     </span>
    </p>
   </div>
   <div class='ocr_carea' id='block_1_102' title="bbox 190 5491 1752 5576">
    <p class='ocr_par' dir='ltr' id='par_1_102' title="bbox 190 5491 1752 5576">
     <span class='ocr_line' id='line_1_103' title="bbox 190 5491 1752 5576; baseline -0.011 -16"><span class='ocrx_word' id='word_1_754' title='bbox 190 5507 453 5576; x_wconf 87' lang='grc' dir='ltr'>πρότερον</span> <span class='ocrx_word' id='word_1_755' title='bbox 478 5544 493 5565; x_wconf 93' lang='grc'><strong>,</strong></span> <span class='ocrx_word' id='word_1_756' title='bbox 524 5503 770 5557; x_wconf 85' lang='grc' dir='ltr'>τουτέστι</span> <span class='ocrx_word' id='word_1_757' title='bbox 798 5499 1040 5553; x_wconf 85' lang='grc' dir='ltr'>διαϐόλου</span> <span class='ocrx_word' id='word_1_758' title='bbox 1065 5538 1080 5561; x_wconf 89' lang='grc'><strong>,</strong></span> <span class='ocrx_word' id='word_1_759' title='bbox 1110 5500 1204 5551; x_wconf 77' lang='grc' dir='ltr'>καὶ</span> <span class='ocrx_word' id='word_1_760' title='bbox 1252 5495 1375 5549; x_wconf 87' lang='grc' dir='ltr'>τότε</span> <span class='ocrx_word' id='word_1_761' title='bbox 1427 5495 1585 5565; x_wconf 75' lang='grc' dir='ltr'>ἡμῶν</span> <span class='ocrx_word' id='word_1_762' title='bbox 1618 5495 1645 5545; x_wconf 89' lang='lat'><strong>6</strong></span> <span class='ocrx_word' id='word_1_763' title='bbox 1672 5491 1752 5542; x_wconf 84' lang='grc' dir='ltr'>δι-</span> 
     </span>
    </p>
   </div>
   <div class='ocr_carea' id='block_1_103' title="bbox 191 5580 1751 5667">
    <p class='ocr_par' dir='ltr' id='par_1_103' title="bbox 191 5580 1751 5667">
     <span class='ocr_line' id='line_1_104' title="bbox 191 5580 1751 5667; baseline -0.012 -16"><span class='ocrx_word' id='word_1_764' title='bbox 191 5595 462 5667; x_wconf 83' lang='grc' dir='ltr'>ωρατικὸς</span> <span class='ocrx_word' id='word_1_765' title='bbox 491 5593 615 5656; x_wconf 84' lang='grc' dir='ltr'>νοῦς</span> <span class='ocrx_word' id='word_1_766' title='bbox 634 5594 698 5662; x_wconf 82' lang='grc' dir='ltr'>τῇ</span> <span class='ocrx_word' id='word_1_767' title='bbox 728 5591 870 5645; x_wconf 86' lang='grc' dir='ltr'><strong>κατά</strong></span> <span class='ocrx_word' id='word_1_768' title='bbox 886 5588 983 5660; x_wconf 86' lang='grc' dir='ltr'>τὴν</span> <span class='ocrx_word' id='word_1_769' title='bbox 1010 5588 1239 5656; x_wconf 79' lang='grc' dir='ltr'>δύναμιν</span> <span class='ocrx_word' id='word_1_770' title='bbox 1261 5585 1355 5639; x_wconf 84' lang='grc' dir='ltr'><strong>τοῦ</strong></span> <span class='ocrx_word' id='word_1_771' title='bbox 1383 5582 1520 5637; x_wconf 83' lang='grc' dir='ltr'>Θεοῦ</span> <span class='ocrx_word' id='word_1_772' title='bbox 1549 5580 1751 5651; x_wconf 76' lang='grc' dir='ltr'>θεωρία</span> 
     </span>
    </p>
   </div>
   <div class='ocr_carea' id='block_1_104' title="bbox 192 5686 561 5757">
    <p class='ocr_par' dir='ltr' id='par_1_104' title="bbox 192 5686 561 5757">
     <span class='ocr_line' id='line_1_105' title="bbox 192 5686 561 5757; baseline -0.014 -15"><span class='ocrx_word' id='word_1_773' title='bbox 192 5686 561 5757; x_wconf 79' lang='grc' dir='ltr'>εὐφραίνεται.</span> 
     </span>
    </p>
   </div>
   <div class='ocr_carea' id='block_1_105' title="bbox 268 5792 1237 5868">
    <p class='ocr_par' dir='ltr' id='par_1_105' title="bbox 268 5792 1237 5868">
     <span class='ocr_line' id='line_1_106' title="bbox 268 5792 1237 5868; baseline -0.017 -8"><span class='ocrx_word' id='word_1_774' title='bbox 268 5806 308 5837; x_wconf 76' lang='grc' dir='ltr'><strong>’τ</strong></span> <span class='ocrx_word' id='word_1_775' title='bbox 336 5803 490 5859; x_wconf 81' lang='lat' dir='ltr'><strong>Joau.</strong></span> <span class='ocrx_word' id='word_1_776' title='bbox 518 5819 592 5868; x_wconf 76' lang='lat' dir='ltr'><strong>x1,</strong></span> <span class='ocrx_word' id='word_1_777' title='bbox 624 5801 691 5856; x_wconf 62' lang='grc'><strong>48</strong></span> <span class='ocrx_word' id='word_1_778' title='bbox 786 5799 830 5831; x_wconf 86' lang='grc'><strong>¹⁶</strong></span> <span class='ocrx_word' id='word_1_779' title='bbox 855 5797 1009 5853; x_wconf 81' lang='lat' dir='ltr'><strong>Joan.</strong></span> <span class='ocrx_word' id='word_1_780' title='bbox 1035 5810 1121 5858; x_wconf 85' lang='lat' dir='ltr'><strong>xx,</strong></span> <span class='ocrx_word' id='word_1_781' title='bbox 1147 5792 1237 5845; x_wconf 70' lang='lat'><strong>22.</strong></span> 
     </span>
    </p>
   </div>
   <div class='ocr_carea' id='block_1_106' title="bbox 1841 4554 3406 4644">
    <p class='ocr_par' dir='ltr' id='par_1_106' title="bbox 1841 4554 3406 4644">
     <span class='ocr_line' id='line_1_107' title="bbox 1841 4554 3406 4644; baseline -0.013 -15"><span class='ocrx_word' id='word_1_782' title='bbox 1841 4573 2248 4644; x_wconf 89' lang='lat' dir='ltr'><strong>inspirationem</strong></span> <span class='ocrx_word' id='word_1_783' title='bbox 2276 4568 2516 4624; x_wconf 86' lang='lat' dir='ltr'><strong>tradidit.</strong></span> <span class='ocrx_word' id='word_1_784' title='bbox 2538 4566 2690 4633; x_wconf 85' lang='lat' dir='ltr'><strong>Quod</strong></span> <span class='ocrx_word' id='word_1_785' title='bbox 2719 4566 2909 4635; x_wconf 89' lang='lat' dir='ltr'><strong>utique</strong></span> <span class='ocrx_word' id='word_1_786' title='bbox 2929 4560 3212 4631; x_wconf 88' lang='lat' dir='ltr'><strong>subjunxit</strong></span> <span class='ocrx_word' id='word_1_787' title='bbox 3236 4575 3250 4612; x_wconf 90' lang='lat'><strong>:</strong></span> <span class='ocrx_word' id='word_1_788' title='bbox 3276 4554 3406 4612; x_wconf 81' lang='lat' dir='ltr'><strong>Cum</strong></span> 
     </span>
    </p>
   </div>
   <div class='ocr_carea' id='block_1_107' title="bbox 1844 4662 2453 4721">
    <p class='ocr_par' dir='ltr' id='par_1_107' title="bbox 1844 4662 2453 4721">
     <span class='ocr_line' id='line_1_108' title="bbox 1844 4662 2453 4721; baseline -0.011 -1"><span class='ocrx_word' id='word_1_789' title='bbox 1844 4664 2146 4721; x_wconf 84' lang='lat' dir='ltr'><strong>converterit</strong></span> <span class='ocrx_word' id='word_1_790' title='bbox 2177 4662 2453 4715; x_wconf 87' lang='lat' dir='ltr'><strong>Dominus.</strong></span> 
     </span>
    </p>
   </div>
   <div class='ocr_carea' id='block_1_108' title="bbox 1912 4826 3410 4903">
    <p class='ocr_par' dir='ltr' id='par_1_108' title="bbox 1912 4826 3410 4903">
     <span class='ocr_line' id='line_1_109' title="bbox 1912 4826 3410 4903; baseline -0.01 -9"><span class='ocrx_word' id='word_1_791' title='bbox 1912 4840 2137 4896; x_wconf 88' lang='lat' dir='ltr'><strong>Satanas</strong></span> <span class='ocrx_word' id='word_1_792' title='bbox 2180 4835 2434 4890; x_wconf 88' lang='lat' dir='ltr'><strong>nimirum</strong></span> <span class='ocrx_word' id='word_1_793' title='bbox 2473 4850 2568 4903; x_wconf 89' lang='lat' dir='ltr'><strong>per</strong></span> <span class='ocrx_word' id='word_1_794' title='bbox 2619 4830 2997 4899; x_wconf 88' lang='lat' dir='ltr'><strong>deceptionem</strong></span> <span class='ocrx_word' id='word_1_795' title='bbox 3042 4826 3410 4896; x_wconf 90' lang='lat' dir='ltr'><strong>captivaverat</strong></span> 
     </span>
    </p>
   </div>
   <div class='ocr_carea' id='block_1_109' title="bbox 1845 4919 3412 5000">
    <p class='ocr_par' dir='ltr' id='par_1_109' title="bbox 1845 4919 3412 5000">
     <span class='ocr_line' id='line_1_110' title="bbox 1845 4919 3412 5000; baseline -0.012 -12"><span class='ocrx_word' id='word_1_796' title='bbox 1845 4941 2088 4989; x_wconf 87' lang='lat' dir='ltr'><strong>nostram</strong></span> <span class='ocrx_word' id='word_1_797' title='bbox 2112 4930 2345 5000; x_wconf 87' lang='lat' dir='ltr'><strong>Spiritus</strong></span> <span class='ocrx_word' id='word_1_798' title='bbox 2368 4926 2867 4999; x_wconf 86' lang='lat' dir='ltr'><strong>participationem;</strong></span> <span class='ocrx_word' id='word_1_799' title='bbox 2900 4922 2993 4975; x_wconf 89' lang='lat' dir='ltr'><strong>sed</strong></span> <span class='ocrx_word' id='word_1_800' title='bbox 3015 4919 3263 4973; x_wconf 84' lang='lat' dir='ltr'><strong>Christus</strong></span> <span class='ocrx_word' id='word_1_801' title='bbox 3292 4932 3412 4970; x_wconf 90' lang='lat' dir='ltr'><strong>eam</strong></span> 
     </span>
    </p>
   </div>
   <div class='ocr_carea' id='block_1_110' title="bbox 1846 5005 3410 5088">
    <p class='ocr_par' dir='ltr' id='par_1_110' title="bbox 1846 5005 3410 5088">
     <span class='ocr_line' id='line_1_111' title="bbox 1846 5005 3410 5088; baseline -0.012 -8"><span class='ocrx_word' id='word_1_802' title='bbox 1846 5025 1901 5080; x_wconf 91' lang='lat' dir='ltr'><strong>in</strong></span> <span class='ocrx_word' id='word_1_803' title='bbox 1966 5023 2097 5078; x_wconf 88' lang='lat' dir='ltr'><strong>Sion</strong></span> <span class='ocrx_word' id='word_1_804' title='bbox 2150 5021 2405 5083; x_wconf 86' lang='lat' dir='ltr'><strong>restituit,</strong></span> <span class='ocrx_word' id='word_1_805' title='bbox 2449 5017 2665 5088; x_wconf 88' lang='lat' dir='ltr'><strong>quando</strong></span> <span class='ocrx_word' id='word_1_806' title='bbox 2718 5013 2977 5085; x_wconf 82' lang='lat' dir='ltr'><strong>apostolis</strong></span> <span class='ocrx_word' id='word_1_807' title='bbox 3009 5008 3304 5065; x_wconf 76' lang='lat' dir='ltr'><strong>insutilavit</strong></span> <span class='ocrx_word' id='word_1_808' title='bbox 3342 5005 3410 5062; x_wconf 76' lang='lat'><strong>”.</strong></span> 
     </span>
    </p>
   </div>
   <div class='ocr_carea' id='block_1_111' title="bbox 1846 5099 3414 5182">
    <p class='ocr_par' dir='ltr' id='par_1_111' title="bbox 1846 5099 3414 5182">
     <span class='ocr_line' id='line_1_112' title="bbox 1846 5099 3414 5182; baseline -0.012 -12"><span class='ocrx_word' id='word_1_809' title='bbox 1846 5115 1955 5172; x_wconf 88' lang='lat' dir='ltr'><strong>Cur</strong></span> <span class='ocrx_word' id='word_1_810' title='bbox 1990 5124 2171 5169; x_wconf 90' lang='lat' dir='ltr'><strong>autem</strong></span> <span class='ocrx_word' id='word_1_811' title='bbox 2205 5113 2370 5169; x_wconf 83' lang='lat' dir='ltr'><strong>Jacob</strong></span> <span class='ocrx_word' id='word_1_812' title='bbox 2396 5112 2546 5182; x_wconf 84' lang='lat' dir='ltr'><strong>prior</strong></span> <span class='ocrx_word' id='word_1_813' title='bbox 2580 5108 2889 5167; x_wconf 85' lang='lat' dir='ltr'><strong>exsultabit,</strong></span> <span class='ocrx_word' id='word_1_814' title='bbox 2925 5120 2989 5159; x_wconf 91' lang='lat' dir='ltr'><strong>ac</strong></span> <span class='ocrx_word' id='word_1_815' title='bbox 3015 5103 3211 5157; x_wconf 89' lang='lat' dir='ltr'><strong>deinde</strong></span> <span class='ocrx_word' id='word_1_816' title='bbox 3251 5099 3414 5153; x_wconf 84' lang='lat' dir='ltr'><strong>Israel</strong></span> 
     </span>
    </p>
   </div>
   <div class='ocr_carea' id='block_1_112' title="bbox 1847 5190 3413 5270">
    <p class='ocr_par' dir='ltr' id='par_1_112' title="bbox 1847 5190 3413 5270">
     <span class='ocr_line' id='line_1_113' title="bbox 1847 5190 3413 5270; baseline -0.013 -9"><span class='ocrx_word' id='word_1_817' title='bbox 1847 5208 2136 5270; x_wconf 67' lang='lat' dir='ltr'><strong>laztabitur,</strong></span> <span class='ocrx_word' id='word_1_818' title='bbox 2192 5221 2316 5259; x_wconf 88' lang='lat' dir='ltr'><strong>cum</strong></span> <span class='ocrx_word' id='word_1_819' title='bbox 2345 5219 2488 5258; x_wconf 87' lang='lat' dir='ltr'><strong>unus</strong></span> <span class='ocrx_word' id='word_1_820' title='bbox 2537 5201 2788 5268; x_wconf 89' lang='lat' dir='ltr'><strong>idemque</strong></span> <span class='ocrx_word' id='word_1_821' title='bbox 2839 5197 2952 5251; x_wconf 89' lang='lat' dir='ltr'><strong>sit?</strong></span> <span class='ocrx_word' id='word_1_822' title='bbox 2990 5194 3125 5260; x_wconf 88' lang='lat' dir='ltr'><strong>Quia</strong></span> <span class='ocrx_word' id='word_1_823' title='bbox 3158 5190 3413 5245; x_wconf 87' lang='lat' dir='ltr'><strong>nimirum</strong></span> 
     </span>
    </p>
   </div>
   <div class='ocr_carea' id='block_1_113' title="bbox 1851 5286 3415 5368">
    <p class='ocr_par' dir='ltr' id='par_1_113' title="bbox 1851 5286 3415 5368">
     <span class='ocr_line' id='line_1_114' title="bbox 1851 5286 3415 5368; baseline -0.014 -13"><span class='ocrx_word' id='word_1_824' title='bbox 1851 5300 2016 5356; x_wconf 82' lang='lat' dir='ltr'><strong>Jacob</strong></span> <span class='ocrx_word' id='word_1_825' title='bbox 2044 5297 2407 5368; x_wconf 78' lang='lat' dir='ltr'><strong>supplantator</strong></span> <span class='ocrx_word' id='word_1_826' title='bbox 2440 5296 2826 5363; x_wconf 89' lang='lat' dir='ltr'><strong>interpretatur</strong></span> <span class='ocrx_word' id='word_1_827' title='bbox 2848 5330 2864 5354; x_wconf 92' lang='lat'><strong>,</strong></span> <span class='ocrx_word' id='word_1_828' title='bbox 2894 5286 3054 5341; x_wconf 87' lang='lat' dir='ltr'><strong>Israel</strong></span> <span class='ocrx_word' id='word_1_829' title='bbox 3096 5299 3226 5339; x_wconf 88' lang='lat' dir='ltr'><strong>vero</strong></span> <span class='ocrx_word' id='word_1_830' title='bbox 3272 5296 3415 5335; x_wconf 84' lang='lat' dir='ltr'><strong>mens</strong></span> 
     </span>
    </p>
   </div>
   <div class='ocr_carea' id='block_1_114' title="bbox 1859 5373 3415 5451">
    <p class='ocr_par' dir='ltr' id='par_1_114' title="bbox 1859 5373 3415 5451">
     <span class='ocr_line' id='line_1_115' title="bbox 1859 5373 3415 5451; baseline -0.015 -5"><span class='ocrx_word' id='word_1_831' title='bbox 1859 5392 2044 5447; x_wconf 83' lang='lat' dir='ltr'><strong>videns</strong></span> <span class='ocrx_word' id='word_1_832' title='bbox 2074 5389 2266 5443; x_wconf 86' lang='lat' dir='ltr'><strong>Deum.</strong></span> <span class='ocrx_word' id='word_1_833' title='bbox 2302 5387 2571 5442; x_wconf 89' lang='lat' dir='ltr'><strong>Debemus</strong></span> <span class='ocrx_word' id='word_1_834' title='bbox 2600 5382 2742 5437; x_wconf 91' lang='lat' dir='ltr'><strong>enim</strong></span> <span class='ocrx_word' id='word_1_835' title='bbox 2774 5382 2925 5451; x_wconf 90' lang='lat' dir='ltr'><strong>prius</strong></span> <span class='ocrx_word' id='word_1_836' title='bbox 2962 5377 3073 5431; x_wconf 82' lang='lat' dir='ltr'><strong>ﬁeri</strong></span> <span class='ocrx_word' id='word_1_837' title='bbox 3103 5373 3415 5443; x_wconf 82' lang='lat' dir='ltr'><strong>supplanta-</strong></span> 
     </span>
    </p>
   </div>
   <div class='ocr_carea' id='block_1_115' title="bbox 1859 5465 3418 5544">
    <p class='ocr_par' dir='ltr' id='par_1_115' title="bbox 1859 5465 3418 5544">
     <span class='ocr_line' id='line_1_116' title="bbox 1859 5465 3418 5544; baseline -0.017 -6"><span class='ocrx_word' id='word_1_838' title='bbox 1859 5494 2025 5544; x_wconf 89' lang='lat' dir='ltr'><strong>tores,</strong></span> <span class='ocrx_word' id='word_1_839' title='bbox 2073 5479 2276 5534; x_wconf 89' lang='lat' dir='ltr'><strong>scilicet</strong></span> <span class='ocrx_word' id='word_1_840' title='bbox 2326 5474 2563 5538; x_wconf 83' lang='lat' dir='ltr'><strong>diaboli;</strong></span> <span class='ocrx_word' id='word_1_841' title='bbox 2624 5487 2689 5525; x_wconf 90' lang='lat' dir='ltr'><strong>ac</strong></span> <span class='ocrx_word' id='word_1_842' title='bbox 2750 5479 2879 5525; x_wconf 83' lang='lat' dir='ltr'><strong>tunc</strong></span> <span class='ocrx_word' id='word_1_843' title='bbox 2926 5465 3209 5537; x_wconf 78' lang='lat' dir='ltr'><strong>perspicax</strong></span> <span class='ocrx_word' id='word_1_844' title='bbox 3260 5472 3418 5514; x_wconf 91' lang='lat' dir='ltr'><strong>mens</strong></span> 
     </span>
    </p>
   </div>
   <div class='ocr_carea' id='block_1_116' title="bbox 1857 5550 3419 5642">
    <p class='ocr_par' dir='ltr' id='par_1_116' title="bbox 1857 5550 3419 5642">
     <span class='ocr_line' id='line_1_117' title="bbox 1857 5550 3419 5642; baseline -0.015 -14"><span class='ocrx_word' id='word_1_845' title='bbox 1857 5581 2043 5628; x_wconf 88' lang='lat' dir='ltr'><strong>nostra</strong></span> <span class='ocrx_word' id='word_1_846' title='bbox 2100 5585 2197 5642; x_wconf 88' lang='lat' dir='ltr'><strong>pro</strong></span> <span class='ocrx_word' id='word_1_847' title='bbox 2239 5567 2443 5623; x_wconf 87' lang='lat' dir='ltr'><strong>viribus</strong></span> <span class='ocrx_word' id='word_1_848' title='bbox 2468 5564 2581 5618; x_wconf 92' lang='lat' dir='ltr'><strong>suis</strong></span> <span class='ocrx_word' id='word_1_849' title='bbox 2633 5561 2731 5616; x_wconf 90' lang='lat' dir='ltr'><strong>Dei</strong></span> <span class='ocrx_word' id='word_1_850' title='bbox 2770 5553 3228 5625; x_wconf 87' lang='lat' dir='ltr'><strong>contemplatione</strong></span> <span class='ocrx_word' id='word_1_851' title='bbox 3271 5550 3419 5606; x_wconf 67' lang='lat' dir='ltr'><strong>laeta-</strong></span> 
     </span>
    </p>
   </div>
   <div class='ocr_carea' id='block_1_117' title="bbox 1861 5679 1966 5721">
    <p class='ocr_par' dir='ltr' id='par_1_117' title="bbox 1861 5679 1966 5721">
     <span class='ocr_line' id='line_1_118' title="bbox 1861 5679 1966 5721; baseline 0 0"><span class='ocrx_word' id='word_1_852' title='bbox 1861 5679 1966 5721; x_wconf 89' lang='lat' dir='ltr'><strong>tur.</strong></span> 
     </span>
    </p>
   </div>
  </div>
