3962 6444
593 342 733 413 1211

1146 460 1458 518 PSALMUS
1484 462 1616 519 Llll.

676 572 841 630 Vens.
877 575 931 629 5.
975 593 993 626 t
1024 575 1185 638 Deus,
1218 577 1269 629 in
1305 578 1523 631 nomine
1556 587 1700 636 tuo.)

666 685 785 739 Non
809 693 1030 754 propter
1050 700 1213 754 opera
1240 701 1381 751 mea,
1406 686 1601 756 inquit,
1628 703 1804 757 neque
1828 689 1972 743 enim
2000 690 2162 745 ullius

598 779 756 848 pretii
789 779 947 848 digna
968 778 1162 842 habeo,
1201 793 1376 848 neque
1404 778 1474 834 ob
1497 790 1781 849 parentum
1816 782 2160 837 nobilitatem

598 869 757 939 (alius
778 870 922 924 enim
952 869 1114 922 alium
1144 883 1360 923 servare
1388 886 1494 923 non
1517 871 1738 940 potest),
1761 872 1855 927 sed
1876 875 1931 926 in
1954 874 2163 927 nomine

598 972 730 1025 tuo;
766 960 1026 1029 siquidem
1073 961 1188 1014 hsec
1249 961 1395 1015 salus
1433 973 1696 1031 perpetua
1736 972 1793 1017 et
1834 964 2162 1019 inviolabilis

596 1052 829 1106 exsistit.
864 1052 919 1104 Si
946 1052 1091 1105 enim
1136 1052 1382 1106 nonnulli
1424 1052 1478 1106 in
1519 1054 1759 1109 latrones
1787 1064 1879 1108 aut
1906 1055 2162 1110 barbaros

596 1143 915 1206 incidentes,
959 1152 1238 1212 postquam
1287 1144 1593 1213 principum
1644 1160 1841 1199 nomen
1892 1146 2161 1214 produxe-

596 1234 723 1295 rint,
766 1244 1018 1305 tanquam
1058 1235 1294 1305 ipsorum
1324 1236 1613 1290 familiares
1642 1238 1880 1306 pericula
1902 1240 2157 1303 evadunt,

594 1326 865 1392 quomodo
893 1342 997 1380 non
1034 1328 1205 1381 multo
1240 1329 1407 1398 magis
1434 1329 1488 1382 in
1527 1329 1750 1385 nomine
1774 1330 1869 1384 Dei
1903 1331 1971 1385 ab
1993 1331 2179 1386 omni--

595 1418 697 1473 bus
727 1420 1034 1475 daemonum
1071 1421 1283 1476 insidiis
1312 1422 1649 1476 liberemur?

662 1549 680 1581 ι
717 1532 784 1587 Et
814 1532 867 1587 in
900 1534 1102 1590 virtute
1133 1545 1222 1591 tua
1246 1538 1425 1604 judica
1456 1553 1564 1592 me.
1595 1557 1613 1589 ι

666 1643 936 1700 Judicium
974 1648 1140 1716 cupit,
1171 1663 1281 1702 non
1321 1665 1427 1719 quo
1455 1650 1901 1713 condemnemur,
1931 1650 2026 1705 sed
2054 1666 2160 1719 quo

592 1736 663 1790 ab
705 1752 1025 1806 oppressore
1067 1738 1393 1802 liberemur;
1439 1750 1768 1809 quapropter
1814 1740 1868 1819 in
1918 1742 2159 1810 potentia

589 1825 819 1925 iudicari
856 1827 1187 1926 opostulavit.
1248 1836 1307 1882 ut
1338 1829 1668 1894 adversario,
1724 1830 1837 1885 sive
1890 1830 2152 1895 sensibili,
2188 1855 2229 1910 Β
2256 1825 2544 1933 ἑυναςηείᾳ

594 1914 707 1969 sive
740 1914 987 1984 spiritali,
1023 1916 1261 1985 potentia
1287 1917 1382 1972 Dei
1411 1920 1654 1987 subacto,
1700 1935 1800 1975 nos
1834 1920 1901 1974 ab
1930 1921 2157 1975 insidia-

601 2008 807 2061 toribus
835 2008 1025 2062 remoti
1048 2007 1235 2063 simus.

661 2208 826 2265 Vens.
855 2209 906 2263 4.
939 2230 956 2261 ι
989 2212 1157 2273 Deus.
1192 2212 1384 2267 exaudi
1422 2212 1727 2267 orationem
1754 2225 1950 2285 meam.
1988 2228 2007 2262 ι

659 2300 817 2356 Nulla
878 2304 1022 2357 enim
1098 2320 1247 2359 arma
1311 2314 1498 2360 contra
1580 2304 1831 2357 inimicos
1898 2301 2158 2357 validiora

595 2395 857 2449 habemus
902 2397 1165 2461 oratione,
1213 2398 1505 2452 dummodo
1549 2396 1659 2451 Deo
1692 2397 1851 2467 digna
1883 2394 2157 2466 rogaveri-

594 2504 748 2552 mus;
787 2489 942 2558 cujus
967 2488 1067 2543 sibi
1092 2488 1191 2559 ipsi
1224 2490 1475 2544 conscius
1492 2490 1774 2559 prapheta,
1804 2487 1956 2556 cupit
1986 2486 2154 2540 Deum

592 2581 814 2635 auribus
860 2581 1137 2651 percipere
1179 2582 1340 2637 verba
1385 2584 1493 2635 oris
1534 2582 1640 2642 sui,
1672 2590 1731 2635 ut
1764 2580 1942 2634 sciens
1974 2579 2155 2648 ipsum

592 2672 730 2725 nihil
776 2672 1000 2727 humani
1041 2674 1335 2743 postulare,
1380 2673 1707 2729 sacriﬁcium
1750 2670 2011 2727 orationis
2060 2670 2157 2723 ad-

592 2766 791 2821 mittat.

665 2882 823 2938 Vnns.
848 2884 902 2938 5.
934 2902 952 2935 ι
992 2883 1254 2950 Quoniam
1273 2883 1431 2938 alieni
1455 2883 1887 2937 insurrexerunt.
1928 2899 1946 2932 ›

662 2992 835 3046 Alieni
857 3001 983 3047 sunt
1013 3008 1203 3048 omnes
1229 2995 1320 3063 qui
1352 3009 1459 3046 non
1512 2991 1730 3061 sapiunt
1779 3006 1842 3045 ea
1884 3006 2003 3060 quae
2062 2990 2155 3044 Dei

592 3093 741 3149 sunt,
784 3086 1131 3155 quantumvis
1155 3095 1209 3140 et
1261 3085 1496 3155 cognati,
1550 3093 1606 3139 et
1653 3082 1832 3145 amici,
1863 3090 1917 3137 et
1963 3081 2157 3136 fratres

1777 356 2132 418 HESYCHII
2182 358 2650 421 PRESBYTERI

2190 477 2237 532 Δ

3710 347 3824 411 1212

2824 468 3117 523 ΨΑΛΜΟΣ
3142 468 3273 522 ΝΡ.

2339 604 2355 635 ι
2404 584 2461 636 Ὀ
2498 583 2655 647 Θεὸς,
2684 584 2741 637 ἐν
2763 582 2841 654 τῷ
2870 581 3097 652 ὀνόματί
3122 598 3238 633 σου.
3290 596 3313 628 s

2330 697 2418 769 Μὴ
2448 698 2535 751 διὰ
2562 697 2809 769 πράξεις,
2849 697 3035 766 φησὶν,
3071 694 3193 747 οὐδὲ
3216 691 3344 760 γὰρ
3374 684 3697 754 ἀξιοχρέους
3722 686 3829 755 ἔχων

2264 791 2338 861 μὴ
2369 790 2454 843 διὰ
2484 790 2736 860 πατέρων
2760 789 3039 857 εὐγένειαν
3081 785 3267 854 (ἄλλος
3310 782 3432 851 γὰρ
3473 778 3632 833 ἄλλον
3658 779 3833 830 δια.σὼ-

2261 879 2372 945 ζειν
2405 881 2464 932 οὑ
2496 880 2762 947 δύναται),
2792 880 2928 933 ἀλλ’
2955 880 3025 932 ἐν
3050 876 3128 941 τῷ
3162 871 3434 942 ὀνόματί
3467 884 3589 923 σου
3614 883 3628 897 ⁸
3655 869 3700 919 εἰ
3722 868 3835 937 γάρ·

2259 970 2503 1043 τοιαύτη
2537 972 2784 1040 σωτηρία
2824 969 3081 1039 διηνεκὴς
3128 966 3221 1019 καὶ
3254 962 3474 1022 ἄσυλος
3510 959 3834 1043 ἵσταται.βὲ

2260 1061 2369 1130 γὰρ
2397 1040 2624 1135 λῃσταῖς
2650 1076 2794 1122 τινες
2826 1058 2857 1130 ἢ
2918 1056 3213 1128 βαρϐάροις
3236 1047 3685 1120 περιπεσόντες,
3737 1040 3833 1098 εἶτα

2260 1152 2427 1223 ὄνομα
2482 1151 2758 1205 δυναστῶν
2788 1148 3227 1218 παραγαγόντες,
3266 1144 3353 1205 ὡς
3408 1139 3643 1193 ἐκείνων
3671 1139 3829 1189 obesis:

2259 1244 2385 1307 τοὺς
2413 1242 2687 1305 κινδύνους
2728 1240 3076 1308 ἐκφεύγουσι,
3127 1236 3248 1299 πῶς
3289 1235 3357 1287 ού
3401 1231 3547 1284 πολὺ
3581 1229 3766 1298 μᾶλλον
3788 1233 3830 1282 ἐν

2258 1336 2336 1406 τῷ
2358 1335 2582 1405 ὀνόματι
2610 1333 2704 1387 τοῦ
2736 1332 2870 1387 Θεοῦ
2896 1332 3003 1386 ἀπὸ
3036 1332 3217 1401 πάσης
3242 1325 3566 1393 ἐπιϐουλῆς
3595 1324 3829 1393 δαιμόνων

2264 1425 2580 1497 σωζόμεθα;

2341 1558 2359 1593 ι
2396 1540 2510 1594 Καὶ
2541 1541 2598 1592 ὲν
2624 1541 2691 1610 τῇ
2726 1538 2953 1607 δυνάμει
2976 1553 3068 1589 σου
3098 1535 3289 1606 κρίνον
3330 1549 3430 1601 με.
3475 1549 3496 1581 ι

2330 1679 2544 1749 Κρῐσιν,
2580 1678 2677 1748 οὐχ
2707 1678 2787 1729 ὅτι
2829 1672 3247 1743 κατακριθῶμεν
3272 1710 3288 1732 ,
3319 1667 3449 1722 ἀλλ’
3477 1663 3623 1717 ὥστε
3645 1659 3825 1714 ἐλευθε-

2264 1771 2499 1843 ρωθῆναι
2548 1769 2642 1822 τοῦ
2689 1766 3079 1838 τυραννοῦντος
3122 1762 3462 1832 βουλεύεται
3492 1774 3509 1788 ο
3554 1755 3736 1821 διόπερ
3783 1754 3825 1803 ὲν

2588 1860 2839 1932 κριθῆναι
2888 1855 3252 1930 προσηύξατο·
3297 1853 3398 1905 ἵνα
3439 1847 3539 1903 τοῦ
3586 1847 3821 1900 ἀντιδίκου

2257 1956 2365 2009 εἴτε
2419 1954 2514 2007 τοῦ
2573 1951 2868 2021 αἰσθητοῦ,
2925 1950 3032 2003 εἴτε
3060 1946 3151 2001 τοῦ
3191 1942 3407 2017 νοητοῦ
3440 1944 3511 2012 τῇ
3559 1938 3816 2003 δυναστείᾳ

2255 2046 2351 2100 τοῦ
2388 2043 2521 2097 Θεοῦ
2546 2043 2918 2114 χειρωθέντος,
2947 2042 3105 2111 ἡμεῖς
3137 2034 3446 2111 γενώμεθα
3470 2031 3583 2083 τῶν
3616 2029 3817 2097 ἐπηρεα·

2258 2136 2460 2202 ζόντων
2498 2135 2792 2204 ἀλλότριοι.

2334 2246 2353 2279 ι
2409 2227 2466 2280 '0
2497 2227 2650 2289 Θεὸς,
2676 2214 2992 2278 εἰσάκουσον
3016 2220 3117 2290 τῆς
3140 2214 3472 2288 προσευχῆς
3497 2227 3623 2281 μου.
3650 2226 3669 2260 ι

2328 2318 2492 2373 Οὐδὲν
2529 2317 2636 2387 γὰρ
2673 2316 2834 2371 ὅπλον
2864 2316 3002 2387 πρὸς
3040 2314 3163 2372 τοὺς
3194 2309 3441 2379 ἐχθροὺς
3472 2303 3613 2372 ὑπὲρ
3638 2301 3726 2372 τὴν
3744 2302 3811 2350 εὖ·

2257 2408 2357 2479 χὴν
2407 2407 2769 2479 ἰσχυρῶ-τερον
2822 2405 3039 2475 ἔχομεν,
3092 2401 3250 2472 μόνον
3298 2399 3404 2451 ὲάν
3457 2394 3556 2447 τοῦ
3593 2392 3711 2456 ἀξια
3735 2390 3810 2443 τοῦ

2256 2500 2393 2554 Θεοῦ
2411 2497 2836 2570 προσευξόμεθα,
2860 2497 2993 2564 ὅπερ
3013 2496 3039 2547 ὁ
3058 2493 3359 2563 [Ιροςοήτης
3388 2484 3573 2555 ἐαυτῷ
3594 2481 3805 2544 συνειδὼς

2257 2591 2613 2647 ὲνωτίσασθαι
2642 2592 2731 2644 τὸν
2763 2590 2895 2642 Θεὸν
2934 2589 3000 2640 τὰ
3041 2588 3263 2659 ῥήματα
3287 2582 3390 2635 τοῦ
3423 2583 3686 2649 στόματος
3710 2575 3803 2645 βού-

2256 2684 2407 2737 λεται
2433 2724 2447 2748 ,
2495 2684 2582 2736 ἴνα
2629 2682 2902 2749 διαγνοὺς,
2941 2680 3023 2732 ὅτι
3068 2678 3221 2731 οὐδὲν
3266 2672 3621 2741 ἀνθρώπινον
3664 2667 3799 2736 ζητεῖ,

2256 2775 2355 2847 τὴν
2382 2775 2570 2829 θυσίαν
2604 2773 2702 2840 τῆς
2727 2771 3031 2841 προσευχῆς
3064 2767 3458 2838 προσδέξεται.

2334 2892 2487 2943 «Ὅτι
2513 2889 2782 2960 ἀλλότριοι
2809 2887 3202 2956 ἐπανέστησαν.
3236 2901 3254 2933 ι

2339 3002 2633 3075 Ἀλλότριοι
2663 3001 2863 3062 πάντες
2894 3000 2941 3051 οἱ
2975 2997 3049 3067 μὴ
3079 2992 3424 3065 φρονοῦντες
3454 2990 3521 3043 τά
3559 2983 3647 3040 τοῦ
3674 2981 3791 3045 Θεοῦ,

2258 3096 2361 3151 κᾶν
2406 3096 2687 3164 συγγενεῖς
2709 3134 2723 3155 ,
2754 3092 2855 3145 κᾶν
2898 3089 3077 3159 φίλοι,
3118 3086 3220 3141 κᾶν
3252 3083 3488 3152 ἀδελφοὶ
3515 3078 3791 3146 τυγχάνωσι.

591 3177 814 3232 fuerint.
840 3176 1199 3242 Quamobrem
1254 3191 1626 3246 sarpenumero
1690 3190 1801 3229 non
1849 3174 2015 3243 pudet
2064 3189 2156 3227 eos

2260 3189 2347 3242 Διὸ
2378 3189 2475 3241 καὶ
2500 3182 2870 3239 ἐπιϐουλεύειν
2903 3183 3035 3250 ἡμῖν
3066 3179 3141 3242 ὡς
3195 3176 3480 3245 ἀλλότριοι
3522 3168 3789 3236 ἀλλοτρίοις,

592 3269 753 3323 nobis
788 3278 1042 3339 tanquam
1077 3270 1279 3324 alienos
1319 3269 1532 3331 alienis,
1578 3269 1707 3323 licet
1758 3268 1967 3338 cognati
2026 3266 2155 3328 sint,

590 3362 854 3417 insidiari.
879 3361 981 3428 Qui
1011 3363 1153 3417 enim
1198 3363 1519 3432 semetipsos
1544 3363 1651 3416 Deo
1674 3361 1880 3415 alienos
1910 3360 2160 3415 reddide-

588 3460 737 3511 runt,
765 3452 1035 3521 quomodo
1059 3467 1166 3505 non
1191 3452 1360 3507 multo
1382 3451 1549 3521 magis
1572 3468 1600 3505 a
1630 3460 1836 3506 natura:
1864 3453 1981 3521 lege
1998 3450 2159 3505 alieni

592 3543 733 3599 sint?
773 3544 960 3599 Fortes
995 3560 1125 3599 vero
1155 3554 1311 3599 vocat
1332 3559 1426 3599 eos
1447 3545 1537 3613 qui
1570 3553 1816 3613 potentes
1840 3552 1968 3597 sunt
2003 3542 2161 3596 mali-

591 3640 683 3702 tia,
716 3640 806 3709 qui
838 3652 945 3694 tam
975 3640 1283 3695 vehementi
1317 3649 1371 3695 et
1410 3640 1731 3710 implacabili
1770 3639 2037 3709 pravitate
2083 3640 2161 3694 la-

589 3728 807 3793 borant,
835 3740 893 3783 ut
919 3730 1081 3783 etiam
1112 3729 1331 3798 ipsimet
1384 3730 1579 3784 animae
1644 3739 1858 3785 struant
1910 3730 2156 3795 insidias,

588 3834 699 3872 non
731 3821 902 3873 solum
927 3821 1238 3875 sensibilem
1267 3821 1444 3885 nobis,
1490 3823 1584 3877 sed
1650 3824 1811 3878 etiam
1863 3824 2158 3894 Spiritalem

589 3921 821 3967 mortem
857 3914 1253 3971 machinantes.

660 4024 825 4078 Vens.
854 4025 907 4081 8.
942 4044 961 4078 ι
992 4024 1301 4081 Confitebor
1330 4027 1532 4081 nomini
1563 4036 1671 4083 tuo.
1710 4048 1729 4082 ι

659 4137 1086 4192 lnvoluntarium
1108 4137 1249 4191 enim
1274 4138 1605 4193 sacrificium
1631 4139 1774 4196 Deus
1799 4140 2026 4196 minime
2052 4157 2152 4196 su-

590 4230 784 4299 scipit;
821 4228 1086 4298 siquidem
1119 4237 1249 4283 tunc
1302 4244 1412 4284 non
1463 4230 1733 4297 offerenti,
1792 4232 1886 4287 sed
1943 4233 2156 4304 cogenti

584 4319 912 4375 oblationem
957 4319 1220 4373 attribuit.
1246 4318 1401 4385 Quod
1433 4335 1556 4375 cum
1592 4321 1756 4375 sciret
1776 4337 1993 4391 quoque
2012 4323 2155 4377 Pan-

587 4412 677 4466 ius
704 4411 1008 4480 apostolus,
1043 4411 1176 4466 dixit
1209 4428 1222 4463 :
1256 4411 1375 4464 Non
1405 4428 1468 4465 ea;
1500 4413 1740 4477 tristitia,
1794 4422 1886 4466 aut
1940 4430 2002 4467 ea:
2062 4431 2155 4467 ne-

586 4505 827 4558 cessitate
850 4520 869 4557 :
904 4504 1125 4557 hilarem
1146 4506 1284 4557 enim
1308 4506 1544 4557 datorem
1576 4505 1747 4575 diligit
1773 4503 1909 4559 Deus
1930 4506 1994 4559 ’⁸.
2073 4506 2154 4560 Tu

586 4609 715 4649 vero
743 4594 904 4648 ctiam
935 4611 1001 4648 ex
1050 4604 1294 4663 tempore
1324 4594 1619 4648 voluntatis
1667 4594 2151 4663 promptitudinem

585 4688 892 4744 considera.
925 4687 1080 4755 Szepe
1112 4686 1257 4741 enim
1279 4702 1400 4740 cum
1431 4686 1485 4739 in
1508 4685 1852 4740 alﬂictionem
1885 4686 2143 4740 incideri-

585 4795 728 4845 mus,
752 4781 910 4835 nobis
931 4780 1059 4849 ipsis
1084 4779 1379 4848 pientiores
1437 4779 1736 4833 evadimus.
1773 4776 1998 4847 Oportet
2053 4794 2151 4832 au-

586 4880 693 4925 tem
721 4881 968 4925 cessante
1010 4873 1174 4925 etiam
1211 4870 1502 4925 afﬂictione
1534 4886 1635 4925 nos
1666 4870 1914 4925 similiter
1944 4885 2150 4940 gerere.

656 4982 786 5040 Viso
804 4986 1146 5040 inimicorum
1184 4987 1426 5051 interitu,
1449 4985 1848 5041 confessionem
1877 4984 2152 5055 dixitgra-

587 5077 784 5129 tiarum
815 5078 1084 5131 actionem
1118 5096 1130 5131 :
1160 5078 1362 5132 bonum
1400 5078 1543 5131 enim
1590 5086 1673 5131 est
1727 5076 1872 5145 quod
1928 5074 1983 5128 in
2035 5075 2150 5144 ipsa

589 5174 735 5220 recte
753 5168 969 5237 agitur:
1007 5185 1132 5221 nam
1183 5170 1273 5239 qui
1314 5169 1647 5224 benefactori
1670 5170 1869 5239 gratias
1909 5167 2043 5238 agit,
2095 5168 2152 5221 in

588 5266 865 5326 posterum
893 5260 1283 5327 promptiorem
1310 5260 1486 5329 ipsum
1531 5260 1740 5324 reddit;
1802 5268 2150 5328 peccatorum

589 5356 769 5401 autem
801 5349 1147 5417 praesentium
1183 5366 1246 5404 ac
1310 5350 1611 5404 futurorum
1647 5350 1945 5419 redemptio
1971 5350 2155 5403 conci-

589 5439 684 5494 liat
720 5440 821 5509 ipsi
863 5440 1283 5495 familiaritatem
1360 5442 1476 5502 Dei,
1534 5444 1838 5496 futurorum
1886 5442 2152 5495 bonorum

589 5546 762 5601 spem,
795 5532 970 5585 omnis
996 5530 1301 5587 alllictiouis
1326 5533 1722 5597 liberationem,
1757 5533 1827 5587 ita
1862 5543 1918 5588 ut
1944 5533 2010 5589 ad
2028 5533 2155 5588 bea-

592 5621 877 5678 titud'nem
910 5625 1217 5681 istiusmodi
1248 5627 1353 5681 vita
1389 5626 1764 5683 transferatur.

663 5796 708 5827 "
738 5795 777 5850 ll
805 5797 929 5853 Cor.
960 5816 1031 5863 nt,
1062 5802 1112 5854 7.

2260 3282 2354 3336 καὶ
2401 3279 2682 3347 συγγενεῖς
2729 3276 2900 3338 ὅντες,
2939 3270 3201 3332 πολλάκις
3240 3269 3347 3321 οὐκ
3383 3264 3721 3335 αἰσχύνονται.
3744 3257 3790 3309 Οἱ

2259 3374 2366 3443 γὰρ
2415 3371 2639 3432 ἑαυτοὺς
2686 3366 3145 3437 ἀλλοτριώσαντες
3193 3362 3288 3415 τοῦ
3340 3358 3501 3420 Θεοῦ,
3549 3354 3653 3417 πῶς
3688 3348 3789 3402 πολὺ

2263 3442 2462 3536 μᾶλλον
2490 3461 2583 3515 καὶ
2614 3460 2705 3514 τοῦ
2746 3460 2908 3528 νόμον
2941 3457 3044 3526 τῆς
3088 3454 3308 3523 φύσεως
3352 3450 3619 3536 ἀλλότριοι
3652 3442 3786 3536 γίνον-

2259 3530 2383 3617 ttat;
2413 3552 2723 3621 Κραταιοὺς
2747 3549 2802 3601 δὲ
2832 3547 2956 3609 τοὺς
2986 3543 3237 3614 ἰσχυροὺς
3270 3544 3343 3612 τῇ
3378 3538 3547 3608 κακίᾳ
3570 3534 3712 3601 λέγει,
3731 3530 3785 3582 οἵ·

2258 3663 2402 3710 τινες
2437 3647 2517 3706 εις
2552 3642 2806 3696 τοσοῦτον
2844 3638 3070 3709 ἰσχυρὰν
3101 3636 3197 3690 καὶ
3225 3635 3513 3689 ἀνένδοτον
3539 3628 3627 3697 τὴν
3655 3638 3775 3688 πονη-

2265 3737 2384 3809 ρίαν
2410 3734 2723 3805 κέκτηνται,
2758 3729 2898 3782 ὥστε
2945 3728 3040 3781 καὶ
3088 3729 3167 3788 εἰς
3215 3726 3424 3794 ἑαυτὴν
3474 3713 3768 3773 ἐπιϐουλεύειν

2258 3804 2357 3897 τὴν
2382 3804 2578 3897 ψυχὴν,
2600 3825 2660 3877 οὐ
2696 3823 2852 3893 μόνον
2881 3820 2972 3874 τὸν
2998 3818 3256 3887 αἰσθητὸν
3279 3819 3443 3888 ἡμῖν,
3476 3811 3603 3866 ἀλλά
3622 3804 3758 3860 κιὶτὲν

2259 3918 2446 3987 νοητὸν
2480 3912 2983 3978 κατασκευάζοντες
3017 3912 3265 3965 θάνατον.

2335 4051 2354 4084 ι
2377 4030 2874 4103 Ἐξομολογήσομαι
2900 4026 2974 4097 τῷ
3004 4024 3230 4094 ὀνόματί
3268 4040 3395 4076 σου.
3429 4041 3447 4073 ι

2340 4142 2622 4199 Ἀκούσιον
2650 4141 2758 4211 γὰρ
2792 4140 2986 4192 θυσίαν
3019 4140 3048 4191 δ
3076 4138 3206 4201 Θεὸς
3234 4138 3296 4189 οὐ
3331 4120 3758 4207 προσδέχεται·οῶ

2257 4240 2448 4294 δέποτε
2494 4235 2604 4306 γάρ
2646 4233 2723 4304 τῷ
2764 4231 3156 4301 προσφέροντι,
3195 4229 3332 4283 ἀλλά
3366 4227 3444 4296 τῷ
3471 4216 3760 4306 ἀναγκάζοντι

2257 4332 2355 4398 τὴν
2388 4304 2701 4400 προσφορὰν
2741 4324 3221 4393 λογίζεται.”οπερ
3250 4319 3415 4382 εἰδὼς
3444 4316 3533 4369 καὶ
3559 4304 3764 4367 Παῦλοςό

2257 4421 2569 4483 ἀπόστολος,
2603 4418 2789 4485 ἔλεγε·
2825 4415 2921 4483 Μὴ
2965 4416 3034 4468 ἐκ
3072 4415 3277 4479 λύπης
3320 4411 3361 4480 ἢ
3411 4410 3479 4472 ἐξ
3520 4400 3760 4485 ἀνάγκηςξ

2188 4535 2230 4588 ι)
2256 4513 2466 4582 ἱλαρὸν
2496 4511 2606 4580 γὰρ
2638 4484 2831 4574 δώτην
2858 4503 3058 4574 ἀγαπᾷ
3083 4508 3117 4557 d
3149 4504 3311 4568 Θεός.
3364 4501 3435 4554 Σὺ
3482 4492 3648 4588 δὲμκαὶ
3684 4484 3764 4539 ἀπὸ

2259 4601 2454 4673 καιροῦ
2484 4602 2543 4654 τὺ
2573 4598 2817 4652 ἑκούσιον
2848 4597 3057 4665 νόησον.
3092 4594 3358 4655 Πολλάκις
3389 4591 3494 4660 γὰρ
3516 4582 3762 4673 θλίψειΔπῗ

2261 4662 2576 4768 ριπεσόντες
2624 4688 2885 4760 γινόμεθα
2932 4662 3140 4741 ἑαυτῶν
3182 4682 3574 4749 εὐλαϐέστεροι.
3722 4662 3763 4715 δὲ

2259 4756 2405 4857 ἧμᾶς
2430 4785 2522 4837 καὶ
2710 4756 2940 4850 θλίψεως
2971 4776 3402 4850 μεταϐληθείσης
3429 4756 3760 4838 παραπλησίως

2260 4874 2625 4947 εὑρίσκεσθαι.

2330 4990 2450 5043 Τῶν
2484 4985 2755 5057 πολεμίων
2782 4985 2873 5037 τὸν
2899 4984 3117 5055 ὄλεθρον
3169 4983 3497 5052 θεασάμενος
3516 5015 3529 5039 ,
3557 4958 3755 5069 Ego-90.16“.

2254 5097 2413 5151 γησιν
2457 5074 2609 5133 εἷπεν
2654 5076 2752 5148 τὴν
2802 5076 3152 5146 εὐχαριστίαν
3177 5093 3191 5108 ο
3224 5076 3424 5144 ἀγαθὸν
3465 5068 3563 5138 γὰρ
3599 5057 3737 5151 eain

2256 5147 2390 5241 ἀς,τῇ
2423 5147 2784 5241 κατόρθωμα·
2827 5168 2855 5221 ὁ
2902 5170 3009 5238 γὰρ
3055 5167 3393 5236 εὐχαριστῶν
3418 5161 3489 5230 τῷ
3522 5147 3747 5241 εὐεργέτις

2256 5231 2690 5329 φιλότιμὼτερον
2722 5259 2885 5310 αὑτὸν
2915 5231 2993 5309 -ὲν
3037 5231 3153 5319 τοῖς
3183 5231 3307 5326 ἑξῆς
3338 5249 3603 5341 ἐργάζεται
3622 5249 3635 5269 ⁴

2254 5347 2362 5400 τῶν
2396 5346 2805 5417 ἁμαρτημάτων
2848 5340 2922 5397 ὧν
2964 5344 3076 5415 ἔχει
3108 5347 3202 5399 καὶ
3241 5346 3347 5399 τῶν
3377 5338 3640 5413 μελλόντων
3675 5338 3744 5423 λῖν

2250 5454 2470 5509 τρωσις,
2507 5435 2652 5504 αὖτῷ
2678 5436 2968 5505 ἐργάζεται
2998 5437 3269 5490 οἰκείωσιν
3300 5433 3456 5495 Θεοῦ,
3482 5423 3744 5509 ὲλπίδαᾼτων

2254 5506 2550 5597 μελλόντων
2574 5526 2813 5593 ἀγαθῶν,
2844 5527 3024 5597 πάσης
3058 5528 3291 5599 θλίψεως
3320 5506 3731 5584 summm

2250 5621 2329 5682 εἰς
2359 5617 2738 5689 μακαριότητα
2767 5616 2845 5688 τῷ
2876 5618 3101 5691 τοιούτῳ
3131 5621 3158 5672 ὁ
3186 5620 3299 5689 βίος
3330 5616 3629 5690 μεθίσταται.
