4032 6420
205 382 360 449 1213

785 500 1079 555 ΨΑΔΜΟΣ
1108 501 1230 554 NA'.

296 612 315 644 ι
349 592 443 655 Εἰς
469 589 529 644 τὸ
555 589 711 653 τέλος
730 629 745 655 ,
774 593 831 644 ἐν
862 591 1053 661 ὕμνοις
1088 592 1356 654 συνέσεως
1382 588 1459 661 τῷ
1480 588 1660 643 Δαυῖδ.
1696 607 1715 640 ι

288 770 502 825 Σκοποῦ
549 770 643 823 τοῦ
685 767 849 823 αὑτοῦ
897 768 994 822 καὶ
1024 768 1052 820 6
1083 766 1296 838 ψαλμδς
1325 766 1354 818 6
1382 765 1639 836 ἐχόμενος
1677 762 1793 833 ἕχε-

202 882 337 919 ται·
377 863 669 934 διαγράφει
701 861 810 932 γὰρ
838 861 926 915 τὸν
962 862 1020 915 ἐν
1053 861 1379 930 πειρασμοῖς
1408 856 1793 927 ἐξεταζόμενον

206 954 509 1023 ἄνθρωπον
528 968 543 983 ’
592 952 782 1022 διόπερ
815 951 1007 1021 ὑμνεῖν
1056 948 1195 1021 μετὰ
1226 946 1491 1007 συνέσεως
1516 944 1608 998 τὸν
1635 941 1794 995 δυνά-

213 1065 388 1117 μενον
415 1044 776 1115 ἐλευθερῶσαι
809 1041 1135 1114 πειρασμῶν
1164 1037 1575 1107 ἐπαγγέλλεται.
1610 1032 1794 1103 Σαφὴς

208 1144 275 1197 δὲ
322 1142 415 1197 καὶ
459 1141 567 1195 τῶν
593 1139 941 1194 Δεσποτικῶν
990 1136 1177 1190 παθῶν
1220 1136 1254 1205 ἡ
1289 1131 1597 1205 προφητεία
1630 1127 1796 1199 πρόσ-

209 1251 423 1289 κειται.

298 1346 318 1379 σ
340 1326 690 1386 Ἐνὼτισαι,ό
718 1323 869 1389 Θεὸς,
890 1323 987 1393 τὴν
1013 1320 1321 1392 προσευχήν
1355 1334 1510 1388 μου.»

294 1418 480 1471 Ταῦτα
506 1415 748 1488 Χριστοῦ
779 1413 1223 1485 προσευξαμένου
1248 1455 1263 1479 ,
1296 1409 1395 1465 καὶ
1434 1408 1595 1479 ἡμεῖς
1627 1420 1796 1476 προσ-

210 1508 527 1579 ευξώμεθα,
557 1508 652 1561 καὶ
678 1507 770 1560 τὸν
789 1506 1066 1579 Δεσπότην
1094 1506 1143 1558 οἱ
1165 1502 1360 1568 δοῦλοι,
1394 1500 1485 1555 καὶ
1506 1498 1598 1553 τὸν
1631 1497 1796 1550 πλού-

212 1620 339 1656 σιον
367 1603 416 1657 οἱ
448 1602 655 1673 πτωχοὶ
684 1599 1055 1671 μιμησώμεθα
1074 1615 1088 1628 ο
1120 1597 1281 1660 αὐτὸς
1319 1594 1418 1667 τὴν
1443 1592 1599 1664 ἡμῶν
1628 1608 1797 1661 προσο

211 1697 389 1766 ευχὴν
435 1694 852 1763 εἰσακουσθῆναι
882 1691 1132 1761 βούλεται
1151 1732 1166 1755 ,
1195 1688 1291 1742 καὶ
1325 1687 1399 1758 μὴ
1431 1683 1794 1756 παρωφθῆναι

212 1788 319 1857 τὴν
350 1787 535 1858 δέησιν
564 1785 704 1855 ὑπὲρ
730 1786 830 1856 τῆς
858 1784 1134 1854 σωτηρίας
1157 1780 1250 1835 τοῦ
1281 1780 1471 1848 γένους
1504 1773 1694 1841 οὖσαν,
1720 1774 1795 1837 ὡς

212 1880 445 1951 ἀπαρχὴ
477 1880 757 1949 τυγχάνων
809 1872 886 1932 ῶν
924 1869 1490 1949 πρεσϐεύεται.⁰ομοῦ
1533 1870 1629 1925 καὶ
1671 1868 1793 1921 τινα

213 1974 303 2027 δεῖ
332 1972 748 2044 προσεύχεσθαι,
773 1971 978 2043 τρόπον
1009 1969 1179 2034 δεῖξαι
1206 1966 1552 2037 βουλόμενος,
1570 1964 1796 2017 Ἐνώτι-

216 2081 348 2127 σαι,
391 2063 547 2133 φησὶ,
585 2063 684 2118 καὶ
729 2061 814 2131 μὴ
863 2060 1172 2129 ὑπεριδῃς.
1201 2057 1468 2120 Πολλάκις
1498 2055 1608 2126 γὰρ
1638 2053 1796 2125 ἡμῶν

214 2159 319 2229 τὴν
356 2157 666 2229 προσευχὴν
704 2156 967 2220 ἀκούσας,
1000 2155 1077 2219 ὼς
1122 2152 1385 2225 περιττὴν
1428 2152 1523 2203 καὶ
1571 2149 1796 2214 ἀναξίαν

216 2251 321 2320 τῆς
351 2249 521 2316 ἀκοῆς
550 2246 737 2312 αὐτοῦ,
768 2246 985 2316 παρορᾷ
1011 2247 1106 2299 καὶ
1138 2243 1591 2315 παραπέμπεται.

300 2360 319 2394 ι
341 2340 650 2412 Ἑλυπήθην
680 2341 736 2392 ὲν
760 2341 825 2411 τῇ
857 2337 1139 2408 ἀδολεσχία
1173 2352 1299 2407 μου.
1322 2352 1342 2387 ι

301 2434 545 2501 Λόγισαι,
572 2433 725 2503 φησὶ,
756 2431 838 2494 τίς
862 2421 1019 2493 οὗτος
1044 2430 1073 2482 ό
1099 2428 1415 2499 εὐχόμενος,
1442 2425 1524 2479 ὅτι
1546 2424 1677 2487 Υίδς
1703 2421 1797 2476 τοῦ

232 2527 461 2595 Πατρδς,
485 2524 771 2592 ὁμοούσιος
834 2520 1120 2592 βασιλεὺς,
1150 2517 1284 2573 ἀλλὰ
1334 2517 1522 2570 δούλου
1585 2514 1798 2586 μορφὴν

233 2621 425 2690 φέρων,
459 2617 548 2671 ἴνα
576 2614 725 2687 σώσῃ
754 2614 815 2668 τὺ
846 2612 1068 2683 πλάσμα
1092 2610 1151 2664 τὸ
1175 2608 1464 2681 ἡμέτερον.

284 2794 627 2865 Ἀδολεσχίαν
641 2793 732 2847 τὸν
748 2794 805 2846 ἐν
825 2789 1025 2861 θεωρίᾳ
1043 2788 1415 2861 μετεωρισμδν
1440 2787 1607 2856 λέγει,
1622 2785 1681 2839 ὃν
1698 2785 1801 2838 ὑπ-

222 2891 445 2961 έμεινεν
475 2890 504 2943 6
539 2887 762 2957 Κύριος,
778 2888 845 2939 τὰ
865 2884 1032 2955 καθ’ή
1043 2886 1148 2955 μᾶς
1163 2882 1530 2951 λογιζόμενος,
1552 2878 1684 2949 ἐφ’ἃ
1707 2878 1802 2932 καὶ

220 2984 574 3053 ἐταράττετο,
606 2984 690 3035 ὃτι
717 2980 970 3034 τοσοῦτον
1002 2978 1187 3040 ἀνοίας
1231 2974 1633 3047 προεκόψαμεν,
1660 2972 1801 3025 ὥστε

228 3184 394 3239 μενον
424 3164 834 3231 σῶσαι,τιθέναι
856 3163 1284 3235 προσκόμματαε
1296 3158 1484 3213 Ταῦτα
1510 3157 1601 3210 καὶ
1631 3155 1802 3209 Καϊά-

225 3278 359 3330 φας,
384 3261 478 3314 καὶ
509 3257 731 3321 Ἰούδας,
755 3257 912 3311 κα“ιοὶ
942 3254 1195 3326 συνεργοὶ
1224 3252 1609 3321 διεπράττοντο
1630 3292 1643 3313 ,
1676 3250 1805 3320 περὶ

226 3350 306 3409 ὧν
336 3353 477 3408 κατὰ
503 3354 659 3421 λόγον
702 3352 1005 3421 ἐπήγαγεν·
1042 3348 1175 3403 Ἀπὸ
1200 3332 1407 3417 φωνῆς
1430 3345 1665 3414 ἐχθροῦ,
1704 3343 1804 3397 καὶ

226 3446 351 3502 ἀπὸ
380 3446 642 3515 θλίψεως
675 3441 1054 3512 ἁμαρτωλοῦ·
1092 3440 1282 3511 ἐχθρὸν
1322 3439 1412 3493 τὸν
1442 3437 1698 3505 Καϊάφαν
1722 3436 1807 3489 λέ-

227 3538 471 3609 γων,ὼς
520 3537 736 3605 ἀφιέναι
784 3534 968 3604 φωνὴν
1007 3533 1148 3587 κατὰ
1194 3531 1284 3586 τοῦ
1331 3532 1583 3602 Σωτῆρος
1632 3531 1688 3581 ἐν
1730 3528 1809 3597 τῷ

230 3633 411 3705 καιρῷ
438 3631 529 3684 τοῦ
562 3627 842 3701 ρκιτηρίου
870 3626 1126 3699 τοιαύτην
1148 3626 1540 3696 τετολμηκόταο
1568 3623 1810 3675 Ἐϐλασ-

230 3726 513 3795 φήμησε·
564 3723 620 3776 τι
673 3721 760 3775 ἔτι
809 3718 1059 3787 (meite;
1102 3715 1425 3786 ἁμαρτωλὸν
1453 3715 1509 3767 δὲ
1558 3714 1649 3767 τὸν
1681 3712 1810 3766 Ἰού-

232 3819 353 3871 δαν.
391 3816 517 3879 Πῶς
543 3815 649 3886 γὰρ
676 3813 773 3884 οὐχ
803 3809 1125 3882 ἁμαρτωλὸς
1153 3811 1180 3861 6
1204 3808 1490 3878 προδιδοὺς
1530 3807 1621 3860 τὸν
1668 3807 1812 3861 διδά-

239 3910 467 3972 σκαλον;
509 3908 623 3977 Ἐφ’
645 3899 689 3975 ᾦ
728 3906 818 3959 καὶ
857 3903 1060 3974 σφόδρα
1081 3901 1155 3964 ὡς
1192 3901 1408 3972 μαθητῇ
1451 3899 1545 3954 καὶ
1576 3899 1810 3971 προδότῃ

240 3999 578 4071 θλιϐόμενος,
607 3996 860 4067 ἐπιφέρει
887 3994 958 4047 τὰ
986 3991 1246 4063 ἐχόμενα.

321 4286 339 4318 ε
369 4264 536 4327 Φόϐος
565 4264 660 4317 καὶ
688 4262 890 4334 τρόμος
919 4255 1082 4332 ἦλθεν
1110 4258 1199 4313 ἐπ’
1224 4257 1344 4329 ἐμέ.
1371 4276 1391 4310 ι

314 4360 487 4413 Τοῦτο
507 4359 615 4412 τῶν
657 4360 714 4410 ἐν
740 4355 1068 4425 πειρασμοῖς
1106 4353 1203 4406 καὶ
1244 4351 1487 4420 θλίψεσιν
1507 4350 1657 4419 ,ἴδιον
1681 4390 1695 4415 ,
1744 4349 1818 4421 μὴ

250 4452 409 4525 μόνον
446 4450 595 4520 φόϐῳ
622 4449 716 4502 καὶ
739 4446 947 4518 τρόμῳ,
973 4443 1110 4497 ἀλλὰ
1138 4444 1235 4495 καὶ
1261 4440 1441 4512 σκότῳ
1468 4440 1527 4493 τὸ
1558 4440 1697 4493 κατά
1718 4438 1820 4509 ψυ-

1288 384 1747 447 FRAGMENTA
1786 379 1867 439 IN
1910 381 2043 442 PSA
2052 382 2262 442 LMOS.

1821 498 1870 554 Α

3326 359 3464 426 1214

2450 482 2775 542 PSALMUS
2803 479 2933 537 LIV.

1963 586 2198 640 VensJ.
2251 604 2265 635 ι
2325 584 2382 637 In
2436 582 2619 644 ﬁnem,
2683 578 2734 631 in
2775 570 3108 630 carminibus
3156 566 3465 622 intellectus

1893 677 2083 730 David.
2117 694 2134 726 ι

1964 764 2209 823 Psalmus
2248 766 2335 820 hic
2364 762 2613 818 eumdem
2636 772 2852 829 quoque
2876 766 3099 822 scopum
3128 749 3294 804 habet
3334 743 3464 800 :de—

1894 860 2080 917 scribit
2100 858 2245 913 enim
2278 856 2554 910 hominem
2597 847 2989 907 tentationibus
3040 841 3408 898 examinatum
3443 853 3461 893 :

1894 962 2177 1024 propterea
2204 955 2411 1011 monet,
2440 955 2636 1001 utcum
2668 938 3019 1010 intelligentia
3050 950 3175 989 eum
3200 945 3462 988 canamus

1894 1023 1994 1111 illi,
2037 1043 2126 1111 qui
2182 1058 2211 1096 a
2251 1038 2645 1095 tentationibus
2672 1034 2901 1088 liberare
2953 1026 3144 1098 possit.
3194 1023 3461 1079 Caeterum

1894 1137 2181 1207 perspicua
2215 1146 2432 1203 quoque
2502 1124 2906 1183 Dominicarum
2963 1115 3277 1190 passionum
3337 1121 3465 1182 pro-

1893 1227 2076 1297 phetia
2107 1223 2448 1294 proponitur.

1964 1318 2124 1372 Vens.
2155 1315 2210 1369 2.
2240 1334 2258 1367 ι
2291 1310 2517 1373 Exaudi,
2541 1309 2681 1364 Deus
2709 1346 2725 1372 ,
2747 1304 3049 1360 orationem
3075 1314 3271 1354 meam.
3324 1314 3343 1347 ι

1963 1406 2314 1463 Cbristohaac
2342 1409 2531 1457 orante
2561 1416 2661 1456 nos
2685 1401 2894 1471 pariter
2938 1410 3178 1459 oremus,
3210 1401 3265 1445 et
3318 1388 3458 1444 servi

1896 1500 2183 1555 Dominum
2217 1504 2272 1550 et
2299 1495 2521 1549 divitem
2545 1507 2815 1564 pauperes
2845 1488 3124 1543 imitemur
3158 1502 3171 1537 :
3198 1483 3315 1552 ipse
3344 1479 3459 1534 vult

1894 1605 2085 1662 preces
2103 1596 2316 1642 nostras
2344 1585 2612 1648 exaudiri,
2640 1592 2696 1636 et
2719 1580 2940 1633 minime
2956 1574 3163 1645 despici
3194 1574 3459 1641 depreca-

1898 1680 2119 1742 tionem,
2139 1690 2257 1745 qua:
2280 1688 2377 1743 pro
2399 1672 2571 1726 salute
2599 1667 2816 1739 generis
2838 1665 3082 1725 exsistat,
3110 1675 3232 1715 cum
3258 1658 3327 1710 sit
3346 1656 3460 1725 pri—

1900 1770 2062 1825 mitia:
2082 1767 2296 1822 illorum
2320 1779 2416 1833 pro
2443 1762 2641 1831 quibus
2667 1758 2781 1813 obit
2816 1754 3162 1825 legationem.
3188 1750 3456 1803 Pri-terea

1895 1863 2059 1918 etiam
2080 1856 2352 1929 quomodo
2380 1851 2646 1907 orandum
2663 1848 2735 1903 sit
2772 1844 3060 1899 ostendere
3084 1841 3270 1894 volens
3303 1854 3316 1888 :
3349 1836 3459 1889 Au-

1894 1954 2057 2017 ribus,
2083 1948 2275 2020 inquit,
2300 1945 2506 2014 percipe
2527 1983 2541 2007 ,
2574 1952 2620 1996 et
2651 1956 2714 1993 ne
2762 1935 3078 2005 despexeris.
3126 1929 3463 1998 Frequenter

1894 2045 2037 2100 enim
2070 2050 2314 2096 nostram
2357 2034 2661 2090 orationem
2715 2027 2966 2087 audiens,
3018 2033 3273 2088 tanquam
3339 2016 3463 2071 nul-

1894 2138 2001 2191 lius
2027 2134 2183 2205 pretii
2211 2141 2267 2187 et
2323 2129 2509 2184 auditu
2561 2138 2663 2179 suo
2690 2120 2990 2191 indignam.
3047 2113 3285 2184 despicit
3332 2107 3462 2173 reji-

1896 2230 2097 2298 citque.

1966 2297 2126 2374 Vens.
2146 2318 2198 2373 5.
2224 2335 2243 2368 ι
2271 2314 2635 2369 Contristatus
2653 2322 2772 2363 sum
2793 2303 2849 2357 in
2874 2297 3269 2356 exercitatione
3288 2303 3460 2347 meaJ

1969 2406 2248 2475 Expende,
2282 2400 2479 2470 inquit,
2508 2396 2757 2468 quisnam
2788 2391 2920 2446 sitis
2950 2388 3042 2459 qui
3098 2395 3237 2449 orat,
3260 2382 3468 2437 scilicet

1898 2472 2067 2554 Filius
2088 2496 2281 2559 Patris,
2302 2492 2545 2563 ejusdem
2564 2504 2689 2544 cum
2739 2486 2856 2556 ipso
2872 2478 3189 2539 substantia:
3213 2476 3346 2530 Rex.
3373 2472 3467 2527 sed

1899 2590 2125 2645 formam
2149 2586 2288 2642 servi
2312 2598 2527 2656 gerens,
2558 2590 2619 2634 ut
2640 2580 2955 2649 ﬁgmentum
2983 2581 3229 2626 nostrum
3260 2566 3469 2621 salvum

1902 2679 2127 2735 faceret.
2844 2678 2845 2681 ‘

1974 2770 2434 2828 Exercitationem
2470 2773 2631 2821 vocat
2660 2762 2806 2816 illam
2859 2758 2916 2813 in
2948 2752 3263 2811 meditando
3293 2750 3473 2806 eleva-

1902 2866 2132 2929 tionem,
2156 2878 2315 2931 quam
2338 2858 2597 2914 sustinuit
2647 2854 2930 2914 Dominus,
2972 2850 3103 2903 dum
3143 2860 3230 2899 res
3260 2850 3474 2897 nostras

1908 3139 2001 3209 qui
2024 3151 2121 3208 pro
2146 3134 2304 3189 nobis
2323 3132 2593 3195 currebat,
2619 3143 2778 3185 crura
2827 3121 3268 3182 succideremus,
3295 3123 3350 3169 et
3372 3114 3476 3169 ob-

1910 3231 2113 3287 stacula
2146 3239 2474 3298 poneremus
2513 3222 2612 3287 illi,
2652 3220 2745 3290 qui
2793 3216 2861 3272 ad
2907 3210 3234 3268 servandum
3310 3204 3479 3260 adve-

1910 3332 2083 3379 nerat.
2130 3296 2257 3375 Haec
2303 3319 2465 3372 etiam
2498 3306 3054 3382 Caiaphas,etJudas
3097 3318 3162 3357 ac
3204 3296 3478 3355 commili-

1912 3425 2066 3470 tones
2091 3425 2279 3467 eorum
2308 3407 2616 3468 faciebant;
2648 3404 2714 3456 de
2743 3400 2940 3471 quibus
2969 3397 3023 3450 in
3075 3395 3312 3448 decursu
3366 3401 3484 3440 ser-

1909 3506 2088 3562 monis
2105 3501 2429 3573 subiunxit:
2468 3499 2510 3551 Α
2542 3513 2661 3551 voce
2690 3492 2912 3555 inimici,
2973 3498 3023 3542 et
3070 3504 3101 3539 a
3143 3480 3484 3537 tribulatione

1909 3592 2535 3671 peccatoris;inimicum
2571 3585 2854 3658 appellans
2910 3575 3229 3646 Caiapham,
3270 3581 3331 3625 ut
3390 3567 3484 3637 qui

1913 3704 2158 3762 tempore
2182 3685 2371 3758 judicii
2396 3696 2586 3739 vocem
2633 3673 2943 3732 istiusmodi
2982 3677 3171 3725 contra
3238 3662 3486 3718 Salvato-

1913 3751 2044 3838 rem.
2063 3751 2314 3836 emittere
2360 3788 2529 3829 ausus
2564 3760 3128 3835 sitzBlasphemavit:
3166 3756 3289 3826 quid
3316 3751 3488 3806 adhuc

1915 3874 2149 3949 quwritis
2166 3870 2416 3945 [Vulgata
2436 3880 2641 3937 egemus
2659 3856 2893 3928 testibus]
2906 3857 2949 3887 ³ο
2965 3856 2988 3908 ?
3005 3861 3345 3924 peccatorem
3359 3856 3490 3898 vero

1916 3941 2129 4025 judam.
2164 3941 2447 4030 Quomodo
2468 3958 2615 4013 enim
2649 3969 2759 4008 non
2784 3954 3038 4022 peccator
3055 3946 3142 4008 sit,
3169 3941 3260 4012 qui
3286 3951 3492 4010 praece-

1919 4072 2130 4131 ptorem
2146 4052 2461 4127 prodidit?A
2477 4064 2606 4119 quo,
2626 4052 2814 4116 utpote
2830 4037 3097 4109 discipulo
3112 4050 3175 4089 ac
3192 4030 3489 4103 proditore,

1918 4153 2272 4208 vehementer
2300 4144 2530 4199 alﬁictus
2555 4181 2569 4205 ,
2606 4134 2884 4207 subiungit
2918 4148 2979 4186 ea
3016 4144 3138 4200 qua:
3164 4129 3493 4193 sequuntur.

1990 4241 2154 4296 Vens.
2177 4240 2232 4293 6.
2266 4256 2286 4289 ι
2324 4236 2510 4290 Timor
2530 4241 2584 4286 et
2619 4238 2824 4284 tremor
2853 4228 3119 4278 venerunt
3145 4230 3312 4285 super
3347 4225 3489 4265 me.»

1992 4335 2106 4390 Hoc
2133 4330 2355 4388 tentatis
2375 4336 2430 4383 et
2451 4324 2665 4379 alilictis
2716 4317 2994 4391 proprium
3023 4320 3126 4373 est,
3168 4317 3230 4363 ut
3262 4319 3375 4359 non
3406 4316 3497 4357 so-

1922 4429 2035 4483 lum
2065 4428 2259 4482 timore
2284 4438 2349 4478 ac
2374 4431 2631 4480 tremore,
2662 4413 2755 4470 sed
2787 4412 2951 4465 etiam
3002 4400 3246 4459 tenebris
3301 4411 3500 4451 secun-

290 4486 408 4505 υννπ
446 4486 595 4520 γυυιι,
624 4486 716 4502 ην..
749 4486 766 4499 .
810 4486 835 4498 ν
933 4486 947 4509 ,
973 4486 1110 4497 ..η-ι..
1140 4486 1235 4495 η...
1264 4486 1439 4494 -..ηπ
1479 4486 1525 4493 --
1558 4486 1696 4493 η--
1770 4486 1787 4491 _

247 4486 348 4615 ἔην
383 4486 829 4612 ἀπορῤουμένοξς
842 4486 1198 4606 τσῖνέχεσθαι.
1218 4533 1360 4586 Ἀλλ’
1386 4494 1425 4585 ὁ⁸
1456 4486 1806 4601 Χριστὸςῇὼε

1925 4524 2055 4579 dum
2082 4521 2319 4574 animam
2348 4512 2664 4568 deﬁcientes
2708 4503 3092 4572 corripiantur.
3111 4493 3253 4560 Quin
3279 4486 3504 4544 οιαὶιή-

2704 4598 2715 4610 ⁶
2738 4614 2747 4615 κ
2771 4609 2918 4615 --μ-η
2958 4599 3144 4615 “an”...
3194 4598 3293 4615 n..n
3342 4592 3504 4615 ,νοηρ

248 4634 455 4704 ποιμὴν
486 4630 738 4701 ἀληθινὸς
768 4629 861 4681 καὶ
896 4628 1149 4697 γνήσιος,
1180 4624 1321 4693 ὑπὲρ
1346 4625 1445 4694 τῆς
1471 4621 1666 4683 ἑαυτοῦ
1701 4622 1822 4675 ποί-

251 4744 392 4800 μνης
445 4724 643 4778 ἐδειλία
669 4724 763 4777 καὶ
792 4722 911 4793 ἕτρε
921 4737 1021 4789 μεν
1043 4736 1055 4748 ’
1086 4719 1176 4771 τὸν
1206 4717 1315 4788 γὰρ
1335 4713 1704 4785 ἀδημονοῦντα
1727 4714 1824 4767 καλ⁸

249 4819 599 4889 λυπούμενον
619 4817 770 4870 οὐδὲν
795 4811 863 4886 ἦν
883 4812 1111 4875 ἀπεικὸς
1136 4808 1417 4879 φοὸεῖσθαι
1449 4808 1545 4861 καὶ
1574 4806 1821 4878 τρέμειν,

251 4913 437 4968 πάντα
469 4910 640 4981 χωρὶς
670 4907 944 4978 ἁμαρτίας
970 4905 1036 4958 τὰ
1064 4904 1311 4974 ἡμέτερα
1352 4901 1629 4970 πάσχοντα
1651 4915 1664 4929 ο
1699 4899 1826 4951 οὐκ·

252 5007 350 5062 οῦν
376 5006 471 5059 καὶ
517 5003 707 5065 σκότος
738 5000 896 5054 αὐτὸν
932 4997 1169 5066 ἐκάλυψε
1200 4996 1260 5049 τὸ
1284 4996 1581 5065 ἡμέτερον.
1610 4991 1826 5045 Μᾶλλον

1925 4624 2062 4677 stus,
2094 4623 2351 4679 tanquam
2378 4618 2544 4660 verus
2571 4617 2634 4656 ac
2674 4598 2921 4653 sincerus
2958 4599 3164 4660 pastor,
3194 4598 3293 4653 pro
3342 4592 3505 4650 grege

1926 4722 2025 4763 suo
2075 4701 2259 4758 timuit
2319 4695 2691 4763 tremuitque:
2738 4684 3005 4755 siquidem
3065 4682 3386 4731 mmrentem
3442 4683 3506 4722 ac

1926 4801 2201 4856 dolentem
2239 4793 2318 4847 nil
2367 4786 2691 4860 prohibebat
2733 4782 2927 4835 timere
2972 4789 3036 4828 ac
3072 4780 3331 4831 tremere,
3382 4776 3507 4817 cum

1928 4894 2133 4959 absque
2184 4891 2406 4957 peccato
2470 4877 2652 4933 omnia
2714 4880 2900 4927 nostra
2947 4871 3276 4936 pateretur:
3324 4857 3509 4925 itaque

1929 4987 2092 5042 etiam
2129 4979 2368 5035 tenebrae
2414 4982 2614 5028 nostrae
2655 4968 2833 5038 ipsum
2886 4958 3303 5016 obumbrarunt.
3367 4947 3512 5014 Quin

253 5100 312 5155 δὲ
332 5097 523 5159 σκότος
544 5097 718 5149 ἐκεῖνο
738 5092 909 5160 λέγει,
928 5091 1063 5160 ὅπερ
1084 5044 1176 5140 τὶν
1202 5044 1407 5156 κόσμον
1431 5044 1666 5152 ἐκάλυψε
1688 5082 1806 5135 κατέ

1932 5074 2114 5148 potius
2146 5068 2397 5125 tenebras
2420 5064 2538 5117 illas
2593 5054 2864 5125 intelligit,
2891 5064 3014 5121 quae
3046 5044 3309 5100 mundum
3368 5052 3515 5092 con-

2594 5151 2605 5160 ·
2802 5156 2810 5160 -
2872 5145 2882 5160 ι
2919 5156 2994 5160 ηε
3023 5133 3269 5160 --μη--..Α
3291 5142 3488 5160 “mm...

254 5192 347 5245 τὸν
379 5189 573 5260 καιρὸν
596 5186 689 5239 τοῦ
718 5174 977 5254 σταυροῦ,
993 5181 1100 5235 ἀπὸ
1120 5178 1287 5249 ἕκτης
1309 5177 1455 5249 ὥρας
1478 5177 1581 5239 ἕως
1601 5175 1827 5245 ὲννάτης

259 5283 570 5353 γενόμενον.

338 5395 356 5425 ι
385 5373 494 5426 Kal.
526 5367 657 5425 εἶπα
683 5387 698 5402 °
731 5368 829 5431 Τίς
853 5367 1012 5421 δώσει
1046 5384 1135 5437 μοι
1183 5363 1494 5432 πτέρυγας;
1525 5380 1545 5414 ι

334 5467 639 5535 Πτέρυγας
667 5463 793 5525 τοὺς
826 5459 1158 5521 ἀποστόλους
1185 5458 1343 5512 καλεῖ
1362 5473 1377 5486 ⁸
1427 5458 1485 5509 ὲν
1517 5454 1697 5514 αὐτοῖς
1728 5451 1836 5521 γὰρ

265 5558 358 5613 ἐπὶ
389 5525 489 5628 την
518 5525 847 5623 οἰκουμένην
876 5552 1004 5622 ὅλην
1036 5551 1130 5603 τοῦ
1161 5547 1396 5620 Χριστοῦ
1442 5545 1502 5599 τὸ
1544 5543 1806 5615 μυστήριο

1949 5547 2216 5591 terrarum
2247 5530 2435 5585 orbem
2462 5525 2572 5579 Chr

267 5651 442 5720 ἐπτη,
482 5648 577 5701 καὶ.
603 5646 846 5716 καθάπερ
899 5649 955 5697 ἐν
996 5644 1261 5705 νεοσσιαῖς
1320 5637 1665 5710 Ἐκκλησῐαις
1707 5651 1841 5690 κατ-

350 5855 395 5885 ³⁶
429 5849 616 5907 Matth.
652 5864 799 5913 xxvn,
825 5848 914 5901 65.

1933 5173 2186 5224 texerunt
2202 5170 2446 5229 tempore
2463 5151 2640 5209 crucis
2656 5165 2685 5203 a
2699 5156 2850 5203 sexta
2872 5145 3003 5197 hora
3022 5152 3192 5207 usque
3206 5133 3273 5188 ad
3291 5142 3513 5186 nonam.

2012 5351 2178 5405 Vens.
2213 5346 2264 5399 7.
2297 5361 2316 5395 ί
2346 5342 2416 5396 Ει
2448 5337 2559 5393 dixi
2587 5353 2599 5388 :
2647 5331 2783 5399 Quis
2809 5322 3120 5384 dabitmibi
3148 5314 3398 5389 pennas?
3423 5332 3441 5363 ι

2009 5445 2221 5499 Pennas
2254 5446 2416 5493 vocat
2442 5428 2718 5502 apostolos
2744 5441 2759 5477 :
2791 5423 2848 5476 in
2876 5419 3010 5491 ipsis
3041 5415 3193 5470 enim
3216 5425 3314 5481 per
3342 5414 3519 5461 totum

2578 5521 2668 5576 isti
2701 5513 3024 5588 mysterium
3048 5502 3273 5564 volavit,
3291 5504 3347 5552 et
3370 5492 3522 5564 quasi

1956 5630 2014 5684 in
2034 5624 2261 5682 novellis
2288 5616 2545 5675 Ecclesiis
2590 5607 2858 5682 requievit
2891 5622 2905 5658 :
2943 5600 3074 5671 ipsis
3127 5583 3526 5667 quodammodo
