3962 6446
532 331 535 334 ’
590 367 727 434 1215

1774 381 2134 442 HESYCHII
2171 383 2641 449 PRESBYTERI

3706 402 3815 468 1216

588 486 703 540 alas
723 484 1004 552 columbae,
1037 485 1087 542 id
1119 497 1202 547 est
1261 488 1496 558 Spiritus
1535 488 1708 543 sancti
1755 490 2158 560 dispensatione

2262 496 2463 549 ἐπαυσε
2485 515 2497 527 ·
2532 498 2747 561 τούτοις
2769 495 2857 553 οἶα
2889 502 3171 573 πτέρυγας
3198 508 3571 577 περιστερᾶς.
3604 517 3816 570 τουτέστι

591 576 802 646 plenas,
884 586 1054 648 Optat.
1116 579 1381 635 Particula
1414 590 1593 634 autem
1647 582 1761 650 quis
1786 597 1895 635 non
1936 593 2022 638 est
2070 584 2158 640 hic

594 669 920 732 haesitantis,
956 672 1048 726 sed
1069 674 1251 740 potius
1283 672 1643 728 desiderantis
1671 683 1727 727 et
1751 675 2013 744 urgentis.

663 847 825 903 Vens.
879 849 931 902 9.
988 866 1005 899 ι
1071 848 1464 914 Exspectabam
1514 864 1639 902 eum
1679 849 1771 917 qui
1803 849 2012 902 salvum
2070 864 2157 903 me

592 941 719 996 fecit
741 957 771 994 a
807 940 1248 1010 pusillanimitate
1268 941 1489 1007 spiritus
1512 950 1565 995 et
1620 950 1961 1010 tempestate.
1993 961 2011 992 ›

662 1032 1161 1087 Pusillanimitatem
1182 1043 1337 1085 vocat
1366 1032 1765 1098 contumeliam,
1802 1043 2158 1102 tempestatem

589 1124 1420 1193 verovigorem,etviolentiam,
1474 1139 1535 1177 ac
1586 1124 1983 1178 vehementiam
2037 1133 2156 1177 ten-

593 1214 840 1279 tationis;
878 1230 908 1268 e
935 1230 1161 1283 quarum
1181 1215 1425 1283 utrisque
1449 1230 1479 1267 a
1508 1212 1616 1269 Deo
1633 1215 1894 1268 auxilium
1926 1226 2154 1284 praesto-

592 1306 829 1359 landum.
861 1307 1111 1362 Christus
1141 1317 1320 1362 autem
1352 1324 1463 1361 non
1500 1318 1752 1378 tanquam
1788 1308 1887 1363 sibi
1915 1308 2018 1378 ipsi
2050 1309 2157 1363 hoc

590 1396 745 1467 petit,
795 1398 888 1451 sed
942 1399 1201 1467 apostolis
1253 1399 1434 1453 animo
1488 1399 1863 1454 deﬁcientibus
1910 1408 2157 1468 tempore

588 1488 857 1558 passionis
876 1532 891 1552 ,
922 1490 992 1543 ita
1016 1499 1073 1544 ut
1102 1491 1432 1560 increpando
1458 1492 1523 1545 ad
1574 1492 1722 1560 ipsos
1750 1491 1944 1545 dixerit
1976 1505 1990 1541 :
2026 1488 2157 1544 Sic?

589 1577 707 1633 Non
733 1580 973 1648 potuistis
1013 1597 1118 1633 una
1143 1583 1270 1637 hora
1302 1583 1521 1653 vigilare
1556 1581 1794 1636 mecum?
1839 1580 2083 1652 Vigilate,
2108 1588 2155 1634 et

590 1682 760 1734 orate,
780 1681 835 1723 ut
860 1688 961 1726 non
1000 1673 1203 1727 intretis
1236 1675 1289 1726 in
1318 1674 1657 1727 tentationem
1685 1673 1751 1727 δι.
1781 1671 1936 1738 Quod
1962 1672 2007 1726 si
2028 1687 2157 1727 con-

590 1762 814 1830 spiratio
845 1763 898 1817 in
924 1764 1066 1818 malo
1105 1765 1242 1818 mala
1272 1765 1358 1826 sit.
1414 1766 1574 1818 etiam
1596 1780 1625 1819 e
1662 1766 1874 1821 diverso
1904 1779 2156 1835 magnum

2258 588 2485 660 πλήρεις
2516 590 2616 659 τῆς
2647 595 2913 663 χορηγίας
2956 597 3051 649 τοῦ
3095 599 3451 669 Πνεῦματος,
3490 600 3821 669 peditent.“

2257 680 2314 733 δὲ
2340 682 2428 747 τίς
2452 682 2553 735 οὐκ
2584 685 2917 755 ἀποροῦντος
2948 689 3200 755 ἐνταῦθα,
3231 690 3382 745 ἀλλὰ
3406 692 3472 744 τὸ
3505 694 3695 763 μᾶλλον
3724 701 3821 753 ἑπι-

2258 771 2559 840 θυμοῦντος
2583 776 2678 827 καὶ
2703 779 3141 848 κατεπείγοντος.

2333 881 2351 914 ι
2386 865 2803 939 Προσεδεχόμην
2840 870 2929 923 τὸν
2968 870 3214 935 σώζοντά
3247 889 3327 943 με
3358 873 3477 927 ἀπὸ
3507 873 3824 949 όλιγοψυχίις

2259 954 2355 1006 καὶ⁸
2380 957 2719 1024 καταιγίδος.
2755 979 2773 1011 ι

2341 1048 2771 1119 Ὀλιγοψυχίαν
2794 1052 2893 1124 τὴν
2918 1053 3186 1125 λοιδορίαν
3213 1056 3407 1124 καλεῖ,
3441 1062 3748 1131 mnarg-[da
3776 1068 3818 1121 δῖ’

2258 1139 2357 1209 τὴν
2384 1141 2567 1226 ἀκμὴν
2600 1142 2693 1196 τοῦ
2727 1146 3037 1216 πειρασμοῦ
3058 1188 3072 1209 ,
3107 1150 3199 1200 καὶ
3229 1148 3388 1218 βίαν,
3425 1154 3525 1204 καὶ
3555 1155 3819 1226 σφοδρότηο

2259 1248 2326 1283 τα
2349 1249 2360 1261 ·
2385 1225 2459 1283 ὧν
2479 1232 2539 1297 ἐξ
2559 1234 2826 1305 ἑκατέρας
2847 1239 2953 1309 χρὴ
2979 1239 3130 1310 παρά
3156 1240 3295 1292 Θεοῦ
3324 1244 3727 1312 προσδέξασθαι
3746 1225 3818 1319 τήν

2261 1320 2530 1392 βοήθειαν.
2549 1325 2606 1377 '0
2641 1327 2876 1397 Χριστὸς
2908 1329 2966 1381 δὲ
2995 1331 3094 1399 οὐχ
3125 1332 3201 1393 ὡς
3243 1333 3444 1403 ἑαυτῷ
3476 1334 3640 1388 τοῦτο
3680 1355 3817 1408 προσ-

2257 1412 2497 1483 εύχεται,
2530 1415 2665 1469 ἀλλὰ
2708 1421 2820 1482 τοῖς
2864 1421 3181 1486 ἀποστόλοις
3209 1424 3559 1494 ὀλιγωροῦσι
3591 1433 3721 1485 κατά
3750 1435 3818 1486 τὸν

2258 1505 2451 1594 καιρὸν
2481 1507 2578 1560 τοῦ
2610 1508 2815 1574 πάθους
2834 1529 2848 1543 '
2878 1511 3020 1565 ὥστε
3044 1516 3137 1568 καὶ
3167 1518 3311 1585 πρὸς
3336 1520 3552 1584 αὐτοὺς
3584 1524 3817 1594 ἐπιτιμῶν

2257 1590 2430 1649 εἶπεν·
2461 1598 2657 1664 Οὕτως
2673 1618 2690 1665 ;
2718 1604 2828 1656 οὐκ
2868 1606 3163 1673 ἰσχύσατε
3183 1610 3334 1677 μίαν
3360 1608 3534 1678 ὥραν
3563 1590 3815 1683 γρηγοή.

2258 1702 2399 1751 σαι;
2433 1691 2788 1760 Γρηγορεῖτε
2836 1697 2935 1749 καὶ
2968 1702 3425 1769 προσεύχεσθε,
3463 1705 3570 1758 ἵνα
3592 1708 3674 1775 μὴ
3718 1714 3795 1762 sic

2258 1776 2470 1844 ἐλθητε
2499 1784 2586 1846 εἰς
2618 1785 2971 1852 πειρασμόν.
3002 1788 3062 1840 Ei
3096 1790 3190 1841 ἐπὶ
3219 1792 3389 1862 κακῷ
3423 1796 3711 1863 συμφωνία
3734 1799 3816 1851 65:-

590 1852 792 1906 bonum
823 1864 927 1918 est,
956 1856 1237 1926 dissipatio
1264 1857 1315 1911 in
1358 1858 1499 1911 malo
1550 1857 1998 1926 conspirantimn.
2052 1855 2153 1922 Qui

2262 1869 2371 1928 νὺν.
2409 1871 2504 1923 καὶ
2535 1873 2600 1925 ἐκ
2632 1874 2727 1926 τοῦ
2762 1877 3005 1931 ἐναντίου
3063 1882 3204 1950 μέγα
3226 1852 3473 1953 ,ἀγαθὸν
3500 1852 3512 1863 '
3617 1888 3715 1939 τῶν
3742 1894 3812 1943 ἐπὶ

592 1941 774 2011 itaque
798 1943 852 1996 in
884 1944 1049 1999 turris
1078 1945 1488 2001 aedificationem
1555 1954 1966 2011 consenserant,
2034 1964 2157 2001 cum

592 2035 857 2091 haberent
883 2052 1068 2091 vocem
1094 2055 1257 2093 unam
1291 2049 1346 2094 et
1385 2040 1586 2093 labium
1615 2054 1806 2104 unum,
1830 2054 2021 2094 omnes
2053 2038 2160 2092 im-

593 2127 759 2196 pediti
777 2128 1014 2193 fuerunt,
1045 2133 1277 2186 maxima
1317 2132 1594 2202 impietate
1617 2132 1849 2197 confusi,
1874 2131 2018 2202 quod
2048 2145 2159 2184 non

590 2220 822 2290 amplius
843 2222 1108 2277 haberent
1142 2239 1334 2278 vocum
1370 2225 1807 2278 consensionem.

663 2339 889 2405 Quando
927 2343 1128 2397 malitia
1160 2343 1213 2397 in
1238 2344 1528 2413 semetipsa
1558 2342 1733 2397 divisa
1762 2340 1951 2406 fuerit,
1982 2338 2158 2394 securi

593 2443 783 2485 sumus
812 2432 901 2501 qui
932 2433 998 2486 ab
1030 2432 1116 2486 illa
1149 2449 1528 2504 oppugnamur
1562 2449 1575 2484 :
1613 2447 1721 2485 non
1759 2432 1991 2499 amplius
2009 2428 2157 2483 enim

594 2522 804 2577 insidiis
833 2523 951 2591 ejus
978 2525 1237 2579 creditur.
1264 2524 1476 2579 Etenim
1513 2523 1732 2578 Christo
1768 2522 2028 2576 miracula
2077 2520 2158 2574 fa-

593 2614 771 2669 ciente
803 2615 1114 2671 Judaeorum
1144 2617 1339 2685 linguai
1394 2617 1582 2671 divisae
1632 2624 1809 2670 sunt:
1855 2623 2013 2683 atque
2068 2613 2157 2667 alii

592 2705 812 2773 quidem
841 2706 1141 2759 dicebant:
1175 2701 1291 2758 Non
1325 2714 1400 2758 est
1442 2706 1524 2758 hic
1581 2704 1733 2757 homo
1786 2721 1819 2757 a
1867 2702 1991 2767 Deo,
2036 2703 2160 2773 quia

591 2794 879 2850 Sabbatum
900 2814 1001 2850 non
1024 2798 1263 2851 custodit.
1302 2798 1407 2849 Alii
1432 2806 1608 2849 autem
1639 2795 1885 2849 dicebant
1938 2811 1956 2850 :
2015 2793 2159 2858 Quo-

590 2889 743 2941 modo
787 2890 952 2957 potest
976 2891 1128 2941 homo
1180 2898 1422 2956 peccator
1471 2887 1603 2940 talia
1645 2887 1794 2956 signa
1845 2888 2053 2955 facere?
2092 2882 2159 2937 Et

590 2982 814 3035 schisma
843 2991 955 3034 erat
978 2983 1115 3035 inter
1149 2998 1231 3035 eos
1265 2982 1333 3033 θ’.

663 3140 827 3196 Vens.
860 3143 977 3197 l0.¢
1007 3141 1275 3208 Quoniam
1305 3140 1414 3195 vidi
1436 3138 1775 3209 iniquitatem
1800 3146 1855 3191 et
1882 3135 2158 3191 contradi-

589 3232 847 3287 ctionem.
894 3252 913 3286 ι

662 3347 797 3401 Dum
816 3345 1065 3401 Christus
1095 3345 1281 3415 inique
1318 3344 1684 3414 judicabatur,
1716 3341 1993 3397 contentio
2020 3338 2160 3395 facta

589 3447 692 3504 est,
721 3438 876 3492 Pilati
905 3438 1112 3492 scilicet
1142 3446 1195 3491 et
1219 3436 1523 3507 principum
1551 3434 1895 3489 sacerdotum
1942 3430 2159 3485 1υάωο-

588 3547 709 3585 rum
739 3548 753 3585 :
782 3531 872 3585 illo
895 3531 1109 3600 quidem
1155 3530 1407 3584 dicente:
1444 3527 1592 3581 Nihil
1624 3527 1829 3579 invenio
1886 3538 2059 3576 causa:
2106 3524 2162 3574 in

588 3623 681 3676 hoc
705 3624 910 3676 nomine
935 3623 978 3654 ³⁸
1003 3638 1018 3687 ;
1048 3622 1179 3691 ipsis
1204 3638 1333 3676 vero
1354 3620 1810 3691 respondentibus
1834 3634 1848 3669 :
1872 3616 1978 3670 Nos
1999 3616 2161 3684 legem

589 3715 863 3779 habemus;
902 3726 948 3767 et
969 3714 1160 3768 scimus
1205 3713 1329 3779 quia
1396 3712 1681 3765 secundum
1709 3709 1871 3780 legem
1928 3715 2161 3761 nostram

590 3807 733 3860 decet
764 3807 897 3859 mori
915 3806 979 3859 ³⁸.

656 3918 822 3973 Vens.
856 3919 943 3972 ‘ll.
977 3939 995 3970 ‹
1043 3918 1139 3972 Die
1170 3933 1235 3972 ac
1266 3924 1425 3971 nocte
1463 3913 1826 3971 circumdabit
1858 3928 1977 3967 eam
2001 3925 2161 3980 super

589 4026 774 4066 muros
808 4012 925 4081 ejus
954 4011 1216 4080 iniquitas
1246 4020 1301 4064 et
1324 4010 1480 4064 labor
1504 4009 1560 4062 in
1593 4007 1774 4061 medio
1796 4006 1935 4076 ejus.
1977 4024 1994 4056 ι

660 4120 759 4175 Die
786 4122 1026 4192 quidem,
1055 4122 1107 4176 id
1131 4130 1212 4177 est
1253 4131 1499 4190 tempore
1553 4118 1764 4183 crucis;
1822 4126 1967 4170 nocte
2008 4130 2158 4178 vero,

590 4214 644 4270 id
669 4225 754 4270 est
776 4224 1015 4285 tempore
1046 4214 1366 4284 proditionis
1392 4231 1406 4280 ;
1432 4229 1587 4282 super
1611 4227 1807 4274 muros,
1829 4209 1884 4263 id
1903 4216 2163 4277 estsuper

590 4307 898 4361 sacerdotes
953 4324 965 4360 :
1016 4306 1118 4376 ipsi
1167 4306 1312 4361 enim
1365 4314 1492 4359 sunt
1549 4302 1689 4359 muri
1723 4301 1906 4371 populi
1942 4319 1953 4355 :
1994 4300 2161 4352 fortes

588 4399 830 4469 quidem,
861 4399 988 4453 dum
1045 4397 1342 4453 secundum
1386 4398 1556 4466 legem
1609 4392 1897 4449 sacerdotii
1943 4391 2159 4455 vivunt;

588 4490 782 4544 cariosi
802 4506 930 4545 vero
960 4505 1024 4543 ac
1050 4490 1277 4554 ruinosi,
1303 4488 1521 4557 quando
1546 4503 1575 4539 a
1592 4486 1851 4556 dignitate
1870 4499 1965 4538 sua
1983 4481 2159 4535 aliena

2259 1960 2414 2031 κακῷ
2444 1966 2924 2033 συμφωνησάντων
2947 1967 3206 2033 διάλυσις.
3226 1974 3345 2027 Καὶ
3367 1977 3418 2027 oi
3454 1977 3813 2045 ὁμονοήσαντες

2258 2048 2387 2115 γοῦν
2417 2050 2510 2101 ἐπὶ
2545 2054 2609 2121 τῇ
2642 2055 2997 2128 πυργοποιίᾳ,
3035 2059 3095 2111 τὸ
3140 2058 3288 2128 ἔχειν
3330 2062 3524 2131 φωνὴν
3578 2065 3695 2133 μίαν
3736 2071 3807 2119 καὶ

2258 2140 2432 2209 χεῖλος
2459 2141 2539 2208 ἓν,
2578 2144 2774 2208 πάντες
2805 2148 3243 2221 ὲνεποδίσθησαν,
3287 2154 3537 2225 μεγίστῃ
3560 2156 3807 2229 δυσσεϐείᾳ

2260 2230 2644 2299 συγχυθέντες,
2674 2234 2748 2297 ὡς
2778 2237 2974 2304 μηκέτι
3003 2239 3323 2308 ὁμοφωνίαν
3360 2242 3531 2312 ἔχειν.

2333 2337 2499 2391 Ὅταν
2543 2342 2575 2411 ή
2626 2342 2796 2395 κακία
2843 2345 2964 2398 καθ’
2988 2348 3190 2420 ἑαυτὴν
3239 2351 3485 2422 μερισθῇ
3512 2394 3527 2418 ,
3560 2351 3739 2422 ἔχομεν
3762 2356 3804 2405 τὸ

2257 2428 2495 2496 ἀσφαλὲς
2517 2432 2565 2483 oi
2593 2434 2723 2503 παρ’
2752 2436 2921 2504 αὐτῆς
2950 2439 3354 2509 πολεμούμενοι
3377 2459 3392 2473 ·
3432 2443 3619 2495 οὐκέτι
3645 2447 3737 2512 γὰρ
3758 2448 3796 2496 αἱ

2257 2516 2317 2582 ἐξ
2342 2520 2510 2591 αὐτῆς
2535 2522 2821 2578 ἐπιϐουλαὶ
2850 2528 3220 2584 πιστεύονται.
3250 2532 3568 2603 Τοιγαροῦν
3597 2533 3682 2585 τοῦ
3702 2536 3799 2603 Χρι-

2260 2610 2386 2663 στοῦ
2440 2611 2984 2687 Θαυματουργοῦντος
3036 2621 3141 2676 τῶν
3176 2624 3458 2678 Ἰουδαίων
3503 2627 3556 2678 αί
3600 2626 3793 2693 γλῶσσαι

2257 2701 2611 2775 διῃρέθησαν⁸
2657 2707 2755 2761 καὶ
2780 2712 2836 2763 οἱ
2863 2711 2980 2779 μὲν
3008 2712 3218 2783 ἔλεγον
3248 2730 3261 2744 ·
3323 2717 3452 2769 Οὐκ
3503 2717 3629 2770 ἐστι
3674 2718 3797 2783 παρὰ

2261 2797 2408 2850 Θεοῦ
2431 2798 2786 2867 ὀᾶνθρωπος
2814 2798 3013 2869 οὗτος,
3038 2805 3124 2859 ὅτι
3146 2807 3217 2859 οὐ
3249 2806 3429 2874 τηρεῖ
3440 2806 3507 2861 τὸ
3521 2807 3789 2862 Σάϐϐατονυ

2258 2887 2433 2941 ἄλλοι
2489 2890 2729 2958 ἔλεγον
2762 2891 2892 2957 Πῶς
2946 2894 3194 2949 δύναται
3224 2897 3547 2965 ἅνθρωπος
3578 2900 3791 2967 ἁμαρτω-

2258 2980 2367 3045 λύς
2398 2981 2639 3037 τοιαῦτα
2677 2986 2895 3053 σημεῖα
2938 2988 3167 3051 ποιεῖν;
3216 2992 3330 3045 Καὶ
3372 2995 3605 3063 σχίσμα
3644 2989 3711 3063 ἦν
3740 2991 3791 3044 ἐν

2259 3072 2480 3138 αὐτοῖς.

2338 3164 2490 3219 «Ὅτι
2525 3163 2663 3224 εἶδον
2698 3172 2928 3242 ἀνομίαν
2960 3175 3054 3226 καὶ
3086 3174 3426 3244 ἀντιλογίαν.
3462 3194 3481 3227 ι

2332 3339 2438 3392 Τοῦ
2474 3342 2711 3410 Χριστοῦ
2758 3348 3082 3416 κρινομένου
3128 3352 3385 3421 ἀνόμως,
3416 3348 3673 3415 ἀντιλογία
3704 3347 3783 3400 τῶν

2261 3429 2574 3499 κρινόντων,
2610 3433 2840 3489 Πιλάτου
2875 3436 3077 3508 δηλαδὴ
3119 3442 3213 3493 καὶ
3254 3441 3372 3494 τῶν
3431 3439 3675 3493 Ἰουδαίων
3707 3439 3781 3505 ἀρ-

2260 3523 2487 3593 χιερέων
2534 3526 2775 3594 ὲγένετο’
2812 3527 2906 3581 τοῦ
2964 3530 3064 3599 μὲν
3111 3532 3395 3601 λέγοντος,
3430 3532 3613 3586 Οὐδὲν
3637 3530 3779 3582 αἴτιον

2260 3616 2515 3681 εὑρίσκω
2543 3617 2613 3669 ἐν
2636 3618 2716 3683 τῷ
2739 3619 3028 3689 ἀνθρώπῳ
3048 3623 3235 3687 τούτῳ
3251 3642 3264 3655 ο
3298 3625 3529 3677 ἐκείνων
3552 3624 3622 3676 δέ’
3638 3619 3770 3689 Ἡμεῖς

2260 3706 2447 3774 νόμον
2476 3704 2712 3777 ἔχομεν’,
2748 3712 2847 3764 καὶ
2894 3712 3158 3782 οἴδαμεν,
3196 3715 3282 3769 ὅτι
3309 3715 3469 3771 κατὰ
3511 3715 3611 3768 τὸν
3642 3712 3764 3779 νόμον

2260 3794 2430 3864 ἡμῶν
2467 3798 2695 3866 ὀφείλει
2724 3801 3069 3857 ἀποθανεῖν.

2338 3927 2356 3957 ι
2380 3908 2621 3982 Ἡμέρας
2644 3916 2738 3965 καὶ
2759 3915 2951 3977 νυκτὸς
2976 3916 3243 3970 κυκλώσει
3273 3917 3447 3988 αὐτὴν
3483 3918 3569 3970 ἐπὶ
3588 3915 3643 3968 τὰ
3661 3911 3760 3978 τείχη

2262 3998 2453 4069 αὐτῆς,
2495 4003 2701 4073 ἀνομία
2732 4006 2825 4058 καὶ
2853 4006 3012 4070 πόνος
3048 4010 3106 4060 ὲν
3137 4009 3288 4078 μέσῳ
3318 4009 3507 4078 αὐτῆς.
3534 4026 3551 4058 ι

2346 4112 2591 4181 Ἡμέρας
2623 4116 2722 4186 μὲν
2741 4158 2755 4181 ,
2791 4119 2930 4172 κατὰ
2960 4119 3049 4173 τὸν
3076 4120 3266 4191 καιρὸν
3295 4122 3391 4174 τοῦ
3424 4116 3658 4186 σταυροῦ’
3682 4130 3755 4163 νυ·

2263 4206 2403 4270 κτὸς
2434 4206 2509 4267 δὲ,
2543 4206 2680 4260 κατά
2705 4209 2796 4261 τὸν
2822 4210 3011 4281 καιρὸν
3041 4212 3137 4282 τῆς
3158 4212 3480 4282 προδοσίας’
3504 4208 3593 4263 ἐπὶ
3613 4207 3663 4259 τὰ
3678 4202 3756 4254 τεί-

2263 4315 2360 4365 χη,
2385 4297 2581 4369 δηλαδὴ
2604 4302 2695 4353 ἐπὶ
2714 4301 2840 4365 τοὺς
2875 4305 3039 4373 ἱερεῖς
3059 4323 3071 4334 ’
3097 4303 3250 4358 αὐτο)⁵
3275 4306 3384 4377 γὰρ
3410 4303 3555 4372 τείχη
3577 4298 3651 4352 τοῦ
3668 4289 3759 4347 λαοῦ

2261 4391 2617 4459 τυγχάνουσιν
2639 4409 2653 4423 ·
2687 4394 2883 4464 ἰσχυρά
2910 4396 3030 4465 μὲν,
3056 4396 3196 4450 κατά
3226 4398 3317 4449 τὸν
3352 4396 3511 4467 νόμον
3537 4393 3621 4462 τῆς
3649 4392 3762 4455 ἱερω·

2266 4481 2428 4550 σύνης
2457 4481 2656 4546 ζῶντες
2676 4501 2690 4515 ’
2726 4486 2901 4554 σαί)ρά
2933 4487 2988 4539 δὲ
3019 4490 3369 4551 πεπτωκότα,
3415 4490 3533 4541 ὅταν
3572 4478 3764 4544 ἀλλότρια

589 4590 840 4636 tractant.
876 4580 1219 4651 lniquitatem
1251 4595 1380 4635 vero
1409 4587 1462 4633 et
1491 4579 1733 4633 laborem
1761 4577 1814 4630 in
1842 4574 2020 4629 medio
2043 4574 2158 4642 ejus

2267 4573 2357 4627 τοῦ
2386 4578 2770 4648 προσχήματος
2800 4580 3148 4650 πράττουσιν.
3167 4580 3423 4652 Ἀνομίαν
3453 4578 3505 4631 δὲ
3539 4575 3618 4629 καὶ
3641 4569 3762 4652 κόπον

588 4686 640 4727 et
670 4675 986 4743 injuslitiam
1016 4682 1171 4727 vocat
1191 4672 1509 4726 servitutem
1532 4671 1727 4725 littera:
1759 4686 1771 4721 :
1798 4668 2157 4737 iniquitatem,

588 4766 712 4836 quia
736 4767 906 4836 legem
937 4766 1253 4835 spiritaliter
1278 4780 1387 4817 non
1413 4773 1703 4818 servarunt
1753 4782 1765 4816 :
1813 4759 2161 4830 injustitiam,

587 4855 712 4926 quia
737 4855 900 4909 tantis
928 4871 956 4908 a
989 4854 1148 4908 Patre
1202 4852 1482 4907 beneﬁciis
1520 4850 1720 4915 ail‘ccti,
1773 4850 2042 4904 medicum
2107 4854 2161 4901 et

588 4948 812 5001 altorem
849 4961 1006 4999 suum
1033 4945 1179 4999 cruci
1213 4944 1573 4998 tradiderunt.
1601 4943 1719 4997 Non
1760 4942 1947 5013 defecit
1974 4948 2159 4993 autem

589 5039 652 5091 de
673 5036 858 5105 plateis
879 5039 992 5107 ejus
1020 5055 1179 5091 usura
1212 5048 1258 5091 et
1280 5039 1448 5093 dolus.
1469 5036 1736 5093 Fortassis
1761 5035 1980 5105 quidem
1998 5032 2157 5087 etiam

587 5125 899 5180 Iudaeorum
926 5127 1206 5181 avaritiam
1229 5139 1405 5194 taxat;
1438 5128 1552 5198 qui,
1589 5127 1717 5181 dum
1753 5127 1838 5179 lex
1881 5125 2030 5194 ipsos
2076 5122 2159 5176 fc-

591 5218 768 5273 nerari
801 5220 1147 5286 prohiberet,
1176 5219 1301 5273 dolo
1334 5236 1526 5273 usuras
1552 5219 1671 5272 aliis
1696 5217 1942 5271 artiﬁciis
1973 5224 2162 5269 extor-

590 5310 849 5380 quebant.
875 5309 1141 5364 Caeterum
1178 5311 1512 5379 deccptionis
1548 5310 1709 5365 fenus
1738 5318 1821 5362 est
1840 5305 2158 5378 hypocrisis:

592 5403 710 5458 hac
736 5416 842 5455 una
869 5417 992 5455 cum
1026 5400 1149 5455 dolo
1180 5402 1245 5454 de
1268 5401 1652 5472 Hierosolyma:
1705 5399 1896 5468 plateis
1934 5398 2161 5451 minime

593 5493 795 5550 deiecit
832 5512 844 5548 :
878 5493 934 5547 in
965 5494 1030 5549 iis
1059 5494 1201 5547 enim
1248 5502 1502 5563 tanquam
1541 5494 1594 5547 in
1658 5491 1951 5544 virtutibus
2002 5476 2164 5543 valde

595 5584 969 5655 pra'lidebant.
1003 5584 1391 5640 Verumtamen
1420 5593 1473 5638 et
1508 5600 1608 5637 nos
1643 5599 1949 5646 caveamus,
1975 5597 2043 5634 ne
2077 5582 2165 5635 die

672 5765 710 5797 "
746 5764 933 5822 Matth.
958 5783 1101 5832 sui,
1142 5768 1225 5821 ~50.
1304 5767 1346 5798 ³³
1374 5765 1530 5823 Joan.
1566 5783 1637 5830 ix,
1680 5766 1758 5819 l6.

2263 4665 2318 4716 ἐν
2352 4666 2500 4736 μέσῳ
2534 4668 2736 4737 αὐτῆς,
2772 4670 2864 4721 καὶ
2893 4670 3105 4723 ἀδικίαν
3133 4650 3413 4739 λέγειὝτὴν
3450 4664 3662 4722 δουλείαν
3697 4650 3764 4706 τοῦ

2263 4757 2616 4827 γράμματος·
2647 4760 2894 4830 ἀνομίαν,
2923 4762 3004 4814 ὅτι
3030 4762 3120 4816 τὸν
3141 4764 3304 4833 νόμον
3334 4752 3675 4829 πνευματικῶς
3691 4746 3762 4798 οὐκ

2265 4849 2559 4916 ἐφύλαττον
2583 4865 2597 4880 '
2633 4852 2865 4919 ἀδικίαν,
2913 4855 2992 4906 ὅτι
3023 4855 3289 4918 τοσαύτας
3321 4852 3465 4925 παρά
3490 4847 3573 4903 τοῦ
3604 4832 3762 4905 [latim

2265 4943 2581 5014 εὐεργεσίας
2606 4945 2908 5015 δεξάμενοι,
2936 4949 3152 5019 σταυρῷ
3173 4950 3263 5002 τὸν
3293 4947 3465 5019 ἰατρὸν
3485 4936 3655 4997 καὶτὸν
3670 4944 3758 5019 τρν-

2268 5035 2373 5103 φέα
2403 5034 2745 5104 παρέδωκαν.
2771 5039 2890 5091 Οὐκ
2914 5017 3187 5103 ἐξέλειπε
3218 5041 3272 5093 δὲ
3302 5017 3507 5094 ἐκ-τῶν
3529 5017 3761 5085 πλατειῶν

2268 5125 2457 5192 αὐτῆς
2483 5126 2659 5191 τόκος
2689 5128 2785 5180 καὶ
2820 5128 3193 5195 δόλος.’ῐσως
3216 5132 3315 5199 μὲν
3336 5130 3423 5182 καὶ
3445 5126 3530 5194 τὴν
3557 5118 3646 5171 τῶν
3666 5111 3755 5205 Ϊ¹⁰⁹ζ

2267 5217 2428 5270 δαίων
2452 5218 2814 5290 φιλαργυρίαν
2838 5220 3113 5275 διαϐάλλει
3135 5239 3151 5254 ο
3181 5223 3393 5285 οἵτινες,
3414 5214 3619 5277 τοκίζειν
3637 5204 3755 5295 αὐτξυ

2269 5307 2361 5359 τοῦ
2393 5308 2557 5377 νόμου
2593 5307 2913 5372 κωλύοντος,
2951 5309 3087 5379 δόλῳ
3120 5311 3243 5373 τοὺς
3273 5311 3455 5370 τόκους
3480 5302 3539 5357 δι’
3562 5300 3752 5349 ἐπινοιων

2269 5400 2470 5468 ἐτέρων
2494 5400 2823 5469 ἐκέρδαινον.
2854 5401 3000 5471 Πλὴν
3018 5403 3174 5464 τόκος
3196 5402 3294 5471 τῆς
3316 5400 3511 5466 ἀπάτης
3534 5392 3561 5459 ἢ

2273 5506 2355 5552 σις
2374 5506 2388 5519 ο
2423 5488 2562 5559 αῦτη
2600 5490 2737 5559 μετὰ
2765 5490 2916 5543 δόλου
2942 5491 3040 5555 τὰς
3068 5491 3164 5560 τῆς
3202 5486 3531 5561 Ἰερουσαλὴμ
3553 5476 3749 5567 manu;

2272 5583 2371 5633 οὐκ
2399 5580 2652 5633 ἐπέλειπε
2670 5596 2683 5609 ·
2724 5581 2929 5652 σφόδρα
2955 5583 3062 5653 γὰρ
3090 5583 3177 5635 ἐπ’
3204 5583 3382 5646 αὐτοῖς
3401 5579 3467 5642 ὡς
3495 5571 3566 5628 ἐπ’
3584 5567 3745 5635 apem;

1843 5765 1887 5795 ³³
1912 5762 2040 5818 Luc.
2072 5778 2229 5827 XXIII,
2263 5762 2316 5825 4,
2391 5762 2435 5794 ³⁵
2463 5758 2619 5814 Joan.
2656 5776 2765 5827 xu,
2801 5762 2851 5815 7.
