4032 6422
158 378 286 442 1217

1236 373 1698 435 FRAGMENTA
1736 371 1819 431 IN
1858 370 2223 433 PSALMOS.

3259 378 3396 443 1218

152 494 640 568 ἐπαρρησιάζοντο.
672 495 817 567 Πλὴν
860 498 955 549 καὶ
1002 496 1163 566 ἡμεῖς
1209 491 1597 562 φυλαξώμεθα,
1632 489 1723 542 καὶ

1837 502 2003 556 neque
2029 498 2189 543 nocte
2218 503 2383 559 super
2412 504 2600 545 muros
2626 501 2859 557 nostros,
2896 508 3093 563 nempe
3142 496 3395 554 virtutes.

154 592 294 660 μήτε
329 590 541 660 ἡμέρας
575 590 713 659 μήτε
738 590 931 651 νυκτὸς
956 589 1048 641 ἐπὶ
1077 588 1146 642 τὰ
1166 587 1406 658 ἡμέτερα
1434 584 1609 654 τείχη,
1634 581 1729 652 δη·

152 683 284 753 λαδὴ
326 683 425 745 τὰς
472 683 693 753 ἀρετάς.
730 681 961 750 ἀνομίαν
992 679 1135 751 ἔχειν
1188 680 1219 749 ἢ
1251 679 1386 739 ὅλως
1419 677 1727 745 ἀντιλογίαν

156 776 585 847 καρτερήσωμεν
607 791 618 803 ·
647 775 781 827 ἀλλὰ
805 775 938 844 μηδὲ
958 775 1117 827 τόκον
1138 774 1169 842 ἢ
1194 772 1341 824 δόλον
1363 773 1419 824 ἐν
1444 772 1727 834 πλατείαις

156 869 275 929 ταῖς
310 868 606 939 ἡμετέραις
649 868 883 937 ἔχωμεν.
924 868 1181 919 Πλατείαι
1215 865 1323 935 γὰρ
1356 865 1451 917 καὶ
1474 864 1727 917 εύθυνοῦ-

162 978 250 1013 σαι
272 962 325 1013 αί
343 961 469 1024 ὁδοὶ,
489 961 547 1013 ἐν
568 955 655 1023 αἷς
676 960 744 1011 τά
768 960 1219 1029 πλημμελήματα
1243 959 1304 1011 οὐ
1328 958 1435 1028 μὴν
1456 959 1535 1021 είς
1561 956 1725 1027 ζωὴν,

159 1051 272 1104 ἀλλ’
295 1054 372 1114 εἰς
402 1050 681 1103 ἀπώλειαν
710 1052 951 1117 ἄγουσιν.

233 1146 384 1199 «Ὅτι
413 1148 462 1199 εί
489 1144 680 1216 ἐχθρὸς
710 1144 953 1198 ὠνείδισέ
989 1160 1076 1212 με.
1104 1162 1122 1194 ι

227 1317 441 1391 Φορητά
465 1316 535 1370 τὰ
554 1315 705 1388 παρὰ
722 1314 829 1369 τῶν
852 1312 1061 1384 ἐχθρῶν
1074 1310 1620 1380 ἀποκεκαλυμμένων
1639 1308 1727 1362 διὰ

157 1412 314 1465 τοῦτο
351 1410 666 1481 νομίζεται,
705 1407 1002 1478 ἐπειδήπερ
1040 1405 1262 1474 εὐχερὲς
1290 1403 1464 1455 ταῦτα
1499 1400 1731 1471 φυλάξα-

164 1505 307 1558 σθαι·
332 1505 380 1557 οἰ
402 1503 457 1556 δὲ
488 1504 632 1570 φίλοι
657 1498 1047 1561 δοκοῦντες,τὰ
1065 1497 1175 1549 τῶν
1206 1494 1419 1565 ἐχθρῶν
1444 1493 1730 1562 λογιζόμε-

162 1616 262 1661 νοι,
290 1597 389 1649 οὐκ
423 1596 531 1647 εἰσὶ
568 1590 795 1664 φορητοὶ
817 1606 829 1620 ·
869 1588 1047 1659 μέλιτι
1074 1588 1181 1659 γὰρ
1210 1587 1302 1641 τὸν
1344 1585 1421 1639 ίὸν
1462 1585 1730 1652 κεράσαν-

160 1704 248 1750 τες
274 1686 621 1747 λανθάνοντα,
654 1680 1127 1744 κατασκευάζουσι
1155 1680 1408 1735 θάνατον.
1442 1677 1612 1730 Τοῦτο
1638 1675 1733 1729 καὶ

159 1780 233 1850 τῷ
266 1779 433 1851 Ἰούδᾳ
475 1780 504 1831 ὁ
549 1777 781 1846 Χριστὸς
814 1776 904 1829 διὰ
939 1778 1036 1845 τῆς
1068 1772 1350 1844 παρούσης
1397 1768 1730 1841 προφητείας

1831 581 2128 636 habeamus
2163 582 2528 651 iniquitatem,
2550 587 2632 639 vel
2659 588 2881 641 omnino
2910 589 3398 646 contradictionem

1830 676 2157 731 toleremus:
2194 677 2286 731 sed
2321 693 2498 746 neque
2526 694 2744 732 usuram
2793 680 2877 732 vel
2907 680 3090 735 dolum
3120 682 3173 734 in
3208 683 3401 753 plateis

1830 769 2030 825 nostris
2061 769 2377 823 habeamus.
2417 770 2614 825 Plate:e
2634 771 2780 826 enim
2809 782 2861 825 et
2917 772 3036 826 latas
3094 773 3195 826 viae.
3246 783 3396 839 sunt,

1830 862 1885 915 in
1924 862 2119 931 quibus
2144 862 2337 916 delicta
2368 878 2474 915 non
2500 864 2565 917 ad
2599 864 2786 926 vitam,
2842 865 2937 919 sed
2992 865 3057 918 ad
3117 866 3397 921 interitum

1829 951 2054 1005 ducunt.

1903 1131 2227 1186 Vnus.l3.t
2274 1130 2540 1197 Quoniam
2599 1134 2645 1188 si
2706 1134 2962 1189 inimicus
3016 1137 3399 1205 exprobrasset

1831 1239 1938 1277 me.
1978 1243 1996 1274 1

1902 1316 1974 1369 Ea
2001 1333 2122 1387 quae
2154 1335 2182 1372 a
2214 1318 2522 1375 manifestis
2550 1318 2781 1374 inimicis
2832 1318 3144 1373 inferuntur
3195 1320 3397 1375 idcirco

1834 1408 2131 1464 tolerabilia
2161 1420 2476 1475 censentur,
2534 1411 2660 1480 quia
2705 1411 2863 1465 facile
2907 1421 2991 1466 est
3020 1415 3120 1468 ista
3158 1430 3394 1468 cavere:

1832 1502 2019 1571 atqui,
2048 1518 2171 1557 cum
2195 1504 2355 1557 amici
2377 1505 2682 1570 videantur,
2731 1504 2947 1560 hostilia
2990 1506 3395 1571 machiuautur,

1835 1595 2203 1649 intolerabiles
2227 1596 2539 1652 exsistunt:
2591 1598 2858 1666 siquidem
2900 1598 3060 1651 melle
3124 1614 3395 1653 venenum

1832 1685 2144 1750 miscentes,
2210 1687 2601 1741 clandestinam
2671 1698 2901 1743 mortem
2970 1690 3233 1745 inferunt.
3285 1690 3400 1746 Hoc

1832 1779 1994 1833 etiam
2025 1778 2178 1835 Judae
2197 1779 2449 1836 Christus
2479 1782 2730 1851 praesenti
2758 1784 3011 1839 vaticinio
3028 1785 3396 1853 exprobravit.

156 1864 555 1926 divst'otoev.'ﬂv
577 1870 661 1921 ἵνα
682 1867 1014 1939 παραστήσῃ
1037 1865 1173 1934 σα,φέ
1183 1862 1475 1935 στερον,τὰ
1494 1861 1727 1931 ἐχόμενα

1837 1870 1979 1935 Qum.
2016 1880 2072 1924 ut
2100 1871 2363 1942 propheta
2391 1873 2591 1927 clarius
2616 1882 2937 1943 exponeret,
2961 1875 3243 1943 sequentia
3267 1876 3397 1931 sub-

156 1968 184 2018 6
208 1965 496 2038 Προφήτης
526 1964 826 2031 ἐπήγαγεν·

232 2077 251 2110 (
281 2059 353 2111 Σὺ
380 2057 461 2120 δὲ,
498 2056 757 2125 ἄνθρωπε
793 2052 1038 2122 ίσόψυχε.
1074 2069 1093 2103 ι

226 2148 500 2217 Ἰσόψυχε,
538 2146 627 2199 διὰ
654 2145 752 2215 τὴν
787 2144 1044 2213 ἀγάπην,
1079 2143 1146 2213 ἢν
1189 2140 1319 2211 περὶ
1360 2139 1487 2202 τοὺς
1535 2137 1729 2190 ἑαυτοῦ

163 2241 403 2312 μαθητὰς
420 2242 448 2292 6
470 2238 668 2309 Κύριος
692 2236 1058 2297 ἐπεδείκνυτο,
1074 2233 1215 2287 ὥστε
1240 2232 1320 2301 τῷ
1337 2231 1509 2301 Πατρὶ
1531 2230 1727 2298 λέγειν’

164 2333 348 2401 Πάτερ
375 2332 522 2400 ἅγιε,
553 2330 819 2398 τήρησον
846 2327 1066 2392 αὐτοὺς
1095 2326 1163 2378 ἐν
1191 2324 1270 2389 τῷ
1305 2323 1551 2392 ὀνόματί
1590 2338 1729 2384 σου,

169 2422 273 2489 οὓς
299 2419 556 2485 δέδωκάς
584 2437 687 2488 μοι
706 2436 719 2448 ·
750 2420 851 2474 ἵνα
875 2413 1029 2472 ὦσιν
1056 2415 1149 2482 ἓν,
1180 2414 1376 2480 καθὼς
1405 2413 1504 2467 καί
1538 2413 1728 2483 ἡμεῖς.

189 2515 448 2584 Ἠτεμὼν,
484 2513 672 2583 ἐπειδὴ
723 2512 785 2563 τὸ
830 2508 1219 2579 γλωσσόκομον
1271 2507 1384 2559 τῶν
1438 2504 1734 2577 χρημάτων

177 2606 449 2678 βαστάζων
489 2604 685 2666 αὐτὸς,
733 2602 859 2665 ἴσως
900 2600 996 2671 τήν
1033 2598 1276 2665 ἐξουσίαν
1302 2598 1401 2668 τῆς
1428 2597 1736 2667 οἰκονομίας

168 2701 447 2767 ἐκέκτητο.
477 2695 743 2760 Γνωστὲ,
772 2695 950 2749 πάντα
975 2693 1083 2764 γὰρ
1114 2692 1186 2756 ὡς
1218 2691 1430 2764 μαθητῇ
1465 2690 1737 2746 ἀπεκάλυ-

163 2792 401 2861 ψεν.“ος
419 2789 517 2844 ἐπὶ
554 2788 622 2842 τὸ
660 2789 806 2842 αὐτὸ
837 2785 1176 2857 ὲτλύκυγάς
1198 2802 1296 2856 μοι
1323 2787 1394 2840 τὰ
1417 2784 1732 2854 ἐδέσματα.

162 2884 342 2946 Μόνος
387 2881 497 2953 γὰρ
547 2879 684 2951 μετὰ
728 2879 824 2933 τοῦ
860 2877 1038 2950 Ἰησοῦ
1087 2879 1381 2931 ἐνέϐαπτεν
1413 2877 1493 2940 είς
1520 2877 1581 2928 τὸ
1604 2891 1737 2946 τρυ-

161 2977 331 3029 ὀλίον.
348 2974 446 3028 Ἐν
472 2972 551 3040 τῷ
583 2973 729 3039 οἴκῳ
754 2971 861 3026 τοῦ
893 2970 1043 3025 Θεοῦ
1079 2970 1485 3037 ἐπορεύθημεν
1502 2967 1571 3020 ἐν
1595 2969 1737 3035 ὀμο-

159 3069 319 3138 νοίᾳ.
354 3065 513 3123 Οἴκον
553 3066 688 3121 Θεοῦ
725 3067 824 3135 τὴν
856 3064 994 3119 Σιὼν
1022 3062 1202 3132 λέγει’
1239 3064 1356 3115 ἐκεῖ
1386 3062 1489 3131 γὰρ
1522 3062 1579 3114 ἐν
1604 3064 1737 3131 ὁμο-

1824 1961 2002 2030 junxit
2026 1978 2041 2015 :

1905 2052 2064 2109 Vsus.
2101 2055 2185 2109 Η.
2226 2071 2245 2105 ι
2280 2055 2507 2111 Tuvero
2537 2057 2700 2112 homo
2727 2058 3017 2114 unanimis.
3058 2081 3076 2113 ι

1906 2145 2198 2211 Unanimis,
2231 2156 2455 2217 propter
2481 2148 2847 2216 dilectionem,
2902 2168 3062 2220 quam
3087 2169 3211 2224 erga
3243 2153 3402 2208 disci-

1834 2236 1990 2305 pulos
2019 2252 2148 2291 suos
2179 2236 2439 2291 Dominus
2467 2239 2727 2301 ostendit,
2785 2256 2908 2294 cum
2950 2241 3093 2297 Patri
3153 2245 3396 2299 diceret:

1832 2326 1994 2380 Pater
2021 2337 2219 2390 sancte,
2268 2345 2419 2382 serva
2450 2346 2534 2383 eos
2556 2331 2612 2383 in
2643 2333 2849 2386 nomine
2906 2343 3013 2393 tuo,
3040 2351 3167 2404 quos
3212 2336 3399 2389 dedisti

1832 2419 1960 2471 mihi
1992 2435 2010 2471 :
2038 2427 2093 2471 ut
2118 2420 2224 2472 sint
2244 2422 2576 2483 unum,sicut
2597 2431 2646 2476 et
2675 2439 2766 2476 nos
2786 2424 2851 2480 ³⁵.
2913 2424 3055 2489 Dux,
3109 2426 3235 2495 quia
3275 2442 3400 2481 cum

1836 2506 1953 2576 ipse
1974 2508 2310 2578 marsupium
2342 2511 2698 2579 pecuniarum
2726 2513 2912 2578 ferret,
2942 2515 3176 2570 fortasse
3208 2517 3286 2569 rei
3323 2516 3404 2570 fa-

1834 2598 2059 2654 miliaris
2085 2598 2322 2656 habebat
2348 2612 2691 2671 potestatem.
2728 2604 2917 2669 Notus,
2983 2607 3109 2676 quia
3147 2617 3400 2677 tanquam

1836 2692 2101 2761 discipulo
2124 2694 2176 2747 ei
2202 2696 2385 2749 omnia
2446 2697 2799 2752 revelaverat.
2847 2699 2948 2762 Qui
2989 2699 3153 2752 simul
3199 2716 3401 2753 mecum

1836 2782 2017 2837 dulces
2047 2784 2290 2852 cupiebas
2312 2786 2448 2839 cibos
2472 2786 2534 2840 ³⁸.
2571 2786 2730 2842 Solus
2760 2788 2905 2842 enim
2936 2804 3057 2841 cum
3077 2788 3205 2842 Jesu
3230 2788 3402 2842 intin-

1836 2877 1995 2949 gebat
2020 2894 2240 2933 manum
2273 2881 2327 2933 in
2350 2879 2551 2934 catino.
2587 2878 2653 2932 In
2682 2881 2836 2933 domo
2886 2878 2981 2932 Dei
3023 2880 3403 2933 ambulavimus

1837 2984 1953 3021 cum
1978 2984 2229 3022 consensu
2246 2968 2309 3022 ³⁷.
2338 2968 2568 3022 Domum
2598 2968 2689 3021 Dei
2746 2976 2902 3021 vocat
2945 2965 3165 3021 Sionem
3214 2982 3227 3019 :
3296 2966 3405 3020 illic

1837 3060 1982 3116 enim
2014 3075 2136 3113 cum
2166 3075 2437 3115 consensu
2464 3075 2675 3116 cmnam
2705 3058 2925 3113 Pascha:
2955 3075 3077 3114 cum
3122 3058 3406 3129 discipulis

160 3165 285 3233 νοίᾳ
312 3161 373 3214 τὸ
404 3160 615 3213 δεῖπνον
634 3156 730 3210 τοῦ
761 3156 953 3225 Πάσχα
979 3154 1116 3224 μετὰ
1141 3152 1251 3205 τῶν
1282 3151 1537 3222 μαθητῶν
1558 3152 1586 3203 6
1610 3152 1733 3220 Χρι-

1841 3152 2087 3207 Christus
2122 3152 2385 3222 perfecit;
2417 3168 2608 3207 verum
2663 3151 2830 3206 Judas
2860 3167 3031 3205 caena:
3083 3153 3404 3221 mysterium

163 3253 290 3314 σξὸς
310 3250 625 3303 ἐπετέλεσεν
644 3264 660 3279 ο
683 3247 744 3299 ού
776 3245 880 3317 μὴν
910 3242 1139 3314 ἐφύλαξε
1175 3240 1369 3307 Ἰούδας
1398 3240 1491 3295 τοῦ
1518 3241 1730 3294 δείπνου

1840 3262 1949 3301 ηοη
1977 3245 2321 3301 observavit:
2354 3245 2481 3299 inde
2548 3245 2695 3300 enim
2743 3258 2998 3315 egressus
3043 3244 3405 3313 proditionem

159 3350 223 3398 τὸ
260 3347 593 3417 μυστήριονο
624 3341 837 3396 ἐκεῖθεν
882 3339 988 3410 γὰρ
1034 3336 1265 3401 ἐξελθὼν
1306 3338 1405 3405 τὴν
1447 3334 1733 3406 προδοσίαν

1837 3337 2139 3392 adornavit.
2206 3335 2331 3391 Haec
2404 3336 2587 3406 itaque
2637 3336 2732 3390 Dei
2786 3335 3022 3405 Spiritus
3082 3344 3209 3390 ante
3285 3336 3408 3405 plu-

159 3436 421 3510 ἔπραξεν.
453 3439 615 3491 Ὥστε
646 3435 820 3488 ταῦτα
863 3432 941 3503 τῷ
989 3431 1221 3501 προδότῃ
1259 3430 1321 3483 τὸ
1362 3429 1585 3499 Πνεῦμα
1637 3425 1732 3480 τοῦ

157 3531 298 3583 Θεοῦ
332 3531 424 3582 καὶ
456 3527 560 3597 πρὸ
590 3526 800 3580 πολλῶν
827 3522 1034 3593 γενεῶν
1059 3522 1334 3586 ὀνειδίζων
1358 3520 1675 3590 ἐφθέγγετο.

242 3642 260 3673 ι
285 3621 517 3693 amem
550 3619 614 3687 δὴ
646 3618 874 3681 θάνατος
904 3616 988 3670 ἐπ’
1013 3613 1228 3677 αὐτούς.
1261 3632 1277 3665 ι

234 3713 409 3766 Τοῦτο
458 3712 815 3782 πεπλήρωται
862 3708 961 3780 μὲν
1012 3706 1105 3761 ἐπὶ
1155 3704 1233 3776 τῷ
1264 3703 1466 3774 Ἰούδαο
1494 3702 1594 3774 τὴν
1625 3702 1734 3773 γάρ

160 3804 459 3876 προδοσίαν
487 3803 690 3874 ἀγχόνη
717 3800 1008 3866 διεδέξατο.
1046 3797 1397 3867 πεπλήρωται
1424 3792 1600 3849 δὲκαὶ
1643 3793 1735 3845 ἐπὶ

159 3897 276 3949 τῶν
327 3895 506 3949 ἄλλων
555 3892 854 3946 Ἰουδαίωνο
885 3889 1124 3959 Χριστὸν
1152 3886 1260 3957 γὰρ
1297 3885 1394 3956 τὴν
1442 3883 1585 3954 ζωὴν
1635 3881 1734 3954 τὴν

160 3981 429 4053 ἀληθινὴν
463 3982 699 4052 ἔχοντες,
735 3978 1105 4049 ἀσεϐήσαντες
1151 3977 1231 4039 είς
1273 3974 1455 4038 αὐτὸν,
1486 3973 1591 4026 ὑπὸ
1636 3972 1736 4042 τὴν

158 4074 405 4145 φοϐεράν
435 4072 527 4127 τοῦ
553 4072 784 4127 θανάτου
819 4071 1062 4140 κατάραν
1095 4068 1360 4136 ἐγένοντο.
1389 4064 1656 4136 Παροικία
1680 4063 1737 4117 δὲ

157 4171 187 4220 6
217 4166 337 4237 βίος
356 4168 384 4219 6
408 4165 745 4237 ἀνθρώπινος
765 4163 1006 4231 λέγεται.
1031 4160 1163 4214 Οὐδὲ
1187 4160 1293 4229 γὰρ
1313 4160 1479 4213 οἰκεῖν
1505 4154 1737 4209 ἐνταῦθα

163 4259 338 4329 μέχρι
367 4256 567 4310 πολλοῦ
600 4254 897 4325 δυνάμεθα,
944 4253 1058 4307 ἀλλ’
1079 4252 1153 4315 ὡς
1194 4252 1469 4322 πάροικοι,
1501 4249 1629 4301 ὅταν
1663 4248 1738 4299 oi-

159 4351 505 4422 κοδεσπότης
562 4350 880 4422 προστάξῃ,
935 4346 1274 4417 παραχρῆμα
1344 4341 1735 4410 ἐκϐαλλόμεθα.

170 4445 403 4516 Ἐπειδὴ
436 4445 492 4497 δὲ
519 4442 811 4513 παροικίας
844 4442 871 4493 ὁ
898 4439 1189 4510 Προφήτης
1222 4436 1424 4498 πολλὰς
1455 4436 1576 4489 ἀντὶ
1611 4435 1738 4504 μιᾶς

1836 3429 2002 3483 rimas
2036 3429 2437 3499 generationes,
2492 3427 2756 3498 proditori
2808 3428 3211 3498 exprobrando,
3271 3428 3407 3482 insi-

1834 3521 2042 3575 nuavit.

1907 3611 2066 3666 Vens.
2095 3611 2180 3666 16.
2217 3631 2234 3663 ι
2270 3610 2466 3665 Veniat
2496 3626 2645 3665 mors
2682 3626 2845 3680 super
2861 3611 2999 3666 illos.
3036 3629 3055 3663 ι

1906 3703 2020 3759 Hoc
2039 3704 2257 3774 quidem
2291 3703 2345 3756 in
2373 3702 2513 3757 Juda
2546 3703 2828 3772 impletum
2882 3712 2969 3757 est
3000 3718 3013 3754 :
3044 3702 3409 3773 proditionem

1835 3797 1980 3850 enim
2003 3795 2476 3866 laqueusexcepit.
2506 3793 2651 3860 Quin
2680 3802 2736 3848 et
2786 3795 2842 3848 in
2874 3795 2994 3847 aliis
3038 3792 3244 3849 Judaais
3309 3795 3412 3849 im-

1835 3887 2039 3957 pletum
2067 3894 2185 3939 est:
2212 3900 2334 3940 cum
2370 3885 2514 3939 enim
2571 3885 2843 3939 Christum
2887 3886 3052 3939 vitam
3087 3901 3270 3941 veram
3314 3886 3412 3939 ha—

1837 3982 2050 4049 berent,
2094 3996 2220 4053 erga
2266 3982 2443 4051 ipsum
2502 3981 2670 4052 impie
2724 3996 2783 4035 se
2835 3991 3112 4053 gerentes,
3168 3982 3410 4037 terribile

1838 4076 2027 4130 mortis
2064 4075 2413 4129 maledictum
2451 4074 2823 4129 incurrerunt.
2883 4073 3052 4128 Porro
3086 4075 3411 4130 tabernacu-

1838 4169 1949 4221 lum
1979 4168 2210 4221 humana
2241 4167 2349 4220 vita
2385 4166 2604 4221 dicitur.
2663 4166 2918 4220 Habitare
2951 4167 3097 4220 enim
3139 4166 3227 4221 hic
3254 4167 3412 4237 longo

1841 4271 2083 4331 tempore
2112 4276 2217 4315 non
2240 4260 2480 4314 valemus
2504 4276 2518 4324 ;
2539 4260 2633 4314 sed
2666 4269 2922 4328 tanquam
2958 4259 3171 4326 incolae,
3193 4261 3409 4330 quando

1843 4352 2103 4407 Dominus
2171 4352 2367 4407 domus
2412 4353 2750 4421 praeceperit,
2779 4351 2922 4406 illico
2945 4353 3213 4422 ejicimur.
3270 4355 3407 4409 Cum

1841 4456 2020 4500 autem
2051 4446 2323 4515 Propheta
2354 4444 2520 4497 multa
2544 4444 2897 4498 tabernacula
2936 4461 3035 4515 pro
3057 4461 3164 4500 uno
3187 4446 3406 4513 dixerit,

157 4531 309 4597 εἷπε,
352 4533 452 4596 τὰς
484 4531 683 4594 πολλὰς
710 4530 819 4583 τῶν
845 4526 1148 4599 ἀνθρώπων
1176 4524 1320 4578 κατὰ
1360 4525 1451 4577 τὸν
1479 4525 1590 4594 βίον
1622 4524 1733 4577 δια-

1845 4537 2101 4606 plurimas
2124 4537 2408 4590 hominum
2434 4539 2486 4589 in
2518 4536 2621 4589 hac
2652 4537 2760 4589 vita
2783 4535 3122 4590 differentias
3148 4537 3405 4592 insinuat.

156 4627 342 4698 φορὰς
385 4623 703 4679 αἰνίττεται.
738 4623 801 4675 Oi
844 4622 942 4690 μὲν
980 4619 1087 4690 γὰρ
1117 4619 1280 4688 τυχὸν
1318 4616 1569 4686 ἀπορίαν,
1604 4617 1652 4668 οἱ
1683 4615 1741 4668 δέ

151 4718 465 4790 γεωργίαν,
499 4717 546 4769 οἱ
576 4715 632 4769 δὲ
657 4715 754 4785 τὴν
804 4715 862 4765 ἐν
891 4715 1002 4777 τοῖς
1048 4710 1213 4773 θείοις
1239 4709 1578 4778 λειτουργίαν
1616 4725 1745 4777 μετ-

152 4812 445 4881 έρχονται.
465 4805 602 4858 Ἀλλ’
626 4807 683 4857 ἐν
712 4804 847 4855 πᾶσι
875 4801 1088 4862 τούτοις
1121 4800 1170 4852 οἱ
1192 4800 1299 4851 τῶν
1332 4796 1596 4850 Ἰουδαίων
1618 4798 1743 4847 παῖ-

148 4902 248 4961 δες
282 4897 705 4969 ἐπονηρεύοντοο
733 4895 791 4948 ού
826 4894 934 4963 γάρ
970 4892 1127 4961 μόνον
1155 4892 1182 4943 6
1212 4889 1365 4951 ἄλλος
1395 4889 1586 4957 δῆμος,
1613 4887 1747 4940 ἀλλὰ

150 4994 257 5046 καὶ
299 4991 353 5042 oi
382 4990 503 5043 κατ’
536 4986 724 5058 ἐξοχὴν
750 4985 948 5048 αὐτῶν,
984 4984 1091 5037 εἴτε
1114 4982 1389 5053 ἄρχοντες,
1416 4981 1522 5032 εἴτε
1557 4982 1740 5049 ἱερεῖς,

149 5085 264 5152 τὴν
320 5079 584 5151 πονηρίαν
664 5079 833 5150 μέσην
886 5076 1062 5129 αὐτῶν
1116 5074 1303 5143 ὥσπερ
1357 5070 1740 5136 ἀπολαϐόντες,

155 5178 310 5248 μετή
322 5191 529 5245 ρχοντο.

244 5287 265 5319 ε
290 5266 436 5333 Ἐγὼ
469 5265 603 5335 πρὸς
628 5263 719 5316 τὸν
751 5260 884 5313 Θεὸν
915 5258 1206 5328 ἐκέκραξα.
1244 5276 1262 5310 ι

247 5361 315 5414 '0
344 5358 580 5427 Χριστὸς
620 5355 713 5408 καὶ
742 5352 913 5407 ταῦτα
960 5352 1138 5419 λέγει·
1180 5350 1315 5417 πρὸς
1354 5349 1462 5420 γὰρ
1493 5350 1585 5401 τὸν
1614 5348 1747 5402 Θεὸν

152 5451 372 5507 ἑαυτοῦ
408 5450 626 5519 Πατέρα
655 5444 940 5513 ἐκέκραξε,
972 5444 1066 5496 καὶ
1115 5443 1143 5495 ὁ
1189 5440 1394 5511 Κύριος
1424 5441 1744 5511 είσήκουσεν

150 5542 361 5599 αὑτοῦ.
380 5542 501 5595 Εἴτε
521 5541 580 5593 τὸ
599 5537 826 5606 Πνεῦμα
845 5535 1022 5603 λέγοις
1054 5534 1101 5605 (ὁ
1127 5534 1237 5604 γὰρ
1265 5534 1469 5603 Κύριος
1492 5534 1554 5586 τὸ
1580 5533 1743 5586 Πνεῦο

156 5637 247 5709 μά
286 5634 497 5699 ἐστιν),
530 5631 640 5685 εἴτε
685 5629 778 5684 τὸν
820 5627 1024 5699 Κύριον
1053 5626 1214 5680 αὐτὸν
1249 5625 1442 5679 ἐαυτοῦ
1488 5625 1739 5679 εἰσακού-

1840 4628 2117 4697 Siquidem
2142 4628 2251 4690 alii,
2279 4628 2424 4681 verbi
2440 4627 2687 4699 gratia,in
2718 4636 3054 4697 paupertate,
3082 4628 3170 4681 alii
3195 4629 3247 4680 in
3271 4631 3413 4699 agri-

1839 4719 2072 4777 cultura,
2093 4718 2182 4771 alii
2216 4719 2270 4771 in
2295 4718 2479 4772 divino
2502 4718 2643 4771 cultu
2670 4726 3013 4771 exercentur.
3040 4716 3238 4773 Verum
3258 4720 3310 4772 in
3331 4720 3415 4775 his

1840 4811 2090 4864 oumibus
2110 4809 2289 4864 Judzei
2322 4810 2572 4879 nequiter
2603 4825 2662 4863 se
2687 4821 2992 4881 gesserunt,
3053 4826 3161 4865 non
3235 4815 3412 4867 solum

1840 4901 1993 4970 plebs
2013 4902 2340 4965 communis,
2367 4902 2459 4955 sed
2483 4901 2644 4954 etiam
2700 4902 2995 4972 primicerii
3018 4920 3228 4968 eorum,
3287 4920 3412 4959 cum

1842 4993 2135 5063 principes,
2176 5004 2287 5047 tum
2315 4994 2627 5047 sacerdotes
2661 4995 2980 5064 nequitiam,
3005 4997 3158 5066 quasi
3193 4998 3246 5050 in
3294 5012 3411 5052 me-

1841 5084 1931 5138 dio
1962 5084 2045 5138 sui
2066 5083 2425 5154 excipientes,
2448 5085 2637 5139 sectati
2678 5094 2823 5143 sunt.

1914 5262 2070 5316 Vens.
2106 5260 2191 5315 17.
2231 5280 2248 5311 ι
2278 5261 2389 5332 Ego
2412 5262 2477 5316 ad
2500 5261 2668 5316 Deum
2690 5262 2935 5317 clamavi.
2972 5281 2991 5313 ι

1921 5353 2170 5409 Christus
2191 5354 2353 5407 etiam
2382 5355 2499 5409 lucc
2528 5355 2660 5409 dicit
2691 5374 2704 5408 :
2747 5355 3011 5424 siquidem
3037 5355 3103 5410 ad
3122 5356 3289 5409 Deum
3313 5355 3407 5409 Pa-

1853 5455 1988 5499 trem
2022 5461 2178 5499 suum
2204 5446 2476 5510 clamavit,
2506 5457 2559 5500 et
2615 5446 2877 5500 Dominus
2927 5448 3201 5501 exaudivit
3264 5462 3409 5501 eum.

1851 5535 1975 5590 Sive
2000 5535 2259 5606 Spiritum
2293 5537 2495 5590 dixeris
2531 5536 2813 5607 (Dominus
2852 5536 2993 5591 enim
3029 5535 3261 5605 Spiritus
3285 5536 3412 5604 est),

1850 5626 1963 5681 sive
2016 5626 2190 5697 ipsum
2252 5625 2537 5681 Dominum
2616 5627 2963 5697 semetipsum
3014 5626 3415 5693 exaudientcm,

255 5861 307 5892 ⁸⁸
335 5860 489 5914 Juan.
523 5875 652 5925 xvu,
687 5859 770 5912 ll.
847 5858 892 5887 ¹⁶
925 5857 1109 5911 Matth.
1141 5869 1282 5918 xxvi,
1312 5854 1401 5911 23.
1481 5854 1522 5885 ⁸⁷
1558 5855 1721 5912 Marc.
1752 5872 1863 5924 xxv,
1885 5856 1974 5912 20.
