3962 6422
659 356 798 427 1213

1824 362 2699 439 ΠΕΞΥΟΗΙΙῬΒΕΞΒΥΤΕΒῙ

3732 396 3832 465 1250

659 474 847 547 utique
876 476 966 532 hic
993 476 1340 533 manifestum
1366 478 1445 545 ﬁt,
1474 479 1749 535 Christum
1800 483 2017 550 quidem
2075 501 2213 541 orart

2335 508 2503 545 σαντα
2532 511 2545 524 -
2583 492 2777 547 οὐκοῦν
2808 494 3057 549 ἐντεῦθεν
3104 497 3283 568 δῆλον,
3311 499 3389 565 ὡς
3417 506 3740 577 προσεύχεται
3765 517 3835 583 μὲν

658 576 718 623 ut
748 568 1102 623 humanitatis
1129 569 1303 639 legem
1336 570 1614 633 observet,
1659 571 1836 641 ipsum
1871 573 2230 632 nihilominus

656 657 1005 725 semetipsum
1033 657 1290 711 exaudire
1322 674 1336 710 :
1361 659 1476 728 ipse
1498 660 1641 713 enim
1676 661 1950 730 propriam
1970 679 2228 718 consum-

656 757 769 802 mat
800 748 1120 811 oralionem,
1147 749 1274 802 dum
1298 764 1362 802 ea
1385 765 1505 818 qua:
1536 759 1593 803 ut
1635 751 1798 805 homo
1830 762 2003 823 rogat,
2040 757 2226 810 eadem

658 848 910 907 tanquam
947 839 1086 892 Deus
1108 840 1455 909 exsequitur:

730 927 892 983 Vens.
918 928 1003 983 l8.
1041 948 1057 978 ι
1101 929 1357 998 VeSpere,
1389 940 1443 984 et
1473 947 1653 997 mane,
1677 943 1729 986 et
1757 936 2002 990 meridie.
2046 956 2064 987 ι

722 1019 816 1073 Vel
840 1029 1024 1073 narrat
1048 1021 1302 1089 mysteria
1335 1037 1455 1090 qua:
1471 1023 1630 1077 dictis
1655 1028 1989 1094 temporibus
2007 1040 2223 1097 peracta

655 1119 800 1165 sunt.
828 1110 1049 1180 Vespere
1071 1112 1312 1181 quidem,
1338 1115 1555 1183 quando
1571 1113 1779 1185 Joseph
1813 1118 1992 1186 ipsum
2025 1123 2223 1192 sepeli-

654 1202 840 1262 vit,et
868 1201 1196 1256 Nicodemus
1251 1204 1369 1273 ejus
1406 1219 1591 1257 curam
1644 1207 1845 1276 gessit,
1908 1218 1964 1262 et
2014 1226 2220 1277 rursus,

653 1294 1039 1363 quandoostiis
1066 1294 1247 1349 Sionis
1301 1296 1519 1360 clausis,
1595 1301 1893 1354 secundum
1948 1302 2224 1373 ingressus

653 1394 757 1439 est.
787 1384 941 1439 Mane
963 1401 1112 1450 vero,
1133 1388 1349 1457 quando
1370 1389 1634 1443 adductus
1675 1390 1775 1444 fuit
1809 1393 1864 1445 in
1900 1394 2057 1449 l’ilati
2087 1412 2226 1465 pra:-

657 1477 853 1531 torium
873 1518 891 1542 ,
926 1488 982 1533 et
1008 1479 1225 1549 quando
1252 1496 1284 1534 a
1332 1482 1561 1536 mortuis
1596 1498 1883 1555 resurgens
1908 1488 2225 1544 mulieribus

655 1570 1003 1640 semetipsum
1062 1572 1449 1626 manifestavit.
1498 1573 1734 1639 Meridie,
1789 1578 2007 1645 quando
2073 1581 2222 1635 cruci

655 1660 844 1717 afﬁxus
875 1662 993 1723 fuit,
1028 1673 1083 1718 et
1124 1672 1283 1719 terra;
1333 1674 1540 1719 motum
1596 1667 1869 1733 excitavit,
1914 1684 2021 1722 non
2078 1670 2222 1727 illam

656 1754 897 1819 interire,
936 1755 1296 1809 sedinnovari
1325 1771 1389 1810 ac
1442 1759 1718 1813 emendari
1751 1760 1958 1815 volens.
2016 1761 2080 1816 Et
2125 1778 2223 1818 cur

654 1841 756 1897 ista
810 1860 870 1898 Se
924 1853 1271 1898 narraturum
1311 1846 1553 1914 recepit?
1580 1846 1713 1912 Quia
1740 1848 1999 1902 nimirum
2050 1851 2215 1905 etiam
2254 1830 2298 1885 Β

652 1946 847 1994 caetera
870 1938 1144 2009 Unigeniti
1167 1940 1422 1994 miracula
1442 1941 1811 1998 continebant.
1842 1942 1994 1998 Unde
2009 1959 2223 2015 quoque

652 2030 867 2084 Patrem
896 2047 1054 2085 suum
1079 2031 1221 2086 hanc
1236 2048 1423 2087 vocem
1454 2033 1835 2088 exauditurum
1862 2036 2076 2103 asserit,
2097 2052 2221 2090 cum

654 2120 1038 2189 praedictorum
1091 2123 1474 2193 mysteriorum
1528 2126 2045 2181 commemoratione
2090 2142 2219 2198 gau-

651 2210 798 2265 deat.

710 2301 875 2358 Vens.
907 2304 990 2358 l9.
1025 2323 1043 2355 t
1071 2304 1324 2360 Bedimet
1352 2307 1407 2359 in
1438 2322 1570 2376 pace
1592 2308 1830 2362 animam
1856 2324 2054 2364 meam.
2088 2328 2108 2362 ι

718 2394 844 2448 Sive
876 2395 1133 2459 militum,
1156 2397 1248 2465 qui
1269 2398 1575 2466 sepulcrum
1600 2399 1719 2469 ejus
1734 2399 2218 2470 obsidebantﬁsive

649 2485 909 2541 falsorum
966 2489 1209 2554 testium,
1258 2490 1350 2558 qui
1403 2491 1580 2561 ipsum
1622 2492 1971 2548 criminantes
2029 2494 2217 2564 judicii

648 2587 894 2648 tempore
917 2580 1363 2645 circumdabant;
1426 2581 1542 2636 sive
1600 2591 1927 2652 potestatum
1978 2584 2213 2639 inferna«

647 2670 801 2736 lium,
849 2687 971 2739 quae
1024 2673 1202 2741 ipsum
1264 2673 1484 2741 quidem
1518 2674 2003 2744 obstupescebant,
2054 2677 2215 2733 simul

646 2778 777 2817 vero
803 2764 966 2818 etiam
1002 2765 1365 2819 observabant
1394 2782 1462 2820 ne
1502 2768 1809 2822 universam
1833 2768 2212 2827 defunctorum

646 2855 1010 2925 captivitatem
1067 2857 1368 2912 reduceret.

711 3029 874 3087 Vens.
919 3032 1009 3088 21.
1070 3052 1089 3084 ι
1148 3033 1407 3089 Extendit
1480 3051 1700 3091 manum
1758 3053 1912 3094 suam
1949 3039 2005 3094 in
2060 3042 2213 3096 retri-

645 3126 884 3183 buendo.
921 3147 941 3180 ο

709 3217 999 3273 Accuratio
1028 3219 1327 3289 prOphetia:
1355 3221 1517 3292 hujus
1534 3223 1694 3294 digna
1733 3233 1816 3278 est
1838 3224 2212 3281 admiratione.

646 3308 923 3378 Siquidem
953 3310 1056 3365 hoc
1102 3316 1265 3367 rebus
1314 3311 1445 3380 ipsis
1492 3313 1544 3367 in
1571 3313 1710 3368 Juda
1769 3315 2214 3383 deprehenditur,

642 3399 862 3468 quando
884 3410 1193 3472 argentum,
1227 3403 1552 3473 proditionis
1602 3405 1858 3473 pretium,
1883 3407 2216 3476 principibus

643 3492 991 3547 sacerdotum
1047 3494 1337 3549 restituere
1374 3496 1581 3562 volens,
1637 3499 1944 3552 necessario
1995 3515 2214 3554 manum

646 3583 911 3636 extendit.

719 3671 882 3727 Vens.
937 3675 1031 3729 22.
1097 3694 1117 3727 ι
1175 3676 1366 3732 Molliti
1394 3686 1525 3731 sunt
1588 3680 2002 3750 sermonesejus
2052 3696 2214 3752 super

642 3765 843 3820 oleum.
887 3785 905 3818 ι

707 3855 903 3923 Judaei,
934 3858 1127 3928 inquit,
1162 3875 1442 3916 sermones
1494 3860 1769 3916 habebant
1819 3864 1954 3918 adeo
1998 3865 2207 3931 molles,

642 3958 705 4004 ut
735 3950 900 4004 etiam
935 3966 1151 4005 omnem
1173 3951 1564 4022 benignitatem
1594 3969 1852 4023 superare
1878 3955 2208 4022 viderentur,

643 4041 701 4095 in
731 4041 929 4111 quibus
962 4043 1061 4097 Dei
1091 4044 1413 4113 sapientiam
1463 4045 1777 4112 tentabant;
1809 4063 1917 4102 non
1941 4063 2097 4103 secus
2150 4063 2213 4102 ac

642 4142 824 4187 nautae
853 4150 951 4203 per
980 4134 1186 4189 bolides
1223 4151 1373 4189 mare
1401 4137 1712 4205 explorant;
1738 4139 1831 4192 sed
1854 4153 1971 4192 eam
1990 4138 2211 4194 minime

641 4226 956 4296 attigerunt.
990 4225 1130 4291 Quid
1152 4228 1298 4281 enim
1327 4228 1464 4283 bolis
1494 4229 1547 4282 in
1573 4230 1765 4299 abysso
1795 4230 1972 4284 facere
2006 4233 2211 4300 possit?

642 4316 883 4386 Abyssus
928 4326 1109 4371 autem
1167 4324 1252 4371 est
1305 4317 1397 4372 Dei
1456 4319 1753 4388 sapientia;
1795 4320 1862 4374 de
1922 4336 2025 4389 qua
2048 4324 2209 4376 etiam

639 4406 838 4461 Paulus
890 4408 1065 4463 dixit:
1112 4408 1155 4464 0
1207 4410 1430 4464 altitudo
1475 4413 1780 4465 divitiarum
1829 4415 2102 4480 sapientia:
2160 4424 2208 4467 et

2331 586 2360 637 ὁ
2390 585 2623 655 Χριστὸς
2647 585 2881 653 φυλάξαι
2911 590 3002 640 τὸν
3034 590 3195 659 νόμον
3216 592 3319 661 τῆς
3349 594 3733 669 ἀνθρωπότητος
3754 606 3840 673 βω.

2330 674 2577 743 λόμενος,
2604 674 2722 729 ἀλλ’
2746 678 2897 747 ὅμως
2948 681 3110 743 αὐτὸς
3156 683 3352 736 ἑαυτοῦ
3399 686 3686 744 είσακούει’
3722 698 3839 761 αὐτὸς

2329 769 2437 839 γὰρ
2464 770 2563 842 τὴν
2584 772 2788 826 οἰκείαν
2819 773 3059 827 ἐπιτελεί
3087 780 3422 848 προσευχὴν,
3464 782 3597 854 ἀπερ
3621 786 3753 851 avo;
3774 793 3844 843 ἂν-

2331 861 2545 931 θρωπος
2578 862 2816 928 εὔξεται,
2852 865 3026 920 ταῦτα
3055 869 3131 931 ὼς
3159 869 3291 934 Θεὸς
3327 874 3609 929 ἐπιτελῶν.

2403 973 2422 1003 t
2448 954 2741 1024 Ἐσπέρας,
2771 958 2864 1010 καὶ
2895 958 3059 1027 πρωῒ,
3088 961 3182 1011 καὶ
3217 938 3587 1034 μεσημθρὶας.
3618 986 3634 1018 ι

2402 1044 2471 1095 Ἢ
2499 1044 2832 1112 ἀπαγγέλλει
2865 1046 2933 1099 τά
2964 1048 3103 1099 κατά
3145 1051 3271 1113 τοὺς
3304 1052 3626 1122 εἰρημένους
3668 1062 3842 1130 καιροὺς

2326 1139 2692 1207 πεπραγμένα
2729 1140 3024 1209 μυστήρια.
3047 1141 3349 1211 Ἑσπέρας
3399 1145 3518 1213 μὲν,
3565 1149 3698 1212 ὅπως
3726 1155 3841 1205 αὐτὸν

2326 1226 2559 1282 ἔθαπτεν
2591 1229 2806 1301 Ἰωσὴφ.
2832 1234 2925 1284 καὶ
2950 1234 3209 1303 ἐκήδευσε
3235 1236 3574 1307 Νικόδημος·
3606 1242 3689 1293 καὶ
3709 1245 3838 1306 πάλιν,

2325 1315 2473 1379 ὅπως
2512 1318 2619 1370 τῶν
2651 1319 2831 1389 θυρῶν
2863 1321 2962 1390 τῆς
2995 1323 3132 1374 Σιὼν
3161 1323 3589 1394 κεκλεισμένων,
3619 1332 3841 1400 εἰσήρχετο

2324 1406 2594 1477 δεύτερον.
2632 1411 2787 1477 Πρωῒ
2813 1409 2889 1475 δὲ,
2927 1413 3074 1476 ὅπως
3104 1415 3395 1485 ἀπηνέχθη
3444 1418 3523 1480 είς
3570 1418 3626 1471 τὸ
3667 1420 3838 1476 nam

2326 1501 2666 1572 πραιτόριον,
2698 1503 2792 1555 καὶ⁵
2815 1505 2963 1567 ὅπως
2989 1508 3051 1557 ὲκ
3076 1507 3287 1577 νεκρῶν
3311 1508 3554 1571 ἀναστὰς
3573 1514 3683 1573 ταῖς
3704 1530 3841 1577 γυναι-

2326 1588 2408 1653 ξὶν
2438 1591 2627 1644 ἑαυτὸν
2655 1594 2958 1662 ἐνεφάνισε.
2994 1598 3384 1664 Μεσημϐρίας
3404 1638 3419 1661 ,
3452 1598 3597 1660 ὅπως
3624 1601 3839 1672 ἐσταυρώ-

2324 1681 2414 1749 θη,
2447 1682 2541 1735 καὶ
2568 1682 2665 1753 τὴν
2696 1684 2871 1736 κτίσιν
2903 1685 3214 1750 ἐσάλευσεν,
3248 1687 3351 1739 ούκ
3377 1688 3637 1741 ἀπολέσαι
3664 1693 3837 1761 ταύτην.

2328 1774 2442 1826 ἀλλ’
2469 1774 2813 1829 ἀνακαινίσαι
2848 1778 2941 1831 καὶ
2975 1777 3269 1847 διορθῶσαι
3315 1779 3652 1849 βουλόμενος.
3676 1783 3839 1837 Καὶδὰ

2324 1868 2381 1919 τί
2430 1868 2600 1922 ταῦτα
2645 1870 2947 1940 διηγεῖσθαι
2992 1872 3288 1941 ὑπέσχετο;
3328 1874 3549 1945 Ἐπειδὴ
3579 1883 3837 1945 nepita-nati

2324 1960 2420 2015 καὶ
2457 1960 2565 2014 τῶν
2599 1961 2800 2015 λοιπῶν
2825 1963 2922 2016 τοῦ
2952 1965 3297 2031 Μονογενοῦς
3332 1966 3626 2036 Θαυμάτων
3664 1967 3837 2036 ἐτύγχα-

2322 2056 2603 2109 νεν.”Οθεν
2628 2054 2792 2110 αὑτοῦ
2825 2073 2956 2128 φησι
2979 2057 3074 2110 καὶ
3105 2061 3197 2112 τὸν
3223 2060 3451 2129 Πατέρα
3469 2061 3564 2128 τῆς
3590 2062 3744 2131 φωνῆς
3761 2065 3833 2113 εἱσι

2321 2144 2676 2210 ακούσεσθαι,
2709 2149 2775 2217 τῇ
2807 2147 3056 2220 διηγήσει
3100 2148 3211 2203 τῶν
3249 2151 3565 2221 μυστηρίων
3596 2152 3695 2204 τῶν
3729 2154 3833 2222 εἰρη-

2323 2237 2498 2309 μένων
2525 2238 2807 2309 χαίροντα.

2393 2348 2412 2381 ι
2444 2330 2796 2401 Λυτρώσεται
2827 2332 2885 2385 ὲν
2918 2333 3109 2404 εἰρήνῃ
3133 2334 3233 2402 τὴν
3258 2332 3445 2403 ψυχήν
3475 2351 3595 2403 μου.
3628 2352 3643 2384 ι

2388 2423 2512 2476 Εἴτε
2557 2424 2667 2475 τῶν
2719 2425 3093 2496 στρατιωτῶν,
3126 2426 3331 2488 οἵτινες
3387 2425 3551 2480 αὐτοῦ
3594 2425 3675 2478 τὸν
3707 2428 3823 2493 τάφοι

2317 2512 2674 2567 ἐκύκλωσαν·
2725 2514 2836 2567 εἴτε
2880 2514 2988 2567 τῶν
3037 2515 3530 2587 ψευδομαρτύρων,
3564 2517 3689 2585 ὑπὲρ
3716 2518 3824 2569 αὑτὸν

2319 2604 2812 2674 συκοφαντοῦντες,
2846 2607 3216 2677 περιέστησαν
3250 2610 3313 2660 ἐν
3340 2608 3421 2678 τῷ
3453 2608 3621 2678 καιρῷ
3641 2608 3720 2677 τῆς
3740 2608 3821 2676 κρί-

2316 2714 2485 2761 σεως·
2540 2699 2650 2751 εἴτε
2691 2699 2801 2751 τῶν
2853 2701 2909 2751 ὲν
2961 2698 3063 2771 ᾅδῃ
3113 2700 3441 2769 δυνάμεων,
3482 2699 3537 2752 αἲ
3574 2700 3687 2767 περὶ
3714 2698 3823 2749 αὑτὸν

2313 2790 2449 2860 ὁμοῦ
2500 2791 2599 2861 μὲν
2639 2790 3115 2861 ὲκπληττόμεναι,
3148 2792 3282 2861 ὁμοῦ
3316 2792 3372 2845 δὲ
3408 2792 3501 2844 καὶ¹
3542 2789 3817 2861 φρουροῦσι,

2314 2880 2458 2934 ὥστε
2498 2882 2571 2953 μὴ
2609 2883 2786 2935 πᾶσαν
2841 2881 2949 2934 τῶν
3012 2883 3225 2951 νεκρῶν
3261 2881 3365 2955 τὴν
3397 2881 3740 2952 αἰχμαλωσίαν
3762 2883 3820 2932 ἀν-

2312 2975 2539 3040 αγαγεῖν
2551 3010 2565 3025 .
2633 3021 2641 3029 .

2389 3085 2407 3116 ‹
2430 3064 2693 3129 Ἐξέτεινε
2715 3066 2814 3137 τὴν
2842 3067 3002 3137 χεῖρα
3028 3064 3195 3118 αὑτοῦ
3225 3066 3283 3118 ὲν
3310 3065 3392 3135 τῷ
3420 3065 3715 3119 ἀποδίδοναι.
3737 3082 3751 3112 ο

2387 3236 2675 3308 Θαυμάσαι
2711 3236 2808 3309 τὴν
2845 3239 3133 3311 ἀκρίϐειαν
3182 3241 3281 3311 τῆς
3334 3242 3653 3313 προφητείας
3694 3241 3812 3306 ἄξιον.

2316 3327 2508 3390 Αύτοϊς
2528 3330 2638 3399 γὰρ
2664 3328 2850 3397 ἔργοις
2879 3329 3040 3383 τοῦτο
3072 3332 3164 3385 ἐπὶ
3197 3333 3288 3385 τὸν
3325 3333 3499 3387 Ἰούδα
3531 3332 3812 3403 καταλαμϐά-

2316 3432 2487 3481 νεται,
2504 3419 2591 3470 ὅτε
2614 3417 2674 3470 τὸ
2697 3417 2959 3489 ἀργύριον
2988 3420 3088 3488 τῆς
3112 3423 3403 3492 προδοσίας
3442 3428 3551 3485 τοῖς
3596 3421 3813 3492 ἀρχιερεῦ-

2316 3525 2399 3561 σιν
2426 3508 2768 3579 ὑποστρέψαι
2804 3509 3110 3581 βουληθεὶς,
3143 3514 3461 3583 ἀναγκαίως
3486 3516 3579 3584 τὴν
3603 3517 3724 3584 χεῖρα
3754 3514 3811 3577 έξ⁶

2316 3598 2535 3652 έτεινεν.

2390 3707 2407 3739 t
2433 3688 2846 3761 Ἠπαλύνθησαν
2875 3693 2924 3744 οἱ
2960 3691 3110 3761 λόγοι
3138 3694 3303 3748 αὐτοῦ
3342 3697 3485 3768 ὑπὲρ
3511 3697 3714 3749 ἔλαιον.›

2385 3869 2610 3937 Λόγους,
2658 3872 2842 3940 φησὶν,
2888 3867 3035 3941 εἶχον
3086 3873 3136 3924 oi
3171 3872 3417 3926 Ἰουδαῖοι
3471 3873 3701 3933 ἀπαλοὶις,
3731 3865 3790 3916 καὶ

2311 3962 2651 4032 χρηστότητα
2686 3962 2824 4015 κατὰ
2864 3962 2925 4014 τὸ
2962 3962 3150 4015 δοκοῦν
3178 3964 3402 4017 ἃπασαν
3443 3962 3793 4033 ὑπερϐαίνοντας,

2312 4054 2368 4104 ὲν
2394 4046 2472 4115 οἷς
2496 4051 2594 4123 τὴν
2620 4051 2713 4105 τοῦ
2738 4052 2874 4105 Θεοῦ
2906 4054 3097 4122 σοφίαν
3122 4053 3418 4124 ἐπείραζον
3437 4072 3450 4085 ο
3474 4055 3641 4121 ὥσπερ
3659 4051 3693 4101 ol
3709 4045 3797 4098 v15-

2312 4159 2402 4195 ται
2436 4143 2754 4213 πειράζουσι
2786 4143 2874 4197 διὰ
2919 4144 3138 4214 βολίδων
3180 4145 3278 4214 τὴν
3315 4146 3611 4200 θάλατταν
3641 4141 3684 4193 οὐ
3717 4135 3793 4205 μὴν

2311 4233 2559 4301 ἔφθανον.
2601 4234 2667 4287 Τί
2713 4234 2821 4305 γὰρ
2867 4234 3013 4303 βολὶς
3050 4238 3108 4289 ἐν
3144 4235 3371 4306 ἀδύσσῳ
3401 4236 3612 4303 ποιῆσαι
3635 4230 3797 4297 δυνήσε-

2310 4340 2430 4389 ταις
2459 4323 2728 4386 Ἀϐυσσος
2776 4325 2831 4377 δὲ
2880 4328 2910 4395 ἡ
2959 4325 3055 4377 τοῦ
3100 4326 3234 4379 Θεοῦ
3286 4328 3485 4396 σοφία’
3530 4316 3798 4394 πρὶῆςκαὶ

2310 4415 2522 4478 Παῦλος
2569 4416 2779 4483 ἔλεγεν·
2828 4412 2901 4469 Ὦ
2939 4418 3135 4481 ,Βάθος
3197 4421 3469 4473 πλούτου
3513 4417 3698 4485 σοφίας
3729 4409 3797 4462 καί

637 4498 869 4551 scientia:
914 4498 1059 4553 Dei!
1107 4517 1265 4571 quam
1310 4504 1843 4572 incomprehensibilia
1895 4516 2014 4558 sunt
2056 4506 2199 4575 judi-

2316 4506 2582 4575 γνώσεως
2614 4506 2761 4560 Θεοῦ
2788 4506 2807 4559 .’
2835 4508 2913 4573 ὡς
2933 4508 3374 4576 ἁνεξερεύνητα
3398 4511 3469 4563 τὰ
3492 4510 3704 4577 κρίματα
3722 4502 3799 4554 αὑ·

639 4589 722 4642 cia
780 4590 929 4659 ejus,
977 4602 1026 4645 et
1078 4592 1458 4665 investigabiles
1511 4597 1610 4649 vite
1679 4597 1854 4665 ejus”
1896 4598 1908 4650 !
1964 4599 2095 4667 quin
2150 4606 2205 4651 et

640 4678 871 4747 ipsemet
894 4680 980 4734 hic
1028 4679 1297 4752 Propheta
1361 4702 1373 4738 :
1427 4684 1644 4737 Justitia
1686 4696 1777 4738 tua
1825 4687 1956 4740 sicut
2006 4698 2203 4741 montes

644 4769 738 4824 Dei
770 4787 788 4823 :
803 4771 1008 4839 judicia
1034 4778 1124 4827 tua
1152 4774 1365 4844 abyssus
1426 4776 1594 4829 multa
1627 4777 1691 4831 ³9.
1727 4777 1988 4833 (Ζωιετυιιι
2022 4797 2207 4835 exem-

642 4861 811 4931 plaria
843 4864 1099 4916 nonnulla
1130 4865 1347 4931 habent,
1370 4866 1558 4920 Molliti
1612 4881 1732 4922 sunt
1762 4886 2022 4924 sermones
2067 4872 2199 4941 ejus.

645 4950 720 5007 ιω
773 4962 833 5007 ut
884 4954 1195 5009 vaticinium
1232 4958 1297 5010 ad
1359 4956 1554 5012 ludam
1593 4959 1857 5015 referatur
1894 4980 1905 5014 :
1938 4961 2024 5016 hic
2058 4964 2203 5017 enim

636 5058 916 5099 sermones
937 5062 1065 5101 suos
1087 5062 1184 5117 per
1218 5048 1470 5116 ﬁgmenta
1501 5053 1780 5118 emollivit,
1835 5053 1965 5107 dum
2034 5070 2202 5124 quan-

638 5135 816 5202 doque
874 5136 1093 5205 quidem
1142 5154 1324 5193 curam
1370 5158 1669 5212 pauperum
1727 5145 2090 5213 przetendunt,
2143 5153 2201 5199 ut

636 5241 952 5282 crumenam
978 5230 1185 5299 clepet;
1217 5234 1543 5303 quandoque
1570 5250 1699 5289 vero
1728 5252 1823 5305 per
1845 5238 2091 5291 osculum
2145 5247 2200 5292 et

636 5314 1014 5372 salutationem
1040 5318 1256 5375 Christo
1281 5322 1532 5376 illudens.

706 5484 870 5545 Vens.
902 5489 993 5545 25.
1027 5510 1044 5542 t
1076 5490 1227 5547 Jacta
1249 5509 1411 5562 super
1434 5494 1722 5549 Dominum
1751 5511 1934 5550 curam
1974 5506 2140 5551 tuam.
2174 5518 2192 5551 ι

703 5575 830 5634 Haec
844 5581 1007 5635 etiam
1036 5584 1194 5637 nobis
1221 5583 1361 5638 dicta
1389 5584 1659 5639 credimus
1684 5604 1697 5638 :
1727 5587 1769 5642 si
1801 5588 2014 5642 enimin
2031 5588 2199 5645 Deum

702 5778 748 5810 ⁸⁸
777 5777 931 5833 Rom.
961 5797 1024 5849 tt,
1053 5781 1143 5837 33.
1220 5783 1263 5815 ”
1301 5780 1444 5838 Psal.
1474 5800 1632 5847 xxxv,
1672 5783 1720 5839 7.

2309 4598 2433 4662 τοῦ,
2460 4597 2559 4651 καὶ
2594 4598 3039 4666 ἀνεξιχνίαστοι
3083 4602 3141 4652 αἱ
3184 4600 3311 4654 ὁδοὶ
3356 4599 3571 4654 αὑτοῦ]
3605 4594 3731 4653 αὐτὸς
3759 4589 3799 4641 δὲ

2308 4681 2457 4748 οὗτος
2502 4686 2531 4737 ὁ
2574 4687 2900 4755 Προφήτης’
2966 4686 3029 4740 Ἠ
3082 4686 3436 4755 δικαιοσύνη
3478 4704 3584 4740 σου
3624 4684 3689 4746 ὡς
3724 4678 3798 4745 ἔβη

2308 4773 2453 4826 Θεοῦ
2472 4788 2486 4803 ⁸
2512 4773 2584 4825 τὰ
2610 4774 2862 4841 κρίματά
2893 4792 3008 4828 σου
3037 4775 3309 4841 ἄϐυσσος
3335 4775 3551 4842 πολλή.
3568 4770 3701 4825 Ἀλλὰ
3720 4765 3798 4817 τῶν

2303 4865 2657 4934 ἀντιγράφων
2691 4866 2811 4919 ἔνια
2863 4866 2995 4936 ἔχει,
3017 4867 3480 4935 Ἠπαλύνθησαν
3506 4870 3554 4919 οἱ
3571 4858 3797 4930 λόγοισιν-

2302 4955 2597 5010 τοῦ.Ὢστε
2639 4956 2738 5026 τὴν
2788 4958 3126 5027 προφητείαν
3161 4959 3240 5021 εἰς
3272 4960 3362 5011 τὸν
3399 4958 3584 5011 Ἰούδαν
3622 4948 3792 5017 ἐκφέρε-

2303 5047 2460 5097 σθαι·
2492 5039 2645 5106 οὗτος
2670 5045 2777 5114 γὰρ
2808 5047 3000 5098 ἑαυτοῦ
3030 5048 3156 5109 τοὺς
3186 5046 3376 5114 λόγους
3422 5046 3505 5097 διὰ
3549 5042 3642 5095 τῶν
3682 5034 3791 5089 εἰδώ-

2300 5138 2407 5191 λων
2437 5138 2732 5208 ήπάλυνεν,
2766 5140 2894 5191 ποτὲ
2928 5139 3024 5209 μὲν
3061 5140 3170 5191 τῶν
3199 5139 3426 5210 πτωχῶν
3458 5124 3787 5208 προσποιουμέ·

2301 5247 2423 5292 νους
2452 5230 2728 5301 κήδεσθαι,
2762 5231 2848 5284 ἵνα
2878 5231 3086 5303 κλέπτῃ
3115 5232 3175 5282 τὸ
3204 5232 3607 5299 γλωσσόκομον·
3637 5212 3788 5275 ποτὲδὲ

2299 5322 2385 5374 διὰ
2418 5322 2721 5393 φιλήματος
2751 5323 2842 5376 καὶ
2874 5322 3168 5391 ἀσπασμοῦ
3200 5323 3292 5375 τὸν
3322 5323 3543 5393 Χριστὸν
3564 5305 3783 5384 εἰρωνευά

2304 5429 2483 5483 μενος.

2375 5521 2393 5553 ‹
2418 5502 2739 5573 Ἐπίρῤιψον
2770 5504 2860 5556 ἐπὶ
2888 5503 3093 5574 Κύριον
3124 5505 3223 5575 τὴν
3265 5501 3518 5575 μεριμνᾶν
3541 5512 3639 5548 σ⁰υ’
3663 5507 3677 5539 ¹
3716 5570 3750 5583 η

2380 5590 2644 5662 Είρῆσθαι
2665 5591 2765 5663 μὲν
2798 5594 2937 5647 αὐτά
2956 5595 3201 5665 καὶπρὸς
3232 5597 3374 5665 ἡμᾶς
3394 5588 3693 5649 πιστεύομεν
3713 5576 3779 5625 ἐὰν
