3962 6428
86 409 252 476 1221

1299 400 1763 468 FRAGMENTA
1800 395 1881 456 IN
1919 392 2278 454 PSALMOS.

3254 380 3389 445 1222

81 532 221 603 γὰρ
257 532 359 603 τῷ
390 530 511 601 Θεῷ
536 529 632 592 τὰς
662 526 940 598 ἡμετέρας
978 525 1269 598 φροντίδας
1313 521 1710 595 ὲιιτιῤῥίιζιωμεν¹

1822 508 2215 566 sollicitudines
2252 514 2468 560 nostras
2518 500 2938 571 conjecerimus,
2972 496 3148 566 ipsum
3173 507 3227 551 et
3255 500 3393 552 edu-

82 622 295 676 αὐτὸν
336 625 539 695 τροφέα
565 621 660 674 καὶ
688 618 991 690 στηριγμὸν
1012 658 1027 683 ,
1056 617 1195 670 ὥστε
1230 616 1492 687 μηδαμῶς
1524 613 1715 666 σαλεῦ-

83 715 320 784 θῆναι,
352 715 678 787 εὑρήσομεν.
713 714 875 764 Δοκεῖ
904 710 961 764 δέ
997 727 1087 780 μοι
1118 709 1213 762 τοῦ
1248 708 1419 761 Ἰούδα
1457 704 1713 776 μνησθεὶς

79 808 114 859 ὁ
153 807 510 876 Προφήτης,
541 804 855 871 ἀναγκαίως
896 802 991 855 καὶ
1036 802 1128 853 τὸν
1170 800 1379 869 Πέτρον
1407 796 1713 868 ᾖνὶξασθαι,

87 900 192 951 ἵνα
225 900 568 967 σφάλματος
593 895 852 950 ἀκουσίου
877 895 970 946 καὶ
993 891 1440 964 παραπτώματος
1464 889 1712 942 ἑκουσίου

83 991 395 1060 διαφορὰν
450 988 777 1059 ἐνδείξηται.
825 987 929 1039 Τὸν
993 988 1101 1055 γὰρ
1154 985 1359 1054 Πέτρον
1409 983 1572 1035 ἓνεκα
1618 978 1712 1033 τοῦ

89 1083 455 1150 σφάλματος
484 1083 586 1151 τῆς
624 1081 907 1151 ἀρνήσεως
945 1075 1407 1148 παραθαρρύνων,
1436 1076 1525 1127 καὶ
1575 1090 1711 1145 προ-

86 1174 352 1244 τρέπων
379 1174 460 1235 είς
493 1172 807 1242 μετάνοιαν,
834 1168 1126 1240 maciem
1175 1166 1253 1237 τῷ
1284 1166 1403 1235 Θεῷ
1434 1167 1533 1234 τὴν
1573 1164 1712 1234 ὑπὲρ

88 1266 340 1320 τούτων
371 1264 746 1335 προτρέπεται
780 1262 1074 1333 μέριμναν,
1102 1259 1497 1331 διατρέψαιτὸν
1535 1258 1712 1327 μαθηο

89 1359 204 1428 τὴν
221 1363 307 1429 τῇ
328 1359 636 1431 συγγνώμῃ
660 1357 982 1425 δυνάμενον,
1000 1356 1095 1409 καὶ
1126 1355 1199 1426 μὴ
1231 1353 1615 1425 συγχωροῦντα
1635 1355 1715 1416 είς

91 1451 196 1503 τὸν
234 1451 431 1505 αίῶνα
461 1451 623 1504 σάλον
649 1450 727 1521 τῷ
749 1450 946 1519 δικαίῳ
973 1446 1230 1515 γενέσθαι
1248 1462 1262 1475 ·
1297 1444 1434 1499 ἀλλὰ
1459 1444 1564 1499 κᾶν
1590 1445 1716 1497 ύπο-

99 1541 261 1615 μένῃ
297 1543 443 1614 πρὸς
471 1543 685 1612 καιρὸν,
716 1541 917 1605 εὐθέως
947 1539 1136 1593 τοῦτον
1168 1540 1248 1602 είς
1272 1538 1514 1609 γαλήνην
1549 1550 1714 1607 μετα-

96 1634 425 1688 ϐάλλοντα.

182 1745 203 1776 ι
232 1726 392 1794 Ἐγὼ
421 1726 500 1791 δὲ,
535 1725 728 1795 Κύριε,
754 1723 925 1778 ὲλπιῶ
955 1724 1047 1777 ἐπὶ
1078 1722 1159 1775 σέ.
1192 1742 1213 1775 ι

187 1815 258 1868 '0
294 1815 499 1879 πιστὸς
530 1814 739 1882 λεγέτω
762 1813 921 1867 τοῦτο
940 1831 954 1847 ·
976 1816 1009 1884 ή
1041 1814 1146 1885 γὰρ
1165 1816 1246 1877 είς
1267 1813 1399 1867 Θεὸν
1429 1812 1584 1874 ἐλπὶς
1604 1811 1711 1866 τῶν

104 1906 315 1961 κακῶν
341 1906 668 1977 ἐλευθερίαν
700 1906 921 1974 ἀγαθῶν
945 1923 1007 1959 τε
1038 1908 1258 1961 πάντων
1285 1905 1586 1975 παρουσίαν
1607 1920 1707 1973 χα-

108 2001 363 2072 ρίζεται.
737 2063 745 2071 _

695 2090 990 2144 ΨΑΛΜΟΣ
1025 2090 1152 2143 NE'.

180 2202 207 2236 1
238 2185 346 2247 Εἰς
386 2184 447 2237 τὸ
481 2183 654 2248 τέλος,
683 2182 823 2252 ὑπὲρ
859 2181 956 2233 τοῦ
986 2179 1113 2235 λαοῦ
1139 2179 1234 2232 τοῦ
1261 2177 1372 2232 ἀπὸ
1401 2177 1511 2233 τῶν
1540 2177 1710 2247 ἁγίων

121 2275 633 2348 μεμακρυμμένου,
663 2294 681 2325 ι
714 2291 768 2329 κ.
795 2290 846 2326 τ.
879 2273 930 2327 λ.

188 2370 361 2421 Δοκεῖ
399 2385 513 2429 πως
563 2364 783 2419 ἐναντία
817 2360 955 2417 εἶναι
1001 2364 1102 2433 τῆς
1141 2364 1469 2434 προγραφῆς
1504 2361 1573 2415 τὰ
1612 2361 1710 2433 ῥή-

134 2477 291 2529 ματα.
314 2459 668 2528 Ἐπεδήμησε
706 2458 804 2525 μὲν
844 2458 953 2527 γὰρ
996 2457 1026 2508 6
1072 2454 1235 2507 Δαδὶδ
1279 2456 1345 2524 τῇ
1392 2453 1514 2517 Γὲθ,
1549 2452 1712 2523 ἡνίκα

140 2552 238 2604 ἀπὸ
261 2551 447 2604 Σαοὺλ
478 2549 904 2620 ἐδραπέτευσεν⁹
934 2548 997 2600 οὑ
1028 2548 1135 2617 μὴν
1174 2547 1406 2617 ἐπέσχον
1442 2546 1535 2599 τὸν
1579 2561 1711 2615 προ-

144 2644 307 2713 φήτην
365 2645 413 2695 οί
458 2641 780 2710 ἀλλόφυλοι,
821 2639 957 2693 ἀλλὰ
1008 2641 1101 2691 καὶ
1150 2639 1353 2707 μᾶλλον
1398 2637 1708 2704 ἀπώσαντο,

135 2736 323 2806 ἐπειδὴ
378 2734 708 2803 ἐξεστηκότα
757 2736 852 2785 καὶ
894 2733 1213 2805 παράφορον
1261 2733 1317 2783 tv
1362 2732 1483 2793 ταῖς
1522 2729 1713 2801 θύραις

136 2829 513 2899 κιθαρίζοντα,
544 2829 641 2881 καὶ
674 2826 849 2879 σίελον
876 2828 1285 2897 ἀπορρίπτοντα
1314 2825 1407 2879 τοῦ
1447 2825 1712 2895 στόματος

134 2920 494 2990 ὑπεκρίνατο,
530 2918 606 2980 ὡς
635 2919 669 2986 ἡ
706 2917 887 2987 βίϐλος
937 2918 1046 2969 τῶν
1094 2916 1396 2969 Βασιλειῶν
1447 2916 1709 2969 δείκνυσι.

133 3012 263 3063 Τινά
311 3011 376 3063 δὲ
424 3011 519 3063 καὶ
566 3010 694 3063 λαόν
746 3009 1215 3080 μεμακρυμμένον
1242 3008 1351 3061 ἀπὸ
1380 3007 1488 3060 τῶν
1518 3007 1710 3076 ἁγίων,

136 3104 270 3174 ὑπὲρ
292 3097 361 3156 οὗ
390 3103 485 3155 τὸν
506 3101 721 3171 ψαλμὸν
752 3104 780 3154 6
807 3101 971 3154 Aa6‘t6
999 3100 1227 3171 ἔγραψε,
1256 3099 1547 3172 ζητοῦντες
1574 3099 1713 3153 κατά

1816 609 2054 655 calorem
2094 605 2148 651 et
2178 595 2578 649 ﬁrmamentum
2628 604 2748 643 esse
2781 585 3135 655 reperiemus,
3182 602 3250 640 ne
3286 587 3392 641 ulla

1816 692 2026 746 ratione
2047 700 2505 743 commoveantur.
2547 682 2815 736 Caeterum
2841 696 2964 736 cum
3005 678 3393 748 ProphetaJu-

1815 784 1896 838 dae
1920 782 2110 836 fecerit
2140 779 2493 842 mentionem,
2543 776 2693 829 visus
2722 783 2805 827 cst
2836 772 2967 826 mihi
2991 772 3215 826 Petrum
3249 787 3390 840 quo-

1814 892 1919 945 que
1951 872 2263 929 necessario
2286 870 2614 933 insinuasse,
2638 878 2698 921 ut
2740 867 2925 936 lapsus
2954 864 3304 919 involuntarii
3335 872 3390 919 et

1814 967 2036 1022 sceleris
2080 963 2372 1021 voluntarii
2413 959 2775 1015 dillerentiam
2833 958 3119 1013 indicaret.
3168 956 3390 1011 Petrum

1815 1059 1961 1114 enim
1994 1065 2117 1128 post
2146 1054 2451 1125 negationis
2497 1054 2706 1121 lapsum
2732 1051 2999 1112 excitans,
3021 1058 3076 1102 et
3111 1049 3175 1102 ad
3212 1048 3387 1117 poeni-

1818 1150 2042 1205 tentiam
2073 1148 2388 1208 adhortans,
2417 1153 2622 1207 monet,
2659 1153 2719 1196 ut
2748 1142 2803 1195 in
2844 1141 3012 1194 Deum
3043 1140 3235 1193 horum
3288 1154 3388 1193 cu-

1814 1260 1929 1299 ram
1951 1241 2222 1312 couiiciat,
2248 1238 2339 1310 qui
2369 1238 2691 1307 discipulum
2718 1252 2814 1305 per
2844 1234 3234 1305 indulgentiam
3253 1248 3389 1287 enu-

1818 1334 1945 1389 trire
1995 1331 2191 1403 possit,
2254 1339 2441 1384 etnon
2496 1328 2858 1398 permissurus
2880 1326 2969 1390 sit,
3004 1332 3060 1377 ut
3092 1324 3272 1391 justus
3332 1323 3386 1376 in

1812 1435 2015 1481 aeterna
2045 1421 2399 1477 ﬂuctuatione
2423 1427 2703 1483 versetur;
2735 1416 2829 1471 sed
2857 1416 2899 1470 si
2934 1414 3000 1468 ad
3029 1423 3245 1484 tempus
3264 1428 3382 1467 eam

1812 1515 2155 1579 sustinuerit,
2190 1514 2335 1568 illico
2361 1511 2541 1582 ipsum
2576 1512 2905 1565 reducturus
2928 1508 2999 1561 sit
3021 1508 3087 1561 ad
3121 1505 3386 1575 tranquil-

1812 1608 2039 1664 litatem.

1889 1737 1909 1771 ι
1942 1719 2054 1789 Ego
2074 1726 2254 1771 autem
2276 1714 2507 1784 sperabo
2561 1712 2615 1766 in
2648 1721 2720 1777 te,
2765 1711 3013 1765 Domine.
3046 1728 3063 1761 ι

1885 1807 2087 1864 Fidelis
2131 1808 2233 1863 hoc
2260 1806 2440 1860 dicat:
2472 1819 2595 1857 nam
2636 1817 2761 1872 spes
2795 1802 2851 1854 in
2903 1800 3070 1855 Deum
3116 1800 3384 1854 malorum

1812 1901 2188 1956 liberationem
2238 1906 2296 1954 et
2375 1898 2642 1952 bonorum
2699 1894 2943 1949 omnium
3015 1893 3227 1962 copiam
3280 1892 3387 1945 lar—

1812 1988 1975 2060 gitur.

2369 2075 2683 2132 PSALMUS
2713 2073 2821 2128 LV.

1879 2162 2040 2218 Vens.
2101 2163 2153 2218 1.
2182 2181 2200 2214 ι
2264 2160 2325 2215 in
2355 2161 2540 2225 tinem,
2575 2178 2675 2233 pro
2723 2159 2922 2230 populo
2970 2158 3062 2228 qui
3118 2174 3147 2211 a
3181 2160 3386 2217 sanctis

1809 2253 1966 2325 longe
1984 2252 2157 2307 factus
2185 2259 2290 2316 est,
2331 2270 2350 2303 ι
2387 2259 2491 2306 etc.

1879 2346 2051 2401 Verba
2083 2345 2224 2399 tituli
2250 2343 2501 2398 videntur
2529 2340 2929 2411 quodammodo
2953 2354 3071 2396 esse
3090 2342 3383 2395 contraria.

1813 2437 2090 2507 Siquidem
2128 2435 2296 2490 David
2321 2434 2571 2504 pervenit
2598 2433 2653 2486 in
2696 2432 2855 2497 Geth,
2895 2433 3111 2501 quando
3168 2433 3384 2487 Saulem

1811 2529 2085 2600 fugiebat;
2112 2542 2222 2581 non
2250 2535 2430 2580 tamen
2454 2523 2777 2594 prophetam
2834 2522 3152 2593 alienigenae
3185 2523 3386 2576 retine-

1812 2621 1962 2681 bant,
1987 2620 2117 2689 quin
2140 2618 2319 2688 potius
2341 2616 2702 2686 expellebant,
2719 2614 2843 2683 quia
2870 2629 2928 2668 se
2949 2624 3217 2669 amentem
3239 2622 3293 2668 et
3310 2614 3389 2667 in-

1812 2729 2004 2769 sanum
2037 2710 2326 2767 simulabat
2350 2711 2405 2764 in
2438 2708 2606 2779 portis
2627 2708 3019 2771 citharizando,
3080 2718 3133 2761 et
3163 2708 3384 2761 salivam

1814 2807 1925 2863 oris
1948 2802 2304 2876 projiciendo,
2332 2801 2411 2855 uti
2459 2800 2596 2855 liber
2620 2799 2828 2869 Regum
2851 2798 2895 2829 ⁸ο
2916 2798 3189 2853 declarat.
3213 2798 3383 2861 Quem

1814 2914 1978 2971 porro
2003 2897 2262 2970 populum
2300 2912 2330 2950 a
2361 2894 2563 2949 sanctis
2594 2893 2902 2963 elongatum
2926 2892 3093 2955 dicat,
3150 2906 3247 2961 pro
3276 2904 3387 2959 quo

1814 2988 1983 3043 David
2014 2988 2281 3057 psalmum
2360 2986 2661 3057 scripserit,
2729 2985 3030 3041 secundum
3099 2982 3385 3037 historiam

1814 3091 2140 3150 quazrentes,
2165 3096 2274 3134 non
2299 3079 2453 3135 facile
2489 3079 2842 3149 reperiemus.
2902 3076 3267 3144 Quamobrem
3299 3089 3391 3128 ne-

142 3167 552 3263 Thv'ld‘topiavi,
587 3167 685 3262 ούχ
715 3167 1051 3262 εὑρήσομεν.
1073 3167 1282 3245 ὸύκοῦν
1312 3167 1542 3261 ἀνάγκη
1587 3207 1710 3259 νοη-

1820 3189 1964 3229 cesse
1996 3183 2079 3229 est
2104 3174 2221 3228 haec
2275 3173 2592 3242 spiritaliter
2655 3172 2846 3241 accipi,
2886 3179 3048 3241 prout
3100 3184 3129 3222 a
3183 3167 3385 3237 Spiritu

148 3285 455 3350 τῶςταῦτα,
480 3286 668 3355 ῶσπερ
695 3284 759 3355 δὴ
779 3284 857 3354 τῷ
882 3283 1159 3355 Πνεύματι
1179 3282 1510 3353 γέγραπται,
1536 3300 1715 3354 παρα-

146 3379 411 3449 δέχεσθαι.
430 3377 602 3448 Ὑπὲρ
631 3376 740 3447 γὰρ
759 3375 853 3428 τοῦ
886 3374 1016 3429 λαοῦ
1046 3374 1153 3428 τῶν
1182 3374 1355 3430 ὲθνῶν
1382 3374 1474 3429 τὸν
1498 3374 1711 3445 ψαλμὸν

140 3475 163 3523 ό
190 3471 495 3543 Προφήτης
526 3468 864 3541 συνέγραψεν
883 3511 896 3534 ,
926 3469 1073 3533 ὅστις
1102 3470 1572 3540 μεμακρυμμένος
1605 3469 1711 3523 ἀπὸ

135 3561 233 3613 τῶν
265 3561 447 3628 ἁγίων
475 3558 802 3630 ἐτύγχανεν·
839 3558 1093 3628 οὐδεμιᾶς
1120 3559 1229 3629 γὰρ
1260 3559 1545 3622 κοινωνίας
1575 3559 1712 3631 πρὸς

135 3654 489 3724 πατριάρχας
540 3652 573 3723 ἢ
625 3652 914 3722 προφήτας
964 3651 1279 3721 ἐκέκτηντο.
1299 3652 1436 3704 Ἀλλ’
1459 3653 1609 3722 ὅμως
1662 3653 1711 3706 oi

140 3746 362 3815 μακρὰν
404 3743 593 3812 ἐγγὺς,
630 3741 777 3796 καθά
818 3758 984 3812 φησιν
1025 3743 1055 3795 6
1094 3739 1327 3807 Παῦλος,
1358 3743 1591 3812 ἐγένετο,
1622 3744 1711 3797 ὅτε

136 3838 219 3890 τὸν
247 3837 373 3891 νέον
401 3837 563 3889 Δαὸὶδ
594 3834 905 3905 ἐκράτησαν
934 3837 983 3888 oi.
1010 3835 1296 3905 ἀλλόφυλοι
1321 3838 1379 3889 tv
1408 3836 1531 3901 Γὲθ,
1549 3852 1711 3889 τουτ-

139 3930 283 3983 έστιν
314 3932 372 3984 tv
397 3933 464 4000 τῇ
494 3928 640 4001 ληνῷ
673 3930 881 3997 (ληνὸς
927 3930 1033 4001 γὰρ
1069 3931 1102 3999 ή
1127 3929 1228 3983 Γὲθ
1283 3931 1664 4003 ἑρμηνεύεται)
1693 3949 1707 3963 ·

141 4019 298 4091 ληνὸς
326 4019 385 4073 δὲ
421 4020 515 4073 καὶ
546 4021 580 4091 ἡ
617 4019 935 4090 Ἐκκλησία,
961 4019 1050 4073 διὰ
1071 4020 1162 4073 τὸν
1183 4021 1337 4087 Θεὸν,
1369 4022 1462 4075 τὸν
1491 4024 1549 4075 tv
1571 4024 1707 4095 αὐτῇ

142 4110 539 4179 ληνοὸατοῦντα
590 4111 650 4163 τὸ
710 4112 1045 4182 μυστήριον,
1076 4112 1316 4182 λέγεται,
1352 4116 1429 4179 ὼς
1475 4115 1565 4170 διὰ
1608 4117 1711 4187 τῆς

154 4202 374 4257 Ἦσαῖου
410 4202 769 4274 προφητείας,
806 4204 1010 4270 Ληνὸν
1033 4203 1309 4274 ἐπάτησα
1330 4209 1537 4275 μόνος,
1580 4207 1710 4279 βοή-

150 4314 238 4360 σας
263 4296 581 4366 εὑρίσκεται
601 4313 615 4327 ο
645 4294 789 4349 ὥστε
833 4296 969 4368 πρὸς
1010 4297 1172 4351 αὑτὸν
1200 4298 1299 4362 τὰς
1328 4299 1440 4352 τῶν
1468 4299 1709 4370 οὐρανῶν

154 4386 396 4456 δυνάμεις
428 4385 498 4439 τὰ
523 4386 621 4455 τῆς
647 4386 817 4456 αὐτῆς
844 4388 1182 4458 προφητείας
1206 4389 1659 4459 ἀντιφθέγγεσθαι
1693 4405 1707 4420 ·

149 4479 242 4533 Διὰ
273 4480 324 4532 τί
363 4495 485 4534 σου
522 4479 740 4549 ἐρυθρὰ
779 4480 851 4535 τὰ
885 4479 1122 4549 ἱμάτια,
1159 4482 1259 4535 καί
1292 4484 1365 4537 τὰ
1410 4482 1711 4551 ἐνδύματὰ

147 4585 273 4634 σου,
302 4571 386 4635 ὡς
416 4571 535 4624 ἀπὸ
562 4571 828 4638 πατητοῦ
866 4572 1059 4639 ληνοῦ
1096 4572 1337 4642 πλήρης
1367 4588 1707 4629 καταπεπα-
1741 4554 1785 4610 D

142 4661 394 4729 τημένου
414 4678 433 4724 ;

210 4768 230 4800 ι
253 4750 509 4819 Ἐλέησόν
538 4767 626 4821 με,
657 4753 685 4804 6
713 4751 864 4818 Θεὸς,
904 4752 986 4805 ὅτι
1016 4753 1364 4824 κατεπάτησέ
1404 4772 1492 4824 με.
1528 4774 1547 4807 ι

199 4918 471 4982 Πολλάκις
520 4920 575 4973 δὲ
624 4922 720 4974 καὶ
769 4924 797 4975 6
847 4923 1004 4993 ἡμῶν
1033 4925 1316 4995 ἄνθρωπος
1348 4928 1439 4982 τὸν
1470 4929 1706 4998 χαλεπὸν

136 5013 314 5067 τοῦτον
348 5014 640 5082 ὑφίσταται
663 5015 917 5086 πόλεμον,
938 5017 1063 5087 ὃλην
1086 5018 1181 5089 τὴν
1203 5021 1414 5091 ἡμέραν
1438 5023 1587 5092 παρὰ
1609 5020 1704 5075 τοῦ

138 5105 347 5160 Σατανᾶ
378 5106 787 5176 πολεμούμενος
809 5149 825 5172 ,
856 5109 951 5162 καὶ
981 5111 1111 5181 παρ’
1134 5111 1297 5165 αὑτοῦ
1342 5114 1700 5184 πατούμενος.

139 5195 195 5250 Et
222 5199 334 5267 γὰρ
366 5197 459 5251 καὶ
488 5198 774 5269 ἀνθρώπου
804 5201 832 5253 ό
864 5201 1077 5271 ψαλμὸς
1118 5204 1543 5275 ἐμνημόνευσεν,
1579 5206 1707 5259 ἀλλ’

138 5288 277 5357 ὅμως
304 5287 396 5341 τὸν
432 5288 678 5341 Σατανᾶν
728 5290 888 5342 αὑτὸν
909 5330 924 5352 ,
954 5290 1126 5355 οὓτως
1169 5294 1228 5345 ὲν
1260 5295 1324 5363 τῇ
1358 5293 1476 5365 θείᾳ
1505 5296 1699 5365 Γραφῇ

140 5376 391 5440 πολλάκις
410 5376 827 5447 ὀνομαζόμενον,
858 5379 892 5450 ἡ
919 5396 1041 5434 τινα
1069 5381 1174 5434 τῶν
1199 5382 1391 5455 ἐκείνῳ
1417 5401 1706 5455 στρατευο-

142 5474 310 5541 μένων
361 5470 679 5524 αίνίττεται.
712 5471 859 5540 Πλὴν
920 5474 1013 5525 καὶ
1062 5475 1154 5527 τὸν
1201 5476 1326 5530 λαὸν
1373 5477 1480 5530 τῶν
1531 5478 1701 5531 ἐθνῶν

138 5564 301 5617 ταῦτα
330 5560 657 5630 ὑποψάλλειν
688 5563 967 5633 ἁρμόδιον,
1002 5567 1180 5638 χρόνῳ
1225 5568 1406 5639 πολλῷ
1452 5570 1556 5623 ὑπὸ
1604 5570 1698 5624 τοῦ

139 5654 343 5708 Σατανᾶ
365 5652 732 5723 ἀπατηθέντα,
758 5656 850 5707 καὶ
880 5655 969 5707 τὸν
998 5659 1128 5727 παρ’
1159 5657 1325 5711 αὑτοῦ
1356 5658 1589 5729 πόλεμον
1613 5660 1702 5715 διὰ

204 5837 249 5870 ⁸⁸
278 5835 456 5907 lBeg.
482 5854 595 5908 χχι,
620 5841 705 5908 13,
777 5840 819 5874 δ’
852 5839 1053 5911 Ephes.
1082 5856 1141 5905 ιι,
1170 5838 1255 5895 15.
1335 5820 1380 5876 ιέ
1406 5843 1511 5899 lsa.
1541 5862 1611 5913 vn,
1641 5846 1692 5902 3.

1819 3275 2008 3321 sancto
2045 3266 2245 3335 scripta
2275 3274 2424 3320 sunt.
2454 3266 2589 3319 Nam
2609 3266 2877 3336 psalmum
2931 3262 3079 3316 hunc
3116 3260 3387 3330 Propheta

1818 3356 2142 3425 conscripsit
2162 3371 2261 3426 pro
2317 3355 2517 3427 populo
2553 3370 2584 3410 e
2630 3354 2904 3426 gentibus,
2958 3353 3051 3425 qui
3096 3367 3129 3408 a
3182 3349 3389 3410 sanctis

1817 3444 1976 3514 longe
1998 3443 2171 3498 factus
2203 3443 2343 3497 fuit:
2378 3443 2581 3496 nullam
2611 3443 2757 3496 enim
2806 3458 2931 3497 cum
2958 3443 3280 3513 patriarchis
3334 3453 3389 3498 et

1816 3536 2102 3607 prophetis
2161 3536 2432 3590 habebant
2474 3534 3046 3590 communicationem.
3100 3534 3388 3591 Verumta—

1816 3644 1942 3684 men
1962 3628 2054 3699 qui
2082 3636 2236 3683 erant
2288 3627 2444 3698 longe
2477 3626 2544 3691 “,
2574 3636 2633 3681 ut
2675 3626 2875 3681 Paulus
2920 3626 3016 3689 ait,
3073 3625 3201 3680 facti
3259 3635 3390 3681 sunt

1814 3737 2003 3792 prope.
2034 3722 2249 3790 quando
2279 3735 2480 3775 novum
2502 3718 2760 3773 Davidem
2790 3720 3388 3789 ceperuntalienigeme

1815 3812 1871 3866 in
1905 3811 2067 3876 Gcth,
2101 3812 2205 3866 hoc
2238 3820 2322 3865 est
2348 3810 2402 3864 in
2454 3812 2712 3867 torculari
2790 3810 2948 3880 (Geth
2978 3812 3122 3866 enim
3156 3812 3389 3864 torcular

1816 3902 2253 3973 interpretatur).
2276 3902 2544 3958 Caeterum
2571 3904 2803 3957 torcular
2820 3903 2979 3957 etiam
3011 3903 3249 3959 Ecclesia
3301 3903 3388 3958 di—

1813 3996 1956 4051 citur
1980 4003 2197 4064 propter
2228 3994 2431 4059 Deum,
2472 3995 2565 4064 qui
2590 3995 2644 4048 in
2687 4010 2750 4049 ea
2788 4010 2891 4050 ceu
2918 3995 3169 4049 torculari
3203 4010 3387 4050 sacra-

1814 4092 2059 4139 mentum
2090 4084 2391 4153 expressit;
2417 4084 2557 4139 sicut
2591 4100 2688 4154 per
2710 4085 2839 4140 illud
2868 4085 3016 4140 Isaiae
3036 4084 3383 4140 vaticinium:

1814 4173 2066 4227 Torcular
2096 4173 2293 4228 calcavi
2319 4174 2480 4239 solus,
2522 4175 2858 4230 exclamasse
2898 4176 3203 4245 reperitur;
3227 4177 3300 4230 ita
3325 4184 3386 4230 ut

1811 4266 1880 4321 ad
1898 4267 2073 4336 ipsum
2103 4265 2350 4321 caelestes
2374 4264 2614 4320 Virtutes
2635 4268 2788 4336 quasi
2821 4268 3211 4338 interrogando
3234 4268 3384 4322 dice-

1811 4368 1935 4413 rent
1973 4375 1985 4409 :
2014 4357 2189 4424 Quare
2206 4359 2365 4412 rubra
2386 4367 2504 4412 sunt
2526 4359 2830 4413 vestimenta
2859 4368 2973 4423 tua,
3002 4368 3050 4413 et
3073 4360 3381 4412 indumenta

1812 4459 1926 4516 tua,
1988 4450 2122 4503 sicut
2152 4466 2187 4503 a
2248 4449 2452 4503 calcato
2485 4448 2738 4503 torculari
2783 4449 2935 4518 pleno
2982 4449 3285 4502 conculcata
3310 4449 3382 4501 δη

1882 4757 2046 4812 Vens.
2086 4759 2144 4813 Ξ.
2181 4777 2199 4809 ι
2247 4758 2504 4814 Miserere
2530 4759 2663 4827 mei,
2684 4759 2848 4828 Deus,
2876 4763 3132 4832 quoniam
3154 4766 3380 4822 concul-

1811 4849 1951 4904 cavit
1980 4866 2087 4903 me.
2127 4868 2145 4899 ι

1882 4942 2272 5012 Saepenumero
2296 4943 2457 4998 etiam
2489 4954 2677 5000 noster
2706 4946 2870 5001 homo
2897 4946 3113 5002 difﬁcile
3139 4948 3240 5002 hoc
3260 4948 3376 5004 bel-

1808 5033 1920 5088 lum
1945 5034 2199 5097 sustinet,
2227 5050 2256 5088 a
2287 5035 2486 5092 Satana
2510 5047 2623 5092 toto
2640 5039 2726 5093 die
2756 5049 3120 5109 oppugnatus,
3142 5050 3194 5096 ct
3223 5043 3291 5097 ab
3312 5059 3378 5097 eo

1805 5125 2175 5179 conculcatus.
2218 5124 2327 5180 Etsi
2363 5127 2506 5181 enim
2536 5128 2623 5181 hic
2650 5129 2888 5197 psalmus
2918 5130 3153 5184 hominis
3179 5131 3377 5184 memi-

1808 5212 1976 5278 nerit,
2020 5212 2181 5266 simul
2214 5223 2395 5267 tamen
2434 5215 2610 5283 ipsum
2640 5215 2914 5281 Satanam,
2956 5217 3045 5285 qui
3079 5216 3135 5270 in
3194 5218 3377 5273 divina

1808 5303 2088 5374 Scriptura
2150 5305 2465 5376 frequenter
2509 5309 2612 5363 hoc
2639 5310 2858 5364 nomine
2902 5310 3228 5379 appellatur,
3281 5322 3376 5365 aut

1807 5397 2002 5452 ducem
2040 5399 2278 5467 aliquem
2306 5400 2407 5469 ipsi
2460 5402 2873 5458 subordinatum
2925 5404 3185 5458 insinuat.
3233 5404 3374 5469 Quin

1807 5487 1919 5544 imo
1949 5499 2384 5546 consentaneum
2415 5493 2506 5555 sit,
2543 5494 2660 5549 haec
2689 5495 2948 5565 pOpulum
2979 5511 3193 5565 quoque
3243 5511 3376 5565 gen-

1808 5578 1942 5634 tium
1973 5585 2285 5648 succinere;
2310 5593 2496 5654 utpote
2526 5586 2686 5657 longo
2718 5597 2961 5658 tempore
2992 5603 3021 5640 a
3059 5586 3256 5640 Satana
3279 5588 3375 5642 de-

1808 5680 2049 5743 ceptum,
2073 5675 2425 5747 ejusdemque
2445 5678 2644 5733 bellum
2700 5696 2797 5749 per
2819 5680 3122 5734 daemonum
3151 5678 3375 5735 insidias
