  <div class='ocr_page' id='page_1' title='image "/cluster/home/n/w/nwhite01/storage/ocr_20150623/93/hvd.32044019208040/619.png"; bbox 0 0 4032 6412; ppageno 0'>
   <div class='ocr_carea' id='block_1_1' title="bbox 639 371 775 435">
    <p class='ocr_par' dir='ltr' id='par_1_1' title="bbox 639 371 775 435">
     <span class='ocr_line' id='line_1_1' title="bbox 639 371 775 435; baseline 0 -1"><span class='ocrx_word' id='word_1_1' title='bbox 639 371 775 435; x_wconf 72' lang='lat'><strong>1223</strong></span> 
     </span>
    </p>
   </div>
   <div class='ocr_carea' id='block_1_2' title="bbox 1801 364 2677 430">
    <p class='ocr_par' dir='ltr' id='par_1_2' title="bbox 1801 364 2677 430">
     <span class='ocr_line' id='line_1_2' title="bbox 1801 364 2677 430; baseline -0.002 0"><span class='ocrx_word' id='word_1_2' title='bbox 1801 366 2163 430; x_wconf 80' lang='lat' dir='ltr'><strong>HESYCHII</strong></span> <span class='ocrx_word' id='word_1_3' title='bbox 2204 364 2677 428; x_wconf 81' lang='lat' dir='ltr'><strong>PRESBYTERI</strong></span> 
     </span>
    </p>
   </div>
   <div class='ocr_carea' id='block_1_3' title="bbox 3696 374 3794 441">
    <p class='ocr_par' dir='ltr' id='par_1_3' title="bbox 3696 374 3794 441">
     <span class='ocr_line' id='line_1_3' title="bbox 3696 374 3794 441; baseline 0.051 -5"><span class='ocrx_word' id='word_1_4' title='bbox 3696 374 3794 441; x_wconf 63' lang='lat' dir='ltr'><strong>122i</strong></span> 
     </span>
    </p>
   </div>
   <div class='ocr_carea' id='block_1_4' title="bbox 636 475 2220 553">
    <p class='ocr_par' dir='ltr' id='par_1_4' title="bbox 636 477 2209 552">
     <span class='ocr_line' id='line_1_4' title="bbox 636 477 2209 552; baseline -0.003 -16"><span class='ocrx_word' id='word_1_5' title='bbox 636 486 1028 548; x_wconf 69' lang='lat' dir='ltr'><strong>sustinentem;</strong></span> <span class='ocrx_word' id='word_1_6' title='bbox 1060 496 1198 552; x_wconf 89' lang='lat' dir='ltr'><strong>quos</strong></span> <span class='ocrx_word' id='word_1_7' title='bbox 1220 482 1275 535; x_wconf 90' lang='lat' dir='ltr'><strong>in</strong></span> <span class='ocrx_word' id='word_1_8' title='bbox 1305 479 1660 551; x_wconf 83' lang='lat' dir='ltr'><strong>sequentibus</strong></span> <span class='ocrx_word' id='word_1_9' title='bbox 1691 480 1997 543; x_wconf 86' lang='lat' dir='ltr'><strong>insinuans,</strong></span> <span class='ocrx_word' id='word_1_10' title='bbox 2032 477 2209 533; x_wconf 89' lang='lat' dir='ltr'><strong>mani-</strong></span> 
     </span>
    </p>
   </div>
   <div class='ocr_carea' id='block_1_5' title="bbox 2313 475 3798 553">
    <p class='ocr_par' dir='ltr' id='par_1_5' title="bbox 2313 475 3798 553">
     <span class='ocr_line' id='line_1_5' title="bbox 2313 475 3798 553; baseline 0.012 -25"><span class='ocrx_word' id='word_1_11' title='bbox 2313 478 2412 546; x_wconf 85' lang='grc' dir='ltr'>τῆς</span> <span class='ocrx_word' id='word_1_12' title='bbox 2440 477 2550 530; x_wconf 87' lang='grc' dir='ltr'><strong>τῶν</strong></span> <span class='ocrx_word' id='word_1_13' title='bbox 2574 477 2842 549; x_wconf 78' lang='grc' dir='ltr'><strong>δαιμόνων</strong></span> <span class='ocrx_word' id='word_1_14' title='bbox 2857 477 3153 548; x_wconf 85' lang='grc' dir='ltr'>ἐπιϐουλῆς</span> <span class='ocrx_word' id='word_1_15' title='bbox 3168 475 3545 548; x_wconf 69' lang='grc' dir='ltr'>ὑπομείναντα,</span> <span class='ocrx_word' id='word_1_16' title='bbox 3561 480 3639 543; x_wconf 64' lang='grc' dir='ltr'><strong>οὓς</strong></span> <span class='ocrx_word' id='word_1_17' title='bbox 3659 485 3704 536; x_wconf 64' lang='grc' dir='ltr'>ἓν</span> <span class='ocrx_word' id='word_1_18' title='bbox 3721 492 3798 553; x_wconf 73' lang='grc' dir='ltr'>τοῖς</span> 
     </span>
    </p>
   </div>
   <div class='ocr_carea' id='block_1_6' title="bbox 638 575 1138 644">
    <p class='ocr_par' dir='ltr' id='par_1_6' title="bbox 638 575 1138 644">
     <span class='ocr_line' id='line_1_6' title="bbox 638 575 1138 644; baseline -0.006 -13"><span class='ocrx_word' id='word_1_19' title='bbox 638 575 831 632; x_wconf 89' lang='lat' dir='ltr'><strong>festius</strong></span> <span class='ocrx_word' id='word_1_20' title='bbox 847 576 1138 644; x_wconf 77' lang='lat' dir='ltr'><strong>expressit.</strong></span> 
     </span>
    </p>
   </div>
   <div class='ocr_carea' id='block_1_7' title="bbox 711 662 2100 723">
    <p class='ocr_par' dir='ltr' id='par_1_7' title="bbox 711 662 2100 723">
     <span class='ocr_line' id='line_1_7' title="bbox 711 662 2100 723; baseline -0.005 -2"><span class='ocrx_word' id='word_1_21' title='bbox 711 665 876 723; x_wconf 73' lang='lat' dir='ltr'><strong>Vens.</strong></span> <span class='ocrx_word' id='word_1_22' title='bbox 912 668 966 721; x_wconf 79' lang='lat'><strong>3.</strong></span> <span class='ocrx_word' id='word_1_23' title='bbox 994 686 1012 718; x_wconf 87' lang='grc' dir='ltr'><strong>ι</strong></span> <span class='ocrx_word' id='word_1_24' title='bbox 1050 666 1521 721; x_wconf 86' lang='lat' dir='ltr'><strong>Conculcaverunt</strong></span> <span class='ocrx_word' id='word_1_25' title='bbox 1559 681 1646 719; x_wconf 86' lang='lat' dir='ltr'><strong>me</strong></span> <span class='ocrx_word' id='word_1_26' title='bbox 1679 663 1881 719; x_wconf 90' lang='lat' dir='ltr'><strong>inimici</strong></span> <span class='ocrx_word' id='word_1_27' title='bbox 1915 662 2042 717; x_wconf 86' lang='lat' dir='ltr'><strong>mei.</strong></span> <span class='ocrx_word' id='word_1_28' title='bbox 2081 680 2100 714; x_wconf 75' lang='grc' dir='ltr'><strong>ι</strong></span> 
     </span>
    </p>
   </div>
   <div class='ocr_carea' id='block_1_8' title="bbox 708 755 2206 825">
    <p class='ocr_par' dir='ltr' id='par_1_8' title="bbox 708 755 2206 825">
     <span class='ocr_line' id='line_1_8' title="bbox 708 755 2206 825; baseline -0.005 -10"><span class='ocrx_word' id='word_1_29' title='bbox 708 760 827 815; x_wconf 84' lang='grc' dir='ltr'>Νοη</span> <span class='ocrx_word' id='word_1_30' title='bbox 853 775 1017 814; x_wconf 89' lang='lat' dir='ltr'><strong>unam</strong></span> <span class='ocrx_word' id='word_1_31' title='bbox 1049 759 1193 813; x_wconf 92' lang='lat' dir='ltr'><strong>diem</strong></span> <span class='ocrx_word' id='word_1_32' title='bbox 1212 759 1362 823; x_wconf 90' lang='lat' dir='ltr'><strong>dicit,</strong></span> <span class='ocrx_word' id='word_1_33' title='bbox 1393 760 1487 812; x_wconf 86' lang='lat' dir='ltr'><strong>sed</strong></span> <span class='ocrx_word' id='word_1_34' title='bbox 1519 758 1700 813; x_wconf 90' lang='lat' dir='ltr'><strong>omnis</strong></span> <span class='ocrx_word' id='word_1_35' title='bbox 1733 756 1998 825; x_wconf 90' lang='lat' dir='ltr'><strong>temporis</strong></span> <span class='ocrx_word' id='word_1_36' title='bbox 2019 755 2206 809; x_wconf 87' lang='lat' dir='ltr'><strong>laben-</strong></span> 
     </span>
    </p>
   </div>
   <div class='ocr_carea' id='block_1_9' title="bbox 643 844 2211 921">
    <p class='ocr_par' dir='ltr' id='par_1_9' title="bbox 643 844 2211 921">
     <span class='ocr_line' id='line_1_9' title="bbox 643 844 2211 921; baseline -0.006 -15"><span class='ocrx_word' id='word_1_37' title='bbox 643 851 714 905; x_wconf 86' lang='lat' dir='ltr'><strong>tis</strong></span> <span class='ocrx_word' id='word_1_38' title='bbox 745 853 1000 921; x_wconf 79' lang='lat' dir='ltr'><strong>spatium,</strong></span> <span class='ocrx_word' id='word_1_39' title='bbox 1034 849 1365 921; x_wconf 76' lang='lat' dir='ltr'><strong>quoinimit-i</strong></span> <span class='ocrx_word' id='word_1_40' title='bbox 1397 848 1567 902; x_wconf 89' lang='lat' dir='ltr'><strong>nostri</strong></span> <span class='ocrx_word' id='word_1_41' title='bbox 1627 846 1937 916; x_wconf 89' lang='lat' dir='ltr'><strong>spirituales</strong></span> <span class='ocrx_word' id='word_1_42' title='bbox 1996 844 2064 898; x_wconf 86' lang='lat' dir='ltr'><strong>ab</strong></span> <span class='ocrx_word' id='word_1_43' title='bbox 2103 844 2211 897; x_wconf 90' lang='lat' dir='ltr'><strong>alto</strong></span> 
     </span>
    </p>
   </div>
   <div class='ocr_carea' id='block_1_10' title="bbox 641 938 2210 1013">
    <p class='ocr_par' dir='ltr' id='par_1_10' title="bbox 641 938 2210 1013">
     <span class='ocr_line' id='line_1_10' title="bbox 641 938 2210 1013; baseline -0.006 -16"><span class='ocrx_word' id='word_1_44' title='bbox 641 959 744 999; x_wconf 90' lang='lat' dir='ltr'><strong>nos</strong></span> <span class='ocrx_word' id='word_1_45' title='bbox 803 958 1118 1013; x_wconf 80' lang='lat' dir='ltr'><strong>oppugnare</strong></span> <span class='ocrx_word' id='word_1_46' title='bbox 1168 951 1220 995; x_wconf 88' lang='lat' dir='ltr'><strong>et</strong></span> <span class='ocrx_word' id='word_1_47' title='bbox 1252 942 1575 995; x_wconf 77' lang='lat' dir='ltr'><strong>concultare</strong></span> <span class='ocrx_word' id='word_1_48' title='bbox 1636 938 1859 992; x_wconf 87' lang='lat' dir='ltr'><strong>minime</strong></span> <span class='ocrx_word' id='word_1_49' title='bbox 1907 947 2210 991; x_wconf 78' lang='lat' dir='ltr'><strong>cessarunt.</strong></span> 
     </span>
    </p>
   </div>
   <div class='ocr_carea' id='block_1_11' title="bbox 640 1029 2203 1102">
    <p class='ocr_par' dir='ltr' id='par_1_11' title="bbox 640 1029 2203 1102">
     <span class='ocr_line' id='line_1_11' title="bbox 640 1029 2203 1102; baseline -0.004 -13"><span class='ocrx_word' id='word_1_50' title='bbox 640 1036 1045 1091; x_wconf 90' lang='lat' dir='ltr'><strong>Conculcarunt</strong></span> <span class='ocrx_word' id='word_1_51' title='bbox 1077 1043 1257 1088; x_wconf 86' lang='lat' dir='ltr'><strong>autem</strong></span> <span class='ocrx_word' id='word_1_52' title='bbox 1278 1074 1292 1098; x_wconf 93' lang='lat'><strong>,</strong></span> <span class='ocrx_word' id='word_1_53' title='bbox 1348 1032 1659 1102; x_wconf 85' lang='lat' dir='ltr'><strong>quomodo?</strong></span> <span class='ocrx_word' id='word_1_54' title='bbox 1691 1029 1794 1084; x_wconf 85' lang='lat' dir='ltr'><strong>Per</strong></span> <span class='ocrx_word' id='word_1_55' title='bbox 1844 1029 2203 1083; x_wconf 83' lang='lat' dir='ltr'><strong>idololatriam</strong></span> 
     </span>
    </p>
   </div>
   <div class='ocr_carea' id='block_1_12' title="bbox 640 1125 2209 1196">
    <p class='ocr_par' dir='ltr' id='par_1_12' title="bbox 640 1125 2209 1196">
     <span class='ocr_line' id='line_1_12' title="bbox 640 1125 2209 1196; baseline -0.003 -15"><span class='ocrx_word' id='word_1_56' title='bbox 640 1136 697 1181; x_wconf 91' lang='lat' dir='ltr'><strong>et</strong></span> <span class='ocrx_word' id='word_1_57' title='bbox 726 1128 1032 1196; x_wconf 79' lang='lat' dir='ltr'><strong>voluptates</strong></span> <span class='ocrx_word' id='word_1_58' title='bbox 1080 1126 1215 1179; x_wconf 90' lang='lat' dir='ltr'><strong>alios</strong></span> <span class='ocrx_word' id='word_1_59' title='bbox 1263 1126 1698 1194; x_wconf 86' lang='lat' dir='ltr'><strong>supplantantes,</strong></span> <span class='ocrx_word' id='word_1_60' title='bbox 1756 1132 1810 1179; x_wconf 84' lang='lat' dir='ltr'><strong>et</strong></span> <span class='ocrx_word' id='word_1_61' title='bbox 1866 1125 2209 1194; x_wconf 89' lang='lat' dir='ltr'><strong>postmodum</strong></span> 
     </span>
    </p>
   </div>
   <div class='ocr_carea' id='block_1_13' title="bbox 639 1219 2208 1291">
    <p class='ocr_par' dir='ltr' id='par_1_13' title="bbox 639 1219 2208 1291">
     <span class='ocr_line' id='line_1_13' title="bbox 639 1219 2208 1291; baseline -0.002 -16"><span class='ocrx_word' id='word_1_62' title='bbox 639 1221 924 1291; x_wconf 86' lang='lat' dir='ltr'><strong>prostratis</strong></span> <span class='ocrx_word' id='word_1_63' title='bbox 951 1219 1297 1273; x_wconf 89' lang='lat' dir='ltr'><strong>insultantes.</strong></span> <span class='ocrx_word' id='word_1_64' title='bbox 1363 1219 1469 1274; x_wconf 89' lang='lat' dir='ltr'><strong>Nos</strong></span> <span class='ocrx_word' id='word_1_65' title='bbox 1518 1221 1699 1289; x_wconf 83' lang='lat' dir='ltr'><strong>itaque</strong></span> <span class='ocrx_word' id='word_1_66' title='bbox 1753 1234 2093 1289; x_wconf 82' lang='lat' dir='ltr'><strong>nequaquam</strong></span> <span class='ocrx_word' id='word_1_67' title='bbox 2142 1220 2208 1272; x_wconf 86' lang='lat' dir='ltr'><strong>ad</strong></span> 
     </span>
    </p>
   </div>
   <div class='ocr_carea' id='block_1_14' title="bbox 638 1311 2212 1381">
    <p class='ocr_par' dir='ltr' id='par_1_14' title="bbox 638 1311 2212 1381">
     <span class='ocr_line' id='line_1_14' title="bbox 638 1311 2212 1381; baseline -0.001 -15"><span class='ocrx_word' id='word_1_68' title='bbox 638 1322 864 1373; x_wconf 87' lang='lat' dir='ltr'><strong>terram,</strong></span> <span class='ocrx_word' id='word_1_69' title='bbox 894 1311 947 1365; x_wconf 91' lang='lat' dir='ltr'><strong>id</strong></span> <span class='ocrx_word' id='word_1_70' title='bbox 977 1322 1081 1374; x_wconf 81' lang='lat' dir='ltr'><strong>est,</strong></span> <span class='ocrx_word' id='word_1_71' title='bbox 1114 1311 1180 1365; x_wconf 90' lang='lat' dir='ltr'><strong>ad</strong></span> <span class='ocrx_word' id='word_1_72' title='bbox 1225 1319 1438 1365; x_wconf 89' lang='lat' dir='ltr'><strong>terrena</strong></span> <span class='ocrx_word' id='word_1_73' title='bbox 1472 1321 1912 1381; x_wconf 86' lang='lat' dir='ltr'><strong>prosternamur;</strong></span> <span class='ocrx_word' id='word_1_74' title='bbox 1955 1320 2012 1365; x_wconf 90' lang='lat' dir='ltr'><strong>et</strong></span> <span class='ocrx_word' id='word_1_75' title='bbox 2051 1326 2212 1365; x_wconf 91' lang='lat' dir='ltr'><strong>nemo</strong></span> 
     </span>
    </p>
   </div>
   <div class='ocr_carea' id='block_1_15' title="bbox 638 1403 2212 1474">
    <p class='ocr_par' dir='ltr' id='par_1_15' title="bbox 638 1403 2212 1474">
     <span class='ocr_line' id='line_1_15' title="bbox 638 1403 2212 1474; baseline 0 -15"><span class='ocrx_word' id='word_1_76' title='bbox 638 1420 740 1459; x_wconf 89' lang='lat' dir='ltr'><strong>nos</strong></span> <span class='ocrx_word' id='word_1_77' title='bbox 766 1404 965 1474; x_wconf 90' lang='lat' dir='ltr'><strong>poterit</strong></span> <span class='ocrx_word' id='word_1_78' title='bbox 994 1403 1315 1458; x_wconf 88' lang='lat' dir='ltr'><strong>conculcare</strong></span> <span class='ocrx_word' id='word_1_79' title='bbox 1350 1422 1363 1457; x_wconf 92' lang='lat'>:</span> <span class='ocrx_word' id='word_1_80' title='bbox 1392 1405 1485 1458; x_wconf 90' lang='lat' dir='ltr'><strong>sed</strong></span> <span class='ocrx_word' id='word_1_81' title='bbox 1508 1419 1684 1474; x_wconf 89' lang='lat' dir='ltr'><strong>neque</strong></span> <span class='ocrx_word' id='word_1_82' title='bbox 1717 1404 1967 1457; x_wconf 89' lang='lat' dir='ltr'><strong>inimicos</strong></span> <span class='ocrx_word' id='word_1_83' title='bbox 1995 1412 2212 1459; x_wconf 88' lang='lat' dir='ltr'><strong>nostros</strong></span> 
     </span>
    </p>
   </div>
   <div class='ocr_carea' id='block_1_16' title="bbox 638 1494 2210 1563">
    <p class='ocr_par' dir='ltr' id='par_1_16' title="bbox 638 1494 2210 1563">
     <span class='ocr_line' id='line_1_16' title="bbox 638 1494 2210 1563; baseline 0.001 -16"><span class='ocrx_word' id='word_1_84' title='bbox 638 1494 961 1548; x_wconf 80' lang='lat' dir='ltr'><strong>excelsiores</strong></span> <span class='ocrx_word' id='word_1_85' title='bbox 980 1494 1093 1548; x_wconf 83' lang='lat' dir='ltr'><strong>fieri</strong></span> <span class='ocrx_word' id='word_1_86' title='bbox 1126 1494 1526 1563; x_wconf 89' lang='lat' dir='ltr'><strong>permittamus,</strong></span> <span class='ocrx_word' id='word_1_87' title='bbox 1570 1494 1666 1549; x_wconf 88' lang='lat' dir='ltr'><strong>sed</strong></span> <span class='ocrx_word' id='word_1_88' title='bbox 1692 1495 1955 1548; x_wconf 88' lang='lat' dir='ltr'><strong>virtutum</strong></span> <span class='ocrx_word' id='word_1_89' title='bbox 2014 1496 2210 1549; x_wconf 86' lang='lat' dir='ltr'><strong>scalam</strong></span> 
     </span>
    </p>
   </div>
   <div class='ocr_carea' id='block_1_17' title="bbox 639 1586 2213 1657">
    <p class='ocr_par' dir='ltr' id='par_1_17' title="bbox 639 1586 2213 1657">
     <span class='ocr_line' id='line_1_17' title="bbox 639 1586 2213 1657; baseline 0.002 -19"><span class='ocrx_word' id='word_1_90' title='bbox 639 1586 1092 1649; x_wconf 84' lang='lat' dir='ltr'><strong>conscendentes,</strong></span> <span class='ocrx_word' id='word_1_91' title='bbox 1146 1586 1472 1641; x_wconf 88' lang='lat' dir='ltr'><strong>insidiantes</strong></span> <span class='ocrx_word' id='word_1_92' title='bbox 1512 1587 1671 1641; x_wconf 90' lang='lat' dir='ltr'><strong>nobis</strong></span> <span class='ocrx_word' id='word_1_93' title='bbox 1736 1586 1868 1657; x_wconf 87' lang='lat' dir='ltr'><strong>ipsis</strong></span> <span class='ocrx_word' id='word_1_94' title='bbox 1925 1586 2213 1642; x_wconf 85' lang='lat' dir='ltr'><strong>inferiores</strong></span> 
     </span>
    </p>
   </div>
   <div class='ocr_carea' id='block_1_18' title="bbox 639 1676 953 1732">
    <p class='ocr_par' dir='ltr' id='par_1_18' title="bbox 639 1676 953 1732">
     <span class='ocr_line' id='line_1_18' title="bbox 639 1676 953 1732; baseline 0.003 -1"><span class='ocrx_word' id='word_1_95' title='bbox 639 1676 953 1732; x_wconf 74' lang='lat' dir='ltr'><strong>efﬁciamus.</strong></span> 
     </span>
    </p>
   </div>
   <div class='ocr_carea' id='block_1_19' title="bbox 710 1768 1576 1826">
    <p class='ocr_par' dir='ltr' id='par_1_19' title="bbox 710 1768 1576 1826">
     <span class='ocr_line' id='line_1_19' title="bbox 710 1768 1576 1826; baseline 0.002 -4"><span class='ocrx_word' id='word_1_96' title='bbox 710 1768 872 1823; x_wconf 75' lang='lat' dir='ltr'><strong>Vens.</strong></span> <span class='ocrx_word' id='word_1_97' title='bbox 915 1771 967 1825; x_wconf 77' lang='grc'><strong>4.</strong></span> <span class='ocrx_word' id='word_1_98' title='bbox 993 1790 1012 1821; x_wconf 82' lang='grc' dir='ltr'><strong>ι</strong></span> <span class='ocrx_word' id='word_1_99' title='bbox 1043 1769 1159 1824; x_wconf 87' lang='lat' dir='ltr'><strong>Diei</strong></span> <span class='ocrx_word' id='word_1_100' title='bbox 1186 1786 1294 1825; x_wconf 89' lang='lat' dir='ltr'><strong>non</strong></span> <span class='ocrx_word' id='word_1_101' title='bbox 1320 1771 1576 1826; x_wconf 71' lang='lat' dir='ltr'><strong>lilﬂGbO.)</strong></span> 
     </span>
    </p>
   </div>
   <div class='ocr_carea' id='block_1_20' title="bbox 723 1851 2284 1933">
    <p class='ocr_par' dir='ltr' id='par_1_20' title="bbox 723 1851 2284 1933">
     <span class='ocr_line' id='line_1_20' title="bbox 723 1851 2284 1933; baseline 0.002 -18"><span class='ocrx_word' id='word_1_102' title='bbox 723 1860 779 1915; x_wconf 88' lang='lat' dir='ltr'><strong>Si</strong></span> <span class='ocrx_word' id='word_1_103' title='bbox 803 1862 970 1926; x_wconf 85' lang='lat' dir='ltr'><strong>enim,</strong></span> <span class='ocrx_word' id='word_1_104' title='bbox 1001 1864 1195 1933; x_wconf 84' lang='lat' dir='ltr'><strong>inquit,</strong></span> <span class='ocrx_word' id='word_1_105' title='bbox 1228 1864 1282 1917; x_wconf 89' lang='lat' dir='ltr'><strong>in</strong></span> <span class='ocrx_word' id='word_1_106' title='bbox 1309 1864 1513 1918; x_wconf 89' lang='lat' dir='ltr'><strong>lumine</strong></span> <span class='ocrx_word' id='word_1_107' title='bbox 1542 1865 1901 1930; x_wconf 89' lang='lat' dir='ltr'><strong>ambulemus,</strong></span> <span class='ocrx_word' id='word_1_108' title='bbox 1936 1865 2067 1919; x_wconf 89' lang='lat' dir='ltr'><strong>etin</strong></span> <span class='ocrx_word' id='word_1_109' title='bbox 2102 1865 2209 1931; x_wconf 83' lang='lat' dir='ltr'><strong>die,</strong></span> <span class='ocrx_word' id='word_1_110' title='bbox 2244 1851 2284 1906; x_wconf 81' lang='grc' dir='ltr'><strong>Β</strong></span> 
     </span>
    </p>
   </div>
   <div class='ocr_carea' id='block_1_21' title="bbox 639 1955 2211 2023">
    <p class='ocr_par' dir='ltr' id='par_1_21' title="bbox 639 1955 2211 2023">
     <span class='ocr_line' id='line_1_21' title="bbox 639 1955 2211 2023; baseline 0.003 -16"><span class='ocrx_word' id='word_1_111' title='bbox 639 1955 1097 2023; x_wconf 85' lang='lat' dir='ltr'><strong>quemadmodum</strong></span> <span class='ocrx_word' id='word_1_112' title='bbox 1174 1955 1373 2010; x_wconf 89' lang='lat' dir='ltr'><strong>Paulus</strong></span> <span class='ocrx_word' id='word_1_113' title='bbox 1438 1956 1534 2017; x_wconf 86' lang='lat' dir='ltr'><strong>ait.</strong></span> <span class='ocrx_word' id='word_1_114' title='bbox 1598 1957 1826 2011; x_wconf 88' lang='lat' dir='ltr'><strong>honeste</strong></span> <span class='ocrx_word' id='word_1_115' title='bbox 1851 1956 2211 2011; x_wconf 81' lang='lat' dir='ltr'><strong>ambulaveri-</strong></span> 
     </span>
    </p>
   </div>
   <div class='ocr_carea' id='block_1_22' title="bbox 641 2048 2210 2113">
    <p class='ocr_par' dir='ltr' id='par_1_22' title="bbox 641 2048 2210 2113">
     <span class='ocr_line' id='line_1_22' title="bbox 641 2048 2210 2113; baseline 0.001 -12"><span class='ocrx_word' id='word_1_116' title='bbox 641 2062 784 2111; x_wconf 90' lang='lat' dir='ltr'><strong>mus,</strong></span> <span class='ocrx_word' id='word_1_117' title='bbox 833 2050 1030 2101; x_wconf 90' lang='lat' dir='ltr'><strong>merito</strong></span> <span class='ocrx_word' id='word_1_118' title='bbox 1084 2048 1359 2102; x_wconf 90' lang='lat' dir='ltr'><strong>neminem</strong></span> <span class='ocrx_word' id='word_1_119' title='bbox 1396 2048 1769 2102; x_wconf 85' lang='lat' dir='ltr'><strong>insidiantium</strong></span> <span class='ocrx_word' id='word_1_120' title='bbox 1830 2049 2210 2113; x_wconf 87' lang='lat' dir='ltr'><strong>formidamus,</strong></span> 
     </span>
    </p>
   </div>
   <div class='ocr_carea' id='block_1_23' title="bbox 641 2138 2212 2207">
    <p class='ocr_par' dir='ltr' id='par_1_23' title="bbox 641 2138 2212 2207">
     <span class='ocr_line' id='line_1_23' title="bbox 641 2138 2212 2207; baseline -0.001 -15"><span class='ocrx_word' id='word_1_121' title='bbox 641 2147 859 2193; x_wconf 84' lang='lat' dir='ltr'><strong>utentes</strong></span> <span class='ocrx_word' id='word_1_122' title='bbox 911 2139 1175 2193; x_wconf 86' lang='lat' dir='ltr'><strong>adversus</strong></span> <span class='ocrx_word' id='word_1_123' title='bbox 1244 2138 1392 2207; x_wconf 87' lang='lat' dir='ltr'><strong>ipsos</strong></span> <span class='ocrx_word' id='word_1_124' title='bbox 1440 2147 1727 2192; x_wconf 86' lang='lat' dir='ltr'><strong>armatura</strong></span> <span class='ocrx_word' id='word_1_125' title='bbox 1770 2138 1897 2203; x_wconf 83' lang='lat' dir='ltr'><strong>fidei</strong></span> <span class='ocrx_word' id='word_1_126' title='bbox 1918 2147 1971 2193; x_wconf 87' lang='lat' dir='ltr'><strong>et</strong></span> <span class='ocrx_word' id='word_1_127' title='bbox 2003 2139 2117 2207; x_wconf 89' lang='lat' dir='ltr'><strong>spei</strong></span> <span class='ocrx_word' id='word_1_128' title='bbox 2158 2138 2212 2191; x_wconf 90' lang='lat' dir='ltr'><strong>in</strong></span> 
     </span>
    </p>
   </div>
   <div class='ocr_carea' id='block_1_24' title="bbox 642 2233 833 2287">
    <p class='ocr_par' dir='ltr' id='par_1_24' title="bbox 642 2233 833 2287">
     <span class='ocr_line' id='line_1_24' title="bbox 642 2233 833 2287; baseline -0.01 -3"><span class='ocrx_word' id='word_1_129' title='bbox 642 2233 833 2287; x_wconf 88' lang='lat' dir='ltr'><strong>Deum.</strong></span> 
     </span>
    </p>
   </div>
   <div class='ocr_carea' id='block_1_25' title="bbox 706 2318 1591 2376">
    <p class='ocr_par' dir='ltr' id='par_1_25' title="bbox 706 2318 1591 2376">
     <span class='ocr_line' id='line_1_25' title="bbox 706 2318 1591 2376; baseline -0.008 -1"><span class='ocrx_word' id='word_1_130' title='bbox 706 2320 872 2376; x_wconf 75' lang='lat' dir='ltr'><strong>Vens.</strong></span> <span class='ocrx_word' id='word_1_131' title='bbox 903 2320 954 2374; x_wconf 88' lang='lat'><strong>5.</strong></span> <span class='ocrx_word' id='word_1_132' title='bbox 1006 2338 1024 2371; x_wconf 87' lang='grc' dir='ltr'><strong>ι</strong></span> <span class='ocrx_word' id='word_1_133' title='bbox 1054 2318 1113 2372; x_wconf 86' lang='lat' dir='ltr'><strong>In</strong></span> <span class='ocrx_word' id='word_1_134' title='bbox 1147 2318 1258 2372; x_wconf 86' lang='lat' dir='ltr'><strong>Deo</strong></span> <span class='ocrx_word' id='word_1_135' title='bbox 1289 2318 1541 2374; x_wconf 87' lang='lat' dir='ltr'><strong>laudabo.</strong></span> <span class='ocrx_word' id='word_1_136' title='bbox 1573 2337 1591 2368; x_wconf 77' lang='grc' dir='ltr'><strong>ι</strong></span> 
     </span>
    </p>
   </div>
   <div class='ocr_carea' id='block_1_26' title="bbox 706 2409 2212 2479">
    <p class='ocr_par' dir='ltr' id='par_1_26' title="bbox 706 2409 2212 2479">
     <span class='ocr_line' id='line_1_26' title="bbox 706 2409 2212 2479; baseline -0.001 -12"><span class='ocrx_word' id='word_1_137' title='bbox 706 2411 842 2467; x_wconf 88' lang='lat' dir='ltr'><strong>Cum</strong></span> <span class='ocrx_word' id='word_1_138' title='bbox 891 2410 1071 2466; x_wconf 89' lang='lat' dir='ltr'><strong>omnis</strong></span> <span class='ocrx_word' id='word_1_139' title='bbox 1106 2424 1309 2473; x_wconf 89' lang='lat' dir='ltr'><strong>sermo,</strong></span> <span class='ocrx_word' id='word_1_140' title='bbox 1347 2410 1437 2479; x_wconf 91' lang='lat' dir='ltr'><strong>qui</strong></span> <span class='ocrx_word' id='word_1_141' title='bbox 1490 2409 1583 2464; x_wconf 89' lang='lat' dir='ltr'><strong>Dei</strong></span> <span class='ocrx_word' id='word_1_142' title='bbox 1631 2410 1910 2465; x_wconf 83' lang='lat' dir='ltr'><strong>notionem</strong></span> <span class='ocrx_word' id='word_1_143' title='bbox 1945 2412 2212 2475; x_wconf 86' lang='lat' dir='ltr'><strong>continet,</strong></span> 
     </span>
    </p>
   </div>
   <div class='ocr_carea' id='block_1_27' title="bbox 638 2502 2215 2574">
    <p class='ocr_par' dir='ltr' id='par_1_27' title="bbox 638 2502 2215 2574">
     <span class='ocr_line' id='line_1_27' title="bbox 638 2502 2215 2574; baseline -0.001 -16"><span class='ocrx_word' id='word_1_144' title='bbox 638 2507 798 2561; x_wconf 85' lang='lat' dir='ltr'><strong>laude</strong></span> <span class='ocrx_word' id='word_1_145' title='bbox 832 2520 896 2559; x_wconf 90' lang='lat' dir='ltr'><strong>ac</strong></span> <span class='ocrx_word' id='word_1_146' title='bbox 924 2502 1291 2559; x_wconf 87' lang='lat' dir='ltr'><strong>celebratione</strong></span> <span class='ocrx_word' id='word_1_147' title='bbox 1336 2503 1533 2574; x_wconf 88' lang='lat' dir='ltr'><strong>dignus</strong></span> <span class='ocrx_word' id='word_1_148' title='bbox 1580 2504 1678 2565; x_wconf 89' lang='lat' dir='ltr'><strong>sit,</strong></span> <span class='ocrx_word' id='word_1_149' title='bbox 1718 2504 1841 2573; x_wconf 87' lang='lat' dir='ltr'><strong>ipsi,</strong></span> <span class='ocrx_word' id='word_1_150' title='bbox 1871 2504 2064 2573; x_wconf 90' lang='lat' dir='ltr'><strong>inquit,</strong></span> <span class='ocrx_word' id='word_1_151' title='bbox 2092 2513 2215 2558; x_wconf 88' lang='lat' dir='ltr'><strong>tan-</strong></span> 
     </span>
    </p>
   </div>
   <div class='ocr_carea' id='block_1_28' title="bbox 636 2592 2215 2664">
    <p class='ocr_par' dir='ltr' id='par_1_28' title="bbox 636 2592 2215 2664">
     <span class='ocr_line' id='line_1_28' title="bbox 636 2592 2215 2664; baseline -0.002 -15"><span class='ocrx_word' id='word_1_152' title='bbox 636 2610 796 2664; x_wconf 89' lang='lat' dir='ltr'><strong>quam</strong></span> <span class='ocrx_word' id='word_1_153' title='bbox 825 2593 1034 2648; x_wconf 88' lang='lat' dir='ltr'><strong>auctori</strong></span> <span class='ocrx_word' id='word_1_154' title='bbox 1058 2592 1246 2646; x_wconf 85' lang='lat' dir='ltr'><strong>laudes</strong></span> <span class='ocrx_word' id='word_1_155' title='bbox 1275 2592 1634 2647; x_wconf 79' lang='lat' dir='ltr'><strong>exhibeamus</strong></span> <span class='ocrx_word' id='word_1_156' title='bbox 1666 2610 1679 2645; x_wconf 93' lang='lat'>:</span> <span class='ocrx_word' id='word_1_157' title='bbox 1715 2602 1771 2647; x_wconf 90' lang='lat' dir='ltr'><strong>et</strong></span> <span class='ocrx_word' id='word_1_158' title='bbox 1794 2608 2134 2663; x_wconf 74' lang='lat' dir='ltr'><strong>quazcunque</strong></span> <span class='ocrx_word' id='word_1_159' title='bbox 2162 2593 2215 2646; x_wconf 93' lang='lat' dir='ltr'><strong>in</strong></span> 
     </span>
    </p>
   </div>
   <div class='ocr_carea' id='block_1_29' title="bbox 638 2684 2221 2758">
    <p class='ocr_par' dir='ltr' id='par_1_29' title="bbox 638 2684 2221 2758">
     <span class='ocr_line' id='line_1_29' title="bbox 638 2684 2221 2758; baseline -0.001 -17"><span class='ocrx_word' id='word_1_160' title='bbox 638 2687 757 2758; x_wconf 86' lang='lat' dir='ltr'><strong>ipso</strong></span> <span class='ocrx_word' id='word_1_161' title='bbox 787 2687 1084 2756; x_wconf 88' lang='lat' dir='ltr'><strong>loquimur,</strong></span> <span class='ocrx_word' id='word_1_162' title='bbox 1114 2685 1229 2740; x_wconf 66' lang='lat' dir='ltr'><strong>haec</strong></span> <span class='ocrx_word' id='word_1_163' title='bbox 1262 2685 1402 2740; x_wconf 88' lang='lat' dir='ltr'><strong>bene</strong></span> <span class='ocrx_word' id='word_1_164' title='bbox 1432 2684 1639 2755; x_wconf 81' lang='lat' dir='ltr'><strong>dirigit,</strong></span> <span class='ocrx_word' id='word_1_165' title='bbox 1672 2701 1737 2739; x_wconf 90' lang='lat' dir='ltr'><strong>ac</strong></span> <span class='ocrx_word' id='word_1_166' title='bbox 1765 2684 1963 2738; x_wconf 89' lang='lat' dir='ltr'><strong>merito</strong></span> <span class='ocrx_word' id='word_1_167' title='bbox 1992 2685 2221 2739; x_wconf 86' lang='lat' dir='ltr'><strong>retribu-</strong></span> 
     </span>
    </p>
   </div>
   <div class='ocr_carea' id='block_1_30' title="bbox 640 2775 2214 2849">
    <p class='ocr_par' dir='ltr' id='par_1_30' title="bbox 640 2775 2214 2849">
     <span class='ocr_line' id='line_1_30' title="bbox 640 2775 2214 2849; baseline -0.001 -17"><span class='ocrx_word' id='word_1_168' title='bbox 640 2781 789 2834; x_wconf 84' lang='lat' dir='ltr'><strong>tione</strong></span> <span class='ocrx_word' id='word_1_169' title='bbox 815 2779 976 2849; x_wconf 88' lang='lat' dir='ltr'><strong>digna</strong></span> <span class='ocrx_word' id='word_1_170' title='bbox 1004 2777 1309 2833; x_wconf 80' lang='lat' dir='ltr'><strong>cot&#39;l&#39;stituit.</strong></span> <span class='ocrx_word' id='word_1_171' title='bbox 1336 2775 1503 2832; x_wconf 88' lang='lat' dir='ltr'><strong>Porro</strong></span> <span class='ocrx_word' id='word_1_172' title='bbox 1526 2794 1737 2831; x_wconf 84' lang='lat' dir='ltr'><strong>carnem</strong></span> <span class='ocrx_word' id='word_1_173' title='bbox 1763 2776 2074 2848; x_wconf 88' lang='lat' dir='ltr'><strong>frequenter</strong></span> <span class='ocrx_word' id='word_1_174' title='bbox 2096 2792 2214 2833; x_wconf 84' lang='lat' dir='ltr'><strong>car-</strong></span> 
     </span>
    </p>
   </div>
   <div class='ocr_carea' id='block_1_31' title="bbox 638 2870 2218 2941">
    <p class='ocr_par' dir='ltr' id='par_1_31' title="bbox 638 2870 2218 2941">
     <span class='ocr_line' id='line_1_31' title="bbox 638 2870 2218 2941; baseline -0.002 -14"><span class='ocrx_word' id='word_1_175' title='bbox 638 2874 790 2928; x_wconf 89' lang='lat' dir='ltr'><strong>nales</strong></span> <span class='ocrx_word' id='word_1_176' title='bbox 839 2872 1072 2927; x_wconf 77' lang='lat' dir='ltr'><strong>atfectus</strong></span> <span class='ocrx_word' id='word_1_177' title='bbox 1122 2880 1178 2925; x_wconf 92' lang='lat' dir='ltr'><strong>et</strong></span> <span class='ocrx_word' id='word_1_178' title='bbox 1219 2871 1524 2940; x_wconf 84' lang='lat' dir='ltr'><strong>voluptates</strong></span> <span class='ocrx_word' id='word_1_179' title='bbox 1576 2870 1684 2925; x_wconf 92' lang='lat' dir='ltr'><strong>dici</strong></span> <span class='ocrx_word' id='word_1_180' title='bbox 1742 2872 2108 2941; x_wconf 89' lang='lat' dir='ltr'><strong>reperiemus;</strong></span> <span class='ocrx_word' id='word_1_181' title='bbox 2150 2879 2218 2926; x_wconf 90' lang='lat' dir='ltr'><strong>:ut</strong></span> 
     </span>
    </p>
   </div>
   <div class='ocr_carea' id='block_1_32' title="bbox 637 2962 2216 3035">
    <p class='ocr_par' dir='ltr' id='par_1_32' title="bbox 637 2962 2216 3035">
     <span class='ocr_line' id='line_1_32' title="bbox 637 2962 2216 3035; baseline -0.002 -15"><span class='ocrx_word' id='word_1_182' title='bbox 637 2965 856 3035; x_wconf 82' lang='lat' dir='ltr'><strong>quando</strong></span> <span class='ocrx_word' id='word_1_183' title='bbox 874 2963 1072 3018; x_wconf 88' lang='lat' dir='ltr'><strong>Paulus</strong></span> <span class='ocrx_word' id='word_1_184' title='bbox 1096 2963 1205 3016; x_wconf 86' lang='lat' dir='ltr'><strong>ait:</strong></span> <span class='ocrx_word' id='word_1_185' title='bbox 1234 2962 1353 3016; x_wconf 82' lang='lat' dir='ltr'><strong>Scio</strong></span> <span class='ocrx_word' id='word_1_186' title='bbox 1376 2963 1515 3015; x_wconf 82' lang='lat' dir='ltr'><strong>enim</strong></span> <span class='ocrx_word' id='word_1_187' title='bbox 1537 2962 1664 3033; x_wconf 81' lang='lat' dir='ltr'><strong>quia</strong></span> <span class='ocrx_word' id='word_1_188' title='bbox 1697 2978 1800 3016; x_wconf 85' lang='lat' dir='ltr'><strong>non</strong></span> <span class='ocrx_word' id='word_1_189' title='bbox 1824 2962 2024 3016; x_wconf 79' lang='lat' dir='ltr'><strong>habitat</strong></span> <span class='ocrx_word' id='word_1_190' title='bbox 2041 2964 2093 3017; x_wconf 80' lang='lat' dir='ltr'><strong>in</strong></span> <span class='ocrx_word' id='word_1_191' title='bbox 2115 2980 2216 3029; x_wconf 87' lang='lat' dir='ltr'><strong>me,</strong></span> 
     </span>
    </p>
   </div>
   <div class='ocr_carea' id='block_1_33' title="bbox 639 3054 2217 3124">
    <p class='ocr_par' dir='ltr' id='par_1_33' title="bbox 639 3054 2217 3124">
     <span class='ocr_line' id='line_1_33' title="bbox 639 3054 2217 3124; baseline 0.001 -15"><span class='ocrx_word' id='word_1_192' title='bbox 639 3065 734 3110; x_wconf 82' lang='lat' dir='ltr'><strong>hoc</strong></span> <span class='ocrx_word' id='word_1_193' title='bbox 766 3065 840 3109; x_wconf 77' lang='lat' dir='ltr'><strong>est</strong></span> <span class='ocrx_word' id='word_1_194' title='bbox 888 3056 942 3109; x_wconf 81' lang='lat' dir='ltr'><strong>in</strong></span> <span class='ocrx_word' id='word_1_195' title='bbox 990 3072 1147 3108; x_wconf 84' lang='lat' dir='ltr'><strong>carne</strong></span> <span class='ocrx_word' id='word_1_196' title='bbox 1178 3071 1317 3119; x_wconf 85' lang='lat' dir='ltr'><strong>mea,</strong></span> <span class='ocrx_word' id='word_1_197' title='bbox 1353 3055 1541 3108; x_wconf 82' lang='lat' dir='ltr'><strong>bonum</strong></span> <span class='ocrx_word' id='word_1_198' title='bbox 1562 3054 1647 3119; x_wconf 69' lang='lat'><strong>“;</strong></span> <span class='ocrx_word' id='word_1_199' title='bbox 1701 3069 1845 3124; x_wconf 63' lang='lat' dir='ltr'><strong>stepe</strong></span> <span class='ocrx_word' id='word_1_200' title='bbox 1880 3070 2008 3108; x_wconf 77' lang='lat' dir='ltr'><strong>vero</strong></span> <span class='ocrx_word' id='word_1_201' title='bbox 2054 3055 2217 3110; x_wconf 88' lang='lat' dir='ltr'><strong>etiam</strong></span> 
     </span>
    </p>
   </div>
   <div class='ocr_carea' id='block_1_34' title="bbox 641 3145 2214 3212">
    <p class='ocr_par' dir='ltr' id='par_1_34' title="bbox 641 3145 2214 3212">
     <span class='ocr_line' id='line_1_34' title="bbox 641 3145 2214 3212; baseline -0.001 -12"><span class='ocrx_word' id='word_1_202' title='bbox 641 3147 955 3212; x_wconf 87' lang='lat' dir='ltr'><strong>hominem;</strong></span> <span class='ocrx_word' id='word_1_203' title='bbox 1005 3147 1146 3200; x_wconf 87' lang='lat' dir='ltr'><strong>sicut</strong></span> <span class='ocrx_word' id='word_1_204' title='bbox 1189 3145 1353 3199; x_wconf 89' lang='lat' dir='ltr'><strong>etiam</strong></span> <span class='ocrx_word' id='word_1_205' title='bbox 1404 3146 1569 3200; x_wconf 88' lang='lat' dir='ltr'><strong>David</strong></span> <span class='ocrx_word' id='word_1_206' title='bbox 1616 3145 1791 3199; x_wconf 78' lang='lat' dir='ltr'><strong>dixit:</strong></span> <span class='ocrx_word' id='word_1_207' title='bbox 1820 3145 1902 3199; x_wconf 80' lang='lat' dir='ltr'><strong>Ad</strong></span> <span class='ocrx_word' id='word_1_208' title='bbox 1947 3156 1996 3199; x_wconf 88' lang='lat' dir='ltr'><strong>te</strong></span> <span class='ocrx_word' id='word_1_209' title='bbox 2043 3147 2214 3199; x_wconf 69' lang='lat' dir='ltr'><strong>omnis</strong></span> 
     </span>
    </p>
   </div>
   <div class='ocr_carea' id='block_1_35' title="bbox 638 3218 2278 3309">
    <p class='ocr_par' dir='ltr' id='par_1_35' title="bbox 638 3218 2278 3309">
     <span class='ocr_line' id='line_1_35' title="bbox 638 3218 2278 3309; baseline 0.002 -19"><span class='ocrx_word' id='word_1_210' title='bbox 638 3254 763 3291; x_wconf 85' lang='lat' dir='ltr'><strong>caro</strong></span> <span class='ocrx_word' id='word_1_211' title='bbox 791 3238 1042 3292; x_wconf 77' lang='lat' dir='ltr'><strong>veniet“.</strong></span> <span class='ocrx_word' id='word_1_212' title='bbox 1076 3236 1213 3308; x_wconf 89' lang='lat' dir='ltr'><strong>Spes</strong></span> <span class='ocrx_word' id='word_1_213' title='bbox 1247 3237 1409 3309; x_wconf 77' lang='lat' dir='ltr'><strong>igitur</strong></span> <span class='ocrx_word' id='word_1_214' title='bbox 1436 3238 1530 3292; x_wconf 88' lang='lat' dir='ltr'><strong>Dei</strong></span> <span class='ocrx_word' id='word_1_215' title='bbox 1561 3248 1616 3292; x_wconf 90' lang='lat' dir='ltr'><strong>et</strong></span> <span class='ocrx_word' id='word_1_216' title='bbox 1640 3238 1976 3309; x_wconf 87' lang='lat' dir='ltr'><strong>voluptatem</strong></span> <span class='ocrx_word' id='word_1_217' title='bbox 2009 3239 2206 3303; x_wconf 80' lang='lat' dir='ltr'><strong>frenat,</strong></span> <span class='ocrx_word' id='word_1_218' title='bbox 2237 3218 2278 3276; x_wconf 66' lang='grc' dir='ltr'><em>ε</em></span> 
     </span>
    </p>
   </div>
   <div class='ocr_carea' id='block_1_36' title="bbox 637 3331 2213 3401">
    <p class='ocr_par' dir='ltr' id='par_1_36' title="bbox 637 3331 2213 3401">
     <span class='ocr_line' id='line_1_36' title="bbox 637 3331 2213 3401; baseline 0.001 -16"><span class='ocrx_word' id='word_1_219' title='bbox 637 3340 695 3386; x_wconf 90' lang='lat' dir='ltr'><strong>et</strong></span> <span class='ocrx_word' id='word_1_220' title='bbox 747 3331 1027 3385; x_wconf 88' lang='lat' dir='ltr'><strong>inimicum</strong></span> <span class='ocrx_word' id='word_1_221' title='bbox 1083 3331 1361 3385; x_wconf 86' lang='lat' dir='ltr'><strong>hominem</strong></span> <span class='ocrx_word' id='word_1_222' title='bbox 1408 3340 1741 3397; x_wconf 83' lang='lat' dir='ltr'><strong>coercet,et</strong></span> <span class='ocrx_word' id='word_1_223' title='bbox 1779 3332 2067 3401; x_wconf 86' lang='lat' dir='ltr'><strong>utrobique</strong></span> <span class='ocrx_word' id='word_1_224' title='bbox 2112 3346 2213 3386; x_wconf 87' lang='lat' dir='ltr'><strong>nos</strong></span> 
     </span>
    </p>
   </div>
   <div class='ocr_carea' id='block_1_37' title="bbox 639 3423 1273 3491">
    <p class='ocr_par' dir='ltr' id='par_1_37' title="bbox 639 3423 1273 3491">
     <span class='ocr_line' id='line_1_37' title="bbox 639 3423 1273 3491; baseline 0 -15"><span class='ocrx_word' id='word_1_225' title='bbox 639 3424 814 3477; x_wconf 87' lang='lat' dir='ltr'><strong>reddit</strong></span> <span class='ocrx_word' id='word_1_226' title='bbox 854 3423 1273 3491; x_wconf 86' lang='lat' dir='ltr'><strong>imperterritus.</strong></span> 
     </span>
    </p>
   </div>
   <div class='ocr_carea' id='block_1_38' title="bbox 710 3512 1716 3570">
    <p class='ocr_par' dir='ltr' id='par_1_38' title="bbox 710 3512 1716 3570">
     <span class='ocr_line' id='line_1_38' title="bbox 710 3512 1716 3570; baseline 0.002 -7"><span class='ocrx_word' id='word_1_227' title='bbox 710 3512 872 3568; x_wconf 69' lang='lat' dir='ltr'><strong>Vens.</strong></span> <span class='ocrx_word' id='word_1_228' title='bbox 901 3514 954 3568; x_wconf 87' lang='lat'><strong>6.</strong></span> <span class='ocrx_word' id='word_1_229' title='bbox 1003 3534 1021 3566; x_wconf 88' lang='grc' dir='ltr'><strong>ι</strong></span> <span class='ocrx_word' id='word_1_230' title='bbox 1054 3514 1189 3569; x_wconf 89' lang='lat' dir='ltr'><strong>Tota</strong></span> <span class='ocrx_word' id='word_1_231' title='bbox 1215 3514 1303 3569; x_wconf 90' lang='lat' dir='ltr'><strong>die</strong></span> <span class='ocrx_word' id='word_1_232' title='bbox 1330 3513 1497 3569; x_wconf 82' lang='lat' dir='ltr'><strong>verba</strong></span> <span class='ocrx_word' id='word_1_233' title='bbox 1524 3530 1663 3570; x_wconf 88' lang='lat' dir='ltr'><strong>mea.</strong></span> <span class='ocrx_word' id='word_1_234' title='bbox 1698 3533 1716 3565; x_wconf 83' lang='grc'>›</span> 
     </span>
    </p>
   </div>
   <div class='ocr_carea' id='block_1_39' title="bbox 710 3605 2216 3663">
    <p class='ocr_par' dir='ltr' id='par_1_39' title="bbox 710 3605 2216 3663">
     <span class='ocr_line' id='line_1_39' title="bbox 710 3605 2216 3663; baseline 0.003 -4"><span class='ocrx_word' id='word_1_235' title='bbox 710 3605 994 3662; x_wconf 79' lang='lat' dir='ltr'><strong>Manifeste</strong></span> <span class='ocrx_word' id='word_1_236' title='bbox 1049 3608 1347 3662; x_wconf 86' lang='lat' dir='ltr'><strong>etiamnum</strong></span> <span class='ocrx_word' id='word_1_237' title='bbox 1398 3606 1615 3663; x_wconf 64' lang='lat' dir='ltr'><strong>Judaos</strong></span> <span class='ocrx_word' id='word_1_238' title='bbox 1677 3608 1855 3663; x_wconf 86' lang='lat' dir='ltr'><strong>innuit</strong></span> <span class='ocrx_word' id='word_1_239' title='bbox 1902 3626 1916 3663; x_wconf 92' lang='lat'><strong>:</strong></span> <span class='ocrx_word' id='word_1_240' title='bbox 1967 3608 2025 3663; x_wconf 90' lang='lat' dir='ltr'><strong>hi</strong></span> <span class='ocrx_word' id='word_1_241' title='bbox 2070 3607 2216 3663; x_wconf 91' lang='lat' dir='ltr'><strong>enim</strong></span> 
     </span>
    </p>
   </div>
   <div class='ocr_carea' id='block_1_40' title="bbox 639 3698 2215 3762">
    <p class='ocr_par' dir='ltr' id='par_1_40' title="bbox 639 3698 2215 3762">
     <span class='ocr_line' id='line_1_40' title="bbox 639 3698 2215 3762; baseline 0.001 -8"><span class='ocrx_word' id='word_1_242' title='bbox 639 3698 806 3754; x_wconf 81' lang='lat' dir='ltr'><strong>verba</strong></span> <span class='ocrx_word' id='word_1_243' title='bbox 838 3699 1100 3762; x_wconf 84' lang='lat' dir='ltr'><strong>fidelium,</strong></span> <span class='ocrx_word' id='word_1_244' title='bbox 1128 3700 1293 3754; x_wconf 84' lang='lat' dir='ltr'><strong>veluti</strong></span> <span class='ocrx_word' id='word_1_245' title='bbox 1325 3700 1659 3756; x_wconf 86' lang='lat' dir='ltr'><strong>infidelitatis</strong></span> <span class='ocrx_word' id='word_1_246' title='bbox 1689 3717 1800 3757; x_wconf 71' lang='lat' dir='ltr'><strong>suae</strong></span> <span class='ocrx_word' id='word_1_247' title='bbox 1835 3700 2215 3757; x_wconf 80' lang='lat' dir='ltr'><strong>refutationem</strong></span> 
     </span>
    </p>
   </div>
   <div class='ocr_carea' id='block_1_41' title="bbox 639 3792 2216 3862">
    <p class='ocr_par' dir='ltr' id='par_1_41' title="bbox 639 3792 2216 3862">
     <span class='ocr_line' id='line_1_41' title="bbox 639 3792 2216 3862; baseline 0.002 -16"><span class='ocrx_word' id='word_1_248' title='bbox 639 3792 1001 3854; x_wconf 79' lang='lat' dir='ltr'><strong>continentia.</strong></span> <span class='ocrx_word' id='word_1_249' title='bbox 1032 3806 1249 3862; x_wconf 88' lang='lat' dir='ltr'><strong>semper</strong></span> <span class='ocrx_word' id='word_1_250' title='bbox 1278 3793 1545 3849; x_wconf 78' lang='lat' dir='ltr'><strong>exsecrati</strong></span> <span class='ocrx_word' id='word_1_251' title='bbox 1590 3800 1719 3848; x_wconf 87' lang='lat' dir='ltr'><strong>sunt</strong></span> <span class='ocrx_word' id='word_1_252' title='bbox 1751 3811 1765 3847; x_wconf 92' lang='lat'>:</span> <span class='ocrx_word' id='word_1_253' title='bbox 1796 3810 1827 3846; x_wconf 89' lang='lat' dir='ltr'><strong>a</strong></span> <span class='ocrx_word' id='word_1_254' title='bbox 1860 3810 2020 3849; x_wconf 91' lang='lat' dir='ltr'><strong>mane</strong></span> <span class='ocrx_word' id='word_1_255' title='bbox 2051 3794 2216 3849; x_wconf 85' lang='lat' dir='ltr'><strong>nimi-</strong></span> 
     </span>
    </p>
   </div>
   <div class='ocr_carea' id='block_1_42' title="bbox 641 3884 2216 3957">
    <p class='ocr_par' dir='ltr' id='par_1_42' title="bbox 641 3884 2216 3957">
     <span class='ocr_line' id='line_1_42' title="bbox 641 3884 2216 3957; baseline 0.003 -20"><span class='ocrx_word' id='word_1_256' title='bbox 641 3898 762 3937; x_wconf 87' lang='lat' dir='ltr'><strong>rum</strong></span> <span class='ocrx_word' id='word_1_257' title='bbox 792 3899 965 3953; x_wconf 93' lang='lat' dir='ltr'><strong>usque</strong></span> <span class='ocrx_word' id='word_1_258' title='bbox 992 3884 1058 3938; x_wconf 90' lang='lat' dir='ltr'><strong>ad</strong></span> <span class='ocrx_word' id='word_1_259' title='bbox 1088 3899 1373 3955; x_wconf 87' lang='lat' dir='ltr'><strong>vesperam</strong></span> <span class='ocrx_word' id='word_1_260' title='bbox 1394 3884 1566 3939; x_wconf 84' lang='lat' dir='ltr'><strong>Paulo</strong></span> <span class='ocrx_word' id='word_1_261' title='bbox 1605 3884 1672 3939; x_wconf 90' lang='lat' dir='ltr'><strong>ad</strong></span> <span class='ocrx_word' id='word_1_262' title='bbox 1716 3885 1863 3955; x_wconf 93' lang='lat' dir='ltr'><strong>ipsos</strong></span> <span class='ocrx_word' id='word_1_263' title='bbox 1906 3896 2216 3957; x_wconf 83' lang='lat' dir='ltr'><strong>perorante,</strong></span> 
     </span>
    </p>
   </div>
   <div class='ocr_carea' id='block_1_43' title="bbox 642 3973 2214 4043">
    <p class='ocr_par' dir='ltr' id='par_1_43' title="bbox 642 3973 2214 4043">
     <span class='ocr_line' id='line_1_43' title="bbox 642 3973 2214 4043; baseline 0.004 -16"><span class='ocrx_word' id='word_1_264' title='bbox 642 3973 745 4043; x_wconf 88' lang='lat' dir='ltr'><strong>ipsi</strong></span> <span class='ocrx_word' id='word_1_265' title='bbox 792 3975 1077 4030; x_wconf 88' lang='lat' dir='ltr'><strong>veritatem</strong></span> <span class='ocrx_word' id='word_1_266' title='bbox 1135 3976 1406 4031; x_wconf 84' lang='lat' dir='ltr'><strong>sermonis</strong></span> <span class='ocrx_word' id='word_1_267' title='bbox 1455 3979 1756 4040; x_wconf 84' lang='lat' dir='ltr'><strong>exsecrati,</strong></span> <span class='ocrx_word' id='word_1_268' title='bbox 1809 3978 2214 4043; x_wconf 88' lang='lat' dir='ltr'><strong>dissentientes,</strong></span> 
     </span>
    </p>
   </div>
   <div class='ocr_carea' id='block_1_44' title="bbox 642 4064 2218 4129">
    <p class='ocr_par' dir='ltr' id='par_1_44' title="bbox 642 4064 2218 4129">
     <span class='ocr_line' id='line_1_44' title="bbox 642 4064 2218 4129; baseline 0.002 -8"><span class='ocrx_word' id='word_1_269' title='bbox 642 4066 724 4121; x_wconf 88' lang='lat' dir='ltr'><strong>uti</strong></span> <span class='ocrx_word' id='word_1_270' title='bbox 769 4064 945 4120; x_wconf 83' lang='lat' dir='ltr'><strong>Lucas</strong></span> <span class='ocrx_word' id='word_1_271' title='bbox 994 4066 1089 4129; x_wconf 89' lang='lat' dir='ltr'><strong>ait,</strong></span> <span class='ocrx_word' id='word_1_272' title='bbox 1151 4066 1507 4119; x_wconf 75' lang='lat' dir='ltr'><strong>Discesserunt</strong></span> <span class='ocrx_word' id='word_1_273' title='bbox 1567 4068 1843 4122; x_wconf 80' lang='lat' dir='ltr'><strong>adversum</strong></span> <span class='ocrx_word' id='word_1_274' title='bbox 1908 4087 1990 4123; x_wconf 85' lang='lat' dir='ltr'><strong>me</strong></span> <span class='ocrx_word' id='word_1_275' title='bbox 2042 4087 2218 4124; x_wconf 76' lang='lat' dir='ltr'><strong>omnes</strong></span> 
     </span>
    </p>
   </div>
   <div class='ocr_carea' id='block_1_45' title="bbox 640 4158 2219 4230">
    <p class='ocr_par' dir='ltr' id='par_1_45' title="bbox 640 4158 2219 4230">
     <span class='ocr_line' id='line_1_45' title="bbox 640 4158 2219 4230; baseline 0.003 -18"><span class='ocrx_word' id='word_1_276' title='bbox 640 4159 983 4230; x_wconf 77' lang='lat' dir='ltr'><strong>cogitationes</strong></span> <span class='ocrx_word' id='word_1_277' title='bbox 1011 4175 1191 4212; x_wconf 83' lang='lat' dir='ltr'><strong>eorum</strong></span> <span class='ocrx_word' id='word_1_278' title='bbox 1224 4159 1280 4211; x_wconf 81' lang='lat' dir='ltr'><strong>in</strong></span> <span class='ocrx_word' id='word_1_279' title='bbox 1315 4158 1535 4212; x_wconf 86' lang='lat' dir='ltr'><strong>malum.</strong></span> <span class='ocrx_word' id='word_1_280' title='bbox 1573 4159 1719 4214; x_wconf 76' lang='lat' dir='ltr'><strong>Nihil</strong></span> <span class='ocrx_word' id='word_1_281' title='bbox 1767 4161 1912 4215; x_wconf 91' lang='lat' dir='ltr'><strong>enim</strong></span> <span class='ocrx_word' id='word_1_282' title='bbox 1967 4163 2094 4217; x_wconf 89' lang='lat' dir='ltr'><strong>boni</strong></span> <span class='ocrx_word' id='word_1_283' title='bbox 2150 4163 2219 4217; x_wconf 88' lang='lat' dir='ltr'><strong>de</strong></span> 
     </span>
    </p>
   </div>
   <div class='ocr_carea' id='block_1_46' title="bbox 643 4250 2220 4322">
    <p class='ocr_par' dir='ltr' id='par_1_46' title="bbox 643 4250 2220 4322">
     <span class='ocr_line' id='line_1_46' title="bbox 643 4250 2220 4322; baseline 0.003 -17"><span class='ocrx_word' id='word_1_284' title='bbox 643 4252 897 4321; x_wconf 79' lang='lat' dir='ltr'><strong>gentibus</strong></span> <span class='ocrx_word' id='word_1_285' title='bbox 921 4250 1093 4306; x_wconf 65' lang='lat' dir='ltr'><strong>Judaei</strong></span> <span class='ocrx_word' id='word_1_286' title='bbox 1124 4252 1364 4322; x_wconf 88' lang='lat' dir='ltr'><strong>cogitant</strong></span> <span class='ocrx_word' id='word_1_287' title='bbox 1392 4250 1670 4319; x_wconf 84' lang='lat' dir='ltr'><strong>(quoniam</strong></span> <span class='ocrx_word' id='word_1_288' title='bbox 1699 4254 1877 4308; x_wconf 88' lang='lat' dir='ltr'><strong>omnis</strong></span> <span class='ocrx_word' id='word_1_289' title='bbox 1907 4254 2071 4310; x_wconf 89' lang='lat' dir='ltr'><strong>homo</strong></span> <span class='ocrx_word' id='word_1_290' title='bbox 2103 4271 2220 4310; x_wconf 87' lang='lat' dir='ltr'><strong>ma-</strong></span> 
     </span>
    </p>
   </div>
   <div class='ocr_carea' id='block_1_47' title="bbox 642 4344 2219 4419">
    <p class='ocr_par' dir='ltr' id='par_1_47' title="bbox 642 4344 2219 4419">
     <span class='ocr_line' id='line_1_47' title="bbox 642 4344 2219 4419; baseline 0.004 -20"><span class='ocrx_word' id='word_1_291' title='bbox 642 4345 728 4400; x_wconf 86' lang='lat' dir='ltr'><strong>lus</strong></span> <span class='ocrx_word' id='word_1_292' title='bbox 754 4345 961 4416; x_wconf 83' lang='lat' dir='ltr'><strong>profert</strong></span> <span class='ocrx_word' id='word_1_293' title='bbox 995 4344 1222 4415; x_wconf 88' lang='lat' dir='ltr'><strong>malum)</strong></span> <span class='ocrx_word' id='word_1_294' title='bbox 1264 4352 1320 4399; x_wconf 90' lang='lat' dir='ltr'><strong>et</strong></span> <span class='ocrx_word' id='word_1_295' title='bbox 1366 4344 1514 4397; x_wconf 90' lang='lat' dir='ltr'><strong>omni</strong></span> <span class='ocrx_word' id='word_1_296' title='bbox 1567 4346 1777 4401; x_wconf 87' lang='lat' dir='ltr'><strong>ratione</strong></span> <span class='ocrx_word' id='word_1_297' title='bbox 1815 4362 1917 4401; x_wconf 89' lang='lat' dir='ltr'><strong>nos</strong></span> <span class='ocrx_word' id='word_1_298' title='bbox 1967 4349 2219 4419; x_wconf 87' lang='lat' dir='ltr'><strong>decipere</strong></span> 
     </span>
    </p>
   </div>
   <div class='ocr_carea' id='block_1_48' title="bbox 640 4448 930 4493">
    <p class='ocr_par' dir='ltr' id='par_1_48' title="bbox 640 4448 930 4493">
     <span class='ocr_line' id='line_1_48' title="bbox 640 4448 930 4493; baseline 0.007 -2"><span class='ocrx_word' id='word_1_299' title='bbox 640 4448 930 4493; x_wconf 86' lang='lat' dir='ltr'><strong>conantur.</strong></span> 
     </span>
    </p>
   </div>
   <div class='ocr_carea' id='block_1_49' title="bbox 714 4641 2213 4713">
    <p class='ocr_par' dir='ltr' id='par_1_49' title="bbox 714 4641 2213 4713">
     <span class='ocr_line' id='line_1_49' title="bbox 714 4641 2213 4713; baseline 0.001 -15"><span class='ocrx_word' id='word_1_300' title='bbox 714 4644 858 4699; x_wconf 65' lang='lat' dir='ltr'><strong>Nihil</strong></span> <span class='ocrx_word' id='word_1_301' title='bbox 885 4651 1032 4699; x_wconf 89' lang='lat' dir='ltr'><strong>certe</strong></span> <span class='ocrx_word' id='word_1_302' title='bbox 1057 4642 1343 4713; x_wconf 90' lang='lat' dir='ltr'><strong>prophetia</strong></span> <span class='ocrx_word' id='word_1_303' title='bbox 1364 4642 1467 4697; x_wconf 90' lang='lat' dir='ltr'><strong>hac</strong></span> <span class='ocrx_word' id='word_1_304' title='bbox 1488 4641 1853 4697; x_wconf 79' lang='lat' dir='ltr'><strong>manifestius.</strong></span> <span class='ocrx_word' id='word_1_305' title='bbox 1873 4642 2044 4699; x_wconf 66' lang='lat' dir='ltr'><strong>Judaei</strong></span> <span class='ocrx_word' id='word_1_306' title='bbox 2066 4645 2213 4700; x_wconf 91' lang='lat' dir='ltr'><strong>enim</strong></span> 
     </span>
    </p>
   </div>
   <div class='ocr_carea' id='block_1_50' title="bbox 646 4732 2214 4805">
    <p class='ocr_par' dir='ltr' id='par_1_50' title="bbox 646 4732 2214 4805">
     <span class='ocr_line' id='line_1_50' title="bbox 646 4732 2214 4805; baseline 0.001 -18"><span class='ocrx_word' id='word_1_307' title='bbox 646 4734 1037 4805; x_wconf 75' lang='lat' dir='ltr'><strong>Hierosolymis</strong></span> <span class='ocrx_word' id='word_1_308' title='bbox 1080 4732 1241 4804; x_wconf 85' lang='lat' dir='ltr'><strong>ejecti</strong></span> <span class='ocrx_word' id='word_1_309' title='bbox 1274 4734 1344 4787; x_wconf 92' lang='lat' dir='ltr'><strong>ob</strong></span> <span class='ocrx_word' id='word_1_310' title='bbox 1376 4743 1665 4804; x_wconf 82' lang='lat' dir='ltr'><strong>peccatum</strong></span> <span class='ocrx_word' id='word_1_311' title='bbox 1695 4743 1883 4787; x_wconf 91' lang='lat' dir='ltr'><strong>contra</strong></span> <span class='ocrx_word' id='word_1_312' title='bbox 1914 4734 2214 4803; x_wconf 89' lang='lat' dir='ltr'><strong>Christum,</strong></span> 
     </span>
    </p>
   </div>
   <div class='ocr_carea' id='block_1_51' title="bbox 644 4823 2220 4896">
    <p class='ocr_par' dir='ltr' id='par_1_51' title="bbox 644 4823 2220 4896">
     <span class='ocr_line' id='line_1_51' title="bbox 644 4823 2220 4896; baseline 0.003 -19"><span class='ocrx_word' id='word_1_313' title='bbox 644 4835 701 4877; x_wconf 84' lang='lat' dir='ltr'><strong>et</strong></span> <span class='ocrx_word' id='word_1_314' title='bbox 728 4825 971 4880; x_wconf 72' lang='lat' dir='ltr'><strong>universi</strong></span> <span class='ocrx_word' id='word_1_315' title='bbox 997 4824 1142 4879; x_wconf 89' lang='lat' dir='ltr'><strong>orbis</strong></span> <span class='ocrx_word' id='word_1_316' title='bbox 1171 4833 1442 4879; x_wconf 88' lang='lat' dir='ltr'><strong>terrarum</strong></span> <span class='ocrx_word' id='word_1_317' title='bbox 1469 4826 1663 4879; x_wconf 82' lang='lat' dir='ltr'><strong>incolae</strong></span> <span class='ocrx_word' id='word_1_318' title='bbox 1691 4824 1869 4879; x_wconf 74' lang='lat' dir='ltr'><strong>effecti</strong></span> <span class='ocrx_word' id='word_1_319' title='bbox 1897 4823 2220 4896; x_wconf 90' lang='lat' dir='ltr'><strong>[dispersio-</strong></span> 
     </span>
    </p>
   </div>
   <div class='ocr_carea' id='block_1_52' title="bbox 645 4916 2219 4989">
    <p class='ocr_par' dir='ltr' id='par_1_52' title="bbox 645 4916 2219 4989">
     <span class='ocr_line' id='line_1_52' title="bbox 645 4916 2219 4989; baseline 0.001 -17"><span class='ocrx_word' id='word_1_320' title='bbox 645 4918 731 4973; x_wconf 88' lang='lat' dir='ltr'><strong>nis</strong></span> <span class='ocrx_word' id='word_1_321' title='bbox 786 4916 976 4989; x_wconf 83' lang='lat' dir='ltr'><strong>hujus]</strong></span> <span class='ocrx_word' id='word_1_322' title='bbox 1030 4932 1254 4971; x_wconf 88' lang='lat' dir='ltr'><strong>causam</strong></span> <span class='ocrx_word' id='word_1_323' title='bbox 1301 4916 1651 4988; x_wconf 80' lang='lat' dir='ltr'><strong>interrogati,</strong></span> <span class='ocrx_word' id='word_1_324' title='bbox 1708 4917 1852 4971; x_wconf 89' lang='lat' dir='ltr'><strong>illam</strong></span> <span class='ocrx_word' id='word_1_325' title='bbox 1904 4918 2112 4983; x_wconf 90' lang='lat' dir='ltr'><strong>celant,</strong></span> <span class='ocrx_word' id='word_1_326' title='bbox 2166 4926 2219 4973; x_wconf 89' lang='lat' dir='ltr'><strong>et</strong></span> 
     </span>
    </p>
   </div>
   <div class='ocr_carea' id='block_1_53' title="bbox 643 5009 2220 5082">
    <p class='ocr_par' dir='ltr' id='par_1_53' title="bbox 643 5009 2220 5082">
     <span class='ocr_line' id='line_1_53' title="bbox 643 5009 2220 5082; baseline 0.003 -19"><span class='ocrx_word' id='word_1_327' title='bbox 643 5026 805 5064; x_wconf 86' lang='lat' dir='ltr'><strong>suum</strong></span> <span class='ocrx_word' id='word_1_328' title='bbox 846 5027 972 5080; x_wconf 86' lang='lat' dir='ltr'><strong>erga</strong></span> <span class='ocrx_word' id='word_1_329' title='bbox 998 5009 1279 5065; x_wconf 88' lang='lat' dir='ltr'><strong>Christum</strong></span> <span class='ocrx_word' id='word_1_330' title='bbox 1318 5011 1575 5066; x_wconf 91' lang='lat' dir='ltr'><strong>delictum</strong></span> <span class='ocrx_word' id='word_1_331' title='bbox 1612 5012 1926 5076; x_wconf 90' lang='lat' dir='ltr'><strong>reticentes,</strong></span> <span class='ocrx_word' id='word_1_332' title='bbox 1958 5012 2061 5066; x_wconf 88' lang='lat' dir='ltr'><strong>alia</strong></span> <span class='ocrx_word' id='word_1_333' title='bbox 2090 5027 2220 5082; x_wconf 90' lang='lat' dir='ltr'><strong>pec-</strong></span> 
     </span>
    </p>
   </div>
   <div class='ocr_carea' id='block_1_54' title="bbox 643 5100 2218 5172">
    <p class='ocr_par' dir='ltr' id='par_1_54' title="bbox 643 5100 2218 5172">
     <span class='ocr_line' id='line_1_54' title="bbox 643 5100 2218 5172; baseline 0.003 -18"><span class='ocrx_word' id='word_1_334' title='bbox 643 5110 763 5154; x_wconf 88' lang='lat' dir='ltr'><strong>cata</strong></span> <span class='ocrx_word' id='word_1_335' title='bbox 788 5109 1111 5169; x_wconf 57' lang='lat' dir='ltr'><strong>praetexunt.</strong></span> <span class='ocrx_word' id='word_1_336' title='bbox 1142 5100 1304 5156; x_wconf 87' lang='lat' dir='ltr'><strong>Certe</strong></span> <span class='ocrx_word' id='word_1_337' title='bbox 1336 5116 1439 5156; x_wconf 88' lang='lat' dir='ltr'><strong>nec</strong></span> <span class='ocrx_word' id='word_1_338' title='bbox 1468 5102 1608 5156; x_wconf 91' lang='lat' dir='ltr'><strong>idola</strong></span> <span class='ocrx_word' id='word_1_339' title='bbox 1646 5103 1757 5172; x_wconf 85' lang='lat' dir='ltr'><strong>jam</strong></span> <span class='ocrx_word' id='word_1_340' title='bbox 1786 5102 2006 5167; x_wconf 92' lang='lat' dir='ltr'><strong>colunt,</strong></span> <span class='ocrx_word' id='word_1_341' title='bbox 2039 5117 2218 5170; x_wconf 87' lang='lat' dir='ltr'><strong>neque</strong></span> 
     </span>
    </p>
   </div>
   <div class='ocr_carea' id='block_1_55' title="bbox 646 5191 2218 5262">
    <p class='ocr_par' dir='ltr' id='par_1_55' title="bbox 646 5191 2218 5262">
     <span class='ocr_line' id='line_1_55' title="bbox 646 5191 2218 5262; baseline 0.004 -18"><span class='ocrx_word' id='word_1_342' title='bbox 646 5191 943 5262; x_wconf 86' lang='lat' dir='ltr'><strong>prophetas</strong></span> <span class='ocrx_word' id='word_1_343' title='bbox 968 5192 1251 5246; x_wconf 88' lang='lat' dir='ltr'><strong>occidunt.</strong></span> <span class='ocrx_word' id='word_1_344' title='bbox 1283 5194 1353 5247; x_wconf 81' lang='lat' dir='ltr'><strong>At</strong></span> <span class='ocrx_word' id='word_1_345' title='bbox 1378 5208 1476 5247; x_wconf 90' lang='lat' dir='ltr'><strong>cur</strong></span> <span class='ocrx_word' id='word_1_346' title='bbox 1502 5194 1718 5249; x_wconf 85' lang='lat' dir='ltr'><strong>celant?</strong></span> <span class='ocrx_word' id='word_1_347' title='bbox 1743 5210 1813 5249; x_wconf 92' lang='lat' dir='ltr'><strong>ne</strong></span> <span class='ocrx_word' id='word_1_348' title='bbox 1836 5195 2092 5250; x_wconf 90' lang='lat' dir='ltr'><strong>videlicet</strong></span> <span class='ocrx_word' id='word_1_349' title='bbox 2123 5211 2218 5251; x_wconf 90' lang='lat' dir='ltr'><strong>eo-</strong></span> 
     </span>
    </p>
   </div>
   <div class='ocr_carea' id='block_1_56' title="bbox 646 5280 2214 5354">
    <p class='ocr_par' dir='ltr' id='par_1_56' title="bbox 646 5280 2214 5354">
     <span class='ocr_line' id='line_1_56' title="bbox 646 5280 2214 5354; baseline 0.002 -19"><span class='ocrx_word' id='word_1_350' title='bbox 646 5297 767 5336; x_wconf 93' lang='lat' dir='ltr'><strong>rum</strong></span> <span class='ocrx_word' id='word_1_351' title='bbox 800 5280 1077 5336; x_wconf 85' lang='lat' dir='ltr'><strong>coniessio</strong></span> <span class='ocrx_word' id='word_1_352' title='bbox 1120 5281 1213 5336; x_wconf 84' lang='lat' dir='ltr'><strong>fiat</strong></span> <span class='ocrx_word' id='word_1_353' title='bbox 1254 5281 1376 5335; x_wconf 85' lang='lat' dir='ltr'><strong>fidei</strong></span> <span class='ocrx_word' id='word_1_354' title='bbox 1402 5293 1604 5338; x_wconf 65' lang='lat' dir='ltr'><strong>nostrae</strong></span> <span class='ocrx_word' id='word_1_355' title='bbox 1639 5285 2037 5354; x_wconf 89' lang='lat' dir='ltr'><strong>comprobatio.</strong></span> <span class='ocrx_word' id='word_1_356' title='bbox 2072 5285 2214 5353; x_wconf 79' lang='lat' dir='ltr'><strong>Ipsi,</strong></span> 
     </span>
    </p>
   </div>
   <div class='ocr_carea' id='block_1_57' title="bbox 647 5371 2221 5445">
    <p class='ocr_par' dir='ltr' id='par_1_57' title="bbox 647 5371 2221 5445">
     <span class='ocr_line' id='line_1_57' title="bbox 647 5371 2221 5445; baseline 0.004 -20"><span class='ocrx_word' id='word_1_357' title='bbox 647 5373 855 5442; x_wconf 85' lang='lat' dir='ltr'><strong>inquit,</strong></span> <span class='ocrx_word' id='word_1_358' title='bbox 884 5371 1188 5427; x_wconf 81' lang='lat' dir='ltr'><strong>calcaneum</strong></span> <span class='ocrx_word' id='word_1_359' title='bbox 1220 5389 1390 5426; x_wconf 76' lang='lat' dir='ltr'><strong>meum</strong></span> <span class='ocrx_word' id='word_1_360' title='bbox 1422 5374 1783 5429; x_wconf 77' lang='lat' dir='ltr'><strong>observabant.</strong></span> <span class='ocrx_word' id='word_1_361' title='bbox 1815 5376 2092 5445; x_wconf 87' lang='lat' dir='ltr'><strong>Siquidem</strong></span> <span class='ocrx_word' id='word_1_362' title='bbox 2125 5376 2221 5431; x_wconf 82' lang='lat' dir='ltr'><strong>Ju-</strong></span> 
     </span>
    </p>
   </div>
   <div class='ocr_carea' id='block_1_58' title="bbox 644 5464 2216 5535">
    <p class='ocr_par' dir='ltr' id='par_1_58' title="bbox 644 5464 2216 5535">
     <span class='ocr_line' id='line_1_58' title="bbox 644 5464 2216 5535; baseline 0.003 -16"><span class='ocrx_word' id='word_1_363' title='bbox 644 5465 746 5519; x_wconf 66' lang='lat' dir='ltr'><strong>daei</strong></span> <span class='ocrx_word' id='word_1_364' title='bbox 776 5464 942 5519; x_wconf 90' lang='lat' dir='ltr'><strong>etiam</strong></span> <span class='ocrx_word' id='word_1_365' title='bbox 972 5464 1253 5535; x_wconf 88' lang='lat' dir='ltr'><strong>quodlibet</strong></span> <span class='ocrx_word' id='word_1_366' title='bbox 1283 5466 1541 5521; x_wconf 86' lang='lat' dir='ltr'><strong>delictum</strong></span> <span class='ocrx_word' id='word_1_367' title='bbox 1577 5476 1824 5521; x_wconf 86' lang='lat' dir='ltr'><strong>nostrum</strong></span> <span class='ocrx_word' id='word_1_368' title='bbox 1856 5478 2168 5523; x_wconf 87' lang='lat' dir='ltr'><strong>scrutantur</strong></span> <span class='ocrx_word' id='word_1_369' title='bbox 2203 5487 2216 5523; x_wconf 91' lang='lat'>:</span> 
     </span>
    </p>
   </div>
   <div class='ocr_carea' id='block_1_59' title="bbox 646 5555 2219 5627">
    <p class='ocr_par' dir='ltr' id='par_1_59' title="bbox 646 5555 2219 5627">
     <span class='ocr_line' id='line_1_59' title="bbox 646 5555 2219 5627; baseline 0.003 -17"><span class='ocrx_word' id='word_1_370' title='bbox 646 5564 809 5627; x_wconf 88' lang='lat' dir='ltr'><strong>atque</strong></span> <span class='ocrx_word' id='word_1_371' title='bbox 842 5555 913 5610; x_wconf 91' lang='lat' dir='ltr'><strong>ita</strong></span> <span class='ocrx_word' id='word_1_372' title='bbox 943 5556 1218 5624; x_wconf 72' lang='lat' dir='ltr'><strong>intelliges</strong></span> <span class='ocrx_word' id='word_1_373' title='bbox 1262 5557 1315 5611; x_wconf 92' lang='lat' dir='ltr'><strong>id</strong></span> <span class='ocrx_word' id='word_1_374' title='bbox 1344 5558 1489 5627; x_wconf 90' lang='lat' dir='ltr'><strong>quod</strong></span> <span class='ocrx_word' id='word_1_375' title='bbox 1522 5556 1665 5612; x_wconf 88' lang='lat' dir='ltr'><strong>Deus</strong></span> <span class='ocrx_word' id='word_1_376' title='bbox 1691 5557 1756 5611; x_wconf 90' lang='lat' dir='ltr'><strong>ad</strong></span> <span class='ocrx_word' id='word_1_377' title='bbox 1793 5569 2103 5627; x_wconf 87' lang='lat' dir='ltr'><strong>serpentem</strong></span> <span class='ocrx_word' id='word_1_378' title='bbox 2136 5560 2219 5614; x_wconf 85' lang='lat' dir='ltr'><strong>di-</strong></span> 
     </span>
    </p>
   </div>
   <div class='ocr_carea' id='block_1_60' title="bbox 646 5645 2221 5721">
    <p class='ocr_par' dir='ltr' id='par_1_60' title="bbox 646 5645 2221 5721">
     <span class='ocr_line' id='line_1_60' title="bbox 646 5645 2221 5721; baseline 0.001 -18"><span class='ocrx_word' id='word_1_379' title='bbox 646 5647 726 5703; x_wconf 80' lang='lat' dir='ltr'><strong>xit</strong></span> <span class='ocrx_word' id='word_1_380' title='bbox 749 5665 763 5700; x_wconf 88' lang='lat'><strong>:</strong></span> <span class='ocrx_word' id='word_1_381' title='bbox 790 5645 907 5714; x_wconf 75' lang='lat' dir='ltr'><strong>Ipse</strong></span> <span class='ocrx_word' id='word_1_382' title='bbox 932 5648 1223 5703; x_wconf 76' lang='lat' dir='ltr'><strong>observabit</strong></span> <span class='ocrx_word' id='word_1_383' title='bbox 1248 5660 1404 5719; x_wconf 86' lang='lat' dir='ltr'><strong>caput</strong></span> <span class='ocrx_word' id='word_1_384' title='bbox 1437 5660 1604 5718; x_wconf 84' lang='lat' dir='ltr'><strong>tuum,</strong></span> <span class='ocrx_word' id='word_1_385' title='bbox 1626 5660 1675 5704; x_wconf 89' lang='lat' dir='ltr'><strong>et</strong></span> <span class='ocrx_word' id='word_1_386' title='bbox 1698 5662 1753 5704; x_wconf 83' lang='lat' dir='ltr'><strong>tu</strong></span> <span class='ocrx_word' id='word_1_387' title='bbox 1784 5651 2079 5705; x_wconf 80' lang='lat' dir='ltr'><strong>observabis</strong></span> <span class='ocrx_word' id='word_1_388' title='bbox 2108 5652 2221 5721; x_wconf 75' lang='lat' dir='ltr'><strong>ejus</strong></span> 
     </span>
    </p>
   </div>
   <div class='ocr_carea' id='block_1_61' title="bbox 720 5822 2318 5891">
    <p class='ocr_par' dir='ltr' id='par_1_61' title="bbox 720 5822 2318 5891">
     <span class='ocr_line' id='line_1_61' title="bbox 720 5822 2318 5891; baseline -0.001 -15"><span class='ocrx_word' id='word_1_389' title='bbox 720 5823 766 5854; x_wconf 83' lang='grc'><strong>³³</strong></span> <span class='ocrx_word' id='word_1_390' title='bbox 793 5824 951 5877; x_wconf 78' lang='lat' dir='ltr'><strong>Rom.</strong></span> <span class='ocrx_word' id='word_1_391' title='bbox 989 5840 1107 5891; x_wconf 86' lang='lat' dir='ltr'><strong>xm,</strong></span> <span class='ocrx_word' id='word_1_392' title='bbox 1143 5826 1227 5879; x_wconf 76' lang='lat' dir='ltr'><strong>l3.</strong></span> <span class='ocrx_word' id='word_1_393' title='bbox 1308 5828 1352 5857; x_wconf 70' lang='lat'><strong>“</strong></span> <span class='ocrx_word' id='word_1_394' title='bbox 1376 5823 1533 5880; x_wconf 81' lang='lat' dir='ltr'><strong>Rom.</strong></span> <span class='ocrx_word' id='word_1_395' title='bbox 1564 5841 1657 5888; x_wconf 76' lang='lat' dir='ltr'><strong>vn,</strong></span> <span class='ocrx_word' id='word_1_396' title='bbox 1686 5824 1767 5878; x_wconf 74' lang='grc'><strong>18.</strong></span> <span class='ocrx_word' id='word_1_397' title='bbox 1846 5824 1888 5855; x_wconf 68' lang='grc'>⁵⁸</span> <span class='ocrx_word' id='word_1_398' title='bbox 1917 5822 2056 5877; x_wconf 90' lang='lat' dir='ltr'><strong>Psal.</strong></span> <span class='ocrx_word' id='word_1_399' title='bbox 2089 5838 2233 5889; x_wconf 80' lang='lat' dir='ltr'><strong>mv,</strong></span> <span class='ocrx_word' id='word_1_400' title='bbox 2265 5824 2318 5876; x_wconf 79' lang='lat'><strong>3.</strong></span> 
     </span>
    </p>
   </div>
   <div class='ocr_carea' id='block_1_62' title="bbox 2312 569 3478 642">
    <p class='ocr_par' dir='ltr' id='par_1_62' title="bbox 2312 569 3478 642">
     <span class='ocr_line' id='line_1_62' title="bbox 2312 569 3478 642; baseline 0.001 -21"><span class='ocrx_word' id='word_1_401' title='bbox 2312 569 2438 639; x_wconf 82' lang='grc' dir='ltr'>ἐξῆς</span> <span class='ocrx_word' id='word_1_402' title='bbox 2475 570 2807 641; x_wconf 86' lang='grc' dir='ltr'>σαφέστερον</span> <span class='ocrx_word' id='word_1_403' title='bbox 2858 570 3060 642; x_wconf 76' lang='grc' dir='ltr'>ἔφησεν</span> <span class='ocrx_word' id='word_1_404' title='bbox 3092 570 3478 640; x_wconf 80' lang='grc' dir='ltr'><strong>αἰνιττόμενος.</strong></span> 
     </span>
    </p>
   </div>
   <div class='ocr_carea' id='block_1_63' title="bbox 2389 666 3458 739">
    <p class='ocr_par' dir='ltr' id='par_1_63' title="bbox 2389 666 3458 739">
     <span class='ocr_line' id='line_1_63' title="bbox 2389 666 3458 739; baseline -0.002 -20"><span class='ocrx_word' id='word_1_405' title='bbox 2389 686 2407 719; x_wconf 84' lang='grc' dir='ltr'><strong>ι</strong></span> <span class='ocrx_word' id='word_1_406' title='bbox 2437 668 2842 737; x_wconf 85' lang='grc' dir='ltr'>Κατεπάτησάν</span> <span class='ocrx_word' id='word_1_407' title='bbox 2871 686 2959 739; x_wconf 83' lang='grc' dir='ltr'>με.</span> <span class='ocrx_word' id='word_1_408' title='bbox 2989 669 3039 721; x_wconf 88' lang='grc' dir='ltr'><strong>οί</strong></span> <span class='ocrx_word' id='word_1_409' title='bbox 3073 666 3255 738; x_wconf 82' lang='grc' dir='ltr'>ἐχθροί</span> <span class='ocrx_word' id='word_1_410' title='bbox 3288 684 3409 735; x_wconf 88' lang='grc' dir='ltr'>μου.</span> <span class='ocrx_word' id='word_1_411' title='bbox 3439 685 3458 717; x_wconf 74' lang='grc' dir='ltr'><strong>ι</strong></span> 
     </span>
    </p>
   </div>
   <div class='ocr_carea' id='block_1_64' title="bbox 2380 759 3809 833">
    <p class='ocr_par' dir='ltr' id='par_1_64' title="bbox 2380 759 3809 833">
     <span class='ocr_line' id='line_1_64' title="bbox 2380 759 3809 833; baseline 0.002 -18"><span class='ocrx_word' id='word_1_412' title='bbox 2380 763 2453 815; x_wconf 81' lang='grc' dir='ltr'><strong>Οὐ</strong></span> <span class='ocrx_word' id='word_1_413' title='bbox 2488 762 2618 831; x_wconf 87' lang='grc' dir='ltr'>μίαν</span> <span class='ocrx_word' id='word_1_414' title='bbox 2641 762 2853 833; x_wconf 81' lang='grc' dir='ltr'>ἡμέραν</span> <span class='ocrx_word' id='word_1_415' title='bbox 2877 762 3047 830; x_wconf 81' lang='grc' dir='ltr'><strong>λέγει,</strong></span> <span class='ocrx_word' id='word_1_416' title='bbox 3069 760 3207 814; x_wconf 81' lang='grc' dir='ltr'>ἀλλὰ</span> <span class='ocrx_word' id='word_1_417' title='bbox 3226 759 3322 813; x_wconf 84' lang='grc' dir='ltr'><strong>τοῦ</strong></span> <span class='ocrx_word' id='word_1_418' title='bbox 3346 760 3531 830; x_wconf 79' lang='grc' dir='ltr'>χρόνου</span> <span class='ocrx_word' id='word_1_419' title='bbox 3558 761 3725 827; x_wconf 63' lang='grc' dir='ltr'>παντὸς</span> <span class='ocrx_word' id='word_1_420' title='bbox 3741 767 3809 821; x_wconf 70' lang='grc' dir='ltr'><strong>τοῦ</strong></span> 
     </span>
    </p>
   </div>
   <div class='ocr_carea' id='block_1_65' title="bbox 2312 844 3813 924">
    <p class='ocr_par' dir='ltr' id='par_1_65' title="bbox 2312 844 3813 924">
     <span class='ocr_line' id='line_1_65' title="bbox 2312 844 3813 924; baseline -0.001 -16"><span class='ocrx_word' id='word_1_421' title='bbox 2312 855 2614 924; x_wconf 82' lang='grc' dir='ltr'>φθάσαντος</span> <span class='ocrx_word' id='word_1_422' title='bbox 2643 854 2704 922; x_wconf 78' lang='grc' dir='ltr'>τὸ</span> <span class='ocrx_word' id='word_1_423' title='bbox 2734 854 3032 923; x_wconf 79' lang='grc' dir='ltr'>διάστημα,</span> <span class='ocrx_word' id='word_1_424' title='bbox 3053 854 3109 905; x_wconf 85' lang='grc' dir='ltr'><strong>ἐν</strong></span> <span class='ocrx_word' id='word_1_425' title='bbox 3136 844 3181 918; x_wconf 83' lang='grc' dir='ltr'>ᾧ</span> <span class='ocrx_word' id='word_1_426' title='bbox 3209 852 3256 906; x_wconf 80' lang='grc' dir='ltr'>οἱ</span> <span class='ocrx_word' id='word_1_427' title='bbox 3292 850 3473 920; x_wconf 77' lang='grc' dir='ltr'>ἐχθροὶ</span> <span class='ocrx_word' id='word_1_428' title='bbox 3501 852 3638 919; x_wconf 83' lang='grc' dir='ltr'>ἡμῶν</span> <span class='ocrx_word' id='word_1_429' title='bbox 3662 857 3701 906; x_wconf 84' lang='grc' dir='ltr'><strong>οί</strong></span> <span class='ocrx_word' id='word_1_430' title='bbox 3724 874 3813 924; x_wconf 73' lang='grc' dir='ltr'>νοη-</span> 
     </span>
    </p>
   </div>
   <div class='ocr_carea' id='block_1_66' title="bbox 2310 942 3815 1016">
    <p class='ocr_par' dir='ltr' id='par_1_66' title="bbox 2310 942 3815 1016">
     <span class='ocr_line' id='line_1_66' title="bbox 2310 942 3815 1016; baseline 0 -16"><span class='ocrx_word' id='word_1_431' title='bbox 2310 949 2393 1000; x_wconf 75' lang='grc' dir='ltr'>τοὶ</span> <span class='ocrx_word' id='word_1_432' title='bbox 2427 948 2520 1015; x_wconf 73' lang='grc' dir='ltr'><strong>ἀφ’</strong></span> <span class='ocrx_word' id='word_1_433' title='bbox 2544 946 2712 1015; x_wconf 74' lang='grc' dir='ltr'>ὕψους</span> <span class='ocrx_word' id='word_1_434' title='bbox 2755 948 2787 1016; x_wconf 90' lang='grc' dir='ltr'><strong>ἡ</strong></span> <span class='ocrx_word' id='word_1_435' title='bbox 2798 947 2903 1016; x_wconf 74' lang='grc' dir='ltr'>μᾶς</span> <span class='ocrx_word' id='word_1_436' title='bbox 2945 942 3311 1013; x_wconf 81' lang='grc' dir='ltr'><strong>πολεμοῦντες</strong></span> <span class='ocrx_word' id='word_1_437' title='bbox 3343 944 3434 995; x_wconf 82' lang='grc' dir='ltr'>καὶ</span> <span class='ocrx_word' id='word_1_438' title='bbox 3465 943 3721 1007; x_wconf 79' lang='grc' dir='ltr'><strong>πατοῦντες</strong></span> <span class='ocrx_word' id='word_1_439' title='bbox 3742 949 3815 1001; x_wconf 64' lang='grc' dir='ltr'>οὐκ</span> 
     </span>
    </p>
   </div>
   <div class='ocr_carea' id='block_1_67' title="bbox 2312 1034 3818 1101">
    <p class='ocr_par' dir='ltr' id='par_1_67' title="bbox 2312 1034 3818 1101">
     <span class='ocr_line' id='line_1_67' title="bbox 2312 1034 3818 1101; baseline -0.004 -6"><span class='ocrx_word' id='word_1_440' title='bbox 2312 1042 2637 1095; x_wconf 89' lang='grc' dir='ltr'>ἐπαύσαντο.</span> <span class='ocrx_word' id='word_1_441' title='bbox 2655 1039 3010 1094; x_wconf 83' lang='grc' dir='ltr'>Κατεπὰτουν</span> <span class='ocrx_word' id='word_1_442' title='bbox 3043 1037 3124 1089; x_wconf 80' lang='grc' dir='ltr'><strong>δέ⁸</strong></span> <span class='ocrx_word' id='word_1_443' title='bbox 3175 1035 3292 1099; x_wconf 88' lang='grc' dir='ltr'><strong>πῶς</strong></span> <span class='ocrx_word' id='word_1_444' title='bbox 3316 1051 3331 1099; x_wconf 90' lang='grc'><strong>;</strong></span> <span class='ocrx_word' id='word_1_445' title='bbox 3370 1034 3464 1086; x_wconf 86' lang='grc' dir='ltr'><strong>Διά</strong></span> <span class='ocrx_word' id='word_1_446' title='bbox 3484 1035 3572 1101; x_wconf 76' lang='grc' dir='ltr'>τῆς</span> <span class='ocrx_word' id='word_1_447' title='bbox 3598 1037 3818 1089; x_wconf 71' lang='grc' dir='ltr'>εἰδωλολα-</span> 
     </span>
    </p>
   </div>
   <div class='ocr_carea' id='block_1_68' title="bbox 2311 1125 3817 1204">
    <p class='ocr_par' dir='ltr' id='par_1_68' title="bbox 2311 1125 3817 1204">
     <span class='ocr_line' id='line_1_68' title="bbox 2311 1125 3817 1204; baseline -0.003 -18"><span class='ocrx_word' id='word_1_448' title='bbox 2311 1134 2467 1204; x_wconf 85' lang='grc' dir='ltr'>τρίας</span> <span class='ocrx_word' id='word_1_449' title='bbox 2493 1132 2589 1186; x_wconf 68' lang='grc' dir='ltr'>καὶ</span> <span class='ocrx_word' id='word_1_450' title='bbox 2614 1132 2723 1185; x_wconf 87' lang='grc' dir='ltr'><strong>τῶν</strong></span> <span class='ocrx_word' id='word_1_451' title='bbox 2752 1130 2954 1202; x_wconf 82' lang='grc' dir='ltr'>ἡδονῶν</span> <span class='ocrx_word' id='word_1_452' title='bbox 2974 1170 2989 1194; x_wconf 86' lang='grc'><strong>,</strong></span> <span class='ocrx_word' id='word_1_453' title='bbox 3023 1129 3133 1181; x_wconf 91' lang='grc' dir='ltr'><strong>τῶν</strong></span> <span class='ocrx_word' id='word_1_454' title='bbox 3172 1126 3353 1181; x_wconf 80' lang='grc' dir='ltr'>ἄλλων</span> <span class='ocrx_word' id='word_1_455' title='bbox 3384 1125 3723 1189; x_wconf 82' lang='grc' dir='ltr'>σκελὶσαντες.</span> <span class='ocrx_word' id='word_1_456' title='bbox 3750 1131 3817 1182; x_wconf 69' lang='grc' dir='ltr'><strong>καὶ</strong></span> 
     </span>
    </p>
   </div>
   <div class='ocr_carea' id='block_1_69' title="bbox 2316 1217 3819 1297">
    <p class='ocr_par' dir='ltr' id='par_1_69' title="bbox 2316 1217 3819 1297">
     <span class='ocr_line' id='line_1_69' title="bbox 2316 1217 3819 1297; baseline -0.005 -19"><span class='ocrx_word' id='word_1_457' title='bbox 2316 1227 2452 1297; x_wconf 77' lang='grc' dir='ltr'>μετὰ</span> <span class='ocrx_word' id='word_1_458' title='bbox 2470 1224 2629 1277; x_wconf 86' lang='grc' dir='ltr'>τοῦτο</span> <span class='ocrx_word' id='word_1_459' title='bbox 2653 1222 2927 1291; x_wconf 85' lang='grc' dir='ltr'><strong>κειμένοις</strong></span> <span class='ocrx_word' id='word_1_460' title='bbox 2950 1221 3049 1272; x_wconf 85' lang='grc' dir='ltr'><strong>ἐπε</strong></span> <span class='ocrx_word' id='word_1_461' title='bbox 3058 1219 3398 1287; x_wconf 77' lang='grc' dir='ltr'>μϐαίνοντες.</span> <span class='ocrx_word' id='word_1_462' title='bbox 3417 1217 3503 1284; x_wconf 74' lang='grc' dir='ltr'><strong>Μὴ</strong></span> <span class='ocrx_word' id='word_1_463' title='bbox 3524 1217 3681 1269; x_wconf 78' lang='grc' dir='ltr'>τοίνυν</span> <span class='ocrx_word' id='word_1_464' title='bbox 3698 1221 3819 1287; x_wconf 52' lang='lat' dir='ltr'><strong>ipsi;</strong></span> 
     </span>
    </p>
   </div>
   <div class='ocr_carea' id='block_1_70' title="bbox 2314 1308 3818 1387">
    <p class='ocr_par' dir='ltr' id='par_1_70' title="bbox 2314 1308 3818 1387">
     <span class='ocr_line' id='line_1_70' title="bbox 2314 1308 3818 1387; baseline -0.008 -15"><span class='ocrx_word' id='word_1_465' title='bbox 2314 1317 2689 1387; x_wconf 83' lang='grc' dir='ltr'>σκελισθῶμεν</span> <span class='ocrx_word' id='word_1_466' title='bbox 2738 1316 2816 1377; x_wconf 79' lang='grc' dir='ltr'>εἰς</span> <span class='ocrx_word' id='word_1_467' title='bbox 2862 1315 2985 1381; x_wconf 75' lang='grc' dir='ltr'>γῆν,</span> <span class='ocrx_word' id='word_1_468' title='bbox 3019 1310 3323 1372; x_wconf 79' lang='grc' dir='ltr'><strong>τουτέστιν,</strong></span> <span class='ocrx_word' id='word_1_469' title='bbox 3357 1311 3433 1370; x_wconf 87' lang='grc' dir='ltr'><strong>εἰς</strong></span> <span class='ocrx_word' id='word_1_470' title='bbox 3458 1308 3524 1360; x_wconf 79' lang='grc' dir='ltr'>τὰ</span> <span class='ocrx_word' id='word_1_471' title='bbox 3555 1309 3720 1377; x_wconf 72' lang='grc' dir='ltr'>γὴῑναο</span> <span class='ocrx_word' id='word_1_472' title='bbox 3756 1315 3818 1364; x_wconf 75' lang='grc' dir='ltr'>καὶ</span> 
     </span>
    </p>
   </div>
   <div class='ocr_carea' id='block_1_71' title="bbox 2310 1399 3820 1477">
    <p class='ocr_par' dir='ltr' id='par_1_71' title="bbox 2310 1399 3820 1477">
     <span class='ocr_line' id='line_1_71' title="bbox 2310 1399 3820 1477; baseline -0.006 -16"><span class='ocrx_word' id='word_1_473' title='bbox 2310 1410 2489 1470; x_wconf 69' lang='grc' dir='ltr'>οὐδεὶς</span> <span class='ocrx_word' id='word_1_474' title='bbox 2543 1408 2692 1477; x_wconf 83' lang='grc' dir='ltr'>ἡμᾶς</span> <span class='ocrx_word' id='word_1_475' title='bbox 2744 1403 3135 1472; x_wconf 74' lang='grc' dir='ltr'>καταπατῆσαι</span> <span class='ocrx_word' id='word_1_476' title='bbox 3184 1401 3515 1470; x_wconf 82' lang='grc' dir='ltr'>δυνήσεται·</span> <span class='ocrx_word' id='word_1_477' title='bbox 3562 1399 3683 1451; x_wconf 79' lang='grc' dir='ltr'>ἀλλὰ</span> <span class='ocrx_word' id='word_1_478' title='bbox 3723 1405 3820 1468; x_wconf 48' lang='lat' dir='ltr'><strong>puti</strong></span> 
     </span>
    </p>
   </div>
   <div class='ocr_carea' id='block_1_72' title="bbox 2310 1489 3820 1569">
    <p class='ocr_par' dir='ltr' id='par_1_72' title="bbox 2310 1489 3820 1569">
     <span class='ocr_line' id='line_1_72' title="bbox 2310 1489 3820 1569; baseline -0.008 -15"><span class='ocrx_word' id='word_1_479' title='bbox 2310 1502 2437 1562; x_wconf 83' lang='grc' dir='ltr'>τοὺς</span> <span class='ocrx_word' id='word_1_480' title='bbox 2468 1500 2694 1569; x_wconf 77' lang='grc' dir='ltr'>ἐχθροὺς</span> <span class='ocrx_word' id='word_1_481' title='bbox 2717 1496 2875 1568; x_wconf 88' lang='grc' dir='ltr'>ἡμῶν</span> <span class='ocrx_word' id='word_1_482' title='bbox 2912 1493 3280 1564; x_wconf 77' lang='grc' dir='ltr'>ὑψηλοτέρους</span> <span class='ocrx_word' id='word_1_483' title='bbox 3312 1489 3559 1559; x_wconf 82' lang='grc' dir='ltr'>γενέσθαι</span> <span class='ocrx_word' id='word_1_484' title='bbox 3594 1496 3820 1562; x_wconf 70' lang='grc' dir='ltr'>συγχωρήο</span> 
     </span>
    </p>
   </div>
   <div class='ocr_carea' id='block_1_73' title="bbox 2315 1584 3821 1665">
    <p class='ocr_par' dir='ltr' id='par_1_73' title="bbox 2315 1584 3821 1665">
     <span class='ocr_line' id='line_1_73' title="bbox 2315 1584 3821 1665; baseline -0.009 -17"><span class='ocrx_word' id='word_1_485' title='bbox 2315 1612 2516 1665; x_wconf 85' lang='grc' dir='ltr'>σωμεν,</span> <span class='ocrx_word' id='word_1_486' title='bbox 2552 1593 2688 1646; x_wconf 87' lang='grc' dir='ltr'><strong>ἀλλὰ</strong></span> <span class='ocrx_word' id='word_1_487' title='bbox 2735 1590 2844 1643; x_wconf 90' lang='grc' dir='ltr'><strong>τῶν</strong></span> <span class='ocrx_word' id='word_1_488' title='bbox 2887 1589 3101 1661; x_wconf 82' lang='grc' dir='ltr'>ἀρετῶν</span> <span class='ocrx_word' id='word_1_489' title='bbox 3148 1586 3451 1646; x_wconf 81' lang='grc' dir='ltr'>ἀναϐάντες</span> <span class='ocrx_word' id='word_1_490' title='bbox 3496 1585 3581 1648; x_wconf 74' lang='grc' dir='ltr'>ἐπὶ</span> <span class='ocrx_word' id='word_1_491' title='bbox 3614 1584 3821 1652; x_wconf 69' lang='grc' dir='ltr'>κλίμακα,</span> 
     </span>
    </p>
   </div>
   <div class='ocr_carea' id='block_1_74' title="bbox 2313 1677 3741 1757">
    <p class='ocr_par' dir='ltr' id='par_1_74' title="bbox 2313 1677 3741 1757">
     <span class='ocr_line' id='line_1_74' title="bbox 2313 1677 3741 1757; baseline -0.008 -16"><span class='ocrx_word' id='word_1_492' title='bbox 2313 1687 2658 1757; x_wconf 88' lang='grc' dir='ltr'>κατωτέρους</span> <span class='ocrx_word' id='word_1_493' title='bbox 2692 1683 2902 1738; x_wconf 81' lang='grc' dir='ltr'>ἑαυτῶν</span> <span class='ocrx_word' id='word_1_494' title='bbox 2930 1685 3057 1745; x_wconf 82' lang='grc' dir='ltr'>τοὺς</span> <span class='ocrx_word' id='word_1_495' title='bbox 3085 1679 3409 1740; x_wconf 82' lang='grc' dir='ltr'>ἐπιϐούλους</span> <span class='ocrx_word' id='word_1_496' title='bbox 3437 1677 3741 1747; x_wconf 78' lang='grc' dir='ltr'>ποιήσωμεν.</span> 
     </span>
    </p>
   </div>
   <div class='ocr_carea' id='block_1_75' title="bbox 2390 1775 3267 1848">
    <p class='ocr_par' dir='ltr' id='par_1_75' title="bbox 2390 1775 3267 1848">
     <span class='ocr_line' id='line_1_75' title="bbox 2390 1775 3267 1848; baseline -0.009 -17"><span class='ocrx_word' id='word_1_497' title='bbox 2390 1798 2410 1830; x_wconf 79' lang='grc' dir='ltr'><strong>ι</strong></span> <span class='ocrx_word' id='word_1_498' title='bbox 2435 1778 2677 1848; x_wconf 82' lang='grc' dir='ltr'>Ἡμέρας</span> <span class='ocrx_word' id='word_1_499' title='bbox 2710 1777 2773 1830; x_wconf 82' lang='grc' dir='ltr'><strong>ού</strong></span> <span class='ocrx_word' id='word_1_500' title='bbox 2808 1775 3212 1845; x_wconf 78' lang='grc' dir='ltr'>φοϐηθήσομαι.</span> <span class='ocrx_word' id='word_1_501' title='bbox 3249 1791 3267 1823; x_wconf 71' lang='grc' dir='ltr'><strong>ι</strong></span> 
     </span>
    </p>
   </div>
   <div class='ocr_carea' id='block_1_76' title="bbox 2384 1860 3823 1940">
    <p class='ocr_par' dir='ltr' id='par_1_76' title="bbox 2384 1860 3823 1940">
     <span class='ocr_line' id='line_1_76' title="bbox 2384 1860 3823 1940; baseline -0.008 -16"><span class='ocrx_word' id='word_1_502' title='bbox 2384 1870 2512 1925; x_wconf 80' lang='grc' dir='ltr'><strong>Ἐὰν</strong></span> <span class='ocrx_word' id='word_1_503' title='bbox 2538 1872 2667 1940; x_wconf 77' lang='grc' dir='ltr'>γὰρ,</span> <span class='ocrx_word' id='word_1_504' title='bbox 2704 1868 2892 1938; x_wconf 77' lang='grc' dir='ltr'>φησὶν,</span> <span class='ocrx_word' id='word_1_505' title='bbox 2925 1868 2983 1919; x_wconf 86' lang='grc' dir='ltr'><strong>ἐν</strong></span> <span class='ocrx_word' id='word_1_506' title='bbox 3028 1865 3106 1934; x_wconf 84' lang='grc' dir='ltr'>τῷ</span> <span class='ocrx_word' id='word_1_507' title='bbox 3151 1866 3294 1932; x_wconf 70' lang='grc' dir='ltr'>φωτὶ</span> <span class='ocrx_word' id='word_1_508' title='bbox 3350 1860 3737 1932; x_wconf 83' lang='grc' dir='ltr'>περιπατῶμεν,</span> <span class='ocrx_word' id='word_1_509' title='bbox 3760 1862 3823 1912; x_wconf 74' lang='grc' dir='ltr'>καὶ</span> 
     </span>
    </p>
   </div>
   <div class='ocr_carea' id='block_1_77' title="bbox 2314 1948 3827 2033">
    <p class='ocr_par' dir='ltr' id='par_1_77' title="bbox 2314 1948 3827 2033">
     <span class='ocr_line' id='line_1_77' title="bbox 2314 1948 3827 2033; baseline -0.009 -20"><span class='ocrx_word' id='word_1_510' title='bbox 2314 1962 2371 2013; x_wconf 91' lang='grc' dir='ltr'><strong>ἐν</strong></span> <span class='ocrx_word' id='word_1_511' title='bbox 2399 1959 2583 2029; x_wconf 80' lang='grc' dir='ltr'><strong>ἡμέρᾳ</strong></span> <span class='ocrx_word' id='word_1_512' title='bbox 2603 2000 2618 2022; x_wconf 90' lang='grc'><strong>,</strong></span> <span class='ocrx_word' id='word_1_513' title='bbox 2654 1956 2797 2011; x_wconf 85' lang='grc' dir='ltr'>καθὰ</span> <span class='ocrx_word' id='word_1_514' title='bbox 2831 1971 2998 2024; x_wconf 79' lang='grc' dir='ltr'>φησιν</span> <span class='ocrx_word' id='word_1_515' title='bbox 3033 1956 3061 2007; x_wconf 84' lang='grc' dir='ltr'><strong>ό</strong></span> <span class='ocrx_word' id='word_1_516' title='bbox 3091 1951 3329 2033; x_wconf 85' lang='grc' dir='ltr'>Παῦλος,</span> <span class='ocrx_word' id='word_1_517' title='bbox 3364 1948 3695 2018; x_wconf 77' lang='grc' dir='ltr'>εὐσχημόνως</span> <span class='ocrx_word' id='word_1_518' title='bbox 3716 1965 3827 2017; x_wconf 73' lang='grc' dir='ltr'>περιρ</span> 
     </span>
    </p>
   </div>
   <div class='ocr_carea' id='block_1_78' title="bbox 2313 2040 3825 2122">
    <p class='ocr_par' dir='ltr' id='par_1_78' title="bbox 2313 2040 3825 2122">
     <span class='ocr_line' id='line_1_78' title="bbox 2313 2040 3825 2122; baseline -0.009 -17"><span class='ocrx_word' id='word_1_519' title='bbox 2313 2053 2666 2122; x_wconf 80' lang='grc' dir='ltr'>πατὴσωμεν,</span> <span class='ocrx_word' id='word_1_520' title='bbox 2706 2049 2897 2101; x_wconf 81' lang='grc' dir='ltr'>οὐδένα</span> <span class='ocrx_word' id='word_1_521' title='bbox 2943 2045 3054 2099; x_wconf 88' lang='grc' dir='ltr'><strong>τῶν</strong></span> <span class='ocrx_word' id='word_1_522' title='bbox 3105 2042 3413 2097; x_wconf 89' lang='grc' dir='ltr'>ἐπιϐούλων</span> <span class='ocrx_word' id='word_1_523' title='bbox 3444 2042 3654 2095; x_wconf 76' lang='grc' dir='ltr'>εἰκότως</span> <span class='ocrx_word' id='word_1_524' title='bbox 3679 2040 3825 2107; x_wconf 75' lang='grc' dir='ltr'>φοεοὺ-</span> 
     </span>
    </p>
   </div>
   <div class='ocr_carea' id='block_1_79' title="bbox 2317 2132 3825 2216">
    <p class='ocr_par' dir='ltr' id='par_1_79' title="bbox 2317 2132 3825 2216">
     <span class='ocr_line' id='line_1_79' title="bbox 2317 2132 3825 2216; baseline -0.01 -17"><span class='ocrx_word' id='word_1_525' title='bbox 2317 2145 2455 2216; x_wconf 84' lang='grc' dir='ltr'>μεθα</span> <span class='ocrx_word' id='word_1_526' title='bbox 2476 2184 2492 2210; x_wconf 88' lang='grc'><strong>,</strong></span> <span class='ocrx_word' id='word_1_527' title='bbox 2525 2145 2677 2211; x_wconf 83' lang='grc' dir='ltr'>ὅπλῳ</span> <span class='ocrx_word' id='word_1_528' title='bbox 2709 2140 2847 2211; x_wconf 78' lang='grc' dir='ltr'>πρὸς</span> <span class='ocrx_word' id='word_1_529' title='bbox 2872 2139 3072 2201; x_wconf 78' lang='grc' dir='ltr'>αὐτοὺς</span> <span class='ocrx_word' id='word_1_530' title='bbox 3103 2136 3289 2190; x_wconf 84' lang='grc' dir='ltr'>πίστει</span> <span class='ocrx_word' id='word_1_531' title='bbox 3316 2137 3385 2205; x_wconf 80' lang='grc' dir='ltr'>τῇ</span> <span class='ocrx_word' id='word_1_532' title='bbox 3417 2136 3495 2196; x_wconf 78' lang='grc' dir='ltr'>εἰς</span> <span class='ocrx_word' id='word_1_533' title='bbox 3521 2132 3645 2185; x_wconf 73' lang='grc' dir='ltr'>Θεὸν</span> <span class='ocrx_word' id='word_1_534' title='bbox 3666 2134 3745 2185; x_wconf 76' lang='grc' dir='ltr'>καὶ</span> <span class='ocrx_word' id='word_1_535' title='bbox 3769 2132 3825 2184; x_wconf 68' lang='grc' dir='ltr'>ἐλ-</span> 
     </span>
    </p>
   </div>
   <div class='ocr_carea' id='block_1_80' title="bbox 2314 2236 2770 2307">
    <p class='ocr_par' dir='ltr' id='par_1_80' title="bbox 2314 2236 2770 2307">
     <span class='ocr_line' id='line_1_80' title="bbox 2314 2236 2770 2307; baseline -0.011 -16"><span class='ocrx_word' id='word_1_536' title='bbox 2314 2238 2445 2291; x_wconf 85' lang='grc' dir='ltr'>πίδα</span> <span class='ocrx_word' id='word_1_537' title='bbox 2474 2236 2770 2307; x_wconf 83' lang='grc' dir='ltr'>χρώμενοι.</span> 
     </span>
    </p>
   </div>
   <div class='ocr_carea' id='block_1_81' title="bbox 2391 2324 3151 2399">
    <p class='ocr_par' dir='ltr' id='par_1_81' title="bbox 2391 2324 3151 2399">
     <span class='ocr_line' id='line_1_81' title="bbox 2391 2324 3151 2399; baseline -0.012 -15"><span class='ocrx_word' id='word_1_538' title='bbox 2391 2351 2409 2384; x_wconf 87' lang='grc' dir='ltr'><strong>ι</strong></span> <span class='ocrx_word' id='word_1_539' title='bbox 2432 2332 2520 2383; x_wconf 85' lang='grc' dir='ltr'><strong>Ἐν</strong></span> <span class='ocrx_word' id='word_1_540' title='bbox 2547 2328 2622 2399; x_wconf 82' lang='grc' dir='ltr'><strong>τῷ</strong></span> <span class='ocrx_word' id='word_1_541' title='bbox 2654 2326 2774 2397; x_wconf 89' lang='grc' dir='ltr'><strong>Θεῷ</strong></span> <span class='ocrx_word' id='word_1_542' title='bbox 2806 2324 3099 2379; x_wconf 85' lang='grc' dir='ltr'>ἐπαινέσω.</span> <span class='ocrx_word' id='word_1_543' title='bbox 3132 2341 3151 2375; x_wconf 73' lang='grc' dir='ltr'><strong>ι</strong></span> 
     </span>
    </p>
   </div>
   <div class='ocr_carea' id='block_1_82' title="bbox 2388 2409 3824 2492">
    <p class='ocr_par' dir='ltr' id='par_1_82' title="bbox 2388 2409 3824 2492">
     <span class='ocr_line' id='line_1_82' title="bbox 2388 2409 3824 2492; baseline -0.011 -16"><span class='ocrx_word' id='word_1_544' title='bbox 2388 2421 2606 2492; x_wconf 77' lang='grc' dir='ltr'>Ἐπειδὴ</span> <span class='ocrx_word' id='word_1_545' title='bbox 2645 2422 2756 2482; x_wconf 83' lang='grc' dir='ltr'><strong>πᾶς</strong></span> <span class='ocrx_word' id='word_1_546' title='bbox 2794 2418 2955 2484; x_wconf 84' lang='grc' dir='ltr'>λόγος</span> <span class='ocrx_word' id='word_1_547' title='bbox 2983 2412 3319 2484; x_wconf 82' lang='grc' dir='ltr'>Θεογνωσίαν</span> <span class='ocrx_word' id='word_1_548' title='bbox 3357 2413 3519 2480; x_wconf 69' lang='grc' dir='ltr'>ἔχων,</span> <span class='ocrx_word' id='word_1_549' title='bbox 3548 2409 3741 2462; x_wconf 85' lang='grc' dir='ltr'>ἐπαίνου</span> <span class='ocrx_word' id='word_1_550' title='bbox 3765 2412 3824 2461; x_wconf 74' lang='lat' dir='ltr'><strong>ul</strong></span> 
     </span>
    </p>
   </div>
   <div class='ocr_carea' id='block_1_83' title="bbox 2315 2501 3823 2586">
    <p class='ocr_par' dir='ltr' id='par_1_83' title="bbox 2315 2501 3823 2586">
     <span class='ocr_line' id='line_1_83' title="bbox 2315 2501 3823 2586; baseline -0.012 -15"><span class='ocrx_word' id='word_1_551' title='bbox 2315 2514 2590 2586; x_wconf 80' lang='grc' dir='ltr'>εὐφημίας</span> <span class='ocrx_word' id='word_1_552' title='bbox 2639 2510 2809 2577; x_wconf 76' lang='grc' dir='ltr'>ἄξιος,</span> <span class='ocrx_word' id='word_1_553' title='bbox 2840 2508 3010 2577; x_wconf 79' lang='grc' dir='ltr'>αὐτῷ,</span> <span class='ocrx_word' id='word_1_554' title='bbox 3058 2509 3246 2577; x_wconf 60' lang='grc' dir='ltr'>φησιν,</span> <span class='ocrx_word' id='word_1_555' title='bbox 3278 2505 3358 2567; x_wconf 86' lang='grc' dir='ltr'><strong>ὡς</strong></span> <span class='ocrx_word' id='word_1_556' title='bbox 3407 2501 3705 2573; x_wconf 78' lang='grc' dir='ltr'>χορηγοῦντι</span> <span class='ocrx_word' id='word_1_557' title='bbox 3736 2504 3823 2564; x_wconf 64' lang='grc' dir='ltr'>τοὺς</span> 
     </span>
    </p>
   </div>
   <div class='ocr_carea' id='block_1_84' title="bbox 2315 2590 3823 2674">
    <p class='ocr_par' dir='ltr' id='par_1_84' title="bbox 2315 2590 3823 2674">
     <span class='ocr_line' id='line_1_84' title="bbox 2315 2590 3823 2674; baseline -0.015 -12"><span class='ocrx_word' id='word_1_558' title='bbox 2315 2608 2571 2667; x_wconf 84' lang='grc' dir='ltr'>ἐπαίνους</span> <span class='ocrx_word' id='word_1_559' title='bbox 2598 2603 3007 2674; x_wconf 63' lang='grc' dir='ltr'>παράσχωμεν</span> <span class='ocrx_word' id='word_1_560' title='bbox 3045 2596 3139 2649; x_wconf 78' lang='grc' dir='ltr'>καὶ</span> <span class='ocrx_word' id='word_1_561' title='bbox 3179 2598 3281 2649; x_wconf 83' lang='grc' dir='ltr'>ὅσα</span> <span class='ocrx_word' id='word_1_562' title='bbox 3324 2597 3383 2646; x_wconf 89' lang='grc' dir='ltr'><strong>ἐν</strong></span> <span class='ocrx_word' id='word_1_563' title='bbox 3428 2592 3573 2661; x_wconf 83' lang='grc' dir='ltr'><strong>αύτῷ</strong></span> <span class='ocrx_word' id='word_1_564' title='bbox 3602 2590 3823 2657; x_wconf 78' lang='grc' dir='ltr'>λαλοῦμεν,</span> 
     </span>
    </p>
   </div>
   <div class='ocr_carea' id='block_1_85' title="bbox 2316 2683 3825 2756">
    <p class='ocr_par' dir='ltr' id='par_1_85' title="bbox 2316 2683 3825 2756">
     <span class='ocr_line' id='line_1_85' title="bbox 2316 2683 3825 2756; baseline -0.013 -1"><span class='ocrx_word' id='word_1_565' title='bbox 2316 2699 2490 2755; x_wconf 85' lang='grc' dir='ltr'>ταῦτα</span> <span class='ocrx_word' id='word_1_566' title='bbox 2516 2694 2923 2756; x_wconf 86' lang='grc' dir='ltr'>κατευοδοῦται,</span> <span class='ocrx_word' id='word_1_567' title='bbox 2954 2690 3051 2745; x_wconf 58' lang='grc' dir='ltr'><strong>καί⁸</strong></span> <span class='ocrx_word' id='word_1_568' title='bbox 3077 2689 3307 2749; x_wconf 80' lang='grc' dir='ltr'>εἰκότως</span> <span class='ocrx_word' id='word_1_569' title='bbox 3332 2684 3599 2755; x_wconf 80' lang='grc' dir='ltr'>ἀποδοχῆς</span> <span class='ocrx_word' id='word_1_570' title='bbox 3624 2683 3825 2751; x_wconf 64' lang='grc' dir='ltr'>καθέστη-</span> 
     </span>
    </p>
   </div>
   <div class='ocr_carea' id='block_1_86' title="bbox 2317 2774 3824 2856">
    <p class='ocr_par' dir='ltr' id='par_1_86' title="bbox 2317 2774 3824 2856">
     <span class='ocr_line' id='line_1_86' title="bbox 2317 2774 3824 2856; baseline -0.015 -8"><span class='ocrx_word' id='word_1_571' title='bbox 2317 2811 2415 2848; x_wconf 88' lang='grc' dir='ltr'><strong>κεν</strong></span> <span class='ocrx_word' id='word_1_572' title='bbox 2450 2791 2599 2856; x_wconf 81' lang='grc' dir='ltr'>ἄξια.</span> <span class='ocrx_word' id='word_1_573' title='bbox 2636 2788 2835 2855; x_wconf 85' lang='grc' dir='ltr'>Σάρκα</span> <span class='ocrx_word' id='word_1_574' title='bbox 2867 2786 2926 2838; x_wconf 82' lang='grc' dir='ltr'>δὲ</span> <span class='ocrx_word' id='word_1_575' title='bbox 2960 2782 3220 2843; x_wconf 84' lang='grc' dir='ltr'>πολλάκις</span> <span class='ocrx_word' id='word_1_576' title='bbox 3263 2781 3337 2832; x_wconf 77' lang='grc' dir='ltr'>τὰ</span> <span class='ocrx_word' id='word_1_577' title='bbox 3363 2778 3600 2847; x_wconf 77' lang='grc' dir='ltr'>σαρκικὰ</span> <span class='ocrx_word' id='word_1_578' title='bbox 3624 2776 3746 2843; x_wconf 77' lang='grc' dir='ltr'>πάθη</span> <span class='ocrx_word' id='word_1_579' title='bbox 3766 2774 3824 2825; x_wconf 74' lang='grc' dir='ltr'>λί-</span> 
     </span>
    </p>
   </div>
   <div class='ocr_carea' id='block_1_87' title="bbox 2317 2865 3822 2956">
    <p class='ocr_par' dir='ltr' id='par_1_87' title="bbox 2317 2865 3822 2956">
     <span class='ocr_line' id='line_1_87' title="bbox 2317 2865 3822 2956; baseline -0.014 -16"><span class='ocrx_word' id='word_1_580' title='bbox 2317 2886 2511 2956; x_wconf 84' lang='grc' dir='ltr'>γεσθαι</span> <span class='ocrx_word' id='word_1_581' title='bbox 2554 2883 2645 2936; x_wconf 69' lang='grc' dir='ltr'>καὶ</span> <span class='ocrx_word' id='word_1_582' title='bbox 2674 2881 2773 2943; x_wconf 80' lang='grc' dir='ltr'>τὰς</span> <span class='ocrx_word' id='word_1_583' title='bbox 2810 2876 3005 2948; x_wconf 84' lang='grc' dir='ltr'>ἡδονὰς</span> <span class='ocrx_word' id='word_1_584' title='bbox 3039 2874 3353 2943; x_wconf 81' lang='grc' dir='ltr'>εὑρήσομεν</span> <span class='ocrx_word' id='word_1_585' title='bbox 3373 2888 3389 2903; x_wconf 68' lang='grc' dir='ltr'><strong>ε</strong></span> <span class='ocrx_word' id='word_1_586' title='bbox 3428 2871 3502 2933; x_wconf 83' lang='grc' dir='ltr'>ὡς</span> <span class='ocrx_word' id='word_1_587' title='bbox 3534 2872 3651 2923; x_wconf 85' lang='grc' dir='ltr'>ὅταν</span> <span class='ocrx_word' id='word_1_588' title='bbox 3676 2871 3700 2921; x_wconf 82' lang='grc' dir='ltr'>ὁ</span> <span class='ocrx_word' id='word_1_589' title='bbox 3721 2865 3822 2920; x_wconf 57' lang='lat' dir='ltr'><strong>[hic</strong></span> 
     </span>
    </p>
   </div>
   <div class='ocr_carea' id='block_1_88' title="bbox 2317 2959 3824 3042">
    <p class='ocr_par' dir='ltr' id='par_1_88' title="bbox 2317 2959 3824 3042">
     <span class='ocr_line' id='line_1_88' title="bbox 2317 2959 3824 3042; baseline -0.016 -9"><span class='ocrx_word' id='word_1_590' title='bbox 2317 2980 2410 3041; x_wconf 91' lang='grc' dir='ltr'><strong>λος</strong></span> <span class='ocrx_word' id='word_1_591' title='bbox 2431 2994 2446 3009; x_wconf 71' lang='grc'><strong><em>⁸</em></strong></span> <span class='ocrx_word' id='word_1_592' title='bbox 2469 2973 2613 3030; x_wconf 78' lang='grc' dir='ltr'><strong>Οἶδα</strong></span> <span class='ocrx_word' id='word_1_593' title='bbox 2635 2974 2745 3042; x_wconf 77' lang='grc' dir='ltr'>γὰρ</span> <span class='ocrx_word' id='word_1_594' title='bbox 2767 2971 2854 3024; x_wconf 83' lang='grc' dir='ltr'>ὅτι</span> <span class='ocrx_word' id='word_1_595' title='bbox 2888 2970 2999 3023; x_wconf 82' lang='grc' dir='ltr'>οὐκ</span> <span class='ocrx_word' id='word_1_596' title='bbox 3029 2966 3183 3022; x_wconf 82' lang='grc' dir='ltr'>οἰκεῖ</span> <span class='ocrx_word' id='word_1_597' title='bbox 3206 2965 3276 3017; x_wconf 83' lang='grc' dir='ltr'>ἐν</span> <span class='ocrx_word' id='word_1_598' title='bbox 3309 2964 3464 3031; x_wconf 74' lang='grc' dir='ltr'>ἐμοὶ,</span> <span class='ocrx_word' id='word_1_599' title='bbox 3483 2959 3824 3023; x_wconf 53' lang='lat' dir='ltr'><strong>moremini?</strong></span> 
     </span>
    </p>
   </div>
   <div class='ocr_carea' id='block_1_89' title="bbox 2318 3053 3823 3138">
    <p class='ocr_par' dir='ltr' id='par_1_89' title="bbox 2318 3053 3823 3138">
     <span class='ocr_line' id='line_1_89' title="bbox 2318 3053 3823 3138; baseline -0.015 -13"><span class='ocrx_word' id='word_1_600' title='bbox 2318 3070 2392 3138; x_wconf 81' lang='grc' dir='ltr'>τῇ</span> <span class='ocrx_word' id='word_1_601' title='bbox 2414 3069 2594 3137; x_wconf 81' lang='grc' dir='ltr'>σαρκί</span> <span class='ocrx_word' id='word_1_602' title='bbox 2612 3083 2754 3135; x_wconf 80' lang='grc' dir='ltr'>μου,</span> <span class='ocrx_word' id='word_1_603' title='bbox 2782 3062 3007 3131; x_wconf 80' lang='grc' dir='ltr'>ἀγαθόν</span> <span class='ocrx_word' id='word_1_604' title='bbox 3026 3076 3040 3090; x_wconf 79' lang='grc'><strong><em>⁸</em></strong></span> <span class='ocrx_word' id='word_1_605' title='bbox 3076 3057 3343 3118; x_wconf 78' lang='grc' dir='ltr'>πολλάκις</span> <span class='ocrx_word' id='word_1_606' title='bbox 3371 3055 3428 3108; x_wconf 85' lang='grc' dir='ltr'><strong>δέ</strong></span> <span class='ocrx_word' id='word_1_607' title='bbox 3456 3057 3547 3108; x_wconf 75' lang='grc' dir='ltr'>καὶ</span> <span class='ocrx_word' id='word_1_608' title='bbox 3573 3054 3653 3107; x_wconf 82' lang='grc' dir='ltr'>τὸν</span> <span class='ocrx_word' id='word_1_609' title='bbox 3675 3053 3823 3120; x_wconf 60' lang='lat' dir='ltr'><strong>Mm-</strong></span> 
     </span>
    </p>
   </div>
   <div class='ocr_carea' id='block_1_90' title="bbox 2321 3142 3821 3228">
    <p class='ocr_par' dir='ltr' id='par_1_90' title="bbox 2321 3142 3821 3228">
     <span class='ocr_line' id='line_1_90' title="bbox 2321 3142 3821 3228; baseline -0.015 -11"><span class='ocrx_word' id='word_1_610' title='bbox 2321 3180 2421 3217; x_wconf 92' lang='grc' dir='ltr'><strong>πον</strong></span> <span class='ocrx_word' id='word_1_611' title='bbox 2441 3179 2456 3193; x_wconf 92' lang='grc'><strong>·</strong></span> <span class='ocrx_word' id='word_1_612' title='bbox 2478 3162 2666 3228; x_wconf 73' lang='grc' dir='ltr'>ὥσπερ</span> <span class='ocrx_word' id='word_1_613' title='bbox 2692 3158 2757 3225; x_wconf 82' lang='grc' dir='ltr'><strong>δὴ</strong></span> <span class='ocrx_word' id='word_1_614' title='bbox 2773 3156 2867 3208; x_wconf 73' lang='grc' dir='ltr'>καὶ</span> <span class='ocrx_word' id='word_1_615' title='bbox 2897 3151 3063 3206; x_wconf 70' lang='grc' dir='ltr'>Δαϐὶδ</span> <span class='ocrx_word' id='word_1_616' title='bbox 3092 3150 3244 3216; x_wconf 74' lang='grc' dir='ltr'>ἔλεγε</span> <span class='ocrx_word' id='word_1_617' title='bbox 3263 3164 3277 3178; x_wconf 87' lang='grc'><strong>·</strong></span> <span class='ocrx_word' id='word_1_618' title='bbox 3299 3148 3461 3217; x_wconf 82' lang='grc' dir='ltr'>Πρὸς</span> <span class='ocrx_word' id='word_1_619' title='bbox 3477 3146 3549 3201; x_wconf 82' lang='grc' dir='ltr'>σὲ</span> <span class='ocrx_word' id='word_1_620' title='bbox 3564 3143 3705 3198; x_wconf 84' lang='grc' dir='ltr'>πᾶσα</span> <span class='ocrx_word' id='word_1_621' title='bbox 3717 3142 3821 3210; x_wconf 78' lang='grc' dir='ltr'>σὰρξ</span> 
     </span>
    </p>
   </div>
   <div class='ocr_carea' id='block_1_91' title="bbox 2324 3235 3822 3325">
    <p class='ocr_par' dir='ltr' id='par_1_91' title="bbox 2324 3235 3822 3325">
     <span class='ocr_line' id='line_1_91' title="bbox 2324 3235 3822 3325; baseline -0.017 -15"><span class='ocrx_word' id='word_1_622' title='bbox 2324 3252 2560 3325; x_wconf 73' lang='grc' dir='ltr'><strong>ἦξει.⁹ῐ1</strong></span> <span class='ocrx_word' id='word_1_623' title='bbox 2591 3250 2685 3304; x_wconf 86' lang='grc' dir='ltr'><strong>τοῦ</strong></span> <span class='ocrx_word' id='word_1_624' title='bbox 2718 3244 2853 3301; x_wconf 86' lang='grc' dir='ltr'>Θεοῦ</span> <span class='ocrx_word' id='word_1_625' title='bbox 2893 3244 3077 3298; x_wconf 85' lang='grc' dir='ltr'>τοίνυν</span> <span class='ocrx_word' id='word_1_626' title='bbox 3112 3240 3269 3303; x_wconf 69' lang='grc' dir='ltr'>ἐλπὶς</span> <span class='ocrx_word' id='word_1_627' title='bbox 3314 3239 3412 3292; x_wconf 71' lang='grc' dir='ltr'>καὶ</span> <span class='ocrx_word' id='word_1_628' title='bbox 3452 3236 3550 3307; x_wconf 74' lang='grc' dir='ltr'>τὴν</span> <span class='ocrx_word' id='word_1_629' title='bbox 3580 3235 3740 3306; x_wconf 67' lang='grc' dir='ltr'>ἡδονὴν</span> <span class='ocrx_word' id='word_1_630' title='bbox 3762 3251 3822 3303; x_wconf 75' lang='grc' dir='ltr'>χι-</span> 
     </span>
    </p>
   </div>
   <div class='ocr_carea' id='block_1_92' title="bbox 2328 3325 3823 3409">
    <p class='ocr_par' dir='ltr' id='par_1_92' title="bbox 2328 3325 3823 3409">
     <span class='ocr_line' id='line_1_92' title="bbox 2328 3325 3823 3409; baseline -0.016 -9"><span class='ocrx_word' id='word_1_631' title='bbox 2328 3348 2485 3409; x_wconf 83' lang='grc' dir='ltr'>λινοῖ,</span> <span class='ocrx_word' id='word_1_632' title='bbox 2536 3342 2631 3395; x_wconf 73' lang='grc' dir='ltr'>καὶ</span> <span class='ocrx_word' id='word_1_633' title='bbox 2674 3340 2767 3392; x_wconf 74' lang='grc' dir='ltr'><strong>τὸν</strong></span> <span class='ocrx_word' id='word_1_634' title='bbox 2817 3336 3011 3406; x_wconf 78' lang='grc' dir='ltr'>ἐχθρὸν</span> <span class='ocrx_word' id='word_1_635' title='bbox 3056 3334 3347 3403; x_wconf 73' lang='grc' dir='ltr'>ἄνθρωπον</span> <span class='ocrx_word' id='word_1_636' title='bbox 3396 3328 3723 3399; x_wconf 76' lang='grc' dir='ltr'>συμποδίζει,</span> <span class='ocrx_word' id='word_1_637' title='bbox 3762 3325 3823 3377; x_wconf 72' lang='lat' dir='ltr'><strong>ul</strong></span> 
     </span>
    </p>
   </div>
   <div class='ocr_carea' id='block_1_93' title="bbox 2318 3424 3382 3508">
    <p class='ocr_par' dir='ltr' id='par_1_93' title="bbox 2318 3424 3382 3508">
     <span class='ocr_line' id='line_1_93' title="bbox 2318 3424 3382 3508; baseline -0.016 -14"><span class='ocrx_word' id='word_1_638' title='bbox 2318 3436 2550 3508; x_wconf 84' lang='grc' dir='ltr'>ἀφοϐίαν</span> <span class='ocrx_word' id='word_1_639' title='bbox 2588 3431 2722 3503; x_wconf 82' lang='grc' dir='ltr'>ἡμῖν</span> <span class='ocrx_word' id='word_1_640' title='bbox 2750 3429 2812 3494; x_wconf 78' lang='grc' dir='ltr'>ἐξ</span> <span class='ocrx_word' id='word_1_641' title='bbox 2841 3428 3107 3496; x_wconf 81' lang='grc' dir='ltr'>ἐκατέρου</span> <span class='ocrx_word' id='word_1_642' title='bbox 3140 3424 3382 3477; x_wconf 76' lang='grc' dir='ltr'>δίδωσιν.</span> 
     </span>
    </p>
   </div>
   <div class='ocr_carea' id='block_1_94' title="bbox 2397 3516 3556 3596">
    <p class='ocr_par' dir='ltr' id='par_1_94' title="bbox 2397 3516 3556 3596">
     <span class='ocr_line' id='line_1_94' title="bbox 2397 3516 3556 3596; baseline -0.016 -15"><span class='ocrx_word' id='word_1_643' title='bbox 2397 3527 2598 3596; x_wconf 82' lang='grc' dir='ltr'>ιὊλην</span> <span class='ocrx_word' id='word_1_644' title='bbox 2628 3524 2727 3595; x_wconf 87' lang='grc' dir='ltr'>τὴν</span> <span class='ocrx_word' id='word_1_645' title='bbox 2757 3521 2974 3593; x_wconf 81' lang='grc' dir='ltr'>ἡμέραν</span> <span class='ocrx_word' id='word_1_646' title='bbox 2998 3520 3122 3580; x_wconf 75' lang='grc' dir='ltr'>τοὺς</span> <span class='ocrx_word' id='word_1_647' title='bbox 3152 3516 3351 3583; x_wconf 80' lang='grc' dir='ltr'>λόγους</span> <span class='ocrx_word' id='word_1_648' title='bbox 3380 3531 3504 3583; x_wconf 92' lang='grc' dir='ltr'>μου.</span> <span class='ocrx_word' id='word_1_649' title='bbox 3537 3531 3556 3564; x_wconf 72' lang='grc' dir='ltr'><strong>ι</strong></span> 
     </span>
    </p>
   </div>
   <div class='ocr_carea' id='block_1_95' title="bbox 2389 3594 3813 3690">
    <p class='ocr_par' dir='ltr' id='par_1_95' title="bbox 2389 3594 3813 3690">
     <span class='ocr_line' id='line_1_95' title="bbox 2389 3594 3813 3690; baseline -0.016 -15"><span class='ocrx_word' id='word_1_650' title='bbox 2389 3594 2583 3690; x_wconf 74' lang='grc' dir='ltr'>Σαφῶς</span> <span class='ocrx_word' id='word_1_651' title='bbox 2614 3594 2709 3669; x_wconf 67' lang='grc' dir='ltr'>καί.</span> <span class='ocrx_word' id='word_1_652' title='bbox 2748 3614 2844 3667; x_wconf 89' lang='grc' dir='ltr'><strong>νῦν</strong></span> <span class='ocrx_word' id='word_1_653' title='bbox 2882 3612 3012 3674; x_wconf 82' lang='grc' dir='ltr'>τοὺς</span> <span class='ocrx_word' id='word_1_654' title='bbox 3049 3610 3064 3629; x_wconf 84' lang='lat'><strong><em>‘</em></strong></span> <span class='ocrx_word' id='word_1_655' title='bbox 3089 3608 3343 3669; x_wconf 87' lang='grc' dir='ltr'>ουδαίους</span> <span class='ocrx_word' id='word_1_656' title='bbox 3383 3604 3695 3660; x_wconf 82' lang='grc' dir='ltr'>αἰνίττεται’</span> 
     </span>
    </p>
   </div>
   <div class='ocr_carea' id='block_1_96' title="bbox 2316 3688 3806 3785">
    <p class='ocr_par' dir='ltr' id='par_1_96' title="bbox 2316 3688 3806 3785">
     <span class='ocr_line' id='line_1_96' title="bbox 2316 3688 3806 3785; baseline -0.017 -17"><span class='ocrx_word' id='word_1_657' title='bbox 2316 3714 2425 3785; x_wconf 87' lang='grc' dir='ltr'>γὰρ</span> <span class='ocrx_word' id='word_1_658' title='bbox 2453 3688 2578 3773; x_wconf 72' lang='grc' dir='ltr'>τοὺς</span> <span class='ocrx_word' id='word_1_659' title='bbox 2600 3709 2792 3776; x_wconf 79' lang='grc' dir='ltr'>λόγους</span> <span class='ocrx_word' id='word_1_660' title='bbox 2814 3704 2925 3759; x_wconf 89' lang='grc' dir='ltr'><strong>τῶν</strong></span> <span class='ocrx_word' id='word_1_661' title='bbox 2951 3701 3185 3764; x_wconf 88' lang='grc' dir='ltr'>πιστῶν,</span> <span class='ocrx_word' id='word_1_662' title='bbox 3209 3699 3283 3763; x_wconf 70' lang='grc' dir='ltr'>ὡς</span> <span class='ocrx_word' id='word_1_663' title='bbox 3307 3699 3535 3767; x_wconf 72' lang='grc' dir='ltr'>ἔλεγχον</span> <span class='ocrx_word' id='word_1_664' title='bbox 3561 3688 3806 3785; x_wconf 54' lang='lat' dir='ltr'><strong>Excussa-tif</strong></span> 
     </span>
    </p>
   </div>
   <div class='ocr_carea' id='block_1_97' title="bbox 2317 3779 3800 3865">
    <p class='ocr_par' dir='ltr' id='par_1_97' title="bbox 2317 3779 3800 3865">
     <span class='ocr_line' id='line_1_97' title="bbox 2317 3779 3800 3865; baseline -0.017 -4"><span class='ocrx_word' id='word_1_665' title='bbox 2317 3779 2495 3862; x_wconf 74' lang='grc' dir='ltr'>αὐτῶν</span> <span class='ocrx_word' id='word_1_666' title='bbox 2526 3799 2785 3861; x_wconf 79' lang='grc' dir='ltr'>ἀπιστίας</span> <span class='ocrx_word' id='word_1_667' title='bbox 2811 3840 2828 3865; x_wconf 91' lang='grc'><strong>,</strong></span> <span class='ocrx_word' id='word_1_668' title='bbox 2857 3794 3152 3855; x_wconf 81' lang='grc' dir='ltr'>διαπαντὸς</span> <span class='ocrx_word' id='word_1_669' title='bbox 3182 3790 3589 3847; x_wconf 81' lang='grc' dir='ltr'>ἐϐδελύττοντο·</span> <span class='ocrx_word' id='word_1_670' title='bbox 3618 3787 3701 3841; x_wconf 73' lang='grc' dir='ltr'><strong>ἀπὸ</strong></span> <span class='ocrx_word' id='word_1_671' title='bbox 3715 3779 3800 3851; x_wconf 57' lang='grc' dir='ltr'>τρια</span> 
     </span>
    </p>
   </div>
   <div class='ocr_carea' id='block_1_98' title="bbox 2316 3876 3802 3967">
    <p class='ocr_par' dir='ltr' id='par_1_98' title="bbox 2316 3876 3802 3967">
     <span class='ocr_line' id='line_1_98' title="bbox 2316 3876 3802 3967; baseline -0.028 -15"><span class='ocrx_word' id='word_1_672' title='bbox 2316 3894 2610 3967; x_wconf 87' lang='grc' dir='ltr'>τοιγαροῦν</span> <span class='ocrx_word' id='word_1_673' title='bbox 2644 3893 2750 3955; x_wconf 80' lang='grc' dir='ltr'>ἓως</span> <span class='ocrx_word' id='word_1_674' title='bbox 2781 3890 3023 3959; x_wconf 78' lang='grc' dir='ltr'>ἑσπέρας</span> <span class='ocrx_word' id='word_1_675' title='bbox 3050 3885 3146 3940; x_wconf 86' lang='grc' dir='ltr'><strong>τοῦ</strong></span> <span class='ocrx_word' id='word_1_676' title='bbox 3172 3883 3393 3938; x_wconf 86' lang='grc' dir='ltr'>Παύλου</span> <span class='ocrx_word' id='word_1_677' title='bbox 3424 3884 3560 3952; x_wconf 72' lang='grc' dir='ltr'>πρὸς</span> <span class='ocrx_word' id='word_1_678' title='bbox 3584 3876 3802 3967; x_wconf 50' lang='grc' dir='ltr'><strong>αὐτοὺς</strong></span> 
     </span>
    </p>
   </div>
   <div class='ocr_carea' id='block_1_99' title="bbox 2316 3966 3810 4062">
    <p class='ocr_par' dir='ltr' id='par_1_99' title="bbox 2316 3966 3810 4062">
     <span class='ocr_line' id='line_1_99' title="bbox 2316 3966 3810 4062; baseline -0.019 -17"><span class='ocrx_word' id='word_1_679' title='bbox 2316 3991 2653 4062; x_wconf 82' lang='grc' dir='ltr'>τορεύοντος,</span> <span class='ocrx_word' id='word_1_680' title='bbox 2674 3988 2874 4039; x_wconf 83' lang='grc' dir='ltr'>ἐκεῖνοι</span> <span class='ocrx_word' id='word_1_681' title='bbox 2898 3981 3000 4053; x_wconf 82' lang='grc' dir='ltr'>τὴν</span> <span class='ocrx_word' id='word_1_682' title='bbox 3029 3978 3290 4049; x_wconf 76' lang='grc' dir='ltr'>ἀλήθειαν</span> <span class='ocrx_word' id='word_1_683' title='bbox 3321 3977 3419 4030; x_wconf 86' lang='grc' dir='ltr'><strong>τοῦ</strong></span> <span class='ocrx_word' id='word_1_684' title='bbox 3448 3975 3603 4043; x_wconf 86' lang='grc' dir='ltr'>λόγου</span> <span class='ocrx_word' id='word_1_685' title='bbox 3635 3966 3810 4042; x_wconf 72' lang='grc' dir='ltr'>βδελυξὰ-</span> 
     </span>
    </p>
   </div>
   <div class='ocr_carea' id='block_1_100' title="bbox 2322 4061 3814 4153">
    <p class='ocr_par' dir='ltr' id='par_1_100' title="bbox 2322 4061 3814 4153">
     <span class='ocr_line' id='line_1_100' title="bbox 2322 4061 3814 4153; baseline -0.015 -18"><span class='ocrx_word' id='word_1_686' title='bbox 2322 4098 2495 4153; x_wconf 85' lang='grc' dir='ltr'>μενοι,</span> <span class='ocrx_word' id='word_1_687' title='bbox 2532 4078 2878 4149; x_wconf 78' lang='grc' dir='ltr'>ἀσύμφωνοι.</span> <span class='ocrx_word' id='word_1_688' title='bbox 2909 4072 3051 4128; x_wconf 82' lang='grc' dir='ltr'>καθά</span> <span class='ocrx_word' id='word_1_689' title='bbox 3081 4087 3246 4141; x_wconf 83' lang='grc' dir='ltr'>φησιν</span> <span class='ocrx_word' id='word_1_690' title='bbox 3272 4072 3300 4125; x_wconf 88' lang='grc' dir='ltr'><strong>ὁ</strong></span> <span class='ocrx_word' id='word_1_691' title='bbox 3322 4061 3814 4153; x_wconf 50' lang='grc' dir='ltr'>ΛουκᾶςθΑνε-χὼρη·</span> 
     </span>
    </p>
   </div>
   <div class='ocr_carea' id='block_1_101' title="bbox 2318 4151 3817 4239">
    <p class='ocr_par' dir='ltr' id='par_1_101' title="bbox 2318 4151 3817 4239">
     <span class='ocr_line' id='line_1_101' title="bbox 2318 4151 3817 4239; baseline -0.017 -10"><span class='ocrx_word' id='word_1_692' title='bbox 2318 4151 2439 4229; x_wconf 76' lang='lat' dir='ltr'><strong>o&#39;ar</strong></span> <span class='ocrx_word' id='word_1_693' title='bbox 2470 4171 2594 4227; x_wconf 79' lang='grc' dir='ltr'>κατ’</span> <span class='ocrx_word' id='word_1_694' title='bbox 2614 4169 2761 4239; x_wconf 78' lang='grc' dir='ltr'>ἐμοῦ</span> <span class='ocrx_word' id='word_1_695' title='bbox 2806 4167 3030 4231; x_wconf 77' lang='grc' dir='ltr'>πάντες</span> <span class='ocrx_word' id='word_1_696' title='bbox 3058 4167 3111 4219; x_wconf 84' lang='grc' dir='ltr'><strong>οί</strong></span> <span class='ocrx_word' id='word_1_697' title='bbox 3145 4160 3527 4230; x_wconf 71' lang='grc' dir='ltr'>διαλογισμοί</span> <span class='ocrx_word' id='word_1_698' title='bbox 3568 4153 3733 4211; x_wconf 74' lang='grc' dir='ltr'>αὐτῶν</span> <span class='ocrx_word' id='word_1_699' title='bbox 3763 4151 3817 4212; x_wconf 72' lang='grc' dir='ltr'>τίς</span> 
     </span>
    </p>
   </div>
   <div class='ocr_carea' id='block_1_102' title="bbox 2319 4244 3819 4332">
    <p class='ocr_par' dir='ltr' id='par_1_102' title="bbox 2319 4244 3819 4332">
     <span class='ocr_line' id='line_1_102' title="bbox 2319 4244 3819 4332; baseline -0.016 -11"><span class='ocrx_word' id='word_1_700' title='bbox 2319 4267 2524 4320; x_wconf 79' lang='grc' dir='ltr'>κακόν.</span> <span class='ocrx_word' id='word_1_701' title='bbox 2554 4262 2723 4317; x_wconf 77' lang='grc' dir='ltr'>Οὐδὲν</span> <span class='ocrx_word' id='word_1_702' title='bbox 2761 4261 2871 4332; x_wconf 79' lang='grc' dir='ltr'>γὰρ</span> <span class='ocrx_word' id='word_1_703' title='bbox 2896 4258 3101 4327; x_wconf 81' lang='grc' dir='ltr'>ἀγαθὸν</span> <span class='ocrx_word' id='word_1_704' title='bbox 3130 4274 3196 4310; x_wconf 92' lang='grc' dir='ltr'><strong>πε</strong></span> <span class='ocrx_word' id='word_1_705' title='bbox 3208 4257 3261 4320; x_wconf 73' lang='lat' dir='ltr'><strong>pi.</strong></span> <span class='ocrx_word' id='word_1_706' title='bbox 3285 4255 3399 4308; x_wconf 87' lang='grc' dir='ltr'><strong>τῶν</strong></span> <span class='ocrx_word' id='word_1_707' title='bbox 3429 4252 3593 4308; x_wconf 83' lang='grc' dir='ltr'>ἐθνῶν</span> <span class='ocrx_word' id='word_1_708' title='bbox 3618 4250 3661 4301; x_wconf 82' lang='lat' dir='ltr'><strong>oi</strong></span> <span class='ocrx_word' id='word_1_709' title='bbox 3686 4244 3819 4303; x_wconf 76' lang='grc' dir='ltr'>παῖδες</span> 
     </span>
    </p>
   </div>
   <div class='ocr_carea' id='block_1_103' title="bbox 2317 4342 3822 4420">
    <p class='ocr_par' dir='ltr' id='par_1_103' title="bbox 2317 4342 3822 4420">
     <span class='ocr_line' id='line_1_103' title="bbox 2317 4342 3822 4420; baseline -0.017 -9"><span class='ocrx_word' id='word_1_710' title='bbox 2317 4357 2428 4411; x_wconf 88' lang='grc' dir='ltr'><strong>τῶν</strong></span> <span class='ocrx_word' id='word_1_711' title='bbox 2459 4355 2733 4409; x_wconf 82' lang='grc' dir='ltr'>Ἰουδαίων</span> <span class='ocrx_word' id='word_1_712' title='bbox 2758 4349 3067 4420; x_wconf 72' lang='grc' dir='ltr'>λογίζονται</span> <span class='ocrx_word' id='word_1_713' title='bbox 3095 4347 3320 4419; x_wconf 78' lang='grc' dir='ltr'>(ἐπειδὴ</span> <span class='ocrx_word' id='word_1_714' title='bbox 3358 4348 3465 4409; x_wconf 84' lang='grc' dir='ltr'>πᾶς</span> <span class='ocrx_word' id='word_1_715' title='bbox 3493 4342 3738 4411; x_wconf 76' lang='grc' dir='ltr'>ἄνθρωπος</span> <span class='ocrx_word' id='word_1_716' title='bbox 3757 4350 3822 4386; x_wconf 79' lang='grc' dir='ltr'>πο-</span> 
     </span>
    </p>
   </div>
   <div class='ocr_carea' id='block_1_104' title="bbox 2318 4426 3822 4518">
    <p class='ocr_par' dir='ltr' id='par_1_104' title="bbox 2318 4426 3822 4518">
     <span class='ocr_line' id='line_1_104' title="bbox 2318 4426 3822 4518; baseline -0.015 -16"><span class='ocrx_word' id='word_1_717' title='bbox 2318 4448 2481 4518; x_wconf 79' lang='grc' dir='ltr'>νηρὸς</span> <span class='ocrx_word' id='word_1_718' title='bbox 2512 4444 2780 4518; x_wconf 83' lang='grc' dir='ltr'>προφέρει</span> <span class='ocrx_word' id='word_1_719' title='bbox 2806 4442 2868 4498; x_wconf 84' lang='grc' dir='ltr'>τδ</span> <span class='ocrx_word' id='word_1_720' title='bbox 2897 4438 3177 4511; x_wconf 83' lang='grc' dir='ltr'>πονηρὸν),</span> <span class='ocrx_word' id='word_1_721' title='bbox 3196 4438 3291 4493; x_wconf 77' lang='grc' dir='ltr'>καὶ</span> <span class='ocrx_word' id='word_1_722' title='bbox 3322 4437 3502 4490; x_wconf 82' lang='grc' dir='ltr'>πάντα</span> <span class='ocrx_word' id='word_1_723' title='bbox 3524 4434 3697 4504; x_wconf 84' lang='grc' dir='ltr'>τρόπον</span> <span class='ocrx_word' id='word_1_724' title='bbox 3720 4426 3822 4495; x_wconf 73' lang='grc' dir='ltr'>ἡμᾶς</span> 
     </span>
    </p>
   </div>
   <div class='ocr_carea' id='block_1_105' title="bbox 2320 4534 3007 4608">
    <p class='ocr_par' dir='ltr' id='par_1_105' title="bbox 2320 4534 3007 4608">
     <span class='ocr_line' id='line_1_105' title="bbox 2320 4534 3007 4608; baseline -0.009 -14"><span class='ocrx_word' id='word_1_725' title='bbox 2320 4539 2601 4608; x_wconf 80' lang='grc' dir='ltr'>ἀπατῆσαι</span> <span class='ocrx_word' id='word_1_726' title='bbox 2635 4534 3007 4606; x_wconf 78' lang='grc' dir='ltr'>πειράζουσιν.</span> 
     </span>
    </p>
   </div>
   <div class='ocr_carea' id='block_1_106' title="bbox 2389 4639 3820 4719">
    <p class='ocr_par' dir='ltr' id='par_1_106' title="bbox 2389 4639 3820 4719">
     <span class='ocr_line' id='line_1_106' title="bbox 2389 4639 3820 4719; baseline -0.014 -15"><span class='ocrx_word' id='word_1_727' title='bbox 2389 4652 2556 4705; x_wconf 79' lang='grc' dir='ltr'>Οὐδὲν</span> <span class='ocrx_word' id='word_1_728' title='bbox 2604 4648 2713 4719; x_wconf 80' lang='grc' dir='ltr'>ἄρα</span> <span class='ocrx_word' id='word_1_729' title='bbox 2762 4646 2864 4717; x_wconf 85' lang='grc' dir='ltr'>τῆς</span> <span class='ocrx_word' id='word_1_730' title='bbox 2914 4645 3255 4716; x_wconf 86' lang='grc' dir='ltr'>προφητείας</span> <span class='ocrx_word' id='word_1_731' title='bbox 3298 4644 3507 4711; x_wconf 77' lang='grc' dir='ltr'>ταύτης</span> <span class='ocrx_word' id='word_1_732' title='bbox 3536 4639 3820 4709; x_wconf 76' lang='grc' dir='ltr'>σαφέστερον.</span> 
     </span>
    </p>
   </div>
   <div class='ocr_carea' id='block_1_107' title="bbox 2330 4726 3823 4812">
    <p class='ocr_par' dir='ltr' id='par_1_107' title="bbox 2330 4726 3823 4812">
     <span class='ocr_line' id='line_1_107' title="bbox 2330 4726 3823 4812; baseline -0.018 -14"><span class='ocrx_word' id='word_1_733' title='bbox 2330 4742 2720 4812; x_wconf 82' lang='grc' dir='ltr'>Ἐκϐληθέντες</span> <span class='ocrx_word' id='word_1_734' title='bbox 2750 4740 2860 4810; x_wconf 76' lang='grc' dir='ltr'>γὰρ</span> <span class='ocrx_word' id='word_1_735' title='bbox 2888 4738 2987 4807; x_wconf 75' lang='grc' dir='ltr'>τῆς</span> <span class='ocrx_word' id='word_1_736' title='bbox 3024 4736 3381 4807; x_wconf 74' lang='grc' dir='ltr'>Ἰερουσαλὴμ</span> <span class='ocrx_word' id='word_1_737' title='bbox 3411 4738 3457 4787; x_wconf 90' lang='grc' dir='ltr'><strong>οἰ</strong></span> <span class='ocrx_word' id='word_1_738' title='bbox 3486 4733 3587 4787; x_wconf 87' lang='grc' dir='ltr'><strong>τῶν</strong></span> <span class='ocrx_word' id='word_1_739' title='bbox 3620 4726 3823 4782; x_wconf 76' lang='grc' dir='ltr'>Ἰουδαίων</span> 
     </span>
    </p>
   </div>
   <div class='ocr_carea' id='block_1_108' title="bbox 2318 4816 3822 4900">
    <p class='ocr_par' dir='ltr' id='par_1_108' title="bbox 2318 4816 3822 4900">
     <span class='ocr_line' id='line_1_108' title="bbox 2318 4816 3822 4900; baseline -0.013 -15"><span class='ocrx_word' id='word_1_740' title='bbox 2318 4831 2526 4893; x_wconf 87' lang='grc' dir='ltr'>παῖδες,</span> <span class='ocrx_word' id='word_1_741' title='bbox 2558 4829 2654 4883; x_wconf 74' lang='grc' dir='ltr'><strong>κιιύ⁸</strong></span> <span class='ocrx_word' id='word_1_742' title='bbox 2690 4831 2945 4900; x_wconf 81' lang='grc' dir='ltr'>πάροικοι</span> <span class='ocrx_word' id='word_1_743' title='bbox 2976 4826 3155 4895; x_wconf 82' lang='grc' dir='ltr'>πάσης</span> <span class='ocrx_word' id='word_1_744' title='bbox 3184 4827 3285 4895; x_wconf 79' lang='grc' dir='ltr'>τῆς</span> <span class='ocrx_word' id='word_1_745' title='bbox 3305 4825 3410 4894; x_wconf 83' lang='grc' dir='ltr'>γῆς</span> <span class='ocrx_word' id='word_1_746' title='bbox 3429 4824 3511 4878; x_wconf 84' lang='grc' dir='ltr'>διὰ</span> <span class='ocrx_word' id='word_1_747' title='bbox 3538 4821 3628 4891; x_wconf 79' lang='grc' dir='ltr'>τὴν</span> <span class='ocrx_word' id='word_1_748' title='bbox 3650 4821 3714 4878; x_wconf 83' lang='grc' dir='ltr'><strong>εἰς</strong></span> <span class='ocrx_word' id='word_1_749' title='bbox 3730 4816 3822 4882; x_wconf 78' lang='grc' dir='ltr'>Χρι-</span> 
     </span>
    </p>
   </div>
   <div class='ocr_carea' id='block_1_109' title="bbox 2320 4908 3818 4989">
    <p class='ocr_par' dir='ltr' id='par_1_109' title="bbox 2320 4908 3818 4989">
     <span class='ocr_line' id='line_1_109' title="bbox 2320 4908 3818 4989; baseline -0.011 -15"><span class='ocrx_word' id='word_1_750' title='bbox 2320 4922 2444 4975; x_wconf 85' lang='grc' dir='ltr'>στὸν</span> <span class='ocrx_word' id='word_1_751' title='bbox 2498 4918 2773 4989; x_wconf 82' lang='grc' dir='ltr'>ἁμαρτίαν</span> <span class='ocrx_word' id='word_1_752' title='bbox 2811 4917 3129 4987; x_wconf 83' lang='grc' dir='ltr'>γενόμενοι,</span> <span class='ocrx_word' id='word_1_753' title='bbox 3157 4915 3259 4985; x_wconf 84' lang='grc' dir='ltr'>τὴν</span> <span class='ocrx_word' id='word_1_754' title='bbox 3306 4915 3483 4967; x_wconf 87' lang='grc' dir='ltr'>αἰτίαν</span> <span class='ocrx_word' id='word_1_755' title='bbox 3526 4908 3818 4981; x_wconf 79' lang='grc' dir='ltr'>ἐρωτώμενοι.</span> 
     </span>
    </p>
   </div>
   <div class='ocr_carea' id='block_1_110' title="bbox 2320 4995 3818 5081">
    <p class='ocr_par' dir='ltr' id='par_1_110' title="bbox 2320 4995 3818 5081">
     <span class='ocr_line' id='line_1_110' title="bbox 2320 4995 3818 5081; baseline -0.009 -18"><span class='ocrx_word' id='word_1_756' title='bbox 2320 5010 2647 5081; x_wconf 84' lang='grc' dir='ltr'>κρύπτουσι,</span> <span class='ocrx_word' id='word_1_757' title='bbox 2679 5010 2773 5061; x_wconf 71' lang='grc' dir='ltr'>καὶ</span> <span class='ocrx_word' id='word_1_758' title='bbox 2801 5006 3077 5078; x_wconf 83' lang='grc' dir='ltr'>ἁμαρτίας</span> <span class='ocrx_word' id='word_1_759' title='bbox 3112 5005 3330 5077; x_wconf 80' lang='grc' dir='ltr'>ἐτέρας,</span> <span class='ocrx_word' id='word_1_760' title='bbox 3355 5006 3452 5074; x_wconf 78' lang='grc' dir='ltr'>τὴν</span> <span class='ocrx_word' id='word_1_761' title='bbox 3473 5002 3603 5057; x_wconf 81' lang='grc' dir='ltr'>κατὰ</span> <span class='ocrx_word' id='word_1_762' title='bbox 3628 4998 3705 5051; x_wconf 76' lang='grc' dir='ltr'><strong>τὸν</strong></span> <span class='ocrx_word' id='word_1_763' title='bbox 3725 4995 3818 5063; x_wconf 80' lang='grc' dir='ltr'>Χρι-</span> 
     </span>
    </p>
   </div>
   <div class='ocr_carea' id='block_1_111' title="bbox 2324 5086 3819 5171">
    <p class='ocr_par' dir='ltr' id='par_1_111' title="bbox 2324 5086 3819 5171">
     <span class='ocr_line' id='line_1_111' title="bbox 2324 5086 3819 5171; baseline -0.013 -15"><span class='ocrx_word' id='word_1_764' title='bbox 2324 5103 2450 5156; x_wconf 81' lang='grc' dir='ltr'>στὸν</span> <span class='ocrx_word' id='word_1_765' title='bbox 2486 5101 2822 5165; x_wconf 81' lang='grc' dir='ltr'>σιωπῶντες,</span> <span class='ocrx_word' id='word_1_766' title='bbox 2850 5098 3273 5171; x_wconf 80' lang='grc' dir='ltr'>προϐάλλονται.</span> <span class='ocrx_word' id='word_1_767' title='bbox 3301 5098 3491 5151; x_wconf 78' lang='grc' dir='ltr'>Καίτοι</span> <span class='ocrx_word' id='word_1_768' title='bbox 3525 5094 3647 5164; x_wconf 79' lang='grc' dir='ltr'>μήτε</span> <span class='ocrx_word' id='word_1_769' title='bbox 3667 5086 3819 5141; x_wconf 68' lang='grc' dir='ltr'>εἰδωλο-</span> 
     </span>
    </p>
   </div>
   <div class='ocr_carea' id='block_1_112' title="bbox 2322 5174 3818 5267">
    <p class='ocr_par' dir='ltr' id='par_1_112' title="bbox 2322 5174 3818 5267">
     <span class='ocr_line' id='line_1_112' title="bbox 2322 5174 3818 5267; baseline -0.009 -19"><span class='ocrx_word' id='word_1_770' title='bbox 2322 5194 2649 5267; x_wconf 89' lang='grc' dir='ltr'>λατροῦντες</span> <span class='ocrx_word' id='word_1_771' title='bbox 2695 5192 2814 5259; x_wconf 87' lang='grc' dir='ltr'>νῦν,</span> <span class='ocrx_word' id='word_1_772' title='bbox 2850 5196 2987 5264; x_wconf 87' lang='grc' dir='ltr'><strong>μὴτε</strong></span> <span class='ocrx_word' id='word_1_773' title='bbox 3038 5192 3329 5261; x_wconf 77' lang='grc' dir='ltr'>προφήτας</span> <span class='ocrx_word' id='word_1_774' title='bbox 3379 5185 3688 5259; x_wconf 80' lang='grc' dir='ltr'>φονεύοντες.</span> <span class='ocrx_word' id='word_1_775' title='bbox 3713 5174 3818 5267; x_wconf 53' lang='grc' dir='ltr'><strong>Κρέ-</strong></span> 
     </span>
    </p>
   </div>
   <div class='ocr_carea' id='block_1_113' title="bbox 2324 5265 3817 5356">
    <p class='ocr_par' dir='ltr' id='par_1_113' title="bbox 2324 5265 3817 5356">
     <span class='ocr_line' id='line_1_113' title="bbox 2324 5265 3817 5356; baseline -0.005 -16"><span class='ocrx_word' id='word_1_776' title='bbox 2324 5265 2516 5340; x_wconf 80' lang='grc' dir='ltr'>πτουσι</span> <span class='ocrx_word' id='word_1_777' title='bbox 2569 5287 2625 5339; x_wconf 82' lang='grc' dir='ltr'><strong>δὲ</strong></span> <span class='ocrx_word' id='word_1_778' title='bbox 2674 5286 2820 5350; x_wconf 90' lang='grc' dir='ltr'>τίνος</span> <span class='ocrx_word' id='word_1_779' title='bbox 2870 5286 3062 5356; x_wconf 84' lang='grc' dir='ltr'>χάριν;</span> <span class='ocrx_word' id='word_1_780' title='bbox 3092 5285 3209 5337; x_wconf 84' lang='grc' dir='ltr'>Ἵνα</span> <span class='ocrx_word' id='word_1_781' title='bbox 3264 5283 3342 5353; x_wconf 82' lang='grc' dir='ltr'>μὴ</span> <span class='ocrx_word' id='word_1_782' title='bbox 3400 5278 3722 5349; x_wconf 73' lang='grc' dir='ltr'>συγκρότησις</span> <span class='ocrx_word' id='word_1_783' title='bbox 3750 5265 3817 5332; x_wconf 50' lang='lat' dir='ltr'><strong>si:</strong></span> 
     </span>
    </p>
   </div>
   <div class='ocr_carea' id='block_1_114' title="bbox 2325 5365 3815 5449">
    <p class='ocr_par' dir='ltr' id='par_1_114' title="bbox 2325 5365 3815 5449">
     <span class='ocr_line' id='line_1_114' title="bbox 2325 5365 3815 5449; baseline -0.011 -17"><span class='ocrx_word' id='word_1_784' title='bbox 2325 5378 2602 5449; x_wconf 82' lang='grc' dir='ltr'>ἡμετέρας</span> <span class='ocrx_word' id='word_1_785' title='bbox 2634 5378 2875 5439; x_wconf 86' lang='grc' dir='ltr'>πίστεως</span> <span class='ocrx_word' id='word_1_786' title='bbox 2912 5378 2945 5446; x_wconf 91' lang='grc' dir='ltr'><strong>ἡ</strong></span> <span class='ocrx_word' id='word_1_787' title='bbox 2994 5375 3126 5445; x_wconf 82' lang='grc' dir='ltr'>παρ’</span> <span class='ocrx_word' id='word_1_788' title='bbox 3152 5373 3336 5426; x_wconf 77' lang='grc' dir='ltr'>αὐτῶν</span> <span class='ocrx_word' id='word_1_789' title='bbox 3362 5369 3606 5442; x_wconf 83' lang='grc' dir='ltr'>ὁμολογία</span> <span class='ocrx_word' id='word_1_790' title='bbox 3630 5365 3815 5432; x_wconf 69' lang='grc' dir='ltr'>γένηται-</span> 
     </span>
    </p>
   </div>
   <div class='ocr_carea' id='block_1_115' title="bbox 2326 5455 3814 5538">
    <p class='ocr_par' dir='ltr' id='par_1_115' title="bbox 2326 5455 3814 5538">
     <span class='ocr_line' id='line_1_115' title="bbox 2326 5455 3814 5538; baseline -0.011 -14"><span class='ocrx_word' id='word_1_791' title='bbox 2326 5469 2505 5525; x_wconf 78' lang='grc' dir='ltr'><strong>Αὺτοί</strong></span> <span class='ocrx_word' id='word_1_792' title='bbox 2541 5468 2655 5535; x_wconf 74' lang='grc' dir='ltr'><strong>τὴν</strong></span> <span class='ocrx_word' id='word_1_793' title='bbox 2685 5466 2951 5536; x_wconf 75' lang='grc' dir='ltr'>πτέρναν</span> <span class='ocrx_word' id='word_1_794' title='bbox 2960 5484 3080 5538; x_wconf 86' lang='grc' dir='ltr'><strong>μου</strong></span> <span class='ocrx_word' id='word_1_795' title='bbox 3114 5465 3477 5537; x_wconf 64' lang='grc' dir='ltr'>φυλάξουσι,</span> <span class='ocrx_word' id='word_1_796' title='bbox 3506 5455 3814 5531; x_wconf 76' lang='grc' dir='ltr'>φησίν.⁹Ερευο</span> 
     </span>
    </p>
   </div>
   <div class='ocr_carea' id='block_1_116' title="bbox 2329 5546 3813 5629">
    <p class='ocr_par' dir='ltr' id='par_1_116' title="bbox 2329 5546 3813 5629">
     <span class='ocr_line' id='line_1_116' title="bbox 2329 5546 3813 5629; baseline -0.003 -18"><span class='ocrx_word' id='word_1_797' title='bbox 2329 5560 2491 5612; x_wconf 87' lang='grc' dir='ltr'>νῶσιν</span> <span class='ocrx_word' id='word_1_798' title='bbox 2514 5560 2622 5629; x_wconf 81' lang='grc' dir='ltr'><strong>γὰρ</strong></span> <span class='ocrx_word' id='word_1_799' title='bbox 2645 5558 2804 5629; x_wconf 87' lang='grc' dir='ltr'>ἡμῶν</span> <span class='ocrx_word' id='word_1_800' title='bbox 2833 5558 3078 5612; x_wconf 84' lang='grc' dir='ltr'>Ἰουδαῖοι</span> <span class='ocrx_word' id='word_1_801' title='bbox 3097 5557 3192 5610; x_wconf 74' lang='grc' dir='ltr'>καὶ</span> <span class='ocrx_word' id='word_1_802' title='bbox 3216 5557 3277 5609; x_wconf 80' lang='grc' dir='ltr'>τὸ</span> <span class='ocrx_word' id='word_1_803' title='bbox 3299 5559 3455 5626; x_wconf 73' lang='grc' dir='ltr'>τυχὸν</span> <span class='ocrx_word' id='word_1_804' title='bbox 3479 5546 3813 5622; x_wconf 57' lang='grc' dir='ltr'>πλημμέλημν</span> 
     </span>
    </p>
   </div>
   <div class='ocr_carea' id='block_1_117' title="bbox 2330 5632 3811 5720">
    <p class='ocr_par' dir='ltr' id='par_1_117' title="bbox 2330 5632 3811 5720">
     <span class='ocr_line' id='line_1_117' title="bbox 2330 5632 3811 5720; baseline -0.011 -18"><span class='ocrx_word' id='word_1_805' title='bbox 2330 5650 2422 5702; x_wconf 70' lang='grc' dir='ltr'><strong>καὶ</strong></span> <span class='ocrx_word' id='word_1_806' title='bbox 2460 5649 2602 5703; x_wconf 72' lang='grc' dir='ltr'>οὓτω</span> <span class='ocrx_word' id='word_1_807' title='bbox 2627 5652 2843 5719; x_wconf 85' lang='grc' dir='ltr'>νοήσεις</span> <span class='ocrx_word' id='word_1_808' title='bbox 2873 5650 3010 5720; x_wconf 83' lang='grc' dir='ltr'>ὅπερ</span> <span class='ocrx_word' id='word_1_809' title='bbox 3041 5651 3069 5703; x_wconf 93' lang='grc' dir='ltr'><strong>ό</strong></span> <span class='ocrx_word' id='word_1_810' title='bbox 3098 5648 3231 5712; x_wconf 81' lang='grc' dir='ltr'>Θεὸς</span> <span class='ocrx_word' id='word_1_811' title='bbox 3259 5648 3392 5719; x_wconf 79' lang='grc' dir='ltr'>πρὸς</span> <span class='ocrx_word' id='word_1_812' title='bbox 3427 5646 3510 5700; x_wconf 69' lang='grc' dir='ltr'>τὸν</span> <span class='ocrx_word' id='word_1_813' title='bbox 3535 5643 3641 5713; x_wconf 76' lang='grc' dir='ltr'>ὅφιν</span> <span class='ocrx_word' id='word_1_814' title='bbox 3667 5632 3811 5704; x_wconf 72' lang='grc' dir='ltr'>ἐφοέγο</span> 
     </span>
    </p>
   </div>
  </div>
