4032 6424
218 407 363 471 1225

1359 401 1819 462 FRAGMENTA
1856 401 1939 461 IN
1975 401 2335 465 PSALMOS.

3326 413 3459 479 1226

197 543 367 596 γετοο
398 526 590 592 Αὐτός
614 541 732 581 σου
759 528 1005 597 τηρήσει
1032 524 1328 594 κεφαλὴν,
1355 523 1452 576 καὶ
1490 522 1570 576 σὺ
1601 524 1780 589 τηρή-

1901 520 2268 576 ralcaneum“.
2311 521 2422 575 Nos
2468 533 2651 577 autem
2682 526 2800 595 ejus
2825 538 2988 595 caput
3009 567 3023 591 ,
3059 544 3253 599 nempe
3286 531 3457 588 idolo-

197 637 340 683 σεις
370 617 557 672 αὑτοῦ
587 617 869 687 πτέρναν.
885 619 1079 687 Ἡμεῖς
1104 617 1160 670 δὲ
1190 613 1355 669 αὐτοῦ
1391 614 1488 683 τὴν
1523 614 1785 684 κεφαλὴν,

201 710 415 782 δηλαδὴ
462 710 563 779 τὴν
604 709 1043 779 είδωλολατρίαν,
1071 710 1259 779 τηρεῖν
1291 707 1398 777 πρὸ
1429 708 1648 760 πάντων
1700 723 1791 758 κε-

200 802 507 873 λευόμεθα,
539 801 907 870 φυλάττεσθαι
943 802 1000 854 δὲ
1027 802 1177 870 ὅμως
1202 800 1295 853 καλ⁸
1321 799 1388 851 τὰ
1418 799 1578 851 λοιπὰ
1610 800 1790 868 ἁμαρ-

202 896 279 964 τή
293 912 457 965 ματα,
484 893 587 947 κᾶν
610 893 814 961 έσχατα
838 893 1105 963 τυγχάνῃ,
1134 891 1232 944 κᾶν
1258 890 1448 960 εὐτελῆ
1474 883 1614 941 εἶναι
1634 889 1787 957 δοκῇ,

204 986 356 1040 ὥστε
419 987 658 1056 πτέρναν
711 985 1063 1056 νομίζεσθαι’
1125 983 1425 1053 ἐπειδήπερ
1483 981 1797 1051 παρατηρεῖ

207 1080 390 1132 ταῦτα
418 1078 446 1130 ὁ
478 1076 688 1146 ἐχθρὸς,
728 1076 1033 1130 διαϐάλλειν
1068 1078 1215 1147 ἡμᾶς
1245 1074 1320 1142 τῷ
1357 1074 1540 1145 κριτῇ.
1567 1072 1675 1124 Καὶ
1705 1068 1793 1122 διὰ

210 1171 330 1223 τῶν
352 1168 623 1239 τυχόντων
653 1168 996 1237 βουλόμενος.
1029 1167 1236 1220 Οὐκοῦν
1270 1168 1329 1218 οὐ
1357 1166 1486 1236 περὶ
1516 1163 1626 1217 τῶν
1662 1162 1794 1216 Ἰου-

210 1265 387 1316 δαίων
421 1262 619 1333 μόνων,
651 1262 788 1314 ἀλλὰ
817 1262 909 1314 καὶ
944 1260 1205 1331 περὶτῶν
1230 1259 1399 1322 ὅντως
1441 1256 1650 1328 ἐχθρῶν
1683 1256 1792 1309 τῶν

210 1351 487 1420 δαιμόνων
537 1349 725 1404 τοῦτον
771 1350 1033 1421 ἁρμόττει
1084 1349 1176 1402 τὸν
1230 1348 1408 1417 στίχον
1458 1346 1793 1415 ἐκλαμϐάνε-

214 1446 345 1497 σθαι
369 1461 383 1475 °
419 1445 541 1497 καθ’
562 1444 620 1497 ὃν
648 1444 906 1515 ἁρμόττει
937 1445 1029 1496 καὶ
1058 1444 1125 1496 τά
1154 1442 1279 1510 ἑξῆς
1309 1442 1683 1511 ἐπιφέρεσθαι.

302 1537 498 1590 ιἝθου
535 1536 602 1589 τὰ
634 1536 845 1608 δάκρυά
880 1553 981 1607 μου
1012 1535 1241 1589 ἐνώπιόν
1268 1551 1384 1587 σου.
1414 1552 1432 1584 ι

293 1716 569 1783 Μακάριοι
607 1708 681 1768 ὧν
710 1717 739 1769 ὁ
772 1714 905 1776 Θεὸς
959 1713 1028 1767 τὰ
1072 1712 1284 1783 δάκρυα
1327 1712 1569 1781 δέχεται·
1609 1727 1789 1781 παρα-

216 1808 377 1860 καλεῖ
405 1806 513 1877 γὰρ
539 1806 721 1859 αὐτῶν
751 1807 818 1858 τὰ
854 1804 1025 1876 πάθη,
1057 1804 1309 1873 καθάπερ
1338 1803 1427 1857 διὰ
1450 1803 1547 1872 τῆς
1582 1802 1789 1864 οἰκείας

1893 608 2125 674 Iatriam,
2159 610 2455 666 observare
2485 622 2611 668 ante
2637 615 2818 669 omnia
2842 615 3130 684 jubemur;
3186 620 3346 677 simul
3376 632 3459 677 ta-

1891 716 2015 756 men
2046 703 2207 756 etiam
2237 719 2432 758 cavere
2460 706 2663 776 reliqua
2690 717 2930 775 peccata,
2957 714 3306 780 quantumvis
3354 716 3459 770 mi-

1891 793 2036 847 nima
2083 797 2366 860 exsistam,
2396 800 2745 866 quantumvis
2776 800 2914 856 levia
2946 805 3252 870 videantur,
3289 809 3360 863 ita
3403 821 3462 868 ut

1892 886 2205 941 calcancum
2258 898 2612 957 reputentur;
2645 895 3080 964 quandoquidem
3128 899 3300 954 hostis
3348 903 3462 960 haec

1892 977 2179 1043 observet,
2206 980 2396 1034 volens
2424 981 2494 1035 ob
2516 997 2850 1054 quaecunque
2883 987 3046 1042 etiam
3075 1005 3176 1043 nos
3208 994 3348 1061 apud
3371 995 3461 1063 ju-

1891 1070 2066 1125 dicem
2104 1072 2408 1131 traducere.
2448 1072 2631 1145 Itaque
2675 1092 2784 1131 non
2829 1078 2882 1132 in
2925 1079 3141 1136 Judazos
3171 1086 3333 1151 solos,
3368 1088 3461 1142 sed

1894 1162 1948 1216 in
1994 1163 2247 1220 inimicos
2288 1180 2477 1221 revera
2507 1168 2782 1224 daemones
2809 1173 3111 1229 versiculus
3151 1178 3312 1231 etiam
3360 1179 3463 1236 iste

1891 1255 2161 1323 quadrare
2191 1260 2467 1326 putandus
2505 1270 2621 1328 est;
2680 1263 2766 1317 cui
2825 1279 3127 1321 consonum
3181 1271 3462 1339 sequentia

1891 1359 2108 1413 quoque
2138 1346 2417 1420 subiungi.

1961 1522 2121 1578 Vens.
2157 1526 2210 1580 9.
2258 1546 2275 1578 ι
2312 1527 2545 1585 Posuisti
2589 1532 2853 1604 lacrymas
2900 1552 3047 1592 meas
3080 1540 3133 1592 in
3169 1554 3463 1612 conspectu

1892 1620 2005 1665 ιιιο.
2034 1631 2052 1664 ι

1962 1705 2114 1760 Beati
2165 1725 2393 1778 quorum
2430 1712 2696 1786 lacrymas
2725 1717 2867 1773 Deus
2905 1721 3141 1778 admittit
3172 1743 3184 1777 :
3213 1728 3466 1783 consola-

1894 1809 1982 1855 tur
2009 1802 2157 1858 enim
2183 1820 2369 1860 eorum
2402 1810 2703 1879 passiones,
2730 1815 3186 1882 quemadmodum
3220 1834 3316 1888 per
3340 1838 3466 1890 pro-

217 1870 558 1966 ἐπαγγελίας
584 1898 871 1967 ὑπέσχετο.
909 1870 1007 1959 Τίς
1049 1896 1106 1948 δὲ
1156 1898 1189 1966 ἠ
1223 1870 1557 1963 ἐπαγγελίας
1591 1891 1796 1947 Μακά-

1901 1891 2070 1960 priam
2100 1870 2517 1962 promissionem
2540 1870 2814 1970 pollicitus
2840 1903 2961 1959 fuit.
2988 1903 3120 1972 Quae
3146 1870 3466 1965 auiemrhaac

209 2007 334 2058 ριοι
366 1992 419 2044 οι
446 1988 835 2053 πενθοῦντες,
886 1987 974 2041 ὅτι
1004 1986 1175 2040 αὐτοὶ
1203 1983 1791 2055 παρακληθήσονται.

792 2149 1086 2204 ΨΑΛΜΟΣ
1114 2148 1228 2203 ΞΔ⁹.

301 2266 319 2297 ι
348 2245 680 2314 Εὑλογήσεις
709 2244 798 2296 τὸν
827 2243 1091 2313 στέφανον
1118 2240 1213 2295 τοῦ
1252 2239 1519 2294 ἐνιαυτοῦ.
1550 2259 1569 2292 ι

298 2338 497 2391 ’ἰστέον
526 2337 603 2401 δέ,
639 2335 714 2399 ὣς
742 2353 886 2399 τινες
914 2335 1021 2389 τῶν
1053 2332 1414 2404 συγγραφέων
1449 2331 1587 2403 μετὰ
1614 2332 1710 2402 τὴν
1736 2332 1798 2384 ἐκ

231 2431 548 2493 Βαϐυλῶνος
598 2430 855 2483 ἐπάνοδον
906 2428 1195 2499 εὐετηρίαν
1237 2426 1445 2493 ἔφασαν
1493 2425 1796 2493 γεγονέναι,

238 2527 334 2577 καὶ
360 2523 553 2593 πλῆθος
575 2522 823 2593 ὄμϐρων,
850 2522 947 2575 καὶ
977 2522 1143 2575 πολὺν
1167 2519 1358 2591 ῥεῦσαι
1380 2519 1473 2572 τὸν
1507 2519 1797 2589 Ἰορδάνην,

239 2618 297 2670 ὃν
324 2617 523 2683 ἔφασαν
550 2616 804 2685 είρῆσθαι
830 2614 925 2667 τοῦ
955 2612 1088 2667 θεοῦ
1118 2612 1361 2681 ποταμόν
1381 2628 1395 2641 ο
1434 2610 1609 2664 καίτοι
1640 2626 1799 2677 γεγο-

236 2710 400 2761 νότων
437 2709 494 2760 ἐν
538 2707 767 2777 πλείστῃ
809 2706 993 2776 πενίᾳ,
1022 2703 1276 2774 καθάπερ
1300 2701 1531 2772 Ἔσδρας
1574 2700 1799 2764 ἐδίδαξε,

232 2800 326 2851 καὶ
362 2801 461 2870 τῆς
493 2799 601 2852 τῶν
632 2796 802 2851 ἐθνῶν
836 2795 1081 2864 κλήσεως
1111 2792 1446 2862 ἀπαιτούσης
1470 2833 1484 2856 ,
1532 2789 1804 2844 ἀκόλουθα

228 2892 300 2945 τὰ
330 2892 495 2945 λοιπὰ
529 2890 621 2943 τοῦ
651 2887 890 2959 ψαλμοῦ.
923 2888 986 2940 υί
1021 2886 1078 2940 δὲ
1110 2884 1351 2957 μυθικῶς
1383 2900 1547 2951 φασιν
1583 2881 1802 2935 ἔσεσθαι

228 2984 408 3040 ταῦτα
443 2984 579 3054 μετὰ
613 2983 712 3053 τὴν
746 2980 1017 3034 Ἰουδαίων
1041 2981 1100 3031 ἐν
1128 2978 1377 3048 ἐσχάτοις
1409 2974 1706 3047 ᾁνάκλησιν
1727 2976 1805 3028 ot-

234 3072 753 3145 κοδομηθησομένης
782 3071 880 3140 τῆς
915 3066 1290 3138 Ἰερουσαλήμ.

793 3290 1086 3345 ΨΑΛΜΟΣ
1120 3290 1239 3345 ΞΕ’.

317 3407 337 3439 ι
368 3389 566 3440 Εἴπατε
591 3385 668 3457 τῷ
697 3383 814 3455 Θεῷ
832 3400 845 3412 ·
879 3384 967 3446 Ὠς
995 3382 1220 3452 φοϐερά.
1247 3399 1266 3434 ι

308 3463 626 3554 Οὖτιιίγὰρ
670 3481 748 3549 τῷ
796 3479 1017 3550 μεγέθει
1058 3479 1166 3532 τῶν
1219 3478 1348 3549 περὶ
1380 3475 1474 3531 σοῦ
1504 3477 1803 3547 γινομένων

234 3574 633 3645 περιϐλέπτους
677 3574 975 3642 ἀποφανεῖς
1017 3571 1143 3635 τούς
1186 3588 1269 3624 σοι
1303 3571 1698 3640 προσήκοντας,
1727 3567 1803 3630 ὡς

236 3665 468 3728 πολλοὺς
490 3664 585 3718 καὶ
614 3664 723 3717 τῶν
753 3664 1008 3717 ἐναντίων
1033 3662 1421 3732 ὑποκρίνεσθαι
1442 3660 1803 3731 ψευδομένους

233 3758 333 3828 τὴν
367 3756 465 3827 σὴν
510 3755 781 3810 δουλείανο
813 3756 972 3809 τοῦτο
1000 3754 1056 3808 δέ
1084 3754 1328 3823 γέγονεν,
1362 3755 1451 3807 ὅτε
1499 3754 1595 3807 καὶ
1644 3769 1803 3823 περι-

235 3850 510 3921 τμηθῆναι
541 3849 725 3903 πολλοὶ
754 3850 863 3902 τῶν
892 3849 1149 3902 ἐναντίων
1182 3846 1490 3916 ἠνέσχοντο,
1516 3844 1801 3915 ὐποκρινό-

240 3943 499 4014 μενοιτδν
539 3943 890 4013 Ἰουδαῖσμόν.
931 3943 1039 3994 Καὶ
1064 3939 1252 3994 τούτου
1279 3940 1486 4011 μάρτυς
1500 3938 1806 4007 Ἰὼσηππος

236 4041 293 4091 ἐν
317 4040 384 4109 τῇ
421 4043 489 4090 ια’
519 4037 619 4107 τῆς
662 4035 1130 4106 Ἀρχαιολογὶας,
1183 4034 1253 4087 τὰ
1308 4032 1450 4087 κατὰ
1477 4033 1569 4086 τὸν
1599 4030 1807 4101 Μαρδο-

236 4135 385 4202 χαῖον
415 4129 795 4200 διηγούμενος,
831 4132 927 4183 καὶ
953 4129 1127 4197 λέγων
1157 4127 1330 4190 οὕτως
1348 4144 1361 4157 ·
1385 4128 1447 4180 Οἱ
1481 4125 1580 4196 μὲν
1606 4121 1697 4178 οὖν
1726 4126 1808 4177 ἱπ-

237 4225 357 4285 πεῖς
391 4225 439 4275 οί
466 4223 565 4286 τὰς
593 4222 881 4285 ἐπιστολὰς
913 4220 1344 4291 διακομίζοντες,
1381 4218 1543 4283 εὐθὺς
1574 4219 1805 4289 ἐξορμή-

240 4332 450 4378 σαντες,
463 4316 561 4385 τὴν
582 4314 950 4385 προκειμένην
969 4313 1086 4365 ὁδὸν
1103 4312 1264 4383 ἤνυον
1281 4325 1295 4339 ⁸
1312 4312 1340 4363 ό
1363 4310 1418 4364 δὲ
1439 4310 1804 4381 Μαρδοχαῖος,

238 4404 525 4460 ἀναλαϐὼν
543 4406 643 4475 τὴν
665 4404 950 4475 βασιλικὴν
973 4401 1187 4473 στολὴν,
1205 4402 1411 4456 καὶτὸν
1433 4402 1693 4469 στέφανον
1714 4402 1808 4453 τὺν

238 4496 493 4566 χρυσοῦν,
527 4500 621 4550 καὶ
656 4496 749 4549 τὸν
788 4494 1054 4567 στρεπτὸν
1088 4493 1464 4563 περιθέμενος,
1500 4493 1803 4563 προῆλθεν

1896 1985 2229 2053 promissio?
2260 1988 2415 2045 Beati
2444 1994 2534 2061 qui
2563 1993 2776 2065 lugent,
2811 1999 3060 2067 quoniam
3103 2001 3205 2069 ipsi
3231 2004 3467 2057 consola-

1898 2076 2168 2131 buntur".

2421 2152 2736 2211 PSALMUS
2773 2157 2956 2214 LXIV.

1972 2241 2129 2295 Vens.
2165 2242 2246 2296 1‘2.
2295 2263 2315 2295 ι
2347 2244 2641 2302 Benedices
2669 2266 2882 2307 coronae
2909 2255 3059 2308 anni.
3096 2274 3113 2306 ι

1971 2333 2141 2389 Porro
2184 2338 2504 2402 sciendum,
2548 2345 2823 2410 quomodo
2874 2350 3122 2415 nonnulli
3177 2355 3470 2423 scriptores

1901 2435 2024 2493 post
2054 2426 2286 2483 reditum
2335 2446 2368 2485 e
2412 2431 2683 2502 Babylone
2714 2450 2938 2493 narrent
2976 2441 3311 2500 uberrimum
3340 2449 3469 2503 anni

1901 2528 2227 2587 proventum
2281 2523 2581 2586 exstitisse.
2626 2537 2683 2582 et
2742 2530 3087 2589 abundantes
3143 2534 3369 2602 imbres,
3416 2550 3470 2593 et

1901 2624 2152 2679 magnam
2186 2610 2438 2669 Jordanis
2464 2616 2897 2689 inundationem,
2928 2641 3091 2694 quem
3129 2627 3225 2682 Dei
3270 2628 3468 2685 ﬂumen

1902 2702 2085 2755 vocari
2140 2704 2480 2761 tradiderunt
2524 2726 2538 2763 :
2585 2723 2959 2770 verumtamen
3002 2734 3126 2773 cum
3173 2721 3230 2775 in
3277 2738 3470 2792 magna

1904 2792 2135 2861 penuria
2161 2798 2362 2852 versati
2396 2798 2621 2863 fuerint,
2658 2805 2735 2857 uti
2765 2804 2962 2862 Esdras
3002 2802 3215 2875 ﬂocuit,
3244 2822 3299 2867 et
3343 2832 3472 2888 gen-

1904 2882 2040 2936 tium
2069 2885 2276 2940 vocatio
2306 2900 2604 2958 appeteret,
2639 2893 2766 2949 huic
2803 2896 3009 2968 reliqua
3037 2916 3249 2971 quoque
3278 2882 3470 2974 psalmi

1904 2978 2360 3034 accommodanda
2411 2992 2557 3037 sunt.
2600 2984 2869 3043 Caeterum
2919 3000 3047 3045 sunt
3096 2996 3186 3063 qui
3227 2994 3470 3053 fabulose

1905 3066 2089 3122 dicant
2138 3069 2254 3127 fore
2292 3085 2415 3144 post
2441 3076 2557 3133 haec
2580 3078 2890 3137 Judasorum
2928 3086 3029 3140 sub
3065 3098 3302 3145 extrema
3332 3074 3467 3147 teni-

1907 3173 2037 3227 pora
2061 3166 2463 3222 revocationem
2495 3178 2550 3225 et
2585 3170 2970 3246 Hierosolyma:
2999 3178 3463 3239 instaurationem.

2435 3279 2747 3339 PSALMUS
2787 3285 2943 3339 LXV.

1974 3360 2135 3417 Vens.
2169 3365 2224 3419 5.
2271 3385 2290 3417 ι
2322 3366 2490 3425 Dicite
2518 3372 2629 3427 Deo
2663 3392 2674 3427 :
2711 3374 2883 3442 Quam
2919 3382 3200 3437 terribilia.
3233 3404 3251 3435 ι

1972 3454 2122 3513 Adeo
2163 3460 2307 3515 enim
2337 3466 2711 3536 magnitudine
2741 3487 2922 3527 rerum
2959 3490 2988 3527 a
3021 3485 3070 3528 te
3101 3482 3469 3546 gestarum,“-

1903 3543 2103 3604 lustres
2130 3551 2409 3609 reddidisti
2442 3572 2536 3612 eos
2564 3560 2657 3629 qui
2688 3570 2740 3616 te
2770 3543 3190 3635 contingebant,
3220 3582 3279 3625 ut
3311 3576 3469 3630 multi

1904 3636 2065 3692 etiam
2117 3641 2548 3702 adversariorum
2594 3651 2917 3709 simularent
2959 3666 3104 3713 tuam
3155 3664 3469 3721 servitutem

1906 3733 2233 3791 mentientes
2267 3755 2280 3791 :
2316 3739 2423 3796 hoc
2464 3752 2646 3798 autem
2696 3747 2958 3819 contigit,
2984 3755 3205 3821 quando
3253 3757 3467 3826 plurimi

1904 3823 2341 3885 adversariorum
2363 3847 2423 3888 se
2447 3834 2762 3894 circumcidi
2790 3842 2935 3910 passi
2963 3856 3111 3911 sunt,
3132 3846 3467 3905 Judaismum

1905 3913 2241 3973 simulantes.
2271 3921 2448 3994 Atque
2482 3927 2645 3997 hujus
2673 3932 2753 3986 rei
2790 3934 2944 3988 testis
2978 3946 3070 3990 est
3100 3937 3369 4009 Josephus
3410 3943 3470 3995 li-

1904 4005 2005 4061 bro
2050 4011 2338 4068 undecimo
2371 4019 2777 4089 Antiquitatum,
2809 4023 3130 4084 Mardochaei
3161 4005 3279 4086 acta
3320 4048 3469 4089 com—

1906 4092 2237 4168 memorans,
2269 4115 2323 4159 et
2348 4108 2535 4165 dicens
2585 4112 2640 4167 in
2688 4115 2837 4171 hunc
2885 4120 3104 4175 modum
3138 4141 3151 4175 :
3190 4121 3468 4181 Vercdarii

1907 4193 2112 4264 itaque,
2144 4197 2236 4267 qui
2277 4200 2377 4256 has
2411 4204 2669 4272 epistolas
2702 4209 3038 4277 deferebant,
3078 4215 3222 4271 illico
3251 4219 3471 4288 proiici-

1908 4297 2141 4355 scentes,
2169 4292 2507 4361 propositum
2539 4297 2643 4351 iter
2670 4299 3058 4370 confecerunt;
3103 4306 3471 4367 Mardocbaeus

1908 4393 2059 4445 vero,
2090 4395 2374 4438 assumens
2399 4386 2589 4441 stolam
2629 4390 2830 4459 regiam
2860 4400 2915 4446 et
2939 4409 3192 4451 coronam
3225 4414 3466 4463 auream,

1909 4486 1972 4525 ac
2006 4481 2249 4542 torquem
2274 4476 2720 4547 circumpunens,
2752 4485 3020 4552 processit
3056 4504 3070 4539 :
3107 4488 3352 4545 videntes
3377 4507 3474 4546 au-

243 4565 441 4651 ίδόντες
472 4588 527 4640 δὲ
558 4587 718 4640 αὑτὸν
743 4565 886 4639 οὕτω
906 4585 1267 4655 τετιμημένον
1295 4583 1399 4636 ὑπὸ
1424 4582 1517 4635 τοῦ
1545 4582 1799 4653 βασιλέως

1910 4573 2016 4617 tem
2045 4565 2221 4635 ipsum
2252 4569 2387 4623 adeo
2422 4572 2745 4628 honoratum
2775 4591 2804 4629 a
2838 4592 2962 4648 rege
3002 4580 3055 4633 hi
3104 4582 3193 4649 qui
3226 4582 3278 4635 in
3319 4583 3471 4639 Susis

238 4679 287 4730 οί
329 4680 386 4730 ἐν
437 4677 656 4739 Σούσοις
700 4677 853 4735 ὄντες
882 4676 1143 4739 Ἰουδαῖοι,
1175 4676 1359 4745 κοινὴν
1407 4674 1674 4727 ὑπέλαϐον
1707 4676 1803 4745 τὴν

239 4768 563 4838 εὐπραγίαν.
594 4769 782 4837 Χαρὰν
806 4768 862 4820 δὲ
890 4770 983 4819 κα)⁵
1008 4767 1275 4843 σωτήριον
1299 4765 1498 4834 φέγγος
1526 4765 1807 4835 ἐκτιθεμέ-

236 4879 345 4915 νων
379 4862 485 4913 τῶν
522 4859 615 4912 τοῦ
655 4860 916 4929 βασιλέως
945 4860 1311 4928 γραμμάτων,
1346 4858 1441 4910 καὶ
1491 4858 1618 4920 τοὺς
1664 4857 1806 4909 κατὰ

237 4955 395 5007 πόλιν
424 4954 533 5005 τῶν
567 4953 834 5006 Ἰουδαίων
866 4953 959 5004 καλ⁵
988 4952 1112 5013 τοὺς
1143 4951 1284 5003 κατὰ
1308 4950 1492 5020 χώραν
1522 4949 1802 5019 κατέσχον*

239 5046 313 5105 ὡς
336 5042 507 5097 πολλὰ
529 5045 623 5097 καὶ
645 5042 753 5094 τῶν
773 5042 948 5095 ἄλλων
966 5041 1135 5094 ἐθνῶν
1157 5040 1383 5112 διὰ[τδν]
1405 5041 1513 5093 τῶν
1539 5040 1807 5093 Ἰουδαίων

239 5134 404 5204 φόϐον
433 5134 870 5204 περιτεμνόμενα
898 5134 997 5204 τὴν
1024 5132 1177 5196 αίδὼ,
1221 5132 1282 5185 τὸ
1315 5132 1595 5186 ἀκίνδυνον
1623 5132 1807 5195 αὐτοῖς

238 5229 300 5279 ἐκ
329 5227 517 5279 τούτου
546 5226 1067 5297 πραγματευόμενα.

318 5319 466 5371 «Ὅτι
496 5318 822 5387 ἐδοκίμασας
859 5318 1026 5387 ἡμᾶς,
1055 5319 1083 5369 ό
1113 5315 1262 5378 Θεός.
1294 5335 1313 5367 ι

314 5410 604 5481 Βουληθεὶς
634 5412 743 5478 γὰρ
777 5410 909 5462 πᾶσι
931 5408 1102 5473 δεῖξαι
1130 5410 1191 5461 τὸ
1221 5409 1319 5476 τῆς
1352 5406 1509 5477 ἡμῶν
1528 5407 1808 5472 εὐσεϐείας

238 5503 547 5573 ἀκίϐδηλον,
582 5501 756 5553 ταῦτα
784 5500 975 5553 παθεῖν
1014 5499 1421 5571 συνεχώρησας.

796 5614 1083 5666 ΨΑΛΜΟΣ
1114 5613 1249 5679 εσυ.

317 5726 337 5761 ι
361 5707 419 5759 '0
454 5706 584 5769 Θεὸς
609 5707 952 5776 οἰκτειρὴσαι
982 5706 1148 5775 ἡμᾶς.
1183 5725 1201 5756 ι

314 5864 359 5894 ⁸⁶
389 5861 525 5917 Gen.
562 5878 643 5922 ιιι.
675 5862 761 5915 15.
838 5862 880 5892 ⁸⁷
909 5861 1099 5916 Matth.
1130 5875 1183 5921 v,
1208 5861 1262 5913 5.

606 5956 872 6017 ΡΑτιιοι..
916 5957 1032 6016 Gn.
1078 5952 1291 6015 XCIII.

1904 4667 2062 4711 erant
2102 4659 2295 4727 Judaei,
2330 4661 2643 4720 felicitatem
2679 4684 2798 4722 eam
2828 4670 2932 4724 sibi
2980 4686 3324 4727 communem
3352 4692 3472 4731 esse

1904 4749 2149 4803 arbitrati
2179 4762 2325 4806 sunt.
2354 4754 2549 4824 Ingens
2575 4769 2835 4827 prteterea
2861 4762 3136 4831 gaudium,
3156 4767 3309 4833 quasi
3333 4782 3471 4821 nova

1905 4840 2092 4895 salutis
2117 4842 2237 4897 luce
2261 4844 2619 4910 oborta,dum
2647 4850 2804 4921 regite
2833 4852 3029 4908 litterae
3057 4857 3468 4923 exhiberentur,

1905 4929 2120 4987 Iudaeos
2164 4949 2375 5001 omnes,
2405 4947 2673 5008 quotquot
2720 4944 2803 4996 vel
2852 4944 3041 5000 urbem
3066 4947 3151 5002 vel
3197 4948 3473 5019 regionem

1912 5021 2247 5088 incolebant,
2280 5030 2601 5098 occupavit;
2635 5030 2709 5085 ita
2756 5043 2817 5086 ut
2865 5036 3021 5090 multi
3069 5038 3297 5092 aliarum
3346 5055 3471 5111 gen-

1913 5114 2049 5169 tium
2079 5126 2227 5171 metu
2270 5133 2461 5173 eorum
2492 5120 2946 5181 circumcidentes
2979 5131 3236 5195 verenda,
3268 5133 3473 5186 securi-

1916 5214 2077 5261 tatem
2114 5210 2215 5263 sibi
2244 5211 2347 5265 hoc
2371 5221 2526 5281 pacto
2557 5227 2881 5283 quaererent.

1985 5299 2143 5354 Vens.
2178 5301 2263 5355 10.
2312 5321 2329 5354 ι
2363 5304 2630 5370 Quoniam
2670 5309 2911 5376 probasti
2935 5326 3057 5378 nos,
3094 5312 3253 5368 Deus.
3278 5334 3296 5364 ι

1982 5392 2120 5447 Cum
2166 5395 2313 5449 enim
2356 5398 2609 5452 omnibus
2654 5399 2930 5470 religionis
2963 5414 3164 5458 nostra:
3191 5405 3476 5460 sincerita-

1916 5496 2022 5541 tem
2062 5488 2437 5545 demonstrare
2476 5492 2662 5555 velles,
2691 5493 2808 5547 haec
2836 5510 2936 5550 nos
2959 5498 3069 5565 pati
3109 5498 3419 5568 permisisti.

2422 5607 2743 5664 PSALMUS
2782 5607 2964 5663 LXVI.

1991 5699 2147 5754 Vsus.
2178 5700 2232 5754 2.
2282 5720 2300 5753 ‹
2331 5701 2471 5755 Deus
2501 5701 2824 5756 misereatur
2849 5701 3038 5756 nostri.
3070 5720 3088 5750 ι

3050 5966 3124 6029 39
