4032 6460
664 389 797 455 1227

660 601 796 671 petit
823 600 933 656 cito
958 599 1092 658 ﬁeri,
1114 610 1174 653 ut
1204 598 1637 654 benedictionem
1668 617 1734 655 ex
1764 602 1878 671 ipsa
1915 603 2228 658 referamus.

659 695 898 765 Apparet
940 701 1118 746 autem
1154 692 1331 745 vultus
1362 691 1609 744 omnium
1636 692 1976 760 Conditoris,
2010 696 2100 764 qui
2142 711 2232 750 re-

658 787 771 858 plet
811 801 912 840 nos
950 784 1330 839 benedictione
1365 798 1428 837 ac
1453 783 1937 851 miserationibus,
1971 789 2099 842 dum
2130 805 2231 858 ap.

654 890 812 952 paret
854 879 1015 933 nobis
1058 879 1226 949 ﬁgura
1278 878 1595 933 substantia:
1624 881 1763 949 ejus,
1795 892 1847 935 et
1891 882 2230 939 demonstrat

656 973 1012 1042 semetipsum
1040 971 1104 1025 iis
1134 969 1226 1040 qui
1259 970 1404 1041 digni
1431 980 1603 1027 sunt:
1636 991 1759 1029 cum
1786 976 1930 1031 enim
1963 977 2131 1047 ﬁgura
2158 979 2228 1032 sit

655 1065 751 1121 Dei
805 1065 1113 1127 invisibilis,
1144 1063 1236 1133 qui
1284 1074 1467 1119 mente
1497 1081 1629 1135 pura
1662 1068 1731 1122 ad
1770 1068 1947 1138 ipsum
1992 1070 2221 1137 accedit,

653 1159 700 1212 is
725 1158 869 1211 videt
902 1156 1133 1210 Patrem.
1167 1154 1268 1219 Qui
1294 1155 1462 1222 enim,
1497 1158 1694 1228 inquit,
1723 1161 1860 1214 videt
1886 1178 1984 1227 me,
2014 1162 2147 1215 videt
2174 1172 2225 1216 et

650 1247 943 1301 Patrem“.
992 1246 1147 1302 Tunc
1194 1244 1478 1303 beneﬁciis
1524 1251 1753 1307 affectos
1800 1254 2109 1319 miseretur,
2158 1269 2222 1310 ac

648 1340 919 1395 Benedicit
966 1342 1106 1394 omni
1151 1338 1503 1395 benedictione
1540 1344 1810 1412 spirituali
1844 1346 1900 1399 in
1933 1346 2220 1401 caelestibus

647 1434 703 1487 in
727 1432 933 1488 Christo
959 1434 1080 1487 Jesu
1097 1434 1161 1491 δ’.

716 1615 793 1669 Te
819 1615 963 1670 enim
987 1615 1195 1670 vultum
1227 1617 1593 1683 illuminante,
1610 1619 1959 1689 cognoscitur
1988 1620 2071 1675 via
2095 1637 2214 1690 quae

646 1708 794 1764 ducit
823 1708 890 1762 ad
915 1707 1148 1773 Patrem,
1183 1726 1308 1763 cum
1341 1710 1486 1765 dicat
1511 1728 1524 1763 :
1552 1710 1662 1782 Ego
1692 1729 1809 1765 sum
1838 1713 1922 1765 via
1951 1721 2040 1767 :et
2063 1729 2211 1767 nemo

643 1802 782 1855 venit
813 1801 881 1853 ad
907 1801 1145 1866 Patrem,
1170 1803 1271 1855 nisi
1296 1819 1386 1869 per
1415 1804 1579 1856 me“.
1608 1803 1755 1858 Idem
1784 1804 1946 1858 etiam
1974 1806 2211 1860 salutare

644 1893 748 1946 erit
798 1892 852 1945 in
888 1892 1142 1946 omnibus
1176 1893 1450 1964 gentibus,
1482 1909 1605 1948 cum
1633 1894 1912 1963 impletum
1943 1895 2107 1951 fuerit
2150 1897 2214 1950 il-

642 1984 735 2037 lud
761 2002 775 2036 :
804 1982 1001 2035 Videbit
1034 1985 1201 2037 omnis
1231 2002 1353 2038 caro
1382 1984 1621 2039 salutare
1652 1985 1826 2040 Dei“.
1850 1988 2058 2041 Dixeris
2078 2005 2213 2057 quo-

638 2089 744 2143 que
792 2074 933 2127 viam
985 2089 1104 2129 esse
1156 2086 1421 2145 praecepta
1473 2078 1622 2145 ejus,
1653 2077 1807 2146 juxta
1858 2078 1987 2132 illud
2017 2095 2031 2131 :
2061 2079 2211 2135 Viam

638 2166 1011 2219 mandatorum
1043 2175 1252 2220 tuorum
1286 2168 1590 2234 cucurri”;
1620 2177 1674 2223 et
1702 2177 2105 2238 consequenter
2125 2186 2213 2225 sa-

637 2256 824 2319 lutem,
859 2273 1018 2326 quam
1054 2258 1205 2311 venit
1248 2259 1529 2325 exhibere,
1572 2267 1631 2313 ut
1683 2268 1772 2314 tua
1816 2261 1871 2315 in
1920 2276 2022 2315 nos
2067 2263 2211 2318 salus

637 2347 888 2402 omnibus
926 2349 1020 2402 liat
1047 2348 1357 2404 manifesta.

1144 2528 1457 2585 PSALMUS
1493 2530 1699 2589 LXVII.

707 2622 864 2678 Vsus.
900 2624 954 2678 '5.
1004 2641 1022 2673 ι
1052 2621 1205 2677 Sicut
1239 2621 1424 2678 deﬁcit
1450 2623 1650 2680 fumus.
1676 2645 1695 2678 ι

702 2712 897 2768 Facilis
931 2720 1015 2768 est
1044 2720 1391 2797 peccatorum
1416 2714 1623 2785 lapsus,
1654 2718 1867 2772 tametsi
1919 2718 2023 2774 sibi
2073 2720 2205 2791 ipsis

631 2805 965 2861 conﬁdentes
1002 2806 1309 2861 videantur.
1348 2807 1489 2872 Quid
1521 2809 1667 2864 enim
1715 2809 1866 2866 fumo
1913 2821 1970 2866 ut
2006 2813 2205 2869 dissol-

630 2908 788 2954 vatur
826 2899 1127 2954 eariosius?
1169 2900 1301 2969 quid
1352 2900 1482 2955 item
1532 2915 1677 2968 cera,
1724 2904 1943 2972 quando
1977 2920 2007 2959 a
2037 2909 2202 2961 vehe-

630 2991 799 3045 menti
829 2991 953 3062 igne
988 2991 1203 3046 caleﬁt?
1248 2992 1410 3047 Hisce
1454 2992 1617 3047 rebus
1646 2994 1917 3065 PrOpheta
1947 3006 2201 3067 peccato-

556 3124 561 3128 .
629 3098 719 3138 res
746 3083 1078 3152 comparavit
1113 3102 1127 3138 :
1161 3084 1379 3153 quando
1422 3086 1566 3138 enim
1612 3085 1751 3155 ignis
1782 3089 2046 3159 gehennae
2076 3104 2201 3145 suc-

1836 395 2194 455 HESYCHII
2240 397 2711 459 PRESBYTERI

730 510 861 564 Eam
914 524 1075 579 quam
1126 517 1468 577 praznoverat
1495 506 1789 564 Salvatoris
1835 512 2230 580 apparitionem
2260 522 2307 577 Α

3714 424 3802 488 19.Ξῆ

2410 517 2513 567 ’Ἡν
2544 518 2797 587 προέγνω
2832 518 2926 572 τοῦ
2963 520 3215 591 Σωτῆρος
3244 523 3543 592 ἐπιφάνειαν
3578 535 3694 588 αἰτεῖ
3716 542 3805 595 θᾶτ-

2334 621 2425 657 τον
2450 606 2724 673 γενέσθαι,
2758 609 2858 679 τὴν
2888 611 2951 662 ἐκ
2984 612 3187 682 ταύτης
3216 614 3362 677 ὅπως
3407 616 3627 687 εὐλογίαν
3656 634 3810 703 τρυγή.

2334 706 2535 759 σωμεν.
2556 693 2933 761 Ἐπιφαίνεται
2960 698 3015 750 δὲ
3045 699 3104 751 τὸ
3133 701 3417 769 πρόσωπον
3436 709 3523 759 τοῦ
3546 693 3722 765 πάντών

2333 781 2615 850 μιουργοῦ,
2648 784 2707 836 τὸ
2734 785 2976 855 πληροῦν
3004 789 3152 857 ἡμᾶς
3183 790 3429 859 εὐλογίας
3453 798 3539 850 καὶ
3561 781 3811 877 οἰκτιρμῶν,

2329 872 2685 939 ἐπιφανέντος
2733 880 2866 947 ἡμῖν
2900 880 2995 933 τοῦ
3027 883 3375 953 χαρακτῆρος
3402 888 3494 956 τῆς
3539 872 3813 965 buceta-sem;

2327 964 2514 1032 αὐτοῦ,
2549 968 2644 1021 καὶ
2678 969 3076 1038 ἐμφανίσαντος
3124 974 3319 1027 ἑαυτὸν
3368 980 3474 1040 τοῖς
3515 978 3690 1044 ἀξίοις·
3727 990 3815 1042 ἐπεὶ

2325 1056 2432 1127 γὰρ
2467 1057 2629 1111 εἰκών
2664 1061 2781 1114 ἐστι
2812 1062 2908 1115 τοῦ
2936 1064 3072 1117 Θεοῦ
3105 1065 3201 1118 τοῦ
3233 1068 3483 1138 ἀοράτου,
3511 1074 3536 1124 ὁ
3558 1074 3624 1142 νῷ
3647 1077 3818 1151 καθαρῷ
3924 1084 3925 1131 l

2324 1150 2647 1219 προσϐαλὼν
2681 1154 2849 1224 αὐτῷ,
2878 1158 2982 1227 ὁρᾷ
3011 1157 3103 1210 τὸν
3138 1160 3379 1231 Πατέρα.
3397 1162 3448 1215 '0
3464 1163 3559 1233 ἐμὲ
3582 1168 3816 1240 γάρ,φησὶ,

2321 1242 2590 1313 ἑωρακὼς
2610 1286 2624 1312 ,
2652 1248 2872 1317 ἑώρακε
2902 1252 3010 1306 τὸν
3041 1255 3292 1323 Πατέρα.
3330 1257 3460 1310 Τότε
3497 1263 3613 1323 τοὺς
3649 1264 3818 1333 εὐεργε.

2319 1338 2616 1407 τουμένους
2657 1341 2953 1414 οίκτείρει,
3001 1347 3095 1398 καὶ
3143 1348 3397 1418 Εὐλογεῐ
3444 1349 3597 1419 πάσῃ
3634 1356 3818 1423 εὐλογίᾳ

2319 1431 2693 1501 πνευματικῇ
2735 1435 2806 1489 ἐν
2847 1436 2973 1503 τοῖς
3022 1438 3399 1507 ἐπουρανίοις
3432 1442 3499 1495 ὲν
3522 1445 3721 1510 Χριστῷ
3750 1449 3821 1513 Ἰη-

2317 1519 2456 1575 σοῦ.

2385 1612 2780 1683 Ἐπιφάναντος
2814 1619 2923 1690 γάρ
2954 1637 3049 1673 σου
3080 1621 3143 1675 τὸ
3167 1622 3482 1694 πρόσωπον,
3503 1625 3816 1700 γινώσκεταιὴ

2315 1700 2433 1766 ὁδὸς
2456 1705 2489 1773 ἡ
2524 1706 2660 1775 πρὸς
2705 1710 2763 1762 σὲ
2810 1710 3020 1779 ἄγουσα
3066 1714 3157 1766 τὸν
3187 1717 3433 1787 Πατέρα,
3462 1720 3491 1770 6
3524 1719 3819 1790 εἱπώνοἙτὼ

2312 1795 2429 1861 ειμι
2468 1795 2505 1861 ἡ
2526 1796 2698 1863 όδόςυ
2728 1801 2825 1853 καὶ
2857 1802 3060 1869 οὐδεὶς
3079 1805 3316 1874 ἔρχεται
3345 1808 3491 1875 πρὸς
3520 1811 3617 1863 τὸν
3631 1813 3818 1880 Ratira,

2243 1863 2287 1918 Β
2314 1886 2366 1935 εί
2406 1886 2491 1953 μὴ
2533 1888 2609 1941 δι’
2629 1890 2795 1959 ἐμοῦ.
2814 1893 2873 1945 '0
2918 1894 2975 1947 δὲ
3221 1863 3499 1952 gerat-xui
3535 1863 3819 1973 σωτήριονῖν

2315 1978 2480 2030 πᾶσιν
2505 1980 2707 2045 ἔθνεσι,
2740 1986 3121 2056 πληρωθέντος
3139 1990 3518 2060 τοῦ,“’οψεται
3546 1994 3693 2049 πᾶσα
3707 1998 3817 2063 σάρξ

2316 2068 2382 2120 τό
2434 2072 2735 2141 Σωτήρων
2777 2077 2883 2131 τοῦ
2922 2080 3089 2133 Θεοῦ.
3136 2082 3335 2150 Λέγοις
3362 2084 3407 2136 δ’
3430 2084 3495 2139 ἂν
3526 2086 3632 2138 ὁδὸν
3658 2089 3819 2154 καὶτὰς

2312 2159 2535 2224 ἐντολὰς
2564 2164 2754 2230 αὑτοῦ,
2785 2167 2927 2221 κατὰ
2954 2171 3015 2223 τό
3037 2187 3051 2203 ⁸
3086 2171 3260 2226 Ὀδὸν
3282 2175 3545 2229 ἐντολῶν
3572 2194 3674 2231 σου
3700 2179 3819 2247 ἔδρα-

2306 2267 2455 2319 μον’
2492 2255 2587 2305 καὶ
2632 2258 2982 2331 καταλλήλως
3028 2266 3330 2335 σωτηρίαν,
3362 2269 3429 2337 ἢν
3461 2268 3669 2339 ἐλήλυθε
3694 2290 3817 2343 napa-

2313 2346 2480 2414 σχεῖν,
2513 2345 2656 2401 ὥστε
2687 2352 2820 2405 πᾶσι
2858 2353 2955 2424 τὴν
2987 2357 3069 2419 είς
3099 2358 3249 2427 ἡμᾶς
3294 2376 3393 2412 σου
3438 2363 3688 2432 σωτηρίαν

2308 2435 2589 2502 γενέσθαι.

2872 2537 3076 2592 ΨΑΔΜ
3083 2541 3165 2593 ΟΣ
3203 2542 3328 2596 ΞΖ’.

2386 2625 2514 2689 «Ὡς
2546 2627 2793 2683 ἐκλείπει
2826 2632 3059 2695 καπνός.
3092 2651 3115 2684 ι

2378 2715 2624 2786 Εὐχερὴς
2653 2718 2759 2770 τῶν
2786 2720 3128 2792 ἁμαρτωλῶν
3156 2726 3188 2794 ἡ
3222 2725 3457 2793 πτῶσις,
3490 2729 3535 2780 εί
3561 2730 3812 2803 minem:

2306 2806 2519 2871 ἑαυτοῖς
2568 2813 2887 2865 πεποιθέναι
2932 2815 3235 2884 νομίξουσι.
3267 2820 3339 2873 Τί
3364 2822 3469 2894 γὰρ
3500 2825 3686 2877 καπνοῦ
3718 2829 3810 2896 πρὸς

2304 2898 2366 2951 τὸ
2394 2898 2620 2970 λυθῆναι
2654 2903 3016 2977 σαθρότερον;
3057 2910 3111 2961 τί
3156 2911 3211 2964 δέ
3259 2916 3360 2967 καὶ
3396 2916 3583 2987 κηροῦ,
3614 2919 3719 2971 ὅταν
3741 2919 3807 2972 ὑπὸ

2306 2993 2477 3062 πυρὸς
2506 2994 2869 3067 σφοδροτέρου
2891 2999 2984 3071 θερ
2993 3001 3249 3072 μαίνηται
3270 3023 3284 3072 ;
3308 3007 3535 3072 Τούτοις
3556 3011 3665 3074 τοὺς
3688 3013 3807 3081 ἁμαρ-

2302 3082 2508 3147 τωλοὺς
2530 3087 2557 3138 6
2585 3086 2877 3159 Προφήτης
2895 3093 3214 3163 συνέκρινεν
3234 3112 3249 3125 ο
3283 3098 3419 3153 ὅταν
3438 3103 3544 3172 γὰρ
3568 3102 3623 3155 τὸ
3638 3103 3725 3174 πῦρ
3741 3106 3807 3174 τῆς

628 3191 830 3231 census
862 3174 1043 3243 fuerit,
1080 3177 1224 3231 illico
1268 3177 1449 3231 omnis
1481 3177 1548 3232 de
1576 3177 1706 3248 ipsis
1737 3179 2050 3251 imaginatio
2076 3198 2200 3238 eva-

2263 3203 2267 3258 ε
2302 3178 2524 3246 γεέννης
2556 3180 2833 3273 ριπισθῇ,
2855 3186 3003 3238 πᾶσα
3031 3188 3062 3257 ή
3101 3189 3230 3260 περὶ
3264 3192 3468 3259 αὐτοὺς
3496 3199 3726 3264 φαντασία
3745 3200 3806 3251 εὐ-

628 3269 823 3324 nescit.

696 3360 860 3416 Vens.
901 3362 953 3416 5.
1000 3380 1018 3412 ι
1047 3360 1274 3416 Cantate
1305 3361 1436 3417 Deo.
1472 3381 1489 3414 ι

696 3450 845 3511 Solet
894 3452 1154 3507 nimirum
1202 3442 1453 3509 Christus
1502 3455 1557 3509 in
1609 3457 1891 3525 prophetis
1941 3460 2199 3530 appellari

624 3540 821 3597 Oriens
854 3561 867 3596 :
898 3543 1032 3597 Ecce
1057 3545 1156 3610 vir,
1175 3545 1360 3600 Oriens
1391 3564 1575 3601 nomen
1605 3548 1717 3617 ejus
1748 3565 1766 3603 :
1797 3560 1844 3604 et
1874 3551 2047 3605 subter
2080 3570 2198 3606 eum

624 3636 825 3688 orietur
841 3635 906 3690 ⁸⁸.
943 3637 1011 3692 Ει
1058 3638 1258 3693 iterum
1294 3658 1306 3693 :
1346 3638 1556 3694 Orietur
1596 3642 1735 3695 vobis
1769 3645 2067 3699 timentibus
2105 3664 2198 3701 no-

625 3740 743 3777 men
772 3741 943 3778 meum
971 3724 1066 3780 Sol
1086 3727 1313 3797 justitia:
1341 3743 1359 3780 :
1395 3736 1442 3781 et
1474 3730 1676 3784 sanitas
1702 3732 1757 3785 in
1783 3735 1965 3802 pennis
1994 3736 2107 3803 ejus
2127 3737 2195 3791 “.

623 3815 895 3872 Caeterum
928 3818 1052 3873 licet
1086 3834 1181 3888 per
1210 3820 1487 3890 propriam
1519 3821 1697 3877 lucem
1744 3826 1925 3880 oriens
1953 3828 2194 3893 exsistat,

623 3907 873 3961 ascendit
918 3916 1098 3963 tamen
1125 3924 1287 3978 supra
1316 3925 1593 3977 occasum,
1620 3929 1720 3982 pro
1748 3929 1913 3969 curru
1937 3916 2039 3971 sibi
2068 3918 2198 3974 ada-

622 4011 783 4069 ptans
813 4010 1131 4069 peccatores
1162 4001 1255 4070 qui
1289 4010 1718 4069 convertuntur;
1747 4006 1812 4060 ad
1859 4022 1996 4076 quos
2015 4008 2151 4061 dixit
2178 4025 2191 4061 :

621 4090 807 4145 Tollite
832 4092 1023 4163 jugum
1052 4109 1223 4147 meum
1277 4110 1434 4162 super
1477 4111 1585 4159 vos,
1631 4098 1881 4166 quoniam
1934 4116 2112 4165 suave,
2144 4110 2193 4154 et

619 4202 750 4239 onus
774 4202 969 4251 meum,
1004 4187 1130 4256 quia
1160 4185 1266 4240 leve
1283 4188 1350 4239 ⁵⁸.
1381 4187 1491 4241 Hos
1524 4189 1772 4243 hortatur
1796 4190 1987 4257 David,
2013 4202 2069 4245 ut
2091 4192 2194 4246 iter

619 4277 732 4331 Deo
762 4276 961 4331 faciant
988 4293 1086 4348 per
1118 4278 1495 4347 paenitentiam
1526 4297 1540 4333 :
1576 4281 1841 4352 siquidem
1878 4284 1933 4336 in
1962 4300 2190 4354 conspe-

616 4376 703 4424 ctu
743 4368 862 4436 ejus
888 4382 1000 4423 non
1047 4377 1256 4423 tantum
1290 4371 1502 4425 veniam
1535 4386 1965 4445 consequentur,
1998 4394 2187 4434 verum

616 4460 779 4515 etiam
804 4461 1100 4517 familiares
1135 4463 1350 4530 redditi,
1385 4465 1698 4520 exsultaturi
1725 4476 1870 4522 sunt.

686 4720 847 4776 Vens.
878 4721 966 4776 27.
1012 4741 1032 4775 ι
1062 4723 1123 4779 In
1159 4727 1404 4783 ecclesiis
1435 4728 1739 4787 benedieite
1769 4732 1898 4789 Deo.
1928 4753 1946 4786 ι

687 4809 931 4867 Ecclesia
980 4830 1198 4885 quoque
1241 4818 1441 4873 dicitur
1495 4820 1790 4878 domestica
1843 4829 2187 4897 congregatio

612 4900 864 4971 piorum;
909 4908 1367 4974 quemadmodum
1424 4921 1481 4966 et
1529 4913 1730 4969 Paulus
1776 4917 1852 4969 ait
1888 4936 1902 4971 :
1934 4917 2185 4974 Salutant

612 5007 704 5047 vos
737 4992 794 5044 in
824 4991 1052 5049 Domino
1082 4998 1308 5052 multum
1335 4998 1529 5070 Aquila
1562 5013 1610 5056 et
1654 5002 1923 5071 Priscilla,
1953 5022 2073 5061 cum
2096 5015 2188 5062 do-

614 5081 831 5132 mestica
876 5097 974 5135 sua
1022 5083 1259 5141 Ecclesia
1278 5088 1344 5142 ⁵⁸.
1398 5090 1569 5146 Porro
1625 5093 1692 5147 de
1735 5094 1975 5151 fontibus
2022 5095 2185 5153 Israel

612 5170 1006 5241 prophetarum
1057 5184 1111 5229 et
1164 5180 1533 5248 apostolorum
1577 5182 1864 5239 Dominum
1906 5203 1969 5241 ac
2014 5188 2182 5243 Deum

609 5259 815 5317 laudari
842 5265 1025 5335 cupit;
1056 5276 1115 5321 ut
1146 5284 1212 5324 eo
1238 5271 1401 5325 modo
1430 5287 1538 5341 quo
1567 5274 1670 5343 ipsi
1693 5289 2083 5345 eXposuerunt,
2103 5281 2182 5336 sic

606 5360 668 5410 et
692 5370 794 5410 nos
820 5372 919 5426 pro
948 5359 1057 5415 Deo
1083 5361 1445 5417 celebremus.

680 5524 839 5582 Vens.
867 5528 956 5583 '56.
1004 5550 1021 5583 ι
1049 5530 1194 5587 Deus
1220 5533 1384 5589 Israel
1411 5534 1527 5606 ipse
1561 5536 1709 5593 dabit
1741 5541 2021 5597 virtutem.
2049 5563 2067 5595 ι

677 5727 723 5759 ⁸⁸
755 5728 908 5784 Joan.
932 5747 1042 5797 xw,
1075 5733 1129 5787 9.
1206 5734 1248 5765 "
1278 5735 1479 5805 Ephes.
1512 5753 1552 5802 ι,
1589 5739 1642 5793 5.
1718 5742 1763 5773 ⁸ο
1791 5741 1949 5797 Joan.
1980 5761 2088 5809 xw,
2122 5748 2173 5801 6.

686 5796 887 5830 Ποιαηι.
937 5817 989 5830 ι..
1040 5802 1074 5830 ο
1171 5802 1215 5830 II
1246 5802 1410 5830 ιιηηι.
1468 5823 1523 5830 ..-
1578 5809 1646 5830 an
1744 5813 1787 5830 nm
1824 5812 1839 5830 I
1870 5815 1905 5830 n
2176 5818 2209 5830 ι.

2263 5751 2294 5779 ¹¹
2326 5751 2459 5807 Luc.
2492 5769 2572 5817 ιιι,
2608 5756 2659 5810 6.
2737 5758 2782 5789 ⁸¹
2811 5757 2952 5815 Psal.
2986 5776 3170 5830 cxvtn,
3204 5766 3293 5820 52.

602 5796 655 5831 ⁸⁵
685 5796 910 5854 Malach.
937 5817 1011 5865 ιν,
1040 5802 1096 5855 2.
1171 5802 1215 5835 "
1245 5796 1435 5861 Matth.
1468 5796 1549 5870 ιι,
1578 5809 1665 5866 29.
1742 5813 1788 5843 ⁸⁸
1824 5812 1841 5865 l
1868 5796 2257 5881 convivii”.

2304 3267 2439 3331 θέως
2468 3269 2769 3328 διαλύεται.

2379 3357 2614 3429 ι’ᾼσατε
2642 3362 2720 3432 τῷ
2754 3362 2892 3433 Θεῷ.
2926 3384 2944 3416 ι

2372 3449 2480 3502 Καὶ
2514 3450 2621 3522 μὴν
2654 3453 2912 3526 Ἀνατολὴ
2946 3459 3309 3528 χρηματίζειν
3335 3465 3396 3517 ἐν
3427 3466 3538 3529 τοῖς
3569 3467 3809 3539 προφήταις

2302 3539 2331 3591 6
2356 3540 2589 3611 Χριστὸς
2621 3544 2810 3600 εἴωθεν
2830 3562 2845 3576 ⁸
2877 3547 3021 3602 Ἰδοὺ
3048 3550 3224 3620 ἀνὴρ,
3263 3553 3550 3625 Ἀνατολὴ
3572 3558 3802 3627 drepani)-

2302 3631 2379 3697 τῷ
2398 3649 2409 3661 ·
2440 3635 2539 3688 καὶ
2586 3637 2969 3693 ὑποκάτωθεν
2994 3644 3520 3703 αὐτοῦάνατελεῖ,
3547 3649 3645 3701 Καὶ
3668 3648 3794 3701 πάλιν

2313 3725 2609 3781 Ἁνατελεῐ
2654 3729 2796 3803 ὑμῖν
2833 3732 2959 3798 τοῖς
3006 3736 3407 3805 φοϐουμένοις
3453 3740 3517 3792 τὸ
3551 3740 3783 3809 tiranii/1w

2300 3816 2510 3884 Ἥλιος
2537 3819 2961 3891 δικαιοσύνης·
2994 3828 3091 3879 καὶ
3123 3828 3289 3894 ἴασις
3328 3832 3401 3884 ἐν
3440 3833 3566 3898 ταῖς
3593 3831 3780 3901 πτέρυξιν

2295 3910 2502 3967 αὐτοῦ.
2522 3913 2661 3965 Ἀλλ’
2686 3917 2735 3968 εί
2775 3918 2867 3969 καὶ
2893 3918 3123 3991 ἀνατολὴ
3154 3924 3421 3992 τυγχάνει
3456 3927 3541 3979 διὰ
3570 3928 3626 3979 τὸ
3656 3931 3781 3979 οἰκεῖον

2297 4002 2432 4070 φῶς,
2470 4004 2638 4076 ἐπέϐη
2689 4008 2783 4060 ἐπὶ
2827 4011 3067 4080 δυσμῶν,
3098 4014 3282 4084 ὄχημα
3336 4019 3465 4080 τοὺς
3514 4019 3787 4090 ἁμαρτωλοὺς

2295 4094 2488 4148 ἐαυτοῦ
2512 4098 2638 4161 τοὺς
2660 4100 2795 4167 πρὸς
2816 4101 2978 4154 αὐτὸν
2997 4104 3437 4175 ἐπιστρέψαντας
3454 4110 3684 4179 θέμενος·
3702 4109 3789 4177 πςίις

2293 4185 2384 4250 οὒς
2414 4184 2808 4260 εἶπενοἊρατε
2828 4190 2935 4247 τὸν
2959 4195 3134 4265 ζυγόν
3156 4216 3277 4265 μου
3306 4200 3586 4270 ἐφ’ὐμᾶς,
3607 4202 3679 4254 ὅτι
3698 4216 3792 4269 χρη·

2294 4280 2460 4345 στὸς,
2499 4282 2598 4335 καί
2633 4282 2701 4336 τὸ
2735 4287 2981 4353 φορτίον
3020 4306 3167 4357 μου,
3197 4290 3285 4344 ὅτι
3320 4292 3604 4362 ἐλαφρόν.
3626 4293 3795 4351 Τούτους

2292 4371 2605 4443 ὁδοποιῆσαι
2629 4374 2707 4445 τῷ
2728 4375 2845 4447 Θεῷ
2872 4379 2900 4430 6
2925 4380 3087 4433 Aa6‘t6
3106 4380 3195 4433 διὰ
3219 4385 3515 4451 μετανοίας
3534 4384 3795 4439 ἐντέλλεται·

2291 4456 2434 4517 οὗτοι
2485 4463 2591 4534 γὰρ
2635 4466 2865 4520 ἐνώπιον
2905 4471 3070 4523 αὑτοῦ
3097 4473 3157 4525 οὐ
3192 4474 3356 4543 μόνον
3400 4475 3701 4544 συγγνώμης
3730 4488 3797 4521 τυ·

2221 4534 2263 4588 θ
2291 4553 2501 4623 χόντες,
2529 4555 2666 4610 ἀλλὰ
2706 4560 2799 4611 καὶ
2833 4534 3227 4628 οίκειωθέντες,
3252 4534 3797 4636 ἀγαλλιέσθαίμέλλω·

2290 4658 2391 4697 σιν.

2362 4751 2381 4783 ι
2406 4734 2492 4786 Ἐν
2525 4736 2837 4809 ἐκκλησίαις
2870 4740 3141 4809 εὐλογεῖτε
3168 4744 3261 4796 τὸν
3294 4744 3449 4800 Θεόν.
3481 4766 3500 4799 ι

2363 4826 2663 4895 Ἐκκλησία
2693 4830 2787 4882 καὶ
2822 4833 2853 4901 ἡ
2892 4833 3013 4886 κατ’
3035 4829 3184 4888 οἷκον
3228 4840 3518 4907 συναγωγὴ
3545 4840 3643 4892 τῶν
3677 4838 3792 4890 εὐσε-

2288 4915 2525 4971 ϐούντων
2554 4920 2800 4988 λέγεται·
2851 4923 2990 4977 ὥστε
3041 4928 3134 4979 καὶ
3166 4930 3379 4993 Παῦλος
3421 4932 3787 5000 φησιν’Ἃσπά·

2289 5005 2488 5067 ζονται
2532 5010 2692 5080 ὑμᾶς
2730 5014 2801 5067 ἐν
2830 5016 3027 5082 Κυρίῳ
3056 5022 3256 5073 πολλὰ
3290 5021 3543 5086 Ἀκύλας
3582 5020 3667 5075 καί
3691 5022 3789 5087 Πρί-

2287 5102 2534 5164 σκιλλα,
2560 5102 2681 5155 σὺν
2709 5102 2784 5171 τῇ
2812 5107 2939 5158 κατ’
2968 5104 3141 5161 οἷκον
3170 5110 3371 5164 αὐτῶν
3402 5110 3789 5180 Ἐκκλησίᾳ.’ῐι

2288 5192 2480 5261 πηγῶν
2513 5194 2569 5246 δέ
2591 5195 2807 5266 Ἰσραὴλ
2841 5197 2948 5249 τῶν
2980 5202 3277 5270 προφητῶν
3310 5206 3405 5257 καὶ
3434 5204 3712 5257 ἀποστόλων
3729 5200 3789 5249 τὸν

2285 5282 2488 5350 Κύριον
2514 5284 2608 5337 καὶ
2638 5287 2772 5339 Θεὸν
2802 5288 3195 5356 δοξολογεῖσθαι
3222 5292 3503 5361 βούλεται·
3536 5296 3615 5346 ἵνα
3639 5290 3788 5342 καθ’ὁν

2285 5375 2484 5443 τρόπον
2516 5379 2712 5432 ἐκεῖνοι
2742 5380 3010 5446 ἐξέθεντο,
3039 5383 3180 5437 οὕτω
3216 5388 3312 5441 καὶ
3342 5391 3497 5459 ἡμεῖς
3540 5388 3653 5457 περὶ
3689 5378 3786 5436 Θειῦ

2285 5462 2619 5534 δοξάζωμεν.

2363 5574 2380 5604 ι
2404 5556 2461 5607 '0
2496 5556 2628 5622 Θεὸς
2658 5561 2875 5633 Ἰσραὴλ
2901 5565 3062 5620 δώσει
3092 5567 3341 5639 δύναμιν.
3371 5587 3389 5620 ι

3384 5767 3429 5798 ⁵³
3454 5766 3601 5820 Zach.
3628 5779 3688 5827 vI,
3714 5760 3779 5816 il-
