4032 6424
247 470 388 536 1229

1299 469 1756 532 FRAGMENTA
1800 467 1880 528 ΙΝ
1920 466 2272 527 PSALMOS.

3346 465 3476 530 1230

328 590 385 641 '0
414 586 546 652 Θεὸς
574 586 666 641 τοῦ
703 587 920 659 Ἰσραὴλ
967 589 994 640 ὁ
1042 585 1273 656 Χριστός
1296 603 1307 613 ·
1346 587 1474 657 περὶ
1504 585 1611 658 γὰρ
1648 581 1811 636 αὑτοῦ

1988 582 2129 636 Deus
2160 582 2321 636 Israel
2348 590 2431 636 est
2456 582 2705 637 Christus
2730 602 2743 638 ι
2772 584 2838 638 de
2869 584 2985 653 ipso
3006 583 3151 637 enim
3178 581 3340 635 Isaias
3360 584 3431 634 ait
3462 599 3472 633 :

240 698 413 751 φησιν
446 680 700 743 Ἡσαΐας·
742 680 872 733 Ὅτι
924 680 1006 732 σὺ
1047 683 1081 733 ὁ
1135 677 1276 743 Θεὸς
1316 676 1505 746 ἡμῶν,
1553 675 1651 729 καὶ
1703 676 1813 728 οὐκ

241 772 525 841 ᾔδειμεν
586 774 618 825 ό
670 770 816 837 Θεὸς
863 769 969 824 τοῦ
1005 769 1253 838 Ἰσραὴλ
1299 770 1331 821 ὁ
1379 766 1601 833 Σωτήρ.
1646 758 1815 826 Οὗτος

242 867 402 935 ἰσχὺν
434 865 529 917 καὶ
556 863 787 933 δύναμιν
813 861 891 931 τῷ
933 860 1045 931 λαῷ
1094 860 1169 931 τῷ
1215 859 1275 925 ἐξ
1319 858 1508 922 ἐθνῶν,
1535 856 1676 909 ὥστε
1715 854 1815 923 τῆς

241 958 455 1026 πλάνης
478 955 802 1024 ἀποστῆναι,
829 953 923 1006 καὶ
956 952 1090 1023 πρὸς
1124 950 1282 1004 αὑτὸν
1316 948 1637 1018 ἐπιστρέψαι
1661 945 1816 1016 χαρί-

242 1052 401 1113 ζεται
420 1067 435 1081 ’
470 1049 665 1111 οἵτινες
687 1047 762 1110 ὼς
784 1047 909 1109 λαὸς
930 1044 1093 1098 αὐτοῦ
1114 1041 1452 1111 Χριστιανοὶ
1476 1040 1563 1092 διὰ
1584 1038 1816 1109 Χριστὸν

242 1138 623 1210 ὀνομάζονται.

809 1224 1103 1277 ΨΛΛΜΟΣ
1130 1223 1255 1286 ΞΗ’,

324 1316 558 1370 «Ἦλθον
590 1317 667 1379 είς
694 1314 761 1368 τὰ
795 1314 932 1385 βάθη
962 1316 1060 1384 τῆς
1092 1314 1387 1384 Θαλάσσης.
1422 1331 1439 1364 ι

319 1412 431 1463 Καὶ
456 1408 571 1472 πῶς
599 1426 681 1470 τις
711 1408 944 1471 ἐλπίζων
968 1408 1060 1459 ἐπὶ
1083 1408 1175 1458 τὸν
1204 1405 1335 1459 Θεὸν
1362 1405 1487 1467 τοὺς
1508 1402 1817 1472 ὀφθαλμοὺς

242 1501 513 1563 ἐκλείπει,
543 1501 637 1553 καὶ
664 1500 783 1569 οὐχὶ
810 1500 1008 1567 μᾶλλον
1032 1496 1312 1568 νευροῦται
1346 1497 1439 1548 καὶ
1473 1494 1819 1565 ἰσχυρότερος

245 1595 491 1662 γίνεται;
553 1592 691 1644 Ἀλλ’
729 1590 1041 1660 ὀφθαλμοὺς
1087 1588 1277 1642 ἑαυτοῦ
1321 1589 1445 1651 τοὺς
1494 1586 1820 1649 ἀποστόλους

246 1688 433 1754 λέγει’
466 1684 594 1753 περὶ
625 1677 699 1736 ὧν
729 1686 785 1736 ἐν
821 1683 1059 1753 ’ᾼσμασι
1092 1682 1239 1749 λέγει
1269 1698 1282 1713 ·
1301 1683 1365 1734 Ol
1395 1681 1686 1750 ὀφθαλμοί
1702 1695 1818 1732 σου

247 1772 603 1843 περιστερᾶς
622 1814 637 1838 ,
669 1773 765 1825 ἐπὶ
796 1771 1159 1840 πληρώματα
1190 1771 1442 1833 ὑδάτων,
1481 1773 1559 1834 είς
1592 1769 1688 1839 τὴν
1717 1770 1819 1822 δωο

255 1867 385 1937 ρεάν
422 1866 514 1918 τοῦ
556 1864 956 1935 βαπτίσματοςο
983 1866 1100 1916 ἐκεῖ
1127 1864 1235 1934 γὰρ
1272 1863 1369 1931 τὴν
1400 1860 1688 1932 μετουσίαν
1724 1859 1817 1914 τοῦ

1916 672 2177 736 Quoniam
2207 683 2263 726 tu
2290 672 2427 728 Deus
2450 684 2707 740 noster,et
2733 675 3085 729 nesciebamus
3110 690 3128 728 :
3154 674 3293 727 Deus
3312 672 3480 726 Israel

1917 764 2240 820 Salvator”.
2270 764 2369 819 IIic
2420 766 2794 821 fortitudinem
2845 782 2910 822 ac
2953 767 3209 821 virtutem
3258 764 3483 834 largitur

1915 857 2117 926 populo
2169 872 2234 911 ex
2287 858 2556 927 gentibus,
2595 869 2653 913 ut
2703 860 2772 913 ab
2812 875 2997 915 errore
3022 860 3248 920 resiliat,
3300 866 3356 911 et
3415 855 3484 909 ad

1915 951 2093 1019 ipsum
2123 959 2469 1005 convertatur
2495 967 2509 1004 :
2539 953 2630 1021 qui
2658 962 2911 1023 tanquam
2941 952 3171 1022 populus
3193 953 3309 1021 ejus
3331 948 3486 1003 Chri-

1916 1043 2081 1097 stiani
2109 1051 2333 1114 propter
2362 1042 2639 1098 Christum
2673 1053 3076 1114 nuncupantur.

2409 1218 2725 1275 PSALMUS
2764 1219 2997 1275 LXVIII.

1990 1311 2149 1367 Vens.
2181 1313 2232 1366 5.
2283 1330 2302 1363 ι
2336 1311 2467 1367 Veni
2496 1313 2551 1366 in
2580 1314 2923 1368 altitudinem
2951 1313 3137 1366 maris.
3159 1330 3175 1362 ι

1988 1404 2056 1458 Ει
2077 1404 2348 1473 quomodo
2373 1405 2492 1473 quis
2517 1420 2741 1474 sperans
2763 1405 2816 1458 in
2847 1406 3018 1459 Deum
3049 1405 3221 1458 oculis
3247 1401 3482 1467 deﬁciat,

1919 1503 1975 1549 et
2008 1511 2119 1550 non
2148 1497 2329 1565 potius
2361 1497 2742 1551 corroboretur
2790 1513 2853 1551 ac
2897 1496 3091 1550 fortior
3119 1494 3348 1550 evadat?
3381 1492 3487 1548 Ve-

1921 1604 2041 1642 rum
2070 1590 2255 1643 oculos
2286 1604 2413 1643 suos
2435 1598 2593 1643 vocat
2618 1591 2922 1659 apostolos;
2950 1590 3017 1643 de
3048 1590 3246 1658 quibus
3273 1590 3326 1641 in
3344 1585 3488 1641 Can-

1921 1680 2042 1735 ticis
2087 1682 2162 1735 ait
2211 1698 2225 1734 :
2278 1679 2429 1735 Oculi
2480 1681 2556 1733 tui
2599 1680 2851 1735 columba:
2878 1721 2892 1744 ,
2938 1698 3097 1749 super
3142 1679 3493 1748 plenitudines

1920 1788 2182 1841 aquarum
2200 1771 2264 1837 ³⁸,
2300 1769 2586 1843 [alludens]
2635 1772 2699 1824 ad
2750 1772 2951 1825 donum
2994 1769 3336 1839 baptismatis
3368 1786 3380 1820 :
3419 1766 3492 1821 ibi

1921 1862 2070 1915 enim
2100 1859 2334 1929 Spiritus
2364 1860 2832 1930 participationem
2858 1858 3087 1928 pra-buit
3121 1856 3489 1911 credentibus.

252 1959 567 2029 Πνεύματος
599 1957 839 2027 παρέσχε
866 1958 975 2017 τοῖς
1002 1955 1366 2008 πιστεύουσιν.
1390 1954 1545 2008 Οῦτω
1571 1954 1712 2007 κατά
1728 1954 1819 2006 τὸν

1929 1951 2011 2007 Sic
2037 1961 2279 2022 tempore
2304 1929 2571 2022 passionis
2603 1949 2941 2014 defecerunt,
2984 1960 3038 2004 et
3072 1949 3315 2018 dissipati
3344 1957 3489 2005 sunt.

251 2052 443 2121 καιρὸν
476 2047 567 2101 τοῦ
601 2046 809 2109 πάθους
839 2046 1083 2110 ἐξέλιπον
1113 2062 1171 2098 τε
1224 2045 1317 2098 καὶ
1360 2043 1818 2115 ἐσκορπίσθησαν,

253 2140 487 2212 ὁρῶντες
515 2140 747 2209 Χριστὸν
778 2137 869 2191 ἐπὶ
897 2137 987 2190 τὸν
1010 2136 1141 2189 Θεὸν
1160 2134 1252 2190 τὸν
1274 2135 1486 2206 Πατέρα
1513 2135 1602 2187 τὸν
1626 2136 1822 2188 οίκεῖον

255 2234 556 2297 ἐλπίζοντα,
585 2232 677 2284 καὶ
726 2230 952 2298 λέγοντα
973 2244 986 2258 ·
1005 2233 1009 2236 ’
1028 2228 1220 2293 Ἐλωῒ,
1251 2227 1437 2291 Ἐλωῒ,
1473 2227 1823 2296 λαμασαϐα-

258 2325 451 2396 χθανή
472 2340 487 2355 ·
528 2324 755 2395 ἠγνόουν
784 2323 891 2395 γὰρ
920 2324 1002 2376 ὅτι
1035 2324 1135 2394 τὴν
1178 2321 1408 2391 δύναμιν
1438 2320 1536 2391 τὴν
1563 2318 1768 2372 οἰκείαν
1796 2320 1824 2371 ὁ

260 2419 389 2482 Θεὸς
422 2416 788 2482 συνέστελλεν,
824 2414 962 2469 ὥστε
992 2414 1180 2486 καιρὸν
1210 2413 1459 2483 γενέσθαι
1498 2412 1605 2475 τοῖς
1646 2409 1822 2480 παθή-

274 2527 447 2581 μασιν.

341 2622 359 2653 ‹
381 2598 814 2670 Ἐπληθύνθησαν
839 2597 979 2668 ὑπὲρ
1004 2596 1102 2660 τὰς
1131 2596 1343 2666 τρίχας.
1378 2615 1397 2648 ι

333 2693 534 2765 Τρίχας
574 2690 767 2745 ἑαυτοῦ
807 2690 934 2753 τοὺς
980 2685 1203 2752 πιστοὺς
1231 2689 1622 2761 λέγει.”Ωσπερ
1653 2688 1761 2759 γὰρ
1791 2689 1824 2759 ἠ

261 2787 472 2856 κεφαλὴ
504 2784 596 2839 ἐπὶ
619 2787 736 2846 ταῖς
766 2780 959 2853 θριξὶν,
986 2780 1128 2834 οὕτω
1155 2781 1249 2834 καὶ
1276 2783 1305 2834 ὁ
1332 2780 1565 2852 Χριστὸς
1596 2782 1688 2834 ἐπὶ
1715 2782 1827 2843 τοῖς

262 2881 475 2941 πιστοῖς
503 2876 843 2946 σεμνύνεται.
1334 2946 1342 2953 σ

339 2988 358 3020 ι
380 2968 912 3040 Ἀπηλλοτριιιψένος
944 2964 1225 3038 ἐγενήθην.
1256 2984 1275 3017 ι

331 3060 491 3123 Ξένος
515 3060 708 3129 γέγονε
741 3058 884 3113 κατὰ
907 3059 998 3112 τὸν
1022 3058 1211 3128 καιρὸν
1230 3056 1323 3110 τοῦ
1344 3056 1570 3119 πάθους,
1588 3057 1677 3109 ὅτε
1696 3055 1829 3109 πάν-

261 3168 353 3213 τες
384 3151 433 3202 οἱ
466 3150 701 3219 μαθηταὶ
726 3148 888 3202 αὐτοῦ
919 3148 1146 3216 ἀφέντες
1169 3147 1331 3200 αὑτὸν
1363 3146 1581 3216 ἔφυγον.
1605 3146 1830 3217 Μητέρα

262 3243 321 3296 δὲ
356 3243 566 3312 νοήσεις
594 3242 691 3311 τὴν
720 3241 829 3293 τῶν
864 3240 1131 3293 Ἰουδαίων
1155 3238 1499 3310 Συναγωγὴν,
1523 3239 1618 3293 καὶ
1649 3240 1829 3292 πᾶσαν

264 3335 364 3406 τὴν
383 3334 524 3387 κατὰ
548 3333 724 3403 σάρκα
752 3333 1066 3401 συγγένειαν
1093 3331 1200 3385 τῶν
1227 3334 1290 3385 ἐκ
1316 3335 1619 3403 περιτομῆς
1638 3350 1653 3363 ·
1682 3332 1831 3395 υἱοὺς

264 3426 322 3477 δὲ
360 3423 580 3493 ταύτης,
615 3425 740 3486 τοὺς
763 3426 1169 3493 ἀρνησαμένους
1192 3423 1371 3489 αὑτὸν,
1406 3424 1497 3475 καὶ
1525 3422 1833 3493 είρηκόταςο

274 3517 494 3571 Τοῦτον
516 3517 582 3569 δὲ
608 3519 718 3570 οὐκ
747 3516 990 3584 οἴδαμεν
1014 3517 1194 3569 πόθεν
1217 3516 1348 3568 ἐστί
1354 3556 1368 3570 .
1402 3516 1561 3569 Ξένον
1591 3516 1647 3568 δὲ
1674 3515 1834 3568 πάλιν

269 3607 497 3680 ἡγοῦντο
546 3607 795 3676 λέγοντες
815 3624 828 3637 ·
860 3608 942 3660 Οὐ
977 3604 1176 3672 καλῶς
1208 3605 1481 3675 λέγομεν,
1524 3606 1612 3659 ὅτι
1642 3610 1835 3676 Σαμα-

261 3701 468 3769 ρείτης
493 3697 565 3764 εἴ,
602 3701 700 3753 καὶ
730 3700 1034 3768 δαιμόνιον
1065 3698 1221 3764 ἔχεις
1233 3714 1251 3762 ;
1293 3697 1449 3751 Οὖτω
1474 3699 1622 3764 ξένος
1645 3698 1834 3767 γέγονε

270 3797 382 3856 τοῖς
413 3794 544 3856 υἱοῖς
572 3795 671 3863 τῆς
706 3792 910 3862 μητρὸς
946 3790 1133 3844 αὑτοῦ.

346 3992 368 4027 ι
398 3975 506 4027 Καὶ
534 3974 732 4044 ἐθέμην
765 3973 825 4027 τὸ
856 3971 1059 4040 ἔνδυμα
1089 3989 1189 4043 μου
1216 3970 1433 4025 σάκκον.
1461 3989 1479 4021 ι

346 4068 555 4119 Σάκκον
583 4070 690 4138 γὰρ
719 4066 935 4137 ἀληθῶς
961 4066 1023 4119 τὸ
1040 4065 1212 4136 τραχὺ
1239 4067 1337 4135 τῆς
1363 4063 1637 4135 ἡμετέρας
1662 4066 1837 4135 ἁμαρ-

273 4158 393 4221 τίας
429 4158 736 4212 ἐνεδύσατο.

352 4269 370 4300 ι
398 4248 533 4301 Κατ’
559 4248 691 4318 ἐμοῦ
719 4247 1055 4319 ὴδολέσχουν.
1086 4264 1104 4298 ι

345 4342 487 4405 Τοὺς
520 4341 840 4404 Ἰουδαῖκοὺς
870 4341 1136 4411 ἄρχοντας
1166 4340 1330 4409 λέγει.
1349 4341 1435 4393 Ἐν
1465 4342 1530 4411 τῇ
1561 4338 1701 4409 πύλῃ
1730 4338 1838 4408 γὰρ

272 4436 393 4498 ἔθος
421 4430 490 4505 ἦν
511 4435 608 4504 τὴν
626 4435 733 4487 τῶν
765 4433 1034 4486 Ἰουδαίων
1060 4432 1346 4503 γερουσίαν
1377 4431 1735 4496 καθέζεσθαιο
1763 4430 1839 4493 ὡς

271 4529 340 4580 ἐκ
373 4529 471 4596 τῆς
507 4525 745 4596 ἱστορίας
780 4525 877 4593 τῆς
921 4523 1060 4577 κατὰ
1099 4523 1197 4595 τὴν
1228 4524 1379 4578 Ῥοὺο
1424 4525 1517 4577 καὶ
1565 4523 1655 4575 τὸν
1704 4521 1839 4587 Βοδζ

272 4617 534 4689 κειμένης
570 4617 894 4688 εὑρήσομεν.

354 4727 373 4760 ι
402 4708 513 4763 Καὶ
541 4710 619 4771 εἰς
648 4708 748 4778 ἐμὲ
782 4707 1008 4777 ἔψαλλον
1036 4708 1083 4760 οἱ
1110 4708 1372 4770 πίνοντες.
1407 4726 1427 4760 ι

348 4802 509 4855 Ποῖον
540 4796 679 4854 οἶνον
702 4818 717 4867 ;
742 4801 844 4853 Τὸν
885 4800 1167 4869 μυστικόν.
1187 4800 1414 4852 Ἐκεῖνοι
1451 4799 1558 4870 γὰρ
1591 4801 1691 4852 οὐκ
1721 4799 1843 4868 ἡδο-

270 4892 524 4961 λέσχουν,
554 4890 945 4959 ἀλλ’έψαλλονο
995 4890 1070 4953 ὡς
1117 4890 1248 4960 περὶ
1292 4890 1425 4943 Θεοῦ
1476 4890 1566 4945 τοῦ
1605 4890 1840 4963 Χριστοῦ

268 4986 404 5047 τοὺς
438 4984 639 5055 ὕμνους
668 4985 794 5047 τοὺς
822 4984 1191 5053 προφητικοὺς
1223 4983 1489 5051 λέγοντες.

354 5076 474 5130 Ἔτι
508 5075 635 5147 περὶ
664 5076 772 5128 τῶν
805 5075 1071 5128 Ἰουδαίων
1102 5075 1267 5143 λέγει,
1301 5076 1495 5138 οἵτινες
1531 5074 1691 5128 αὐτὸν
1721 5073 1842 5145 ἐμί-

274 5185 428 5233 σουν,
451 5167 525 5230 ὡς
555 5170 634 5230 είς
666 5166 951 5236 πρόσωπον
976 5166 1153 5219 αὐτῶν
1180 5166 1467 5235 ἐλέγχοντα
1495 5164 1591 5235 τὴν
1620 5165 1848 5235 ὑπόκρι-

276 5277 365 5313 σιν
384 5276 400 5292 ο
430 5261 487 5311 ὲν
515 5257 668 5328 βάθει
686 5256 819 5311 δὲτὸ
848 5254 989 5328 ’ύδωρ
1018 5257 1116 5327 τῆς
1149 5257 1344 5319 κακίας
1372 5256 1684 5326 ἐκέκτηντο,
1703 5256 1845 5308 ὥστε

274 5351 411 5404 ποτὲ
461 5350 558 5419 μὲν
586 5350 744 5403 αὐτὸν
771 5346 983 5415 Ῥα66ὶ,’
1008 5349 1137 5402 ποτὲ
1165 5349 1220 5401 δὲ
1247 5348 1418 5419 ἀληθῆ
1454 5349 1547 5401 καὶ
1575 5348 1681 5400 ἀπὸ
1712 5346 1846 5400 Θεοῦ

275 5442 707 5514 προσαγορεύειν
734 5442 1015 5512 ἄνθρωπον
1034 5479 1051 5506 ,
1083 5441 1178 5512 τὴν
1209 5442 1473 5512 πονηρίαν
1503 5443 1560 5494 ἐν
1590 5440 1666 5511 τῷ
1694 5440 1847 5511 βάθει

274 5537 381 5607 τῆς
412 5535 637 5607 καρδίας
661 5533 1125 5605 ἀποκρύπτοντες.

353 5828 398 5859 ⁵⁷
432 5826 534 5879 Isa.
565 5840 684 5888 xcv.
721 5824 807 5879 15.
884 5824 927 5855 ³⁸
955 5822 1108 5878 Cant.
1158 5839 1209 5887 v,
1264 5820 1347 5875 I‘Z.
1424 5813 1650 5874 “Marc.
1694 5836 1780 5884 xv,
1823 5820 1827 5868 1

1990 5820 2033 5851 ⁸ο
2057 5818 2211 5873 Joan.
2240 5832 2315 5885 ιιι,
2347 5816 2437 5871 29.
2494 5818 2712 5873 “Joan.
2742 5833 2861 5882 vin,
2897 5815 2983 5870 48.

283 5900 330 5930 ω
375 5897 559 5952 Matth.
593 5910 722 5962 χχιι,
762 5895 841 5949 ιθ.

1920 2045 2167 2099 videntes
2193 2044 2468 2098 Christum
2497 2044 2553 2098 in
2579 2044 2744 2098 Deum
2768 2042 2979 2096 Patrem
3003 2057 3161 2096 suum
3184 2047 3490 2109 sperantem

1921 2144 1975 2190 et
1993 2136 2266 2190 dicentem
2297 2153 2310 2188 :
2333 2135 2453 2188 Eloi
2474 2177 2489 2199 ,
2512 2134 2653 2199 Eloi,
2694 2133 2892 2188 lamma
2919 2132 3264 2186 sabachthani
3283 2131 3327 2161 ⁸⁵
3354 2148 3369 2183 :
3395 2145 3492 2182 ne-

1922 2227 2165 2282 sciebant
2203 2241 2401 2293 nempe
2450 2230 2618 2280 Deum
2666 2226 2924 2279 virtutem
2957 2223 3231 2293 pr0priam
3277 2232 3494 2277 contra-

1923 2320 2090 2387 xisse,
2120 2331 2178 2375 ut
2204 2319 2583 2389 opportunitas
2613 2318 2836 2372 daretur
2866 2317 3122 2386 patiendi.

1997 2579 2157 2636 Vens.
2186 2580 2238 2635 5.
2286 2598 2305 2630 ι
2335 2579 2671 2649 Multiplicati
2701 2588 2829 2633 sunt
2854 2593 3019 2648 super
3045 2578 3288 2646 capillos.
3316 2597 3333 2628 ι

1992 2673 2228 2743 Capillos
2271 2687 2400 2727 suos
2424 2680 2583 2727 vocat
2611 2672 2817 2727 ﬁdeles.
2850 2671 3004 2725 Sicut
3046 2671 3192 2723 enim
3235 2677 3398 2738 caput
3442 2668 3496 2722 in

1925 2764 2151 2835 capillis,
2177 2764 2250 2818 ita
2275 2767 2437 2819 etiam
2459 2762 2708 2818 Christus
2735 2763 2791 2817 in
2826 2762 3079 2825 ﬁdelibus
3106 2760 3457 2833 gloriﬁcatur.

1996 2943 2156 2998 Vens.
2189 2942 2241 2998 9.
2289 2962 2307 2995 ι
2329 2943 2608 3000 Alienatus
2634 2943 2810 2999 factus
2839 2959 2982 2999 sum.
3020 2962 3039 2995 ›

1996 3037 2318 3109 Peregrinus
2361 3040 2535 3093 factus
2562 3048 2645 3092 est
2669 3046 2916 3107 tempore
2947 3036 3239 3106 passionis,
3279 3037 3498 3106 quando

1929 3149 2121 3188 omnes
2161 3133 2415 3203 discipuli
2461 3133 2579 3202 ejus
2619 3132 2961 3188 dimittentes
3009 3130 3189 3201 ipsum
3220 3130 3494 3202 fugerunt.

1932 3224 2153 3279 Matrem
2194 3234 2374 3279 autem
2401 3224 2669 3295 intelliges
2695 3223 3029 3294 Synagogam
3068 3222 3378 3277 Judaaorum
3398 3261 3413 3282 ,
3445 3230 3501 3276 et

1936 3330 2154 3370 omnem
2181 3315 2478 3370 secundum
2509 3329 2730 3368 carnem
2776 3314 3156 3383 c0gnationem
3187 3329 3375 3368 eorum
3405 3314 3499 3383 qui

1934 3414 2063 3462 sunt
2107 3406 2174 3461 de
2214 3407 2657 3472 circumcisione;
2702 3406 2848 3483 lllios
2878 3422 3006 3460 vero
3039 3406 3224 3475 hujus,
3258 3405 3379 3459 illos
3408 3406 3499 3475 qui

1935 3498 2113 3567 ipsum
2157 3507 2492 3568 negaverunt
2518 3507 2573 3553 et
2601 3499 2857 3553 dixerunt
2889 3516 2901 3551 :
2934 3498 3086 3551 Hunc
3114 3507 3291 3551 autem
3333 3497 3500 3550 nesci-

1936 3608 2051 3645 mus
2077 3591 2221 3645 unde
2248 3592 2314 3644 sit
2333 3592 2399 3645 ⁶⁰.
2424 3590 2631 3645 Rursus
2662 3601 2847 3645 autem
2881 3594 3226 3661 peregrinum
3258 3590 3500 3643 arbitrati

1935 3691 2063 3736 sunt
2098 3682 2341 3737 dicentes
2373 3702 2385 3736 :
2419 3683 2603 3735 Nonne
2635 3682 2760 3736 bene
2784 3684 3021 3744 dicimus,
3051 3683 3174 3752 quia
3198 3680 3502 3735 Samarita-

1935 3791 2032 3827 nus
2060 3791 2110 3828 es
2139 3784 2193 3827 tu
2218 3814 2232 3836 ,
2262 3784 2310 3828 et
2337 3775 2652 3829 daemonium
2684 3774 2942 3827 habes“?
2972 3773 3049 3826 Ita
3076 3773 3393 3844 peregrinus
3424 3775 3503 3826 fa-

1937 3877 2057 3921 ctus
2086 3875 2169 3921 est
2196 3867 2317 3921 ﬁliis
2347 3867 2535 3923 matris
2563 3882 2695 3920 suae.

2008 3957 2167 4012 Vens.
2194 3958 2278 4013 I2.
2305 3959 2399 4013 «Et
2425 3958 2579 4028 posui
2596 3959 2979 4013 vestimentum
3010 3974 3192 4013 meum
3212 3958 3496 4013 cilicium.»

2006 4050 2253 4105 Cilicium
2284 4066 2411 4106 vere
2446 4067 2699 4121 aSperum
2736 4051 2945 4120 peccati
2980 4052 3152 4105 nostri
3177 4052 3376 4106 induit.

2007 4236 2171 4290 Vens.
2208 4235 2293 4290 15.
2339 4252 2358 4285 ι
2386 4234 2680 4288 Adversum
2712 4248 2798 4288 me
2821 4234 3198 4304 loquebantur.
3234 4252 3252 4284 ι

2005 4323 2292 4392 Principes
2319 4323 2571 4378 Iudaicos
2606 4323 2756 4377 dicit.
2790 4322 3067 4393 Siquidem
3096 4326 3263 4378 moris
3292 4334 3407 4377 erat
3446 4334 3505 4377 ut

1937 4418 2247 4474 Judmorum
2284 4417 2528 4471 seniores
2559 4417 2613 4470 in
2656 4424 2810 4485 porta
2855 4417 3127 4480 sederent,
3168 4416 3308 4469 sicut
3339 4416 3393 4469 in
3424 4416 3506 4469 hi-

1940 4510 2104 4566 storia
2132 4508 2279 4563 Ruth
2307 4516 2362 4562 et
2387 4507 2529 4562 Boos
2552 4507 2907 4577 reperiemus.

2013 4705 2173 4761 Vens.
2206 4705 2292 4760 15.
2329 4720 2349 4755 ι
2375 4702 2443 4758 Ει
2466 4703 2521 4756 in
2556 4719 2640 4757 me
2666 4704 2971 4773 psallebant
3000 4705 3091 4773 qui
3122 4706 3399 4762 bibebant.
3432 4726 3450 4758 ι

2012 4798 2184 4864 Quale
2212 4797 2443 4853 vinum?
2468 4795 2769 4868 Mysticum.
2799 4796 2877 4851 Illi
2906 4798 3051 4851 enim
3084 4815 3193 4853 non
3230 4800 3479 4869 nugaban

1944 4901 2052 4955 tur,
2080 4892 2174 4946 sed
2214 4891 2517 4962 psallebant
2545 4908 2558 4944 :
2595 4905 2792 4960 nempe
2817 4889 2886 4945 de
2913 4890 3024 4945 Deo
3042 4891 3259 4947 Christo
3282 4892 3510 4963 hymnos

1946 4985 2295 5055 propheticos
2319 4985 2632 5039 recitantes.

2015 5075 2209 5129 Adhuc
2257 5076 2324 5129 de
2372 5073 2573 5129 Judazis
2598 5073 2726 5144 agit,
2749 5072 2839 5142 qui
2890 5073 3067 5143 ipsum
3104 5074 3347 5139 oderant,
3394 5084 3513 5128 tan-

1944 5182 2106 5236 quam
2138 5166 2229 5235 qui
2263 5166 2317 5219 in
2357 5166 2550 5220 faciem
2583 5166 2824 5234 ipsorum
2878 5166 3184 5237 hypocrisin
3224 5168 3515 5238 redargue-

1945 5257 2039 5310 bat
2074 5274 2088 5310 :
2124 5256 2176 5310 in
2211 5256 2481 5326 profundo
2521 5265 2703 5311 autem
2749 5272 2944 5326 aquam
2996 5258 3215 5313 malitiae
3252 5260 3515 5313 reconde-

1946 5349 2111 5413 bant,
2148 5350 2216 5403 ita
2247 5358 2308 5404 ut
2336 5364 2723 5419 nonnunquam
2770 5350 2988 5420 quidem
3030 5350 3205 5416 ipsum
3253 5350 3516 5413 Rahbi”,

1947 5441 2234 5509 aliquando
2256 5456 2387 5496 vero
2410 5456 2657 5495 veracem
2682 5448 2736 5495 et
2764 5442 3037 5495 hominem
3076 5456 3106 5493 a
3138 5440 3245 5493 Deo
3285 5440 3515 5492 missum

1951 5533 2275 5596 dicerent“,
2316 5532 2707 5604 malignitatem
2755 5531 2811 5584 in
2852 5531 3021 5586 fundo
3069 5531 3247 5585 cordis
3286 5530 3517 5583 abscon-

1952 5626 2162 5679 dentes.

3086 5816 3130 5846 ⁸¹
3160 5813 3317 5869 Joan.
3346 5830 3427 5878 tu,
3457 5813 3513 5870 ‘2.
