3962 6412
1750 459 2113 521 HESYCHII
2168 458 2635 518 PRESBYTERI
3699 449 3815 515 ἱεὶἓί

2175 576 2221 630 Α
2324 588 2343 621 ι
2378 569 2712 624 Είσάκουσόν
2745 586 2867 639 μου,
2899 568 3089 638 Κύριε.
3127 585 3144 617 ι

2320 663 2432 716 Καὶ
2459 663 2513 715 τί
2561 661 2755 733 χρῄζει
2800 662 2828 713 ὁ
2880 660 3192 727 Μονογενὴς
3220 654 3678 723 είσακουσθῆναι,
3726 654 3825 717 ἶσος

578 781 675 836 par
705 765 777 819 sit
806 773 860 817 et
890 761 1149 831 aequalis?
1191 760 1419 829 lpsemet
1451 772 1668 811 causam
1704 755 1936 809 reddidit
1967 772 1979 807 :
2006 752 2147 817 Quo-

2275 758 2323 806 ‘w
2350 755 2425 825 τῷ
2450 755 2624 825 Πατρὶ
2660 755 2753 807 καὶ
2785 755 3081 822 δμότιμος;
3117 753 3286 815 Αὐτὸς
3314 753 3415 819 τὴν
3449 748 3634 801 αἰτίαν
3660 746 3826 813 λέγει·

581 858 725 909 niam
758 854 977 921 benigna
1014 860 1087 904 est
1118 846 1475 902 misericordia
1510 854 1619 897 tua.
1651 842 1705 896 ld
1742 850 1843 905 est,
1871 841 1995 896 Ideo
2016 855 2151 908 opus

2275 856 2372 905 Οτι
2421 851 2692 921 χρηστὸν
2737 851 2805 903 τὸ
2848 851 3025 916 ἔλεός
3072 848 3534 907 σου.Ἰ“ουτέσ-τι,
3570 844 3668 894 Διὰ
3694 840 3833 894 203'.)

581 950 757 1004 habeo
813 943 1075 1007 exaudiri,
1107 941 1234 1012 quia
1284 950 1507 1010 propter
1558 936 1949 1006 benignitatem
2005 942 2151 986 tuam

2286 944 2671 1013 ίσακουσθῆναι
2698 943 2908 1014 χρῄζω,
2950 942 3139 1010 ἐπειδὴ
3169 940 3461 1010 ἄνθρωπος
3498 937 3592 989 διὰ
3626 935 3720 1003 τὴν
3750 935 3833 999 σὴν

576 1042 743 1095 homo
790 1038 965 1091 factus
1012 1050 1153 1093 sum.
1182 1043 1235 1088 et
1264 1049 1360 1102 pro
1384 1030 1641 1085 omnibus
1669 1028 1999 1090 hominibus,
2029 1040 2152 1080 cum

2275 1034 2663 1105 ριλανθρωπίαν
2696 1039 2916 1101 γέγονα,
2954 1034 3049 1085 καὶ
3079 1033 3219 1101 ὑπὲρ
3253 1031 3481 1083 πάντων
3520 1025 3831 1093 ἀνθρώπων

575 1135 695 1203 jure
727 1132 866 1184 Deus
906 1144 1102 1189 essem,
1133 1128 1248 1180 haec
1281 1126 1444 1179 etiam
1478 1122 1733 1193 suscipio.

2275 1128 2479 1191 ;ἱκότως
2506 1128 2637 1190 Θεὸς
2670 1125 2766 1187 ὢν,
2796 1127 2890 1178 καὶ
2922 1124 3096 1178 ταῦτα
3127 1124 3490 1193 ἀναδέχομαι.

584 464 710 530 1231

648 583 807 636 Vens.
837 581 921 634 Π.
968 598 985 630 ι
1021 577 1222 633 Exaudi
1250 591 1357 638 me,
1395 574 1640 628 Domine.
1675 592 1692 624 ι

649 673 714 727 Et
756 672 885 742 quid
928 685 1063 738 opus
1096 667 1383 737 Unigenito
1414 664 1782 727 exauditione,
1832 679 1953 719 cum
2001 661 2146 715 Patri

654 1227 811 1281 Vens.
850 1225 932 1278 19.
980 1243 999 1274 ‹
1027 1222 1253 1277 Intende
1283 1220 1477 1273 animae
1507 1233 1661 1271 meae.
1697 1236 1713 1267 ι

648 1318 788 1384 Quid
815 1325 899 1370 est
928 1314 1168 1367 intende?
1194 1312 1348 1373 Vide,
1386 1310 1581 1379 inquit,
1612 1308 1804 1376 ipsam,
1849 1303 1994 1373 quod
2046 1318 2155 1356 non

580 1409 647 1463 sit
679 1408 851 1461 solum
880 1404 1139 1468 hominis,
1183 1403 1277 1456 sed
1316 1402 1483 1455 etiam
1530 1399 1623 1452 Dei
1674 1396 1944 1451 incarnati
1982 1413 1993 1447 :
2024 1410 2159 1463 quo-

580 1501 725 1555 niam
757 1514 867 1553 non
897 1512 995 1567 pro
1030 1511 1147 1556 sua,
1178 1494 1272 1548 sed
1309 1509 1408 1563 pro
1452 1490 1725 1546 communi
1756 1488 2008 1541 libertate
2039 1501 2161 1555 pas-

579 1591 761 1645 siones
809 1587 1122 1657 assumpsit.
1177 1584 1313 1651 Quia
1358 1591 1669 1653 potestatem
1718 1579 1882 1633 habeo
1936 1579 2160 1648 ponendi

581 1699 696 1736 eam
717 1724 730 1745 ,
776 1689 823 1735 et
853 1686 1162 1750 potestatem
1188 1676 1350 1729 habeo
1384 1676 1575 1727 iterum
1603 1671 1838 1724 sumendi
1866 1667 2062 1721 eam”.
2087 1667 2163 1721 Te

580 1784 759 1828 autem
794 1772 953 1826 simul
982 1785 1081 1839 pro
1112 1770 1231 1838 ipsa
1262 1768 1526 1835 deprecor
1554 1769 1778 1833 propter
1824 1759 2001 1814 carnis
2031 1759 2163 1813 sub-

577 1865 898 1935 jectionem.

650 1956 917 2022 Quoniam
963 1969 1071 2008 non
1120 1968 1220 2023 pro
1251 1951 1458 2019 meipso
1483 1950 1605 2013 ista,
1640 1950 1733 2004 sed
1766 1965 1865 2018 pro
1897 1955 2008 2003 tota
2054 1960 2153 1998 na-

582 2060 701 2104 tura
747 2048 985 2101 humana
1030 2045 1299 2108 sustinui;
1353 2044 1511 2111 cujus
1543 2057 1665 2095 cum
1700 2050 1920 2111 peccata
1951 2053 2153 2109 geram,

584 2140 892 2195 necessario
926 2141 1089 2193 etiam
1117 2137 1433 2192 eorumdem
1463 2136 1726 2205 pudorem
1756 2134 2015 2188 sustinui.

656 2232 820 2287 Vens.
853 2231 944 2285 22.
991 2250 1008 2283 ι
1040 2232 1105 2285 Et
1132 2230 1400 2284 dederunt
1431 2229 1485 2281 in
1511 2243 1691 2282 escam
1732 2241 1907 2281 meam
1933 2224 2024 2279 fel.
2061 2244 2080 2275 ι

660 2326 769 2379 lloc
787 2325 949 2378 etiam
975 2322 1153 2377 crucis
1170 2330 1412 2391 tempore
1430 2320 1709 2390 impletum
1728 2316 2119 2387 reperiemus“
2141 2333 2154 2368 :

584 2433 708 2471 nam
743 2414 915 2469 Judaei
944 2422 1071 2467 tunc
1097 2413 1147 2466 ei
1174 2420 1387 2466 acetum
1419 2419 1473 2464 et
1501 2410 1571 2463 fel
1602 2408 1942 2461 obtulerunt.

658 2595 821 2651 Vnus.
849 2595 938 2649 29.
985 2611 1003 2645 ι
1037 2593 1327 2647 Deleantur
1352 2591 1419 2643 de
1445 2589 1584 2642 libro
1611 2586 1930 2641 viventium.
1958 2604 1977 2637 ι

656 2689 767 2744 Etsi
800 2688 966 2751 enim,
1000 2685 1194 2754 inquit,
1225 2682 1471 2751 inscripti
1503 2682 1614 2735 sint
1637 2680 1798 2750 primi
1822 2685 2044 2749 propter
2066 2691 2160 2747 pa-

587 2793 698 2837 tres
735 2797 862 2836 suos
895 2780 983 2849 qui
1020 2777 1160 2848 apud
1208 2776 1374 2830 Deum
1406 2775 1601 2829 vivunt
1643 2774 1810 2844 (unde
1836 2772 1999 2827 etiam
2029 2769 2162 2839 ipsis

588 2876 742 2930 factae
788 2880 915 2927 sunt
960 2868 1391 2940 promissiones),
1422 2881 1611 2922 verum
1643 2880 1765 2921 cum
1801 2864 1926 2918 talia
1962 2862 2164 2916 fuerint

589 2969 726 3031 ausi,
760 2967 1063 3025 deleantur.
1090 2976 1265 3031 neque
1308 2977 1341 3014 ‘a
1387 2959 1516 3021 Deo,
1562 2958 1758 3027 inquit,
1797 2954 2163 3010 inscribantur

590 3073 712 3112 cum
737 3054 898 3125 justis
922 3053 1132 3115 electis,
1151 3058 1205 3104 et
1230 3048 1320 3118 qui
1343 3047 1485 3118 apud
1503 3046 1683 3116 ipsum
1708 3043 1815 3097 vita
1840 3041 1989 3111 digni
2011 3046 2160 3104 sunt,

592 3157 778 3219 utpote
804 3146 897 3216 qui
929 3153 1206 3199 auctorem
1238 3140 1428 3195 salutis
1455 3137 1765 3209 rejecerint.

660 3326 820 3379 Vens.
854 3322 941 3377 30.
988 3339 1005 3371 ι
1033 3318 1245 3389 Pauper
1270 3327 1323 3372 et
1357 3316 1545 3371 dolens
1578 3332 1697 3373 sum
1731 3331 1849 3386 ego.
1878 3336 1896 3366 ι

664 3415 901 3470 Laudem
929 3420 1087 3467 vocat
1109 3410 1497 3471 laudationem,
1534 3423 1653 3477 qua:
1684 3407 1783 3477 ipsi
1812 3407 1880 3461 ab
1908 3406 2161 3463 universa

595 3514 840 3561 creatura
872 3501 1210 3557 naturalibus
1236 3500 1473 3555 motibus
1517 3499 1692 3566 ipsum
1740 3499 1994 3553 laudante
2038 3515 2163 3568 pro-

598 3599 789 3651 fertur.
827 3593 1068 3649 Ecclesia
1099 3592 1261 3662 igitur
1297 3606 1405 3644 non
1439 3591 1613 3645 solum
1644 3605 1987 3644 communem
2017 3590 2163 3645 illam

598 3704 721 3742 cum
755 3694 1000 3741 creatura
1029 3683 1395 3737 laudationem
1426 3696 1484 3736 se
1509 3682 1812 3737 oblaturam
1852 3682 2161 3753 pollicetur,

599 3779 693 3834 sed
720 3793 842 3832 cum
873 3776 1083 3830 cantico
1113 3773 1527 3838 celebraturam,
1554 3772 1607 3827 id
1636 3782 1736 3836 est,
1756 3773 2050 3843 spiritalem
2082 3784 2165 3830 at-

598 3886 704 3941 que
719 3866 1139 3923 intellectualem
1167 3864 1514 3936 hymnodiam
1533 3864 1857 3920 oblaturam.
1885 3866 2000 3921 Hoc
2017 3868 2163 3922 enim

599 3960 817 4033 proprie
848 3969 931 4014 est
967 3966 1188 4012 cantare
1226 3958 1359 4012 Deo.

671 4052 829 4107 Vsus.
859 4052 945 4106 3|.
994 4070 1012 4103 ι
1039 4051 1292 4105 Laudabo
1330 4066 1530 4105 nomen
1560 4051 1651 4106 Dei
1680 4067 1804 4108 cum
1835 4056 2064 4109 cantico.
2091 4074 2109 4106 ι

672 4144 969 4198 Rationalis
992 4142 1139 4197 enim
1166 4140 1402 4196 laudatio
1423 4157 1535 4211 pra:
1557 4143 1705 4197 cultu
1735 4144 1894 4216 legali
1918 4145 2028 4200 Deo
2052 4145 2165 4215 pla-

601 4248 689 4294 cet
1110 4320 1423 4378 PSALMUS
1462 4321 1648 4377 LXIX.

675 4420 832 4475 Vens.
857 4419 912 4474 2.
954 4417 1116 4479 Deus,
1148 4417 1203 4470 in
1230 4415 1555 4485 adiutorium
1597 4430 1797 4471 meum.
1825 4435 1842 4466 ι

672 4512 893 4566 Beatum
917 4520 998 4565 est
1014 4523 1136 4563 cum
1157 4517 1305 4562 tanta
1327 4506 1522 4563 ﬁducia
1537 4506 1705 4562 Deum
1725 4523 1901 4571 orare,
1917 4517 1976 4563 ut
1998 4508 2163 4565 etiam

2334 1238 2352 1270 ι
2385 1221 2623 1289 Πρὸσχες
2656 1222 2721 1289 τῇ
2751 1217 2897 1288 ψυχῇ
2938 1235 3061 1287 μου.
3089 1235 3108 1268 ι

2333 1312 2428 1375 Τί,
2458 1312 2759 1379 πρόσχες;
2786 1311 2914 1375 Ἴδε,
2944 1311 3129 1380 φησὶν,
3154 1309 3346 1377 αὑτὴν,
3369 1308 3456 1361 ὅτι
3488 1305 3597 1358 οὑκ
3622 1303 3734 1356 ἐστι
3762 1304 3837 1372 μά·

2258 1419 2347 1455 νον
2374 1400 2659 1472 ἀνθρώπου
2680 1442 2695 1464 ,
2729 1401 2864 1453 ἀλλά
2900 1403 2994 1454 καὶ
3024 1401 3401 1472 σαρκωθέντος
3435 1396 3588 1451 Θεοῦ
3612 1413 3627 1426 ·
3657 1396 3739 1447 ὅτι
3759 1395 3837 1465 οὑχ

2260 1493 2398 1564 ὑπὲρ
2445 1493 2636 1563 αὐτῆς,
2668 1493 2783 1545 ἀλλ’
2815 1494 2955 1563 ὑπὲρ
3004 1494 3190 1562 κοινῆς
3242 1491 3573 1561 ἐλευθερίας
3609 1487 3682 1540 τά
3712 1488 3837 1554 πάθη

2261 1584 2731 1651 κατεδέξατο.”οτι
2762 1584 3089 1648 Ἐξουσιάν
3120 1584 3238 1651 ἔχω
3278 1582 3471 1637 θεῖναι
3505 1580 3736 1643 αὐτὴν·
3758 1579 3838 1629 καὶ

2261 1676 2551 1740 ἐξουσίαν
2580 1675 2696 1745 ἔχω
2720 1676 2928 1729 λαϐεῖν
2955 1675 3168 1742 αὐτήν.
3198 1676 3289 1728 Σοὶ
3323 1676 3379 1727 δέ
3406 1675 3573 1742 ὅμως
3600 1670 3740 1741 ὑπὲρ
3758 1671 3839 1723 αὑ-

2263 1766 2362 1835 τῆς
2393 1765 2481 1818 διὰ
2514 1766 2613 1837 τὴν
2643 1767 2920 1838 ὑποταγὴν
2945 1770 3046 1837 τῆς
3075 1766 3277 1838 σαρκὸς
3300 1763 3720 1836 προσεύχομαι.

2332 1937 2453 1991 Ὅτι
2488 1939 2587 2008 οὑχ
2632 1937 2774 2008 ὑπὲρ
2820 1937 3061 2007 ἐμαυτοῦ
3091 1937 3286 2001 ταῦτα,
3328 1934 3477 2006 ὑπὲρ
3514 1934 3577 1987 δὲ
3602 1933 3727 2001 ὅλης
3758 1936 3838 2000 τῆς

2258 2029 2606 2104 ἀνθρωπίνης
2626 2030 2899 2099 ὑπέμεινα
2918 2030 3134 2098 φύσεως
3148 2047 3162 2062 ο
3183 2024 3251 2100 ἧς
3271 2029 3369 2091 τάς
3392 2026 3683 2097 ἁμαρτίας
3700 2025 3833 2093 ἔχων,

2259 2122 2573 2190 ἀναγκαίως
2610 2122 2704 2174 καὶ
2736 2121 2835 2192 τὴν
2866 2120 3155 2174 ὑπἀὑτῶν
3182 2121 3450 2190 αίσχὺνην
3490 2116 3806 2179 ἐϐάσταζον.

2335 2233 2355 2265 ‹
2385 2213 2495 2267 Καὶ
2525 2212 2733 2266 ἔδωκαν
2760 2215 2840 2274 εἰς
2864 2212 2926 2264 τὸ
2958 2210 3155 2282 βρῶμά
3183 2230 3283 2282 μου
3317 2212 3512 2281 χολήν.
3546 2228 3565 2259 ι

2328 2306 2487 2359 Κατά
2522 2306 2613 2360 τὸν
2645 2306 2836 2376 καιρὸν
2867 2306 2962 2358 καὶ
2993 2306 3151 2359 τοῦτο
3191 2305 3285 2357 τοῦ
3330 2303 3581 2374 σταυροῦ
3626 2302 3829 2369 εὑρήσο-

2263 2413 2362 2468 μεν
2406 2394 2868 2467 πεπληρωμένον’·
2901 2397 3020 2462 ὄξος
3060 2397 3169 2466 γὰρ
3212 2399 3306 2450 καὶ
3336 2395 3507 2465 χολὴν
3558 2394 3709 2463 αὑτῷ
3734 2393 3828 2445 τότε

2262 2489 2651 2561 προσήνεγκαν
2676 2490 2727 2542 oi
2761 2489 3027 2543 Ἰουδαῖοι.

2335 2601 2353 2633 ι
2377 2581 2881 2651 Ἐξαλειφθήτωσαν
2912 2583 2975 2634 ἐκ
3010 2580 3191 2650 βίϐλου
3225 2580 3467 2644 ζώντων.
3506 2599 3527 2631 ι

2336 2674 2395 2725 Εἰ
2424 2672 2533 2744 γὰρ
2560 2673 2653 2726 καὶ
2682 2672 2916 2744 πρῶτοι,
2953 2672 3119 2741 φησὶν
3143 2712 3158 2737 ,
3190 2673 3583 2743 ἐνεγράφησαν
3617 2671 3701 2725 διὰ
3726 2672 3827 2732 τοὺς

2263 2766 2413 2837 παρά
2466 2766 2584 2838 Θεῷ
2621 2766 2829 2830 ζῶντας
2876 2766 3122 2836 πατέρας
3157 2764 3369 2817 αὑτῶν*
3405 2764 3484 2827 ὡς
3534 2766 3634 2817 καὶ
3675 2764 3826 2824 αὐτοῖς

2261 2858 2505 2913 δεδόσθαι
2534 2857 2633 2920 τάς
2662 2856 2997 2925 ἐπαγγελίας
3016 2873 3031 2887 ’
3067 2855 3181 2908 ἀλλ’
3213 2847 3307 2909 οὑν
3331 2854 3572 2909 τοιαῦτα
3587 2855 3823 2923 τετολμη-

2263 2952 2438 3017 κότες,
2469 2949 2968 3020 ἐξαλειφθήτωσαν,
3005 2948 3138 3020 μηδὲ
3169 2947 3326 3019 παρὰ
3354 2947 3499 3017 Θεῷ,
3542 2949 3727 3019 φησὶν,
3750 2948 3822 3013 ἐγ·

2261 3044 2634 3114 γραφήτωσαν
2691 3040 2833 3111 μετὰ
2882 3039 2989 3092 τῶν
3031 3039 3442 3108 ἐκλελεγμένων
3469 3040 3721 3099 δικαίων,
3749 3039 3821 3090 καὶ

2262 3136 2361 3197 τῆς
2386 3134 2514 3203 παρ’
2538 3132 2684 3203 αὐτῷ
2710 3131 2855 3200 ζωῆς
2876 3130 3046 3185 ὄντων
3068 3130 3257 3197 ἀξίων,
3276 3132 3351 3193 ὡς
3368 3132 3460 3183 τὸν
3480 3133 3726 3202 ἀρχηγὸν
3746 3131 3820 3197 τῆς

2266 3226 2540 3299 σωτηρίας
2570 3225 3063 3297 παραιτησάμενοι.

2343 3339 2362 3371 ι
2393 3318 2615 3389 Πτωχὸς
2645 3317 2740 3371 καὶ
2766 3316 2946 3384 ἀλγῶν
2973 3318 3089 3385 είμι
3120 3315 3253 3384 ἐγώ.
3284 3334 3302 3365 ι

2334 3406 2492 3463 Αἶνον
2536 3410 2635 3481 τὴν
2680 3408 2987 3478 δοξολογίαν
3016 3408 3190 3469 καλεῖ,
3220 3410 3342 3478 ἥτις
3374 3410 3530 3477 αὑτῷ
3560 3409 3705 3479 παρά
3738 3406 3817 3473 τῆς

2265 3504 2494 3567 κτίσεως
2523 3503 2653 3573 ὅλης
2681 3504 2931 3570 φυσικοῖς
2956 3500 3256 3571 κινήμασιν
3275 3501 3439 3552 αὑτὸν
3462 3499 3818 3567 δοξολογοὺσῃς

2264 3595 2653 3666 προσφέρεται.
2675 3594 2739 3647 Ἡ
2774 3593 3069 3664 Ἐκκλησία
3088 3593 3265 3647 τοίνυν
3299 3594 3358 3646 οὑ
3385 3594 3553 3663 μόνον
3581 3593 3674 3665 τὴν
3704 3591 3810 3662 μετὰ

2265 3684 2363 3755 τῆς
2396 3686 2626 3746 κτίσεως
2676 3684 2985 3751 δοξολογίαν
3037 3683 3370 3754 προσφέρειν
3420 3684 3792 3753 ἐπαγγέλλεται,

2266 3778 2398 3830 ἀλλὰ
2436 3776 2556 3847 μετ’
2573 3775 2716 3847 ᾠδῆς
2758 3775 3038 3841 δοξάζειν,
3073 3775 3317 3828 τουτέστι
3349 3774 3707 3844 πνευματικὴν
3726 3772 3789 3822 καὶ

2264 3870 2452 3941 νοερὰν
2502 3867 2779 3939 ὑμνῳδίαν
2823 3866 3178 3939 προσφέρειν.
3207 3866 3376 3919 Τοῦτο
3419 3868 3531 3938 γάρ
3579 3870 3704 3920 ἐστιν
3727 3862 3791 3914 ὲτὶ

2263 3960 2400 4016 Θεοῦ
2435 3961 2639 4030 κυρίως
2671 3960 2731 4012 τὸ
2759 3959 2925 4031 ᾄδειν.

2340 4072 2360 4106 ι
2386 4053 2597 4106 Αίνέσω
2621 4052 2681 4106 τό
2711 4051 2883 4122 ὄνομα
2910 4050 3007 4104 τοῦ
3033 4051 3168 4105 Θεοῦ
3198 4069 3301 4122 μου
3334 4053 3454 4121 μετ’
3476 4053 3636 4124 ᾠδῆς.
3658 4070 3674 4103 ι

2344 4146 2409 4198 Ἦ
2443 4145 2550 4215 γὰρ
2575 4144 2766 4216 λογικὴ
2791 4146 2998 4207 αἴνεσις
3032 4144 3171 4215 ὑπὲρ
3201 4143 3301 4215 τὴν
3325 4146 3563 4217 νομικὴν
3593 4138 3792 4213 λατρείαν

2264 4239 2486 4308 ἀρέσκει
2508 4238 2585 4308 τῷ
2610 4236 2751 4307 Θεῷ.

2822 4326 3115 4383 ΨΑΛΜΟΣ
3148 4328 3266 4382 ΞΘ’.

2340 4440 2359 4472 ι
2381 4420 2444 4477 Ὀ
2474 4421 2626 4486 Θεὸς,
2655 4422 2737 4485 είς
2767 4421 2866 4489 τὴν
2897 4422 3206 4493 βοήθειαν.»

2335 4514 2622 4585 Μακάριον
2649 4515 2745 4568 σὺν
2771 4514 3013 4585 τοσαύτῃ
3047 4515 3331 4586 παρρησίᾳ
3353 4514 3430 4585 τῷ
3461 4515 3581 4586 Θεῷ
3606 4510 3799 4585 προσεύ-

602 4603 778 4673 ipsum
817 4614 1106 4672 urgeamus
1131 4599 1198 4653 ad
1222 4598 1382 4653 nobis
1400 4597 1795 4669 opitulandum.
1813 4598 2052 4654 Primum
2074 4615 2161 4655 au-

2275 4607 2479 4677 χεσθαι,
2515 4607 2656 4662 ὥστε
2700 4608 2795 4662 καὶ
2835 4608 3181 4677 κατεπείγειν
3228 4608 3391 4662 αὑτὸν
3438 4610 3515 4673 είς
3558 4607 3799 4679 ἡμετέραν

601 4707 709 4751 tem
736 4695 903 4750 Deum
938 4701 997 4748 ut
1026 4692 1335 4748 intenderet
1360 4734 1373 4759 ,
1402 4700 1456 4747 et
1483 4692 1828 4762 postmodum
1864 4702 1924 4749 ut
1952 4694 2163 4749 accele-

602 4796 778 4851 raret,
810 4785 1019 4857 rogavit
1051 4802 1065 4838 :
1102 4784 1149 4838 si
1183 4784 1328 4838 enim
1353 4782 1578 4837 omnino
1606 4783 1904 4840 intenderit
1929 4801 2162 4855 quanam

599 4880 687 4933 vel
712 4878 857 4948 quali
892 4892 994 4946 ope
1032 4876 1388 4947 indigeamus,
1417 4874 1563 4929 illico
1592 4876 2032 4944 eommiseretur;
2061 4877 2164 4932 mi-

602 4977 779 5026 sertus
807 4976 990 5023 autem
1017 4966 1301 5032 accelerat,
1333 4975 1387 5021 et
1406 4981 1514 5022 non
1541 4967 1739 5023 differt.

666 5144 835 5202 ’νεῖαι
859 5148 913 5201 5.
957 5162 977 5196 ι
1004 5143 1434 5211 Confundantur,
1466 5155 1523 5201 et
1554 5159 1923 5205 revereantur.
1950 5169 1968 5201 ι

675 5235 779 5301 Qui
808 5235 1016 5288 animas
1033 5242 1248 5289 nostras
1268 5238 1495 5305 perdere
1510 5248 1777 5305 quaerunt,
1794 5249 1919 5294 sunt
1936 5242 2165 5297 maxime

604 5328 876 5382 daemones
903 5343 917 5379 :
947 5333 1075 5380 sunt
1102 5334 1282 5381 tamen
1312 5326 1473 5381 etiam
1523 5329 1769 5383 homines
1797 5332 2035 5399 perversi
2070 5333 2168 5387 ali-

602 5416 716 5487 qui,
743 5416 834 5485 qui
865 5416 931 5470 ad
962 5432 1153 5486 pravas
1180 5418 1421 5472 actiones
1465 5426 1520 5471 et
1564 5419 1823 5475 absurdas
1860 5423 2165 5491 voluptates

602 5523 704 5562 nos
729 5518 1055 5578 provocent;
1078 5524 1265 5563 verum
1292 5510 1470 5564 neutri
1500 5510 1877 5580 prmdictorum
1916 5524 2162 5583 possunt,

602 5600 703 5654 nisi
738 5616 767 5653 a
793 5600 969 5663 nobis,
1001 5600 1144 5654 unde
1174 5615 1274 5654 nos
1304 5601 1554 5669 prodant,
1596 5604 1919 5671 acceperint,
1946 5606 2049 5660 nisi
2098 5607 2167 5661 li-

602 5690 741 5757 gatis
772 5691 966 5746 anima
1012 5691 1260 5748 manibus
1309 5692 1549 5747 obsecuti
1591 5693 1719 5763 ipsis
1748 5694 2029 5753 fuerimus.
2058 5700 2167 5769 Ipsi

678 5865 723 5895 “
748 5864 903 5921 Joau.
936 5884 989 5933 χ,
1022 5870 1106 5923 18.
1182 5873 1225 5905 ⁸⁸
1254 5870 1438 5925 Matth.
1466 5888 1632 5947 sxvu,
1659 5873 1747 5928 54.

2272 4697 2541 4770 βοήθειαν.
2577 4698 2801 4770 Πρῶτον
2838 4700 2894 4753 δὲ
2928 4699 3216 4770 προσέχειν
3250 4700 3341 4752 τὸν
3379 4698 3546 4765 Θεὸν,
3573 4702 3661 4754 καὶ
3690 4696 3802 4767 μετὰ

2267 4789 2426 4842 τοῦτο
2465 4788 2713 4859 ταχῦναι,
2759 4788 3139 4861 προσηύξατο’
3172 4787 3269 4842 ἐάν
3304 4788 3411 4860 γὰρ
3444 4789 3579 4851 ὅλως
3622 4787 3799 4857 πρόςχῃ

2269 4881 2413 4944 τίνος
2436 4881 2470 4951 ἢ
2501 4880 2662 4943 ποίας
2685 4879 2931 4951 βοηθείας
2950 4880 3243 4951 χρῄζομεν,
3272 4878 3611 4951 παραχρῆμα
3628 4878 3799 4940 σπλαγ-

2270 4973 2541 5044 χνίζεται·
2575 4972 2991 5043 σπλαγχνισθεὶς
3024 4972 3079 5025 δέ
3109 4971 3457 5041 ταχύνει,καὶ
3480 4972 3579 5025 οὑκ
3597 4967 3797 5025 ἀναδάἄρ

2268 5064 2439 5117 λεται.

2345 5175 2363 5207 ι
2390 5154 2863 5225 Αίσχυνθήτωσαν,
2900 5155 2991 5209 καὶ
3013 5154 3455 5223 ἐντραπήτωσαν.
3491 5171 3509 5204 ι

2340 5247 2402 5298 Οἱ
2438 5244 2727 5316 ζητοῦντες
2756 5244 2913 5315 ἡμῶν
2948 5245 3047 5307 τὰς
3074 5242 3251 5312 ψυχὰς
3291 5242 3616 5313 διαφθεῖραι,
3643 5243 3684 5295 οἱ
3708 5237 3795 5291 δαί-

2273 5338 2430 5406 μονές
2458 5340 2567 5390 είσι
2600 5337 2829 5407 μάλιστα
2847 5355 2861 5369 ·
2886 5338 3105 5405 ζητοῦσι
3134 5338 3191 5390 δέ
3219 5338 3312 5389 καὶ
3341 5338 3477 5407 πρὲις
3501 5338 3595 5400 τάς
3622 5334 3793 5404 φαύλας

2270 5427 2518 5499 πράξεις,
2548 5429 2739 5499 ἡδονάς
2760 5446 2819 5481 τε
2840 5429 3073 5491 ἀτόπους
3096 5430 3244 5499 ἡμᾶς
3272 5429 3601 5499 ἐρεθίζοντες
3623 5426 3793 5494 ἄνθρω-

2271 5539 2360 5575 ποι
2378 5539 2391 5551 ο
2426 5522 2542 5575 ἀλλ’
2563 5521 2832 5591 οὐδέτεροι
2861 5519 2966 5573 τῶν
2992 5522 3297 5592 εἰρημένων
3322 5519 3591 5585 δύνανται,
3620 5519 3703 5571 ἐὰν
3734 5513 3791 5583 μὴ

2270 5614 2400 5684 παρ’
2447 5614 2602 5684 ἡμῶν
2640 5614 2740 5685 τὴν
2772 5614 3069 5683 καθ’ἡμῶν
3096 5612 3387 5684 προδοσίαν
3422 5611 3787 5685 παραλάϐωσιν.

2274 5705 2366 5760 ἐὰν
2398 5706 2471 5775 μὴ
2500 5708 2597 5769 τάς
2624 5709 2809 5776 χεῖρας
2838 5707 2934 5777 τῆς
2953 5705 3127 5777 ψυχῆς
3150 5705 3431 5777 δήσαντες,
3458 5705 3621 5769 οὑτως
3638 5700 3789 5758 αὐτοῖς
