3962 6408
140 348 274 416 19.33

1303 369 1766 430 FRAGMENTA
1807 373 1888 434 IN
1926 375 2280 437 PSALMOS.

3253 383 3388 452 123l-

137 462 639 539 ἀκολουθήσωμεν.
657 466 816 526 Οὗτοι
837 476 1017 529 τοίνυν
1039 479 1404 548 αἰσχύνονται,
1424 483 1554 536 ὅταν
1579 485 1708 553 ἡμᾶς

1826 487 2003 556 itaque
2030 489 2456 557 confunduntur,
2482 493 2699 562 quando
2723 510 2823 554 nos
2848 498 3058 556 insidiis
3093 500 3204 556 suis
3229 500 3385 572 longe

134 555 515 628 ὑψηλοτέρους
544 565 675 618 πολὺ
701 567 799 637 τῆς
820 587 894 622 πα
902 571 950 640 ρ’
970 573 1146 624 αὐτῶν
1168 573 1461 645 ἐπιϐουλῆς
1487 576 1581 628 καὶ
1599 593 1728 630 κατ-

130 649 436 721 ορθοῦντας
470 656 802 716 θεάσωνται.

205 761 224 791 ι
249 743 776 820 Ἀποστραφείησαν
810 770 882 806 πα
895 757 1144 824 ραυτίκα.
1174 775 1193 808 ι

197 835 588 901 Παραυτίκα,
622 843 900 898 τουτέστιν
931 845 1152 909 εὐθέως,
1189 847 1285 900 καὶ
1315 845 1583 915 ἀναϐολῆς
1616 863 1724 916 χω-

131 923 231 993 ρίς.
246 925 418 990 Τίνας
450 929 514 980 δὲ
541 933 600 982 ἐν
619 935 769 1003 τάχει
793 938 1255 1007 καταισχυνθῆναι
1277 937 1526 1008 βούλεται
1547 953 1561 1000 ;
1585 937 1724 1000 Τοὺς

127 1013 418 1082 λέγονταςο
455 1017 644 1092 Εὖγε,
675 1021 848 1095 εὖγε·
892 1029 1134 1083 τουτέστι
1183 1031 1310 1093 τοὺς
1359 1029 1720 1096 ὲγγελῶντας,

126 1110 248 1172 τοὺς
291 1112 730 1183 κολακεύοντας,
765 1122 892 1182 τοὺς
929 1123 1274 1188 ἀπατῶντας,
1307 1125 1434 1186 τοὺς
1462 1122 1722 1191 ἀποδεχο-

128 1204 319 1268 μένους
350 1203 433 1266 ὡς
463 1207 655 1273 ἀγαθά
684 1209 751 1261 τά
776 1209 1013 1282 βλαϐερά
1033 1215 1127 1265 καὶ
1151 1212 1445 1282 θανάσιμα.
1474 1211 1618 1280 Πλὴν
1639 1211 1720 1262 ὅτι

126 1292 248 1354 τοὺς
279 1295 383 1362 μὲν
412 1300 656 1367 νοητοὺς
688 1301 914 1372 ἐχθροὺς
944 1305 1408 1376 καταισχυνθῆναι
1449 1305 1543 1357 καὶ
1585 1303 1720 1356 ἀπο-

130 1387 438 1455 στραφῆναι
468 1391 661 1459 μόνον,
686 1396 810 1456 τοὺς
835 1395 892 1447 δὲ
921 1395 1210 1464 αἰσθητοὺς
1231 1396 1320 1450 διὰ
1339 1398 1536 1465 τάχους
1556 1409 1720 1462 προσ-

130 1475 343 1543 εύχεται
365 1493 379 1507 ⁸
404 1479 777 1552 εὐκολώτεροι
798 1485 905 1554 γὰρ
925 1480 1092 1550 οὗτοι,
1111 1485 1184 1550 ὡς
1210 1486 1427 1555 ἀδελφοὶ
1445 1487 1511 1554 τῇ
1535 1483 1714 1552 φύσει,

128 1567 216 1618 καὶ
240 1569 566 1636 ὁμογενεῖς,
594 1575 688 1626 καὶ
713 1577 996 1644 ὁμόφυλοι.

199 1678 216 1708 ι
239 1661 735 1727 Ἀγαλλιάσθωσαν
770 1669 863 1721 καὶ
901 1669 1381 1738 εὐφρανθήτωσαν.
1413 1685 1432 1719 ι

193 1749 472 1822 Σωτήριον
510 1755 610 1807 τοῦ
662 1757 875 1829 [ἰατρὸς
919 1760 950 1811 ὁ
990 1761 1223 1830 Χριστὸς
1269 1759 1615 1831 ὀνομάζεται·
1655 1757 1713 1809 ἒν

1827 584 2134 638 suneriores
2155 594 2209 637 et
2239 594 2382 640 recte
2408 602 2564 657 agere
2601 593 3000 659 conspexerint.

1897 753 2054 810 Vens.
2080 758 2132 812 4.
2179 775 2198 808 ι
2231 760 2557 816 Avertantur
2581 765 2784 820 statim.
2818 785 2837 818 ι

1895 848 2114 916 Statim,
2135 849 2187 904 id
2210 860 2293 905 est
2321 853 2486 918 illico,
2512 865 2567 910 et
2594 857 2712 912 sine
2736 857 3012 914 dilatione.
3035 858 3181 925 Quos
3201 869 3382 916 autem

1823 938 2107 994 confestim
2129 941 2626 1001 vult‘erubescere?
2645 948 2747 1014 Qui
2776 950 2965 1005 dicunt
2991 968 3005 1004 :
3028 950 3194 1021 Euge,
3218 968 3382 1022 euge;

1822 1029 1875 1084 id
1895 1041 1996 1093 est,
2011 1032 2285 1098 irrisores,
2307 1037 2632 1105 adulatores,
2649 1040 2991 1110 impostores,
3014 1043 3105 1112 qui
3125 1057 3382 1114 tanquam

1821 1121 1982 1185 bona,
2017 1138 2079 1177 ea
2128 1140 2248 1193 quae
2290 1129 2449 1183 noxia
2493 1142 2546 1184 et
2588 1133 2834 1186 mortalia
2879 1143 3024 1199 sunt,
3056 1137 3376 1206 suscipiunt.

1820 1211 2202 1272 Verumtamen
2240 1219 2514 1288 spiritales
2536 1222 2752 1290 quidem
2781 1225 3028 1280 inimicos
3054 1227 3380 1281 erubescere

1817 1306 2079 1362 duntaxat
2104 1316 2158 1363 et
2181 1311 2372 1374 averti,
2418 1313 2514 1368 sed
2539 1315 2822 1371 sensibiles
2849 1316 2970 1371 illos
2999 1332 3122 1370 cum
3155 1316 3379 1371 festina-

1820 1399 1967 1453 tione
2007 1401 2177 1455 averti
2222 1411 2414 1474 rogat:
2441 1404 2495 1458 hi
2539 1407 2686 1460 enim
2732 1407 2904 1478 magis
2946 1407 3157 1472 lubrici,
3191 1415 3376 1477 utpote

1817 1499 2012 1547 natura
2045 1491 2257 1559 fratres,
2284 1503 2339 1549 et
2363 1495 2606 1566 ejusdem
2633 1499 2880 1570 generis,
2907 1508 2963 1554 et
2984 1500 3337 1556 contribules.

1885 1666 2044 1723 Vens.
2067 1669 2120 1723 5.
2167 1688 2184 1720 ι
2216 1669 2497 1726 Exsultent
2523 1681 2578 1726 et
2599 1673 2869 1728 laetentur.
2901 1692 2918 1724 ι

1887 1758 2135 1815 Salutare
2184 1760 2360 1818 Patris
2420 1774 2763 1835 nuncupatur
2825 1765 3112 1820 Christus:
3158 1765 3215 1819 in
3253 1765 3371 1836 ipso

137 1843 271 1913 αὐτῷ
315 1844 431 1915 γὰρ
490 1848 596 1901 τοῦ
652 1850 846 1917 γένους
872 1850 979 1903 τῶν
1021 1851 1323 1922 ἀνθρώπων
1365 1854 1398 1922 ἡ
1460 1847 1703 1919 σωτηρία

1821 1848 1950 1902 enim
1976 1851 2188 1920 generis
2213 1852 2434 1907 humani
2459 1827 2773 1910 salus-facta
2804 1864 2907 1910 est.
2946 1855 3099 1911 Unde
3155 1866 3210 1910 et
3273 1827 3363 1910 Si-

136 1935 658 2006 τέπρακται.’¹Οθεν
685 1944 778 2000 καὶ
802 1942 1027 2014 Συμεὼν
1051 1942 1339 1998 ἀπολαϐὼν
1362 1944 1451 1997 τὸν
1469 1940 1705 2011 Χριστὸν

143 2031 190 2080 ὲν
213 2032 327 2094 ταῖς
358 2032 645 2100 ἀγκάλαις
671 2035 820 2104 ἔλεγε
840 2052 854 2066 ο
889 2038 1018 2090 Νῦν
1047 2037 1332 2102 ἀπολύεις
1351 2036 1458 2089 τὸν
1481 2034 1708 2089 δοῦλόν

143 2133 260 2183 σου,
293 2121 604 2189 Δέσποτα,
633 2126 783 2180 κατὰ
810 2124 875 2179 τὸ
898 2125 1065 2194 ῥῆμά
1088 2143 1225 2192 σου,
1245 2128 1314 2180 ἐν
1339 2123 1566 2194 εἰρήνῃ·
1616 2122 1705 2176 ὅτι

145 2207 284 2264 εἶδον·
308 2215 363 2265 ol
394 2215 706 2284 ὀφθαλμοί
721 2235 841 2286 μου
858 2218 923 2270 τὸ
946 2218 1242 2286 Σωτήριόν
1269 2234 1408 2272 σου.
1439 2219 1503 2270 Οἱ
1526 2215 1709 2269 τοίνυν.

147 2300 281 2354 τοῦτο
315 2305 660 2372 ἀγαπῶντες
696 2308 757 2360 τὸ
799 2311 1088 2381 σωτήριον,
1125 2311 1416 2372 διαπαντὸς
1448 2309 1539 2363 τὸν
1573 2307 1704 2361 Θεὸν

155 2395 512 2462 μεγαλύνουσι,
573 2400 820 2454 τουτέστι
880 2401 1212 2468 δοξάζουσιν·
1263 2405 1364 2467 ὅτι,
1392 2403 1458 2456 τὰ
1513 2400 1705 2455 εἴδωλα

158 2485 544 2556 καταλιπόντες,
563 2492 657 2545 τὸν
676 2492 807 2545 Θεὸν
834 2493 1149 2563 ἠγάπησαν,
1168 2495 1260 2546 τὸν
1276 2494 1444 2558 ὅντως
1469 2493 1704 2557 σώζοντα

163 2575 226 2625 καὶ
253 2569 665 2651 λυτρούριενον.¹
711 2595 716 2612 ¹
1078 2566 1088 2575 Χ

214 2666 447 2738 ιΒοηθός
492 2689 603 2740 μου
628 2676 722 2728 καὶ
752 2675 955 2746 ρὑτης
989 2693 1089 2744 μου
1120 2673 1170 2728 εἴ
1204 2677 1288 2728 σύ.
1330 2696 1349 2728 ι

212 2844 323 2898 Ὅτε
342 2846 452 2918 γὰρ
494 2849 684 2918 πάσης
710 2849 1058 2922 ἀνθρωπίνης
1081 2851 1333 2922 βοηθείας
1359 2852 1702 2924 ἐκπέσωμεν,

157 2934 250 2988 τότε
273 2937 361 2990 τὸν
378 2939 517 2993 Θεὸν
545 2941 672 2994 ἀντὶ
701 2943 919 2996 πάντων
957 2944 1280 3013 εὑρήσομεν.
1315 2945 1476 3008 Ἴσως
1516 2943 1572 2998 δὲ
1606 2945 1704 2998 καὶ

162 3029 208 3078 ὲκ
225 3030 505 3098 προσώπου
535 3034 714 3088 ταῦτα
743 3034 838 3088 τοῦ
886 3035 1017 3090 λαοῦ
1041 3035 1150 3088 τῶν
1173 3035 1342 3088 ἐθνῶν
1371 3036 1699 3105 διαλέγεταισ

159 3113 296 3185 ᾧκαί
335 3125 443 3188 πᾶς
491 3127 522 3179 ὁ
567 3125 786 3197 ψαλμὸς
837 3128 1062 3198 πρέπει·
1108 3127 1552 3200 παρακαλοῦντος
1605 3130 1702 3183 καὶ

165 3213 546 3283 ἐπιταχύνοντος
610 3217 704 3270 τοῦ
782 3219 1018 3290 Χριστοῦ
1093 3218 1192 3290 τὴν
1261 3219 1532 3290 βοήθειαν,
1607 3223 1701 3276 καὶ

168 3306 601 3378 καταισχυνθῆναι
630 3310 754 3372 τοὺς
795 3311 1017 3380 νοητοὺς
1062 3311 1313 3382 ἐχθροὺς,
1343 3311 1544 3383 δηλαδὴ
1575 3314 1700 3376 τοὺς

165 3394 406 3464 δαίμονας,
441 3403 620 3454 πολὺν
651 3403 1122 3472 τετυραννηκότας
1143 3404 1354 3476 χρόνον,
1389 3403 1512 3457 καθ’
1544 3403 1702 3474 ἡμῶν

162 3485 487 3556 ἱκετεύοντος.
522 3488 700 3557 Οὗτος
725 3495 754 3546 ὁ
781 3495 910 3559 λαὸς
949 3495 1161 3566 πτωχὸς
1192 3497 1286 3549 καὶ
1317 3495 1506 3566 πένης·
1551 3513 1700 3550 πτω-

162 3575 232 3643 χδς
257 3579 334 3633 διὰ
381 3583 480 3654 τὴν
513 3585 827 3656 ἁμαρτίαν,
858 3585 1026 3656 πένης
1060 3586 1146 3639 διὰ
1177 3589 1276 3658 τὴν
1311 3587 1588 3644 ἀσέϐειαν.

217 3749 418 3823 Βοηθὸς,
450 3757 529 3822 ὡς
593 3758 812 3828 ἰσχυρὸς
863 3758 1090 3830 ῥύστης,
1124 3760 1199 3822 ὼς
1253 3759 1414 3823 αὐτὸς
1447 3761 1702 3830 ἐνέχυρον

165 3839 278 3912 ὑπὲρ
306 3847 455 3915 ἡμῶν
481 3847 568 3919 τῷ
604 3847 981 3920 θανάτῳπρὸς
1022 3851 1240 3919 μικρὸν,
1269 3849 1408 3904 ὥστε
1441 3849 1702 3920 ῥυσθῆναι

165 3932 242 4001 τὴν
275 3939 544 4012 ἡμετέραν
573 3942 944 4012 αἰχμαλωσίαν
963 3941 1257 4010 διδόμενος.
1273 3941 1367 4008 Μὴ
1387 3941 1698 4008 χρονίσῃς.

177 4020 516 4091 Ἀπέγνωσται
549 4029 662 4100 γὰρ
690 4032 840 4098 παρά
872 4031 1090 4082 πάντων
1118 4029 1315 4099 ἰατρῶν
1338 4031 1365 4082 ὁ
1397 4028 1698 4100 ἄρρωστος.

169 4111 331 4184 Διόπερ
352 4119 443 4170 καὶ
482 4121 511 4173 ὁ
561 4118 1104 4188 ’Λμϐακοὺμέλεγεψ
1128 4119 1247 4172 Ἔτι
1277 4116 1491 4190 μικρὸν,
1523 4115 1704 4171 Ὅσον

173 4201 198 4250 δ
217 4201 511 4274 ἐρχόμενος
574 4207 726 4275 ἣξει,
775 4209 873 4261 καὶ
903 4209 976 4262 οὐ
1010 4209 1298 4278 χρονίσειο
1327 4207 1420 4261 τοῦ
1451 4207 1702 4279 Σωτῆρος

179 4290 473 4366 ἐπιταχύνων
503 4301 610 4371 τὴν
634 4301 836 4371 ἄφιξιν.

752 4415 1044 4469 ΨΑΛΜΟΣ
1085 4416 1162 4469 θ’.

236 4514 252 4548 ι
290 4500 371 4556 Ἐν
393 4508 458 4575 τῇ
483 4505 806 4577 δικαιοσύνῃ
827 4523 921 4558 σου
957 4505 1116 4576 ῥῦσαί
1145 4523 1234 4576 με.
1261 4524 1279 4557 ι

233 4589 403 4659 Καλῶς
452 4598 592 4668 πρὸς
638 4598 720 4662 τὸ,
745 4598 832 4666 μὴ
857 4596 1380 4665 καταισχυνθείην,
1415 4596 1484 4649 ἐν
1520 4595 1592 4663 τῇ
1617 4595 1703 4649 δι-

176 4685 437 4753 καιοσύνῃ
468 4703 607 4742 σου.
643 4688 704 4740 Et
736 4687 846 4757 γάρ
892 4686 988 4740 καὶ
1039 4687 1118 4749 εἰς
1151 4686 1212 4738 σὲ
1254 4687 1523 4757 ἥμαρτον,
1569 4685 1704 4738 ἀλλά

177 4769 349 4826 τούτων
403 4797 470 4847 με
519 4780 743 4844 δικαίως
806 4777 1154 4845 ἀπαλλάξεις⁸
1199 4778 1281 4832 ὅτι
1335 4794 1394 4830 τε
1445 4777 1703 4848 οὐδεμίαν

179 4858 332 4928 ἔχουσι
369 4870 566 4937 γνῶσιν
595 4872 694 4943 τῆς
723 4872 818 4942 σῆς
861 4870 1061 4942 ίσχύος,
1106 4870 1202 4924 καὶ
1235 4871 1316 4924 ὅτι
1354 4868 1528 4941 μάτην
1554 4869 1702 4940 ἡμᾶς

182 4950 414 5016 ἀδικοῦσι.

187 5059 202 5092 t
236 5046 409 5104 Κλῖνον
437 5055 571 5123 πρός
598 5072 665 5125 με
688 5055 750 5109 τὸ
781 5053 876 5120 οὖς
909 5073 1024 5111 σου.
1068 5074 1086 5107 ι

240 5135 524 5214 Τουτέστιν,
552 5147 626 5212 ὡς
654 5147 872 5202 ἀσθενεῖ
897 5147 1291 5218 συγκατάϐηθι.
1325 5147 1518 5200 Κλῖνον
1538 5147 1600 5201 τὸ
1619 5141 1712 5211 οὖς

188 5239 264 5277 σου
286 5229 352 5293 ὡς
375 5236 698 5311 ἁμαρτωλῷ,
743 5241 839 5294 καὶ
870 5240 945 5311 μὴ
981 5239 1268 5311 δυναμένῳ
1299 5241 1396 5294 σὺν
1429 5240 1712 5312 παρρησίᾳ

191 5323 571 5404 προσεύξασθαι·
621 5332 678 5403 ἢ,
733 5331 792 5384 τδ
853 5332 982 5401 γοῦν
1036 5332 1418 5404 ἀληθέστερον,
1470 5332 1709 5400 ἔγγισον.

191 5403 302 5462 Οὐδὲ
325 5415 425 5488 γὰρ
458 5421 611 5492 ἡμεῖς
638 5424 858 5493 ἐγγίσαι
893 5423 970 5493 τῷ
1008 5422 1127 5494 Θεῷ
1158 5403 1465 5495 χωροῧμεν,
1487 5423 1582 5476 ἐὰν
1617 5424 1713 5494 μὴν

1726 3186 1773 3246 C

1805 1955 1962 1994 meon
1987 1941 2263 1997 Christum
2293 1943 2349 1998 in
2378 1946 2532 1999 ulnas
2557 1946 2846 2016 excipiens
2871 1947 3008 2001 dixit
3041 1967 3054 2002 :
3092 1946 3245 2000 Nunc
3285 1948 3368 2001 dt“.-

1804 2032 1970 2085 mittis
1996 2049 2198 2087 servum
2283 2045 2450 2100 tuum,
2528 2035 2763 2100 Domine,
2819 2039 3102 2092 secundum
3161 2037 3365 2091 verbum

1803 2132 1972 2186 tuum,
2021 2125 2078 2178 in
2123 2142 2274 2193 pace,
2334 2129 2462 2196 quia
2513 2129 2751 2182 uiderunt
2816 2128 2954 2182 oculi
2995 2130 3096 2182 mei
3134 2127 3370 2182 salutare

1805 2223 1952 2268 tuam
1985 2217 2050 2270 “.
2110 2215 2214 2282 Qui
2271 2219 2431 2289 igitur
2473 2219 2707 2274 salutare
2763 2222 2866 2275 hoc
2888 2221 3136 2292 diligunt,
3157 2235 3370 2290 semper

1803 2306 1974 2360 Deum
2002 2309 2364 2380 magnificam,
2384 2312 2440 2366 id
2469 2320 2552 2366 est
2567 2311 2904 2382 gloriﬁcant;
2935 2312 3214 2382 quoniam,
3237 2313 3365 2367 reli-

1803 2397 2100 2467 ctisidolis,
2123 2402 2289 2456 Deum
2343 2403 2670 2468 dilexerunt,
2689 2403 2780 2474 qui
2833 2419 2958 2460 vere
3011 2402 3256 2458 Salvator
3282 2412 3367 2459 est

1801 2503 1864 2544 ac
1917 2487 2259 2562 Redemptor.

1871 2668 2030 2723 Vens.
2061 2670 2114 2723 7.
2142 2687 2160 2720 ι
2195 2670 2424 2741 Adjutor
2481 2688 2636 2728 meus
2691 2684 2747 2727 et
2799 2672 3056 2727 liberator
3099 2685 3253 2724 meus
3307 2683 3368 2723 es

1805 2766 1881 2812 tu.
1910 2777 1928 2809 ι

1873 2849 2099 2917 Quanuo
2153 2855 2297 2910 enim
2359 2857 2504 2912 omni
2571 2857 2808 2911 humana
2843 2871 2944 2925 ope
2977 2855 3360 2918 exciderimus,

1803 2948 1931 2995 tunc
1951 2941 2120 2996 Deum
2150 2959 2247 3012 pro
2273 2946 2524 3000 omnibus
2556 2945 2909 3016 reperiemus.
2944 2943 3210 2999 Fortassis
3239 2958 3365 2996 vero

1802 3031 1965 3084 etiam
1995 3047 2060 3086 ex
2091 3050 2321 3102 persona
2349 3036 2530 3106 populi
2556 3036 2796 3108 gentium
2828 3036 2944 3092 haec
2975 3018 3364 3098 edisserit;cui

1803 3123 1964 3177 etiam
1988 3133 2135 3179 totus
2163 3125 2252 3180 hic
2272 3127 2514 3196 psalmus
2543 3128 2830 3190 convenit;
2863 3127 3080 3182 Christo
3104 3126 3363 3180 nimirum

1804 3216 2090 3271 invocante
2116 3219 2534 3274 etaccelerante
2572 3221 2852 3286 auxilium,
2892 3229 3050 3289 atque
3097 3217 3366 3288 spiritales

1807 3303 2076 3367 inimicos,
2111 3305 2322 3360 scilicet
2345 3307 2644 3372 daemonas,
2699 3307 2789 3376 qui
2818 3307 2977 3377 longo
3001 3316 3242 3374 tempore
3283 3313 3365 3373 ty-

1807 3392 2028 3446 rannice
2051 3407 2150 3446 nos
2175 3393 2879 3466 oppresserant,_conl‘undi
2912 3393 3236 3464 postulante.
3268 3391 3366 3445 Hic

1807 3483 2040 3553 populus
2099 3500 2303 3556 egenus
2355 3495 2412 3540 et
2463 3501 2666 3555 pauper
2713 3495 2796 3540 est
2857 3502 2870 3537 :
2920 3501 3122 3555 egenus
3147 3483 3365 3553 quidem

1807 3586 2028 3644 propter
2057 3583 2358 3645 peccatum,
2397 3590 2602 3645 pauper
2660 3589 2793 3630 vero
2842 3584 3066 3645 pr0pter
3116 3573 3367 3642 impieta-

1809 3674 1914 3718 tem
1924 3703 1937 3717 .

1876 3756 2126 3826 Adjutor,
2159 3767 2413 3828 tanquam
2440 3757 2596 3813 fortis
2653 3758 2932 3822 liberator,
2960 3764 3019 3811 ut
3048 3755 3138 3826 qui
3162 3765 3361 3810 semet.

1807 3846 1983 3917 ipsum
2033 3863 2200 3919 parvo
2230 3857 2472 3919 tempore
2519 3864 2617 3920 pro
2645 3849 2804 3905 nobis
2853 3848 2907 3902 in
2964 3849 3157 3918 pignus
3205 3845 3365 3901 morti

1807 3938 2036 4005 dederit,
2091 3949 2149 3994 ut
2201 3941 2572 4011 captivitatem
2623 3950 2870 3996 nostram
2922 3940 3232 3993 redimeret.
3289 3935 3367 3990 Ne

1809 4031 2122 4085 tardaveris.
2147 4032 2394 4087 Inﬁrmus
2423 4033 2566 4087 enim
2594 4033 2661 4087 ab
2675 4031 2933 4088 omnibus
2961 4030 3184 4084 medicis
3211 4029 3370 4098 depo-

1809 4119 1947 4174 situs
1971 4129 2073 4176 est.
2093 4121 2323 4190 Propter
2341 4123 2484 4192 quod
2504 4123 2669 4176 etiam
2696 4121 2951 4176 Habacuc
2979 4119 3107 4174 dicit
3139 4136 3149 4170 :
3179 4117 3366 4172 Adhuc

1807 4211 2099 4276 modicum,
2140 4213 2264 4281 quia
2282 4214 2488 4266 veniens
2511 4214 2696 4277 veniet,
2751 4223 2800 4265 et
2860 4228 2958 4264 non
3020 4210 3253 4262 tardabit
3287 4209 3365 4271 ⁶⁷;

1807 4301 2101 4358 Salvatoris
2123 4303 2414 4358 adventum
2448 4303 2775 4357 accelerans.

2331 4415 2646 4472 PSALMUS
2686 4415 2844 4471 LXX.

1738 4542 1782 4597 ο
1878 4509 2040 4564 Vens.
2070 4510 2125 4563 2.
2153 4527 2171 4559 ι
2203 4509 2262 4562 In
2287 4508 2492 4578 iustitia
2522 4517 2612 4561 tua
2631 4508 2797 4562 libera
2824 4524 2930 4563 me.
2958 4527 2976 4558 ι

1879 4601 2107 4657 Pulchre
2131 4602 2200 4656 ad
2233 4601 2384 4664 illud,
2418 4617 2520 4654 non
2543 4601 2851 4671 confundar,
2883 4599 3126 4663 addit,in
3156 4597 3378 4667 justitia-

1811 4710 1921 4748 tua.
1957 4693 2070 4748 Etsi
2098 4693 2241 4749 enim
2267 4693 2322 4747 in
2345 4701 2396 4747 te
2430 4692 2788 4763 peccaverim,
2815 4701 2994 4746 tamen
3028 4694 3095 4744 ab
3135 4689 3219 4744 his
3282 4703 3369 4741 me

1805 4787 1950 4856 juste
1974 4785 2230 4840 liberabis
2254 4802 2266 4838 :
2295 4784 2421 4854 quia
2437 4785 2641 4838 nullam
2669 4783 2875 4838 habent
2910 4779 3247 4837 fortitudinis
3266 4787 3371 4834 tuae

1808 4877 2079 4941 notitiam,
2113 4885 2168 4930 et
2198 4884 2401 4931 temere
2416 4875 2573 4929 nobis
2599 4873 2850 4945 iniuriam
2887 4872 3110 4929 faciunt.

1888 5071 1905 5104 ι
1937 5051 2136 5108 lnclina
2158 5053 2226 5107 ad
2253 5069 2340 5107 me
2365 5067 2552 5106 aurem
2575 5060 2744 5106 tuam.
2786 5071 2804 5102 ι

1884 5145 1941 5199 id
1969 5154 2070 5209 est,
2097 5153 2350 5214 tanquam
2383 5143 2597 5198 inﬁrmo
2626 5142 3027 5198 condescende.
3057 5143 3259 5198 lnclina
3281 5159 3376 5196 au-

1815 5254 1927 5293 rem
1960 5248 2107 5292 tuam
2129 5247 2384 5307 tanquam
2420 5235 2713 5307 peccatori,
2747 5242 2804 5289 et
2856 5249 2966 5290 non
3000 5233 3198 5288 valenti
3220 5247 3375 5287 orare

1815 5346 1939 5385 cum
1971 5328 2196 5395 ﬁducia;
2230 5327 2334 5392 vel,
2371 5327 2518 5397 quod
2582 5327 2766 5383 verius
2827 5336 2933 5392 est,
2977 5325 3371 5395 appropinqua.

1811 5422 1997 5492 Neque
2021 5422 2164 5477 enim
2194 5436 2296 5476 nos
2334 5420 2402 5475 ad
2453 5421 2622 5475 Deum
2679 5419 3120 5491 appropinquare
3175 5428 3375 5484 possu-

195 5497 480 5588 ὺπανταχοῦ
522 5515 732 5588 παρὼν,
761 5517 927 5585 ἐγγὺς
960 5515 1116 5588 ἡμῶν
1153 5515 1378 5588 γένηται
1399 5518 1466 5588 τῇ
1497 5533 1708 5586 συμπα-

1821 5529 1954 5580 mus,
1987 5514 2090 5570 nisi
2125 5515 2191 5578 is,
2215 5517 2308 5584 qui
2332 5513 2586 5568 omnibus
2615 5525 2856 5580 prasens
2919 5509 3107 5574 adest,
3151 5505 3377 5577 propin-

197 5586 316 5665 θείᾳ.

259 5768 294 5800 ⁸⁸
315 5772 434 5834 Luc.
456 5798 514 5852 ll,
540 5785 628 5843 29.
709 5789 749 5819 "
780 5785 979 5843 Habac.
1007 5803 1064 5853 ιι,
1093 5788 1149 5842 3.

1816 5623 1955 5679 quus
1993 5607 2150 5663 nobis
2171 5607 2262 5661 ﬂat
2305 5621 2403 5676 per
2442 5602 2898 5674 compassionem.
