3962 6410
618 375 753 441 1235

690 495 850 550 Vens.
878 497 932 549 5.
958 516 975 547 ι
1004 496 1131 552 Esto
1155 500 1287 554 mihi
1318 502 1371 556 in
1402 502 1566 556 Deum
1589 513 1973 573 protectorem.
2016 525 2033 557 ι

686 583 1033 641 Peccatorem
1063 588 1305 658 iniquum
1336 602 1390 645 et
1411 591 1669 661 injustum
1691 604 1845 649 vocat
1874 596 2173 658 diabolum;

616 686 780 747 atque
809 693 871 731 ex
895 679 1015 748 ejus
1050 697 1212 735 manu
1244 683 1472 748 (scilicet
1498 688 1724 755 peccati,
1756 688 1901 757 quod
1936 688 1989 741 in
2041 689 2177 742 insi-

617 772 720 826 diis
746 773 874 828 latet
897 775 1252 846 voluptatum)
1286 779 1522 846 postulat
1546 781 1783 837 liberari.
1816 780 1969 847 Quod
1988 782 2176 837 sivero

615 865 777 919 etiam
808 882 837 920 a
872 869 1244 937 peccatoribus
1278 870 1493 924 liberari
1530 881 1695 940 petat.
1729 874 1889 927 etiam
1915 874 2018 929 hoc
2046 875 2177 928 bea-

618 968 731 1013 tum
769 971 870 1013 est.
907 960 1036 1013 Nam
1071 961 1113 1016 si
1143 961 1359 1029 quidem
1401 962 1653 1018 inimicus
1680 976 1931 1033 peccator
1966 967 2053 1024 sit.
2082 966 2177 1019 mi-

614 1051 762 1106 nime
795 1054 1001 1122 parcit;
1044 1054 1089 1107 si
1117 1070 1247 1108 vero
1276 1056 1504 1119 amicus,
1532 1057 1695 1111 etiam
1730 1058 1808 1111 sic
1830 1058 2005 1127 gravis
2037 1068 2120 1112 est
2158 1074 2169 1109 :

616 1158 739 1196 nam
802 1144 979 1213 qualia
1032 1144 1146 1213 ipse
1197 1145 1455 1199 nimirum
1512 1148 1969 1211 comminiscitur,
2047 1148 2173 1202 talia

616 1235 777 1288 etiam
793 1236 981 1291 amicis
1003 1238 1212 1293 suadet.
1244 1239 1288 1293 Α
1320 1240 1910 1311 peccatoreigiturtam
1947 1240 2172 1295 inimico

613 1343 774 1396 quam
836 1329 1009 1383 amico
1067 1330 1231 1384 etiam
1258 1347 1359 1386 nos
1380 1347 1597 1387 oremus
1624 1333 2025 1397 iiberari;cum
2084 1335 2173 1388 hic

612 1414 831 1482 quidem
868 1432 966 1484 per
1003 1417 1314 1481 amicitiam,
1343 1420 1429 1474 ille
1474 1437 1602 1475 vero
1625 1438 1722 1492 per
1750 1425 2047 1493 potentiam
2075 1441 2170 1479 seu

612 1504 945 1570 violentiam,
987 1517 1214 1577 uterque
1240 1518 1417 1563 autem
1444 1510 1695 1579 nequiter
1729 1522 1782 1565 et
1833 1512 2017 1582 inique
2067 1528 2168 1567 no-

612 1604 751 1650 ceat.

683 1684 846 1741 Vens.
871 1688 922 1743 8.
962 1705 980 1738 ‹
1016 1687 1308 1759 Repleatur
1346 1706 1407 1745 os
1443 1706 1622 1745 meum
1647 1692 1824 1746 laude.
1865 1712 1884 1744 ο

680 1776 851 1832 Nemo
879 1778 1047 1832 Deum
1078 1780 1162 1833 vel
1183 1795 1245 1833 ea
1272 1796 1392 1849 quas
1426 1779 1519 1833 Dei
1543 1789 1668 1835 sunt
1714 1781 1933 1835 laudare
1965 1790 2163 1852 potest,

1786 388 2141 447 HESYCHII
2198 390 2666 451 PRESBYTERI

3680 392 3783 455 19.36

2355 527 2370 557 ι
2407 509 2569 560 Γενοῦ
2602 526 2690 575 μοι
2723 511 2801 571 εἰς
2827 506 2959 558 Θεὸν
2987 507 3449 576 ὑπερασπιστὴν.»

2362 600 2706 671 Ἀμαρτωλὸν
2760 599 3072 670 παράνομόν
3109 615 3169 650 τε
3204 600 3297 650 καὶ
3329 597 3510 651 ἄδικον
3536 597 3674 649 καλεῖ
3717 600 3787 651 τὸν

2275 694 2540 748 διάϐολον·
2571 695 2634 746 ὲκ
2682 693 2863 763 χειρός
2893 711 2952 745 τε
2982 691 3145 745 αὑτοῦ
3188 690 3450 762 ῥυσθῆναι
3489 690 3682 760 (δηλαδὴ
3710 693 3785 757 τῆς

2277 785 2572 856 ἁμαρτίας,
2614 784 2680 855 ἣν
2732 786 2787 838 ἐν
2818 788 2939 847 ταῖς
2976 784 3277 855 μεθοδείαις
3328 783 3441 852 ἔχει
3476 782 3576 834 τῶν
3601 783 3788 850 ἡδονῶν)

2277 878 2661 948 προσεύχεται.
2702 879 2764 932 Εἰ
2792 878 2847 930 δὲ
2875 879 2970 931 καὶ
2995 875 3297 948 ἀνθρώπων
3338 874 3658 945 ἁμαρτωλῶν
3674 875 3791 941 λέγει

2277 970 2565 1040 ῥωσθῆναι,
2598 970 2693 1023 καὶ
2733 970 2889 1022 τοῦτο
2942 969 3233 1039 μακάριον.
3265 968 3328 1020 Εἰ
3359 968 3459 1036 μὲν
3497 967 3598 1036 γὰρ
3637 969 3792 1037 ὲχϐρῂ

2273 1064 2302 1115 ὁ
2349 1062 2691 1132 ἁμαρτωλὸς,
2742 1062 2801 1114 ού
2854 1062 3118 1130 φείδεται·
3165 1062 3212 1113 εί
3249 1059 3305 1111 δὲ
3336 1060 3507 1126 φίλος,
3544 1058 3693 1129 βαρὺς
3722 1064 3791 1112 καὶ

2274 1154 2465 1218 οὕτως·
2494 1150 2582 1209 οἷα
2612 1155 2721 1224 γὰρ
2757 1154 2916 1216 αὐτὸς
2962 1155 3069 1225 ἆρα
3108 1151 3487 1221 συμϐουλεύει,
3520 1156 3623 1213 τοῖς
3655 1153 3791 1219 φίλοις

2273 1250 2368 1301 καὶ
2400 1246 2788 1317 προτρέπεται.
2837 1244 3190 1315 Ἀμαρτωλοῦ
3218 1242 3401 1296 τοίνυν
3438 1240 3620 1313 ἐχθροῦ
3648 1259 3696 1293 τε
3722 1246 3791 1296 καί

2273 1336 2427 1404 φίλου
2475 1334 2735 1405 ρυσθῆναι
2786 1337 2878 1387 καὶ
2921 1336 3084 1403 ἡμεῖς
3117 1332 3566 1405 προσευξώμεθα·
3594 1333 3675 1384 τοῦ
3718 1333 3791 1399 μὲν

2270 1429 2357 1483 διὰ
2396 1429 2598 1499 φιλίας,
2620 1428 2713 1482 τοῦ
2747 1429 2801 1481 δὲ
2833 1428 3175 1492 δυναστείας,
3202 1429 3473 1497 ἑκατέρας
3506 1426 3673 1479 ἀδίκου
3721 1430 3791 1479 καὶ

2271 1522 2587 1593 παρανόμου
2615 1521 2958 1591 βλάπτοντος.

2344 1714 2362 1746 ι
2403 1695 2749 1765 Πληρωθήτα,
2780 1694 2840 1747 τὸ
2870 1696 3044 1765 στόμα
3083 1712 3184 1762 μου
3210 1692 3493 1755 αἰνέσεως.
3528 1710 3545 1741 ›

2340 1786 2529 1851 Οὐδεὶς
2577 1786 2815 1856 ὑμνῆσαι
2850 1783 2942 1837 τὸν
2986 1784 3117 1837 Θεὸν
3149 1783 3270 1835 οὐδὲ
3315 1782 3387 1834 τὰ
3414 1780 3503 1833 τοῦ
3532 1780 3675 1841 Θεοῦ,
3720 1779 3789 1831 ἐὰν

553 1893 559 1900 ·
612 1869 717 1923 nisi
743 1871 810 1924 ab
843 1870 958 1939 ipso
988 1871 1254 1940 sapientia
1290 1847 1348 1925 et
1372 1872 1529 1925 laude
1555 1873 1792 1942 repletus
1815 1847 1998 1926 fuerit.
2023 1873 2163 1939 Quid

2273 1881 2348 1952 μὴ
2370 1879 2628 1951 πληρωθῇ
2652 1878 2781 1947 παρ’
2802 1875 2967 1930 αὑτοῦ
2993 1876 3180 1943 σοφίας
3197 1877 3290 1927 καὶ
3305 1876 3577 1935 αἰνέσεως,
3592 1873 3782 1925 δύναται.

611 1978 773 2032 porro
802 1962 1021 2017 laudare
1042 1965 1225 2033 cupit?
1252 1965 1343 2018 Dei
1364 1965 1585 2034 gloriam
1608 1975 1663 2017 et
1691 1965 2164 2034 magniﬁcentiam;

608 2056 662 2109 id
702 2065 785 2110 est
812 2056 1075 2126 magnalia
1102 2056 1217 2118 Dei,
1245 2064 1298 2111 et
1347 2057 1603 2112 miracula
1653 2058 1805 2111 valde
1850 2058 2162 2129 gloriﬁcata,

607 2149 675 2203 de
704 2148 901 2217 quibus
930 2148 1064 2203 dixit
1101 2165 1113 2200 :
1147 2150 1319 2213 Quam
1342 2151 1680 2220 magnificam
1701 2160 1820 2204 sunt
1856 2168 2015 2214 opera
2048 2161 2161 2213 tua,

606 2240 828 2294 Domine
859 2242 881 2294 !
898 2243 1070 2295 omnia
1093 2244 1147 2296 in
1166 2243 1425 2311 sapientia
1454 2245 1621 2313 fecisti
1644 2245 1709 2296 ⁶³.

683 2352 701 2382 ε
740 2332 809 2387 Ut
836 2343 1046 2387 cantem
1073 2334 1297 2403 gloriam
1326 2344 1492 2391 tuam.
1532 2353 1551 2385 ι

678 2425 1128 2496 Magniﬁcentiam
1154 2438 1303 2481 vocat
1327 2427 1586 2496 Spiritum
1611 2444 1624 2479 :
1646 2429 1699 2481 in
1735 2443 1852 2497 Ipso
1880 2428 2022 2481 enim
2050 2446 2163 2481 ma-

606 2531 705 2587 gna
738 2516 831 2570 Dei
868 2517 1127 2571 miracula
1153 2532 1426 2587 operaque
1462 2518 1617 2572 ﬁunt.
1649 2518 1839 2572 Totam
1862 2536 1989 2574 vero
2020 2522 2161 2574 diem

604 2616 763 2663 vocat
788 2609 929 2662 hanc
960 2608 1124 2663 vitam
1151 2618 1413 2663 nostram.

674 2699 837 2755 V'Ens.
871 2701 956 2755 lO.
992 2719 1009 2751 ι
1046 2699 1183 2765 Quia
1214 2699 1468 2755 dixerunt
1496 2701 1698 2760 inimici
1750 2702 2035 2755 meimihi.
2068 2723 2084 2753 ι

673 2792 952 2846 Daemones
969 2791 1279 2845 custodiunt
1307 2791 1512 2844 animas
1555 2802 1770 2845 nostras
1799 2774 1907 2846 non
1936 2794 2003 2846 ad
2064 2793 2163 2847 bo-

604 2900 757 2946 num,
796 2882 889 2937 sed
954 2883 1018 2936 ad
1080 2882 1301 2947 malum,
1348 2882 1829 2947 observanteseas,
1854 2892 1910 2937 et
1938 2893 1996 2937 ut
2044 2884 2163 2938 illa-

602 2985 806 3045 queent
829 2975 1146 3028 insidiantes
1182 2994 1195 3028 :
1232 2974 1286 3028 hi
1312 2990 1563 3043 namque.
1590 2976 1806 3045 quando
1845 2977 2001 3031 nobis
2028 2977 2162 3031 insi-

604 3070 723 3125 dias
767 3067 1059 3124 struxerint
1080 3084 1175 3138 per
1200 3077 1503 3137 peccatum,
1534 3077 1588 3122 et
1615 3069 1681 3122 ad
1708 3069 1906 3124 bonum
1933 3086 2166 3140 operan-

2267 1973 2329 2023 Τί
2358 1971 2414 2024 δὲ
2439 1971 2678 2040 ὑμνῆσαι
2709 1970 2990 2040 βούλεται;
3018 1968 3185 2031 Δόξαν
3209 1966 3348 2020 Θεοῦ
3380 1967 3472 2017 καί
3496 1964 3785 2033 μεγαλοπρὲο

2264 2077 2446 2114 πειαν·
2470 2061 2713 2113 τουτέστι
2744 2061 2812 2112 τὰ
2845 2059 3057 2129 μεγάλα
3088 2057 3179 2110 τοῦ
3216 2055 3379 2119 Θεοῦ,
3420 2055 3514 2107 καὶ
3540 2054 3647 2105 λίαν
3675 2054 3784 2105 δίδου

2264 2154 2503 2223 ξασμένα
2535 2153 2807 2223 θαύματα,
2843 2152 2970 2222 περὶ
2998 2145 3073 2204 ὧν
3101 2151 3285 2215 ἔλεγεν
3303 2166 3318 2179 ·
3341 2149 3435 2213 Ὠς
3464 2147 3783 2215 immutat-0n

2262 2246 2333 2298 τὰ
2365 2246 2507 2314 ἔργα
2535 2261 2672 2305 σου,
2708 2243 2920 2309 Κύριε]
2946 2243 3143 2295 πάντα
3195 2242 3267 2294 ἐν
3302 2239 3489 2308 σοφίᾳ
3518 2238 3779 2303 ἐποίησας.

2338 2358 2353 2388 ι
2396 2339 2583 2400 Ὅπως
2613 2339 2836 2407 ὑμνήσω
2865 2338 2962 2406 τὴν
2996 2336 3152 2399 δόξαν
3190 2352 3307 2387 σου.
3353 2353 3370 2385 ι

2330 2429 2822 2496 Μεγαλοπρέπειαν
2848 2428 2908 2479 τὸ
2930 2427 3150 2496 Πνεῦμα
3176 2425 3357 2478 καλεῖ·
3388 2426 3445 2475 ἐν
3466 2419 3604 2489 αύτῷ
3627 2416 3716 2487 γὰρ
3730 2417 3779 2468 τὲ

2265 2520 2477 2589 μεγάλα
2534 2519 2627 2571 τοῦ
2681 2518 2815 2571 Θεοῦ
2870 2517 3126 2586 Θαύματα
3173 2515 3273 2568 καὶ
3319 2512 3389 2566 τὰ
3438 2508 3778 2580 κατορθώματα

2262 2613 2491 2682 γίνεται.
2542 2613 2785 2682 Ἰῐμέραν
2836 2611 2892 2663 δὲ
2943 2611 3071 2681 ὃλην
3104 2607 3193 2661 τὸν
3240 2608 3361 2677 βίον
3416 2605 3505 2658 τὸν
3542 2602 3773 2674 ἡμέτερον.

2339 2726 2357 2757 ι
2392 2707 2512 2758 Ὅτι
2540 2704 2690 2758 εἶπον
2728 2706 2777 2757 οἱ
2800 2704 2981 2773 ἐχθροί
3006 2720 3105 2772 μου
3131 2700 3276 2772 ὲμοί.
3321 2719 3339 2749 ι

2331 2797 2695 2851 Φυλάσσουσιν
2714 2794 2869 2865 ἡμῶν
2898 2794 2994 2855 τὰς
3013 2792 3214 2861 ψυχὰς,
3238 2789 3342 2843 ούκ
3366 2788 3447 2850 εἰς
3474 2783 3674 2852 ἀγαθὸν,
3690 2776 3778 2834 ἀλλ’

2264 2890 2343 2953 εἰς
2376 2888 2542 2941 κακὸν
2574 2888 2622 2940 οἱ
2644 2886 2917 2955 δαίμονες,
2945 2882 3337 2954 ἐπιτηροῦντες
3364 2879 3546 2941 αὐτὰς,
3571 2876 3689 2928 ὥστε
3710 2873 3776 2923 καὶ

2264 2979 2590 3049 παγιδεῦσαι
2610 2976 2999 3048 ἐνεδρεύοντες·
3020 2970 3167 3029 οὗτοι
3186 2973 3320 3044 γὰρ,
3338 2975 3467 3026 ὅταν
3490 2970 3625 3039 ἡμᾶς
3645 2966 3773 3035 τηρή⁸

2267 3090 2459 3135 σαντες
2506 3071 2595 3123 διὰ
2641 3071 2740 3139 τὴν
2792 3068 3088 3139 ἁμαρτίαν,
3137 3066 3231 3118 καὶ
3279 3065 3417 3135 πρὸς
3469 3058 3773 3129 ἀγαθοεργίσς

604 3165 731 3218 dum
760 3162 964 3217 debiles
992 3162 1392 3231 conspexerint,
1450 3161 1600 3230 quasi
1640 3161 1926 3217 derelictos
1951 3179 1982 3217 a
2032 3164 2162 3229 Deo,

2268 3166 2667 3235 ἀσθενήσαντας
2698 3163 2898 3226 ἴδωσιν,
2934 3162 3007 3223 ὼς
3039 3158 3499 3226 καταληφθέντων
3533 3152 3625 3207 ὑπὸ
3648 3147 3768 3203 Θεοῦ.

604 3271 712 3309 non
732 3255 904 3309 solum
928 3269 1027 3308 nos
1051 3253 1306 3323 persequi
1347 3253 1484 3307 facta
1524 3255 1923 3324 conspiratione
1952 3256 2159 3322 volunt,

604 3349 699 3405 sed
737 3349 901 3403 etiam
951 3347 1413 3416 comprehendere
1459 3357 1738 3417 satagunt;
1798 3350 2161 3419 putantenim

603 3455 713 3493 non
743 3453 864 3491 esse
890 3437 982 3506 qui
1012 3452 1113 3490 nos
1138 3436 1351 3492 liberet.

675 3528 835 3583 Vens.
866 3528 950 3582 i2.
978 3547 997 3579 ι
1028 3528 1170 3583 Deus
1199 3545 1371 3593 meus,
1400 3545 1469 3584 ne
1493 3530 1760 3601 elongeris
1792 3545 1821 3583 a
1858 3545 1965 3584 me.
1998 3548 2016 3580 ι

676 3620 744 3674 Ει
805 3620 1077 3689 quomodo
1127 3618 1270 3675 Deus
1319 3636 1485 3689 super
1516 3635 1707 3674 omnes
1745 3630 1794 3673 et
1821 3620 1875 3672 in
1907 3620 2162 3674 omnibus

600 3709 905 3779 elongatur,
953 3708 1055 3761 nisi
1084 3709 1300 3776 quando
1319 3724 1420 3762 nos
1448 3709 1565 3778 ejus
1607 3710 1893 3779 przesentia
1946 3710 2162 3779 indigna

600 3802 970 3874 gesserimus?
997 3801 1137 3856 sicut
1171 3816 1268 3869 per
1317 3802 1686 3871 propheticam
1712 3803 1946 3873 linguam
1972 3803 2038 3858 ad
2063 3803 2162 3857 Ju-

601 3897 746 3950 dteos
777 3895 912 3949 dixit
940 3911 952 3946 :
1018 3892 1243 3946 Peccata
1295 3903 1475 3948 vestra
1512 3894 1760 3949 dividunt
1814 3894 1956 3949 inter
1982 3911 2076 3950 vos
2107 3904 2163 3950 et

600 3990 770 4047 Deum
799 3990 864 4040 ".

672 4084 948 4141 Vsns.2l.
984 4104 1004 4137 ‹
1056 4085 1423 4158 Multiplicasti
1476 4098 1638 4153 super
1693 4096 1779 4135 me
1810 4078 2161 4151 magniﬁcen-

600 4178 750 4233 tiam.
791 4194 809 4225 ι

671 4272 1065 4343 Magniﬁcentia
1103 4270 1197 4326 Dei
1228 4280 1311 4326 est
1327 4271 1446 4340 ejus
1497 4271 1564 4324 ad
1593 4283 1694 4323 nos
1725 4264 2114 4322 condescensio
2144 4280 2156 4314 :

597 4366 737 4420 sicut
760 4365 901 4419 enim
929 4365 1193 4419 maximus
1210 4371 1397 4417 manet
1424 4376 1674 4432 magnus,
1722 4370 1778 4413 et
1798 4358 2008 4429 pusillis
2026 4372 2161 4410 con-

594 4456 899 4511 descendit.
933 4454 1214 4522 Quomodo
1252 4464 1431 4508 autem
1493 4468 1645 4507 suam
1700 4452 1769 4505 ad
1819 4465 1919 4503 nos
1965 4448 2163 4501 conde-

2269 3260 2325 3311 ὲν
2348 3256 2570 3327 ὁμονοίᾳ
2605 3255 2883 3325 βούλονται
2908 3253 2965 3305 ού
3001 3252 3160 3320 μόνον
3193 3249 3547 3315 καταδιῶξαι,
3577 3242 3690 3296 ἀλλὰ
3706 3238 3772 3291 καὶ

2268 3348 2598 3401 καταλαϐεῖν
2650 3347 3063 3411 σπουδάζοντες·
3116 3343 3339 3397 δοκοῦσι
3383 3342 3491 3412 γὰρ
3533 3339 3621 3392 οὐκ
3668 3331 3771 3388 εἶναι

2266 3444 2357 3495 τὸν
2381 3441 2661 3512 ῥυόμενον.

2343 3554 2362 3586 ι
2407 3533 2465 3587 Ὀ
2490 3535 2621 3599 Θεός
2652 3552 2777 3604 μου,
2804 3533 2878 3603 μὴ
2905 3532 3186 3604 μακρύνῃς
3211 3532 3309 3584 ἀπ’
3336 3528 3492 3600 ἐμοῦ.
3528 3548 3546 3577 ι

2337 3624 2449 3676 Καὶ
2473 3624 2590 3687 πῶς
2618 3626 2646 3677 ὁ
2678 3624 2808 3686 Θεὸς
2840 3625 2931 3677 ἐπὶ
2954 3624 3172 3676 πάντων
3193 3624 3290 3673 καὶ
3315 3622 3373 3673 ὲν
3399 3619 3527 3671 πᾶσι
3559 3610 3763 3685 μακρύνε-

2267 3734 2377 3781 ται,
2408 3715 2617 3789 ἁλλ’[ἢ]
2645 3716 2774 3770 ὅταν
2796 3718 2957 3787 ἡμεῖς
2976 3716 3074 3785 τῆς
3096 3712 3261 3766 αὑτοῦ
3300 3710 3597 3782 παρουσίας
3622 3705 3753 3769 ἀνάξια

2268 3806 2565 3880 πράξωμεν
2582 3827 2595 3876 ς
2617 3808 2806 3878 ὥσπερ
2825 3808 2913 3861 διὰ
2944 3806 3042 3876 τῆς
3059 3804 3411 3877 προφητικῆς
3429 3801 3650 3869 γλώττης
3668 3794 3751 3862 πρὸς

2281 3900 2567 3964 Ἰουδαίους
2605 3901 2808 3968 ἔλεγεν·
2834 3900 2899 3954 Δί
2922 3898 3186 3969 ἁμαρτίαι
3225 3896 3384 3966 ὑμῶν
3414 3892 3660 3947 διιστῶσιν
3674 3890 3757 3941 ἀντι

2273 3994 2435 4064 μέσον
2465 3993 2619 4061 ὑμῶν
2655 3991 2864 4045 καὶτοῦ
2904 3991 3062 4045 Θεοῦ.

2344 4102 2362 4134 ι
2408 4082 2766 4143 Ἐπλεόνασας
2812 4082 2897 4132 ἐπ’
2927 4079 3026 4150 ἐμὲ
3056 4078 3154 4151 τὴν
3190 4077 3634 4148 μεγαλωσύνην.»

2336 4257 2713 4327 Μεγαλωσύνη
2742 4255 2876 4309 Θεοῦ
2907 4255 3095 4326 ήπρὸς
3125 4255 3272 4324 ἡμᾶς
3313 4240 3759 4321 συγκατάὀατιςθὼς

2268 4352 2375 4421 γὰρ
2402 4350 2657 4420 μέγιστος
2683 4348 2832 4419 μένει
2858 4348 3052 4418 μέγας,
3073 4349 3168 4401 καὶ
3190 4349 3303 4410 τοῖς
3349 4344 3558 4417 μικροῖς
3584 4348 3761 4403 συγκατ-

2268 4444 2510 4515 ἔρχεται·
2571 4442 2694 4504 Πῶς
2746 4440 2803 4493 δὲ
2878 4440 2975 4510 τὴν
3029 4440 3167 4510 πρὸς
3222 4441 3373 4510 ἡμᾶς
3430 4428 3763 4502 συγκατάεασιν

594 4546 1364 4617 scensioncminultiplicavit?
1416 4545 1643 4611 Quando
1682 4546 1935 4598 nimirum
1984 4545 2146 4598 homo

2268 4534 2610 4598 ιπλεόνασενς
2654 4535 2823 4588 Ὅταν
2884 4532 3127 4605 δηλονότι
3177 4532 3470 4601 γενόμενος
3519 4522 3763 4617 ἅνθρωξτβ,

593 4642 793 4705 factus,
820 4641 894 4694 ita
928 4655 1028 4694 nos
1053 4656 1117 4693 ex
1141 4654 1329 4694 errore
1375 4639 1640 4693 reducens
1702 4654 1810 4692 non
1863 4640 2055 4693 terruit
2101 4651 2159 4694 ut

590 4748 797 4797 servos,
832 4732 926 4787 sed
947 4732 1257 4787 consolatus
1281 4739 1363 4786 est
1390 4739 1446 4785 ut
1472 4730 1632 4785 ﬁlios.

662 4822 827 4879 Vens.
853 4824 943 4878 Ἡ.
984 4844 1004 4876 ι
1026 4823 1160 4877 Nam
1181 4832 1236 4878 et
1261 4838 1360 4894 ego
1396 4822 1716 4878 conﬁtebor.
1766 4844 1785 4876 ι

658 4915 774 4969 Non
809 4926 917 4970 tam
941 4918 993 4971 in
1029 4916 1711 4971 sensilibusinstrumeutis
1734 4932 1893 4986 quam
1924 4916 1977 4970 in
1998 4917 2160 4972 corde

588 5023 725 5076 puro
754 5016 808 5060 et
832 5007 1011 5078 lingua
1046 5018 1362 5077 temperata,
1381 5016 1435 5061 et
1456 5006 1531 5060 nil
1555 5023 1585 5061 a
1607 5010 1893 5063 sanctitate
1918 5009 2156 5064 alienum

589 5098 920 5169 proferente.
980 5099 1104 5156 Hazc
1154 5100 1300 5156 enim
1336 5116 1523 5157 revera
1572 5116 1699 5155 vasa
1731 5102 1923 5172 psalmi
1965 5105 2158 5159 merito

588 5193 947 5263 appellantur.

1118 5286 1436 5347 PSALMUS
1482 5291 1667 5347 LXXI.

653 5378 814 5433 Vens.
846 5379 899 5433 6.
936 5400 953 5432 ε
980 5380 1283 5438 Descendet
1309 5384 1451 5438 sicut
1471 5384 1651 5451 pluvia
1684 5384 1738 5437 in
1763 5385 1955 5439 vellus.
1992 5404 2010 5434 ι

656 5471 796 5526 Dicit
820 5472 1091 5545 Unigeniti
1124 5474 1178 5528 in
1207 5475 1436 5543 Deipara
1455 5474 1673 5546 Virgine
1694 5476 2148 5530 exinanitionem:

587 5562 759 5616 vellus
785 5572 965 5619 autem
994 5576 1212 5619 uterum
1242 5566 1362 5635 ejus
1384 5568 1577 5622 merito
1630 5569 1998 5639 nuncupavit;
2025 5570 2149 5639 quia

592 5654 683 5710 Dei
708 5653 867 5711 Verbi
914 5658 1206 5712 adventum
1249 5658 1435 5727 quiete
1481 5674 1545 5714 ac
1589 5660 1704 5716 sine
1730 5660 1984 5730 strepitu,
2042 5676 2153 5716 non

659 5835 705 5869 ⁸⁸
730 5835 872 5891 l‘sal.
899 5850 1009 5899 cut,
1048 5838 1139 5892 ‘24.
1218 5839 1260 5871 ”
1285 5836 1386 5891 lsa.
1419 5853 1526 5905 1.1x,
1556 5838 1591 5890 2

2264 4630 2405 4682 οὓτω
2424 4646 2481 4681 τε
2501 4628 2647 4698 ἡμᾶς
2673 4628 2736 4679 ἐκ
2764 4629 2863 4698 τῆς
2887 4627 3096 4697 πλάνης
3129 4625 3468 4695 ἐπιστρέψας
3504 4620 3592 4673 οὐκ
3616 4607 3765 4680 ἑφόδη·

2266 4738 2355 4774 σεν
2380 4721 2454 4781 ὡς
2479 4720 2716 4793 δούλους,
2748 4719 2863 4773 ἀλλ’
2886 4719 2959 4781 ὡς
2981 4719 3127 4779 υἱοὺς
3151 4717 3535 4788 παρεκάλεσεν.

2341 4834 2358 4862 ι
2393 4813 2499 4864 Καὶ
2522 4813 2631 4881 γὰρ
2651 4795 2760 4879 ὲκὼ
2783 4810 3249 4880 ἐξομολογησομαί
3270 4828 3374 4863 σοι.
3417 4826 3436 4859 ι

2340 4904 2415 4955 Ού
2441 4902 2694 4956 τοσοῦτον
2717 4904 2827 4966 τοῖς
2856 4904 3133 4973 αἰσθητοῖς
3156 4903 3277 4955 ὅσον
3292 4903 3350 4954 ὲν
3367 4897 3551 4969 καρδίᾳ
3574 4883 3758 4954 καθαρᾷν

2266 4998 2324 5049 ἐν
2388 4995 2602 5066 γλώττῃ
2662 4993 3037 5066 σωφρονούσῃ,
3092 4995 3186 5046 καὶ
3248 4992 3411 5063 μηδὲν
3468 4978 3758 5057 φθεγγομένη

2263 5087 2571 5158 ἁγιωσύνης
2620 5086 2920 5159 ἀλλότριον.
2980 5085 3169 5138 Ταῦτα
3213 5085 3321 5155 γὰρ
3379 5079 3575 5151 ἀληθῶς
3628 5067 3753 5132 σκεύη

2261 5181 2475 5253 ψαλμοῦ
2516 5181 2737 5243 δικαίως
2766 5180 3111 5252 ὀνομάζεται.
3371 5176 3377 5182 ’

2821 5275 3113 5331 ΨΑΛΜΟΣ
3142 5280 3264 5332 OA’.

2341 5394 2358 5424 ι
2399 5371 2881 5443 Καταϐήσεταιώς
2903 5372 3054 5435 ὑετὸς
3085 5374 3178 5425 ἐπὶ
3220 5372 3404 5425 πόκον.
3443 5386 3460 5419 ι

2334 5465 2444 5536 Τὴν
2469 5466 2696 5518 κένωσιν
2723 5464 2816 5518 τοῦ
2843 5465 3180 5533 Μονογενοῦς
3212 5464 3310 5534 τὴν
3336 5464 3411 5525 εἰς
3436 5458 3525 5527 τὴν
3544 5445 3747 5536 Θεοτόξεσν

2261 5534 2536 5631 Παρθένον
2565 5560 2734 5629 λέγει’
2763 5558 2931 5613 πόκον
2958 5557 3016 5611 δὲ
3036 5559 3203 5629 αὐτῆς
3228 5558 3326 5628 τὴν
3341 5550 3559 5624 γαστέρα
3574 5534 3745 5631 δικαίως

2260 5626 2535 5708 ἐκάλεσεν·
2583 5626 2769 5722 ἐπειδὴ
2823 5651 2915 5705 τοῦ
2964 5650 3099 5705 Θεοῦ
3149 5626 3322 5719 λόγου
3371 5645 3464 5714 τὴν
3504 5626 3742 5701 ἐπιδημίαν
