4032 6466
189 377 324 444 1237

1314 379 1775 439 FRAGMENTA
1810 379 1891 439 IN
1930 380 2288 442 PSALMOS.

3294 385 3426 451 1233

186 494 367 566 ἡσυχῆ
398 493 494 546 καὶ
520 491 763 562 ἀψοφητὶ
786 534 802 559 ,
837 493 1089 563 καθάπερ
1117 493 1280 555 πόκος
1308 495 1399 546 τὸν
1429 494 1605 559 ὑετὸν,
1647 493 1761 547 ὲδέ-
1788 541 1796 554 ε

1898 510 2023 550 ecus
2054 512 2117 550 ac
2151 498 2321 551 vellus
2338 496 2597 565 pluviam,
2623 494 2883 565 suscepit.
2921 492 3219 566 Hocipsum
3246 509 3425 553 autem

188 589 339 651 ξατο.
361 587 433 638 Τὸ
457 586 501 637 δ’
531 586 663 638 αὐτὸ
687 586 785 639 καὶ
808 586 899 638 ἐπὶ
928 586 1037 639 τῶν
1067 587 1343 651 σταγόνων
1367 587 1532 656 ἐρεῖς.

268 701 285 732 ι
331 678 589 733 Ἐνώπιον
608 679 771 732 αὐτοῦ
802 679 1199 750 προπεσοῦνται
1239 679 1515 743 Αἰθίοπες.
1565 698 1583 730 ι

264 773 376 825 Νῦν
402 772 500 842 μὲν
532 772 768 834 ἑκόντες,
817 776 873 824 ἐν
907 772 963 824 δὲ
1002 771 1078 841 τῷ
1120 772 1366 841 μέλλοντι
1396 774 1490 826 καὶ
1518 774 1762 835 ἄκοντες.

189 864 361 916 Οὔπω
394 866 523 932 γὰρ.
562 861 707 915 κατὰ
756 863 849 915 τὸν
884 863 1232 928 Ἀπόστολον,
1275 864 1491 934 ὁρῶμεν
1520 864 1668 935 αὐτῷ
1700 863 1768 917 τὰ

193 957 376 1008 πάντα
407 954 841 1023 ὑποτεταγμένα.
870 954 1029 1007 Ἀλλὰ
1052 958 1186 1009 τότε
1214 955 1432 1024 κάμψει
1462 954 1619 1021 αὺτῷ
1648 953 1771 1011 πᾶν

192 1048 346 1114 γόνυ
369 1046 762 1114 ἐπουρανίων,
786 1048 881 1103 καὶ
901 1047 1197 1117 ἐπιγείων,
1219 1048 1315 1100 καὶ
1341 1043 1767 1116 καταχθονίων.

208 1140 430 1212 Ἐχθροὶ
458 1140 515 1193 δὲ
541 1140 707 1193 αὐτοῦ
742 1140 1014 1210 λείχοντες
1052 1139 1205 1210 χοῦν,
1230 1142 1278 1193 οἱ
1310 1140 1408 1203 τὰς
1438 1141 1536 1209 τῆς
1571 1139 1771 1209 σαρκὸς

194 1233 535 1304 ἡδυπαθείας
558 1233 848 1301 τιμῶντες.

280 1346 297 1377 ι
349 1327 441 1379 Ἐκ
461 1326 621 1379 τόκου
659 1324 754 1378 καὶ
774 1326 831 1392 ἐξ
856 1325 1089 1388 ἀδικίας.
1117 1344 1134 1376 ι

275 1419 460 1470 Πείσει
509 1418 709 1479 τοίνυν,
756 1417 911 1486 φησὶ,
967 1417 1093 1479 τοὺς
1136 1417 1319 1487 ἀδικίᾳ
1361 1417 1457 1470 καὶ
1495 1416 1775 1486 πλεονεξίᾳ

198 1515 518 1582 χαίροντας,
558 1510 692 1581 ἐλέῳ
721 1511 813 1563 καὶ
844 1508 1227 1579 φιλανθρωπίᾳ.
1258 1508 1579 1578 κεχρῆσθαι.
1607 1507 1775 1560 Τοῦτο

198 1602 261 1655 δὲ
282 1598 349 1673 ἦν
391 1604 528 1671 ὅπερ
575 1600 959 1669 ἐπεσημήνατο
1005 1601 1037 1669 ή
1079 1598 1173 1651 τοῦ
1221 1598 1557 1666 Εὐαγγελίου
1588 1596 1776 1667 Γραφὴ

203 1694 454 1763 φήσασα·
515 1694 771 1756 Τούτους
802 1691 944 1755 τοὺς
982 1690 1210 1743 δώδεκα
1239 1689 1561 1753 ἐξελέξατο
1590 1693 1623 1744 ό
1661 1692 1777 1757 ἰη-

203 1786 381 1850 σοῦς,
409 1784 517 1849 οὓς
541 1783 638 1837 καὶ
671 1783 1056 1848 ἀποστόλους
1088 1784 1421 1851 ὠνόμασεν.

285 1896 305 1927 ‹
335 1877 445 1929 Καὶ
470 1875 686 1945 ἔντιμον
708 1874 768 1927 τὸ
788 1875 958 1944 ὄνομα
987 1873 1187 1928 αὐτῶν.
1230 1893 1248 1925 ι

283 1970 441 2021 Ποῖον
466 1966 665 2036 ὄνομας
710 1968 768 2015 '0
794 1966 1047 2035 Χριστὸς,
1080 1965 1174 2033 ἀφ’
1219 1959 1279 2020 οὐ
1325 1963 1645 2035 Χριστιανοὶ
1687 1980 1782 2017 κε-

210 2060 485 2131 κλήμεθα.
512 2059 666 2114 Οὕτω
693 2060 800 2127 γὰρ
827 2058 1044 2127 ἔντιμον
1067 2058 1126 2111 τὸ
1147 2058 1317 2128 ὄνομα
1354 2058 1520 2111 αὐτοῦ
1550 2057 1783 2111 ἐνώπιον

212 2152 321 2203 τῶν
351 2150 418 2203 δι’
446 2149 609 2203 αὐτοῦ
642 2148 923 2202 σωθέντων
954 2150 1049 2201 καὶ
1078 2148 1487 2202 πιστευσάντων
1516 2147 1785 2218 καθέστη-

217 2259 334 2297 κεν’
373 2242 518 2295 ὥστε
547 2243 677 2305 τοὺς
726 2242 823 2310 μὲν
859 2242 1117 2306 πλούτου,
1156 2244 1285 2306 τοὺς
1337 2242 1393 2295 δὲ
1433 2241 1610 2306 ἀξίας,
1660 2243 1786 2305 τούς

218 2336 277 2389 δὲ
331 2334 429 2387 καὶ
480 2333 650 2403 αὐτῆς
709 2335 807 2402 τῆς
866 2332 1010 2403 ζωῆς
1064 2335 1501 2405 καταφρονῆσαι,
1571 2333 1659 2387 ἵνα
1711 2333 1785 2404 μὴ

225 2430 287 2481 τὸ
330 2427 436 2481 τῶν
487 2426 834 2496 Χριστιανῶν
893 2426 1241 2497 ἀρνήσασθαι
1279 2426 1647 2496 ὑπομείνωσιν
1675 2424 1785 2478 ὅνο-

237 2537 335 2589 μα.

306 2630 326 2661 ‹
360 2612 461 2663 Καὶ
492 2609 883 2681 προσεύξονται
915 2609 1045 2677 περὶ
1073 2608 1261 2662 αὐτοῦ.
1302 2627 1322 2659 ι

299 2703 433 2756 Οὐδὲ
477 2704 585 2773 γὰρ
624 2704 681 2755 ὲν
725 2702 1047 2772 ἐκκλησίαις
1078 2702 1259 2771 μόνον,
1290 2700 1425 2754 ἀλλὰ
1457 2701 1550 2754 καὶ
1575 2702 1633 2754 ὲν
1660 2701 1792 2769 ἀγο-

228 2796 351 2861 ραῖς
382 2795 475 2847 καὶ
508 2795 567 2846 ὲν
594 2794 765 2856 οἴκοις
796 2793 1115 2863 διηνεκῶςή
1146 2792 1240 2845 τοῦ
1274 2792 1515 2864 Χριστοῦ
1550 2793 1790 2861 εὐλογία,

222 2887 471 2939 τουτέστι
514 2886 811 2953 δοξολογία,
840 2885 993 2957 παρὰ
1020 2885 1129 2939 τῶν
1161 2885 1242 2948 είς
1271 2886 1431 2938 αὐτὸν
1496 2902 1793 2939 πεπιστευ-

225 2978 404 3031 κότων
430 2976 779 3048 κηρύττεται.

307 3090 325 3121 ι
361 3072 472 3124 Καὶ
502 3070 954 3142 εὐλογηθήσονται
980 3070 1206 3141 ὲνιαύτῷ
1229 3072 1398 3123 πᾶσαι
1426 3071 1482 3123 αἱ
1512 3069 1675 3139 φυλαὶ
1698 3070 1795 3139 τῆς

224 3164 354 3233 γῆς.
399 3183 417 3216 ι

304 3256 479 3308 Πᾶσαι
513 3253 618 3324 γὰρ
651 3253 833 3323 φυλαὶ,
866 3255 1035 3307 πᾶσαι
1065 3252 1305 3322 γλῶσσαι
1326 3254 1418 3307 καὶ
1447 3253 1641 3324 χῶραι,
1664 3252 1799 3322 πρό-

226 3361 389 3415 τερον
418 3346 475 3396 ὲν
524 3346 589 3414 τῇ
633 3343 809 3413 πλάνῃ
838 3342 1146 3411 διάγουσαι,
1193 3342 1286 3395 νῦν
1342 3341 1646 3412 συμφώνως
1699 3341 1800 3412 τὴν

227 3437 485 3505 εὐλογίαν
512 3436 775 3501 ἐδέξαντο·
794 3436 914 3489 ὅθεν
941 3436 1101 3488 αὐτὸν
1135 3436 1232 3489 καὶ
1263 3432 1615 3506 μακαριοῦσι’
1648 3434 1801 3485 ποῖον

231 3530 625 3601 μακαρισμὸν,
677 3530 709 3599 ἢ
770 3528 987 3591 πάντως
1033 3527 1125 3580 τὸν
1183 3528 1242 3579 ὲν
1296 3529 1407 3589 τοῖς
1453 3523 1803 3593 Εὐαγγελίοις

229 3622 508 3691 κείμενον·
536 3622 811 3689 Μακαρία
840 3620 878 3686 ἡ
905 3621 1103 3674 κοιλία
1126 3619 1163 3687 τ’]
1190 3616 1560 3684 βαστάσασά
1579 3633 1674 3681 σε,
1702 3615 1802 3669 καὶ

221 3716 454 3787 μαστοὶ
483 3714 589 3779 οὓς
615 3713 919 3779 ἐθήλασας
940 3728 958 3776 ἶ

315 3828 332 3858 ι
380 3804 681 3875 Εὐλογητὸς
716 3804 919 3874 Κύριος
941 3805 968 3857 ὁ
990 3802 1121 3865 Θεὸς
1145 3801 1237 3854 τοῦ
1284 3800 1520 3872 Ἰσραήλ.
1560 3817 1581 3851 ι

308 3900 409 3953 Διὰ
438 3898 490 3951 τί
532 3898 588 3951 δὲ
625 3896 965 3961 διπλασιάζει
995 3896 1076 3959 τὸ,
1113 3894 1397 3957 Feretro;
1455 3890 1805 3961 Ἐπιταχῢναι

229 3991 338 4060 τὴν
370 3990 647 4059 ἡμετέραν
705 3984 1017 4058 ἐλευθερίαν
1068 3986 1391 4056 βουλόμενος
1442 3984 1536 4037 καὶ
1563 3983 1660 4054 τὴν
1698 3981 1807 4034 τῶν

230 4083 468 4136 δικαίων
494 4082 705 4135 ἐλπίδα.
743 4083 912 4133 ’Ὅταν
935 4079 1045 4151 γὰρ
1073 4081 1106 4151 ἡ
1142 4079 1215 4149 γῆ
1242 4076 1505 4149 πληρωθῇ
1528 4076 1627 4143 τῆς
1652 4073 1810 4144 δόξης

232 4177 333 4228 τοῦ
365 4173 621 4245 Χριστοῦ,
645 4172 766 4225 τότε
806 4173 836 4225 ὁ
864 4171 1053 4243 παρὼν
1091 4171 1294 4242 κόσμος
1333 4170 1688 4232 συντελεῖται,
1718 4165 1811 4218 καὶ

232 4269 273 4336 ἡ
300 4265 548 4337 βασιλεία
572 4264 680 4317 τῶν
710 4263 955 4335 οὐρανῶν
978 4262 1356 4333 ὲμφανίσεται.

805 4353 947 4406 ΨΑΛ
956 4352 1096 4405 ΜΟΣ
1130 4350 1251 4408 ΟΒ’.

319 4467 337 4498 ι
385 4448 471 4510 Ὠς
494 4446 697 4515 ἀγαθὸς
724 4449 753 4500 ὁ
778 4445 909 4508 Θεὸς
940 4443 1018 4515 τῷ
1051 4444 1299 4515 Ἰσραήλί
1334 4463 1353 4495 ι

1862 589 2030 643 etiam
2060 590 2127 644 de
2154 590 2447 645 stillicidiis
2477 590 2644 646 dices.

1943 676 2103 731 Vens.
2139 679 2191 732 9.
2224 696 2241 728 ι
2279 677 2475 733 Coram
2498 682 2587 735 illo
2618 682 3221 753 procidentEthiopes.
3266 700 3282 725 ι

1936 768 2089 824 Nunc
2109 770 2329 839 quidem
2361 773 2679 841 voluntarii;
2732 777 2786 831 in
2823 776 3006 831 futuro
3025 784 3204 828 autem
3232 772 3430 827 saecqu

1867 865 2027 918 etiam
2052 866 2228 920 inviti.
2273 868 2525 923 Nondum
2550 872 2714 937 enim,
2770 871 3067 927 secundum
3092 866 3427 938 Apostolum,

1867 955 2121 1010 videmus
2141 956 2241 1026 ipsi
2264 959 2447 1013 omnia
2478 961 2742 1031 subjecta.
2778 960 2884 1016 Sed
2914 961 3316 1029 tunc,ﬂectelur
3332 956 3433 1023 ipsi
3522 970 3525 973 ·

1870 1062 2021 1100 omne
2053 1066 2206 1119 genu,
2241 1050 2544 1117 caelestium,
2572 1054 2918 1119 terrestrium,
2949 1063 2997 1106 et
3020 1048 3426 1123 infernarum".

1871 1139 2081 1194 Inimici
2110 1151 2291 1196 autem
2323 1144 2443 1211 ejus
2467 1145 2559 1213 qui
2587 1146 2865 1215 pulverem
2918 1146 3150 1215 lingunt,
3174 1151 3302 1198 sunt
3350 1139 3429 1193 illi

1871 1231 1961 1299 qui
1990 1233 2169 1286 carnis
2201 1232 2565 1301 voluptatibus
2585 1234 2751 1289 dediti
2772 1244 2918 1290 sunt.

1943 1323 2102 1379 Vsus.
2138 1325 2222 1381 14.
2266 1345 2283 1377 ι
2315 1326 2390 1380 Ex
2420 1343 2583 1381 usura
2624 1335 2679 1382 et
2698 1328 3001 1398 iniquitate.
3040 1347 3060 1381 ι

1943 1416 2228 1471 Permittet
2247 1417 2427 1487 igitur,
2454 1418 2651 1487 inquit,
2673 1434 2768 1473 eos
2790 1420 2881 1488 qui
2928 1417 3194 1489 injustitia
3220 1431 3274 1476 et
3312 1438 3436 1476 ava-

1876 1510 1999 1564 ritia
2030 1509 2732 1581 gaudebantmisericordia
2768 1519 2825 1565 et
2850 1510 3137 1566 clementia
3160 1511 3288 1565 frui.
3325 1512 3438 1565 Hoc

1876 1612 2057 1658 autem
2079 1612 2197 1656 erat
2225 1603 2278 1657 id
2310 1604 2453 1673 quod
2479 1603 2785 1657 insinuabat
2813 1603 3123 1673 evangelica
3158 1603 3437 1673 Scriptura

1877 1694 2102 1749 dicens:
2129 1693 2300 1765 Elegit
2329 1696 2598 1749 duodecim
2628 1711 2691 1748 ex
2715 1695 2839 1763 ipsis
2870 1693 3040 1759 Jesus,
3066 1711 3194 1765 quos
3229 1706 3277 1749 et
3309 1712 3439 1763 apo-

1877 1788 2033 1842 stolos
2058 1788 2341 1841 nominavit
2363 1790 2427 1841 ⁷⁸.

1954 1898 1972 1931 ‹
2005 1880 2072 1934 Et
2099 1880 2416 1935 honorabile
2444 1895 2639 1936 nomen
2661 1895 2872 1937 eorum.
2918 1897 2938 1930 ι

1952 1970 2120 2036 Quale
2142 1970 2664 2038 nomen?Christus,
2706 1989 2734 2026 a
2784 1989 2893 2043 quo
2930 1972 3225 2029 Christiani
3255 1971 3444 2041 appel-

1882 2062 1976 2116 lati
2002 2076 2211 2116 sumus.
2238 2063 2369 2116 'l‘am
2399 2054 2881 2121 enimbonorabile
2933 2075 3017 2120 est
3076 2079 3276 2119 nomen
3327 2063 3445 2129 ejus

1883 2155 1938 2209 in
1965 2164 2266 2224 conspectu
2291 2171 2487 2210 eorum
2506 2156 2597 2227 qui
2626 2172 2721 2227 per
2762 2159 2937 2228 ipsum
2965 2157 3164 2213 servati
3188 2164 3334 2219 sunt,
3385 2170 3448 2208 ac

1886 2245 2264 2312 crediderunt;
2297 2257 2359 2301 ut
2380 2248 2469 2301 alii
2496 2248 2711 2317 quidem
2736 2249 2969 2313 divitias,
2999 2249 3089 2304 alii
3109 2264 3240 2303 vero
3270 2246 3447 2316 digni-

1889 2347 2050 2405 tates,
2080 2338 2172 2392 alii
2200 2339 2432 2409 denique
2452 2339 2618 2395 vitam
2648 2340 2817 2409 ipsam
2873 2339 3320 2410 contempserint,
3380 2353 3452 2391 ne

1887 2427 2318 2485 Christianorum
2346 2446 2544 2485 nomen
2577 2445 2801 2501 negasse
2829 2441 3166 2500 putarentur.

1965 2612 2127 2668 Vens.
2150 2613 2236 2668 15.
2270 2631 2288 2664 ι
2320 2614 2389 2667 Et
2417 2612 2719 2668 adorabunt
2748 2613 2815 2668 de
2847 2613 2985 2683 ipso.
3026 2630 3045 2662 ι

1959 2702 2078 2756 Non
2108 2703 2283 2756 solum
2313 2702 2459 2756 enim
2486 2702 2537 2755 in
2563 2703 2825 2768 ecclesiis,
2860 2702 2954 2756 sed
2977 2702 3142 2755 etiam
3166 2702 3219 2755 in
3250 2701 3463 2772 compi—

1893 2794 1963 2849 tis
2017 2803 2072 2848 et
2126 2794 2181 2847 in
2213 2793 2462 2847 domibus
2502 2793 2716 2849 assidue
2754 2793 2963 2848 Christi
3014 2792 3344 2855 benedictio,
3403 2791 3453 2846 id

1894 2896 1978 2942 est
2031 2886 2330 2942 honoriﬁca
2391 2885 2740 2958 praedicatio,
2803 2886 2864 2939 ﬁt
2919 2901 2949 2939 a
2996 2886 3341 2942 credentibus
3402 2885 3457 2939 in

1895 2979 2091 3048 ipsum.

1970 3069 2131 3127 Vens.
2158 3053 2245 3126 l7;
2281 3091 2299 3123 ι
2345 3071 2411 3126 Ει
2440 3071 2849 3127 benedicentur
2884 3072 2939 3125 in
2974 3071 3097 3141 ipso
3125 3086 3314 3126 omnes
3360 3069 3457 3123 tri-

1826 3166 1869 3224 C
1898 3165 2001 3220 bus
2020 3174 2192 3219 terra}.
2224 3184 2242 3216 ι

1969 3253 2172 3309 Omnes
2204 3254 2349 3309 enim
2380 3254 2576 3319 tribus,
2613 3269 2804 3308 omnes
2856 3252 3053 3323 linguae
3105 3266 3169 3306 ac
3190 3250 3465 3322 regiones,

1902 3361 2023 3416 quae
2052 3346 2204 3415 prius
2229 3347 2282 3400 in
2310 3361 2494 3400 errore
2528 3346 2906 3410 versabantur,
2951 3360 3099 3400 nunc
3118 3344 3463 3398 concorditer

1902 3434 2340 3491 benedictionem
2389 3444 2715 3505 receperunt
2759 3454 2773 3489 :
2831 3434 2972 3489 unde
3016 3433 3193 3502 ipsum
3249 3445 3466 3502 quoque

1902 3530 2120 3585 beatum
2150 3528 2447 3597 praedicant
2472 3547 2484 3581 :
2524 3529 2669 3598 quali
2700 3526 3076 3583 beatitudine?
3104 3526 3210 3580 nisi
3240 3524 3464 3580 omnino

1904 3621 1995 3676 illa
2026 3635 2147 3689 qua:
2178 3621 2230 3674 in
2250 3618 2561 3689 Evangeliis
2579 3619 2807 3672 habetur
2837 3634 2849 3670 :
2879 3617 3072 3671 Beatus
3093 3625 3269 3670 venter
3295 3615 3383 3685 qui
3418 3623 3466 3667 te

1905 3712 2153 3781 portavit,
2192 3722 2238 3765 et
2272 3710 2433 3764 ubera
2463 3725 2578 3780 qua:
2598 3709 2786 3763 auxisti
2806 3709 2873 3760 τ’.

1975 3801 2138 3855 Vens.
2164 3801 2247 3855 18.
2279 3820 2298 3852 ‹
2333 3800 2651 3855 Benedictus
2678 3797 2936 3853 Dominus
2971 3798 3111 3851 Deus
3134 3796 3318 3850 Israel.
3359 3814 3376 3846 ο

1976 3891 2085 3947 Cur
2110 3901 2291 3947 autem
2323 3892 2559 3963 geminat
2576 3889 2712 3945 illud
2736 3889 2856 3944 Fiat
2885 3890 2909 3942 ?
2932 3889 3139 3958 Nempe
3173 3888 3466 3943 accelerari

1907 3986 2135 4055 cupiens
2192 3993 2434 4039 nostram
2464 3988 2476 4029 δ
2508 3984 2811 4037 libertatem
2876 3996 2940 4035 ac
2974 3996 3125 4051 Spem
3175 3980 3467 4049 justorum.

1908 4077 2138 4142 Quando
2162 4078 2307 4133 enim
2341 4085 2480 4131 terra
2510 4077 2711 4131 Christi
2769 4075 2935 4147 gloria
2966 4074 3129 4129 fuerit
3157 4073 3468 4143 adimpleta,

1910 4180 2042 4225 tunc
2069 4184 2313 4240 praesens
2340 4168 2575 4223 mundus
2618 4166 3103 4231 consummabitur,
3165 4179 3229 4219 ac
3246 4178 3477 4235 regnum

1912 4264 2173 4319 caelorum
2200 4260 2650 4316 manifestabitur.

2421 4348 2739 4412 PSALMUS
2769 4347 2980 4401 LXXII.

1988 4446 2149 4502 Vens.
2180 4448 2230 4500 I.
2268 4464 2287 4497 ι
2317 4444 2487 4510 Quam
2511 4443 2688 4497 bonus
2716 4440 2859 4494 Deus
2882 4439 3060 4493 Israel.
3102 4457 3120 4490 ι

314 4537 491 4600 Πόδας
519 4539 613 4590 καὶ
640 4536 951 4607 διαϐήματα
985 4533 1083 4595 τὰς
1118 4533 1425 4604 πρακτικὰς
1462 4531 1687 4603 πορείας
1714 4529 1796 4585 καλ

1982 4536 2157 4592 Pedes
2186 4552 2249 4590 ac
2270 4550 2497 4606 gressus
2522 4539 2680 4587 vocat
2730 4530 3000 4601 practicos
3044 4543 3363 4598 progressus
3414 4543 3477 4581 ac

237 4628 313 4681 τὰ
343 4628 449 4697 τῆς
472 4628 709 4691 διανοίας
749 4625 1171 4696 προσαγορεύων
1202 4625 1500 4694 κινήματα,
1534 4622 1609 4685 ὡς
1649 4621 1812 4684 αὐτὸς

236 4728 395 4796 ἡμᾶς
425 4728 480 4778 ὲν
504 4725 673 4797 ἑτέρῳ
705 4724 859 4794 μέρει
894 4723 993 4792 τῆς
1021 4720 1128 4774 τῶν
1168 4719 1418 4790 Ψαλμῶν
1472 4716 1812 4790 προφητείας

239 4817 481 4883 ἐδίδαξε,
512 4819 749 4885 Λύχνος
778 4814 903 4880 τοῖς
925 4813 1071 4867 ποσί
1095 4830 1215 4881 μου
1256 4815 1290 4865 ό
1318 4812 1501 4880 νόμος
1547 4825 1683 4873 σου,
1716 4806 1816 4860 καὶ

156 4954 167 4963 .
241 4908 380 4978 φῶς
416 4907 544 4973 ταῖς
564 4908 783 4976 τρίϐοις
809 4923 949 4974 μου,
976 4904 1171 4972 λέγων.
1214 4902 1325 4956 Καὶ
1371 4902 1550 4955 πάλιν·
1585 4899 1658 4956 Τὰ
1690 4897 1815 4950 δια-

242 4995 483 5064 δήματά
506 5013 625 5063 μου
655 4995 1022 5049 κατεύθυνον
1072 4990 1223 5045 κατὰ
1246 4991 1314 5043 τὸ
1345 4990 1553 5059 λόγιόν
1573 5005 1710 5045 σου.
1742 4989 1816 5043 Οὐ

252 5087 365 5158 μὴν
395 5084 659 5156 ἐσαλεύθη
704 5088 828 5148 τοὺς
862 5085 1048 5149 πόδαςο
1092 5082 1359 5147 τουτέστι,
1398 5081 1499 5151 τὴν
1542 5081 1817 5135 πολιτείαν

246 5180 349 5231 ἐπὶ
369 5177 430 5230 τὸ
455 5179 636 5247 χεῖρον
671 5177 772 5231 οὐκ
811 5175 1057 5246 ἔτρεψεν,
1091 5175 1211 5228 οὐδὲ
1254 5172 1485 5244 ἐξεχύθη
1525 5173 1593 5227 τὰ
1625 5172 1818 5243 διαϐή-

252 5286 426 5339 ματαέ
479 5269 599 5323 οὐδὲ
647 5267 754 5341 γὰρ
803 5269 901 5334 τὰς
930 5270 1105 5342 ὁρμὰς
1149 5270 1249 5341 τῆς
1284 5269 1463 5341 ψυχῆς
1483 5269 1564 5329 είς
1589 5268 1823 5321 ἀσωτίαν

251 5362 505 5435 ἔτρεψεν.

331 5470 356 5504 ε
400 5452 522 5504 Ὅτι
548 5452 647 5504 οὐκ
677 5451 821 5504 ἔστιν
847 5451 1130 5515 ὰνάνευσις
1161 5452 1221 5504 ὲν
1242 5450 1579 5522 τῷηθαινάτῳ.
1620 5469 1638 5501 ι

332 5542 406 5594 Οὐ
431 5544 537 5613 γὰρ
564 5542 710 5595 ἔστιν
732 5543 1017 5605 ἀνάνευσις
1042 5543 1104 5595 ὲκ
1130 5544 1223 5595 τοῦ
1250 5542 1477 5597 θανάτου
1507 5543 1607 5611 τῆς
1640 5543 1819 5613 ἀμαρ-

254 5634 401 5698 τίας,
435 5634 620 5703 σαφῶς
652 5635 709 5688 δὲ
732 5634 793 5687 τὸ
824 5634 1115 5706 εἰρημένον
1137 5636 1195 5688 ὲν
1220 5634 1549 5706 Παροιμίαις
1580 5634 1821 5703 πάσχου-

1915 4630 2117 4687 mentis
2145 4629 2429 4691 motiones,
2463 4633 2623 4695 prout
2645 4625 2758 4692 ipse
2790 4637 2890 4676 nos
2943 4621 2996 4674 in
3020 4620 3123 4673 alia
3181 4618 3478 4689 prophetiae

1917 4725 2252 4780 Psalmorum
2272 4729 2421 4791 parte
2448 4717 2631 4773 docuit
2677 4716 2863 4771 dicens
2908 4731 2921 4766 :
2988 4714 3223 4767 Lucerna
3268 4710 3478 4780 pedibus

1921 4816 2049 4868 meis
2080 4814 2162 4866 lea:
2191 4822 2281 4864 tua
2306 4807 2556 4881 [Vulgata
2608 4805 2820 4859 verbum
2876 4801 3071 4872 tuum],
3118 4811 3163 4855 et
3197 4800 3368 4853 lumen
3398 4815 3479 4851 see

1922 4906 2064 4959 mitis
2087 4904 2233 4957 meis.
2276 4901 2342 4955 Et
2373 4900 2567 4953 iterum
2604 4913 2615 4950 :
2648 4894 2867 4951 Gressus
2910 4911 3048 4948 meos
3092 4894 3258 4963 dirige
3295 4906 3479 4944 secun-

1922 5002 2048 5048 dum
2074 4992 2336 5063 eloquium
2368 4998 2516 5043 tuum
2541 4987 2601 5040 ⁷³.
2643 4986 2798 5040 Haud
2825 5000 2955 5040 sane
2988 4984 3117 5039 moti
3152 4982 3479 5051 suntpedes;

1926 5087 1980 5141 id
2010 5095 2113 5147 est,
2147 5085 2273 5139 vitae
2303 5082 2610 5137 institutum
2629 5079 2695 5134 ad
2726 5079 2926 5133 malum
2980 5093 3087 5131 non
3109 5075 3349 5137 divertit,
3383 5089 3477 5126 ne-

1934 5192 2040 5248 que
2065 5176 2219 5231 effusi
2243 5183 2370 5230 sunt
2418 5184 2634 5243 gressus
2670 5186 2684 5223 :
2720 5184 2875 5224 nam:
2907 5166 3072 5222 animi
3112 5166 3344 5235 impetus
3374 5178 3485 5217 non

1923 5269 2122 5327 laxavit
2162 5267 2226 5322 ad
2265 5263 2760 5334 intemperantiam.

1997 5442 2159 5498 Vens.
2188 5442 2240 5495 4.
2276 5460 2291 5492 ι
2321 5439 2591 5506 Quianon
2625 5447 2708 5493 est
2734 5444 3015 5507 respectus
3043 5434 3098 5487 in
3127 5440 3319 5487 morte.
3358 5447 3375 5479 ι

1996 5534 2113 5590 Non
2142 5534 2286 5589 enim
2317 5542 2400 5588 est
2421 5540 2707 5602 respectus
2733 5545 2797 5583 ex
2830 5535 3008 5582 morte
3075 5522 3306 5595 peccati.
3360 5520 3490 5576 Per-

1929 5630 2115 5699 spicue
2143 5635 2321 5681 autem
2345 5626 2623 5696 patiuntur
2650 5622 2701 5678 id
2725 5620 2869 5691 quod
2888 5614 3270 5674 ianroverbiis
3284 5613 3485 5669 dictum

334 5818 382 5851 το
409 5814 605 5888 Philip.
632 5832 693 5881 ιι,
722 5816 807 5871 ιο.
884 5815 925 5848 ⁷⁸
957 5814 1087 5870 Luc.
1119 5830 1195 5880 vi,
1225 5815 1310 5869 15.
1384 5815 1430 5845 ⁷⁸
1457 5814 1585 5868 Luc.
1618 5830 1691 5879 xi,
1723 5815 1788 5867 27

1898 5814 1931 5845 ’³
1960 5810 2096 5866 Psal.
2133 5825 2315 5873 cxvm,
2350 5805 2463 5863 ΙΟἷί.
