3962 6412
676 345 809 412 1239
1848 366 2204 427 HESYCHII

2261 364 2730 432 PRESBYTERI
3720 384 3813 451 1240

671 470 793 515 est:
836 462 1036 532 Impius
1070 484 1186 521 cum
1204 469 1445 523 inciderit
1476 469 1729 544 [Vulgata
1772 478 1988 548 venerit]
2021 479 2075 530 in
2114 495 2235 546 pro-

2265 484 2309 536 Δ
2339 496 2441 532 σινο
2499 481 2746 549 Ἀσεόὴς
2784 479 3063 550 ἐμπεσὼν
3109 483 3195 546 εἰς
3248 483 3408 550 βάθη
3451 488 3646 552 κακῶν,
3687 513 3816 550 κατα.

672 554 893 624 fundum
926 559 1205 627 malorum,
1229 565 1508 617 contemnit
1542 565 1603 618 ⁷⁸.

998 559 1205 627 tlorum,
1229 565 1508 617 contemnit
1542 565 1603 618 ⁷⁸.
2337 573 2562 641 φρονεῖ.

745 644 930 715 Neque
976 651 1208 707 humana
1248 654 1357 723 pati
1405 657 1699 711 sustinent.
1730 657 1921 715 Cernis
1970 674 2232 731 quantum

2406 667 2540 719 Οὐδὲ
2572 666 2641 719 τὰ
2672 665 2989 737 ἀνθρώπινα
3035 664 3226 719 παθεῖν
3252 666 3613 735 ὑπομένουσιν.
3644 672 3822 747 Θεωρεῖς

671 736 738 790 ad
769 739 1065 796 claritatem
1095 744 1340 800 conferat
1360 747 1525 801 etiam
1590 749 1748 804 unica
1772 752 1938 806 dictio
1967 754 2045 808 rei
2069 770 2235 825 appo—

2335 758 2524 827 ήλίκον
2556 760 2636 821 είς
2665 736 2964 828 σαφήνειαν
2988 757 3211 809 δύναται
3246 758 3341 809 καὶ
3372 757 3508 820 λέξις
3539 760 3623 828 μία
3650 736 3824 828 me;

671 830 792 885 sita.
828 831 1043 889 Poterat
1081 838 1227 891 enim
1260 838 1478 904 dixisse,
1503 839 1561 894 In
1601 842 1878 899 laboribus
1909 862 2022 900 non
2066 856 2231 914 sunt;

2336 848 2490 901 θεῖσα
2523 847 2600 917 τῷ
2647 848 2949 918 πράγματι.
2996 844 3147 910 Ἐξὸν
3199 848 3307 917 γὰρ
3358 847 3545 908 είπείν,
3586 850 3660 901 Ἐν
3686 854 3824 918 item;

670 922 725 974 in
752 922 1010 980 laboribus
1041 928 1309 983 hominum
1328 931 1594 1001 adjunxit.
1633 931 1915 989 Hominem
1945 947 2125 992 autem
2148 939 2234 995 hic

2333 941 2433 992 οὐκ
2467 941 2627 1003 εἰσὶν,
2649 940 2753 991 Ἐν
2776 938 2988 1002 κόποις
3011 936 3361 1003 ἀνθρώπων,
3392 940 3821 1006 προσέθηκεν.¹Αν.

671 1014 907 1085 intellige
962 1018 1053 1086 qui
1112 1022 1347 1075 custodit
1417 1022 1732 1093 dignitatem
1810 1030 1982 1094 partis
2070 1030 2234 1082 ratio-

2334 1032 2548 1101 θρωπον
2571 1032 2627 1084 δὲ
2666 1029 2898 1083 ἐνταῦθα
2921 1031 3031 1084 νόει
3057 1030 3150 1081 τὸν
3178 1028 3515 1097 φυλάττοντα
3550 1030 3633 1081 τοῦ
3661 1032 3820 1100 λογικοῦ

669 1106 829 1173 nalis,
887 1117 940 1162 et
994 1111 1286 1167 virtutibus
1339 1123 1422 1169 est
1482 1116 1777 1185 praeditus:
1833 1118 1920 1172 vel
1949 1135 2074 1173 eum
2116 1123 2229 1190 qui,

2332 1124 2392 1176 τὸ
2419 1123 2652 1193 ἀξίωμα,
2676 1122 2768 1176 τόν
2782 1140 2839 1175 τε
2857 1124 2913 1174 ἐν
2929 1123 3148 1193 ἀρεταῖς
3168 1121 3317 1173 ὄντα·
3346 1120 3504 1191 ἣτδν,
3528 1123 3643 1175 ὅταν
3657 1127 3817 1195 πταίσῃ,

668 1199 884 1266 quando
909 1202 1256 1269 aberraverit,
1287 1221 1385 1274 per
1408 1207 1786 1276 paenitentiam
1845 1211 2040 1264 iterum
2097 1213 2232 1265 diri-

2331 1215 2419 1267 διὰ
2468 1214 2752 1285 μετανοίας
2801 1214 2897 1283 τῆς
2934 1211 3339 1282 ἐπιφερομένης
3374 1212 3521 1282 παρὰ
3562 1213 3681 1265 Θεοῦ
3719 1216 3817 1284 διορ-

668 1289 810 1359 gitur
840 1292 906 1345 ad
929 1293 1118 1352 Deum.
1149 1295 1207 1349 lu
1238 1297 1386 1354 hisce
1437 1300 1720 1356 hominum
1781 1304 2063 1359 laboribus
2120 1323 2229 1360 non

2333 1302 2609 1373 θούμενον.
2675 1305 2762 1356 Ἐν
2789 1304 2999 1365 τούτοις
3039 1302 3243 1355 τούτων
3289 1302 3479 1364 κόποις
3532 1305 3621 1356 οὐκ
3645 1307 3754 1357 εἰσὶν
3788 1312 3816 1359 οξ

666 1391 792 1435 sunt
814 1395 1144 1453 peccatores,
1167 1404 1346 1460 neque
1375 1407 1498 1447 cum
1528 1393 1842 1451 hominibus
1866 1396 2227 1468 ilagellantur:

2332 1394 2665 1465 ἁμαρτωλοὶ,
2687 1394 2807 1447 οὐδὲ
2846 1394 2982 1464 μετὰ
3006 1390 3308 1463 ἀνθρώπων
3344 1392 3691 1460 μαστίζονται·
3717 1412 3819 1447 τουτ-

664 1471 840 1539 idest,
869 1480 1175 1549 cumjustis
1226 1498 1336 1536 non
1397 1484 1643 1540 laborant
1689 1498 1744 1542 et
1792 1500 2120 1558 operantur;
2164 1493 2228 1546 de

2332 1487 2500 1549 ἐστιν,
2534 1489 2595 1541 ού
2656 1489 2795 1559 μετὰ
2852 1487 3074 1542 δικαίων
3126 1486 3363 1539 κοπιῶσι
3412 1487 3504 1538 καὶ⁵
3550 1488 3813 1558 ἐργάζονται·

662 1563 861 1631 quibus
888 1567 1049 1622 etiam
1085 1570 1285 1626 dicitur
1317 1593 1328 1627 :
1359 1574 1718 1646 Unusquisque
1738 1581 2008 1646 propriam
2031 1598 2226 1635 merce-

2332 1580 2425 1633 καὶ
2466 1582 2596 1652 περὶ
2624 1574 2699 1634 ὧν
2730 1581 2943 1651 εἴρηται
2968 1595 2983 1609 ·
3017 1580 3315 1644 Ἕκαστος
3346 1578 3454 1632 τὸν
3478 1577 3621 1630 τδιον
3654 1583 3818 1646 μισθὸν

662 1659 779 1707 dem
800 1659 1018 1727 accipiet
1045 1665 1328 1718 secundum
1343 1682 1495 1721 suum
1535 1668 1766 1723 laborem
1789 1670 1853 1724 ⁷⁸.
1884 1670 2067 1741 Neque
2106 1690 2226 1728 cum

2330 1672 2591 1741 λήψεται
2643 1672 2877 1725 καὶτὸν
2935 1671 3093 1724 ἴδιον
3148 1671 3365 1723 κόπον.
3414 1669 3543 1722 Οὐδὲ
3595 1670 3709 1738 μετὰ
3745 1672 3815 1721 τῶν

662 1744 975 1805 labentibus
998 1761 1053 1806 et
1072 1769 1222 1823 spem
1251 1757 1439 1811 salutis
1466 1758 1799 1816 habentibus
1835 1760 2172 1831 flagellantur
2215 1782 2226 1815 :

2331 1764 2729 1834 ὀλισθησάντων
2775 1765 2867 1817 καὶ
2901 1762 3092 1816 ἐλπίδα
3127 1761 3397 1831 σωτηρίας
3446 1762 3657 1831 ἐχόντων
3680 1767 3816 1828 μαστί-

663 1839 729 1892 ad
762 1855 899 1907 quos
917 1844 1177 1913 scriptum
1213 1860 1297 1901 est
1327 1867 1339 1903 :
1374 1848 1537 1914 Quem
1559 1852 1729 1922 diligit
1780 1852 2032 1908 Dominus
2065 1856 2227 1909 casti-

2262 1835 2535 1920 Βζονταιο
2600 1858 2679 1919 εἰς
2732 1856 2825 1919 οὒς
2876 1859 3219 1926 γέγραπται·
3272 1856 3384 1907 ‘Or
3437 1851 3623 1921 ἀγαπᾷ
3661 1857 3812 1921 Κύριος

662 1932 1043 2003 gat;ﬂagellat
1074 1949 1249 1992 autent
1280 1956 1483 1995 omnem
1525 1944 1693 2011 filium
1738 1963 1889 2015 quem
1910 1949 2129 2015 suscipit
2159 1951 2222 2001 ⁷⁸.

2328 1948 2625 2001 παιδεύει·
2669 1947 2946 2018 μαστιγοῖ
3011 1946 3080 1999 δὲ
3122 1946 3321 1999 πάντα
3382 1946 3512 1998 υίὸν
3550 1943 3614 1996 ὃν
3637 1944 3814 2011 παραδέ-

2330 2056 2514 2107 χεται.

734 2132 901 2189 Vens.
931 2136 982 2190 6.
1014 2155 1031 2189 ι
1071 2136 1469 2198 Circumamicti
1495 2154 1623 2199 sunt
1646 2146 1953 2217 iniquitate.
1992 2169 2011 2202 ι

1617 2146 1953 2217 iniquitate,
1992 2169 2011 2202 ι
2408 2150 2427 2181 σ
2458 2130 2847 2217 Περιεὸἁλοντο
2882 2129 3118 2183 ἀδικίαν.
3164 2147 3181 2179 ι

729 2225 805 2279 De
830 2228 1024 2296 quibus
1048 2242 1362 2301 Oportuerat
1394 2238 1738 2300 erubescere.
1781 2240 1836 2293 in
1874 2241 1957 2295 his
1986 2241 2225 2311 glorian-

2406 2221 2521 2289 Ἐφ’
2551 2216 2631 2283 οἷς
2685 2222 2850 2290 ἐχρῆν
2891 2220 3265 2291 αίσχύνεσθαι,
3303 2219 3397 2273 ἐπὶ
3450 2218 3640 2281 τούτοις
3674 2219 3804 2286 σεμνύ-

664 2325 769 2379 tur,
812 2318 883 2373 ita
917 2330 975 2374 ut
1003 2324 1152 2390 quasi
1210 2329 1538 2397 tegumentis
1570 2337 1623 2383 et
1649 2332 1964 2387 umbraculo
2012 2333 2224 2389 delictis

2324 2331 2526 2378 νοντσι,
2560 2312 2701 2366 ὥστε
2760 2313 3014 2385 καθάπερ
3044 2311 3420 2384 περιϐολαίοις
3446 2312 3535 2364 καὶ⁵
3570 2311 3714 2379 σκέπῃ

660 2416 901 2463 utantur.
924 2410 1155 2468 Pulchre
1181 2425 1362 2470 autem
1385 2418 1486 2471 sibi
1518 2429 1705 2473 mutuo
1738 2422 1856 2476 haec
1879 2423 2077 2478 delicta
2094 2439 2224 2479 con-

2324 2408 2433 2476 πλη
2442 2406 2620 2478 μμελή
2631 2425 2763 2477 μασι
2788 2406 3118 2478 χρήσασθαι.
3152 2404 3352 2468 Καλῶς
3372 2404 3428 2457 δὲ
3449 2403 3673 2472 ἀλλήλοις
3692 2400 3802 2453 ταῦτα

654 2497 832 2566 junxit
863 2517 875 2553 :
905 2504 1157 2570 quoniam
1185 2506 1433 2564 homines
1463 2520 1520 2564 ut
1549 2512 1838 2580 plurimum
1874 2531 1939 2569 ex
1969 2517 2218 2585 superbia

2324 2502 2525 2570 συνῆψε
2580 2502 2648 2554 τὰ
2701 2500 3163 2571 πλημμελήματα·
3224 2498 3336 2551 ἀπὸ
3384 2497 3489 2566 γὰρ
3542 2496 3626 2565 τῆς
3664 2494 3801 2562 ὑτλρη·

659 2588 712 2642 in
740 2590 1078 2661 iniquitatem
1113 2605 1169 2651 et
1193 2597 1248 2651 in
1279 2602 1564 2656 avaritiam
1601 2605 1989 2673 prolabuntur.

2322 2595 2519 2662 φανίας
2572 2594 2651 2656 είς
2672 2594 2885 2647 ἀδικίαν
2912 2592 2986 2656 ὡς
3009 2592 3078 2644 τὰ
3105 2591 3278 2644 πολλὰ
3328 2592 3422 2643 καὶ
3475 2589 3547 2652 είς
3575 2586 3800 2652 πλεονεξίαν

2320 2685 2595 2740 ἄνθρωποι
2621 2685 2901 2740 πίπτουσι.

724 2764 843 2821 Non
877 2780 1101 2838 possunt
1129 2780 1310 2827 autem
1332 2775 1709 2833 haereticorum
1737 2781 2219 2839 velmaledicorum

2320 2704 2595 2757 ανυρωποι
2621 2704 2901 2740 πιπτουσι.

2394 2778 2470 2831 Ού
2498 2777 2718 2831 δύναται
2751 2778 2807 2832 δὲ
2840 2779 2948 2831 τῶν
2994 2778 3295 2849 αἶρε-δικῶν
3328 2776 3361 2847 ἢ
3395 2774 3501 2828 τῶν
3552 2771 3800 2844 βλασφήμων

656 2857 818 2911 verba
848 2859 940 2913 diu
966 2863 1290 2930 praevalere;
1329 2867 1423 2920 sed
1440 2876 1641 2924 terram
1670 2881 2074 2941 pertranseunt,
2095 2891 2218 2931 cum

2319 2872 2636 2939 ἐπικρατεῖν
2693 2870 2821 2940 ἄχρι
2868 2869 3063 2923 πολλοῦ
3091 2870 3160 2922 τὰ
3201 2870 3446 2939 ῥήματα·
3475 2866 3728 2935 διέρχονται
3762 2860 3796 2909 δὲ

656 2966 854 3017 paucos
899 2952 1109 3023 aliquos
1154 2972 1248 3023 per
1286 2967 1637 3015 transennam
1691 2964 1950 3021 laeserint.
2012 2968 2219 3026 Fideles

2317 2962 2415 3031 τὴν
2444 2961 2569 3030 γῆν,
2602 2960 2814 3029 ὀλίγους
2873 2963 3027 3023 τινας
3076 2962 3217 3015 κατὰ
3279 2961 3510 3031 πάροδον
3556 2956 3794 3027 βλάπτοντι.

655 3042 760 3097 hoc
808 3043 1192 3117 intelligentes,
1229 3050 1354 3105 licet
1394 3053 1602 3109 seducti
1645 3054 1867 3122 fuerint,
1927 3070 2218 3117 revertun-

2320 3053 2489 3106 Τοῦτο
2519 3055 2789 3117 συνιέντες
2816 3055 2866 3106 οἱ
2895 3054 3099 3115 πιστοὶ,
3125 3053 3228 3106 κᾶν
3260 3053 3466 3123 τύχωσι
3496 3046 3793 3116 πλανηθέντες,

655 3144 779 3188 tur:
809 3137 875 3191 de
899 3140 1096 3207 quibus
1119 3144 1402 3211 sequentia
1420 3146 1617 3201 cecinit
1648 3147 1950 3207 Psalmista.

2250 3178 2287 3235 ε
2320 3147 2726 3216 ἐπιστρέφουσι·
2770 3147 2895 3216 περὶ
2929 3140 3002 3200 ὧν
3032 3147 3099 3200 τὰ
3129 3146 3254 3217 ἐξῆς
3284 3148 3313 3199 ὁ
3344 3141 3623 3213 Ψαλμῳδὸς
3656 3135 3794 3206 ἐμελῴ-

2321 3239 2383 3292 δτι
2392 3255 2469 3292 σε.

729 3308 984 3367 Vens.l5.
1018 3334 1036 3365 ι
1066 3315 1132 3370 Ει
1164 3318 1273 3372 dixi
1309 3337 1322 3372 :
1353 3320 1495 3393 Ergo
1521 3323 1640 3379 sine
1669 3341 1832 3381 causa
1858 3330 2209 3398 justifieavi.»

2392 3256 2469 3292 σε.

2023 3333 2209 3389 ἱειινί.»
2321 3256 2415 3379 οη·
2450 3329 2558 3381 Καὶ
2584 3325 2730 3382 εἶπα·
2758 3330 2900 3401 Ἀρα
2949 3329 3193 3399 ματαίως
3230 3329 3540 3383 ἐδικαίωσα.
3572 3342 3587 3375 ι

724 3402 781 3457 ld
808 3414 912 3471 est,
946 3407 1085 3478 Ergo
1108 3410 1305 3466 frustra
1338 3415 1713 3484 cogitationes,
1745 3419 1943 3477 frustra
1972 3426 2217 3481 actiones

2392 3423 2705 3487 Τουτέστιν,
2753 3423 2896 3493 Ἀρα
2957 3422 3135 3493 μάτην
3181 3422 3310 3485 τοὺς
3342 3419 3630 3489 λογισμοὺς.
3675 3412 3791 3482 μάτην

653 3497 962 3564 emundavi,
1016 3509 1072 3554 et
1099 3517 1195 3556 cor
1242 3504 1460 3573 quidem
1507 3509 1819 3578 justificavi,
1876 3515 2011 3569 nihil
2039 3518 2092 3570 in
2152 3534 2217 3572 eo

2321 3513 2420 3576 ’τὰς
2472 3514 2698 3585 πράξεις
2753 3514 3019 3585 ἐκάθηρα,
3069 3512 3164 3567 καὶ
3209 3514 3313 3584 τὴν
3368 3510 3583 3581 καρδίαν
3621 3500 3790 3575 μὲνὲδι-

658 3584 922 3652 injustum
952 3592 1227 3661 cogitans;
1259 3611 1453 3651 manus
1489 3609 1671 3654 autem
1722 3603 1862 3658 inter
1896 3606 2216 3667 innocentes

2322 3584 2552 3668 καίωσα,
2605 3605 2771 3676 μηδὲν
2811 3609 2870 3659 ὲν
2914 3584 3057 3676 αὐτῇ
3121 3603 3471 3675 λογιζόμενος
3521 3598 3685 3653 ἄδικον·
3726 3589 3786 3648 τάς

654 3676 783 3740 lavi,
816 3679 871 3733 in
904 3680 1061 3737 bonis
1094 3685 1349 3741 nimirum
1378 3690 1845 3764 actionibus,qu:e
1865 3713 1975 3751 non
2010 3700 2215 3759 habent

2213 3746 2215 3756 ,
2322 3700 2507 3769 χεῖρας
2544 3697 2599 3750 δὲ
2627 3699 2682 3750 ἐν
2706 3697 2900 3760 ἀθώοις
2933 3697 3157 3759 ἔπλυνα,
3180 3701 3237 3751 ἐν
3267 3695 3494 3766 ἀγαθαῖς
3514 3687 3675 3759 δηλαδὴ

655 3769 819 3824 vitam
857 3787 921 3826 ex
961 3788 1183 3843 peccato
1225 3795 1238 3831 :
1278 3779 1330 3834 id
1353 3788 1454 3844 est,
1481 3782 1737 3839 damnum
1770 3803 1880 3841 non
1906 3794 2155 3860 reputavi
2195 3812 2207 3847 :

2203 3813 2207 3847 :
2324 3788 2436 3855 ξεσι
2461 3792 2580 3853 ταῖς
2604 3791 2701 3842 οὐκ
2749 3789 2998 3858 ἐχούσαις
3017 3790 3117 3860 τὴν
3144 3789 3202 3854 ἐξ
3226 3787 3498 3859 ἁμαρτίας
3518 3782 3653 3847 ζωήν.
3671 3775 3767 3825 Τουτ-

653 3862 918 3932 siquidem
963 3868 1225 3951 damnum
1274 3889 1461 3929 revera
1513 3877 1710 3933 animae
1762 3890 1846 3935 est
1908 3895 2212 3953 peccatum,

2206 3930 2212 3950 ,
2322 3884 2458 3947 ἐστι,
2485 3881 2696 3953 Ζημίαν
2740 3882 2798 3934 οὺ
2827 3880 3224 3949 διελογιζόμηνο
3255 3878 3427 3948 ζημία
3455 3874 3554 3943 γὰρ
3580 3870 3697 3924 ὅντως
3712 3861 3770 3961 Ψξ·

552 3966 559 3973 ·
652 3957 796 4025 quod
829 3957 918 4014 Dei
950 3962 1243 4020 amicitiam
1270 3966 1437 4033 laedit,
1466 3985 1586 4040 quae
1616 3981 1698 4027 est
1718 3972 1921 4031 bonum
1952 3989 2116 4047 priest

2210 4011 2215 4021 '
2321 3974 2421 4044 Χῆς
2458 3975 2491 4043 ἡ
2524 3971 2789 4042 ἁμαρτία,
2830 3972 2966 4025 Θεοῦ
3000 3971 3181 4042 φιλίαν
3209 3971 3385 4043 αὐτὴν
3430 3962 3675 4037 ζημιοῦσι.
3710 3957 3774 4002 illa

654 4047 943 4106 tissimum.

2320 4062 2540 4132 ἀγαθῶν
2562 4063 2622 4115 τὸ
2649 4062 2951 4115 κάλλιστον.

725 4138 889 4197 Vens.
919 4144 1006 4197 14.
1032 4164 1052 4197 ι
1079 4147 1145 4201 Et
1180 4146 1253 4201 fui
1277 4148 1591 4221 flagellatus.
1632 4176 1651 4207 ι

2396 4174 2414 4203 ι
2455 4154 2565 4208 Καὶ
2596 4155 2864 4222 ἐγενόμην
2897 4151 3403 4225 μεμαστιγωμένος.
3440 4166 3457 4201 ι

725 4229 826 4295 Qui
862 4234 1007 4288 enim
1044 4237 1281 4307 seipsum
1310 4220 1538 4310 flagellat
1565 4258 1664 4313 pro
1708 4246 1919 4302 delictis
1968 4251 2102 4313 suis,
2159 4261 2217 4307 et

2213 4287 2217 4300 .
2406 4247 2463 4298 Ὀ
2488 4245 2595 4315 γὰρ
2620 4220 3118 4315 ἐαυτδνήμαστιγῶν
3145 4220 3236 4314 ἐφ(
3255 4239 3339 4306 οἷς
3365 4220 3777 4315 ὲπλημμέληςεηίαὶ

653 4325 924 4393 propriam
953 4330 1427 4397 reprehensionum
1452 4336 1506 4389 in
1563 4338 1868 4403 matutinis,
1898 4340 2106 4398 scilicet
2157 4343 2213 4397 in

2319 4340 2409 4392 τὸν
2437 4312 2634 4392 οἰκείου
2663 4312 2882 4407 ἔλεγχον
2911 4339 2991 4400 εἰς
3022 4312 3123 4400 τὰς
3146 4312 3383 4406 πρωῖας,
3409 4335 3463 4386 ὲν
3490 4327 3607 4399 φωτὶ
3627 4312 3778 4389 δηλαδὴ.

651 4414 874 4480 lumine,
894 4428 949 4473 et
987 4436 1096 4474 non
1120 4421 1175 4475 in
1212 4424 1472 4490 tenebris,
1506 4427 1754 4489 collocat.
1801 4431 1889 4486 hic
1920 4433 1979 4487 in
2008 4436 2213 4505 cogita-

2320 4433 2413 4485 καὶ⁸
2455 4434 2553 4485 οὐκ
2596 4434 2654 4484 ὲν
2702 4434 2898 4501 σκότῳ,
2927 4431 3225 4501 τιθέμενος,
3283 4423 3437 4490 οὗτος
3485 4426 3537 4475 ἐν
3586 4419 3779 4509 λογιῖμῆιδ

650 4507 885 4562 tionibus
914 4520 967 4563 et
996 4511 1305 4569 actionibus
1338 4532 1505 4583 purus
1542 4520 1774 4576 exsistit.
1836 4522 2213 4593 Reprehendi-

2246 4534 2288 4589 ι)
2318 4524 2613 4595 καθαρεύει
2642 4525 2737 4577 καὶ
2779 4523 3065 4595 πράξεσιν.
3108 4523 3416 4592 Ἐλέγχεται
3440 4518 3490 4571 δὲ
3523 4517 3572 4566 ἐν
3596 4502 3778 4595 φωτὶμ

648 4605 934 4653 turautem
960 4600 1010 4654 in
1031 4601 1256 4669 lumine,
1281 4606 1371 4675 qui
1419 4607 1719 4666 libertatem
1774 4588 1978 4683 przebet
2038 4618 2212 4674 incre-

2248 4588 2267 4589 7
2316 4620 2345 4671 ὁ
2375 4588 2684 4688 παρρησίας
2717 4588 3030 4686 μεταδιδοὺς
3063 4618 3174 4678 τοῖς
3203 4588 3525 4683 ἐλέγχουσιν,
3556 4606 3581 4655 ὁ
3601 4600 3649 4651 τὸ
3670 4588 3781 4657 σοφὸν

648 4690 923 4758 pantibus,
958 4695 1177 4763 sapiens
1201 4696 1330 4752 illud
1361 4702 1638 4757 oraculum
1698 4706 2017 4771 observans,
2066 4712 2212 4779 quod

2317 4710 2495 4763 ἐκεῖνο
2512 4710 2690 4777 λόγιον
2718 4708 3016 4779 ἐπιτηρῶν,
3047 4709 3184 4777 ὅπερ
3213 4710 3272 4760 ἐν
3298 4702 3597 4774 Παροιμίαις
3614 4692 3780 4779 εἴρηταί.

647 4781 703 4834 in
727 4780 1033 4838 Proverbiis
1070 4786 1270 4842 dicitur
1300 4806 1313 4842 :
1340 4790 1512 4861 Argue
1556 4797 1866 4865 sapientem,
1916 4810 1965 4853 et
2033 4772 2211 4872 diliget

2215 4821 2217 4826 λ
2308 4772 2605 4870 -Ἐλεγξαι
2643 4772 3439 4870 σοφὸν,“καὶάγαπήσειοέε.
3484 4790 3561 4844 Ἐν
3595 4772 3779 4872 σκότινᾶ

648 4877 697 4923 te
726 4871 881 4926 "sln
913 4875 1148 4930 tenebris
1171 4894 1298 4933 vero
1320 4892 1567 4937 versatur
1625 4886 1672 4940 is
1697 4887 1787 4956 qui
1809 4900 2097 4946 monentes
2126 4892 2212 4946 fu-

2317 4895 2345 4945 ὁ
2371 4893 2588 4960 φεύγων
2617 4869 2743 4955 τοὺς
2768 4892 3147 4963 ἐντρέποντας’
3175 4895 3255 4955 είς
3288 4892 3347 4944 δν
3368 4890 3395 4942 ὁ
3417 4884 3634 4947 δεύτερος
3653 4869 3777 4963 στίχος

648 4961 754 5031 git;
782 4962 835 5016 in
863 4980 1023 5032 quem
1045 4968 1181 5022 alter
1209 4972 1509 5028 versiculus
1524 4952 1803 5033 Proverbii
1833 4981 2089 5051 quadrat:
2114 4984 2212 5037 Ar-

2318 4952 2413 5054 τῆξ
2445 4952 2749 5054 ﬂammulas
2771 4952 3012 5055 ἥρμοσεν
3041 5000 3057 5016 ·
3093 4952 3458 5056 "13.15.1816,-
3480 4976 3685 5043 ἄφρονα,
3714 4952 3776 5008 καὶ

646 5068 745 5120 gue
776 5054 1015 5121 stultum,
1033 5066 1081 5110 et
1098 5060 1313 5129 adjiciet
1344 5074 1401 5116 ut
1431 5066 1596 5119 oderit
1618 5077 1686 5123 te.

1618 5077 1686 5123 te.
2318 5074 2651 5143 προσθήσει
2668 5075 2773 5130 τοῦ
2794 5054 3061 5144 μισῆσαί
3084 5092 3176 5130 σε.

715 5142 982 5204 νεηε.21.
1010 5169 1028 5200 ι
1062 5149 1327 5216 Quoniam
1350 5155 1738 5214 inflammatum
1764 5174 1848 5218 est
1865 5179 1959 5219 cor
1974 5181 2205 5223 meum”

1816 5174 1848 5218 st
1865 5179 1959 5219 cor
1974 5181 2205 5223 meum.»
2360 5142 2367 5143 ί
2394 5184 2412 5215 ι
2454 5166 2575 5218 Ὅτι
2604 5142 2870 5235 ἐξεκαύθη
2900 5142 2945 5235 ήή
2966 5164 3162 5235 καρδία
3197 5182 3320 5235 μου.
3364 5181 3380 5212 ι

718 5230 967 5299 lpsemet,
997 5236 1195 5306 inquit,
1226 5240 1387 5296 etiam
1414 5243 1479 5297 ad
1498 5245 1726 5301 nihilum
1745 5250 1993 5319 redigar;
2027 5253 2079 5308 id
2107 5265 2211 5319 est,

2207 5297 2211 5316 ι
2402 5256 2811 5326 Ἐξουδένωμαι,
2836 5258 2991 5326 φησι,
3017 5259 3109 5310 καὶ
3131 5256 3312 5319 αὑτὸςο
3336 5248 3603 5306 τουτέστιν,
3628 5233 3696 5286 Ἐν
3714 5222 3771 5326 εἶδ’

649 5317 860 5389 fragilis
881 5322 1109 5381 effectus
1139 5342 1297 5397 sum;
1347 5334 1783 5404 quandoquidem
1815 5314 2209 5398 inflammatum

2204 5370 2209 5398 ι
2320 5349 2498 5419 τελεία
2543 5352 2764 5418 γέγοναν
2818 5349 3004 5421 ἐπειδὴ
3034 5348 3359 5419 ἐξεκαύθηή
3419 5334 3586 5407 καρδία
3609 5339 3690 5421 lto”
3717 5314 3767 5421 dt

646 5418 731 5461 est
751 5424 844 5463 cor
873 5426 1054 5467 meum
1090 5415 1144 5469 in
1173 5418 1475 5486 avaritiam,
1508 5423 1853 5479 manifestum
1888 5445 2104 5498 quoque
2126 5442 2209 5486 est

2200 5443 2209 5486 ἱ
2316 5415 2651 5503 πλεονεξίαν,
2683 5438 2905 5511 εύδηλον
2936 5415 3030 5493 καὶ
3058 5440 3108 5492 οἱ
3131 5415 3316 5511 νεφροί
3348 5449 3440 5506 μου
3464 5415 3764 5511 ἦλλοίάίθησαίθ

647 5515 809 5557 renes
835 5520 985 5560 meos
1006 5507 1317 5566 immutatos
1331 5527 1483 5577 esse;
1511 5515 1748 5588 intelligo
1769 5527 1951 5573 autem
1986 5519 2053 5574 ad
2082 5521 2207 5575 libi-

2202 5554 2207 5563 ~
2315 5532 2394 5592 είς
2446 5531 2637 5601 ἡδονὰς
2666 5531 2724 5584 δὲ
2757 5507 2969 5601 νύησον.
3012 5533 3181 5585 Ὅταν
3230 5507 3332 5601 γάρ
3361 5542 3433 5588 τις
3474 5516 3562 5573 ὑπὸ
3589 5509 3665 5601 τῆς

645 5592 848 5651 dinem.
880 5596 1110 5664 Quando
1133 5602 1282 5657 enim
1314 5604 1508 5676 aliquis
1554 5584 1900 5677 peccatorum
1951 5614 2209 5670 felicitate

2201 5635 2209 5668 ⁵
2319 5584 2658 5688 ἀίλαριτωλιίν
2691 5584 2967 5694 εὐθηνίας-
2995 5584 3269 5689 δολωθεὶς,
3302 5584 3530 5692 ἐρεθισθῇ
3574 5596 3679 5672 πρὸς
3697 5584 3765 5654 τὴν

717 5794 761 5825 ⁷⁸
784 5793 939 5849 Prov.
965 5812 1118 5865 xvtu,
1150 5802 1202 5854 5.
1281 5803 1327 5835 "
1354 5804 1374 5857 ι
1400 5802 1525 5861 Cor.
1561 5824 1639 5875 ιιι,
1666 5810 1715 5863 8.
1794 5812 1839 5840 ⁷⁸
1869 5809 2031 5866 Hebr.
2067 5828 2164 5878 xu,
2202 5813 2252 5867 6.

1178 5826 1202 5854 ι.
1281 5803 1327 5835 ’⁸
1354 5804 1374 5857 l
1400 5802 1525 5861 Cor.
1561 5824 1639 5875 ιιι,
1666 5810 1715 5863 8.
1794 5812 1839 5840 ⁷⁸
1869 5809 2031 5866 Hebr.
2067 5828 2164 5878 xit,
2202 5813 2252 5867 6.
2331 5815 2371 5845 ⁷⁷
2401 5814 2558 5873 Prov.
2590 5832 2665 5885 ιι,
2689 5815 2742 5873 8.
