4032 6420
198 352 333 421 2241

1350 362 1808 423 FRAGMENTA
1846 365 1927 425 IN
1960 366 2315 427 PSALMOS.

3313 357 3448 421 1242

200 471 429 525 ἐκείνων
495 470 755 543 μίμησιν,
834 454 1174 544 παραχρῆμα
1238 474 1631 543 ὲξουθενεϊται,
1687 478 1780 530 καὶ

1893 479 2163 550 deceptus,
2216 481 2285 535 ad
2306 493 2497 534 eorum
2547 474 2906 531 imitationem
2968 470 3132 526 fuerit
3170 470 3445 530 incitatus.

202 563 546 631 φαυλίζεται,
583 566 647 617 ὲκ
688 563 780 617 τοῦ
817 565 1019 619 οἰκείου
1070 564 1392 633 μεταπεσὼν
1435 566 1769 638 ἀξιώματος.

203 656 420 725 Σφόδρα
450 655 508 708 δὲ
538 656 809 726 ἁρμοδίως
857 656 1215 725 προστέθεικε
1266 657 1348 721 τὸ,
1389 661 1509 712 Οὐκ
1558 661 1770 729 ἐγνωνο

1874 571 2018 626 illico
2033 571 2099 625 ad
2126 570 2357 625 nihilum
2382 569 2671 640 redigitur,
2703 576 2760 623 et
2789 568 3139 636 depravatur,
3168 578 3197 617 a
3230 563 3447 632 propria

1875 663 2137 733 dignitate
2166 663 2451 717 decidens.
2480 661 2648 716 Valde
2702 670 2885 713 autem
2916 655 3324 711 accommodate
3353 655 3450 708 ad-

208 748 507 819 ὲπειδήπερ
553 748 836 816 ἀγνοοῦσιν
892 751 938 801 οἱ
982 749 1168 801 πολλοὶ⁹
1217 749 1311 819 τὴν
1367 750 1774 820 συμϐαίνουσαν

1899 744 2063 810 unxit»
2082 755 2246 817 istud,
2278 753 2342 806 Et
2372 753 2598 815 nescivi;
2629 752 2753 822 quia
2782 748 3002 821 plurimi
3039 750 3289 818 ignorant
3326 745 3450 798 vili-

205 842 395 902 αὐτοῖς
432 843 496 894 ὲκ
528 841 634 893 τῶν
686 842 1097 911 ἁμαρτημάτων
1131 842 1426 894 εὐτέλειαν·
1460 846 1510 896 οἱ
1555 845 1653 913 μὲν
1700 847 1776 907 ὡς

211 932 403 1001 ἱερεῖς,
425 933 473 985 oi.
508 932 563 983 δὲ
591 932 665 993 ὡς
691 932 969 1002 ἄρχοντες,
1004 934 1069 985 ἐκ
1091 932 1182 985 τοῦ
1223 935 1607 1004 περικειμένου
1638 937 1775 1006 σχή-

213 1040 385 1093 ματος
412 1022 782 1091 ἀπατώμενοι.

292 1130 312 1162 ι
342 1111 631 1181 Κτηνὼδης
666 1111 928 1182 ἐγενήθην
951 1116 1103 1181 παρὰ
1134 1114 1238 1167 σοί.
1282 1133 1302 1167 ι

290 1204 534 1270 Κτήνους
564 1202 671 1272 γὰρ
720 1205 847 1257 ίδιον
874 1205 935 1257 τὸ
984 1204 1310 1268 πλανᾶσθαι,
1351 1207 1444 1260 καὶ
1477 1208 1638 1261 πάλιν
1667 1209 1776 1262 ἀπὸ

211 1293 319 1362 τῆς
344 1294 550 1363 πλάνης
581 1292 759 1364 ῥάϐδῳ
784 1297 941 1365 τυχὸν
967 1296 998 1367 ἦ
1029 1298 1232 1368 χαλινῷ
1259 1299 1662 1366 μετατίθεσθαι.
1684 1300 1776 1362 El;

213 1384 410 1455 καιρὸν
464 1386 521 1437 δὲ
577 1386 638 1438 τὸ
680 1387 839 1454 παρὰ
864 1390 961 1443 σοὶ
1003 1390 1097 1441 καὶ
1130 1390 1278 1457 μετὰ
1302 1390 1418 1444 σοῦ
1448 1391 1778 1462 προσέθηκε,

209 1475 307 1526 τὸν
343 1474 498 1540 λόγον
534 1476 982 1546 ἀσφαλιζόμενος
1009 1480 1193 1549 ἐπειδή
1229 1481 1369 1543 τινες
1398 1481 1529 1544 εἰσι,
1558 1481 1636 1550 τῷ
1659 1481 1779 1534 δια-

213 1566 360 1634 δόλῳ
384 1566 594 1635 κτηνῶν
622 1567 775 1639 δίκην
829 1570 1072 1638 ἀνοήτων
1104 1572 1379 1640 ἑπόμενον
1418 1575 1548 1639 περὶ
1586 1567 1660 1628 ὧν
1707 1574 1784 1627 εί-

218 1674 403 1728 ρηται,
439 1660 953 1728 Παρασυνεϐλήθη
984 1660 1109 1726 τοῖς
1151 1662 1396 1727 κτήνεσι
1427 1664 1549 1729 τοῖς
1602 1664 1784 1731 ἀνοή-

218 1765 367 1814 τοις,
419 1748 515 1801 καὶ
561 1748 824 1817 ὡμοιώθη
884 1751 1108 1816 αὐτοῖς.
1145 1752 1302 1806 Ἀλλά
1337 1753 1454 1815 πῶς
1500 1752 1639 1808 εἶναι
1674 1754 1785 1808 δια-

218 1838 419 1901 παντὸς
442 1841 576 1909 μετά
600 1841 692 1892 τοῦ
714 1841 910 1906 Θεοῦ,ὁ
938 1843 1035 1913 τὴν
1057 1842 1231 1915 ὁρμὴν
1252 1844 1388 1907 ὅλως
1414 1847 1461 1898 εί
1489 1846 1584 1898 καὶ
1615 1848 1786 1917 πρόσ-
1818 1820 1858 1874 Β

217 1948 413 2001 καιρον
461 1926 705 2003 ἐσχηκὼς
755 1936 844 1987 ἐπὶ
881 1934 942 1987 τὸ
985 1938 1165 2007 χεῖρον
1220 1934 1474 2001 δύναται;
1508 1938 1578 1989 Ἢ
1607 1937 1783 2007 δῆλον,

215 2020 293 2083 ὡς
328 2021 427 2089 οὐχ
477 2022 804 2092 ἁμαρτάνων
828 2026 892 2095 τῇ
921 2025 1192 2092 προθέσει,
1220 2024 1575 2094 ἀπατώμενος
1598 2025 1655 2077 δὲ
1682 2027 1785 2079 πέ-

217 2113 609 2185 πονθεοδιόπερ
640 2116 933 2180 ἀνακοπεὶς
952 2116 1028 2188 τῷ
1060 2115 1258 2186 χαλινῷ
1296 2115 1373 2187 τῷ
1407 2118 1554 2186 νόμῳ
1590 2133 1775 2189 παρα-

217 2207 407 2277 χρῆμα
439 2208 761 2279 ἐπέστρεψε.

298 2318 319 2352 ι
350 2300 416 2353 Τί
446 2304 554 2372 γάρ
579 2320 668 2373 μοι
692 2303 925 2372 ὑπάρχει
962 2304 1019 2356 ὲν
1044 2303 1122 2375 τῷ
1143 2302 1383 2374 οὐρανῷ;
1421 2321 1441 2352 ³

313 2394 626 2458 Ἓξέλιπεν
660 2397 700 2465 ἡ
745 2397 956 2466 καρδία
976 2414 1096 2466 μου
1121 2397 1219 2452 καὶ
1248 2398 1286 2465 ἡ
1314 2395 1469 2467 σάρξ
1497 2413 1635 2466 μου,
1681 2393 1788 2446 ἀπὸ

229 2480 334 2532 τῶν
369 2480 631 2550 βιωτικῶν
658 2483 856 2554 δηλαδὴ
903 2487 996 2538 καὶ
1036 2485 1389 2556 ἀνθρωπίνων
1422 2483 1785 2556 πραγμάτων.

236 2573 394 2624 Ὅταν
421 2574 526 2644 γὰρ
555 2575 762 2628 ἐκεῖθεν
808 2576 1027 2648 ἐκλίπῃ,
1080 2577 1376 2641 τουτέστιν,
1406 2578 1533 2630 ὅταν
1562 2574 1655 2629 ἀπ’
1689 2577 1788 2627 αὺ-

227 2663 333 2716 τῶν
368 2664 695 2738 ἀναχωρήσῃ
724 2671 817 2722 καὶ
844 2669 1139 2741 παύσηται,
1171 2671 1291 2723 τότε
1333 2670 1523 2740 μερίδα
1551 2670 1642 2721 τὸν
1658 2668 1787 2722 Θεὸν

222 2754 333 2820 ἕξει
379 2758 458 2819 είς
506 2757 596 2811 τὸν
642 2758 833 2813 αἰῶνασ
876 2763 1063 2832 κτῆμα
1110 2762 1169 2815 δὲ
1216 2761 1382 2815 αὑτοῦ
1415 2763 1513 2830 τῆς
1562 2761 1789 2831 καρδίας

221 2844 506 2912 ἐξαίρετον
542 2850 769 2918 γίνεται,
802 2851 944 2906 ὥστε
979 2852 1113 2917 Θεὸς
1147 2854 1315 2925 αὐτῆς
1336 2853 1423 2907 διὰ
1459 2856 1556 2923 τὴν
1596 2854 1789 2923 κτῆσιν

223 2938 324 2991 καὶ
351 2939 452 3011 τὴν
472 2942 745 3013 ἐνοίκησιν
775 2945 1053 3011 λέγεσθαι.

790 3037 1085 3091 ΨΔΛΜΟΣ
1114 3039 1230 3093 ΟΓν.

306 3145 326 3178 ι
378 3125 466 3189 Ὠς
506 3127 565 3181 ὲν
587 3127 776 3199 δρυμῷ
801 3128 993 3195 ξύλων.
1035 3147 1054 3182 ι

311 3218 522 3283 Ἀξίνας
567 3222 665 3283 τὰς
715 3220 1069 3291 βλασφήμους
1110 3219 1219 3273 τῶν
1261 3220 1531 3275 Ἰουδαίων
1577 3220 1795 3290 νοήσεις

224 3312 503 3378 γλώσσας,
526 3315 623 3377 τὰς
651 3314 707 3366 δὲ
738 3314 907 3376 αὐτὰς
936 3314 1143 3367 πέλυκα
1176 3315 1270 3367 καὶ
1293 3314 1667 3385 λαξευτήριον·
1701 3313 1797 3366 καὶ⁵

228 3404 544 3476 θαυμαστὸν
575 3407 746 3460 οὐδέν’
782 3407 1017 3478 ἀλλαχοῦ
1041 3408 1152 3479 γὰρ
1187 3409 1463 3478 μάχαιραν
1489 3406 1667 3472 ὀξεῖαν
1696 3406 1796 3460 αὺ-

222 3496 330 3562 τάς
376 3501 839 3571 προσηγόρευσεν.
874 3495 1043 3555 Αὖται
1097 3502 1275 3555 τοίνυν
1305 3500 1588 3569 ἐξέκοψαν,
1641 3498 1795 3571 φησὶ,

224 3590 329 3644 καὶ
376 3593 721 3664 κατέρῤαξαν
774 3594 874 3657 τὰς
910 3594 1078 3660 θύρας
1112 3594 1302 3665 αὐτῆς,
1332 3593 1533 3665 δηλαδὴ
1559 3594 1662 3656 τὰς
1687 3593 1801 3646 είσ-

223 3684 387 3748 όδους
414 3687 512 3756 τῆς
547 3687 627 3749 είς
654 3686 887 3756 Χριστὸν
916 3686 1170 3750 πίστεως.

306 3778 520 3849 Ὀνομα
544 3779 599 3831 δὲ
623 3778 714 3832 τοῦ
740 3779 952 3849 [ἰατρὸς
989 3782 1018 3833 ὁ
1046 3780 1196 3843 Υἱὸς,
1227 3779 1301 3841 ὡς
1327 3777 1488 3842 αὐτὸς
1517 3777 1801 3847 γνωρίζων

226 3872 323 3924 τὸν
358 3872 598 3944 Πατέρα,
632 3873 727 3925 καὶ
763 3872 830 3925 δι’
857 3872 1023 3926 αὐτοῦ
1067 3872 1488 3942 γνωριζόμενος.
1516 3870 1716 3924 Τούτου
1742 3871 1802 3923 τὸ

231 3965 503 4035 σκήνωμα
573 3964 730 4034 (φησὶ
773 3965 830 4018 δὲ
885 3964 983 4037 τὴν
1033 3962 1366 4034 οἰκονομίαν)
1410 3965 1491 4027 είς
1545 3966 1647 4033 γῆν
1692 3964 1804 4025 τοῖς

230 4057 467 4110 πάθεσιν
518 4056 884 4127 ὲὸεὸήλωσαν·
920 4062 976 4111 ὲν
1001 4056 1212 4128 οὐρανῷ
1268 4056 1376 4128 γάρ
1415 4056 1804 4127 δεδοξασμένος

231 4152 329 4204 καὶ
353 4150 494 4204 κατά
513 4150 601 4204 τὸν
629 4152 819 4222 καιρὸν
847 4152 953 4204 τῶν
984 4151 1320 4221 παθημάτων
1342 4150 1577 4222 ἔμεινεν.

313 4262 337 4296 ι
372 4240 546 4297 Εἶπαν
577 4245 634 4296 ὲν
666 4246 730 4314 τῇ
760 4244 956 4315 καρδίᾳ
984 4242 1181 4297 αὐτῶν.
1222 4261 1242 4294 ι

307 4336 475 4397 Ποίας
512 4335 568 4389 δὲ
602 4336 827 4408 ἑορτάςς
868 4335 1025 4406 δῆλον
1056 4334 1130 4397 ὡς
1162 4333 1399 4398 ὲκείνας,
1445 4333 1651 4395 αἵτινες
1698 4332 1805 4385 άπὸ

231 4431 339 4498 τῆς
372 4428 669 4498 ἐπιδημίας
713 4429 807 4482 τοῦ
846 4427 1101 4498 Σωτῆρος
1139 4426 1456 4495 ἡλπίζοντο,
1481 4420 1590 4479 οἷον
1620 4425 1803 4496 ἀρρω-

1879 856 2040 901 tatem
2090 863 2211 917 qua:
2247 848 2377 916 ipsis
2406 844 2602 901 accidit
2652 861 2718 899 ex
2767 845 3034 914 peccatis;
3088 841 3175 895 alii
3228 838 3449 908 quidem

1880 947 2132 1009 tanquam
2158 940 2490 1001 sacerdotes,
2518 939 2606 992 alii
2641 953 2771 992 vero
2839 946 3099 1006 tanquam
3152 932 3447 1003 principes,

1880 1046 1946 1085 ex
1963 1032 2229 1099 adjacenti
2252 1031 2433 1100 specie
2457 1031 2688 1099 decepti.

1951 1122 2112 1177 Vens.
2136 1123 2226 1177 9.3.
2266 1141 2283 1173 ι
2321 1122 2719 1191 Utjumentum
2768 1119 2944 1174 factus
3001 1131 3122 1171 sum
3146 1115 3287 1184 apud
3312 1122 3388 1167 te.
3425 1132 3442 1163 ι

1948 1212 2185 1267 Jumenti
2215 1214 2359 1266 enim
2383 1213 2662 1283 proprium
2695 1220 2778 1266 est
2807 1226 3011 1271 errare,
3042 1219 3096 1263 et
3129 1223 3347 1261 rursum
3379 1206 3449 1261 ab

1882 1320 2069 1358 errore
2102 1305 2216 1358 sive
2245 1304 2392 1374 virga
2420 1305 2535 1358 sive
2575 1303 2729 1357 freno
2795 1302 3061 1357 revocari.
3126 1299 3451 1369 Opportune

1881 1404 2063 1450 autem
2101 1395 2264 1461 istud,
2301 1400 2441 1463 apud
2473 1404 2541 1459 te,
2574 1405 2647 1459 et,
2690 1405 2857 1449 tecum
2879 1393 3108 1456 addidit,
3141 1406 3450 1447 sermonem

1881 1488 2208 1543 conﬁrmans
2240 1505 2252 1540 :
2278 1488 2719 1557 quandoquidem
2752 1487 2917 1556 aliqui
2947 1495 3075 1541 sunt
3105 1486 3195 1556 qui
3216 1484 3449 1544 diabolo,

1885 1583 2055 1635 instar
2076 1582 2447 1651 jumentorum
2476 1579 2870 1648 insipientium,
2890 1579 3203 1633 adhaarent:
3233 1577 3300 1631 de
3328 1574 3452 1643 qui-

1884 1674 1987 1728 bus
2013 1673 2213 1729 dicitur
2240 1690 2254 1725 :
2278 1672 2630 1740 Comparatus
2654 1682 2727 1724 est
2761 1670 3019 1739 jumentis
3066 1667 3451 1737 insipientibus.

1885 1776 1932 1820 et
1957 1766 2144 1820 similis
2173 1767 2341 1837 factus
2371 1774 2445 1817 est
2467 1760 2661 1819 illis".
2719 1760 2829 1816 Sed
2862 1762 3133 1832 quomodo
3163 1776 3285 1813 cum
3341 1758 3452 1811 Dco

1888 1873 2101 1928 semper
2127 1872 2248 1912 esse
2274 1856 2464 1927 possit,
2488 1855 2577 1925 qui
2614 1853 2868 1908 aﬂ'ectum
2928 1852 3154 1907 omnino
3179 1860 3453 1919 tempora-

1887 1951 1990 2003 lem
2017 1958 2112 2004 aut
2142 1950 2209 2004 ad
2238 1948 2438 2003 malum
2470 1947 2701 2001 habuit?
2726 1944 2880 1999 Unde
2900 1942 3272 2004 manifestum,
3298 1938 3444 2008 quod

1887 2058 1996 2098 non
2026 2058 2090 2096 ex
2116 2041 2283 2095 animi
2319 2040 2688 2095 destinatione
2716 2036 2979 2107 peccarit,
3013 2035 3109 2089 sed
3166 2049 3233 2088 ex
3295 2032 3456 2086 dece-

1888 2134 2073 2205 ptione
2097 2134 2199 2187 hoc
2227 2148 2418 2202 passus
2449 2132 2553 2198 sit;
2583 2145 2751 2201 quare
2789 2129 2943 2184 freno
2986 2126 3123 2199 legis
3172 2132 3457 2180 revocatus

1889 2226 2032 2281 illico
2058 2226 2271 2279 resiliit.

1960 2314 2226 2370 Vcas.25.
2258 2332 2276 2365 ι
2311 2314 2449 2380 Quid
2485 2312 2630 2367 enim
2654 2311 2788 2365 mihi
2815 2318 2899 2365 est
2926 2310 2979 2363 in
3008 2308 3185 2363 coelo?
3228 2326 3245 2358 ι

1958 2408 2155 2478 Deiecit
2183 2423 2271 2460 cor
2308 2422 2477 2459 meum
2504 2414 2549 2459 et
2579 2420 2703 2458 caro
2728 2419 2866 2469 mea,
2912 2418 2941 2456 a
2992 2400 3344 2455 saecularibus
3366 2397 3455 2452 ni-

1890 2500 2089 2555 mirum
2121 2508 2176 2554 et
2207 2498 2464 2553 humanis
2495 2496 2746 2568 negotiis.
2769 2494 2998 2561 Quando
3030 2494 3175 2548 enim
3204 2492 3331 2546 inde
3356 2491 3446 2545 de.

1890 2593 2102 2658 fecerit,
2131 2592 2182 2646 id
2209 2600 2311 2652 est.
2336 2589 2554 2660 quando
2584 2589 2652 2643 ab
2679 2590 2747 2643 iis
2781 2587 3071 2643 recesserit
3092 2595 3255 2655 atque
3276 2597 3457 2638 cessa-

1889 2683 2047 2749 verit,
2081 2690 2210 2737 tunc
2228 2691 2438 2751 partem
2469 2695 2620 2733 suam
2656 2678 2880 2733 habebit
2905 2679 3077 2732 Deum
3121 2677 3176 2729 in
3228 2674 3458 2737 saecula;

1890 2775 2069 2831 cordis
2098 2783 2278 2828 autem
2308 2772 2427 2842 ejus
2458 2771 2729 2841 possessio
2782 2770 2842 2824 ﬁt
2861 2768 3082 2834 eximia,
3113 2767 3189 2821 ita
3245 2774 3303 2821 ut
3364 2780 3462 2834 per

1892 2863 2291 2934 possessionem
2319 2872 2375 2918 et
2404 2862 2860 2916 inhabitationem
2891 2859 3033 2915 Deus
3085 2859 3208 2929 ejus
3275 2856 3461 2928 appel-

1892 2955 2054 3010 letur.

2382 3036 2699 3095 PSALMUS
2733 3036 2967 3093 LXXIII.

1818 3154 1862 3213 α
1964 3134 2129 3189 Vens.
2151 3132 2205 3187 6.
2237 3152 2256 3185 ι
2285 3131 2450 3199 Quasi
2480 3132 2536 3184 in
2567 3130 2701 3185 silva
2721 3129 3021 3200 lignorum.
3056 3145 3075 3179 ι

1964 3224 2195 3279 Secures
2221 3224 2564 3292 blasphemas
2592 3218 2902 3274 Judaeorum
2920 3218 3133 3288 linguas
3172 3213 3462 3285 intelliges,

1897 3316 2115 3372 easdem
2146 3330 2277 3370 vero
2300 3315 2462 3369 etiam
2492 3328 2614 3368 esse
2666 3311 2902 3367 securim
2934 3318 2989 3365 et
3016 3308 3219 3363 asciam
3252 3325 3266 3361 :
3294 3316 3351 3361 et
3378 3306 3466 3360 ni-

1899 3409 1975 3464 hil
2010 3408 2116 3462 hoc
2153 3407 2350 3461 mirum
2389 3414 2473 3460 est
2515 3420 2529 3458 :
2566 3403 2693 3458 alibi
2722 3402 2871 3457 enim
2903 3400 3020 3456 illas
3044 3398 3330 3469 appellavit
3353 3396 3465 3468 gla-

1898 3500 2047 3555 dium
2089 3493 2507 3553 acutum".Ha:
2555 3494 2742 3565 igitur,
2791 3490 2990 3560 inquit,
3035 3488 3358 3544 exciderunt
3410 3493 3470 3542 et

1900 3590 2284 3659 coniregerunt
2305 3588 2500 3658 januas
2525 3588 2665 3658 ejus,
2683 3584 2891 3640 scilicet
2921 3582 3201 3655 ingressus
3225 3578 3349 3634 ﬁdei
3399 3578 3466 3633 ad

1899 3683 2197 3739 CliriStum.

1970 3772 2175 3828 Nomen
2211 3778 2390 3825 autem
2422 3767 2594 3822 Patris
2618 3773 2701 3821 est
2734 3764 2924 3829 Filius,
2976 3770 3165 3832 utpote
3216 3759 3307 3828 qui
3358 3756 3468 3810 Pa-

1902 3878 2039 3922 trem
2061 3863 2326 3926 notiﬁcet,
2353 3871 2408 3916 et
2432 3877 2526 3930 per
2556 3860 2733 3930 ipsum
2758 3866 2920 3912 notus
2944 3856 3054 3910 ﬁat.
3090 3852 3262 3922 Hujus
3284 3851 3467 3905 taber-

1904 3958 2159 4013 naculum
2189 3955 2289 4025 (ait
2315 3962 2498 4007 autem
2528 3947 3019 4019 dispensationem)
3072 3946 3127 3999 in
3152 3954 3297 3998 terra
3345 3954 3469 4011 pas.

1904 4050 2148 4105 sionibus
2182 4046 2540 4116 polluerunt:
2576 4042 2631 4096 in
2660 4041 2799 4096 caelo
2832 4040 2979 4094 enim
3031 4037 3195 4092 etiam
3230 4045 3477 4104 tempore.

1904 4141 2172 4215 passionis
2199 4137 2490 4209 gloriosum
2519 4132 2840 4204 permansit.

1975 4230 2137 4287 Vens.
2163 4231 2214 4285 8.
2245 4246 2264 4280 ι
2298 4227 2564 4282 Dixerunt
2593 4226 2647 4279 in
2670 4224 2832 4279 corde
2863 4237 2979 4276 suo.
3021 4238 3040 4271 ι

1976 4324 2173 4392 Quales
2190 4330 2370 4375 autem
2390 4315 2791 4373 solemnitates?
2816 4313 3032 4367 Clarum
3064 4318 3149 4364 est
3171 4308 3313 4379 quod
3330 4307 3472 4371 illas,

1906 4435 2028 4489 qua:
2059 4426 2181 4486 post
2214 4414 2505 4468 adventum
2562 4404 2856 4460 Salvatoris
2908 4402 3289 4472 sperabantur,
3321 4397 3472 4452 verbi

234 4489 341 4587 σὲή
351 4489 747 4588 μάτωνίάσεις.
769 4519 976 4588 πλάνης
991 4489 1315 4587 ἀπαλλαγὴ,
1342 4489 1670 4585 θεογνωσίας
1688 4489 1792 4568 εἴσ-

1910 4510 2099 4582 gralia,
2132 4505 2500 4561 inﬁrmitatum
2530 4498 2858 4559 curationes,
2891 4494 3093 4549 erroris
3109 4490 3371 4561 depulsio,
3390 4489 3475 4543 di-

234 4610 380 4674 οδος.
406 4604 575 4665 Αὗται
624 4610 731 4680 γὰρ
772 4609 985 4681 ἀληθῶς
1028 4609 1211 4681 ἑορταὶ
1251 4608 1408 4672 Θεοῦ,
1437 4609 1650 4678 χαίρειν
1681 4608 1805 4659 ἀτε-

235 4696 477 4768 λεύτητα
514 4697 603 4750 τὸν
634 4696 939 4766 ἄνθρωπον,
972 4698 1061 4749 καὶ
1099 4697 1488 4767 πανηγυρίζειν
1512 4696 1805 4759 διαπαντὸς

237 4790 603 4861 παρέχουσαι.
655 4790 870 4853 Ταύτας
911 4789 1089 4843 τοίνυν
1114 4789 1200 4842 διά
1244 4789 1341 4859 τῆς
1372 4790 1453 4853 είς
1492 4789 1652 4843 αὐτὸν
1681 4790 1805 4841 ὲπι-

237 4880 439 4953 ϐουλῆς
467 4882 672 4936 ἀνελεῖν
693 4880 1127 4952 ὲφαντάσθησαν.

322 5083 341 5116 ι
370 5064 441 5118 Σὺ
464 5064 838 5135 ὲκραταίωσας
861 5063 918 5116 ὲν
939 5064 1004 5133 τῇ
1020 5061 1240 5132 δυνάμει
1274 5078 1388 5117 σου.
1438 5080 1458 5113 ›

318 5157 598 5228 Δράκοντα
631 5154 858 5209 καθόλου
895 5155 1076 5207 πᾶσαν
1126 5152 1507 5222 ἀντικειμένην
1536 5165 1811 5221 προσαγο-

243 5250 399 5325 ρεύει
427 5250 678 5318 δύναμιν·
719 5249 876 5301 τοῦτο
924 5246 1044 5316 μὲν,
1078 5245 1153 5309 ὡς
1196 5246 1275 5299 ίὸν
1307 5243 1648 5314 ἀναιρετικὸν
1672 5242 1815 5311 ἔχου·

245 5363 372 5400 σοιν⁸
396 5343 552 5397 τοῦτο
571 5344 628 5396 δὲ
661 5342 796 5413 πρὸς
827 5340 1130 5410 ἀνάμνησιν
1160 5338 1255 5392 τοῦ
1298 5336 1585 5408 γεγονότος
1616 5336 1674 5389 ὲν
1710 5352 1815 5387 πα-

1910 4580 2047 4659 vina:
2067 4596 2387 4669 cognitionis
2412 4586 2769 4646 accessioJla:
2786 4586 3051 4656 siquidem
3071 4597 3258 4637 revera
3280 4580 3479 4634 solem-

1912 4693 2109 4748 nitates
2144 4668 2234 4741 Dei
2258 4690 2406 4747 sunt,
2450 4695 2570 4750 quae
2621 4677 2897 4733 hominem
2944 4674 3156 4729 faciunt
3204 4672 3324 4725 sine
3368 4668 3477 4723 ﬁne

1913 4784 2168 4859 gaudere,
2197 4787 2252 4832 et
2272 4775 2583 4830 continuam
2606 4769 3005 4825 solemnitatem
3045 4765 3342 4821 celebrare.
3366 4761 3476 4815 llas

1912 4854 2095 4945 itaque
2122 4885 2218 4942 per
2243 4866 2472 4923 insidias
2510 4863 2614 4935 ipsi
2664 4870 2899 4917 structas
2945 4875 2977 4913 e
3051 4857 3233 4912 medio
3285 4854 3478 4909 tollere

1910 4967 2241 5040 cogitabant.

1982 5059 2141 5113 Vsus.
2173 5054 2261 5107 15.
2306 5070 2324 5101 ι
2352 5048 2394 5102 Τ
2399 5065 2431 5102 ιι
2450 5042 2783 5102 conﬁrmasti
2820 5042 2877 5096 in
2900 5040 3100 5094 virtute
3134 5047 3250 5093 tua.
3278 5056 3298 5089 ›

1976 5150 2275 5205 Draconem
2305 5137 2598 5207 universim
2622 5132 2867 5189 omnem'
2901 5129 3265 5185 adversariam
3289 5126 3480 5198 appel-

1911 5245 1983 5298 lat
2011 5245 2334 5310 potestatem
2365 5228 2602 5299 :partim
2648 5225 2891 5295 quidem,
2927 5237 2993 5277 eo
3018 5221 3163 5291 quod
3200 5234 3475 5275 venenum

1910 5309 2253 5388 mortiferum
2290 5320 2610 5381 contineat;
2658 5314 2853 5385 partim
2892 5328 3024 5367 vero
3061 5313 3115 5365 in
3140 5309 3477 5366 recordatio-

247 5436 485 5510 ραδείσῳ
509 5400 802 5506 δράματος,
828 5433 916 5486 ὅτε
935 5400 1039 5484 τὸν.
1061 5431 1182 5500 ὅφιν
1213 5400 1548 5484 ὑπενισελθὼν
1564 5429 1593 5481 ὁ
1623 5425 1792 5497 ἐχθρὸς

1916 5436 2041 5477 nem
2073 5418 2192 5487 ejus
2214 5412 2357 5483 quod
2382 5411 2435 5464 in
2462 5407 2715 5479 paradiso
2736 5414 2949 5477 gestum
2983 5413 3087 5469 est,
3120 5402 3338 5471 quando
3370 5400 3476 5454 ini-

246 5493 505 5599 :l'jmirqss
659 5493 1081 5596 πρωτόπλαστον
1104 5493 1436 5591 δνθρωπον.
1469 5493 1686 5571 Τούτων
1714 5493 1792 5568 τὼ

1916 5512 2090 5567 micus
2120 5512 2428 5577 serpentem
2497 5499 2882 5570 subingressus
2938 5498 3337 5569 protoplastum
3376 5493 3478 5547 bo-

247 5584 499 5689 atstpal'dc
518 5584 835 5688 συνέτριψεν
867 5615 897 5668 ὁ
918 5610 1150 5684 Χριστὸς
1172 5584 1331 5681 ὲνντῷ
1357 5609 1532 5673 ὕδατι,
1556 5604 1719 5670 αὑτός
1752 5621 1792 5658 τι

1918 5603 2117 5659 minem
2145 5595 2376 5669 decepit.
2414 5593 2616 5649 Horum
2642 5590 2821 5661 capita
2852 5589 3103 5647 Christus
3139 5585 3395 5645 contrivit
3422 5584 3477 5639 in

328 5803 374 5835 "
404 5797 545 5856 Psal.
571 5810 753 5861 xum,
778 5794 862 5850 15.
938 5793 981 5825 ⁷¹
1006 5790 1144 5847 Psal.
1166 5803 1270 5854 Lvl,
1293 5786 1349 5841 5.
