3962 6408
610 345 749 410 12ἲ3

1789 348 2147 409 HESYCHII
2200 347 2661 407 PRESBYTER]

3643 360 3739 421 ιιιι

598 476 757 528 aqua,
793 473 915 511 cum
954 458 1067 527 ipse
1086 458 1389 527 baptizatus
1430 458 1548 521 fuit,
1572 468 1626 511 et
1652 459 1964 513 hominibus
1990 461 2165 529 bapti—

2286 457 2608 521 Ξαπτισθεὶς,
2663 456 2757 509 καὶ
2805 456 3077 527 παραδοὺς
3145 458 3255 518 τοῖς
3296 456 3567 527 ἀνθρώποις
3606 465 3745 535 βαπτί,

598 566 776 604 smum
804 550 1041 604 tradidit.
1068 550 1236 604 Porro
1271 549 1632 619 spiritualium
1680 549 1979 604 draconum
2008 560 2173 619 caput

597 652 681 695 est
722 652 1025 710 peccatum.

672 734 828 787 Vens.
862 733 949 787 15.
989 757 1005 783 ε
1032 732 1110 785 Tu
1146 733 1394 802 dirupisti
1428 734 1605 789 fontes
1629 746 1682 789 et
1714 746 2003 791 torrentes.
2042 756 2060 787 ι

669 822 1136 889 Quemadmodum
1169 828 1313 878 enim
1340 827 1453 893 ipse
1487 844 1582 895 per
1631 827 1890 895 Spiritum
1925 838 2171 883 sanctum

600 920 801 987 gratias
834 919 1088 979 infundit,
1128 920 1199 971 ita
1231 920 1467 973 exsiccat
1495 930 1546 973 ct
1584 921 1759 974 aufert
1782 937 2016 982 errores,
2036 938 2173 991 quos

602 1012 787 1080 utique
816 1013 978 1064 etiam
1007 1012 1196 1065 ﬂuvios
1226 1012 1423 1065 Elham
1451 1013 1572 1081 jure
1623 1013 1819 1066 merito
1864 1014 2172 1083 appellavit.

605 1101 793 1155 Etham
840 1104 983 1154 enim
1037 1102 1205 1156 rubus
1252 1118 1347 1157 seu
1381 1102 1551 1156 sentis
1600 1103 2009 1171 interpretatur,
2072 1103 2173 1157 ista

605 1195 781 1263 planta
808 1204 988 1248 autem
1017 1195 1072 1247 in
1095 1195 1283 1249 divina
1307 1194 1587 1264 Scriptura
1607 1204 1828 1264 propter
1852 1196 2027 1249 malos
2056 1194 2173 1249 fru-

604 1296 723 1340 ctus
758 1288 1160 1357 perstringitur.

683 1378 840 1433 Vens.
868 1380 951 1433 16.
984 1399 1001 1429 ι
1045 1380 1195 1433 Tuus
1219 1389 1301 1432 est
1333 1378 1467 1443 dies,
1514 1388 1569 1432 et
1593 1388 1681 1432 tua
1704 1387 1787 1433 est
1809 1394 1936 1432 nox.
1977 1396 1996 1429 ι

680 1472 991 1524 Creatorem
1024 1482 1287 1525 creatura:
1320 1487 1432 1524 suae
1494 1486 1789 1524 memorem
1824 1469 2023 1535 reddit,
2077 1484 2176 1523 ne-

610 1576 878 1629 quaquam
903 1561 1122 1629 quidem
1150 1561 1267 1629 ejus
1298 1561 1549 1623 oblitum,
1581 1561 1675 1613 sed
1708 1561 1894 1615 volens
1918 1561 2063 1614 illam
2118 1560 2173 1613 in

608 1652 858 1706 omnibus
880 1653 1147 1713 confiteri,
1180 1654 1321 1721 quod
1349 1653 1469 1720 ejus
1498 1662 1749 1705 creatura
1779 1651 1872 1715 sit,
1908 1668 2030 1705 cum
2067 1659 2177 1705 tam

610 1743 958 1812 multiplicem
984 1759 1046 1796 ac
1084 1743 1291 1795 varium
1315 1742 1563 1795 ordinem
1588 1742 1808 1805 habeat,
1840 1750 1899 1795 ut
1920 1742 2037 1796 dies
2053 1740 2177 1811 qui-

2276 549 2486 614 ζεσθαι.
2526 548 2749 618 Κεφαλὴ
2794 548 2850 600 δὲ
2878 548 2988 599 τῶν
3036 548 3240 615 νοητῶν
3270 549 3548 617 δρακόντων
3573 558 3599 624 ἡ
3626 561 3751 633 ἀμιρ.

2274 642 2385 693 τία.

2352 750 2371 782 ι
2399 733 2469 784 Σὺ
2492 732 2785 803 διέῤῥηξας
2820 732 3001 801 πηγὰς
3029 734 3122 785 καὶ
3148 736 3487 806 χειμάρρους.
3522 756 3537 786 ι

2347 826 2559 896 ’Ὠσπερ
2597 826 2707 895 γὰρ
2745 824 2906 886 αὐτὸς
2963 824 3176 892 ἐνεργεῖ
3212 826 3299 877 διὰ
3336 825 3423 878 τοῦ
3463 826 3598 891 ἁγίου
3634 831 3758 885 Πνεύ.

2280 934 2447 987 ματος
2470 918 2536 969 τὰ
2574 917 2909 987 χαρίσματα.
2937 914 3080 967 οὕτω
3119 916 3360 985 ξηραίνει
3392 918 3480 969 καὶ
3507 918 3683 989 ἀναιρεῖ
3713 931 3757 977 τὰ

2276 1008 2370 1061 τοῦ
2391 1009 2617 1070 πλάνου,
2651 1007 2794 1077 ἆπερ
2819 1007 2881 1075 δὴ
2911 1010 3002 1060 καὶ
3032 1007 3094 1059 τὸ
3121 1008 3394 1077 ποταμοὺς
3418 1007 3572 1078 Ἐθὰμ
3599 1013 3761 1078 είκότως

2275 1100 2743 1169 προσηγόρευσεν.
2770 1098 2951 1167 Ἡθὲιμ
2968 1098 3075 1168 γὰρ
3096 1097 3288 1162 βάτος
3313 1099 3657 1167 ἑρμηνεύεται.
3676 1103 3760 1155 Ἐπὶ

2278 1190 2503 1259 φαύλοις
2544 1191 2600 1243 δὲ
2640 1190 2796 1243 τοῦτο
2837 1192 3068 1261 καρποῖς
3118 1190 3267 1257 παρᾶ
3312 1191 3376 1259 τῇ
3407 1188 3518 1259 θείᾳ
3550 1190 3763 1261 Γροτῇτδ

2278 1283 2446 1351 φυτὸν
2472 1281 2842 1336 διαϐάλλεται.

2353 1390 2372 1422 ς
2397 1372 2469 1442 Σή
2490 1372 2637 1423 ἐστιν
2667 1373 2700 1441 ὴ
2731 1370 2933 1441 ἡμέρα,
2958 1370 3023 1438 σή
3048 1369 3193 1422 ἐστιν
3236 1370 3271 1439 ἡ
3303 1366 3416 1432 νύξ.
3443 1389 3459 1419 ι

2358 1468 2792 1539 Ἀναμιμνήσκει
2835 1468 2930 1537 τῆς
2959 1466 3151 1519 ἑαυτοῦ
3191 1465 3539 1535 δημιουργίας
3572 1467 3648 1519 τὸν
3693 1473 3769 1521 κτί-

2281 1579 2468 1625 σαντα,
2499 1560 2895 1629 ὲκλελησμένον
2938 1559 3035 1629 μὲν
3070 1558 3346 1626 οὐδαμῶς,
3380 1558 3706 1627 ὁμολογεῖσθαι
3734 1563 3770 1614 δὲ

2280 1653 2451 1723 αὐτὴν
2494 1651 2644 1722 παρὰ
2686 1651 2929 1711 πάντων,
2981 1650 3057 1713 ὡς
3106 1650 3269 1702 αὐτοῦ
3314 1650 3509 1719 κτίσμα
3560 1654 3771 1720 τυγχάνει,

2285 1744 2629 1815 βουλόμενος,
2684 1742 2884 1812 πολλὴν
2939 1741 3083 1794 οὕτω
3142 1742 3295 1805 τάξιν
3344 1744 3437 1795 καὶ
3498 1744 3769 1814 παντοδαπὴν

608 1838 731 1887 dcn‘.
764 1835 909 1889 nocti
942 1835 1216 1895 succedat,
1244 1836 1414 1887 aestati
1436 1850 1564 1888 vero
1592 1850 1687 1887 ver
1715 1834 1889 1895 cedat,
1940 1832 2183 1886 terminis

2286 1837 2535 1907 ἔχουσαν,
2562 1836 2637 1898 ὡς
2675 1835 2773 1906 τὴν
2799 1836 2898 1904 μὲν
2928 1834 3138 1905 ἡμέραν
3168 1837 3234 1904 τῇ
3276 1837 3432 1887 νυκτὶ
3475 1842 3771 1904 παραχωρεῖν,

610 1945 825 1997 quoque
858 1936 998 1980 terra
1017 1928 1513 1989 circumscribatur,
1553 1928 1679 1980 licet
1711 1935 1935 1995 propter
1966 1925 2183 1994 magni-

613 2018 853 2070 tudinem
896 2018 1139 2071 videalur
1180 2017 1464 2071 immensa.
1498 2016 1738 2082 Quorum
1760 2016 2183 2085 unumquodque

616 2111 779 2162 lli-um
825 2109 1139 2163 Creatorem
1192 2126 1373 2174 suum,
1441 2111 1533 2179 qui
1564 2112 1677 2163 ha‘c
1709 2109 1843 2164 scite
1890 2110 2180 2178 disposuit,

614 2200 951 2253 manifestat.

676 2291 836 2346 Vens.
874 2294 992 2347 19.:
1037 2291 1114 2346 Ne
1151 2293 1332 2347 tradas
1360 2292 1571 2347 bestiis.
1604 2312 1622 2344 ›

680 2386 954 2453 Pauperes
984 2393 1139 2438 vocat
1162 2394 1494 2454 peccatores,
1524 2385 1615 2453 qui
1651 2384 1828 2437 nullas
1854 2384 2058 2437 habent
2098 2382 2184 2436 di-

615 2476 774 2529 vitias
812 2476 1059 2542 justitiaa,
1098 2476 1193 2529 sed
1218 2491 1435 2529 omnem
1490 2486 1769 2545 paternam
1818 2474 2182 2528 substantiam

616 2570 945 2621 devorarunt
977 2586 990 2621 :
1017 2569 1210 2621 horum
1239 2567 1403 2628 Deus,
1436 2568 1513 2621 uti
1559 2584 1657 2637 par
1676 2577 1776 2631 est,
1810 2567 2012 2621 oblitus
2063 2582 2184 2621 esse

616 2668 853 2729 putatur,
894 2659 1022 2712 dum
1047 2658 1459 2729 longanimitate
1512 2660 1699 2721 utitur,
1750 2666 1805 2712 et
1855 2657 2183 2728 supplicium

616 2752 854 2820 ipsorum
885 2750 1092 2804 diﬂert.

1110 2838 1425 2895 PSALMUS
1462 2838 1695 2893 LXXIV.

696 2933 849 2987 Vens.
884 2934 936 2986 2.
964 2952 981 2983 ι
1009 2932 1401 2988 Confitebimur
1435 2933 1551 2998 tibi,
1587 2932 1749 2987 Deus.
1777 2951 1795 2984 ι

692 3025 926 3078 Adverte
944 3025 1108 3089 clare,
1124 3024 1268 3093 quod
1292 3023 1563 3079 confessio
1582 3006 1802 3094 quidem
1824 3024 2183 3095 plurimorum

2281 1928 2367 1999 τῷ
2417 1928 2566 1999 θέρει
2601 1927 2656 1980 δὲ
2696 1926 2757 1979 τὸ
2795 1926 2890 1997 ἔαρ
2919 1926 3333 1991 ὑπεξίστασθαι,
3356 1928 3495 1996 ὅροις
3535 1930 3774 1997 μετρεῖσθαι

2281 2022 2381 2093 τὴν
2427 2024 2553 2089 γῆν,
2602 2020 2851 2086 καίτοιγε
2888 2018 2975 2070 διὰ
3023 2020 3083 2070 τὸ
3128 2018 3360 2087 μέγεθος
3410 2019 3647 2072 δοκοῦσαν
3686 2024 3774 2089 ἁμές

2221 2169 2226 2174 ,
2281 2106 2608 2181 τρητονῙΩν
2632 2110 2865 2163 ἕκαστον
2896 2110 3238 2180 Δημιουργὸν
3263 2110 3355 2163 τὸν
3378 2110 3522 2174 Θεὸν,
3548 2113 3773 2181 tumqui-

2282 2218 2389 2263 νιος
2418 2200 2557 2253 αὐτὰ
2597 2198 3010 2267 διαταξάμενον,
3042 2197 3337 2251 δείκνυσιν.

2360 2311 2377 2343 ‹
2407 2292 2496 2359 Μὴ
2521 2288 2785 2360 παραδῷς
2811 2292 2923 2351 τοῖς
2950 2288 3183 2359 θηρίοις.
3216 2306 3235 2337 ι

2354 2384 2599 2451 Πένητας
2661 2381 2789 2442 τοὺς
2846 2381 3204 2450 ἁμαρτωλοὺς
3254 2379 3431 2437 καλεῖ,
3482 2381 3593 2441 τοὺς
3634 2381 3774 2449 me»;

2285 2473 2509 2526 πλοῦτον
2532 2470 2875 2541 δικαιοσύνης
2903 2471 3146 2539 ἔχοντας,
3182 2472 3363 2523 πᾶσαν
3398 2470 3452 2522 δὲ
3478 2471 3566 2537 τὴν
3591 2471 3774 2539 πατρῴαν

2286 2565 2700 2634 καταφαγόντας
2766 2563 3038 2633 ὕπαρξιν
3102 2562 3310 2614 τούτων
3370 2564 3398 2614 ό
3451 2562 3571 2625 Θεὸς
3624 2563 3776 2625 εἰκότως

2284 2654 2637 2723 ἐπιλελῆσθαι
2689 2653 2971 2722 νομίζεται
3035 2650 3428 2723 μακροθυμῶν,
3469 2652 3555 2705 καὶ
3604 2653 3677 2722 τὴν
3715 2645 3774 2703 ἐπ’

2285 2749 2466 2808 αὐτοῖς
2502 2745 2654 2815 δίκην
2690 2744 3146 2816 ὑπερτιθέμενος.

2854 2835 3147 2889 ΨΑΛΜΟΣ
3177 2834 3299 2889 OA'.

2361 2946 2381 2981 ι
2411 2928 2955 3001 Ἐξομολογησόμεθὰ
2977 2946 3078 2992 σοι,
3108 2930 3137 2981 ὁ
3166 2928 3325 2993 Θεός.
3358 2946 3377 2981 ι

2359 3028 2603 3099 Πρόσχες
2629 3029 2835 3097 σαφῶς,
2856 3030 2939 3082 ὅτι
2960 3028 3020 3080 τὸ
3048 3028 3147 3097 μὲν
3173 3025 3605 3098 ἐξομολογεῖσθαι
3620 3024 3780 3083 πολλῶν,

618 3115 709 3179 sit,
742 3116 1013 3169 enarratio
1038 3132 1165 3170 vero
1194 3116 1523 3170 mirabilium
1557 3116 1673 3181 Dei,
1712 3119 1876 3172 unius
1939 3116 2100 3171 fuerit
2152 3133 2182 3171 e

2286 3118 2344 3172 τὸ
2361 3120 2417 3181 δὲ
2444 3120 2751 3191 διηγεῖσθαι
2782 3121 2876 3173 σοῦ
2907 3121 2999 3173 τοῦ
3035 3119 3173 3173 Θεοῦ
3218 3122 3292 3174 τὰ
3324 3119 3605 3189 θαυμάσια,
3632 3118 3719 3180 ἐνὸς
3743 3120 3781 3167 ἐκ

619 3206 821 3269 multis,
849 3206 1155 3261 confitentis
1181 3216 1341 3276 atque
1375 3207 1713 3269 invocantis;
1772 3223 1940 3275 quare
2000 3208 2182 3277 priora

620 3298 835 3364 quidem
868 3298 918 3349 in
954 3313 1179 3367 persona
1207 3299 1399 3367 plurali
1432 3299 1635 3368 posuit.
1670 3297 2059 3353 Verumtamen
2084 3300 2186 3354 du-

620 3392 814 3461 plieem
869 3392 1033 3448 etiam
1094 3393 1493 3447 confessionem
1554 3393 1667 3447 Deo
1708 3393 1965 3451 oblaturi.
2008 3394 2186 3461 ipsum

622 3486 875 3539 invocare
909 3486 1199 3549 debemus;
1231 3501 1393 3539 unam
1447 3485 1664 3553 quidem
1715 3484 1916 3547 verbis,
1964 3487 2187 3540 alteram

622 3594 753 3632 vero
781 3580 1039 3648 operibus
1063 3580 1387 3634 exhibentes
1413 3598 1426 3633 :
1451 3578 1631 3633 verbis
1654 3578 1872 3646 quidem
1905 3580 1957 3631 in
1983 3580 2189 3633 oratio-

624 3688 715 3733 ne,
770 3673 1028 3741 operibus
1082 3689 1212 3727 vero
1251 3673 1317 3726 ab
1346 3673 1409 3727 iis
1448 3672 1793 3733 recedentes.
1835 3688 1934 3741 pro
1994 3672 2191 3742 quibus

625 3763 866 3818 confiteri
896 3779 959 3817 ac
986 3764 1254 3831 pmnitere
1285 3779 1382 3817 nos
1411 3763 1665 3817 dicimus.
1722 3762 1810 3817 Sic
1846 3765 1992 3817 enim
2047 3764 2189 3818 Deus

624 3863 889 3919 nostram,
921 3862 1106 3922 utpote
1135 3855 1486 3919 mundorum,
1542 3854 1945 3909 invocationem
1994 3856 2188 3909 admit-

627 3949 712 4003 tit.
735 3947 1003 4001 Caeterum
1037 3958 1220 4003 monet
1250 3965 1468 4019 quoque
1507 3958 1568 4003 ut
1619 3964 1941 4003 enarremus
1972 3949 2189 4018 pr0pria

627 4040 915 4098 mirabilia.
959 4057 1079 4109 qua:
1139 4042 1194 4096 in
1237 4042 1531 4113 Scripturis
1591 4042 1852 4097 divinitus
1911 4042 2192 4110 inspiratis

628 4130 999 4183 continentur.

699 4220 857 4274 Vens.
896 4222 947 4273 5.
984 4239 1001 4270 ι
1030 4220 1163 4273 Cum
1200 4236 1461 4289 accepero
1503 4230 1737 4289 tempus.
1784 4240 1802 4272 ι

700 4308 938 4377 Tempus
983 4320 1136 4363 vocat
1194 4310 1451 4363 sreculum
1523 4309 1788 4362 futurum.
1832 4310 1992 4363 Nunc
2046 4312 2193 4364 enim

630 4414 739 4451 non
783 4400 944 4453 habet
974 4410 1186 4469 tempus
1212 4416 1312 4452 nos
1328 4400 1629 4465 iudicandi,
1664 4416 1787 4453 cum
1810 4402 1962 4453 multi
2001 4417 2196 4469 pecca-

2294 3210 2504 3264 πολλῶν
2532 3208 2622 3283 ἦν,
2658 3211 3152 3281 ὲξομολογουμένου
3188 3212 3286 3263 καὶ
3315 3208 3714 3277 ἐπικαλουμένου·
3733 3208 3781 3257 διδ

2292 3308 2641 3379 πληθυντικῷ
2676 3309 2779 3378 μὲν
2816 3306 3093 3378 προσώπῳ
3145 3308 3213 3361 τὰ
3244 3307 3507 3378 πρότερα.
3539 3304 3658 3374 Πλὴν
3694 3302 3782 3353 ἀλλὰ

2293 3402 2386 3455 καὶ
2440 3400 2630 3472 διπλῆν
2678 3400 3064 3470 ἐξομολόγησιν
3117 3398 3195 3470 τῷ
3252 3398 3375 3469 Θεῷ
3430 3397 3710 3469 προσφέρειν
3753 3394 3783 3443 οἱ

2298 3492 2603 3563 μέλλοντες,
2634 3494 2795 3544 αὑτὸν
2852 3491 3228 3545 ἐπικαλεῖσθαι
3281 3480 3570 3561 χρῄζομενσ
3609 3487 3684 3554 τὴν
3721 3482 3785 3551 μὲν

2293 3586 2405 3646 τοῖς
2434 3582 2631 3651 λόγοις,
2666 3584 2764 3653 τὴν
2798 3584 2857 3637 δὲ
2888 3586 3002 3644 τοῖς
3031 3583 3235 3653 ἕργοιςο
3277 3583 3456 3651 λόγοις
3494 3582 3579 3652 μὲν
3602 3583 3648 3634 ὲν
3672 3592 3780 3645 προσ·

2299 3676 2455 3743 ευκῇν
2482 3672 2665 3745 ἐργοις
2706 3674 2761 3727 δὲ
2805 3674 3212 3744 ἀναχωροῦντες
3269 3675 3491 3727 ἐκείνων
3536 3672 3607 3738 ἐφ’
3632 3664 3687 3730 οἷς
3719 3665 3772 3726 ἐξ·

2295 3767 2673 3838 ομολογεῖσθαι
2708 3769 2809 3821 καὶ
2848 3768 3272 3838 μεταμελεῖσθαι
3291 3767 3538 3835 λέγομεν.
3568 3763 3682 3816 Οὕτω
3704 3759 3767 3822 γὰρ

2296 3860 2452 3930 ήμῶν
2469 3862 2495 3912 ὁ
2512 3860 2664 3922 Θεὸς,
2679 3860 2753 3922 ὡς
2778 3859 3184 3930 καθαρθέντων,
3205 3858 3307 3930 τὴν
3341 3858 3609 3925 ἐπίκλησιν
3622 3853 3773 3920 bilem

2309 3951 2623 4021 Ἐπιτρέπει
2647 3951 2701 4003 δὲ
2728 3952 2824 4004 καὶ
2852 3951 3156 4020 διηγεῖσθαι
3181 3952 3441 4004 ταοῑκεῖα
3457 3946 3699 4016 θαυμάσια,
3717 3942 3778 3991 '33!

2296 4045 2417 4104 ταῖς
2445 4043 2687 4113 Γραφαῖς
2714 4044 2831 4105 ταῖς
2860 4041 3241 4106 θεοπνεύστοις
3272 4041 3582 4113 ἐμφέρεται.

2374 4153 2391 4184 ι
2436 4134 2603 4187 Ὅταν
2625 4133 2777 4185 λάϐω
2808 4134 3021 4204 καιρόν.
3060 4153 3077 4183 ι

2371 4225 2473 4277 Τὸν
2510 4226 2699 4295 καιρὸν
2743 4226 2894 4291 λέγει
2945 4225 3035 4278 τὸν
3083 4224 3256 4277 αἰῶνα
3305 4224 3397 4275 τὸν
3445 4220 3683 4290 μέλλοντα.
3704 4207 3782 4263 MV

2300 4316 2407 4384 γὰρ
2446 4316 2545 4368 οὑκ
2589 4316 2701 4385 ἔχει
2753 4317 2944 4385 καιρὸν
2977 4315 3132 4385 ἡμῶν
3179 4318 3211 4386 ἡ
3258 4316 3474 4387 κρίσις,
3522 4309 3691 4364 πολλῶν
3720 4304 3785 4372 μὲν

2302 4408 2662 4477 ἁμαρτωλῶν,
2692 4409 2902 4461 πολλῶν
2931 4409 2987 4461 δὲ
3014 4408 3239 4462 δικαίων
3273 4402 3713 4477 μεταϐαλλομένων
3735 4396 3787 4455 εἰς

630 4499 777 4543 tores
807 4500 861 4543 et
880 4490 1029 4543 multi
1063 4488 1335 4556 itemjusti
1360 4488 1411 4539 in
1437 4488 1754 4541 alterutrum
1788 4494 2197 4542 convertantur.
2233 4490 2276 4544 D
2307 4498 2555 4568 θάτερον,

701 4580 860 4635 Vens.
894 4583 946 4633 7.
988 4599 1003 4630 ι
1039 4580 1306 4645 Quoniam
1335 4594 1513 4647 neque
1534 4578 1600 4631 ab
1630 4578 1891 4633 exitibus.
1934 4598 1951 4630 ι

703 4673 836 4733 Hoc.
868 4672 1061 4741 inquit,
1098 4680 1181 4725 est
1218 4687 1285 4725 ex
1323 4670 1642 4739 probatione
1663 4678 1823 4738 atque
1858 4670 2073 4739 judicio
2102 4668 2197 4723 Dei

580 4830 585 4831 ί
635 4764 925 4817 exultantis
984 4772 1038 4817 et
1094 4762 1431 4815 humiliantis
1495 4777 1876 4830 quemcunque
1933 4762 2197 4815 voluerit:

635 4856 889 4909 Dominus
924 4859 1070 4910 enim
1102 4871 1386 4923 pauperem
1422 4855 1548 4924 facit
1581 4865 1626 4907 et
1662 4856 1817 4917 ditat,
1877 4855 2120 4907 Immiliat
2152 4864 2200 4907 et

638 4949 837 5001 exultat
874 4949 956 5013 '°;
997 4964 1105 5001 non
1147 4956 1330 5001 tamen
1386 4947 1589 5015 absque
1623 4947 1832 5001 ratione
1874 4964 1887 4999 :
1926 4946 2022 5001 sed
2082 4946 2201 4999 illos

638 5042 860 5107 quidem
907 5059 1005 5109 per
1058 5041 1295 5106 divitias,
1361 5041 1483 5095 illos
1521 5057 1651 5096 vero
1684 5056 1782 5111 per
1828 5049 2201 5111 paupertatem

640 5133 939 5201 probantis.

1136 5222 1443 5279 PSALMUS
1482 5222 1713 5277 LXXV].

712 5314 875 5369 Vens.
920 5316 973 5367 5.
1021 5335 1038 5366 ι
1078 5316 1532 5385 Antieipaverunt
1564 5314 1779 5383 vigilias
1835 5314 1979 5367 oculi
2006 5315 2136 5367 mei.
2182 5333 2200 5364 ι

712 5407 989 5476 Optimum
1021 5409 1085 5462 ad
1127 5408 1605 5479 contemplandum
1648 5415 1862 5475 tempus
1891 5413 1976 5459 est
2009 5406 2206 5469 noctis,

2375 4610 2393 4642 ι
2425 4591 2549 4643 Ὅτι
2579 4590 2700 4643 οὔτε
2734 4590 2841 4645 ἀπὸ
2870 4591 3089 4655 ἐξόδων.
3135 4610 3153 4642 ι

2382 4682 2479 4735 Ἐκ
2521 4683 2619 4750 τῆς
2649 4683 2743 4735 τοῦ
2774 4682 2932 4746 Θεοῦ,
2966 4683 3125 4752 φησι,
3154 4681 3478 4750 δοκιμασίας
3508 4677 3593 4729 καὶ
3619 4671 3792 4743 κρίσεως

2301 4772 2560 4843 ὑψοῦντος
2602 4775 2695 4827 καὶ
2745 4774 3128 4837 ταπεινοῦντος
3147 4774 3205 4827 ὃν
3225 4773 3467 4842 βούλεται
3486 4787 3499 4801 ⁸
3521 4768 3701 4833 Κύριος
3717 4758 3792 4850 τάξ

2302 4862 2568 4930 πτωχίζει
2621 4862 2720 4915 καὶ
2773 4860 3106 4926 πλουτίζει,
3163 4859 3432 4915 ταπεινοῖ
3465 4855 3555 4910 καί
3603 4848 3789 4913 drmit)?»

2306 4960 2368 5012 οῦ
2396 4959 2499 5029 μὴν
2527 4957 2735 5024 ἀλόγως
2763 4972 2777 4987 ο
2811 4955 2947 5006 ἀλλὰ
2974 4955 3099 5016 τοὺς
3130 4953 3230 5024 μὲν
3262 4952 3349 5005 διὰ
3381 4946 3611 5005 πλουτου,
3638 4937 3737 4996 τοὺς
3755 4930 3791 4982 δὲ

2311 5052 2398 5104 διὰ
2430 5050 2619 5105 πενίαν
2643 5048 3052 5118 δοκιμάζοντος.

2845 5220 3133 5273 mmo):
3183 5218 3318 5285 0:7.

2387 5334 2405 5363 ι
2442 5306 2919 5384 Προκατελάϐοντο
2959 5312 3205 5379 φυλακὰς
3248 5313 3295 5363 οξ
3337 5300 3588 5376 ὀφθαλμοί
3612 5306 3761 5393 pomi

2381 5407 2637 5474 Ἄριστος
2695 5407 2772 5466 εἰς
2815 5404 3046 5474 θεωρίαν
3084 5406 3112 5455 ὁ
3150 5405 3249 5472 τῆς
3285 5399 3467 5460 νυκτὸς
3496 5389 3659 5460 καιρὸς
3682 5421 3694 5444 ο
3720 5389 3792 5474 οξκ

643 5512 766 5551 cum
800 5515 906 5551 non
951 5500 1019 5553 ad
1077 5498 1180 5553 alia
1210 5466 1466 5553 distrahit
1521 5512 1697 5566 neque
1738 5495 1974 5557 auditus,
2031 5510 2186 5564 nequi

2308 5466 2651 5565 ἀφελκούσης
2682 5496 2819 5566 πρὸς
2857 5466 3022 5563 ἕτερα
3056 5494 3181 5548 οὔτε
3208 5466 3321 5563 ’τῆς
3359 5488 3515 5556 ἀκοῆς
3536 5524 3548 5547 ,
3592 5476 3694 5532 οὔτε
3718 5466 3791 5566 τῇς

648 5589 823 5656 visus,
866 5608 1097 5661 quorum
1156 5592 1475 5646 alterutrum
1528 5596 1768 5645 mentem
1793 5587 1859 5643 ad
1912 5602 1969 5642 se
2019 5587 2203 5652 allicit,

720 5769 767 5800 ⁸⁸
801 5767 821 5821 ι
855 5768 985 5840 Reg.
1014 5783 1165 5831 χχιιι,
1201 5769 1250 5821 7.

2310 5588 2504 5657 ὅψεως,
2538 5581 2613 5642 ὦν
2635 5589 2874 5658 ἑκάτερα
2896 5588 2985 5641 τὸν
3018 5588 3145 5642 νοῦν
3178 5590 3257 5650 εἰς
3284 5583 3444 5653 αὐτὴν
3470 5567 3697 5647 περισπᾷ»
3719 5570 3791 5624 τηε
