4032 6416
167 353 309 417 1245

1305 355 1763 415 FRAGMENTA
1802 357 1884 415 IN
1931 355 2282 419 PSALMOS.

3273 345 3404 410 1246

162 475 404 543 θεωρίας
467 474 779 542 ἀφέλκουσα
803 489 817 504 ·
861 474 919 526 ἐν
942 474 1116 544 ταύτῃ
1162 474 1343 527 τοίνυν
1376 474 1730 543 ὴδολέσχησε,

1850 488 1955 525 3am
1986 472 2308 525 abstraheus
2358 484 2385 521 a
2439 466 2933 535 contemplatione:
2997 465 3050 517 in
3084 463 3184 517 hac
3241 462 3404 531 igitur

168 578 239 613 πε
251 561 307 632 pi.
341 563 437 624 τὰς
473 562 814 633 θεωρητικὰς
846 564 1088 632 κινήσεις
1112 562 1532 631 ἀσχολούμενος.
1569 561 1740 615 Τοῦτο

163 653 280 721 γὰρ
327 653 645 721 ἀδολεσχίαν
678 653 771 705 ἐπὶ
818 654 912 706 τοῦ
939 655 1207 724 παρόντος
1250 654 1502 724 εἰρῆσθαι
1538 654 1741 725 προλα-

166 742 358 804 ϐόντες
399 741 705 812 ἐδείξαμεν.
750 744 1015 796 Ἕσκαλλε
1060 744 1116 796 δὲ
1153 744 1248 795 νῦν
1286 744 1453 796 αὐτοῦ
1481 744 1541 795 τὸ
1574 743 1740 796 πνεῦ-

169 851 287 902 pa.‘
336 834 652 896 τουτέστιν,
734 836 1154 906 ἐδυσχεραίνεν,
1202 835 1355 888 οὔπω
1415 835 1740 889 καταλαϐεῖν

168 923 531 993 περὶτούτων
560 924 881 993 δυνάμενον.
935 925 992 977 '0
1034 924 1223 994 παρὼν
1256 924 1397 994 βίος,
1426 925 1493 977 δι’
1519 927 1740 991 ἄγνοιαν

167 1016 292 1081 νὺξ,
326 1017 383 1069 ὲν
421 1010 495 1083 ᾧ,
521 1015 710 1084 φησὶν,
747 1017 845 1085 οὐχ
878 1016 1029 1085 ὕπνῳ
1072 1016 1367 1086 παρέδωκα
1399 1017 1517 1068 κατ’
1547 1015 1741 1078 ἄλλους

165 1110 328 1171 τινὰς
380 1107 614 1177 ἐμαυτὸν
654 1109 746 1177 (Οἱ
774 1108 884 1176 γὰρ
916 1107 1331 1173 καθεύδοντες,
1350 1107 1571 1171 νυκτὸς
1598 1111 1741 1161 καθ-

166 1198 423 1253 εὐδουσι
444 1214 456 1227 ·
489 1198 586 1251 καὶ
621 1200 676 1252 οἱ
711 1198 1185 1266 μεθυσκόμενοι,
1228 1199 1451 1263 νυκτὸς
1479 1199 1740 1266 μεθύου-

165 1289 296 1359 σιν)
320 1305 333 1319 ·
372 1289 555 1357 νήφων
588 1289 643 1347 δὲ
678 1288 817 1358 μετὰ
845 1286 937 1339 τοῦ
969 1288 1134 1356 νόμου
1168 1288 1430 1357 περὶτῶν
1455 1289 1742 1357 πρακτέων

166 1377 514 1447 διελεγόμην.
566 1377 883 1447 Πρόσκαιρα
911 1376 1018 1446 γὰρ
1055 1372 1195 1429 εἶναι
1240 1378 1306 1430 τὰ
1346 1378 1588 1447 παρόντα
1637 1394 1735 1446 μα-

169 1468 302 1533 θὼν,
350 1468 446 1521 καὶ
479 1468 630 1530 τέλος
681 1468 841 1533 ἕξειν,
880 1468 1184 1520 κατέλαϐον
1227 1469 1293 1521 τὰ
1336 1468 1743 1539 περιεστηκότα

167 1562 345 1616 δεινά.
381 1562 707 1632 Γεωργικῶς
737 1562 793 1614 δὲ
818 1563 877 1615 τὸ
910 1563 1042 1631 ἐμὸν
1072 1562 1365 1615 ὲσκάλευον
1393 1563 1632 1631 πνεῦμα,
1655 1561 1740 1613 ἴνα

170 1652 406 1722 σπείρας
437 1655 493 1703 ὲν
518 1651 668 1719 αὐτῷ
699 1651 902 1721 θερίσω
927 1652 1073 1722 ζωὴν
1100 1650 1339 1705 αἰώνιον.
1382 1652 1440 1703 ’0
1475 1653 1740 1719 σπείρων

167 1746 283 1812 γὰρ
323 1746 411 1808 εἰς
458 1743 523 1796 τὸ
570 1744 825 1813 πνεῦμα,
870 1745 939 1798 ἐκ
984 1744 1091 1799 τοῦ
1137 1746 1474 1814 πνεύματος
1519 1747 1739 1814 θερίσει

169 1810 327 1899 ζωὴν
384 1832 643 1887 αἰώνιον.
712 1810 993 1906 ’Ᾰνωτέρω
1051 1835 1152 1905 μὲν
1187 1810 1301 1889 οὖν-
1325 1836 1541 1906 πνεῦμα
1580 1810 1737 1904 έλεγε
1771 1810 1813 1865 Β

167 1925 271 1990 τὴν
295 1925 474 1994 ψυχήν
494 1941 508 1953 ’
540 1924 777 1980 ἐνταῦθα
807 1925 863 1979 δὲ
895 1926 956 1979 τὸ
988 1927 1207 1994 πνεῦμα
1238 1926 1333 1980 τοῦ
1359 1927 1649 1995 ἀνθρώπου
1683 1928 1743 1980 τὸ

169 2016 230 2068 ἐν
258 2017 431 2086 αὐτῷ,
470 2018 590 2087 μεθ’
626 2009 689 2071 οὗ
734 2021 767 2088 ἡ
799 2018 946 2088 ψυχὴ
985 2019 1203 2072 σκάλλει
1234 2037 1293 2072 τε
1327 2021 1425 2074 καὶ
1445 2021 1740 2090 άδολεσχεῖ·

170 2108 231 2157 ού
285 2107 393 2177 γὰρ
440 2107 614 2177 δήπου
653 2108 716 2160 τὸ
758 2108 917 2178 σῶμα
959 2110 1096 2178 μετὰ
1128 2110 1228 2180 τῆς
1278 2110 1477 2180 ψυχῆς.
1529 2112 1593 2163 Ἠ
1650 2111 1743 2164 οὖν

173 2199 380 2266 κυρίως
418 2199 705 2269 ἀνθρώπου
739 2200 885 2272 ψυχὴ
920 2203 1202 2272 άδολεσχεϊ
1230 2203 1368 2272 μετὰ
1393 2204 1487 2257 τοῦ
1512 2204 1625 2271 νοῦ,
1651 2205 1745 2257 καὶ

176 2288 395 2342 σκάλλει
426 2290 486 2342 τὸ
520 2290 739 2360 πνεῦμα
764 2291 1199 2361 συνεζευγμένον
1237 2291 1313 2363 τῷ
1353 2292 1448 2363 νῷ.
1482 2294 1746 2361 Προσεύ-

179 2382 352 2449 ξομαι
398 2384 506 2453 γὰρ
551 2382 631 2449 τῷ
672 2384 990 2453 πνεύματι,
1039 2384 1450 2453 προσεύξομαι
1514 2385 1615 2439 καὶ
1666 2385 1747 2450 τῷ

185 2474 300 2526 ¹νοτ.

264 2583 283 2617 ι
310 2565 448 2637 Αὕτη
481 2568 514 2638 ἡ
548 2566 837 2629 ἀλλοίωσις
859 2568 959 2637 τῆς
984 2566 1164 2632 δεξιᾶς
1187 2567 1281 2620 τοῦ
1325 2569 1605 2637 Ὑψίστου.
1631 2587 1650 2618 ι

276 2659 337 2710 Ἦ
371 2659 521 2724 δεξιά
572 2660 628 2713 δὲ
673 2660 766 2713 τοῦ
820 2660 1031 2730 Πατρδς
1063 2661 1091 2711 ὁ
1121 2659 1429 2731 Μονογενὴς
1467 2660 1745 2729 ἄντικρυς,

178 2750 364 2821 ὥσπερ
396 2755 473 2816 εἰς
506 2753 566 2806 τὸ
589 2756 839 2825 κρεῖττον
869 2755 1018 2824 ἡμᾶς
1048 2753 1373 2822 ἡλλοίωσεν.

254 2863 273 2895 ι
317 2845 627 2916 Ἐμνὴσθην
655 2836 969 2917 τῶνκέργων
1003 2845 1233 2916 Κυρίου.
1266 2865 1284 2897 ι

248 2938 542 3008 Θαυμάσια
590 2938 682 2992 τοῦ
734 2936 871 2991 Θεοῦ
918 2937 1018 3009 μὲν
1048 2936 1220 2990 πολλὰ
1261 2936 1391 3007 περὶ
1427 2936 1528 3007 τὴν
1573 2937 1750 2990 κτίσιν

174 3031 275 3084 καὶ
302 3032 467 3102 ἕτερα
484 3047 498 3061 ⁸
527 3031 806 3101 ἐξαίρετον
829 3030 907 3097 δὲ,
937 3031 1040 3097 ὅτι,
1058 3031 1185 3101 χοῦν
1210 3030 1413 3095 λαϐὼν,
1439 3030 1576 3094 ζῶον
1600 3030 1751 3082 ἔθετο

1842 562 2201 627 exercitabar,
2234 561 2428 615 anxius
2456 560 2600 613 circa
2632 554 3084 626 contemplativas
3114 555 3399 608 motiones.

1842 654 1953 708 lloc
1980 655 2124 707 enim
2151 653 2205 706 in
2225 651 2638 721 prarsenliarum
2668 648 3115 702 exercitationem
3145 643 3403 714 appellari

1840 745 2092 814 superius
2118 743 2479 797 ostendimus.
2535 741 2687 794 Nunc
2714 749 2895 792 autem
2946 739 3194 805 spiritum
3245 749 3404 789 suum

1840 838 2122 904 scopcbat.
2151 850 2247 887 seu
2282 834 2581 886 sarriebat:
2608 832 2659 886 id
2693 840 2795 897 est,
2834 847 2978 900 aegre
3006 829 3233 891 ferebat,
3263 824 3405 895 quod

1840 929 2075 982 necdum
2095 927 2212 979 hac
2258 925 2551 994 concipere
2581 925 2807 977 valeret.
2848 924 3095 977 Praesens
3132 922 3246 973 haec
3294 916 3404 971 vita

1839 1029 2062 1091 propter
2102 1017 2465 1088 ignorantiam
2497 1032 2601 1070 nox
2630 1023 2732 1078 est,
2763 1016 2815 1068 in
2859 1030 2987 1083 qua,
3040 1011 3235 1081 inquit,
3267 1025 3401 1069 non,

1841 1118 1901 1162 ut
1931 1109 2097 1177 aliqui
2135 1108 2245 1171 alii,
2279 1122 2473 1161 somno
2523 1121 2610 1160 me
2672 1106 2866 1159 tradidi
2935 1104 3057 1172 (Qui
3110 1104 3247 1155 enim
3282 1106 3406 1153 dor-

1840 1202 2029 1260 miunt,
2058 1208 2202 1252 nocte
2232 1199 2533 1261 dormiunt;
2564 1206 2612 1251 et
2644 1198 2734 1268 qui
2765 1198 2893 1250 ebrii
2921 1205 3062 1258 sunt,
3096 1202 3242 1247 nocte
3278 1192 3407 1245 ebrii

1839 1288 2079 1357 sunt“);
2115 1289 2211 1342 sed
2268 1289 2486 1341 sobrius
2538 1304 2660 1342 cum
2710 1288 2828 1357 lege
2858 1287 2925 1341 de
2974 1287 3137 1340 rebus
3186 1280 3409 1353 agendis

1840 1380 2196 1435 disserebam.
2231 1378 2365 1433 Cum
2405 1379 2549 1432 enim
2590 1378 2879 1447 priesentia
2904 1376 3234 1431 didicissem
3287 1387 3409 1427 esse

1844 1474 2165 1543 temporaria
2193 1481 2247 1526 et
2273 1472 2434 1525 finem
2494 1471 2767 1536 habitura,
2813 1468 3068 1523 instantia
3098 1466 3239 1520 mala
3287 1480 3410 1517 sus-

1842 1568 1980 1636 cepi.
2004 1567 2086 1620 Ad
2120 1566 2340 1619 modum
2365 1574 2547 1617 autem
2582 1562 2923 1631 agriculturae
2954 1559 3201 1629 spiritum
3228 1571 3409 1609 meum

1843 1660 2157 1721 sarriebam,
2182 1665 2241 1710 ut
2278 1657 2330 1709 in
2360 1671 2426 1710 eo
2460 1655 2737 1708 seminans
2767 1659 3029 1704 meterem
3059 1649 3223 1702 vitam
3253 1655 3412 1699 mter-

1848 1768 1993 1806 nam.
2027 1750 2158 1804 Nam
2190 1751 2279 1819 qui
2312 1749 2538 1801 seminat
2582 1747 2637 1797 in
2673 1745 2884 1813 spiritu,
2915 1741 2979 1794 de
3026 1741 3215 1808 spiritu
3258 1746 3413 1790 metet

1844 1844 2006 1896 vitam
2073 1838 2416 1895 rrternam“.
2490 1834 2756 1905 Superius
2825 1832 3091 1901 siquidem
3162 1828 3409 1898 spiritum

1845 1934 2059 1989 vocavit
2091 1933 2327 1986 animam
2355 1948 2368 1995 ;
2401 1930 2491 1984 hic
2522 1937 2701 1982 autem
2731 1926 2979 1995 spiritum
3040 1921 3280 1976 hominis
3320 1920 3410 1988 qui

1845 2026 1898 2079 in
1936 2026 2052 2093 ipso
2085 2033 2187 2086 est,
2220 2038 2343 2075 cum
2373 2036 2481 2085 quo
2511 2020 2689 2072 anima
2733 2016 2910 2085 scopit
2933 2030 3029 2067 seu
3078 2012 3215 2065 fodit
3257 2017 3314 2064 et
3353 2024 3414 2062 se

1844 2126 2062 2172 exercet
2103 2118 2232 2187 (non
2268 2115 2411 2169 enim
2468 2128 2667 2182 corpus
2707 2124 2830 2165 eum
2862 2109 3040 2161 anima
3092 2105 3196 2158 hoc
3238 2099 3414 2171 facit).

1846 2208 2069 2278 Proprie
2124 2208 2287 2278 igitur
2354 2207 2537 2259 anima
2589 2201 2824 2256 hominis
2891 2204 3109 2254 exercet
3176 2209 3235 2249 se
3290 2208 3413 2246 cum

1847 2309 2046 2365 mente,
2073 2309 2129 2354 et
2151 2298 2313 2352 sarrit
2329 2296 2579 2367 spiritum
2609 2292 2777 2348 menti
2813 2291 3189 2360 coniunctum.
3245 2284 3415 2340 Orabo

1847 2394 1993 2448 enim
2029 2392 2242 2460 spiritu,
2283 2390 2444 2443 orabo
2472 2398 2520 2442 et
2548 2384 2798 2440 mente”.

1918 2568 2083 2623 Vsus.
2118 2568 2205 2622 il.
2249 2585 2267 2617 ι
2301 2565 2427 2619 Haec
2456 2563 2687 2617 mutatio
2717 2554 3210 2615 dexteraeExcelsi.
3245 2572 3263 2604 ι

1918 2660 2150 2713 Dextera
2188 2670 2370 2710 autem
2429 2654 2601 2708 Patris
2636 2661 2721 2707 est
2752 2649 3096 2719 Unigenitus,
3142 2646 3232 2716 qui
3262 2643 3427 2715 quasi

1849 2770 1879 2809 ε
1920 2753 2140 2807 diverso
2162 2765 2266 2804 nos
2299 2749 2357 2801 in
2382 2747 2580 2801 melius
2612 2743 2940 2798 immutavit.

1918 2845 2080 2899 Vens.
2120 2844 2205 2897 12,
2240 2862 2257 2892 ι
2292 2840 2497 2895 Memor
2522 2838 2597 2893 fui
2629 2852 2856 2907 operum
2882 2832 3116 2887 Domini.
3159 2849 3178 2882 ›

1923 2936 2085 2991 Multa
2113 2934 2331 3005 quidem
2360 2941 2414 2987 et
2444 2930 2590 2985 varia
2644 2928 2737 2983 Dei
2774 2925 3043 2981 mirabilia
3074 2924 3221 2977 circa
3267 2935 3421 2975 crea-

1852 3028 2053 3083 tionem
2084 3024 2436 3086 acciderunt;
2466 3021 2559 3075 sed
2600 3020 2705 3074 hoc
2731 3017 3014 3081 eximium,
3047 3013 3420 3084 quod,pulve-

175 3122 418 3190 λογικὸν,
442 3122 535 3175 καὶ
571 3123 778 3176 οἰκείαν
809 3124 993 3177 εἰκόνα
1040 3122 1363 3193 κατέστησε.
1401 3122 1587 3177 Ταῦτα
1618 3123 1747 3192 περί

1851 3136 1963 3174 rem
2012 3116 2307 3186 accipiens,
2366 3113 2570 3167 animal
2643 3109 2904 3164 rationale
2970 3105 3300 3168 condiderit,
3366 3113 3422 3157 et

176 3216 328 3286 ἡμᾶς
375 3217 472 3268 ἀπ’
520 3217 693 3286 ἀρχῆς
731 3215 825 3269 τοῦ
867 3216 1003 3269 Θεοῦ
1057 3216 1356 3287 θαυμάσια,
1406 3215 1549 3287 ἆπερ
1588 3214 1746 3286 ἡμῶν

176 3309 340 3377 χάριν
375 3309 669 3379 εἰργάσατο
691 3325 703 3338 ·
742 3307 997 3377 φαίνεται
1026 3309 1134 3380 γὰρ
1186 3309 1513 3379 παράδεισον
1548 3308 1747 3377 φυτεύ-

181 3418 301 3463 σας,
342 3395 463 3452 εἶτα
509 3399 672 3452 πάλιν
710 3398 1494 3469 ἀποκλείσας,·κατακλυσμὸν
1540 3401 1748 3467 ἐπαγα-

178 3492 318 3560 γὼν,
352 3492 421 3545 δι’
451 3489 510 3547 οὗ
534 3493 628 3546 καὶ
658 3496 1002 3564 τιμωρεῖται,
1038 3493 1133 3545 καί
1170 3491 1354 3558 σώζει,
1389 3493 1451 3545 τὸ
1475 3492 1748 3563 ἡμέτερον

178 3584 413 3654 φύραμα
436 3584 672 3655 συγχέας
694 3584 802 3637 τῶν
841 3583 1320 3655 πυργοποιούντων
1347 3584 1445 3648 τὰς
1475 3583 1746 3653 γλώσσας.

192 3678 356 3730 Ἀλλὰ
391 3680 487 3730 καὶ
526 3677 594 3729 δι’
624 3678 772 3747 ἡμᾶς
808 3677 1074 3745 φαίνεται,
1099 3676 1192 3729 ἐπὶ
1211 3676 1288 3746 τῷ
1326 3676 1541 3746 φυσικῷ
1571 3677 1746 3747 νόμῳ,

178 3770 350 3839 νόμον
381 3768 622 3839 γραπτὸν
662 3768 856 3838 εὑρὼν,
895 3770 987 3821 ἐπὶ
1036 3768 1212 3838 τούτῳ
1254 3767 1351 3838 τὴν
1390 3770 1745 3839 προφητείαν.

193 3860 631 3930 Ἐπιτηδεύματα
675 3860 783 3930 γὰρ
818 3858 992 3913 ταῦτα
1043 3859 1136 3912 τοῦ
1181 3859 1355 3922 Θεοῦ,
1416 3860 1585 3912 σῶσαι
1644 3877 1749 3930 μη-

181 3950 498 4023 χανωμένου
530 3951 589 4003 τὸ
628 3952 783 4020 γένος
813 3950 874 4004 τὸ
906 3951 1211 4021 ἡμέτερον·
1259 3951 1317 4003 ἐν
1349 3943 1433 4013 οἷς
1480 3952 1507 4002 ὁ
1543 3952 1751 4020 προφή-

181 4060 281 4114 της
306 4044 604 4114 ἀδολεσχεῖ,
633 4044 689 4095 ὲν
712 4043 922 4107 τούτοις
951 4041 1131 4113 ζητῶν
1174 4044 1267 4096 ἐπὶ
1301 4042 1436 4096 πολὺ
1475 4044 1568 4095 καὶ
1602 4042 1751 4110 λογι-

182 4134 443 4203 ζόμενος,
490 4133 543 4185 τί
574 4131 736 4197 σώζει
794 4132 901 4184 τῶν
951 4132 1257 4203 εἰρημένων
1295 4132 1386 4184 τὸν
1441 4132 1747 4202 ἄνθρωπον.

184 4224 416 4296 Ἕτερον
464 4224 521 4278 δὲ
567 4225 718 4296 παρὰ
744 4222 919 4276 ταῦτα
969 4222 1167 4295 εὑρὼν,
1226 4223 1428 4287 εὐθέως
1469 4224 1627 4277 τοῦτο
1653 4223 1751 4276 επ-

180 4319 416 4387 ἢγαγεν

260 4430 281 4463 ι
323 4410 419 4473 Τίς
462 4409 633 4479 μέγας
653 4406 728 4470 ὡς
753 4409 781 4461 ὁ
810 4406 943 4471 Θεὸς
964 4406 1145 4478 ήμῶν;
1179 4424 1197 4457 ›

1853 3209 2129 3281 propriam
2194 3205 2483 3275 imaginem
2545 3201 2916 3257 constituerit.
2972 3199 3099 3252 llaec
3173 3205 3301 3251 sunt
3354 3195 3423 3247 ab

1854 3303 2007 3358 initio
2052 3299 2149 3355 Dei
2200 3299 2344 3352 circa
2382 3312 2482 3351 nos
2528 3294 2825 3355 mirabilia,
2879 3308 2998 3361 quae
3032 3289 3209 3345 nostri
3256 3301 3420 3342 causa

1855 3403 2116 3467 operatus
2159 3392 2297 3445 fuit:
2324 3397 2553 3459 apparet
2587 3387 2732 3440 enim
2761 3387 3074 3455 paradisum
3123 3383 3421 3451 plantasse,

1854 3487 2049 3543 deinde
2079 3484 2275 3538 iterum
2304 3479 2660 3544 destruxisse,
2691 3477 2958 3532 diluvium
2999 3474 3284 3533 inducens,
3325 3487 3425 3542 per

1853 3577 1999 3649 quod
2029 3589 2262 3629 massam
2318 3581 2557 3625 nostram
2598 3580 2654 3624 et
2688 3572 2922 3639 punitet
2949 3576 3145 3628 servat,
3187 3564 3422 3620 coniun-

1855 3671 1990 3725 dens
2014 3669 2226 3738 linguas
2252 3663 2573 3718 turriﬁcum.
2604 3661 2872 3714 Cancrum
2898 3667 3121 3727 propter
3152 3671 3254 3709 nos
3285 3670 3422 3723 quo-

1855 3777 1961 3832 que
2020 3760 2255 3819 videtur,
2308 3762 2506 3825 prieter
2559 3753 2735 3823 legem
2782 3750 3114 3811 naturalem,
3164 3747 3421 3816 scriptam

1856 3850 2030 3920 legem
2060 3845 2434 3908 adinvenisse,
2463 3852 2516 3896 et
2546 3851 2666 3911 post
2706 3842 2867 3902 hanc,
2902 3838 3266 3909 prophetiam.
3300 3836 3427 3891 Hac

1857 3939 2003 3993 enim
2032 3944 2159 3991 sunt
2178 3951 2342 4004 opera
2370 3933 2485 3995 Dei,
2520 3946 2692 4002 genus
2728 3940 2979 3984 nostrum
3022 3942 3241 3982 servare
3281 3935 3425 3980 sata-

1858 4030 2065 4099 gentis:
2090 4028 2145 4080 in
2186 4027 2383 4096 quibus
2409 4026 2673 4094 propheta
2707 4025 3061 4087 exercitatur,
3115 4038 3212 4076 seu
3249 4020 3428 4074 medi—

1860 4129 2022 4182 tatur,
2056 4120 2170 4172 ha‘c
2195 4118 2475 4185 inquirens
2503 4126 2559 4169 et
2587 4116 2914 4185 recogitans,
2948 4112 3079 4182 quid
3137 4128 3203 4167 ex
3234 4110 3430 4181 praedi-

1860 4214 1965 4268 ctis
1994 4210 2267 4265 hominem
2295 4216 2496 4263 servet.
2520 4207 2654 4261 Cum
2685 4216 2864 4260 autem
2890 4217 3088 4275 praeter
3139 4205 3256 4258 huic
3284 4203 3429 4257 aliud

1891 4305 2061 4375 liquid
2094 4301 2405 4371 reperisset,
2426 4300 2607 4354 statim
2639 4298 2771 4352 illud
2799 4297 3081 4365 subjuuxit
3108 4314 3121 4349 :

1928 4397 2089 4450 Vsus.
2121 4396 2207 4448 Μ.
2235 4413 2253 4445 ι
2284 4393 2418 4459 Quis
2457 4404 2686 4460 magnus
2719 4390 2861 4443 sicut
2889 4388 3030 4443 Deus
3054 4387 3279 4442 noster?
3305 4405 3323 4436 ι

253 4502 331 4555 Οὐ
371 4478 679 4571 συγκρίνων
718 4499 863 4568 λέγει
909 4498 1221 4571 (σύγκρισιν
1250 4496 1359 4569 γὰρ
1401 4498 1429 4550 ὁ
1454 4498 1751 4566 ἀπειρομε-

1926 4488 2045 4544 Non
2078 4485 2443 4557 comparando
2472 4484 2589 4538 haec
2618 4482 2750 4537 dicit
2772 4480 3063 4550 (siquidem
3108 4480 3154 4532 is
3177 4480 3272 4547 qui
3307 4478 3432 4531 inﬁ-

180 4592 355 4661 γέθης
400 4592 499 4644 οὐκ
554 4589 909 4661 ἐπιδέχεται),
965 4590 1151 4660 ὑμνῶν
1180 4590 1235 4642 δὲ
1289 4591 1384 4643 καὶ
1423 4589 1755 4659 θαυμάζων⁸

1857 4581 1985 4637 uitae
2011 4576 2399 4648 magnitudinis
2428 4585 2511 4629 est
2528 4571 2995 4641 comparationem
3015 4585 3123 4623 non
3149 4567 3430 4634 admittit),

182 4682 378 4753 ἐπειδὴ
421 4683 594 4754 μέγας
638 4681 738 4753 μὲν
782 4682 951 4744 ὅντως
983 4685 1077 4735 καί⁸
1124 4681 1225 4753 τὴν
1272 4682 1457 4751 ἰσχὺν,
1502 4681 1675 4751 μέγας
1705 4681 1751 4734 δὲ

1857 4672 1956 4727 sed
2014 4669 2323 4732 laudando,
2389 4676 2445 4719 et
2496 4664 2859 4719 admirando:
2925 4661 3183 4731 quoniam
3243 4674 3434 4712 revera

182 4776 287 4830 καὶ
344 4775 441 4845 τὴν
505 4774 952 4843 συγκατάϐασιν,
1014 4772 1189 4843 μέγας
1254 4773 1345 4825 διὰ
1398 4773 1758 4835 δυναστείαν,

185 4864 367 4933 μέγας
416 4861 504 4916 διὰ
544 4863 643 4932 τὴν
680 4861 1123 4932 φιλανθρωπίαν,
1164 4860 1238 4924 ὡς
1272 4861 1512 4913 δείκνυσι
1556 4860 1624 4913 τὰ
1668 4863 1765 4913 ἐπ-

183 4954 465 5024 αγόμενα.

267 5065 286 5098 ι
336 5046 639 5115 Ὠδὴγησας
665 5044 740 5106 ὡς
774 5045 1025 5116 πρόϐατα
1051 5045 1143 5098 τὸν
1171 5044 1320 5098 λαόν.
1360 5062 1379 5095 ›

264 5143 342 5195 Οὔ
382 5142 558 5212 μάτην
586 5141 819 5193 ἐνταῦθα
848 5144 913 5211 τῇ
942 5144 1110 5194 εἰκόνι
1138 5142 1246 5194 τῶν
1281 5140 1569 5210 προϐάτων
1603 5140 1761 5209 ἐχρή-

188 5252 360 5291 σατο·
395 5234 510 5289 ἀλλ’
551 5234 739 5303 ἐπειδὴ
781 5232 959 5303 ῥάϐδῳ
1001 5232 1173 5285 ταῦτα
1205 5232 1310 5285 ὑπὸ
1343 5231 1451 5284 τῶν
1482 5230 1759 5299 ποιμένων

185 5324 499 5389 εὐθύνεται,
526 5324 714 5395 ὥσπερ
738 5324 833 5376 καὶ
866 5324 1024 5392 ἡμεῖς
1058 5322 1135 5392 τῷ
1181 5320 1402 5392 σταυρῷ
1438 5320 1591 5391 παρὰ
1617 5321 1760 5390 Χρι-

186 5417 323 5472 στοῦ
352 5416 771 5486 ποιμαινόμεθα.
820 5414 982 5467 Ὅθεν
1016 5412 1230 5466 καὶτοῦ
1274 5412 1540 5477 Μωσέως,
1584 5411 1665 5464 ἔτι
1703 5412 1759 5465 δὲ

186 5510 290 5563 καὶ
334 5509 427 5560 τοῦ
493 5507 705 5576 Ἀαρὼν
752 5505 1179 5577 ἐμνημόνευσεν,
1209 5506 1404 5566 οἵτινες
1438 5503 1609 5557 τύπον
1659 5502 1754 5555 τοῦ

189 5600 431 5672 σταυροῦ
465 5601 658 5673 ῥάϐδον
686 5599 960 5671 ἐκόμιζον,
986 5598 1094 5652 τῶν
1126 5599 1183 5651 ὲν
1206 5597 1465 5668 Αἰγύπτῳ
1497 5596 1756 5651 καὶκατὰ

1858 4776 2087 4831 magnus
2108 4758 2331 4829 quidem
2358 4765 2444 4809 est
2472 4770 2568 4823 per
2601 4752 2998 4813 fortitudinem,
3046 4765 3277 4816 magnus
3303 4764 3434 4803 vero

1861 4853 2023 4908 etiam
2047 4865 2143 4920 per
2176 4846 2722 4907 condescensionem,
2746 4858 2973 4913 magnus
3003 4857 3100 4911 per
3128 4839 3437 4910 benignita-

1866 4955 1995 5009 tem,
2038 4944 2180 4997 sicut
2196 4940 2478 5009 sequentia
2501 4938 2801 4993 declarant.

1935 5036 2097 5091 Vsas.
2129 5035 2214 5088 il.
2260 5054 2277 5086 ι
2318 5032 2598 5087 Deduxisti
2627 5030 2766 5085 sicut
2789 5043 2919 5083 oves
2948 5028 3229 5098 pepulum.
3271 5044 3289 5077 ι

1945 5122 2062 5178 Non
2095 5132 2295 5176 temere
2320 5121 2408 5175 hic
2438 5134 2570 5173 usus
2601 5125 2678 5172 cst
2704 5116 2875 5187 ﬁgura
2917 5116 3100 5169 ovium
3120 5153 3135 5178 ,
3161 5113 3278 5167 ’sed
3309 5112 3433 5181 quia

1865 5219 1983 5273 ista;
2014 5233 2043 5271 a
2069 5215 2380 5286 pastoribus
2418 5213 2566 5283 virga
2590 5211 2919 5281 diriguntur,
2950 5208 3093 5263 sicut
3138 5206 3303 5261 etiam
3332 5221 3435 5260 nos

1867 5326 2026 5367 cruce
2055 5326 2083 5363 a
2106 5308 2327 5363 Christo
2358 5307 2651 5375 pascimur.
2681 5304 2840 5359 Unde
2879 5303 3044 5357 etiam
3069 5300 3251 5355 adhuc
3285 5298 3433 5368 Moy-

1866 5407 1959 5466 sis.
1988 5403 2116 5474 quin
2153 5412 2207 5457 et
2244 5401 2473 5455 Aaronis
2522 5400 2856 5454 mentionem
2902 5395 3050 5459 fecit,
3111 5393 3202 5463 qui
3252 5389 3436 5445 cmcis

1865 5498 2086 5565 ﬁguram
2141 5495 2426 5567 gestabant
2472 5493 2710 5563 virgam,
2770 5499 2849 5545 tot
2901 5487 3289 5543 miraculorum
3366 5482 3425 5535 in

1861 5589 2093 5662 Egypto
2123 5597 2178 5643 et
2228 5587 2281 5642 iu
2322 5588 2542 5643 deserto
2566 5584 2905 5656 genitricem.
2954 5575 3430 5646 Quemadmodum

272 5811 365 5862 ιιι
392 5811 587 5868 Thess.
619 5830 669 5871 ν.
707 5815 757 5866 7.
834 5813 878 5843 ⁸³
909 5812 1081 5867 Galat.
1109 5826 1178 5875 γι,
1208 5811 1258 5865 8.
1334 5809 1379 5842 ⁸³
1411 5810 1453 5863 ll
1491 5808 1616 5865 Cor.
1647 5806 1864 5874 Xiv,15.
