4032 6428
691 355 827 423 1247

1876 355 2237 417 HESYCEiII
2277 354 2751 416 PRESBYTERI

3734 364 3825 433 1248

688 469 831 525 enim
868 465 943 518 illi
967 463 1115 533 virga
1146 456 1491 516 inimicorum
1521 460 1576 512 in
1632 458 1852 511 lsraelis
1899 458 2247 525 beneﬁcium,

2290 470 2321 524 Α
2352 464 2451 531 τὴν
2505 462 2710 531 ἔρημον
2773 461 3060 531 ἐγκύμονα
3107 460 3427 531 θαυμάτων.
3489 464 3711 540 Καθάπερ
3758 482 3830 549 γάρ

689 563 771 617 sic
806 561 971 613 etiam
1002 555 1254 609 Christus
1286 567 1449 607 cruce
1504 561 1691 605 contra
1737 551 2012 606 daemones
2040 552 2107 606 ad
2158 566 2256 605 no-

690 662 857 706 stram
880 646 1294 703 conversionem
1325 658 1459 697 usus
1478 649 1580 697 est.

1166 924 1480 980 PSALMUS
1518 925 1777 980 LXXVII.

766 1014 924 1070 Vens.
958 1016 1010 1069 5.
1058 1036 1074 1066 ι
1108 1015 1176 1069 Ει
1199 1015 1873 1071 suscitavittestimonium
1920 1016 1975 1070 in
2006 1015 2194 1071 Jacob.
2235 1035 2253 1068 ι

764 1106 1155 1161 Testimonium
1182 1107 1509 1175 appellatum
1533 1106 1637 1160 fuit
1668 1106 2075 1161 tabernaculum
2109 1107 2261 1161 testi-

693 1197 885 1259 monii,
919 1196 974 1249 in
1009 1210 1116 1264 quo
1146 1194 1384 1264 reposita
1428 1204 1544 1249 erat
1583 1211 1708 1250 arca
1745 1198 2074 1259 testamenti,
2108 1206 2163 1252 et
2204 1198 2259 1251 in

692 1303 818 1341 arca
846 1288 952 1352 lex,
990 1297 1047 1341 et
1069 1287 1385 1351 Cherubim,
1418 1297 1471 1342 et
1496 1289 1954 1358 propitiatorium,
1983 1300 2038 1345 et
2062 1290 2261 1346 cande-

693 1377 863 1443 labra,
896 1387 951 1433 et
976 1394 1186 1441 mensa,
1211 1387 1267 1433 et
1297 1379 1594 1449 propositio
1620 1395 1841 1448 panmn.

764 1474 930 1527 Vens.
961 1474 1015 1527 6.
1050 1491 1068 1523 ι
1105 1472 1175 1528 Ut
1204 1484 1493 1544 cognoscat
1522 1476 1803 1542 generatio
1822 1474 2011 1528 altera.
2047 1492 2067 1527 ›

770 1560 1093 1631 Videsquod
1115 1563 1183 1617 de
1205 1563 1458 1632 gentibus
1507 1564 1942 1617 dicatznondum
1992 1563 2136 1618 enim
2177 1562 2260 1617 hm

696 1663 836 1708 natre
866 1662 1026 1707 erant
1055 1653 1122 1707 ad
1154 1654 1432 1722 pietatem,
1474 1654 1740 1723 siquidem
1774 1670 1872 1723 per
1926 1654 2255 1723 baptismum

693 1754 849 1799 erant
874 1744 1227 1814 generandae;
1270 1744 1414 1797 unde
1448 1744 1645 1798 merito
1672 1744 1994 1798 dicebantur
2034 1745 2137 1813 ﬁlii
2170 1747 2259 1814 qui

695 1848 993 1892 nascentur.
1026 1837 1151 1892 Haec
1174 1852 1299 1891 vera
1326 1839 1419 1893 Dei
1454 1837 1644 1892 notitia
1659 1846 1763 1901 est,
1795 1838 1928 1891 alios
1946 1838 2108 1892 etiam
2137 1854 2260 1907 par-

694 1929 891 1997 ticipes
926 1927 1105 1982 facere
1135 1927 1460 1998 cognitionis
1486 1966 1501 1991 ,
1522 1936 1578 1981 et
1629 1926 1767 1981 ﬁlios
1796 1926 2008 1982 etllcere
2035 1942 2130 1997 per
2160 1929 2260 1982 do-

694 2019 929 2075 ctrinam
958 2018 1332 2072 mandatorum
1356 2035 1371 2072 :
1398 2018 1541 2088 quod
1578 2017 1870 2071 manifesto
1894 2018 2138 2072 fecerunt
2167 2018 2259 2087 qui

694 2110 749 2163 in
802 2109 1079 2165 Christum
1137 2110 1503 2164 crediderunt.
1556 2108 1769 2163 Nemini
1821 2108 1967 2163 enim
2016 2110 2258 2163 divinam

692 2204 1061 2273 cognitionem
1122 2203 1473 2266 invidebant,
1531 2217 1708 2270 neque
1765 2211 1827 2255 ut
1892 2200 2259 2270 praecedentes

692 2295 987 2349 credebant
1046 2295 1164 2348 aliis
1188 2294 1467 2348 introitum
1521 2293 1808 2349 occludere
1840 2294 2124 2359 volentes;
2161 2292 2257 2348 sed

695 2386 977 2440 hortantur
1006 2395 1064 2440 ut
1092 2386 1145 2439 in
1180 2386 1347 2441 Deum
1374 2400 1525 2455 spem
1556 2386 1816 2440 habeant.

762 2565 925 2620 Vens.
953 2567 1005 2619 7.
1044 2585 1063 2617 ι
1105 2566 1172 2621 Ut
1200 2576 1401 2636 ponant
1442 2568 1497 2620 in
1525 2566 1634 2621 Deo
1658 2580 1831 2634 spem.

767 2657 889 2712 Ηωο
935 2659 1191 2712 omnibus
1220 2659 1534 2713 domesticis
1566 2669 1621 2712 et
1659 2657 1899 2711 externis
1944 2657 1998 2711 in
2031 2657 2255 2711 ecclesia

691 2753 1075 2821 pra~dicantur,
1120 2752 1173 2806 in
1205 2769 1309 2822 qua
1355 2753 1548 2807 Paulus
1578 2753 1643 2806 ad
1702 2753 1987 2805 universos
2022 2750 2254 2804 clamat:

694 2843 868 2896 Filioli
924 2845 1047 2909 mei,
1078 2860 1204 2913 quos
1260 2845 1452 2897 iterum
1496 2844 1754 2911 parturio,
1807 2843 1968 2895 donec
2006 2842 2258 2912 formetur

690 2933 925 2988 Christus
957 2942 1010 2986 in
1046 2936 1185 2987 vobis
1198 2932 1261 2987 ⁸³⁸⁵.

764 3024 928 3079 Vens.
962 3026 1014 3081 8.
1052 3045 1070 3077 ι
1110 3026 1173 3080 Et
1210 3042 1318 3080 non
1347 3035 1434 3080 est
1466 3026 1702 3080 creditus
1727 3040 1850 3079 cum
1885 3023 1995 3078 Deo
2034 3023 2256 3094 spiritus

690 3118 831 3186 ejus.
876 3137 894 3167 ι
1909 3178 1915 3184 _

761 3209 893 3262 Nam
930 3210 1154 3262 omnino
1187 3209 1297 3262 sola
1323 3208 1502 3280 lingua
1534 3208 1693 3263 ﬁdem
1714 3208 2128 3273 annuntiarunt,
2147 3223 2256 3262 non

689 3309 869 3355 autem
893 3310 1005 3355 toto
1035 3301 1197 3354 corde
1225 3308 1282 3354 et
1304 3301 1506 3354 mundo
1537 3300 1749 3370 spiritu.

762 3480 926 3536 Vens.
964 3480 1053 3536 IS.
1094 3499 1111 3531 ι
1140 3478 1351 3548 Dirupit
1376 3481 1660 3548 petramin
1683 3494 1889 3532 eremo.
1934 3496 1952 3529 ι

762 3572 1034 3627 Fortassis
1069 3571 1231 3640 aliqui
1264 3578 1460 3639 putant
1498 3570 1813 3639 prophetam
1853 3570 1993 3623 idem
2042 3569 2257 3639 signum

692 3665 777 3718 bis
806 3663 1156 3732 exposuisse:
1193 3677 1385 3716 verum
1429 3677 1539 3715 non
1596 3663 1667 3715 ita
1712 3678 1770 3716 se
1803 3678 1891 3716 res
1924 3664 2107 3727 habet,
2160 3664 2257 3719 sed

690 3757 933 3811 secundo
960 3756 1093 3823 ipsis
1122 3753 1331 3824 Moyses
1350 3768 1543 3821 aquam
1568 3755 1633 3807 de
1668 3763 1818 3822 petra
1843 3755 2057 3821 eduxit;
2087 3757 2256 3811 semel

689 3849 909 3918 quidem
964 3849 1019 3901 in
1084 3848 1302 3902 deserto
1351 3845 1589 3908 Choreb,
1646 3848 1817 3901 altera
1857 3864 1985 3903 vero
2028 3848 2147 3904 vice
2197 3850 2254 3903 in

685 3942 861 3995 Cades
883 3981 896 4004 ,
932 3940 1018 3994 ubi
1043 3939 1211 3993 Maria
1240 3948 1361 4008 post
1384 3939 1588 3993 obitum
1622 3940 1829 4010 sepulta
1861 3940 1980 3994 fuit.
2016 3940 2254 4011 Utraque

686 4048 820 4087 vero
847 4032 916 4086 ad
962 4032 1265 4086 satietatem
1315 4032 1458 4095 data,
1498 4032 1570 4087 ita
1600 4041 1662 4086 ut
1722 4033 1775 4085 in
1832 4033 2023 4102 abysso
2083 4035 2253 4089 multa

686 4126 915 4188 dicatur,
944 4123 1382 4194 quandoquidem
1413 4140 1521 4178 non
1545 4125 1635 4177 uni
1661 4124 1846 4187 ﬂuvio,
1877 4126 1972 4180 sed
2002 4126 2252 4196 plurimis

685 4231 839 4285 aquae
902 4215 1311 4313 suppeditanda
1362 4214 1679 4270 suﬁiciebat.
1754 4216 1881 4270 Haec
1936 4217 2082 4272 enim
2135 4226 2252 4272 erat

685 4307 1044 4371 conﬁrmatio,
1077 4307 1221 4376 quod
1270 4308 1569 4362 secundum
1622 4308 1927 4371 veritatem,
1986 4324 2095 4363 non
2152 4324 2251 4378 per

683 4398 1128 4467 imaginationem
1194 4399 1296 4453 ista
1349 4398 1606 4453 miracula
1650 4399 1781 4469 ipsis
1841 4400 2244 4469 eontigissseut.

2356 554 2554 608 ἐκεῖνοι
2591 556 2660 625 τῇ
2709 554 2890 626 ῥάϐδῳ
2923 554 3031 607 τῶν
3071 554 3271 624 ἐχθρῶκ
3322 557 3403 619 είς
3442 556 3531 627 τὴν
3554 558 3634 612 τοῦ
3680 564 3834 639 Ἰσραὴλ

2357 646 2694 717 εὐεργεσίαν,
2742 645 2885 700 οὕτω
2940 647 3034 699 xal
3081 648 3109 700 ὁ
3145 647 3381 717 Χριστὸς
3425 648 3499 717 τῷ
3538 654 3718 722 σταυρῷ
3745 668 3839 714 κατὰ

2357 738 2465 789 τῶν
2508 738 2779 808 δαιμόνων
2863 737 3205 810 ἐπιστροφῆς
3273 738 3444 792 ἓνεκα
3510 744 3599 809 τῆς
3637 746 3839 819 ἡμετέρας

2360 832 2645 902 κέχρηται.

2910 922 3208 976 ΨΑΛΜΟΣ
3254 921 3382 974 ΟΖ’.

2436 1033 2454 1065 ι
2487 1013 2598 1068 Kal
2620 1014 2888 1084 ἀνέστησε
2922 1013 3227 1083 μαρτύριον
3265 1013 3326 1063 ἐν
3370 1010 3576 1064 Ἰακώϐ.
3615 1030 3631 1063 ι

2428 1106 2741 1176 Μαρτύριον
2782 1104 3024 1157 ἐκαλεῖτο
3065 1105 3098 1173 ἡ
3153 1103 3328 1171 σκηνὴ
3367 1100 3461 1153 τοῦ
3503 1104 3844 1173 μαρτυρίου,ὲν

2360 1189 2393 1268 ᾖ
2424 1194 2681 1247 ἀπέκειτο
2710 1197 2742 1263 ἡ
2762 1194 2994 1255 κιϐωτὸς
3016 1192 3116 1261 τῆς
3138 1192 3428 1261 διαθήκης,
3453 1194 3541 1243 καὶ
3570 1195 3595 1245 ὁ
3626 1195 3674 1245 ἐν
3691 1197 3843 1269 κιϐωτῷ

2360 1284 2540 1354 νόμος,
2586 1286 2654 1338 τά
2695 1302 2752 1337 τε
2796 1284 3097 1355 Χερουϐὶμ,
3147 1285 3242 1336 καὶ
3281 1283 3347 1336 τὸ
3397 1283 3703 1354 ἱλαστήριον,
3727 1289 3841 1361 καὶή

2360 1376 2569 1448 λυχνία,
2597 1378 2693 1430 καὶ
2726 1380 2759 1442 ὴ
2793 1376 3059 1445 τράπεζα,
3092 1378 3185 1429 καὶ
3216 1378 3248 1446 ἡ
3284 1378 3542 1447 πρόθεσις
3563 1378 3659 1431 τῶν
3704 1381 3843 1452 ἄρτων.

2437 1486 2455 1519 ι
2496 1469 2683 1532 Ὅπως
2712 1469 2777 1522 ἂν
2808 1467 2923 1537 γνῷ
2944 1467 3108 1536 γενεὰ
3137 1467 3323 1536 ἐτέρα.
3364 1486 3384 1518 ι

2430 1559 2664 1630 Θεωρεῖς
2679 1560 2762 1611 ὅτι
2777 1575 2842 1611 πε
2852 1558 2905 1629 pl
2924 1558 3031 1610 τῶν
3055 1557 3226 1610 ἐθνῶν
3250 1559 3425 1625 λέγει’
3456 1555 3603 1610 οὔπω
3622 1558 3714 1627 γὰρ
3729 1560 3845 1612 ταῦτι

2360 1648 2620 1719 τεχθέντα
2663 1650 2909 1720 ὑπῆρχεν
2963 1651 3041 1712 είς
3080 1650 3366 1703 εὐσέϐειαν
3391 1665 3406 1679 ·
3462 1649 3645 1718 ἔμελλε
3681 1650 3766 1718 γὰρ
3794 1652 3845 1703 6:1

2367 1741 2741 1811 βαπτίσματος
2806 1739 3123 1793 τίκτεσθαι·
3170 1739 3293 1793 ὅθεν
3347 1739 3465 1792 υἱοὶ
3504 1740 3845 1807 τεχθησόμενοι

2290 1798 2336 1857 Β
2364 1798 2586 1894 δικαίως
2632 1798 2898 1899 ἐλέγοντο.
2950 1830 3121 1883 Τοῦτο
3196 1829 3401 1897 γνῶσις
3438 1798 3847 1898 ἀληθῶςνθεοῦηὶδ

2364 1921 2687 1993 μεταδοῦναι
2729 1923 2824 1974 καὶ
2866 1921 3046 1983 ἄλλοις
3082 1922 3184 1990 τῆς
3226 1919 3485 1988 γνώσεως
3512 1959 3525 1981 ,
3556 1919 3639 1971 καὶ
3672 1921 3844 1990 oio-3.7%

2363 2016 2630 2087 μαθητείᾳ
2656 2014 2766 2067 τῶν
2798 2013 3024 2067 ἐντολῶν
3050 2012 3421 2083 ἐργάσασθαι·
3461 2014 3591 2081 ὅπερ
3617 2012 3844 2078 6196);:-

2360 2111 2650 2179 ποιήκασιν
2686 2109 2735 2159 οἱ
2788 2108 2867 2170 εἰς
2900 2108 3133 2177 Χριστὸν
3171 2105 3579 2167 πιστεύσαντες.
3604 2106 3841 2177 Οὐδενὶγάρ

2357 2200 2457 2268 τῆς
2506 2198 2837 2267 θεογνωσίας
2887 2197 3198 2268 ἐϐάσκηναν
3230 2236 3247 2261 ,
3313 2196 3437 2249 οὐδὲ
3492 2196 3564 2259 ὡς
3618 2198 3661 2248 oi
3711 2200 3839 2264 πριλα.

2358 2290 2541 2352 ϐάντες
2575 2290 2921 2355 ἐπίστευσαν,
2957 2290 3281 2343 ἀποκλεῖσαι
3313 2290 3431 2351 τοῖς
3473 2287 3642 2349 ἄλλοις
3666 2288 3744 2358 τὴν
3770 2290 3832 2341 ei:—

2356 2382 2474 2435 οδον
2506 2381 3003 2451 βουλόμενοι-ἀλλὰ
3035 2379 3427 2452 παρεγγυῶσιν
3460 2379 3549 2431 ἐπὶ
3574 2378 3652 2431 τὸν
3669 2378 3835 2449 Gabinii»

2358 2472 2547 2524 ἐλπίδα
2576 2470 2664 2540 ἔχε
2674 2488 2741 2525 ιν.

2431 2583 2450 2615 ι
2485 2565 2603 2617 Ἵνα
2634 2562 2833 2617 θῶνται
2864 2564 2956 2616 ἐπὶ
2988 2562 3080 2617 τὴν
3105 2562 3239 2616 Θεὸν
3266 2563 3370 2635 τὴν
3397 2562 3603 2617 ἐλπίδα.
3640 2581 3658 2614 ι

2427 2657 2613 2711 Ταῦτα
2670 2660 2804 2712 πᾶσι
2840 2660 2950 2720 τοῖς
3017 2659 3242 2721 οἰκείοις
3298 2658 3397 2711 καὶ
3460 2660 3567 2721 τοῖς
3624 2656 3833 2726 (manu;

2358 2750 2451 2802 ἐπὶ
2479 2749 2773 2821 ἐκκλησίας
2807 2749 3171 2820 κηρύττεται,
3209 2750 3268 2802 ὲν
3378 2749 3583 2812 Παῦλος
3623 2749 3831 2819 πᾶσι

2363 2840 2569 2894 Τεκνία
2591 2857 2732 2909 μου,
2767 2839 2874 2905 οὓς
2901 2839 3086 2893 πάλιν
3116 2838 3308 2893 ὠδίνω
3332 2838 3509 2907 ἄχρις
3545 2834 3611 2894 οὗ
3630 2836 3831 2908 μορφωθῇ

2358 2932 2610 3000 Χριστὸς
2631 2932 2700 2984 ἐν
2728 2931 2891 3000 ὑμῖν.

2434 3046 2452 3079 ι
2483 3028 2592 3079 Kal
2634 3030 2732 3079 ουκ
2783 3025 3060 3098 ἐπιστὼθη
3123 3025 3262 3097 μετὰ
3309 3024 3408 3078 τοῦ
3433 3023 3565 3079 Θεοῦ
3600 3024 3653 3078 τὸ
3690 3021 3830 3092 πνεῦμα

2284 3141 2325 3197 C
2358 3118 2547 3187 αὐτῆς.
2585 3137 2603 3167 ι

2432 3210 2653 3283 Γλώττῃ
2690 3211 2797 3279 γὰρ
2845 3212 3060 3275 πάντως
3123 3210 3259 3282 μόνῃ
3301 3211 3405 3295 τὴν
3454 3209 3622 3262 πίστιν
3651 3206 3827 3277 ἐπηγγεί-

2360 3304 2542 3368 λαντο,
2587 3303 2707 3373 οὐχ)⁵
2752 3304 2809 3356 δὲ
2857 3304 2953 3377 ὅλῃ
2999 3303 3198 3375 καρδίᾳ
3248 3303 3345 3357 καὶ
3388 3300 3606 3371 καθαρῷ
3640 3297 3701 3369 τῷ
3725 3297 3825 3349 πνεύ-

2364 3415 2514 3468 ματι.

2436 3510 2453 3543 ι
2491 3492 2751 3563 Διέρρηξε
2786 3490 2989 3559 πέτραν
3028 3490 3085 3541 ἐν
3113 3488 3329 3559 ἐρήμῳ.
3376 3506 3394 3537 ι

2427 3584 2581 3653 Τάχα
2608 3583 2709 3637 πού
2738 3600 2882 3645 τινες
2920 3580 3168 3635 δοκοῦσιν
3207 3581 3288 3634 ὅτι
3331 3579 3421 3633 διὰ
3464 3575 3589 3631 αὐτὸ
3611 3575 3663 3628 τὸ
3682 3572 3824 3641 σημεῖον

2357 3677 2691 3747 ὁπροφήτης
2721 3674 2967 3741 ἐξέθετο·
3010 3673 3121 3743 εχει
3154 3672 3211 3725 δὲ
3255 3672 3359 3741 οὐχ
3400 3668 3587 3733 οὕτως,
3616 3661 3810 3719 ἀλλὰ

2356 3786 2511 3838 τερον
2552 3770 2733 3832 αὐτοῖς
2777 3767 2920 3838 ὕδωρ
2957 3769 3021 3819 ἐκ
3055 3767 3261 3835 πέτρας
3306 3765 3337 3817 ὁ
3370 3762 3571 3830 Μωσῆς
3614 3758 3800 3825 ἐξήγαγῖν·

2357 3858 2504 3924 ἅπαξ
2561 3860 2658 3930 μὲν
2690 3861 2748 3912 ἐν
2773 3861 2837 3929 τῇ
2878 3858 3066 3927 ἐρήμῳ
3118 3853 3356 3926 Χωρὴϐ,
3384 3853 3445 3905 τὸ
3492 3843 3799 3919 δεύτερσνᾰὶὲν

2356 3949 2569 4018 Κάδης·
2606 3948 2734 4001 ἔνθα
2780 3946 3012 4017 Μαριὰμ
3046 3946 3218 4015 ἐτάφη
3248 3943 3624 4011 τελευτήσασα.
3652 3930 3806 3998 Είςτὶτπ

2355 4039 2557 4109 σμονὴν
2599 4039 2655 4091 δὲ
2700 4039 2980 4110 ἑκάτερον,
3026 4037 3166 4091 ὥστε
3212 4037 3272 4088 τὸ
3311 4036 3374 4087 ἐν
3420 4022 3810 4099 ἀϐύσσῳλέγεςθιι

2352 4132 2544 4202 πολλῇ,
2581 4132 2767 4201 ἐπειδὴ
2816 4133 2916 4185 οὐκ
2965 4134 3023 4184 ἐν
3067 4127 3317 4198 ποταμῷ,
3351 4126 3463 4180 ἀλλ’
3505 4127 3557 4176 ἐν
3584 4119 3747 4176 πολλοῖς
3764 4112 3814 4165 διὰ

2350 4223 2411 4277 τὸ
2440 4223 2640 4294 πλῆθος
2664 4221 2731 4295 ἦν
2765 4223 2945 4277 ἱκανὸν
2972 4223 3034 4274 τὸ
3063 4221 3208 4290 ὕδωρ
3260 4208 3814 4289 παραϐάλλεσθαι.Τοῦτο

2349 4315 2457 4385 γὰρ
2482 4310 2550 4385 ἦν
2581 4313 2852 4377 σύστασις,
2883 4314 2965 4365 ὅτι
2990 4312 3125 4379 πρὸς
3144 4309 3427 4378 ἀλήθειαν,
3453 4308 3568 4375 οὐχὶ
3598 4303 3675 4357 διὰ
3688 4311 3815 4368 φαντί·

2352 4406 2472 4459 σίαν
2507 4406 2690 4467 αὐτοῖς
2719 4406 2958 4472 ἐγεγόνει
2992 4403 3060 4455 τὰ
3098 4401 3372 4471 θαύματα.
3401 4397 3578 4467 Δεινὴν
3601 4396 3814 4454 δὲκετητο·

683 4487 948 4542 Acerbam
981 4498 1162 4543 autem
1226 4490 1652 4559 increpationem
1704 4489 1889 4560 populi
1943 4489 2249 4544 Judaeorum

2290 4485 2329 4544 D
2358 4498 2477 4570 ρίαν
2504 4497 2597 4550 τοῦ
2627 4496 2755 4550 λαοῦ
2778 4496 2886 4548 τῶν
2927 4494 3195 4548 Ἰουδαίων
3214 4493 3428 4557 ἐξέθετο
3445 4508 3459 4523 ’
3484 4490 3580 4549 ὅτι.
3602 4477 3816 4549 τηλικαῦτα

683 4582 960 4649 exposuit;
986 4597 1051 4635 eo
1073 4581 1237 4650 quod,
1268 4596 1394 4635 cum
1421 4590 1568 4635 tanta
1597 4582 1855 4636 miracula
1888 4582 2246 4657 accepissent,

682 4681 738 4726 et
770 4688 799 4725 a
842 4672 1087 4741 pristinis
1129 4672 1370 4741 peccatis
1420 4672 1697 4725 abstinere
1754 4672 2088 4739 debuissent,
2147 4672 2252 4727 alia

680 4759 918 4826 desuper
957 4758 1077 4813 istis
1111 4758 1434 4827 adjecerint,
1460 4774 1567 4812 non
1596 4758 1920 4829 simpliciter
1943 4771 2249 4829 peccantes,

682 4850 777 4904 sed
808 4850 929 4918 ipsi,
965 4850 1017 4904 id
1035 4861 1137 4911 est.
1164 4859 1353 4908 contra
1389 4851 1566 4921 ipsum
1592 4851 1989 4921 delinquentes,
2022 4854 2114 4923 qui
2136 4855 2253 4910 haec

680 4941 832 5011 signa
862 4941 1184 5010 prmbuerat.

752 5030 915 5086 Vens.
947 5033 1036 5087 2i.
1075 5052 1093 5085 ι
1140 5032 1204 5087 Et
1234 5033 1312 5088 ira
1346 5034 1595 5089 ascendit
1626 5034 1679 5089 in
1709 5033 1894 5090 Israel.
1937 5055 1956 5087 ι

756 5122 1095 5177 Irascebatur
1149 5125 1295 5178 enim
1348 5125 1478 5195 ipsis
1522 5126 1805 5189 Dominus,
1860 5129 1985 5197 quia
2034 5128 2252 5183 videbat

681 5212 802 5267 illos
829 5229 1164 5284 nequaquam
1197 5215 1414 5271 ﬁdelem
1464 5233 1593 5289 erga
1634 5234 1693 5274 se
1726 5220 1965 5272 animum
2026 5219 2245 5285 habere,

680 5302 777 5358 sed
800 5319 1012 5373 semper
1043 5306 1262 5375 quidem
1286 5307 1428 5362 datis
1464 5310 1779 5363 muneribus
1825 5310 2080 5379 ingratos,
2137 5325 2245 5363 non

680 5396 821 5449 datis
848 5413 976 5451 vero
1008 5397 1319 5453 incredulos
1366 5400 1650 5454 exsistere.
1698 5398 1904 5453 Idcirco
1943 5399 2094 5460 dicit,
2139 5399 2249 5453 Nec

678 5500 1013 5554 speraverant
1038 5492 1092 5544 in
1107 5492 1335 5545 salutari
1353 5492 1489 5560 ejus,
1523 5490 1796 5544 Christum
1836 5488 2052 5543 dicens:
2084 5506 2246 5559 quem

680 5582 919 5637 salutare
957 5599 1114 5637 suum
1168 5583 1389 5653 plurimi
1434 5582 1712 5653 propheta:
1749 5580 2132 5649 nominarunt;
2191 5594 2247 5639 et

755 5762 799 5792 ⁸⁸
828 5760 1003 5817 Galat.
1037 5778 1110 5828 tv,
1137 5763 1221 5816 19.

2353 4589 2631 4658 δεχόμενοι
2658 4587 2933 4657 θαύματα,
2963 4586 3081 4638 δέον
3100 4586 3209 4638 τῶν
3229 4583 3474 4654 ἀρχαίων
3493 4570 3817 4649 ἁμαρτημάτων

2354 4681 2674 4751 ἀπέχεσθαι,
2709 4680 2870 4751 ἐτερα
2900 4680 3106 4750 ὁμοίως
3152 4679 3238 4731 ἐπ’
3277 4676 3501 4736 ἐκείνοις
3538 4664 3814 4738 προσέθηυνι

2354 4774 2452 4844 οὐχ
2497 4772 2685 4836 ἁπλῶς
2741 4773 3167 4843 ἁμαρτάνοντες,
3231 4770 3348 4825 ἀλλ’
3394 4763 3559 4829 αὐτῷ,
3600 4755 3813 4813 τουτέστιν,

2354 4866 2433 4926 είς
2480 4863 2641 4916 αὐτὸν
2697 4862 3174 4935 πλημμελοῦντες,
3235 4859 3330 4912 τὸν
3396 4858 3463 4911 τὰ
3508 4850 3679 4922 σημεῖα
3718 4854 3811 4908 παρ’

2353 4955 2568 5025 έχοντα.

2427 5062 2444 5096 ι
2476 5046 2584 5097 Kal
2610 5043 2746 5115 ὀργὴ
2773 5042 2938 5111 ἀνέϐη
2970 5042 3061 5094 ἐπὶ
3094 5041 3186 5093 τὸν
3224 5037 3454 5109 Ἰσραήλ.
3487 5054 3506 5089 ι

2433 5112 2687 5206 Ὠργίσθη
2713 5112 2820 5205 γὰρ
2842 5136 2960 5188 κατ’
2984 5133 3161 5186 αὐτῶν
3182 5135 3209 5186 ὁ
3229 5132 3514 5199 Δεσπότης,
3542 5118 3692 5186 ἐπειδὴ

2348 5227 2541 5290 αὐτοὺς
2582 5225 2837 5278 οὐδέποτε.
2890 5224 3088 5295 πιστὴν
3133 5222 3350 5291 ἔχοντας
3409 5217 3527 5288 περὶ
3576 5210 3705 5266 αὐτὸν
3740 5201 3803 5268 τὴν

2354 5316 2600 5386 γνώμην,
2644 5314 2757 5368 ἀλλ’
2785 5316 2870 5367 ἀεὶ
2907 5316 3005 5385 μὲν
3038 5316 3149 5377 τοῖς
3189 5313 3416 5365 δοθεῖσιν
3451 5299 3801 5379 ἀχαριστῶντας.

2354 5408 2482 5475 περὶ
2527 5406 2586 5459 δὲ.
2638 5406 2712 5476 μὴ
2772 5405 3028 5458 δοθέντων
3072 5404 3516 5475 ἀμφιϐάλλοντας.
3545 5396 3620 5450 Διό
3662 5398 3797 5476 φηςιν

2356 5496 2510 5551 Οὐδὲ
2546 5476 2817 5563 ἤλπισάν
2850 5497 2948 5550 ἐπὶ
2978 5497 3044 5550 τὸ
3095 5496 3393 5563 Σωτήρων
3416 5482 3685 5571 αὐτοπτῶν
3711 5475 3800 5571 xit-

2353 5587 2476 5641 στὸν
2504 5586 2674 5656 λέγων
2695 5604 2708 5618 ·
2740 5588 2908 5659 ὅνπερ
2940 5588 3210 5657 Σωτήρων
3241 5585 3401 5643 αὑτοῦ
3437 5578 3595 5636 πολλοὶ
3627 5570 3702 5644 μὲν
3723 5570 3795 5617 τῶν
