4032 6484
606 444 735 509 1251

1785 425 2143 489 HESYCHII
2164 423 2547 485 PRESBYTE
2556 423 2634 482 ΠΙ

3695 420 3803 483 liii?!

606 572 793 630 patres
810 555 995 611 vl'aotie.
1038 552 1126 606 Ait
1154 548 1298 603 enim
1322 544 1590 600 Abrahm:
1622 541 1845 595 Sciendo
1874 541 2025 605 scies,
2054 538 2177 608 quia

2292 532 2639 602 ἐπαγγελίας,
2678 528 2924 597 εὔδηλον.
2948 527 3086 598 Φησὶ
3111 528 3223 597 γὰρ
3253 525 3335 596 τῷ
3364 525 3636 598 Ἀϐραάμ*
3657 531 3806 585 Γινώ-

606 649 939 721 peregrinum
971 646 1067 698 erit
1098 658 1270 695 semen
1306 650 1451 691 tuum
1484 638 1540 690 in
1575 644 1715 688 terra
1746 649 1848 685 non
1872 631 2110 699 propria,
2132 639 2180 683 et

606 752 663 804 in
684 751 983 803 servitutem
1010 746 1242 813 redigent
1273 758 1376 804 eos,
1408 749 1455 792 et
1486 736 1859 797 Immiliabunt,
1894 733 2179 802 eta/fligent

611 860 697 896 eos
729 838 1129 911 quadringentis
1151 835 1339 887 annis:
1369 839 1570 900 gentem
1596 838 1773 880 autent
1799 827 1881 877 cui
1912 823 2182 877 servierint

604 932 861 1002 Judicabo
892 947 1003 1000 ego,
1038 937 1083 980 et
1120 927 1326 979 exiliunt
1358 924 1455 975 huc
1485 937 1600 974 cum
1630 927 1895 987 apparatu
1930 914 2175 969 multo”.

614 1027 729 1080 Hac
755 1025 924 1094 igitur
974 1034 1070 1089 spe
1125 1018 1293 1080 ducti,
1341 1031 1449 1067 non
1518 1013 1800 1075 timebant,
1854 1012 1979 1062 dum
2038 1019 2185 1058 mare

614 1118 857 1172 Rubrum
890 1113 1099 1184 pedites
1122 1110 1536 1180 pertransirent,
1567 1103 1709 1173 quod
1733 1101 1980 1155 inimicos
1996 1112 2185 1153 eorum

614 1207 921 1278 cooperuit,
970 1214 1135 1272 atque
1185 1216 1325 1271 aqua
1383 1196 1779 1268 superveniens
1837 1191 2186 1261 sepulchrum

614 1299 883 1372 Egyptiis
914 1294 1143 1351 exstitit.

686 1454 853 1509 Vens.
883 1453 971 1506 6⁸5.
1005 1470 1024 1501 ‹
1066 1451 1306 1504 Juvenes
1326 1462 1518 1501 eorum
1549 1443 1786 1499 comedit
1818 1441 1975 1511 ignis.
2013 1458 2030 1489 ι

687 1548 927 1601 .Iuvenes
959 1553 1116 1597 vocat
1139 1543 1191 1595 in
1218 1541 1333 1611 lege
1356 1547 1626 1608 potentes,
1651 1534 1797 1589 verbi
1824 1533 2013 1603 gratia,
2041 1530 2190 1584 Seri-

619 1640 718 1694 bas
740 1648 795 1692 et
822 1636 1145 1695 Pharismos,
1176 1632 1266 1701 qui
1288 1630 1343 1683 in
1369 1630 1569 1682 virtute
1599 1627 1915 1679 litteratura:
1946 1620 2193 1691 praeﬁde-

618 1731 786 1784 bant:
817 1727 919 1781 hos
980 1723 1264 1780 devoravit
1328 1722 1488 1791 ignis,
1524 1719 1614 1787 qui
1659 1726 1741 1771 est
1774 1716 1922 1769 zelus
1977 1714 2032 1766 in
2070 1727 2190 1777 nos,

620 1824 869 1875 videntes
905 1818 1050 1887 quod
1096 1816 1213 1870 sine
1243 1816 1372 1885 jugo
1410 1811 1565 1882 legali
1591 1810 1971 1879 justiticemur.
2013 1804 2193 1869 Quare

2283 643 2452 680 σκων
2483 623 2709 693 γνώσῃ,
2735 622 2824 675 ὅτι
2851 620 3141 688 πάροικον
3164 621 3348 672 ἔσται
3377 620 3444 671 τὸ
3478 619 3697 688 σπέρμα
3719 642 3813 679 σου

2282 719 2352 770 ἐν
2388 715 2464 785 γῇ
2499 718 2610 768 οὐκ
2646 715 2764 779 ὶδιᾳ
2788 731 2801 745 ο
2833 714 2931 765 καὶ
2980 711 3419 765 δουλώσουσιν
3466 713 3693 778 αὐτοὺς,
3738 721 3817 772 καὶ

2284 808 2751 871 ταπεινώσουσι,
2790 807 2888 877 καί
2930 806 3331 859 κακώσουσιν
3378 806 3597 870 αὐτοὺς
3633 809 3723 873 ἐτη
3752 827 3823 863 τεο

2284 900 2603 969 τρακόσια·
2640 899 2708 953 τὸ
2734 900 2803 951 δὲ
2823 900 2998 963 ἔθνος
3038 893 3085 965 ᾧ
3113 899 3224 952 ἐὰν
3265 897 3645 950 δουλεύσωσι
3676 902 3825 968 κρινῶ

2286 994 2420 1061 ἐγὼ,
2447 994 2543 1046 καὶ
2571 994 2995 1057 ἐξελεύσονται
3015 985 3129 1043 ὦδε
3146 989 3305 1058 μετὰ
3331 989 3676 1057 ἀποσκευῆς
3703 1000 3826 1048 πολ.

2286 1086 2421 1154 λῆς.
2457 1085 2639 1156 Ταύτῃ
2674 1085 2852 1137 τοίνυν
2889 1086 2954 1153 τῇ
2976 1082 3151 1135 ἐλπίδι
3173 1080 3562 1149 ὁδηγούμενοι.
3594 1083 3687 1134 οὒκ
3715 1084 3826 1135 ἔδει·

2288 1177 2516 1233 λίασαν..
2572 1176 2671 1245 τὴν
2711 1174 2985 1245 Ἐρυθρὰν
3022 1171 3354 1234 πεζεύοντες
3406 1168 3700 1233 Θάλασσαν,
3732 1174 3826 1241 ἥτις

2290 1269 2467 1320 αὐτῶν
2500 1269 2622 1327 τοὺς
2654 1265 2881 1335 ἐχθροὺς
2922 1263 3262 1332 ὲπεκάλυψε,
3311 1262 3410 1313 καὶ
3442 1264 3609 1329 τάφος
3642 1263 3695 1313 τὺ
3716 1262 3827 1335 ὕδωρ

2290 1357 2587 1427 ἐπιδραμὸν
2620 1360 2731 1418 τοῖς
2764 1354 3089 1422 Αἰγυπτίοις
3127 1353 3378 1420 ἐγένετο.

2369 1468 2387 1498 ‹
2418 1448 2556 1509 Τοὺς
2591 1445 2909 1507 νεανίσκους
2942 1444 3121 1496 αὐτῶν
3148 1443 3447 1509 κατέφαγε
3480 1439 3610 1508 πῦρ.
3639 1459 3655 1490 ι

2362 1539 2694 1599 Νεανίσκους
2728 1537 2876 1604 λέγει
2900 1536 3027 1597 τοὺς
3051 1537 3108 1587 ὲν
3143 1534 3221 1603 τῷ
3254 1533 3414 1601 νόμῳ
3460 1532 3724 1595 δυνατοὺς,
3746 1528 3827 1587 οἷον

2291 1630 2417 1690 τοὺς
2485 1629 2829 1696 γραμματεῖς
2894 1625 2991 1677 καὶ
3057 1625 3185 1685 τοὺς
3239 1623 3619 1692 Φαρισαίους,
3672 1623 3829 1685 οἵτινες

2294 1721 2561 1792 ἐθάρρουν
2605 1723 2671 1789 τῇ
2726 1718 2871 1788 ἰσχύϊ
2917 1716 3014 1769 τοῦ
3053 1716 3425 1786 γράμματος·
3482 1711 3695 1776 τούτους
3733 1732 3830 1767 κατ·

2295 1814 2463 1881 έφαγε
2505 1812 2634 1884 πῦρ,
2672 1815 2698 1864 ὁ
2729 1813 2863 1882 πρὸς
2908 1812 3058 1880 ἡμᾶς
3098 1809 3283 1879 ζῆλος,
3319 1805 3567 1877 ὁρῶντας
3598 1807 3671 1858 ὅτι
3702 1810 3831 1877 χωρὶ;

631 1911 798 1965 etiam
826 1910 896 1981 ad
922 1909 1067 1976 ipsos
1101 1906 1269 1960 Isaias
1300 1903 1467 1957 dixit:
1511 1899 1670 1952 Zelus
1696 1895 2045 1967 apprehende:
2098 1909 2193 1963 po-

2297 1903 2464 1971 ζυγοῦ
2489 1903 2715 1972 νομικοῦ
2747 1902 3144 1971 ¹δικαιούμεθα.
3178 1900 3274 1953 Διὸ
3321 1900 3419 1951 καὶ
3454 1898 3589 1966 πρὸς
3626 1899 3831 1963 αὐτοὺςὸ

624 2001 808 2071 pulum
843 1998 1209 2058 ineruditum;
1268 2003 1315 2048 et
1375 2008 1514 2047 nunc
1562 1991 1695 2061 ignis
1735 1988 2065 2041 adversarios
2113 2000 2197 2037 co-

627 2093 795 2147 medet
813 2090 881 2143 ⁸⁸.

701 2184 862 2237 Vens.
898 2181 987 2235 65.
1027 2198 1046 2232 ι
1077 2177 1360 2247 Tanquam
1386 2184 1581 2245 potens
1599 2172 1910 2242 crapulatus
1931 2186 1961 2224 a
1990 2170 2139 2224 vino.
2174 2187 2193 2220 ι

702 2272 942 2342 Crapula
973 2277 1157 2323 autem
1188 2268 1405 2337 qualis?
1446 2268 1489 2318 Α
1517 2267 1663 2326 vino,
1716 2279 1837 2333 quae
1885 2261 2199 2332 potentibus

630 2362 920 2432 congruit;
950 2358 1042 2427 qui
1074 2365 1199 2426 post
1228 2358 1414 2409 vinum
1434 2362 1789 2421 exsurgentes
1832 2350 2000 2420 magis
2026 2350 2201 2417 impe-

633 2453 776 2509 tuosi
808 2450 1097 2505 exsistunt.
1127 2448 1218 2501 Sic
1242 2448 1402 2500 etiam
1426 2446 1595 2499 Deum
1645 2450 1768 2513 post
1818 2439 2201 2511 longanimita—

634 2558 742 2602 tem
774 2548 1036 2599 adversus
1093 2556 1189 2596 eos
1220 2540 1309 2609 qui
1352 2539 1493 2592 hanc
1533 2554 1641 2590 non
1699 2534 2203 2588 animadverterunt

633 2636 1100 2693 vehementiorem
1132 2634 1248 2686 fore
1285 2645 1599 2701 speramus:
1629 2628 1770 2696 quod
1804 2629 1985 2694 utique
2012 2625 2204 2678 etiam-

632 2747 765 2785 num
792 2729 941 2783 fecit.

712 2820 870 2873 Vens.
900 2819 988 2873 68.
1031 2834 1050 2868 ι
1090 2816 1160 2870 Et
1197 2813 1360 2884 elegit
1383 2813 1584 2867 tribum
1610 2810 1768 2865 Juda.
1796 2829 1814 2860 ι

707 2912 1098 2965 Verumtamen
1128 2920 1239 2959 non
1273 2904 1448 2957 tribus
1470 2902 1630 2963 Juda,
1660 2900 1753 2955 sed
1782 2896 2060 2967 Beniamin
2088 2902 2206 2949 erat

639 3004 771 3059 Sion
804 3010 859 3055 et
896 2998 1200 3055 Jerusalem
1224 2997 1468 3065 antiqua.
1500 2993 1605 3048 Sed
1627 2992 1818 3047 Judam
1853 2997 2009 3045 vocat
2043 2988 2207 3042 conti-

641 3102 849 3148 tentem
917 3090 1058 3160 (hoc
1114 3087 1261 3140 enim
1311 3084 1478 3139 .Iudas
1557 3076 2205 3151 interpretatur):hujus

641 3186 817 3241 tribus
852 3196 937 3237 est
970 3180 1244 3243 Ecclesia;
1292 3192 1418 3231 nam
1456 3192 1553 3245 per
1574 3173 1950 3244 paenitentiam
1974 3179 2028 3225 et
2067 3184 2204 3224 con-

640 3277 937 3333 fessionem
979 3270 1301 3327 servaturin
1329 3270 1445 3337 ipsa
1468 3282 1626 3321 mons
1671 3264 1823 3325 Sion,
1850 3278 2010 3333 quem
2041 3260 2206 3314 nimi-

645 3385 769 3425 rum
792 3368 957 3422 etiam
992 3363 1204 3420 dilexit.
1252 3361 1441 3417 Omnis
1490 3358 1634 3414 enim
1673 3357 1981 3427 quicunque
2036 3353 2207 3406 Deum

644 3472 875 3534 spectat,
907 3461 995 3515 hic
1018 3473 1175 3513 mons
1194 3455 1324 3510 Sion
1348 3454 1680 3518 nominatur;
1695 3454 1821 3520 quia
1844 3450 1973 3503 Sion
1991 3445 2210 3515 specula

644 3557 1055 3625 interpretatur.

717 3733 918 3802 Utique
953 3731 1136 3785 dices:
1184 3727 1241 3781 Si
1290 3725 1668 3793 mysteriorum
1721 3716 2210 3774 ecclesiasticarum

649 3820 986 3884 meminerit,
1036 3833 1133 3872 cur
1182 3816 1436 3870 Davidem
1493 3813 1547 3865 in
1608 3810 1846 3865 medium
1907 3807 2088 3861 attulit
2133 3804 2216 3860 his

654 3914 830 3968 multo
887 3910 1249 3978 antiquiorem
1299 3903 1715 3959 exsistentem?
1778 3900 1902 3970 quia
1962 3897 2215 3951 nimirum

651 4012 808 4074 pater
850 4002 1097 4071 etimago
1120 3998 1324 4054 Christi
1352 4005 1486 4051 erat.
1517 3996 1855 4063 Quapropter
1875 3992 1942 4046 de
1972 3989 2220 4061 gregibus

653 4098 840 4151 ovium
872 4102 1183 4163 assumptus
1231 4091 1355 4152 fuit,
1386 4103 1495 4141 non
1528 4088 1595 4141 de
1621 4102 1730 4140 uno
1774 4100 1954 4155 grege.
2004 4082 2221 4135 Christo

657 4191 802 4243 enim
830 4187 1047 4257 plurimi
1076 4199 1267 4255 greges
1293 4192 1421 4237 sunt
1454 4196 1575 4235 cum
1608 4179 1886 4234 hominum
1913 4186 2025 4230 tum
2058 4190 2223 4246 ange-

656 4280 857 4343 lorum,
904 4285 1016 4329 tum
1081 4275 1309 4328 aliarum
1362 4271 1707 4326 rationalium
1760 4279 1815 4323 et
1870 4267 2221 4322 invisibilium

657 4372 946 4431 virtutum,
977 4382 1096 4435 qua:
1121 4375 1176 4420 et
1204 4364 1529 4434 proliﬁcant,
1553 4363 1605 4416 id
1633 4372 1735 4427 est,
1766 4369 1979 4415 uterum
2008 4367 2218 4431 gerunt:

657 4476 880 4532 gregem
906 4460 1051 4513 enim
1101 4458 1341 4512 sterilem
1372 4472 1482 4510 non
1510 4455 1695 4520 habet,
1752 4454 1849 4507 sed
1890 4467 2078 4507 omnes
2127 4466 2224 4520 per

2310 1995 2535 2057 Ἡσαΐας
2562 1994 2735 2061 ἔλεγεο
2769 1993 2961 2060 Ζῆλος
2986 1993 3249 2060 λήψεται
3283 1991 3447 2045 λαόν
3483 1989 3829 2043 ἀπαίδευτον·

2298 2088 2395 2141 καὶ
2420 2088 2535 2142 νῦν
2564 2088 2682 2155 πῦρ
2710 2087 2853 2152 τοὺς
2878 2086 3286 2151 ὑπεναντίους
3312 2084 3536 2137 ἔδεται.

2376 2201 2394 2231 ι
2441 2181 2529 2243 Ὠς
2556 2180 2782 2242 δυνατὸς
2812 2176 3280 2250 κεκραιπαληκὼς
3314 2177 3376 2240 ἐξ
3405 2177 3572 2228 οἴνου.
3610 2193 3627 2223 ι

2371 2273 2665 2342 Κραιπάλη
2691 2273 2745 2325 δὲ
2779 2272 2905 2324 ποία
2927 2288 2941 2337 ;
2974 2272 3037 2323 Ἡ
3056 2271 3113 2337 ἐξ
3155 2270 3302 2323 οίνου
3325 2270 3442 2330 τοῖς
3468 2268 3698 2328 δυνατοῖς
3724 2283 3823 2336 συμ-

2301 2367 2564 2419 ϐαίνουσα
2587 2382 2600 2395 °
2626 2364 2762 2417 ἀλλὰ
2793 2366 2929 2435 μετὰ
2954 2365 3043 2416 τὸν
3090 2359 3233 2415 οἶνον
3270 2361 3612 2431 ὲγερϐέντες,
3644 2361 3821 2427 ὁρμητι-

2303 2455 2529 2526 κώτεροι
2567 2455 2835 2521 γίνονται.
2890 2451 3046 2505 Οὕτω
3087 2452 3182 2503 καὶ
3222 2451 3317 2503 τὸν
3347 2448 3482 2501 Θεὸν
3529 2448 3822 2516 σφοδρότερον

2306 2552 2443 2619 μετὰ
2490 2549 2588 2618 τὴν
2651 2545 3033 2616 μακροθυμίαν
3075 2536 3301 2596 ἔσεσθαι
3368 2541 3513 2594 κατὰ
3555 2541 3655 2593 τῶν
3696 2541 3820 2607 αὐτῆς

2303 2645 2403 2695 οὐκ
2479 2640 2889 2710 αἰσθανομένων
2943 2638 3274 2707 ἐλπίζομεν·
3322 2636 3379 2688 τί
3409 2636 3520 2704 γὰρ
3558 2632 3620 2705 δὴ
3659 2632 3821 2685 nivis

2303 2736 2561 2802 ἐποίησεν
2584 2751 2598 2800 ;

2382 2852 2399 2881 ι
2432 2829 2541 2882 Καὶ
2570 2826 2853 2893 ἐξελέξατο
2880 2827 2976 2895 τὴν
3002 2824 3173 2895 φυλὴν
3212 2822 3415 2876 Ἰούδα.
3451 2840 3469 2872 ι

2377 2923 2489 2976 Καὶ
2526 2921 2632 2991 μὴν
2666 2921 2727 2972 οὺ
2768 2918 2867 2987 τῆς
2897 2918 3070 2985 φυλῆς
3107 2915 3202 2969 τοῦ
3248 2915 3458 2979 Ἰούδα,
3492 2911 3620 2965 ἀλλὰ
3652 2911 3732 2980 τῆς
3752 2909 3817 2963 τοιό

2307 3012 2567 3081 Βενιαμὶν
2617 3008 2757 3075 αὓτη
2788 3025 2846 3060 τε
2882 3008 2915 3076 ή
2968 3006 3105 3058 Σιὼν
3135 3004 3231 3057 καὶ
3284 3000 3636 3073 Ἰερουσαλὴμ
3668 2999 3818 3069 ἀρχαία

2308 3103 2624 3172 ἐτύγχανεν.
2644 3100 2803 3153 Ἀλλὰ
2841 3099 3041 3152 Ἰούδαν
3072 3098 3221 3165 λέγει
3264 3095 3360 3148 τὸν
3392 3091 3816 3162 ἐξομολογούμενον

2313 3192 2490 3263 (τοῦτο
2515 3193 2625 3261 γὰρ
2669 3193 2697 3242 ὁ
2750 3188 2949 3251 Ἰούδας
2981 3186 3377 3258 ἑρμηνεύεται)
3403 3200 3419 3215 ’
3454 3183 3632 3236 τούτου
3662 3180 3815 3249 sui“

2322 3285 2651 3355 Ἐκκλησίαν
2686 3282 2774 3336 διὰ
2818 3283 2927 3351 γὰρ
2969 3280 3261 3349 μετανοίας
3312 3277 3410 3330 καὶ
3448 3273 3814 3345 ἐξομολογήσεως

2310 3378 2543 3439 σώζεται
2594 3375 2720 3446 παρ’
2770 3376 2906 3444 αὐτῇ
2933 3373 2991 3425 τὸ
3020 3372 3145 3442 ὅρος
3196 3371 3258 3423 τὸ
3286 3370 3450 3431 Σιὼν,
3494 3369 3621 3435 ὅπερ
3656 3366 3708 3433 δὴ
3749 3366 3815 3415 καὶ

2308 3470 2585 3539 ἠγάπησε.
2617 3469 2729 3529 Πᾶς
2755 3467 2865 3535 γὰρ
2888 3466 2939 3517 εἴ
2965 3482 3049 3525 τις
3085 3464 3349 3516 σκοπεύει
3382 3461 3533 3524 Θεὸν,
3559 3454 3691 3520 οὗτος
3712 3454 3813 3508 Σιὼν

2309 3562 2637 3632 ὀνομάζεται
2655 3577 2669 3590 °
2701 3560 2890 3628 ἐπειδὴ
2917 3558 3372 3627 σκοπευτήριον
3416 3554 3552 3608 Σιὼν
3580 3550 3809 3622 ἑρμηνεύε-

2310 3671 2423 3709 ται.

2386 3746 2607 3805 Πάντως
2644 3743 2789 3813 ἐρεῖς
2810 3756 2824 3769 ·
2865 3742 2925 3793 Ei
2965 3742 3073 3792 τῶν
3102 3740 3242 3793 κατὰ
3278 3740 3381 3811 τὴν
3416 3736 3701 3806 Ἐκκλησίαν
3727 3750 3793 3801 μυ-

2318 3837 2553 3906 στηρίων
2585 3835 2881 3905 ἐμέμνητο,
2908 3834 3051 3896 τίνος
3086 3834 3248 3903 χάριν
3276 3834 3360 3894 εἰς
3389 3832 3549 3902 μέσον
3588 3828 3714 3898 mar:
3734 3825 3790 3875 τὸν

2316 3927 2481 3979 Δαὸὶδ
2504 3926 2855 3998 ἀρχαιότερον
2875 3924 3079 3977 τούτων
3108 3924 3239 3977 πολὺ
3274 3924 3602 3992 τυγχάνοντα
3619 3936 3631 3983 ;
3647 3914 3796 3981 Ἐπειδὴ

2317 4017 2504 4089 Πατὴρ
2547 4021 2641 4071 καὶ
2669 4016 2830 4070 εἰκὼν
2882 4012 2949 4086 ἦν
3002 4015 3094 4068 τοῦ
3140 4015 3405 4085 Χριστοῦ.
3460 4012 3609 4065 Ὅθεν
3649 4012 3697 4061 ἐκ
3735 4004 3801 4057 τῶν

2320 4112 2584 4181 ποιμνίων
2624 4109 2733 4161 τῶν
2781 4108 3068 4177 προϐάτων
3115 4107 3473 4177 ἀνείληπται,
3530 4105 3618 4156 οὐκ
3654 4104 3705 4153 ὲκ
3740 4096 3803 4148 τοῦ

2320 4201 2593 4271 ττοιμνίου.
2636 4200 2833 4251 Πολλαὶ
2872 4199 2979 4269 γὰρ
3029 4198 3105 4269 τῷ
3146 4199 3371 4270 Χριστῷ
3422 4200 3645 4265 ποῖμναι,
3671 4192 3714 4245 ai
3739 4188 3806 4258 μὲν

2321 4292 2642 4364 ἀνθρώπων,
2675 4292 2728 4342 αἱ
2756 4289 2812 4341 δὲ
2855 4288 3126 4356 ἀγγέλων,
3150 4290 3204 4341 αἱ
3234 4290 3293 4342 δὲ
3324 4288 3549 4356 λογικῶν
3581 4286 3721 4337 ἄλλων
3742 4280 3807 4331 καὶ

2320 4384 2565 4452 ἀοράτων
2576 4380 2875 4449 δυνάμεων,
2897 4380 3098 4441 αἵτινες
3123 4380 3217 4431 καὶ
3234 4380 3558 4449 λοχεύονται,
3581 4374 3805 4429 τουτέστιν,

2323 4471 2682 4542 ὲγκυμονοῦσι
2708 4486 2722 4500 ο
2750 4470 2989 4539 ποίμνην
3040 4469 3147 4537 γὰρ
3190 4470 3438 4540 ἄκαρπον
3463 4468 3553 4519 οὐκ
3581 4466 3691 4531 ἔχει,
3710 4457 3807 4509 ἀλλὰ

658 4553 911 4608 timorem
941 4551 1110 4621 ipsius
1136 4548 1508 4618 coneipientes
1550 4547 1932 4616 parientesque
1970 4544 2206 4597 salutem,

2292 4588 2299 4624 μ
2332 4560 2513 4620 πάσας
2538 4559 2624 4611 διὰ
2649 4559 2738 4611 τὸν
2769 4557 2929 4609 αὑτοῦ
2958 4560 3327 4627 κυοφορούσας
3360 4559 3514 4625 φόὸον
3544 4556 3625 4605 καὶ
3651 4545 3809 4601 τικτού-

660 4643 1007 4713 Quapropter
1044 4642 1208 4697 etiam
1250 4641 1413 4695 Isaias
1440 4640 1610 4693 dixit:
1639 4639 1682 4692 Α
1712 4640 1900 4690 timore
1947 4646 2055 4698 tuo,
2111 4634 2220 4686 Do-

660 4737 820 4799 mine,
861 4736 916 4786 in
952 4743 1099 4786 utero
1130 4732 1446 4799 accepimus,
1479 4742 1526 4783 et
1555 4728 1952 4799 parturivimus,
1982 4737 2027 4779 et
2065 4741 2221 4794 pepe-

660 4830 824 4880 rimus
888 4824 1132 4893 spiritum
1176 4823 1362 4875 salutis
1418 4831 1563 4886 tum,
1611 4836 1761 4889 quem
1806 4819 2018 4888 fecimus
2067 4832 2223 4885 super

658 4924 857 4971 terram
870 4916 936 4967 9°.

731 5005 895 5057 Vens.
927 5004 1015 5056 7|.
1045 5021 1063 5054 ι
1103 5001 1338 5056 Pascere
1366 5000 1533 5054 Jacob
1554 5013 1769 5052 servum
1796 5011 1976 5051 suum.
2021 5014 2039 5047 ι

731 5096 997 5165 Ροριιιυηι
1026 5095 1282 5147 nimirum
1308 5109 1370 5147 ex
1400 5092 1670 5163 gentibus.
1712 5089 1810 5144 llic
1858 5090 2004 5142 enim
2055 5086 2222 5140 Jacob

660 5197 767 5253 est,
791 5188 917 5257 quia
940 5203 1062 5241 cum
1089 5186 1306 5241 Judreos
1335 5187 1751 5255 supplantasset,
1801 5182 2008 5251 accepit
2034 5195 2221 5234 eorum

665 5282 1059 5352 primogenita;
1097 5292 1259 5350 atque
1301 5283 1524 5351 insuper
1568 5278 1728 5334 etiam
1766 5278 1958 5331 Israel:
2014 5284 2225 5345 spectat

661 5376 809 5429 enim
840 5374 1006 5429 Deum
1040 5386 1285 5443 tempore
1333 5376 1719 5443 mysteriorum
1757 5371 1910 5439 quasi
1963 5370 2102 5423 faeie
2158 5369 2225 5422 ad

662 5458 879 5521 faciem.
942 5465 1098 5531 Quod
1154 5474 1337 5519 autem
1387 5466 1527 5518 Deus
1572 5471 1776 5535 pascat,
1804 5462 1928 5515 audi
1975 5460 2228 5514 [)avidem

663 5560 973 5613 dicentem:
1007 5557 1264 5609 Dominus
1315 5558 1482 5624 pascit
1534 5572 1615 5609 me
1671 5552 1919 5625 [Vulgata
1950 5549 2126 5622 regit],
2185 5560 2232 5604 et

2329 4669 2427 4714 σας
2472 4652 2760 4721 σωτηρίαν.
2816 4651 3015 4721 Διόπερ
3058 4656 3150 4703 καὶ
3201 4651 3427 4713 Ἡσαΐας
3475 4648 3653 4711 ἑλεγεν·
3702 4636 3807 4692 Ἀπὸ

2328 4742 2433 4795 τοῦ
2471 4743 2659 4809 φόϐου
2683 4756 2824 4803 σου,
2865 4745 3041 4807 Κύριε
3060 4781 3074 4806 ,
3102 4742 3173 4793 ἐν
3194 4744 3408 4808 γαστρὶ
3444 4737 3714 4801 ἐλάϐομεν,
3738 4723 3806 4778 καὶ

2326 4829 2727 4897 ὠδιγήσαμεν,
2750 4830 2846 4881 καὶ
2872 4830 3153 4897 ἐτέκομεν
3178 4830 3414 4898 πνεῡμα
3436 4824 3692 4889 σωτηρίας
3704 4830 3803 4873 σουν

2328 4920 2697 4989 ἐποιήσαμεν
2723 4920 2822 4972 ἐπὶ
2846 4920 2957 4988 τῆς
2983 4922 3114 4989 γῆς.

2407 5029 2424 5061 ι
2460 5009 2773 5079 Ποιμαίνειν
2822 5010 3015 5062 Ἰακὼὸ
3042 5012 3133 5062 τὸν
3161 5009 3345 5063 δοῦλον
3366 5005 3535 5063 αὐτοῦ.
3582 5020 3597 5050 ι

2400 5103 2505 5155 Τὸν
2542 5102 2602 5166 ἐξ
2648 5102 2817 5154 ἐθνῶν
2867 5103 3067 5172 δηλαδὴ
3127 5102 3274 5156 λαόν.
3335 5098 3517 5154 Ἰακὼὸ
3545 5095 3637 5161 γὰρ
3673 5079 3801 5142 οὗτος.

2331 5194 2520 5265 ἐπειδὴ
2551 5193 2842 5265 πτερνίσας
2868 5196 2992 5256 τοὺς
3050 5193 3367 5259 Ἰουδαίους,
3396 5189 3566 5244 ἔλαϐεν
3587 5178 3728 5236 αὐτῶν
3751 5174 3797 5224 τὰ

2333 5288 2675 5358 πρωτοτόκια
2700 5303 2713 5316 ⁶
2745 5287 2823 5339 ἔτι
2849 5287 2906 5339 δὲ
2927 5288 3020 5339 καὶ
3063 5287 3281 5356 Ἰσραήλ
3302 5301 3315 5314 '
3358 5286 3453 5357 ὁρᾷ
3485 5281 3579 5349 γὰρ
3604 5276 3677 5327 τὸν
3705 5266 3797 5319 Θεὸν

2329 5382 2469 5433 κατὰ
2506 5379 2594 5430 τὸν
2642 5378 2829 5448 καιρὸν
2858 5378 2968 5428 τῶν
3012 5379 3328 5448 μυστηρίων
3363 5376 3620 5447 πρόσωπον
3658 5362 3795 5422 ὥσπερ

2328 5471 2409 5530 εἰς
2438 5460 2749 5538 πρόσωπον.
2792 5466 2915 5519 Ὀτι
2952 5467 3008 5520 δὲ
3055 5469 3329 5537 ποιμαίνει
3369 5469 3396 5521 ὁ
3435 5463 3551 5523 Θεὸς
3586 5457 3794 5510 ἄκουετου

2332 5537 2495 5612 Δαϐὶδ
2545 5559 2703 5611 τοῦτο
2739 5560 2986 5627 λέγοντος
3009 5577 3023 5591 ·
3072 5562 3287 5628 Κύριος
3326 5558 3588 5628 ποιμαίνει
3618 5562 3695 5615 με,
3724 5537 3793 5591 καὶ

665 5650 794 5704 nihil
825 5650 949 5703 mihi
1006 5648 1251 5701 deerit“.
1274 5646 1412 5701 Audi
1437 5646 1597 5701 etiam
1628 5643 1904 5699 Christum
1943 5661 1954 5696 :
1998 5642 2104 5711 Ego
2121 5657 2206 5694 sun

2332 5649 2510 5704 οὐδέν
2550 5667 2626 5718 με
2676 5650 3018 5718 ὑστερήσει.
3078 5654 3272 5705 ’Ἄκουε
3324 5653 3406 5708 καὶ
3455 5646 3537 5701 τοῦ
3584 5629 3789 5711 Χριστοῦ·

665 5751 848 5812 pastor
885 5742 1045 5795 bonus
1057 5742 1125 5795 θ’.

740 5858 787 5889 ³⁸
820 5858 957 5912 Gen.
987 5875 1077 5925 xv,
1108 5858 1194 5912 15.
1271 5860 1315 5891 ⁸9
1347 5858 1449 5913 lsa.
1476 5874 1619 5923 xxvi,
1655 5859 1733 5911 ll.

1810 5860 1854 5889 9°
1893 5855 2022 5909 ibid.
2056 5855 2135 5909 l8.
2213 5856 2256 5885 “
2292 5854 2429 5908 I‘sal.
2466 5869 2598 5917 nu,
2642 5855 2692 5908 Τ.

2345 5741 2486 5810 Ἐγώ
2515 5744 2631 5810 ειμι
2672 5746 2703 5796 ὀ
2728 5746 2953 5811 ποιμὴν
2987 5746 3020 5796 ό
3058 5748 3264 5811 καλός.

2780 5855 2823 5883 ⁹¹
2856 5852 3017 5909 Joan.
3051 5872 3128 5923 XI,
3162 5858 3246 5911 14.
