4032 6422
218 410 355 475 1253
1384 407 1842 467 FRAGMENTA
1884 407 1963 465 IN
2004 406 2359 466 PSAI.MOS.
3328 404 3463 473 1254

768 524 970 578 ΨΛΛΜ
978 526 1061 578 ΟΣ
1103 524 1235 578 (ιη’.
1817 529 1861 582 Α

1817 529 1861 582 Α
2363 514 2684 571 PSALMUS
2724 515 3001 570 LXXVIII.

291 617 514 671 Ἕθεντο
557 615 912 686 Ἰερουσαλὴμ
940 618 1017 679 εἰς
1052 612 1521 685 όπωροφυλάκιον.
1567 631 1585 662 ι

1972 606 2131 659 Vens.
2166 607 2217 659 l.
2250 624 2268 657 ι
2305 607 2609 661 Posuerunt
2636 605 2931 660 Jerusalem
2963 607 3019 661 in
3068 621 3349 677 pomorum
3372 624 3464 663 cu-

1897 698 2151 751 stodiam.
2183 716 2201 749 ι

288 790 447 852 Τίνος
466 788 625 859 χάριν
654 791 733 850 είς
751 789 1201 859 όπωροφυλάκιον
1223 787 1471 857 ;Ἐπειδὴ
1497 789 1554 840 τὸ
1579 786 1796 857 πνεῦμα

1969 792 2146 854 Quare
2178 790 2233 842 in
2257 804 2541 858 pomorum
2566 788 2909 844 custodiam?
2954 789 3086 855 Quia
3121 807 3245 846 cum
3304 792 3463 862 spiri-

207 884 307 935 τοῦ
336 883 498 953 νόμου
532 883 625 935 καὶ
676 883 785 934 τῶν
840 883 1137 953 προφητῶν
1160 882 1437 943 λαϐόντες,
1470 883 1635 951 μόνην
1668 898 1797 933 κατ-

1899 890 2009 935 tum
2036 881 2169 951 legis
2214 896 2277 935 ac
2303 881 2691 950 prophetarum
2749 882 3119 946 sustulissent,
3152 885 3323 937 solum
3373 886 3463 937 lit-

212 974 403 1026 ἐλιπον
432 974 615 1036 αὐτοῖς
636 973 926 1041 φυλάττειν
944 976 1045 1043 τὴν
1075 973 1299 1045 ὀπώραν
1322 971 1414 1023 τοῦ
1445 972 1791 1042 γράμματος.

1897 982 2027 1028 terae
2058 990 2279 1043 pomum
2305 974 2439 1043 ipsis
2468 976 2887 1030 custodiendum
2944 975 3295 1045 reliquerunt.
3352 976 3466 1031 Hoc

210 1067 386 1119 Τοῦτο
428 1066 484 1119 δὲ
528 1062 595 1137 ἦν
641 1068 743 1119 οὐκ
780 1066 839 1131 ἐξ
893 1066 1217 1136 ἀνθρώπων,
1270 1064 1388 1118 ἀλλ’
1429 1066 1493 1116 ὲκ
1532 1064 1626 1115 τοῦ
1661 1062 1795 1115 Θεοῦ

1896 1073 2076 1119 autem
2110 1080 2218 1118 non
2252 1074 2367 1118 erat
2389 1080 2453 1119 ex
2479 1065 2811 1129 hominibus,
2848 1066 2941 1119 sed
2966 1081 3030 1118 ex
3086 1065 3193 1120 Deo
3246 1067 3466 1121 volente

211 1157 548 1229 βουλομένου
597 1159 751 1228 παρὰ
787 1162 898 1221 τοῖς
947 1160 1159 1228 ἐχθροῖς
1204 1157 1306 1219 τὰς
1345 1155 1654 1219 ἀποδείξεις
1698 1156 1797 1223 τῆς

1896 1156 1963 1209 ab
1997 1156 2233 1209 inimicis
2254 1167 2582 1226 argumenta
2599 1156 2723 1211 ﬁdei
2749 1168 2947 1210 nostrae
2982 1159 3202 1213 servari.
3238 1157 3463 1212 Pomum

209 1254 454 1317 πίστεως
492 1253 589 1323 τῆς
647 1252 924 1322 ἡμετέρας
991 1250 1283 1314 σώζεσθαι.
1354 1248 1576 1319 Ὀπώρα
1624 1248 1681 1300 δὲ
1735 1248 1798 1299 τὸ

1895 1257 2077 1302 autem
2116 1251 2292 1303 littera
2344 1251 2539 1304 merito
2566 1251 2890 1319 appellatur,
2922 1268 2989 1305 eo
3040 1252 3185 1321 quod
3241 1252 3464 1305 minime

208 1345 471 1414 γράμμα,
518 1343 592 1406 ώς
631 1342 705 1414 μὴ
752 1343 984 1411 γνησίαν
1032 1341 1259 1413 τροφὴν,
1291 1342 1427 1395 ἀλλὰ
1463 1340 1797 1411 πρόσκαιρον

1896 1339 2149 1407 solidum,
2174 1342 2268 1395 sed
2296 1354 2709 1410 temporaneum
2757 1343 3023 1397 duntaxat
3074 1344 3254 1398 cibum
3287 1344 3461 1398 conti-

208 1434 360 1505 ἔχον.
380 1436 604 1497 εἰκότως
634 1433 1093 1504 προσηγόρευται.
1895 1440 2068 1484 neret.

295 1546 313 1577 ι
369 1525 621 1596 Ἑξέχεαν
654 1526 715 1578 τὸ
750 1519 893 1594 αἷμα
917 1525 1116 1577 αὐτῶν.
1158 1542 1177 1574 ι

1967 1520 2130 1576 Vens.
2164 1523 2216 1577 5.
2263 1541 2278 1572 ι
2316 1521 2643 1577 Elluderunt
2710 1525 3029 1594 sanguinem
3053 1540 3259 1579 eorum.
3298 1548 3315 1577 ι

290 1612 441 1689 Αἷμα
480 1616 659 1672 αὐτῶν
704 1617 773 1671 τὰ
812 1616 1021 1687 ψυχικὰ
1069 1616 1541 1688 πλημμελήματα,
1595 1612 1671 1671 ὧν
1720 1615 1798 1677 εἰς

1970 1612 2201 1683 Sanguis
2249 1628 2437 1667 eorum
2486 1623 2614 1667 sunt
2652 1614 2846 1667 anima:
2870 1615 3086 1679 delicta,
3133 1633 3359 1685 quorum
3408 1617 3460 1671 in

210 1704 358 1780 αἷμα
387 1711 419 1779 ἡ
447 1710 727 1779 ἐκδίκησις
754 1707 963 1776 γίνεται
992 1724 1005 1737 ·
1035 1706 1209 1760 ταῦτα
1238 1708 1313 1771 ώς
1356 1706 1501 1779 ὕδωρ
1540 1704 1792 1775 ἐξεχύθη,

1898 1706 2162 1775 sanguine
2188 1704 2246 1758 Iit
2272 1704 2445 1762 ultio:
2500 1704 2616 1757 ha'c
2651 1713 2902 1773 tanquam
2933 1721 3071 1774 aqua
3113 1708 3283 1763 eﬂ'usa
3314 1719 3458 1774 sunt,

212 1799 359 1852 ὥστε
419 1799 616 1870 μηκέτι
678 1797 1104 1869 ἀναληφθῆναι,-
1129 1796 1315 1868 ὥσπερ
1367 1796 1490 1848 οὐδὲ
1539 1796 1599 1848 τὸ
1650 1794 1795 1865 ὕδωρ

1900 1807 1957 1850 ιιι
1986 1797 2185 1851 resumi
2212 1797 2444 1864 amplius
2475 1810 2584 1849 non
2622 1796 2853 1864 possint,
2879 1796 3020 1850 sicut
3046 1813 3145 1852 nec
3176 1814 3313 1868 aqua
3340 1811 3461 1870 post

217 1890 363 1961 μετὰ
396 1890 492 1960 τὴν
539 1888 759 1958 ἔκχυσιν
810 1889 1055 1943 δύναται.
1100 1890 1317 1951 Κύκλῳ
1357 1887 1750 1956 Ἰερουσαλήμ
1776 1901 1791 1916 .

1897 1888 2241 1942 ellusionem.
2278 1887 2340 1940 In
2386 1888 2607 1939 circuitu
2636 1885 2979 1950 Jerusalem;
3044 1887 3096 1941 id
3144 1898 3246 1953 est,
3302 1905 3462 1959 super

211 1956 518 2043 τουτέστίν,
569 1956 654 2030 ἐπ’
698 1977 892 2048 αὐτὴν,
948 1979 1185 2039 καὶτοὺς
1223 1977 1285 2041 ἐξ
1330 1978 1520 2048 αὐτῆς.
1566 1978 1638 2030 Τὸ
1685 1978 1791 2048 γὰρ

1894 1981 2092 2049 ipsam,
2132 1988 2185 2032 et
2214 1994 2309 2032 eos
2334 1978 2425 2048 qui
2453 1993 2517 2031 ex
2553 1994 2613 2031 ea
2636 1986 2782 2032 sunt.
2810 1977 3039 2048 Sanguis
3065 1980 3209 2033 enim
3251 1980 3460 2034 illorum

217 2062 366 2137 αἷμα
417 2066 595 2119 αὐτῶν
627 2066 714 2118 ἐπ’
742 2067 963 2131 αὐτοὺς,
1010 2066 1105 2120 καὶ
1146 2067 1238 2119 ἐπὶ
1277 2068 1346 2119 τὰ
1384 2068 1549 2119 τέκνα
1592 2067 1790 2132 αὐτῶν,

1892 2086 2057 2139 snper
2095 2070 2263 2138 ipsos,
2296 2076 2350 2122 et
2380 2084 2545 2137 super
2568 2067 2709 2122 ﬁlios
2764 2069 3004 2137 ipsorum
3025 2069 3070 2099 9’
3097 2087 3109 2133 ;
3165 2070 3303 2123 sicut
3363 2072 3459 2139 ipsi

216 2160 295 2221 ὡς
326 2160 481 2213 αὐτοὶ
513 2159 603 2211 τὸν
644 2159 877 2229 Χριστὸν
919 2157 1381 2227 συκοφαντοῦντες
1425 2158 1639 2226 ἔλεγον.
1684 2156 1793 2210 Καὶ

1892 2163 2113 2215 Christo
2170 2160 2555 2214 maledicentes
2586 2160 2845 2214 dicebant
2879 2177 2890 2211 :
2931 2159 2999 2212 Et
3033 2177 3131 2212 non
3193 2171 3307 2213 erat
3373 2162 3461 2230 qui

218 2253 334 2304 οὐκ
367 2247 445 2320 ἦν
470 2253 500 2303 0'
550 2251 813 2303 θάπτων.
842 2251 942 2303 Διὰ
972 2250 1056 2317 τί;
1114 2249 1330 2320 Ἐπειδὴ
1374 2253 1527 2303 αὐτοὶ
1571 2249 1690 2320 μὲν,
1720 2250 1794 2313 ὼς

1893 2253 2152 2319 sepeliret.
2187 2251 2288 2317 Qui
2329 2250 2445 2305 sic?
2472 2251 2598 2319 quia
2627 2249 2882 2304 nimirum
2928 2250 3051 2320 ipsi,
3096 2260 3282 2320 utpote
3317 2267 3461 2303 mor-

224 2344 433 2412 νεκροὶ,
471 2344 697 2395 θάπτειν
727 2341 992 2412 ἀλλήλους
1010 2343 1107 2394 οὐκ
1128 2342 1309 2413 ἴσχυον
1332 2358 1345 2372 ’
1371 2343 1405 2412 ἡ
1422 2341 1717 2411 Ἐκκλησία
1740 2340 1796 2393 δὲ

1899 2345 1996 2407 tui,
2032 2361 2087 2397 se
2104 2353 2291 2397 mutuo
2321 2342 2552 2412 sepelire
2594 2342 2816 2396 minime
2878 2344 3163 2397 valebant:
3220 2342 3459 2398 Ecclesia

227 2434 450 2486 θάπτειν
477 2434 675 2496 αὐτοὺς
689 2433 790 2485 οὐκ
811 2434 1117 2495 ἐπίσταται,
1155 2433 1453 2496 τουτέστιν,
1479 2433 1537 2484 οῦ
1570 2432 1796 2485 συσκιά-

1895 2445 2075 2491 autem
2106 2437 2283 2491 nescit
2310 2436 2457 2505 ipsos
2478 2435 2731 2504 sepelire,
2776 2436 2826 2490 id
2868 2446 2968 2500 est,
3005 2451 3194 2491 eorum
3239 2446 3458 2505 peccata

234 2526 347 2590 ζειν
367 2525 533 2578 αὐτῶν
550 2526 615 2577 τὰ
634 2526 1027 2596 ἁμαρτήματα.
1056 2526 1120 2577 Τί
1152 2524 1208 2576 δὲ
1244 2525 1303 2576 τὸ
1333 2524 1571 2588 κωλῦον;
1607 2525 1669 2580 Ἢ
1698 2526 1791 2579 τοῦ

1895 2539 2205 2600 contegere.
2231 2529 2372 2595 Quid
2397 2544 2559 2598 porro
2601 2531 2896 2599 prohibet?
2942 2530 3140 2585 Christi
3202 2531 3458 2584 nimirum

234 2615 463 2687 Χριστοῦ
494 2616 769 2685 ἀπόφασις
804 2616 837 2686 ἡ
860 2617 1091 2683 λέγουσα
1110 2632 1125 2648 ο
1169 2617 1353 2685 ’Ἄφες
1377 2617 1518 2681 τοὺς
1545 2618 1798 2686 νεκροὺς

1897 2624 2167 2678 sententia
2193 2624 2456 2677 dicentis:
2491 2624 2712 2678 Dimitte
2742 2633 2972 2677 mortuos
2998 2624 3214 2693 sepelire
3232 2636 3458 2677 mortuos

229 2707 475 2761 θάπτειν
511 2707 654 2773 τοὺς
693 2707 924 2760 ἑαυτῶν
970 2707 1243 2774 νεκρούς.
1280 2708 1381 2760 Διὰ
1433 2709 1520 2773 τί;
1582 2708 1797 2779 Ἐπειδὴ

1896 2718 2096 2771 suos”.
2152 2715 2293 2782 Quid
2316 2717 2430 2770 ita?
2482 2717 2619 2783 Quia
2666 2717 2759 2785 qui
2814 2725 3129 2787 peccatores
3177 2725 3458 2787 protegere

224 2798 588 2869 ἁμαρτωλοὺς
664 2797 978 2862 συσκιάζειν
1029 2797 1397 2869 πειρώμενοι,
1458 2800 1798 2870 γυμνοτέρας

1896 2817 2185 2875 conantur,
2245 2811 2486 2879 ipsorum
2542 2804 2787 2865 actiones
2836 2810 3005 2881 magis
3059 2810 3355 2874 denudant,
3404 2817 3460 2862 et

223 2891 436 2943 ἑαυτῶν
463 2891 558 2955 τὰς
583 2890 835 2963 πράξεις,
871 2892 966 2944 καὶ
991 2892 1156 2944 πᾶσιν
1187 2890 1588 2955 ἐπονειδίστους
1619 2892 1793 2963 ἐργά-

1281 2890 1588 2955 ινειδίστους
1619 2892 1793 2963 ὲργά-
1896 2902 2148 2957 omnibus
2185 2902 2582 2958 abominabiles
2619 2903 2873 2957 reddunt.

224 2982 439 3044 ζονται.

315 3092 333 3125 ι
364 3073 455 3143 Μὴ
494 3071 738 3144 μνησθῇς
760 3072 919 3144 ἡμῶν
949 3073 1190 3144 ἀνομιῶν
1220 3072 1481 3144 ἀρχαίων.
1526 3091 1545 3123 ι

1970 3108 2136 3164 Vens.
2169 3109 2220 3164 8.
2264 3128 2282 3160 ‹
2318 3106 2397 3163 Ne
2421 3109 2736 3165 memineris
2767 3109 3113 3180 iniquitatum
3152 3118 3457 3163 nostrarum

1898 3202 2262 3259 amittuarum.
2290 3220 2316 3255 ι

299 3274 473 3327 Πόθεν
502 3273 628 3344 εγὰρ
678 3272 911 3342 ἀρκέσαι
955 3272 1090 3345 πρὸς
1135 3272 1337 3344 ἀρχαῖα
1375 3271 1521 3326 κακὰ
1562 3272 1654 3326 καὶ
1699 3271 1793 3326 νέα
1821 3238 1865 3298 c

1898 3219 2262 3273 aluiquarmn.
2290 3220 2316 3255 ι

1968 3296 2121 3351 Unde
2152 3295 2296 3349 enim
2356 3295 2422 3349 ad
2470 3295 2690 3363 antiqua
2742 3302 2798 3348 et
2848 3309 2985 3347 nova
3040 3294 3176 3346 mala
3216 3292 3460 3346 sufﬁcere

221 3363 674 3435 δυνηθησόμεθα;
726 3365 886 3427 Ἴσως
918 3364 974 3416 δὲ
1022 3365 1050 3416 ὁ
1096 3365 1380 3436 προφήτης
1436 3364 1667 3433 ἀνομίας
1700 3366 1801 3435 ἀρ-

1876 3388 2229 3458 εροιετίιηιιεῖ
2256 3388 2522 3442 Fortassis
2557 3403 2685 3441 vero
2722 3387 2984 3455 propheta
3018 3394 3232 3439 veteres
3263 3386 3460 3455 iniqui-

220 3456 393 3526 χαίας
426 3456 523 3518 τὰς
552 3457 609 3508 ὲν
636 3459 704 3527 τῇ
752 3456 945 3527 ἐρήμῳ
991 3456 1180 3523 λέγει,
1233 3455 1421 3527 ἐπειδὴ
1467 3455 1670 3519 πολλὰς
1713 3455 1801 3507 ἐπ’

1900 3455 2039 3531 tates
2067 3486 2225 3533 vocat
2248 3477 2364 3532 illas
2396 3493 2516 3547 qua:
2546 3478 2598 3530 in
2627 3477 2844 3531 deserto
2897 3476 3261 3547 contigerunt,
3325 3492 3460 3545 quo-

220 3548 421 3611 αὑταῖς
464 3550 491 3600 ὁ
520 3548 650 3609 Θεὸς
684 3549 913 3609 ἀπειλὰς
955 3550 1047 3600 καὶ
1072 3548 1357 3617 διαφόρους
1397 3548 1547 3600 ἔθετο
1571 3564 1584 3577 ’
1612 3548 1800 3617 διόπερ

1901 3570 2047 3624 niam
2100 3571 2365 3640 plurimas
2416 3571 2550 3640 ipsis
2609 3570 2752 3625 Deus
2799 3585 2999 3639 easque
3057 3569 3234 3624 varias
3287 3570 3463 3624 minas

222 3640 410 3692 αὐτῶν
448 3639 758 3691 εὐλαϐεῖται
786 3640 884 3707 τὴν
934 3639 1260 3708 ἁνάμνησ.ν.
1293 3638 1459 3690 Οὐδὲν
1489 3636 1628 3690 οὕτω
1657 3654 1803 3689 πτω-

1900 3662 2217 3728 intentavit;
2250 3663 2543 3732 quarejam
2576 3679 2759 3717 earnm
2792 3663 2877 3732 pie
2904 3662 3092 3717 recolit
3124 3662 3457 3716 memoriam.

226 3731 327 3801 χὸν
360 3730 449 3783 τὸν
475 3729 761 3800 ἄνθρωπον
787 3730 863 3790 ώς
888 3729 944 3780 αἱ
978 3729 1240 3798 ἁμαρτίαι
1280 3727 1556 3779 δείκνυσι*
1590 3728 1800 3797 πτωχό-

1900 3751 2045 3806 Nihil
2108 3727 2387 3807 hominem
2435 3727 2574 3806 adeo
2647 3727 2943 3822 pauperem
3008 3752 3245 3806 declarat
3301 3762 3462 3820 atque

225 3836 391 3891 ’τερος
437 3820 493 3871 δὲ
526 3820 919 3889 προστεθείσης
967 3818 1219 3880 ἀσεὸείας
1256 3820 1322 3888 τῇ
1373 3817 1618 3888 ἁμαρτίᾳ
1655 3818 1802 3885 γίνε-

1901 3852 2160 3913 peccata:
2218 3860 2375 3912 porro
2430 3844 2719 3913 pauperior
2763 3844 2840 3908 lit,
2900 3859 3023 3897 cum
3061 3843 3128 3897 ad
3181 3852 3462 3912 peccatum

226 3930 347 3965 ται.
375 3912 573 3980 Διόπερ
594 3911 772 3973 αὐτοῖς
795 3909 1024 3980 ταχῦναι
1049 3911 1176 3972 τοὺς
1202 3909 1517 3978 οἱκτιρμοὺς
1550 3909 1644 3961 τοῦ
1667 3909 1800 3962 Θεοῦ

1902 3909 2150 4004 impietas
2174 3909 2506 4005 adiungitur.
2525 3909 2865 4005 Quapropter
2900 3909 3198 4006 rogarunt;
3219 3943 3278 3987 ut
3298 3934 3462 3987 mise-

227 4004 711 4076 ὲπρεσϐεύσαντο,
775 4005 970 4073 μήπως
1025 4005 1090 4074 τῇ
1161 4002 1495 4073 σφοδροτέρᾳ
1556 4002 1802 4074 πτωχείᾳ

1902 4024 2144 4078 rationes
2198 4024 2291 4079 Dei
2336 4026 2469 4094 ipsis
2522 4026 2977 4091 accelerarentur,
3030 4039 3100 4078 ne
3132 4039 3244 4093 prae
3296 4024 3460 4077 nimia

226 4097 677 4165 ἀπογνωσθέντες
721 4096 1059 4148 ἀπόλωνται’
1114 4094 1283 4157 οὕτως
1321 4091 1413 4148 οὖν
1444 4095 1663 4164 χάρισαι
1704 4094 1801 4167 τὴν

1901 4123 2138 4185 egestate
2191 4091 2543 4184 desperantes
2600 4127 2873 4185 pereant:
2928 4116 3005 4172 sic
3062 4091 3224 4186 igitur
3280 4116 3460 4186 praebe

232 4190 333 4260 σὴν
364 4188 641 4258 βοήθειαν.

1900 4204 2157 4258 auxilium
2189 4214 2364 4259 tuum.

311 4301 329 4332 ι
368 4281 641 4351 Βοήθησον
669 4281 821 4349 ἡμῖν,
852 4281 879 4332 ὁ
907 4278 1038 4343 Θεὸς
1071 4280 1098 4331 ό
1126 4280 1333 4349 Σωτήρ.
1375 4296 1393 4327 ι

1971 4296 2132 4350 Vens.
2162 4296 2215 4351 9.
2257 4314 2275 4347 ι
2305 4294 2513 4365 Adjuva
2536 4314 2659 4366 nos,
2693 4298 2834 4352 Deus
2863 4299 3131 4352 salutaris.
3160 4318 3177 4348 ι

305 4372 492 4428 Ταῦτα
517 4373 650 4443 πρὸς
666 4374 755 4425 τὸν
784 4372 1015 4443 Χριστὸν
1036 4388 1139 4441 πρε
1152 4370 1418 4422 σϐεύεται·
1438 4366 1597 4430 αὐτὸς
1611 4367 1719 4439 γὰρ
1735 4368 1796 4420 οὐ

1971 4387 2098 4442 Haec
2125 4389 2192 4443 ad
2248 4389 2524 4443 Christum
2559 4397 2715 4443 orat:
2752 4390 2867 4459 ipse
2917 4391 3062 4444 enim
3116 4406 3225 4444 non
3286 4392 3457 4444 solum

236 4468 397 4539 μόνον
424 4466 577 4531 Θεὸς,
600 4464 735 4517 ἀλλὰ
756 4468 850 4516 καὶ
893 4464 1079 4534 Σωτὴρ
1102 4463 1358 4531 ἄντικρυς
1376 4462 1759 4531 ἐπωνόμασται
1780 4476 1795 4491 ·

1900 4477 2066 4542 Deus,
2092 4494 2281 4534 verum
2307 4479 2469 4533 etiam
2504 4479 2751 4533 Salvator
2775 4495 2870 4549 per
2892 4481 3262 4534 excellentiam
3286 4482 3457 4534 nomi-

233 4564 399 4627 αὐτὸς
437 4567 532 4615 καὶ
572 4561 696 4625 δόξα
727 4560 821 4613 τοῦ
863 4559 1121 4628 ὀνόματος
1174 4557 1266 4610 τοῦ
1289 4557 1443 4616 Θεοῦ,
1473 4555 1673 4625 δηλαδὴ
1704 4553 1798 4606 τοῦ

1867 4576 2099 4643 ,natur:
2147 4569 2264 4638 ipse
2315 4569 2480 4622 etiam
2547 4570 2712 4641 gloria
2764 4571 3001 4624 nominis
3069 4571 3185 4634 Dei,
3254 4572 3459 4624 scilicet

234 4658 466 4728 Πατρός·
500 4655 620 4708 ὅθεν
649 4655 810 4707 αὑτὸν
834 4654 926 4705 καὶ
943 4655 969 4703 ὁ
1000 4651 1204 4712 Παῦλος
1229 4650 1569 4718 ἀπαύγασμα
1595 4648 1694 4717 τῆς
1712 4645 1801 4698 δό-

1876 4659 2113 4730 _Patris:
2176 4659 2320 4712 unde
2380 4659 2544 4713 etiam
2600 4660 2800 4715 Paulus
2878 4661 3055 4730 ipsum
3116 4661 3454 4729 Splendorem

234 4750 334 4821 ξης
359 4749 456 4803 τοῦ
485 4748 693 4819 Πατρὸς
723 4745 1152 4815 προσηγόρευσε.
1184 4742 1293 4793 Καὶ
1313 4739 1459 4802 τίνος
1490 4738 1680 4808 χάριν;
1704 4735 1803 4788 Διὰ

1876 4728 2083 4818 ἐιοτίιε
2115 4747 2286 4802 Patris
2316 4750 2726 4819 nuncupavit”.
2772 4752 2836 4803 Et
2892 4728 3049 4819 cujus
3083 4728 3290 4821 gratia?
3334 4768 3459 4821 pro-

230 4846 295 4897 τὸ
318 4844 488 4913 δνομα
507 4882 523 4906 ,
558 4841 724 4911 φησὶ,
759 4837 854 4892 τοῦ
885 4837 1051 4899 Θεοῦ,
1102 4833 1299 4904 δηλαδὴ
1330 4830 1563 4903 Χριστοῦ
1582 4869 1596 4893 ,
1628 4828 1688 4891 ὃς
1715 4827 1803 4881 διὰ

1897 4848 2020 4908 pter
2045 4854 2267 4906 nomen,
2298 4840 2494 4912 inquit,
2520 4841 2635 4906 Dei,
2656 4842 2864 4895 scilicet
2895 4841 3115 4904 Christi,
3140 4843 3229 4909 qui
3255 4841 3457 4896 idcirco

232 4937 397 4989 τοῦτο
449 4936 758 5005 ἱλαστήριον
813 4931 1106 4998 κέκληταιο
1153 4922 1303 4987 οὗτος
1354 4926 1475 4983 ταῖς
1515 4921 1625 4973 τῶν
1667 4919 1801 4973 Ἰου-

1899 4930 2215 4998 propitiatio
2240 4940 2496 4984 vocatur:
2538 4930 2627 4983 hic
2654 4930 2890 5000 peccatis
2918 4929 3225 4983 Judazorum
3277 4931 3459 5000 propi-

231 5029 401 5083 δαίων
432 5026 731 5097 ἁμαρτίαις
759 5022 983 5091 ἱλασμὸν
1011 5017 1321 5087 ἐπορίσατο,
1352 5015 1511 5085 ἡνίκα
1536 5008 1794 5080 σταυρούο

1902 5020 2183 5074 tiationem
2239 5022 2500 5092 elargitus
2552 5030 2653 5087 est,
2701 5023 2919 5090 quando
2970 5023 3121 5075 cruci
3176 5022 3363 5077 allixus
3394 5025 3458 5078 ad

234 5138 400 5193 μενος
432 5118 567 5189 πρὸς
594 5117 683 5168 τὸν
712 5113 925 5182 Πατέρα
954 5111 1101 5177 ἔλεγε
1122 5126 1135 5139 '
1157 5106 1366 5174 Πάτερ,
1395 5105 1543 5173 ἄφες
1568 5103 1793 5169 αὐτοῖς’

1900 5106 2115 5163 Patrem
2153 5110 2317 5165 dixit:
2348 5111 2532 5175 Pater,
2564 5112 2768 5164 dimitte
2793 5111 2935 5173 illis;
2990 5128 3088 5163 non
3113 5114 3247 5166 enim
3289 5116 3457 5169 sciunt

229 5217 308 5271 οὐ
338 5212 448 5282 γὰρ
474 5210 646 5262 ἴσασι
678 5206 734 5258 τί
761 5203 1023 5256 ποιοῦσι.
1059 5200 1214 5262 Τίνος
1241 5197 1398 5268 χάριν
1433 5196 1679 5265 γνωστὴν
1707 5211 1798 5262 γε-

1902 5205 2027 5274 quid
2056 5204 2335 5274 faciunt“.
2395 5204 2563 5268 Quam
2600 5204 2669 5256 ob
2709 5219 2925 5257 causam
2976 5204 3088 5257 vult
3125 5214 3309 5258 notam
3340 5206 3455 5260 ﬁeri

231 5305 426 5361 νέσθαι
459 5302 556 5371 τὴν
585 5298 861 5367 ἐκδίκησιν
896 5298 1007 5357 τοῖς
1046 5294 1219 5346 ἔθνεσι
1256 5290 1538 5361 βούλεται;
1575 5289 1796 5357 Ἐπειδὴ

1904 5293 2156 5364 gentibus
2200 5294 2499 5348 ultionem?
2539 5293 2675 5359 Quia
2718 5307 2903 5349 contra
2953 5297 3223 5351 daemones
3279 5296 3456 5353 futura

232 5398 381 5451 κατὰ
425 5394 692 5463 δαιμόνων
735 5388 947 5459 ἔμελλε,
999 5386 1104 5437 τῶν
1148 5387 1209 5437 τὸ
1258 5379 1396 5453 αἷμα
1439 5379 1659 5452 (δηλαδὴ
1700 5380 1798 5442 τὰς

1905 5394 2041 5449 erat,
2076 5384 2167 5452 qui
2196 5386 2514 5454 sanguinem
2548 5385 2776 5454 (Scilicet
2800 5387 3030 5449 animas)
3059 5402 3341 5441 servorum
3366 5388 3458 5442 Dei

234 5489 436 5559 ψυχὰς)
460 5486 566 5539 τῶν
589 5483 793 5537 δούλων
823 5480 918 5533 τοῦ
947 5479 1082 5531 Θεοῦ
1110 5478 1267 5547 (φησὶ
1286 5476 1341 5529 δὲ
1368 5476 1476 5528 τῶν
1515 5471 1798 5540 Ἰουδαίων)

1901 5474 2054 5545 (dicit
2084 5483 2264 5528 autem
2292 5472 2626 5534 Judaaorum)
2659 5489 2753 5543 per
2798 5474 3153 5528 idololatriam
3195 5489 3456 5542 corrupe-

237 5578 328 5633 διὰ
354 5578 452 5647 τῆς
492 5573 927 5641 εἰδωλολατρίας,
958 5568 1353 5639 λυμηναμένων
1397 5564 1669 5634 γενέσθαι.
1706 5564 1801 5626 Τίς

1902 5574 2040 5620 rant.
2075 5566 2333 5631 Qutenam
2361 5576 2541 5619 autem
2577 5576 2695 5619 erat
2731 5566 2833 5619 ista
2870 5565 3034 5619 ultio?
3057 5566 3242 5633 utique
3289 5564 3456 5617 idolo-

238 5672 297 5724 δὲ
326 5666 393 5740 ἦν
415 5668 691 5731 ἐκδίκησις
715 5683 729 5731 ;
764 5664 826 5717 'H
857 5663 964 5716 τῶν
994 5662 1224 5714 εἰδώλων
1242 5657 1612 5728 καταστροφὴ,
1643 5658 1671 5709 ό
1694 5654 1802 5708 τῶν

1901 5670 2020 5708 rum
2054 5654 2287 5718 eversio,
2343 5654 2735 5707 diabolicorum
2771 5653 3096 5721 templorum
3152 5651 3454 5705 succensio.

241 5758 560 5816 διαϐολικῶν
586 5758 729 5810 ναῶν
759 5752 1109 5825 ἐμπρησμὸς.

316 5850 361 5882 ⁸³
389 5848 577 5903 Matth.
612 5863 780 5907 xxvn,
804 5844 895 5898 25.
970 5843 1014 5873 ⁸⁵
1045 5839 1235 5895 Matth.
1269 5852 1389 5903 vni,
1420 5835 1509 5890 22.
1584 5835 1631 5869 ⁸⁸
1656 5832 1820 5889 llebr.
1858 5846 1896 5895 ι,

973 5843 1014 5873 ³⁵
1045 5839 1235 5895 Matth.
1269 5852 1389 5903 vni,
1420 5835 1509 5890 22.
1584 5835 1631 5869 ⁸⁸
1656 5832 1820 5889 llebr.
1858 5846 1896 5895 ι,
1927 5829 1979 5883 3.
2055 5830 2100 5860 θσ
2132 5826 2261 5883 Luc.
2294 5844 2443 5891 xxiii,
2478 5828 2565 5882 54.
