4032 6430
631 392 768 458 1255

695 592 816 647 Non
844 590 953 659 jam
984 586 1191 640 vicinos
1223 580 1468 636 homines
1492 578 1809 649 appellavit:
1843 593 2019 647 neque
2049 577 2194 630 enim

630 684 763 754 ipsis
811 678 1118 750 septuplum
1171 672 1401 728 retribui
1457 670 1806 741 postulasset,
1863 684 1986 723 cum
2034 668 2198 722 sciret

631 776 749 830 haec
776 774 1014 844 judicem
1056 783 1163 822 non
1223 765 1608 819 admissurum.
1651 761 1747 815 Vel
1812 762 2082 830 quomodo
2130 758 2196 811 ad

632 866 810 935 ipsum
834 861 1144 931 psallisset:
1177 855 1313 919 Quia
1344 866 1399 906 tu
1421 854 1603 906 reddes
1625 852 1899 920 unicuique
1918 850 2198 903 secundum

633 934 788 1023 opera
814 951 966 1005 sua"
991 948 1013 1001 ί
1043 947 1242 1014 Utique
1274 958 1401 1012 ergo
1438 942 1506 995 de
1541 940 1878 994 daemonibus
1936 937 2095 991 dicit:
2135 934 2197 987 lli

633 1046 775 1099 enim
801 1042 1109 1109 septnplum
1142 1034 1336 1089 merito
1372 1032 1661 1101 recipiunt,
1687 1039 1874 1098 utpote
1895 1043 2017 1082 cum
2044 1026 2200 1081 nobis

632 1145 826 1193 natura
851 1128 1253 1202 praestantiores
1282 1126 1629 1185 exsistentes,
1673 1138 1703 1176 e
1736 1122 1874 1182 coelo
1929 1118 2197 1173 deturbati

632 1227 764 1289 sint,
791 1235 844 1278 et
874 1238 941 1276 ne
970 1222 1050 1276 sic
1091 1221 1308 1289 quidem
1362 1217 1619 1279 meliores
1666 1213 1883 1268 ell'ecti:
1934 1211 2202 1279 siquidem

636 1328 834 1371 terram
866 1310 1365 1367 machinationibus
1388 1308 1502 1361 suis
1529 1306 1873 1376 perturbant,
1914 1312 1969 1356 et
1997 1318 2068 1356 ne
2102 1301 2203 1355 soli

633 1414 882 1479 peccent,
915 1421 1011 1459 nos
1033 1419 1249 1473 quoque
1271 1403 1335 1455 ad
1358 1399 1691 1470 peccandum
1726 1397 2013 1457 inducunt,
2042 1404 2203 1463 atque

636 1498 864 1565 insuper
891 1494 1084 1555 Deum,
1118 1492 1246 1547 dum
1276 1492 1455 1560 imago
1501 1490 1619 1556 ejus
1654 1487 1881 1549 corruit,
1939 1485 2203 1554 quodam-

637 1589 799 1643 modo
831 1587 1122 1640 lacessunt.
1155 1584 1471 1638 Universam
1495 1580 1629 1634 dicit
1657 1578 2072 1633 humanitatem.
2095 1575 2204 1629 Nos

636 1680 784 1734 enim
808 1692 1043 1748 superne
1075 1675 1300 1746 dejectis
1320 1673 1655 1728 daemonibus
1684 1686 1986 1741 opponens,
2032 1686 2205 1739 popu-

639 1773 751 1827 lum
785 1772 875 1825 Dei
902 1780 957 1825 et
990 1786 1147 1824 ovem
1195 1784 1408 1839 pascua:
1447 1766 1566 1835 ejus
1614 1766 1892 1819 hominem
1948 1763 2200 1833 appellat.

1805 383 2161 443 HESYCHII
2205 381 2680 443 ‘PRESBYTERI

698 502 865 556 Vatis.
907 496 990 552 l2.
1042 513 1060 546 ι
1098 491 1287 548 Redde
1332 489 1527 545 vicinis
1564 486 1771 561 nostris
1808 488 2138 557 septuplum.
2173 504 2190 537 ι
2226 498 2269 551 Α

3680 385 3781 453 1256

2372 504 2391 538 ε
2439 485 2659 546 Ἀπόδος
2691 484 2801 545 τοῖς
2833 481 3071 550 γείτοσιν
3104 480 3260 551 ἡμῶν
3291 481 3678 542 ἑπταπλασίονα.
3715 512 3730 543 ι

2366 577 2499 630 Οὐδὲ
2529 576 2623 629 νῦν
2655 576 2903 644 γείτονας
2934 573 3258 646 ἀνθρώπους
3290 578 3719 648 ’προσηγόρευσεν⁸
3743 592 3787 641 o3

2296 671 2405 739 γὰρ
2437 670 2502 723 ἂν
2526 669 2711 732 αὐτοῖς
2758 667 3164 722 ἑπταπλασίονα
3201 667 3524 737 γεγενῆσθαι
3553 673 3791 745 ἐπηύξατο,

2297 761 2449 825 εἰδὼς
2490 762 2697 815 τούτων
2735 761 2826 814 τὸν
2869 762 3063 832 κριτὴν
3101 762 3201 814 οὐκ
3248 762 3578 831 ἀνεχόμενον.
3619 770 3677 820 'll
3707 772 3795 835 πῶς

2298 850 2429 921 πρὸς
2460 851 2621 904 αὐτὸν
2653 851 2911 920 ἔψαλλεν·
2962 853 3089 904 Ὅτι
3128 852 3209 904 σὺ
3257 852 3577 919 ἀποδώσεις·
3610 856 3799 929 ἑκάστῳ

2298 942 2447 996 κατὰ
2480 945 2551 996 τὰ
2589 942 2733 1011 ἔργα
2769 943 2955 997 αὐτοῦ
2981 959 2999 1007 ;
3029 944 3173 1014 Ἀρα
3199 945 3380 996 τοίνυν
3422 946 3542 1016 περὶ
3579 948 3799 1018 δαιμόνων

2298 1035 2476 1103 λέγει·
2506 1028 2651 1088 οὗτοι
2686 1035 2792 1106 γὰρ
2820 1036 3225 1089 ἑπταπλασίονα
3279 1035 3500 1099 δικαίως
3533 1039 3800 1111 ἀπολαμϐά-

2298 1142 2499 1190 νουσιν,
2537 1124 2614 1188 ὼς
2634 1127 2940 1197 κρείττονος
2976 1127 3072 1197 μὲν
3108 1128 3142 1198 ἢ
3194 1129 3318 1180 καθ’
3348 1131 3489 1198 ἡμᾶς
3515 1129 3801 1203 ὑπάρχοντας

2301 1216 2532 1285 φύσεως,
2581 1218 2825 1289 ῥιφέντες
2866 1218 2921 1271 δὲ
2960 1219 3019 1283 ἐξ
3066 1218 3321 1290 οὐρανοῦ,
3373 1222 3465 1273 καὶ
3515 1223 3637 1291 μηδέ
3671 1226 3803 1289 οὕτως

2298 1310 2585 1376 γεγονότες
2620 1310 3075 1381 σωφρονέστεροι⁹
3123 1311 3261 1364 ἀλλά
3306 1311 3406 1382 τὴν
3457 1314 3552 1382 γῆν
3592 1317 3678 1383 μὲν
3715 1324 3803 1383 ταῖς

2300 1404 2565 1466 ἐπινοίαις
2592 1403 2986 1475 ταράσσοντες,
3028 1404 3100 1474 μὴ
3149 1406 3302 1474 μόνοι
3346 1406 3402 1457 δὲ
3439 1407 3803 1477 ἁμαρτάνοντες,

2302 1493 2439 1546 ἀλλὰ
2482 1495 2577 1547 καὶ
2624 1496 2769 1564 ἡμᾶς
2827 1495 3159 1566 ἁμαρτάνειν
3222 1497 3530 1565 ἐνάγοντες,
3579 1500 3662 1553 καὶ
3706 1505 3806 1572 πρὸς

2301 1584 2511 1647 τούτοις
2543 1584 2633 1640 τὸν
2666 1585 2797 1639 Θεὸν
2817 1627 2833 1651 ,
2865 1587 2941 1649 ὡς
2982 1587 3081 1658 τῆς
3118 1588 3285 1640 αὑτοῦ
3336 1592 3728 1662 παραπεσοόσης
3751 1597 3806 1646 εί-

2301 1676 2477 1739 κόνος,
2499 1676 2866 1740 ὀνειδίζοντες.
2894 1679 3079 1732 Πᾶσαν
3117 1678 3268 1746 λέγει
3309 1682 3410 1748 τὴν
3454 1680 3805 1751 ἀνθρωπότητα.

2316 1768 2673 1821 Ἀντιτάττων
2710 1768 2819 1839 γὰρ
2848 1770 3001 1851 ,ἡμᾶς
3043 1770 3180 1838 πρὸς
3212 1771 3342 1830 τοὺς
3384 1770 3584 1822 ἄνωθεν
3620 1790 3810 1842 καταρι.

638 1863 707 1917 Ει
734 1877 830 1915 cur
866 1876 1079 1929 pascuae
1101 1859 1220 1927 ejus
1251 1856 1418 1912 oves?
1444 1855 1578 1919 Quia
1614 1853 1869 1906 nimirum
1894 1866 1994 1905 nos
2018 1851 2203 1905 ﬁdeles

2234 1866 2275 1943 Β
2304 1860 2534 1930 χθέντας
2574 1860 2855 1930 δαίμονας,
2900 1862 3025 1915 λαὸν
3069 1861 3203 1913 Θεοῦ
3248 1862 3344 1914 κα)⁵
3382 1862 3637 1931 πρόὸατον
3681 1866 3806 1936 νομῆς

640 1954 759 2024 ipso
787 1954 1083 2023 pascimur,
1114 1951 1245 2005 dum
1270 1954 1606 2003 sacramenta
1632 1944 1919 1998 sumimus.

1126 2256 1438 2314 PSALMUS
1478 2254 1713 2310 LXXIX.

717 2354 873 2410 Vens.
903 2352 958 2407 2.
1003 2368 1021 2402 ι
1059 2350 1161 2417 Qui
1196 2349 1338 2420 regis
1364 2348 1542 2409 Israel,
1574 2346 1843 2400 intende.»

716 2448 904 2502 Pastor
966 2445 1054 2501 hic
1106 2443 1320 2497 lsraelis
1365 2456 1475 2495 non
1511 2439 1648 2494 alius
1672 2446 1754 2493 est
1812 2450 1971 2505 quam
2020 2434 2065 2487 is
2113 2432 2203 2503 qui

644 2540 808 2595 dicit:
858 2539 971 2611 Ego
1022 2543 1139 2591 sum
1192 2545 1371 2603 pastor
1417 2532 1660 2597 bonus”,
1703 2544 1929 2600 pascens
1980 2542 2073 2582 eos
2112 2525 2204 2596 qui

645 2642 885 2687 mentem
927 2631 1127 2685 habent
1162 2629 1329 2682 Deum
1374 2627 1671 2680 videntem.

715 2723 875 2779 Vens.
917 2722 971 2776 5.
1010 2739 1028 2771 ι
1067 2719 1249 2774 Excita
1277 2719 1574 2788 potentiam
1608 2725 1772 2780 tuam,
1797 2724 1850 2769 et
1875 2712 2021 2768 veni.
2062 2730 2081 2763 ι

721 2813 987 2883 Propheta
1016 2812 1164 2865 hunc
1196 2786 1591 2863 ser—monem.in
1645 2821 1933 2877 progressu
1975 2802 2207 2858 reddidit

646 2902 1111 2966 manifestiorem,
1166 2898 1450 2955 declarans
1496 2897 1769 2967 quomodo
1815 2903 1870 2950 et
1919 2910 2080 2964 quam
2137 2893 2207 2947 ob

649 3011 867 3051 causam
902 3002 1165 3048 venturus
1188 3001 1332 3046 esset
1359 2990 1636 3044 Christus:
1684 3003 1781 3042 nos
1835 2986 1981 3042 enim
2018 3000 2206 3041 sumus

650 3102 813 3142 causa
870 3085 1139 3139 adventus
1182 3084 1334 3153 ejus,
1389 3091 1446 3136 ut
1496 3097 1597 3135 nos
1649 3087 1993 3135 converteret
2042 3089 2205 3147 atque

651 3177 988 3231 emendaret.
1036 3173 1227 3227 Modus
1266 3180 1448 3225 autent
1496 3170 1850 3240 apparitionis
1887 3166 2206 3222 manifestus

651 3278 756 3331 est,
797 3276 856 3321 ut
879 3266 1016 3321 facie
1047 3265 1116 3319 ad
1144 3264 1333 3318 faciem
1358 3263 1534 3331 ipsum
1566 3262 1864 3327 videamus,
1892 3276 2001 3315 non
2057 3259 2211 3313 aliter

652 3360 840 3427 utique
872 3356 1137 3420 salvandi,
1173 3353 1279 3408 nisi
1307 3354 1446 3407 hanc
1468 3352 1664 3407 faciem
1704 3352 1863 3406 nobis
1892 3350 2210 3404 manifesta-

652 3450 810 3505 verit.

722 3562 889 3619 Vens.
924 3564 974 3616 7.
1004 3583 1023 3615 ι
1060 3562 1294 3617 Posuisti
1334 3576 1434 3616 nos
1459 3561 1512 3615 in
1540 3557 2025 3615 contradictionem
2075 3554 2211 3611 vici-

652 3659 758 3713 nis.
799 3676 818 3709 ι

724 3746 913 3802 Eidem
974 3746 1177 3801 insistit
1220 3746 1542 3815 precationi,
1588 3751 1647 3797 ut
1704 3743 1956 3799 ostendat
2009 3747 2213 3810 quanta

654 3842 774 3911 ejus
807 3841 877 3895 sit
901 3839 1234 3903 necessitas;
1263 3838 1532 3906 simrulque
1564 3852 1663 3890 nos
1694 3836 1923 3899 erudiat,
1974 3850 2043 3889 ne
2092 3833 2213 3887 ani-

656 3950 806 3990 mum
841 3934 1297 4002 despondeamus,
1343 3932 1558 4001 quando
1600 3946 1708 3985 non
1742 3927 2125 3996 consequimur
2162 3925 2214 3979 id

653 4025 798 4095 quod
828 4024 1095 4093 petimus;
1144 4022 1239 4077 sed
1297 4036 1737 4092 perseveremus;
1801 4020 2023 4072 omnino
2070 4016 2215 4071 enim

654 4119 1046 4174 obtinebimus.

724 4231 889 4285 Vnus.
925 4231 1011 4285 15.
1049 4248 1067 4281 ι
1098 4228 1241 4284 Deus
1261 4230 1544 4292 virtutum,
1580 4237 1920 4283 convertere.
1970 4245 1988 4277 ι

726 4320 1178 4390 Quandoquidem
1203 4321 1348 4376 enim
1379 4336 1555 4390 neque
1587 4321 1671 4375 lex
1720 4337 1898 4391 neque
1942 4321 2218 4391 prOphetaa

652 4412 912 4469 Israelem
938 4413 1324 4479 converterint,
1366 4413 1673 4468 necessario
1714 4416 2010 4485 ipsummet
2060 4415 2217 4469 Chri-

653 4516 799 4561 stum
834 4514 987 4577 rogat
1019 4512 1079 4559 ut
1101 4515 1469 4559 convertatur.

730 4641 749 4673 ι
782 4620 951 4675 Visita
982 4620 1197 4674 vineam
1227 4629 1401 4674 Istam.
1442 4639 1460 4671 ι

723 4711 1169 4780 Quandoquidem
1236 4711 1545 4767 .ludaeorum
1624 4711 1959 4785 Synagogam
2039 4707 2242 4771 vineze'

652 4814 1087 4873 comparaverat,
1122 4806 1431 4859 necessario
1447 4805 1607 4860 etiam
1632 4807 1863 4876 partitur
1887 4807 2212 4873 orationem,

653 4896 978 4965 quandoque
1009 4894 1227 4962 quidem
1264 4894 1329 4947 ad
1352 4894 1635 4965 imaginem
1675 4896 1939 4958 referens.
1971 4896 2215 4965 quando-

653 5002 760 5055 que
790 5002 918 5040 vero
965 4985 1028 5037 ad
1063 4984 1181 5037 illos
1208 4995 1431 5054 propter
1488 5001 1621 5054 quos
1683 4986 1970 5057 imaginem
2004 5004 2214 5043 assum-

658 5076 788 5145 psit.
812 5074 1121 5128 Judzeorum
1154 5074 1315 5144 igitur
1343 5076 1521 5137 vinea,
1570 5076 1620 5130 id
1646 5086 1729 5131 est
1759 5077 2056 5148 Synagoga,
2104 5078 2217 5148 igni

657 5180 919 5221 succensa
960 5165 1083 5230 fuit,
1132 5165 1223 5219 illo
1266 5182 1463 5235 nempe
1495 5167 1561 5221 de
1610 5185 1717 5237 quo
1754 5169 2003 5224 Christus
2052 5172 2213 5227 dixit:

666 5256 846 5326 Ignem
866 5259 978 5311 vem’
1008 5259 1213 5312 mittere
1250 5261 1303 5313 in
1334 5270 1566 5315 terram:
1610 5273 1656 5316 et
1688 5265 1813 5334 quid
1841 5264 1974 5329 volo,
2036 5267 2135 5319 nisi
2162 5276 2218 5319 ut

658 5352 1063 5405 accendatur”?
1080 5350 1286 5407 Idcirco
1310 5354 1445 5423 ignis
1470 5356 1722 5423 injectus,
1761 5367 1813 5411 et
1840 5357 2066 5413 suffossa
2091 5367 2174 5413 est
2199 5375 2215 5424 ;

658 5450 719 5496 ut
742 5458 839 5512 per
868 5442 1251 5497 suﬁ‘ossionem
1281 5445 1624 5515 detegeretur
1652 5447 1707 5500 in
1748 5447 1836 5501 illa
1870 5449 2041 5503 latens
2092 5448 2219 5502 fun-

659 5535 1000 5599 damentum,
1032 5536 1100 5589 de
1127 5551 1238 5605 quo
1283 5535 1450 5591 Isaias
1489 5538 1592 5591 ait:
1633 5538 1763 5593 Ecce
1794 5556 1885 5608 ego
1931 5541 2215 5594 immittam

661 5622 717 5673 in
772 5622 1115 5693 fundamenta
1169 5622 1299 5679 Sion
1344 5624 1573 5693 lapidem
1623 5629 1925 5696 pretiosum,
1974 5629 2215 5696 electum,

732 5818 777 5853 9"
801 5819 940 5877 Psal.
971 5835 1079 5888 LVI,
1117 5822 1202 5878 i3.
1276 5824 1323 5857 "
1352 5822 1507 5879 Joan.
1546 5841 1597 5890 ι,
1624 5824 1704 5879 Η.
1783 5827 1828 5858 "
1860 5824 1987 5880 Luc.
2018 5843 2113 5889 xu,
2144 5826 2228 5882 49.

2309 1952 2471 2006 αὑτοῦ
2498 1953 2897 2024 προσαγορεύει
2932 1953 3024 2006 τὸν
3070 1953 3381 2025 ἄνθρωπον.
3418 1956 3522 2006 Καὶ
3545 1955 3671 2018 τίνος
3690 1959 3808 2027 χάριν

2308 2046 2478 2115 νομῆς
2514 2044 2679 2098 αὐτοῦ
2713 2045 2997 2117 πρόϐατα;
3032 2046 3253 2116 Ἐπειδὴ
3299 2046 3462 2099 αὑτὸν
3493 2048 3541 2098 oi
3582 2049 3732 2100 πιστοὶ
3761 2052 3804 2119 τῇ

2312 2136 2607 2208 μεταλήψει
2638 2138 2747 2190 τῶν
2779 2138 3092 2207 μυστηρίων
3118 2138 3419 2207 νεμόμεθα.

2860 2254 3149 2307 ΨΑΛΜΟΣ
3196 2254 3325 2310 03'.

2385 2362 2402 2394 ι
2458 2344 2514 2397 '0
2542 2343 2843 2413 ποιμαίνων
2862 2345 2951 2398 τὸν
2988 2346 3224 2416 Ἰσραὴλ,
3265 2349 3527 2416 πρόσχες.
3568 2367 3583 2398 ι

2391 2437 2451 2489 Ὀ
2475 2436 2680 2508 ποιμὴν
2705 2431 2860 2500 οὗτος
2880 2437 2974 2490 τοῦ
3026 2437 3244 2509 Ἰσραὴλ
3284 2438 3388 2489 οὐκ
3420 2439 3571 2501 ἄλλος
3602 2439 3723 2490 ἐστὶν
3740 2439 3798 2491 τοῦ

2311 2529 2584 2590 είπόντος·
2626 2529 2764 2596 Ἐγώ
2810 2532 2922 2597 εἰμι
2952 2532 2986 2582 ό
3020 2529 3251 2597 ποιμὴν
3280 2533 3314 2583 ό
3344 2532 3549 2596 καλὸς,
3596 2532 3799 2601 ὁποιμιί-

2310 2637 2415 2671 νων
2438 2620 2561 2681 τοὺς
2592 2618 2813 2689 ἔχοντας
2836 2618 2959 2671 νοῦν
2988 2618 3261 2689 βλέποντα
3290 2619 3382 2671 τὸν
3410 2620 3554 2671 Θεόν.

2385 2727 2404 2760 ι
2452 2710 2753 2781 Ἐξέγειρον
2776 2710 2873 2779 τὴν
2911 2710 3232 2763 δυναστείαν
3275 2728 3391 2775 σου,
3429 2714 3519 2764 καὶ
3548 2710 3713 2764 ἐλθέ.»

2380 2802 2579 2855 Τοῦτον
2614 2802 2705 2855 τὸν
2745 2802 2899 2870 λόγον
2938 2801 3147 2874 προῖὼν
3185 2806 3213 2856 6
3258 2806 3542 2873 προφήτης
3575 2804 3801 2874 διεσάφησε

2311 2893 2515 2957 πλεῖον,
2546 2894 2720 2966 δηλῶν
2742 2894 2856 2960 πῶς
2882 2897 2978 2950 καὶ
3013 2897 3099 2949 διὰ
3130 2896 3183 2949 τί
3213 2896 3399 2968 μέλλει
3427 2898 3801 2968 παραγίνεσθαιό

2309 2987 2562 3055 Χριστός.
2625 2989 2815 3056 Ἡμεῖς
2854 2989 2962 3060 γὰρ
3012 2990 3163 3044 αίτία
3215 2989 3390 3059 ἐσμὲν
3430 2990 3519 3057 τῆς
3572 2990 3802 3060 παρουσίας

2311 3077 2497 3140 αὑτοῦ,
2533 3080 2619 3132 ἴνα
2641 3080 2938 3150 ἐπιστρέψῃ
2962 3082 3056 3133 καὶ
3085 3080 3361 3153 διορθὼσῃ
3397 3082 3555 3150 ἡμᾶς.
3591 3081 3639 3133 Ὀ
3657 3081 3700 3132 δὲ
3719 3083 3803 3150 τρία

2314 3190 2413 3236 πος
2441 3172 2540 3244 τῆς
2560 3174 2865 3245 παρουσίας
2889 3174 3047 3245 δῆλός
3079 3176 3251 3239 ἐστιν,
3298 3176 3385 3227 ἵνα
3413 3175 3671 3246 βλέπωμεν
3687 3175 3801 3225 αὑτὸν

2316 3265 2603 3335 πρόσωπον
2646 3267 2781 3338 πρὸς
2816 3266 3132 3337 πρόσωπον,
3176 3269 3279 3321 οὐκ
3322 3268 3495 3332 ἄλλως
3532 3268 3702 3338 δηλαδὴ
3728 3284 3800 3318 σω-

2313 3355 2516 3422 θέντες,
2553 3357 2601 3409 εί
2647 3358 2720 3428 μή
2752 3374 2857 3428 περ
2877 3357 3033 3410 τοῦτο
3056 3360 3189 3429 ἡμῖν
3228 3358 3293 3410 τὸ
3352 3358 3628 3428 πρόσωπον
3662 3360 3803 3427 ἐνεφα-

2313 3446 2506 3511 νίζετο.

2389 3577 2409 3612 ι
2449 3561 2608 3615 Ἐθου
2634 3563 2779 3633 ἡμᾶς
2804 3566 2881 3625 είς
2907 3562 3214 3630 ἀντιλογίαν
3236 3566 3352 3626 τοῖς
3374 3564 3619 3633 γείτοσιν.
3644 3582 3659 3613 ι

2390 3752 2501 3821 Τῆς
2532 3754 2700 3823 αὐτῆς
2741 3754 2923 3824 ἔχεται
2959 3757 3276 3827 πρεσϐείας,
3310 3759 3396 3813 ἵνα
3426 3759 3580 3813 πόσον
3618 3754 3781 3823 atavi

2313 3844 2606 3911 ἀναγκαῖον
2644 3846 2943 3916 ἐνδείξηται
2965 3864 2980 3880 ’
3012 3847 3146 3917 ὁμοῦ
3182 3848 3239 3901 δέ
3286 3853 3380 3902 καὶ
3404 3852 3545 3920 ἡμᾶς
3581 3848 3780 3908 παιδεύων,

2317 3937 2391 4007 μὴ
2434 3937 2713 4007 ὀλιγωρεῖν
2752 3940 3124 4010 ἀποτυχόντας
3157 3942 3322 4012 εὐχῆς
3351 3959 3364 3971 ’
3406 3942 3517 3994 ἀλλ’
3554 3940 3785 4008 ἐπιμένειν·

2315 4030 2531 4095 πάντως
2556 4032 2664 4103 γὰρ
2698 4032 2779 4085 ὃτι
2802 4033 3125 4103 τευξόμεθα.

2391 4250 2411 4285 ι
2451 4232 2508 4284 Ὀ
2531 4232 2662 4296 Θεὸς
2691 4234 2800 4286 τῶν
2821 4233 3119 4303 δυνάμεων,
3148 4236 3493 4307 ἐπίστρεψον.
3522 4259 3537 4291 ι

2398 4322 2619 4393 Ἐπειδὴ
2640 4324 2748 4395 γὰρ
2771 4324 2893 4378 οὔτε
2923 4328 2952 4379 ὁ
2974 4327 3135 4394 νόμος
3159 4330 3253 4382 τὸν
3288 4331 3499 4401 Ἰσραὴλ
3519 4330 3624 4383 οὔτε
3648 4326 3799 4398 προφῆ-

2314 4431 2402 4467 ται
2435 4415 2803 4486 ὲπέστρεψαν,
2827 4420 3142 4487 ἀναγκαίως
3163 4422 3328 4475 αὐτὸν
3346 4424 3647 4492 ἐπιστρέψαι
3671 4436 3799 4490 παρα⁸

2320 4505 2475 4561 καλεί
2503 4507 2596 4559 τὸν
2623 4509 2876 4577 Χριστόν.

2396 4642 2415 4674 ι
2445 4624 2553 4676 Καὶ
2579 4624 2874 4695 ἐπίσκεψαι
2902 4628 3002 4697 τὴν
3030 4627 3276 4698 ἄμπελον
3305 4629 3523 4699 ταύτην.
3569 4649 3585 4680 ι

2400 4713 2618 4786 Ἐπειδὴ
2666 4718 2896 4789 ἀμπέλῳ
2936 4720 3034 4789 τὴν
3080 4721 3187 4774 τῶν
3233 4722 3499 4776 Ἰουδαίων
3546 4706 3802 4785 Συντιιγωγίῖῆί

2321 4807 2654 4878 συνέκρινεν,
2689 4811 3005 4879 ἀναγκαίως
3037 4816 3129 4867 καὶ
3173 4818 3389 4887 μερίζει
3414 4819 3497 4870 τὸν
3534 4816 3682 4883 λόγον,
3708 4812 3797 4865 ποτὲ

2324 4899 2426 4969 μὲν
2454 4900 2591 4970 πρὸς
2616 4901 2714 4971 τὴν
2748 4904 2951 4967 είκόνα,
2987 4906 3117 4958 ποτέ
3152 4907 3207 4959 δὲ
3248 4910 3384 4979 πρὸς
3411 4908 3611 4968 τούτους
3660 4895 3800 4972 ὲφόἷς

2323 4994 2419 5060 τὴν
2466 4993 2650 5046 εἰκόνα
2724 4996 3053 5067 παρέλαϐεν.
3123 4999 3472 5071 Ἐνεπυρίσθη
3522 5002 3673 5054 τοίνυν
3706 4996 3797 5065 πυρὶ

2325 5084 2358 5151 ἡ
2402 5082 2509 5136 τῶν
2565 5083 2838 5138 Ἰουδαίων
2878 5086 3153 5157 ἄμπελος,
3210 5094 3479 5145 τουτέστιν
3518 5094 3545 5160 ἡ
3593 5090 3681 5141 τῶν
3707 5088 3796 5139 ’1ουο

2324 5173 2488 5227 δαίων
2541 5175 2862 5248 Συναγωγὴ,
2912 5183 3105 5247 ἐκείνῳ
3146 5184 3202 5236 δέ
3260 5188 3385 5257 περὶ
3436 5179 3491 5237 οὗ
3552 5186 3578 5236 6
3622 5181 3794 5251 Χριστὸς

2325 5266 2477 5335 ἔλεγε
2502 5282 2517 5299 ·
2577 5268 2703 5336 Πῦρ
2760 5267 2952 5340 ἦλθον
2985 5273 3205 5337 ,βαλεῖν
3244 5281 3332 5342 εἰς
3358 5278 3465 5344 τὴν
3504 5275 3632 5346 γῆν·
3660 5271 3733 5325 καί
3759 5268 3796 5320 τί

2325 5357 2494 5419 θέλω,
2531 5361 2582 5412 εί
2616 5360 2732 5428 ἤδη
2776 5361 3054 5432 dﬂigam];
3093 5367 3294 5420 Τούτου
3323 5369 3376 5421 δὲ
3398 5369 3539 5439 χάριν
3572 5364 3729 5433 ἐϐλήθη
3754 5360 3794 5409 τὸ

2323 5448 2431 5517 πῦρ
2456 5491 2469 5514 ,
2503 5452 2597 5504 καὶ
2634 5453 2915 5525 ἀνεσκάφη
2943 5495 2957 5518 ,
3008 5457 3093 5509 ἵνα
3134 5460 3527 5529 ἀνασκαφείσης
3562 5456 3699 5525 αὐτῆς
3725 5468 3795 5519 τυ·

2328 5542 2510 5612 μνωθῇ
2558 5544 2585 5595 6
2619 5544 2676 5595 ὲν
2718 5545 2853 5616 αὐτῇ
2888 5551 3272 5620 κεκρυμμένος
3319 5552 3575 5623 θεμέλιος,
3614 5547 3712 5616 περὶ
3750 5532 3794 5593 οὗ

2341 5634 2569 5699 Ἥσαῖας
2601 5636 2805 5705 ἐλεγενο
2837 5638 2983 5694 Ἰδοὺ
3007 5641 3123 5708 ἐγὼ
3140 5644 3408 5713 ἐμϐάλλει)
3434 5647 3511 5711 είς
3536 5643 3593 5697 τὰ
3616 5633 3793 5709 θεμέλιά
