3962 6408
618 377 753 443 1259
1804 373 2164 437 HESYCHII
2214 370 2691 433 PRESBYTERI
3694 376 3789 439 19550

612 493 923 560 sacerdoti;
965 494 1264 564 quorumin
1303 492 1423 548 aliis
1463 501 1668 547 tantam
1698 493 1967 547 rationem
2006 490 2173 545 habet

2229 493 2273 550 Α
2301 488 2442 557 ἱερεῖ
2460 502 2473 517 ·
2496 480 2572 538 ὧν
2595 483 2856 538 τοσοῦτον
2888 483 3125 536 ποιεῖται
3167 481 3225 535 ἐν
3258 478 3440 544 ἄλλοις
3465 481 3623 551 λόγον,
3645 488 3720 538 καί
3743 496 3793 559 μὴ

616 597 673 642 ut
705 586 868 641 etiam
900 586 1144 653 mandet,
1180 601 1249 640 ne
1288 586 1455 641 ullum
1517 585 1652 655 ipsis
1681 585 1940 639 damnum
1988 582 2180 637 iniera-

2295 575 2792 646 παρασλόιπτεσθαι
2860 573 3061 637 αὐτοὺς
3146 574 3435 644 παρεγγυᾷ
3490 573 3675 642 λέγων·
3726 580 3791 645 Μὴ

620 674 729 745 tur,
790 679 977 734 (licens
1018 697 1033 734 :
1076 678 1252 732 Nolite
1281 689 1494 750 tangere
1541 678 1760 731 christos
1816 693 1977 740 meos,
2031 684 2081 729 et
2137 676 2184 729 in

2295 670 2558 725 ἅπτεσθε
2583 666 2705 722 τῶν
2730 668 2997 738 χριστῶν
3015 684 3157 737 μου,
3186 667 3282 722 καὶ
3307 666 3377 718 ἐν
3398 666 3517 733 τοῖς
3539 670 3800 738 προφήταις

616 768 879 837 prophetis
892 769 1028 822 meis
1046 769 1207 821 nolite
1227 768 1515 839 malignari
1532 770 1573 833 ⁸;
1594 768 1688 822 sed
1708 767 1914 837 pupillo
1932 776 1985 821 et
1999 781 2180 836 egeno.

2289 778 2407 831 μου
2437 760 2524 830 μὴ
2583 762 3026 828 πον-ηρεύεσθεο
3068 758 3186 815 ἀλλ’
3237 759 3458 829 ὀρφανῷ
3504 762 3589 813 καὶ
3630 765 3800 833 πτωχῷ,

618 858 810 912 humili
842 872 906 912 ac
962 857 1207 927 pauperi.
1257 858 1337 912 Ad
1386 858 1555 927 quid?
1615 856 1756 923 Quia
1809 856 1916 910 illis
1970 856 2182 925 quidem

2292 847 2537 917 ταπεινῷ
2572 849 2667 900 καὶ
2706 849 2921 918 πένητι.
2976 847 3078 899 Διὰ
3128 848 3213 912 τίς
3249 849 3375 901 Ὅτι
3421 848 3628 912 ἐκεινοις
3660 852 3739 920 μὲν
3762 854 3803 906 τὸ

618 947 842 1017 expedit
883 946 1139 1016 injuriam
1183 948 1331 1017 pati;
1369 947 1452 1001 his
1500 962 1631 1001 vero
1667 946 1921 1015 iniuriam
1968 944 2083 999 ﬁeri
2125 945 2182 1000 ot

2295 938 2602 991 ἀδικεῖσθαι
2635 939 2837 1010 πρέπει
2864 954 2879 969 ο
2919 938 3133 1002 τούτοις
3174 939 3230 992 δὲ
3255 939 3317 992 οὑ
3353 942 3577 1011 φορητὸν
3600 944 3802 1013 ἀδικηθῆ-

616 1041 790 1094 aetatis
816 1049 871 1094 et
891 1040 1228 1111 paupertatis
1256 1049 1540 1110 urgentem
1575 1039 2005 1094 imbecillitatem
2048 1039 2180 1094 into-

2292 1049 2381 1085 ναι
2436 1031 2527 1084 διά
2577 1032 2678 1101 τὴν
2728 1032 3089 1103 ἐπικειμένην
3146 1032 3207 1097 ἐξ
3250 1033 3471 1104 ἡλικίας
3512 1033 3542 1105 ἢ
3587 1038 3800 1106 πτωχείας

615 1131 836 1187 lerabile
868 1140 986 1187 est:
1012 1134 1159 1187 unde
1177 1132 1279 1187 hac
1298 1132 1352 1186 in
1392 1141 1546 1204 parte
1572 1131 1994 1203 legislatoripsis
2024 1130 2179 1202 magis

2293 1121 2602 1175 ἀσθένειαν’
2634 1122 2758 1177 ὅθεν
2780 1123 2961 1176 αὐτῶν
2993 1123 3397 1195 σφοδρότερονό
3425 1125 3692 1197 νομεθέτης
3716 1130 3800 1181 ἀντ·

615 1225 782 1280 favet.

2293 1214 2498 1283 έχεται.

681 1338 850 1394 Vens.
882 1338 938 1393 4.
970 1356 988 1389 ι
1018 1338 1229 1408 Eripite
1257 1352 1554 1408 pauperem
1585 1346 1641 1391 et
1665 1352 1917 1407 egenum.
1953 1354 1972 1388 ι

1856 1352 1917 1391 υ.
1953 1354 1972 1388 ι
2371 1343 2391 1378 ι
2444 1325 2729 1391 Ἐξέλεσθε
2753 1325 2966 1397 πένητα
2998 1325 3095 1379 xui.
3123 1328 3365 1396 πτωχόν.
3401 1346 3420 1379 ι

686 1428 968 1498 Tanquam
1005 1428 1073 1482 de
1123 1428 1256 1482 feris
1294 1426 1603 1496 agrestibus
1632 1425 1699 1480 ad
1738 1424 2059 1494 injustitiam
2108 1425 2194 1479 vel

2377 1416 2467 1481 Ὠς
2518 1417 2651 1487 περὶ
2699 1417 2904 1488 θηρίων
2954 1417 3165 1489 ἀγρίων
3209 1420 3320 1471 τῶν
3384 1420 3517 1488 πρὸς
3566 1420 3794 1492 ἀδικίανῆ

612 1518 903 1573 avaritiam
937 1519 1279 1573 inhiantibus
1301 1517 1537 1572 disserit.
1572 1517 1759 1586 Itaque
1780 1517 1873 1586 qui
1898 1532 2176 1587 paupereu

2294 1507 2610 1573 πλεονεξίαν
2664 1510 2961 1579 χαινόντων
3021 1509 3355 1579 διαλέγεται.
3424 1512 3617 1565 Οὐκοῦν
3662 1517 3685 1568 ό
3731 1517 3798 1585 μὲν

614 1609 895 1675 servat,-is
925 1609 1157 1679 pastoris
1191 1607 1510 1679 dignitatem
1542 1621 1606 1661 ac
1646 1606 1956 1660 mercedem
2004 1604 2178 1670 rcl‘ert,

2295 1597 2482 1664 σώζων
2539 1598 2631 1651 τὸν
2687 1599 2925 1668 πτωχὸν,
2996 1600 3261 1670 ποιμένος
3303 1600 3457 1665 ἀξίαν
3518 1605 3604 1655 καὶ
3651 1607 3794 1674 μισθὸν

614 1701 758 1755 illius
790 1702 1025 1766 scilicet,
1056 1702 1147 1770 qui
1179 1700 1535 1769 semetipsum
1571 1714 1670 1769 pro
1703 1698 1862 1752 nobis
1908 1696 2130 1751 tradens
2162 1713 2178 1751 ε

2294 1690 2676 1761 ἀποφέρεται,
2738 1691 2949 1743 ἐκείνου
3005 1688 3245 1761 δηλαδὴ,
3293 1690 3442 1755 ὅστις
3489 1694 3659 1747 ἑαυτὸν
3702 1697 3798 1768 ὑπὲρ

613 1794 993 1864 spiritualibus
1023 1809 1126 1849 nos
1182 1793 1316 1847 feris
1349 1792 1622 1847 liberavit.
1685 1791 1787 1858 Qui
1836 1807 1966 1847 vero
2023 1794 2177 1862 rapit

2294 1782 2453 1853 ήμῶν
2500 1782 2751 1848 δεδωκὼς
2802 1784 2866 1836 ἐκ
2913 1782 3022 1836 τῶν
3067 1783 3279 1852 νοητῶν
3316 1786 3460 1855 ἡμᾶς
3517 1784 3693 1859 θηρίων
3735 1792 3796 1859 ip-

610 1886 939 1957 j‘ampridem
975 1895 1035 1940 ut
1074 1886 1300 1940 insanus
1327 1884 1473 1940 inter
1502 1884 1646 1939 feras
1668 1892 2037 1955 computatur.

2232 1882 2269 1938 Β
2300 1875 2540 1948 ῥύσατο’
2582 1877 2611 1929 ό
2650 1876 2707 1928 δὲ
2773 1874 3035 1948 ἁρπάζων
3060 1915 3076 1942 ,
3122 1875 3227 1948 ήδη
3272 1878 3588 1949 μαινόμενος
3640 1880 3686 1932 ἐν
3721 1884 3796 1942 τοῖς

2298 1968 2507 2041 θηρίοις
2546 1974 2831 2024 τέτακται.

685 2086 849 2141 Vsus.
888 2087 941 2140 7.
980 2103 998 2137 ι
1036 2083 1146 2139 Vos
1174 2096 1355 2138 autem
1384 2084 1533 2139 sicut
1555 2083 1806 2137 homines
1838 2080 2134 2136 morimini.
2169 2098 2190 2133 ›

2036 2080 2134 2135 ini.
2169 2098 2190 2133 ι
2373 2080 2391 2114 ι
2430 2061 2622 2134 Ὑμεῖς
2653 2063 2710 2116 δὲ
2739 2062 2813 2127 ὡς
2842 2062 3120 2134 ἄνθρωποι
3143 2061 3538 2135 ἀποθνήσκετε.
3577 2083 3593 2115 ι

686 2179 976 2233 Insinuans
998 2178 1272 2233 diabolum
1314 2196 1327 2231 :
1379 2177 1649 2247 principis
1694 2177 1842 2231 enim
1870 2184 2195 2246 potestatem

2364 2153 2746 2225 Αίνιττόμενος
2795 2154 2889 2208 τὸν
2942 2154 3220 2209 διάϐολον*
3268 2156 3528 2226 ἄρχοντος
3570 2156 3664 2226 γὰρ
3692 2156 3789 2222 ἐξου-

615 2272 761 2327 inter
797 2270 1021 2343 angelos
1054 2271 1283 2326 sortitus
1314 2243 1453 2324 erat.
1480 2243 1824 2340 Quapropter
1847 2243 2050 2322 Daulus
2078 2266 2155 2320 ait

2278 2243 2419 2317 ,δίαν
2443 2244 2501 2296 ὲν
2529 2246 2641 2307 τοῖς
2681 2244 2935 2313 ἀγγέλοις
2962 2244 3285 2316 κεκλήρωτο
3307 2261 3319 2273 '
3355 2245 3434 2297 διό
3462 2262 3587 2316 φησι
3610 2245 3782 2309 nam“.

620 2362 735 2417 Non
764 2373 839 2417 est
889 2364 1035 2418 nobis
1065 2363 1373 2417 colluctatio
1431 2363 1680 2417 adversus
1727 2377 1941 2415 carnem
1987 2370 2035 2413 et
2067 2375 2184 2413 san-

2297 2336 2411 2389 υὺκ
2444 2335 2592 2389 ἐστιν
2626 2339 2756 2409 ἡμῖν
2841 2336 2986 2409 πάλη
3012 2337 3163 2409 πρὸς
3190 2334 3335 2407 αἷμα
3368 2339 3462 2391 καὶ
3495 2339 3680 2409 σάρκα.
3704 2339 3785 2392 (iiii

616 2455 848 2526 guinem,
875 2455 964 2507 sed
986 2454 1236 2507 adversus
1262 2453 1522 2524 principes
1550 2469 1612 2505 ac
1637 2460 1919 2521 potestates
1935 2451 1977 2505 °.
2009 2446 2180 2503 Elatus

2296 2433 2431 2505 πρὸς
2463 2433 2561 2497 τὰς
2584 2435 2759 2506 ἀρχὰς
2793 2437 2887 2489 καὶ
2910 2436 3044 2505 πρὸς
3067 2438 3167 2500 τὰς
3201 2437 3471 2501 ἐξουσίας.
3498 2437 3733 2508 Ἐπαρθεὶς
3751 2438 3784 2490 δὲ

615 2556 801 2600 autem
824 2554 880 2600 et
913 2544 1122 2615 majora
1145 2544 1544 2614 concupiscens
1570 2543 1794 2598 corruit.

2295 2527 2391 2579 καὶ
2416 2525 2674 2597 μειζόνων
2700 2526 3045 2599 ἐπιθυμήσας
3064 2530 3390 2583 κατέπεσεν.

686 2658 851 2714 Vsus.
872 2658 925 2714 8.
966 2677 984 2710 ‹
1028 2656 1291 2729 Exsurge,
1320 2657 1507 2723 Deus,
1533 2657 1717 2725 iudica
1757 2665 1986 2715 terram.
2024 2679 2044 2712 ι

1921 2674 1986 2715 τη,
2024 2679 2044 2712 ,
2374 2660 2394 2692 ι
2442 2640 2702 2709 Ἀνάστα,
2729 2644 2757 2696 ό
2776 2643 2931 2706 Θεὸς,
2965 2647 3151 2714 κρῖνον
3174 2646 3279 2716 τὴν
3306 2644 3432 2715 γῆν.
3468 2662 3485 2696 ι

682 2750 801 2806 Non
832 2751 995 2823 igitur
1027 2759 1351 2821 praesentem
1393 2751 1794 2818 hmreditatem,
1825 2753 1921 2809 sed
1951 2753 2194 2811 futuram

2364 2734 2481 2789 Οὐκ
2502 2730 2611 2804 ἄρα
2642 2734 3013 2806 κληρονομίαν
3045 2735 3334 2807 παροῦσαν
3354 2778 3369 2801 ,
3400 2734 3532 2789 ἀλλά
3570 2733 3786 2805 μέλλουσαν

617 2844 886 2914 Propheta
911 2845 1156 2899 insinuat
1180 2864 1193 2899 :
1219 2846 1363 2899 unde
1403 2855 1559 2916 rogat
1581 2844 1747 2899 Deum
1774 2855 1834 2900 ut
1854 2856 2119 2919 resurgat,
2142 2861 2181 2903 el

2294 2830 2323 2882 ὁ
2349 2830 2649 2902 Προφήτης
2696 2831 3023 2883 αἰνίττεται·
3088 2830 3211 2883 ὅθεν
3270 2830 3363 2882 τὸν
3405 2830 3531 2882 Θεὸν
3566 2828 3784 2896 ἀναστῆναι

619 2939 817 2987 terram
867 2933 1098 3003 judicct,
1147 2933 1362 2987 scilicet
1410 2933 1727 3001 hominem;
1770 2945 1868 2997 ut,
1906 2946 2183 3006 postquam

2296 2923 2627 2992 παρακαλεῖ,
2660 2923 2757 2975 καὶ
2799 2926 2984 2994 κρῖναι
3017 2924 3118 2993 τὴν
3161 2926 3288 2994 γῆν,
3323 2923 3517 2993 δηλαδὴ
3537 2922 3616 2975 τὸν
3644 2919 3786 2989 ἀνθρω-

616 3027 995 3097 rcsurreyterit,
1033 3025 1290 3080 omnibus
1328 3026 1578 3096 gentibus
1600 3027 1860 3082 decernat
1904 3030 2180 3084 hmrcdita-

2322 3029 2429 3068 ιον⁶
2477 3016 2555 3078 ὡς
2601 3015 2733 3068 ὅταν
2770 3016 3014 3086 ἀναστῇ,
3064 3017 3198 3069 πᾶσι
3247 3015 3685 3084 κατακληρονομεῖ
3712 3015 3784 3072 τοῖς

616 3133 729 3178 tem
766 3140 780 3176 :
808 3122 1070 3185 omnibus
1096 3123 1242 3176 enim
1273 3131 1476 3177 sortem
1506 3124 1922 3179 convenientem
1955 3126 2180 3197 assignat

2294 3109 2473 3162 ἔθνεσι
2491 3125 2506 3139 ·
2530 3110 2678 3161 ’πᾶσι
2704 3110 2810 3180 γάρ
2838 3109 3042 3179 κλῆρον
3070 3108 3361 3162 ἐπιϐάλλει
3392 3109 3481 3162 τὸν
3510 3107 3782 3177 ἁρμόττοντα,

615 3213 762 3267 illam
788 3213 1007 3283 quidem
1043 3213 1359 3279 humilibus,
1386 3214 1547 3270 aliam
1585 3230 1710 3268 \ero
1738 3196 2179 3287 temperantibus,

2220 3236 2261 3291 ϐ
2294 3201 2384 3254 τὸν
2415 3202 2514 3271 μὲν
2545 3204 2657 3265 τοῖς
2682 3204 2961 3263 ταπεινοῖς
2984 3241 2999 3265 ,
3029 3202 3121 3255 τὸν
3164 3201 3221 3253 δέ
3246 3203 3364 3264 τοῖς
3402 3198 3640 3270 σώφροσι,
3664 3196 3780 3248 sivit

616 3302 780 3357 aliam
826 3317 959 3357 vero
996 3302 1478 3368 misericordibus,
1520 3304 1680 3357 aliam
1737 3320 1867 3359 vero
1921 3306 2180 3375 superbis,

2232 3289 2259 3291 ’ί
2296 3296 2407 3357 τοῖς
2441 3293 2751 3364 ἐλεήμοσιν,
2771 3293 2932 3348 ἄλλον
2964 3296 3076 3357 τοῖς
3106 3294 3502 3364 ὑπερηφάνοις,
3535 3295 3627 3353 τοῖς
3651 3289 3779 3340 τελεω-

615 3403 779 3463 atque
805 3392 968 3463 aliam
996 3393 1194 3448 avaris.
1224 3392 1357 3447 Nam
1387 3393 1442 3446 in
1474 3393 1886 3461 praesentiarum
1936 3411 2047 3450 non
2085 3397 2179 3453 lin-

2276 3384 2483 3449 ,ἐκταις
2517 3384 2724 3455 ἕτερον.
2782 3383 2948 3455 Ἐθνη
2983 3384 3092 3456 γὰρ
3141 3384 3287 3437 κατά
3335 3386 3397 3436 τὸ
3428 3382 3605 3451 παρὸν,
3643 3378 3688 3430 οὐ
3709 3376 3778 3427 τῶν

618 3500 864 3555 guaruui,
890 3470 987 3539 sed
1008 3485 1247 3553 vitarqu
1270 3484 1641 3539 diversitatem
1668 3494 1859 3555 gentes
1880 3489 2182 3557 appellavit.

2294 3476 2558 3545 γλωσσῶν
2624 3478 2725 3542 τὰς
2786 3477 3052 3548 διαφορὰς
3078 3517 3096 3543 ,
3167 3477 3311 3532 ἀλλά
3366 3477 3471 3530 τῶν
3540 3475 3648 3545 βίων
3694 3472 3780 3523 ἐκά-

2295 3570 2468 3625 λεσεν.

1092 3683 1214 3738 PSA
1226 3682 1417 3738 LMUS
1455 3682 1719 3737 LXXXII.

2846 3686 3136 3739 ΨᾹΛΜΟΣ
3174 3687 3302 3743 IIB'.

693 3776 852 3832 Vsus.
885 3777 942 3831 2.
982 3796 1002 3829 ι
1037 3778 1118 3831 Ne
1147 3777 1327 3841 sileas,
1354 3791 1532 3845 neque
1556 3777 1945 3846 compescaris,
1966 3777 2129 3835 Deus.
2168 3797 2188 3831 ι

2098 3795 2129 3835 ἱ.
2168 3797 2188 3831 ι
2373 3798 2391 3830 ι
2426 3779 2517 3851 Μὴ
2544 3780 2797 3852 σιγήσῃς,
2830 3780 2964 3850 μηδὲ
2992 3779 3416 3851 καταπραΰνης,
3444 3780 3472 3832 ὁ
3501 3776 3662 3838 Θεός.»

689 3871 745 3925 Id
773 3880 892 3926 est:
928 3871 1003 3925 Ne
1031 3870 1097 3925 ad
1127 3870 1345 3939 longum
1375 3878 1592 3940 tempus
1619 3870 2004 3940 longanimiter
2044 3889 2192 3945 agas.

2366 3872 2623 3926 Τουτέστι
2648 3890 2665 3906 ⁸
2697 3873 2786 3944 Μὴ
2820 3873 2913 3926 ἐπὶ
2940 3873 3075 3926 πολὺ
3102 3872 3554 3944 μακροθυμήσῃς.
3572 3863 3763 3936 ﬁmi}?

618 3963 825 4018 Judicis
848 3962 992 4016 enim
1044 3961 1322 4015 silentium
1376 3959 1668 4032 appellavit
1729 3960 2182 4031 longanimitatem

2292 3965 2387 4020 τοῦ
2434 3965 2627 4037 κριτοῦ
2678 3966 2779 4037 τὴν
2831 3966 2968 4035 πρὸς
3012 3968 3138 4031 τοὺς
3181 3965 3538 4037 ἁμαρτωλοὺς
3581 3955 3765 4034 μακροθυ·

619 4056 738 4126 ejus
760 4070 884 4125 erga
904 4060 1238 4124 peccatores.

1173 4068 1238 4107 es.
2297 4059 2428 4130 μίαν
2458 4058 2737 4113 ἐκάλεσεν.

689 4147 853 4204 Vens.
884 4148 936 4203 9.
977 4167 996 4225 ι
1030 4147 1179 4203 Facti
1205 4156 1333 4202 sunt
1359 4147 1417 4202 in
1448 4148 1780 4219 adiutorium
1802 4152 1927 4207 ﬁliis
1970 4152 2090 4208 Lot.
2134 4172 2155 4206 ι

2134 4172 2155 4206 ν
2373 4170 2392 4202 ι
2436 4151 2808 4222 Ἑγενήθησαν
2844 4152 2924 4215 εἰς
2949 4150 3233 4221 ἀντίληψιν
3268 4154 3382 4214 τοῖς
3412 4152 3538 4212 υἱοῖς
3566 4145 3696 4202 Λώτ.»

689 4241 749 4295 Id
807 4250 923 4307 est,
995 4241 1051 4294 in
1123 4240 1428 4295 subsidium
1492 4240 1739 4311 ipsorum
1810 4254 2191 4309 accurrerunt.

2365 4244 2682 4307 Τουτέστιν,
2711 4245 2791 4306 εἰς
2848 4243 2948 4311 τὴν
2995 4242 3223 4296 ἐκείνων
3269 4241 3574 4312 ἐπικουρίαν
3601 4235 3765 4303 ἀπήντηε

619 4332 860 4387 Observa
888 4332 1051 4403 igitur
1075 4331 1364 4387 interiores
1397 4331 1692 4390 inimicos:
1718 4333 1823 4405 ipsi
1851 4336 1999 4390 enim
2029 4336 2183 4391 etiam

2297 4352 2416 4391 σαν.
2447 4335 2724 4389 Φυλάττου
2745 4337 2928 4388 τοίνυν
2952 4336 3077 4398 τοὺς
3104 4334 3251 4389 ἔνδον
3284 4334 3505 4405 ἐχθρούς
3524 4351 3535 4362 ·
3564 4330 3679 4385 αὐτοὶ
3700 4325 3770 4391 γάρ

617 4423 920 4479 exteriores
946 4423 1187 4479 armant:
1212 4433 1267 4478 et
1293 4424 1405 4479 noli
1435 4423 1606 4482 ﬁdere
1633 4427 1982 4498 cognationi:
2025 4428 2181 4498 siqui-

2294 4428 2390 4481 καὶ
2428 4429 2558 4491 τοὺς
2578 4428 2735 4491 ἐκτὸς
2759 4428 3069 4492 όπλίζουσι’
3096 4430 3193 4481 καὶ⁸
3227 4426 3302 4498 μὴ
3320 4428 3505 4499 θάῤῥει
3536 4416 3770 4487 συγγενείᾳ·

618 4514 741 4569 dem
772 4522 829 4568 et
852 4515 969 4569 hzec
988 4522 1048 4568 ut
1074 4513 1371 4584 plurimum
1392 4514 1449 4569 in
1473 4516 1813 4572 inimicitiam
1831 4520 2182 4574 convertitur.

2226 4579 2263 4591 __
2297 4520 2596 4591 ἐπειδήπερ
2631 4522 2711 4583 είς
2754 4519 2954 4591 ἔχθραν
2995 4520 3070 4583 ὼς
3109 4521 3177 4573 τὰ
3234 4520 3405 4572 πολλὰ
3448 4511 3769 4588 μεταϐάλλειν.

615 4608 888 4663 Caeterum
939 4579 1224 4661 censidera
1274 4621 1491 4676 quoque
1537 4607 1986 4677 imprecationem
2024 4624 2179 4679 quam

2226 4579 2268 4633 Β
2296 4579 2578 4664 Κατανόεί
2606 4610 2665 4663 δὲ
2694 4579 2815 4662 ’καῖ’
2834 4579 2933 4680 τὴν
2975 4579 3114 4680 ἀράν
3166 4610 3347 4680 ἤνπερ
3394 4579 3561 4668 αθτοῖς
3597 4602 3772 4668 ἐπήγαγε

617 4696 749 4765 ipsis
816 4694 1078 4764 irrogavit
1141 4694 1440 4764 diapsalma
1520 4712 1866 4767 proponens,
1928 4700 2181 4769 quoniam

2283 4702 2569 4771 διὰψαλμα
2597 4700 2841 4772 προθεὶς,
2875 4700 3064 4771 ἐπειδὴ
3104 4701 3195 4753 τὸν
3237 4701 3393 4771 λόγον
3435 4700 3508 4762 είς
3545 4685 3774 4765 προσευχὴν

615 4802 923 4842 sermonem
954 4787 1010 4839 in
1042 4787 1346 4842 orationem
1385 4789 1682 4852 transtulit,
1712 4791 1940 4846 dicens:

1293 4804 1346 4842 m
1385 4789 1682 4852 transtulit,
1712 4791 1900 4846 dicens
1925 4810 1940 4846 :
2289 4794 2612 4865 μετέστησε,
2639 4793 2814 4862 λέγων
2841 4809 2856 4824 ·

688 4876 850 4931 νεεδ.
886 4877 974 4931 14.
1016 4888 1035 4929 ι
1088 4878 1228 4932 Deus
1251 4894 1425 4942 meus,
1457 4895 1597 4949 pone
1621 4880 1741 4935 illos
1764 4891 1825 4936 ut
1857 4891 2054 4937 rotam.
2092 4902 2111 4935 ι

1984 4899 2054 4937 m.
2092 4902 2111 4935 ι
2364 4905 2382 4937 ι
2430 4885 2489 4938 '0
2516 4885 2648 4948 Θεός
2682 4902 2806 4955 μου,
2846 4883 2940 4939 θοῦ
2976 4886 3174 4947 αὐτοὺς
3204 4885 3279 4949 ὡς
3301 4884 3502 4958 τροχόν.
3534 4900 3548 4933 ι

685 4966 860 5035 Rogat
886 4976 947 5021 ut
984 4967 1176 5021 nullibi
1230 4969 1557 5033 consistant,
1617 4972 1714 5025 sed
1763 4973 1968 5042 ubique
2013 4983 2187 5030 status

2368 4979 2531 5032 Ὥστε
2570 4977 2823 5049 μηδαμοῦ
2850 4981 3063 5049 στῆναι,
3093 4978 3369 5049 πανταχοῦ
3399 4979 3451 5031 δὲ
3476 4973 3629 5045 ἀφανῆ
3647 4963 3770 5022 αὐτῶν

618 5072 804 5113 eorum
824 5057 1125 5125 aboleatur,
1156 5059 1493 5129 projicientis
1526 5062 1731 5132 impetu
1752 5064 2074 5134 dissipatus.

2294 5067 2548 5135 γενέσθαι
2587 5067 2686 5137 τὴν
2732 5068 3034 5121 ὑπόστασιν
3078 5068 3297 5138 εὔχεται
3321 5108 3336 5133 ,
3377 5053 3765 5121 σκεδασθεῖσαντῇ

895 5173 900 5179 ·
2295 5159 2448 5232 ῥύμῃ
2479 5159 2572 5214 τοῦ
2607 5160 2934 5231 ῥιπίζοντος.

686 5262 848 5317 Vsus.
880 5261 968 5317 l6.
1007 5280 1026 5315 ι
1057 5261 1134 5318 Ita
1160 5263 1503 5333 persequeris
1551 5263 1673 5319 illos
1728 5266 1784 5318 in
1855 5274 2177 5336 tempestate

2371 5294 2389 5326 ι
2432 5273 2622 5341 Οὕτως
2675 5274 3034 5341 καταδιώξεις
3102 5277 3302 5341 αὐτοὺς
3356 5276 3411 5329 ἐν
3463 5273 3521 5341 τῇ
3565 5256 3766 5327 καταιγίδι
3839 5340 3844 5344 η

619 5366 732 5411 tua.
782 5376 801 5409 ι
1124 5428 1127 5431 _

1124 5428 1127 5431 .
2295 5383 2414 5420 σου.
2447 5386 2466 5418 ι

688 5445 1089 5515 Tcmpestatem
1107 5443 1343 5514 appellat
1369 5445 1706 5513 repentinam
1736 5456 1790 5500 et
1818 5447 2185 5505 vehementis-

2362 5461 2668 5528 Καταιγίδα
2710 5462 2869 5517 καλεῖ
2914 5463 3014 5533 τὴν
3047 5463 3249 5535 ἀθρόαν
3282 5461 3372 5516 τοῦ
3415 5457 3535 5513 Θεοῦ
3566 5450 3642 5506 καὶ
3682 5459 3764 5511 σφο·

617 5540 810 5593 simam
837 5536 929 5591 Dei
960 5538 1013 5590 in
1050 5543 1368 5607 peccatores
1408 5537 1851 5607 commotionem,
1890 5556 1997 5612 qua
2036 5540 2181 5614 ipsos

2287 5550 2552 5622 δροτάτην
2574 5552 2664 5606 ἐπὶ
2682 5554 2807 5617 τοὺς
2830 5554 3248 5626 ἁμαρτάνοντας
3274 5556 3492 5625 κίνησιν,
3515 5542 3605 5624 ᾖτε
3622 5540 3763 5599 αὐτοὺς

617 5629 874 5684 insectari
910 5637 965 5683 et
986 5626 1304 5685 conturbari
1339 5628 1513 5699 cupit.

2278 5640 2578 5714 διωχθῆναι
2609 5646 2704 5698 καὶ
2733 5645 3189 5718 καταρῤαχθῆναι
3223 5646 3479 5718 βούλεται.

688 5805 709 5836 ⁸
739 5803 875 5857 Psal.
910 5820 1011 5870 CIV,
1048 5805 1131 5860 lii.
1208 5805 1228 5837 ⁸
1258 5802 1456 5874 Ephes.
1491 5820 1566 5873 Vl,
1602 5806 1690 5861 12.
