3962 6428
114 374 283 441 1261
1302 373 1767 439 FRAGMENTA
1807 374 1888 439 ΙΝ
1932 376 2289 439 PSALMOS.

719 493 1012 548 ΨΑΛΜΟΣ
1044 494 1165 547 III".

2289 486 2609 543 PSALMUS
2654 480 2943 541 LXXXIII.

207 599 234 633 α
272 580 558 656 Μακάριοι
578 582 628 639 οἱ
652 578 1033 647 κατοικοῦντες
1064 580 1121 636 ὲν
1152 582 1230 653 τῷ
1253 584 1387 654 οἴκῳ
1412 600 1531 639 σου.
1562 601 1580 635 s

1899 583 2063 639 Vens.
2096 583 2149 636 5.
2185 600 2203 631 ι
2241 582 2383 635 Beati
2419 579 2513 650 qui
2550 580 2796 633 habitant
2820 580 2874 633 in
2907 579 3070 633 domo
3104 586 3212 635 tua.
3238 599 3258 630 ι

197 675 332 727 Καὶ
359 674 525 743 μάλα.
574 674 691 727 Κᾶν
734 674 844 743 γὰρ
960 672 1291 738 πεπτωκὼς,
1333 675 1575 729 ἵσταταιο
1625 675 1730 729 κᾶν

1901 673 2068 742 quue
2119 671 2455 742 frequenter.
2503 668 2619 723 Etsi
2658 670 2805 724 enim
2832 669 2955 740 quis
2987 669 3269 738 ceciderit,
3298 674 3407 730 erl-

107 766 477 838 ἀμαρτωλὸς
508 760 749 838 ὑπάρχῃ,
773 758 1119 838 καθαίρεται·
1148 760 1249 818 κᾶν
1272 762 1732 837 ἁπογνωσθῇ,θά-

109 874 314 912 νατον
344 860 498 930 ὅμως
523 858 625 912 οὐκ
650 858 866 927 ὄψεται.
1360 922 1368 929 .

205 968 229 1001 c
272 948 470 1022 Κύριε,
502 952 531 1005 ὀ
559 950 690 1014 Θεὸς
706 941 815 1022 τῷν
838 949 1140 1020 δυνάμεων,
1166 949 1503 1005 εἰσάκουσον.
1531 967 1549 1001 s

206 1041 356 1104 Ἴδε,
394 1046 579 1112 φησὶν,
629 1040 712 1097 ὅτι
755 1043 856 1112 τῆς
904 1042 1005 1112 σῆς
1055 1042 1400 1113 ἐπισκέψεως
1428 1042 1728 1113 χρῄζομενδ

118 1130 213 1188 ἴδε
244 1136 341 1187 ὅτι
387 1135 448 1186 τὸ
476 1134 699 1206 τραῦμα
728 1134 1047 1205 φαρμάκοις
1083 1132 1444 1204 ἀνθρωπίνοις
1474 1134 1536 1187 ού
1562 1133 1731 1186 παύε-

113 1245 225 1282 ται
259 1244 279 1257 ⁸
328 1226 401 1281 ἴδε
443 1227 527 1281 ὅτι
570 1227 632 1280 τὸ
671 1226 1136 1297 συντετριμμένον
1164 1228 1384 1294 ἀγγεῖον
1418 1226 1579 1297 σῶμα
1617 1227 1731 1291 σὺν,

115 1321 241 1373 οὐκ
284 1315 571 1391 ἀλλότριον
596 1335 611 1350 ο
648 1320 743 1373 καὶ
782 1314 957 1383 οὕτως
989 1320 1326 1387 calcamur
1346 1322 1433 1386 εις
1453 1320 1520 1373 τὸ
1549 1323 1735 1388 πρόσθε

116 1427 322 1465 ωπον
344 1411 448 1466 τοῦ
478 1410 733 1480 Χριστοῦ
761 1425 900 1464 σουο
923 1409 1225 1474 τουτέστιν,
1256 1411 1315 1463 ὲν
1348 1409 1426 1481 τῷ
1457 1406 1734 1481 προσώπῳ

118 1504 235 1555 τοῦ
298 1503 555 1573 Χριστοῦ·
604 1502 696 1556 ἵνα
726 1504 785 1556 ὲν
816 1500 896 1573 τῷ
945 1500 1062 1573 Υίῷ
1118 1501 1339 1564 πάντως
1374 1502 1524 1573 ἡμᾶς
1571 1502 1667 1554 καὶ⁵
1705 1501 1735 1553 ὁ

121 1596 349 1665 Πατὴρ
378 1593 761 1664 ἐπισκέψηται,
796 1595 889 1647 καὶ
932 1590 1151 1665 εὐδοκία
1199 1591 1294 1645 τοῦ
1326 1591 1541 1664 Πατρὸς
1581 1592 1733 1645 τελε-

124 1686 248 1758 σθῇ
297 1686 357 1740 τὸ
380 1685 501 1740 καθ’
531 1688 679 1757 ἡμᾶς
714 1686 1035 1758 μυστήριον.

215 1797 238 1830 s
290 1780 411 1832 Ὀτι
440 1777 589 1843 ἔλεος
618 1778 715 1832 καὶ
747 1777 1008 1849 ἀλήθειαν
1036 1777 1227 1849 ἀγαπᾷ
1256 1775 1480 1849 Κύριος.
1519 1793 1539 1827 s

3269 368 3403 437 1262

1832 760 1975 832 gitur
1999 759 2131 815 :etsi
2161 770 2416 831 peccator
2439 758 2622 825 fuerit,
2653 760 2982 814 mundatur:
3015 759 3116 814 etsi
3146 762 3406 832 despera-

1832 853 1992 918 verit,
2021 861 2252 907 mortem
2281 862 2467 907 tamen
2505 852 2729 906 minime
2754 850 2980 906 videbit.

1908 942 2068 999 Vens.
2099 943 2152 999 9.
2191 964 2209 995 ι
2244 942 2492 1007 Domine,
2535 942 2678 999 Deus
2710 946 2994 1009 virtutmn,
3017 940 3234 999 exaudi.
3275 963 3294 996 ι

1904 1027 2059 1098 Vide,
2094 1034 2288 1104 inquit,
2312 1036 2455 1105 quod
2485 1042 2575 1089 tua
2603 1037 2939 1106 proiectione
2974 1052 3112 1107 opus
3139 1038 3209 1092 sit
3236 1054 3249 1091 :
3285 1037 3407 1093 vide

1832 1124 1981 1193 quod
2033 1124 2231 1178 vulnus
2272 1124 2530 1179 humanis
2596 1125 2884 1181 medicinis
2928 1138 3035 1180 non
3085 1127 3402 1198 mitigetur:

1833 1215 1960 1269 vide
1982 1215 2127 1284 quod
2157 1229 2251 1270 vas
2281 1217 2577 1271 contritum
2610 1217 2680 1273 sit
2702 1229 2901 1288 corpus
2923 1225 3099 1284 tuum,
3129 1232 3237 1272 non
3271 1219 3405 1272 alica

1833 1318 1964 1360 num
1988 1324 1999 1359 :
2027 1314 2189 1376 atque
2215 1304 2287 1361 ita
2321 1310 2516 1377 respice
2540 1310 2593 1361 in
2620 1311 2806 1381 facient
2840 1310 3035 1367 Christi
3064 1316 3141 1365 tui
3168 1329 3183 1376 ;
3218 1313 3269 1368 id
3299 1324 3406 1372 est.

1835 1398 1889 1453 in
1916 1397 2051 1452 facie
2073 1396 2276 1453 Christi
2302 1405 2395 1465 ;ut
2423 1399 2476 1453 in
2498 1399 2632 1453 Filio
2670 1417 2773 1456 nos
2802 1403 3025 1457 omnino
3055 1405 3216 1459 etiam
3249 1403 3409 1460 Pater

1836 1488 2112 1559 respiciat,
2132 1498 2187 1545 et
2212 1488 2386 1545 Patris
2404 1492 2744 1564 beneplacito
2769 1505 2868 1565 pro
2898 1495 3055 1551 nobis
3088 1500 3407 1569 mysterium

1837 1581 2172 1650 perﬁciatur.
3412 1594 3417 1597 ‘

1909 1758 2071 1815 Vens.
2103 1759 2193 1814 η.
2230 1778 2250 1812 ι
2286 1761 2422 1827 Quia
2458 1761 2885 1819 misericordiam
2917 1772 2975 1821 et
3006 1765 3293 1820 veritatem
3323 1765 3407 1820 dio

1766 1858 1810 1912 Β
1837 1850 1955 1923 ligit
1982 1849 2265 1907 Dominus.
2310 1870 2329 1905 ι

209 1956 543 2021 Tauris-rw,
571 1955 636 2008 ού
682 1956 784 2019 τὰς
833 1954 901 2008 δι’
953 1954 1202 2027 αἱμάτων
1242 1951 1452 2020 θυσίας,
1486 1951 1625 2007 ἀλλὰ
1675 1951 1735 2007 τι

1911 1938 1967 1993 Id
1994 1948 2097 2004 est,
2137 1954 2249 1995 non
2280 1950 2534 1997 cruentas
2572 1942 2795 2007 hostias,
2829 1942 2926 2001 sed
2968 1943 3149 1999 facere
3198 1946 3410 2001 miseria

139 2051 341 2102 ποιεῖν
393 2047 563 2114 ἔλεον,
614 2047 711 2102 καὶ
751 2046 974 2118 ἀγαπᾷν
1015 2047 1116 2118 τὴν
1151 2046 1435 2118 ἀλήθειαν,
1487 2043 1737 2099 τουτέστι

135 2141 399 2213 Χριστὸν
430 2141 523 2194 τὸν
560 2140 716 2195 Θεόν.

1838 2031 2102 2096 cordiam,
2154 2041 2209 2088 et
2237 2032 2462 2105 diligere
2515 2035 2825 2100 veritatem,
2866 2036 2970 2091 hoc
3015 2046 3101 2092 est
3129 2036 3410 2094 Christum

1838 2125 2032 2181 Deum.

219 2254 247 2287 ι
281 2235 361 2289 Ού
386 2234 643 2305 στερήσει
667 2232 737 2286 τὰ
766 2231 971 2301 ἀγαθά.
1008 2250 1027 2285 s

220 2331 289 2382 υἱ
309 2327 424 2399 γὰρ
447 2322 646 2391 κακίας
671 2325 995 2396 βεϐιωκότες
1020 2325 1189 2397 χωρὶς
1208 2322 1304 2379 καὶ
1319 2326 1377 2379 ὲν
1399 2320 1737 2394 δικαιοσύνῃ,

150 2414 295 2485 ⁹οπερ
332 2414 483 2467 ἐστὶν
504 2414 712 2485 ἀκακία
738 2414 1212 2484 πολιτευσάμενοι,
1242 2415 1344 2468 οὐκ
1371 2411 1739 2484 ἀποστεροῦν-

162 2520 253 2559 ται
287 2505 406 2560 τῶν
450 2506 691 2575 ἀγαθῶν,
734 2506 1014 2576 ἀναλόγως
1037 2506 1095 2560 δὲ
1124 2507 1251 2569 τοὺς
1282 2505 1581 2575 στεφάνους
1607 2505 1733 2558 ὐπο-

167 2598 428 2663 δὲξονται’
495 2599 737 2667 Ἐπειδὴ
790 2597 1052 2665 ἕκαστος
1115 2598 1223 2652 τὸν
1293 2596 1451 2652 ιδιον
1519 2597 1742 2667 μισθὸν

161 2690 425 2760 λήψεται
456 2692 607 2747 κατὰ
640 2690 747 2746 τὸν
776 2692 933 2746 ἴδιον
967 2694 1179 2747 κόπον.

731 2785 1024 2839 ΨΑΛΜΟΣ
1052 2784 1179 2839 IIE'.

233 2892 254 2927 ι
295 2874 585 2946 Εΰφρανον
612 2875 713 2944 τὴν
760 2876 940 2947 ψυχὴν
966 2875 1060 2930 τοῦ
1081 2876 1269 2930 δούλου
1295 2893 1412 2932 σου.
1439 2892 1458 2927 s

230 2968 309 3020 Οὐ
359 2966 438 3036 τῷ
474 2967 690 3037 πτωχὸς
718 2962 858 3020 εἶναι
910 2966 989 3037 τῷ
1037 2967 1311 3037 πνεύματι
1358 2963 1601 3039 θαρρῶν,
1648 2965 1744 3019 καὶ

156 3060 340 3129 πένης
393 3059 489 3112 καὶ
544 3059 709 3126 ὅσιος,
766 3059 1029 3130 προσάγω
1068 3059 1169 3130 τὴν
1197 3059 1433 3129 αἴτησιν,
1455 3056 1743 3129 ἐλεηθῆναι

152 3152 219 3205 δὲ
258 3151 439 3257 μόνον
469 3151 670 3223 ζητῶν.
710 3152 842 3257 Ome,
876 3151 1020 3205 κατά
1073 3151 1395 3257 ξύμμαχον,
1440 3152 1597 3257 [ξρὸς
1631 3148 1739 3257 σὲ,

1909 2214 2072 2271 Vens.
2107 2216 2193 2271 l3.
2231 2235 2251 2267 ι
2285 2213 2404 2271 Non
2435 2215 2671 2288 privabit
2690 2218 2866 2274 bonis.
2905 2238 2923 2271 ι

1908 2306 2012 2374 Qui
2039 2309 2183 2363 enim
2201 2308 2406 2379 absque
2430 2310 2635 2365 malitia
2661 2319 2715 2367 et
2740 2310 3009 2382 injustiﬂu
3044 2313 3213 2369 vitam
3239 2314 3410 2369 duxe-

1840 2409 1987 2465 runt,
2022 2399 2126 2455 hoc
2162 2409 2247 2455 est
2292 2398 2614 2457 innocenter
2640 2405 2947 2460 conversati
2982 2414 3131 2469 sunt,
3160 2422 3267 2461 non
3301 2408 3413 2476 pri-

1840 2502 2041 2546 vantur
2068 2492 2251 2557 bonis,
2288 2494 2383 2548 sed
2415 2493 2807 2551 convenientes
2844 2510 3075 2552 coronas
3104 2498 3410 2568 suscepturi

1840 2592 1969 2638 sunt
2000 2602 2012 2638 :
2042 2583 2180 2649 Quia
2206 2585 2558 2657 unusquisque
2579 2588 2849 2656 propriam
2873 2590 3158 2644 mercedem
3188 2591 3410 2659 accipiet

1840 2678 2121 2730 secundum
2154 2693 2309 2730 suum
2340 2677 2572 2732 laborem
2593 2679 2634 2733 ".

2316 2769 2438 2825 PSA
2448 2768 2632 2827 LMUS
2669 2770 2936 2827 LXXXV.

1912 2860 2074 2916 Vens.
2105 2860 2161 2915 4.
2197 2879 2217 2914 ι
2257 2861 2492 2918 laetifica
2525 2863 2763 2920 animam
2799 2866 2942 2921 servi
2974 2866 3074 2922 tui.
3108 2884 3128 2919 ι

1911 2952 2029 3009 Non
2059 2958 2203 3025 quod
2228 2955 2421 3026 spiritu
2446 2971 2743 3026 pauperem
2771 2972 2859 3013 me
2888 2973 3012 3014 esse
3036 2959 3327 3023 conﬁdam.
3358 2972 3415 3015 vt

1843 3059 2048 3116 egenus
2085 3061 2149 3101 ac
2177 3055 2400 3103 sanctus
2424 3047 2549 3111 sim.
2592 3049 3016 3119 postulationem
3047 3052 3190 3108 hanc
3220 3052 3411 3110 affero.

1842 3137 1935 3192 sed
1951 3137 2094 3208 quod
2110 3138 2447 3194 solummodo
2462 3154 2699 3209 quaram
2716 3141 3163 3198 misericordiam.
3185 3142 3412 3201 Idcirco.

157 3212 330 3315 φηέι,
376 3212 660 3307 ,βοιῦνιαιγ
698 3212 965 3312 ἑκάστην
995 3212 1243 3312 ἡμέραν.
1279 3212 1393 3295 ;I‘bv'
1418 3212 1598 3295 adivro.
1630 3212 1741 3313 βίον

1852 3231 1998 3303 iuxta
2017 3230 2426 3302 Symmachum,
2455 3233 2535 3286 Ad
2556 3243 2623 3297 te,
2648 3234 2845 3304 inquit,
2878 3236 3048 3291 clamo
3074 3250 3165 3307 per
3183 3239 3416 3307 singulos

157 3335 452 3404 σημαίνει,
482 3334 577 3387 καὶ
596 3332 670 3397 ὡς
688 3335 775 3387 ἐπ’
796 3334 971 3388 οὐδενὶ
997 3334 1107 3387 τῶν
1121 3333 1481 3405 ἀνθρωπίνων
1503 3334 1744 3406 θαρρῶν,

155 3429 265 3499 τὴν
295 3427 439 3481 κατὰ
470 3426 620 3480 Θεῶν
647 3426 990 3499 εὐφροσύνην
1030 3429 1171 3481 αἰτεῖ
1199 3429 1266 3500 τῇ
1297 3426 1557 3498 ψυχῇ.Τὸ
1586 3426 1746 3497 σῶμα

157 3521 279 3587 γὰρ
307 3518 402 3570 καὶ
426 3517 526 3589 τὴν
550 3518 732 3590 σάρκα
760 3520 873 3583 τοῖς
904 3520 1239 3589 σωματικοῖς
1261 3518 1477 3589 χαίρειν
1499 3514 1743 3572 εἰώθασι.

158 3609 276 3662 Τὸν
315 3610 391 3680 μὴ
437 3608 820 3681 μακρυνθέντα
868 3610 927 3663 δὲ
964 3610 1191 3677 τούτων,
1219 3609 1437 3682 ἐκείνης
1477 3609 1578 3663 οὐκ
1630 3609 1746 3663 ἐστι

160 3702 373 3769 τυχεῖν.
402 3699 564 3754 Ὅθεν
594 3701 899 3773 ἐπήγαγεν·
932 3702 1065 3755 Ὀτι
1107 3700 1257 3770 πρὸς
1284 3701 1382 3766 σὲ,
1414 3701 1612 3769 Κύριε,
1631 3697 1747 3770 ἦρα

160 3790 289 3861 τὴν
315 3792 529 3861 ψυχήν
546 3809 687 3863 μου.

736 3969 1025 4024 ΨΑΛΜΟΣ
1078 3969 1204 4022 ΠΖ’.

246 4084 267 4117 ι
292 4065 642 4136 Ἐμάκρυνας
671 4066 765 4120 ἀπ’
793 4065 927 4137 ἐμοῦ
957 4065 1134 4135 φίλον.
1173 4083 1192 4117 ι

238 4158 408 4228 Λέγει
432 4159 523 4212 τὸν
559 4158 763 4212 Ἰούδαν
809 4161 905 4212 καὶ
928 4160 1056 4221 τοὺς
1101 4156 1393 4222 Ἰουδαίους
1421 4157 1528 4212 ἀπὸ
1552 4156 1747 4210 ταλαι-
1768 4152 1779 4162 ’

170 4247 408 4319 πωρίας,
447 4249 568 4318 ἦτοι
618 4242 686 4322 ἧς
716 4250 878 4313 αὐτὸς
917 4250 1228 4315 ἀνεδέξατο,
1253 4251 1420 4320 ἤγουν
1460 4244 1529 4319 ἦς
1592 4249 1748 4302 αὐτοὶ

175 4338 612 4411 ταλαιπωροῦσιν
640 4340 1046 4411 ἡμαρτηκότες.
1085 4340 1340 4394 Ἀνέλαόε
1365 4340 1425 4394 δὲ
1465 4342 1745 4394 ταλαιπωο

183 4427 298 4498 ρίαν
356 4430 587 4502 Ἰησοῦς,
634 4432 697 4485 τὸ
747 4432 1044 4504 πρόσωπον
1099 4434 1283 4505 φέρων
1338 4432 1434 4487 τοῦ
1496 4433 1746 4502 λέγοντος

176 4520 486 4593 ἁνθρώπου’
548 4524 929 4593 Ταλαίπωρος
974 4524 1090 4594 ἐγὼ
1132 4525 1461 4594 ἅνθρωπος,
1527 4526 1618 4590 τίς
1671 4542 1747 4595 με

164 4615 421 4683 ῥύσεται
454 4616 523 4669 ἐκ
550 4615 657 4670 τοῦ
676 4616 949 4687 σώματος
975 4617 1223 4680 τούτου;
1258 4616 1496 4670 Γνωστοὶ
1521 4616 1576 4669 δὲ
1606 4611 1747 4688 ἦσαν

169 4709 219 4762 οἱ
246 4709 312 4763 ἑκ
340 4709 665 4779 περιτομῆς,
687 4709 762 4773 ὡς
782 4709 940 4780 ἔφην,
972 4708 1156 4763 αὐτοῦ.
1176 4708 1375 4772 Ἰούδας
1398 4708 1455 4760 δὲ
1488 4708 1639 4777 φίλος
1665 4700 1746 4771 εἷς

169 4800 246 4854 ὣν
274 4801 387 4854 τῶν
449 4801 799 4855 ἀκουσάντων
843 4804 973 4873 παρ’
1021 4801 1211 4855 αὑτοῦ⁸
1276 4802 1448 4871 Ὑμῖν
1483 4800 1552 4853 δὲ
1590 4800 1745 4870 λέγω

168 4894 294 4960 τοῖς
326 4894 527 4963 φίλοις
568 4910 709 4963 μου.
742 4894 874 4947 Καίσ
919 4892 1102 4962 ’Υμᾶς
1149 4894 1219 4947 δὲ
1254 4894 1467 4962 εἴρηκα
1502 4893 1740 4961 φίλους.

168 4986 260 5040 ὅτι
286 4984 487 5038 πάντα
510 4984 613 5039 τοῦ
642 4985 872 5053 Πατρός
892 4985 1183 5055 ἐγνώρισα
1206 4985 1364 5054 ὑμῖν.

740 5076 1033 5129 ΨΛΛΜΟΣ
1061 5077 1190 5129 HH'.

240 5183 261 5217 ι
309 5165 527 5234 Ὠμοσα
546 5165 713 5218 Δαὸἱδ
744 5165 821 5237 τῷ
845 5165 1016 5236 δούλῳ
1043 5183 1167 5236 μου.
1210 5185 1228 5218 s

238 5259 353 5312 Καὶ
372 5258 477 5311 ποῦ
508 5258 744 5329 ὤμοσεν,
777 5256 810 5330 ἢ
842 5259 899 5311 ὲν
922 5258 1001 5328 τῷ
1029 5260 1206 5311 εἰπεῖν
1241 5259 1378 5330 πρὸς
1412 5256 1596 5311 αὐτόν·
1634 5257 1742 5311 Kal

170 5347 364 5413 ἔσται,
411 5348 560 5403 ὅταν
606 5347 1003 5417 πληρωθῶσιν
1054 5351 1114 5402 αἱ
1167 5347 1378 5418 ἡμέραι
1433 5363 1574 5413 σου,
1643 5348 1743 5402 καὶ

173 5441 517 5511 κοιμηθήσῃ
536 5441 688 5511 μετὰ
718 5440 838 5495 τῶν
873 5439 1142 5509 πατέρων
1170 5455 1310 5506 σου,
1338 5441 1745 5506 ἀναστήσεται

172 5530 242 5585 ἐκ
269 5532 379 5587 τοῦ
424 5533 767 5604 σπέρματός
813 5547 929 5587 σου
957 5533 1150 5599 ἄλλος
1196 5532 1265 5600 ὃς
1307 5533 1479 5588 ἔσται
1515 5533 1584 5586 ἐκ
1632 5532 1746 5601 τῆς

174 5626 410 5693 κοιλίας
441 5640 591 5693 σου,
632 5626 734 5682 καί
776 5625 1071 5696 ἑτοιμάσω
1124 5628 1211 5692 εἰς
1260 5626 1366 5680 τὸν
1413 5625 1600 5681 αιῶνα
1633 5626 1746 5696 τὴν

1846 3323 1976 3378 dies.
2008 3321 2238 3378 Omnem
2268 3324 2435 3378 vitam
2459 3323 2749 3396 signiﬁcat,
2786 3333 2842 3381 et
2875 3328 3150 3396 quomodo
3181 3328 3237 3383 in
3268 3329 3415 3384 nul'a

1844 3429 1906 3469 re
1945 3415 2185 3471 humana
2224 3415 2524 3482 conlidens,
2570 3433 2688 3472 eam
2737 3433 2860 3489 quae
2906 3420 3209 3475 secundum
3245 3420 3413 3474 Deum

1845 3516 1932 3563 est
1971 3506 2216 3562 laetitiam
2248 3507 2445 3563 animae
2490 3524 2602 3564 suae
2638 3510 2895 3580 postulet.
2935 3510 3149 3582 Corpus
3174 3511 3325 3567 enim
3362 3524 3419 3565 ct

1846 3611 1975 3655 caro
2015 3600 2179 3655 rebus
2208 3600 2489 3669 corporeis
2515 3601 2753 3671 gaudere
2778 3602 2978 3656 solent.
3006 3602 3111 3669 Qui
3141 3613 3323 3658 autem
3348 3606 3418 3656 ab

1847 3692 1935 3749 his
1959 3692 2183 3748 minime
2204 3692 2486 3761 elongatus
2502 3702 2604 3756 est,
2630 3693 2774 3748 illam
2797 3696 3053 3765 consequi
3077 3711 3184 3750 non
3214 3704 3414 3765 potest.

1848 3782 2002 3838 Unde
2016 3782 2295 3853 subiunxit
2320 3800 2333 3837 :
2364 3780 2630 3847 Quoniam
2652 3784 2721 3838 ad
2746 3791 2815 3849 te,
2845 3783 3084 3849 Domine,
3106 3785 3272 3840 levavi
3296 3789 3417 3838 ani-

1848 3892 2194 3931 nunntneanu

2270 3967 2393 4023 PSA
2402 3967 2584 4025 LMUS
2619 3968 2929 4024 LXXXVII.

1917 4061 2077 4117 Vens.
2111 4060 2196 4116 l9.
2232 4080 2250 4113 ι
2288 4060 2562 4132 Elongasti
2595 4072 2730 4115 ame
2752 4061 3008 4115 amicum.
3049 4077 3068 4111 ι

1917 4156 2060 4212 Dicit
2086 4155 2281 4211 Judam
2310 4163 2365 4210 et
2397 4154 2615 4210 Judazos
2640 4170 2671 4209 a
2696 4154 2939 4217 miseria,
2965 4154 3079 4209 sive
3106 4168 3267 4224 quam
3303 4153 3418 4224 ipse

1848 4247 2126 4312 sustinuit,
2159 4246 2276 4300 sive
2306 4257 2413 4314 qua
2460 4246 2680 4316 ipsimet
2727 4254 3043 4315 peccatores
3082 4244 3414 4300 alliciuntur.

1847 4339 2117 4395 Caeterum
2154 4339 2314 4395 Iesus
2342 4338 2618 4393 miseriam
2642 4338 2956 4407 assumpsit,
2982 4352 3106 4391 cum
3132 4352 3417 4407 personam

1848 4438 2061 4503 gereret
2086 4430 2324 4486 hominis
2350 4429 2584 4485 dicentis
2614 4444 2627 4482 ε
2658 4428 2853 4500 Infelix
2873 4430 3154 4499 ego/temo,
3194 4430 3308 4499 quis
3339 4444 3421 4483 me

1778 4554 1823 4612 υ
1852 4520 2090 4574 liberabit
2119 4520 2183 4573 de
2208 4534 2422 4588 corpore
2444 4519 2626 4572 mortis
2651 4517 2843 4579 huius"
2866 4517 2889 4571 2
2921 4517 3040 4571 Noti
3066 4527 3248 4573 autem
3276 4518 3416 4587 ejus.

1852 4621 1910 4667 ut
1943 4611 2074 4673 dixi,
2096 4616 2252 4665 erant
2281 4610 2357 4664 illi
2386 4611 2454 4664 de
2485 4610 2919 4665 circumcisione.
2938 4608 3103 4665 Judas
3130 4625 3260 4665 vero
3281 4611 3420 4665 ami-o

1849 4718 1949 4758 cus
1978 4712 2093 4759 erat
2123 4719 2264 4757 unus
2288 4717 2354 4758 ex
2377 4703 2481 4757 illis
2511 4702 2602 4773 qui
2632 4703 2701 4757 ab
2740 4703 2863 4773 ipso
2896 4703 3257 4758 audiverant:
3293 4701 3421 4756 Dico

1850 4804 2028 4849 autem
2071 4796 2214 4850 vobis
2272 4794 2459 4848 amicis
2510 4796 2637 4848 meis
2655 4797 2697 4849 '.
2748 4794 2919 4850 Item:
2950 4796 3044 4851 Vos
3082 4804 3259 4849 autem
3310 4796 3420 4849 dixi

1851 4887 2069 4950 amicos,
2115 4886 2243 4956 quia
2278 4885 2454 4939 omnia
2486 4884 2669 4940 Patris
2699 4887 2803 4940 mei
2839 4895 2964 4940 nota
2991 4887 3088 4957 feci
3124 4887 3349 4942 vobis“.

2289 5067 2609 5125 PSALMUS
2654 5066 2981 5125 LXXXVIII.

1920 5160 2080 5219 Vens.
2110 5163 2167 5218 4.
2203 5181 2223 5216 ι
2260 5162 2447 5219 Juravi
2480 5163 2648 5219 David
2679 5178 2839 5219 servo
2866 5175 3010 5219 meo.
3046 5179 3066 5215 s

1920 5254 1989 5309 Et
2025 5254 2115 5309 ubi
2152 5253 2372 5324 iuravit,
2407 5254 2512 5310 nisi
2544 5269 2669 5309 cum
2709 5254 2847 5308 dixit
2885 5254 2953 5308 ad
2984 5264 3110 5309 eum
3140 5270 3153 5307 :
3186 5245 3253 5307 Et
3298 5256 3420 5320 erit,

1847 5357 1964 5399 cum
1985 5345 2185 5415 impleti
2208 5346 2402 5419 fuerint
2428 5344 2540 5399 dies
2569 5345 2668 5411 tui,
2703 5354 2753 5399 et
2779 5344 3059 5399 dormieris
3104 5360 3221 5397 cum
3250 5345 3420 5410 patri-

1848 5441 1939 5495 bus
1962 5442 2063 5495 tuis
2089 5455 2107 5494 :
2133 5448 2183 5494 et
2221 5439 2564 5494 suscitabitur
2585 5448 2649 5492 ea?
2677 5435 2874 5492 semine
2902 5446 2991 5490 tuo
3018 5436 3158 5489 alius
3181 5434 3271 5502 qui
3302 5433 3400 5484 erit

1848 5544 1913 5587 ex
1931 5542 2106 5588 ventre
2127 5542 2234 5599 tuo,
2267 5541 2315 5587 et
2335 5530 2647 5602 pra’parabo
2664 5530 2720 5583 in
2742 5535 2996 5583 wternum
3019 5538 3234 5595 regnum
3268 5522 3415 5590 ejus,

1853 5635 1901 5680 et
1929 5624 2210 5695 aediﬁcabit
2248 5624 2461 5678 domum
2491 5621 2690 5676 ﬂamini
2720 5635 2851 5684 meo,
2889 5627 2938 5671 et
2967 5616 3168 5684 erigant
3201 5624 3423 5681 regnum

202 5833 228 5866 "
267 5829 441 5887 lCor.
486 5845 567 5899 III,
602 5830 655 5885 8.
728 5830 749 5865 ³
785 5830 943 5885 Rom.
986 5845 1082 5896 vn,
1112 5828 1203 5884 24.
1272 5830 1292 5862 ⁹
1332 5828 1464 5883 Luc.
1497 5846 1592 5895 sit,
1627 5832 1680 5886 ιι.

1852 5829 1999 5885 Imm.
2042 5840 2130 5893 ἰν,
