4032 6434
633 412 651 475 1
664 411 767 475 263

1806 400 2167 464 HESYCHII
2224 393 2699 459 PRESBYTERI

3676 404 3775 466 126i

628 524 743 593 ejus
778 523 834 574 in
869 522 1143 581 saeuiunt.
1189 520 1300 590 Ego
1349 534 1436 573 ero
1470 519 1517 571 ei
1564 519 1619 571 in
1666 514 1908 581 Patrem,
1952 517 2062 586 ipse
2099 515 2201 569 erit

2298 508 2631 575 ,ϐασιλείαν
2656 505 2868 561 αὐτοῦ·
2900 504 2998 559 καί
3026 505 3398 577 οἰκοδομήσει
3423 504 3573 566 οἶκον
3602 517 3666 583 τῷ
3684 523 3781 576 ἀνά.

630 615 759 669 mihi
784 616 838 667 in
852 613 1030 681 ﬁlium
1050 614 1113 667 "-

702 882 865 937 Vens.
893 880 981 937 ω.
1020 898 1040 932 ι
1082 878 1165 933 Tu
1199 874 1498 931 dominaris
1527 869 1781 945 potestati
1805 869 1989 925 maris.
2031 888 2049 921 ›

702 975 911 1030 Veritas
946 983 1055 1038 tua,
1097 969 1298 1042 inquit,
1340 977 1427 1024 est
1502 968 1646 1038 apud
1692 966 1813 1020 illos
1840 962 1934 1035 qui
1984 974 2037 1019 te
2086 977 2203 1017 am-

634 1066 827 1131 biunt;
860 1080 961 1119 nos
988 1072 1169 1119 autem
1192 1062 1282 1132 qui
1304 1059 1536 1131 procula
1557 1070 1608 1113 te
1630 1058 1909 1122 absumus,
1938 1070 2006 1110 ex
2021 1054 2203 1126 provi-

633 1161 816 1215 dentia
852 1159 995 1215 circa
1030 1168 1236 1213 terram
1267 1165 1323 1211 et
1359 1170 1514 1210 mare
1557 1153 2013 1225 magniﬁcentiam
2054 1161 2203 1206 tuam

634 1259 943 1318 cernentes,
987 1251 1336 1315 conﬁtemur,
1376 1248 1503 1318 quia
1542 1256 1737 1318 potens
1783 1262 1864 1307 es,
1906 1255 1963 1299 et
2002 1245 2205 1299 veritas

638 1355 723 1398 tua
744 1343 798 1397 in
820 1342 1050 1397 circuitu
1068 1350 1186 1396 .tuo.
1212 1339 1445 1395 Tantum
1462 1338 1608 1393 enim
1628 1352 1777 1391 mare
1809 1336 2045 1407 mitigas,
2065 1334 2203 1389 ostia

634 1446 690 1490 et
718 1436 895 1490 littora
930 1434 1005 1487 illi
1034 1433 1472 1502 circumponens,
1505 1438 1559 1483 et
1603 1438 1661 1483 ut
1688 1429 1917 1485 Domino
1958 1428 2205 1483 serviens

637 1528 977 1581 incurvatum
996 1525 1194 1590 fremit,
1214 1535 1269 1579 et
1283 1526 1335 1578 in
1350 1526 1643 1594 semetipso
1664 1523 2041 1587 conturbatur,
2060 1522 2205 1592 quod

639 1635 743 1673 non
780 1628 947 1674 totam
977 1627 1176 1674 terram
1208 1617 1457 1672 inundet.

705 1799 869 1854 Vens.
890 1797 978 1855 16.
1000 1817 1019 1851 ι
1046 1797 1243 1853 Beatus
1259 1797 1491 1868 populus
1513 1795 1605 1867 qui
1629 1794 1733 1851 scit
1751 1794 2151 1865 jubilatiouem.
2181 1811 2199 1843 ι

2295 601 2440 672 "at!
2454 618 2597 671 μου,
2626 598 2725 652 καί
2750 597 3074 666 ἀνορθώσω
3096 596 3209 665 τὴν
3235 598 3538 662 ,ϐασιλειαν
3560 608 3710 663 αὐτοῦ
3723 618 3785 679 εις

2299 694 2408 747 τὸν
2443 691 2652 746 αὶῶνα.
2687 688 2838 761 Ἐγὼ
2884 689 3101 759 ἔσομαι
3142 690 3300 756 αὐτῷ
3335 693 3419 759 εις
3458 696 3652 763 Πατέρα
3674 741 3686 765 ,
3716 710 3785 760 καὶ

2299 785 2482 850 αὐτὸς
2510 785 2683 837 ἔσται
2700 799 2803 851 μοι
2828 783 2916 846 εὶς
2952 782 3111 836 υἱόν.

2380 896 2400 931 ι
2437 878 2510 931 Σὺ
2540 876 2828 942 δεσπόζεις
2855 874 2953 928 τοῦ
2985 874 3222 946 κράτους
3247 875 3342 945 τῆς
3370 875 3634 950 Θαλάσσης.
3670 903 3685 934 ι

2382 966 2447 1021 Ἥ
2497 966 2731 1038 ἀλήθειά
2780 983 2897 1030 σου,
2951 960 3111 1033 φησὶ,
3152 965 3301 1034 παρά
3340 968 3443 1029 τοῖς
3475 970 3697 1025 κυκλοῦσί
3734 993 3793 1029 σι·

2300 1062 2463 1131 ἡμεῖς
2486 1061 2542 1114 δὲ
2567 1058 2788 1130 μακράν
2818 1074 2910 1111 σου
2930 1057 3312 1127 τυγχάνοντες,
3337 1057 3431 1129 τὴν
3459 1061 3547 1131 σὴν
3568 1065 3798 1139 μεγαλουρ.

2301 1155 2427 1223 γίαν
2462 1154 2571 1207 ἀπὸ
2598 1155 2700 1223 τῆς
2732 1151 2878 1204 κατὰ
2922 1150 3027 1220 γῆν
3063 1167 3120 1202 τε
3169 1149 3267 1203 καὶ
3316 1148 3564 1206 Θάλατταν
3603 1162 3798 1227 προνοίας

2302 1247 2560 1319 ὁρῶντες,
2589 1244 2986 1317 ὁμολογοῦμεν,
3020 1245 3105 1298 ὅτι
3132 1241 3353 1307 δυνατὸς
3369 1240 3437 1311 εἶ,
3466 1248 3551 1299 καὶ
3577 1250 3801 1321 ηάλήθειὰ

2306 1357 2399 1392 σου
2457 1337 2644 1410 κύκλῳ
2680 1355 2795 1391 σου.
2824 1336 3259 1406 Καταπραΰνεις
3292 1336 3395 1409 γὰρ
3424 1340 3660 1411 τοσαύτην
3682 1339 3801 1399 οὖσαν

2301 1432 2401 1503 τὴν
2434 1431 2722 1494 θάλατταν,
2749 1424 2995 1501 περιθεὶς
3022 1430 3161 1500 αὐτῇ
3197 1428 3367 1492 πύλας
3389 1430 3479 1482 καὶ
3508 1432 3633 1502 ὅρια,
3656 1437 3731 1488 καὶ
3751 1440 3801 1503 ὡς

2302 1525 2548 1596 Δεσπότῃ
2594 1523 2924 1578 δουλεύουσα
2971 1525 3320 1595 κυρτουμένη
3359 1527 3593 1594 πτήσσει⁹
3636 1532 3713 1583 καὶ
3748 1536 3801 1596 είς

2304 1619 2504 1688 ἑαυτὴν
2537 1618 2969 1689 καταράσσεται,
3008 1618 3147 1689 πρὸς
3181 1618 3243 1670 τὸ
3274 1616 3350 1688 μὴ
3372 1620 3547 1673 πᾶσαν
3574 1623 3802 1679 ὲπικλῦσαι

2303 1713 2403 1777 τὴν
2425 1711 2551 1781 γῆν.

2382 1819 2400 1852 ι
2437 1800 2729 1872 Μακάριος
2754 1802 2782 1853 ό
2809 1800 2935 1865 λαὸς
2962 1803 2990 1854 δ
3020 1800 3309 1889 γινώσκων
3340 1801 3648 1874 ἀλαλαγμόν.
3681 1824 3697 1859 ι

706 1893 939 1948 Sanctos
981 1890 1100 1961 ejus
1135 1890 1411 1960 apostolos
1458 1890 1645 1944 beatos
1691 1886 2028 1958 pronuntiat,
2077 1886 2203 1956 quia

2377 1893 2517 1956 Τοὺς
2543 1893 2737 1962 ἁγίους
2793 1892 2960 1946 αὐτοῦ
2988 1874 3329 1957 ἀποστόλους
3354 1872 3646 1965 μακαρίζει,
3676 1898 3738 1951 ὅτι
3758 1899 3805 1973 δὴ

639 1986 893 2042 nimirum
942 1984 998 2039 in
1010 1983 1231 2039 nomine
1248 1997 1322 2038 ac
1346 1981 1548 2037 virtute
1573 1981 1743 2051 ipsius
1760 1980 2010 2035 fecerunt
2038 1978 2205 2033 mira-

640 2080 766 2136 bilia
795 2091 1131 2149 quaecunque
1161 2074 1430 2130 fecerunt.

710 2171 874 2226 Vsus.
904 2169 994 2225 20.
1026 2187 1045 2221 ι
1079 2166 1541 2222 Tunclocutuses
1561 2165 1614 2220 in
1638 2164 1848 2220 visione
1869 2163 1993 2219 ﬁliis
2014 2161 2142 2217 tuis.
2181 2179 2200 2213 ι

710 2262 941 2330 Quando
968 2261 1113 2316 Deus
1135 2261 1405 2316 exsistens
1438 2257 1673 2314 Verbum
1703 2268 1869 2312 natus
1888 2265 1972 2312 est
1997 2256 2065 2311 de
2080 2270 2205 2310 mu-

640 2357 793 2421 liere,
833 2363 889 2411 et
938 2354 1201 2426 processit
1244 2354 1432 2418 homo,
1463 2366 1693 2406 manens
1746 2351 1825 2406 uti
1864 2358 1982 2405 erat
2013 2349 2154 2406 Deus
2186 2365 2201 2415 ;

642 2460 773 2505 tunc
819 2448 1131 2503 unctionem
1171 2454 1393 2517 propter
1438 2453 1491 2499 te
1535 2443 1842 2514 accipiens,
1892 2441 2207 2497 nominatus

620 2554 724 2599 est
749 2543 1020 2598 Christus.
1053 2539 1190 2595 Cum
1219 2539 1368 2594 enim
1411 2536 1647 2593 Verbum
1672 2544 1823 2592 esset
1844 2534 2007 2599 Deus,
2035 2543 2091 2588 et
2114 2549 2208 2589 rex

643 2642 770 2689 ante
800 2631 996 2687 saecula
1023 2629 1333 2694 exsisteret,
1372 2636 1561 2684 nostra
1591 2628 1693 2683 sibi
1719 2626 2118 2697 appropriavit,
2148 2634 2209 2680 ut

642 2736 697 2781 et
726 2740 825 2780 nos
849 2739 912 2779 ea
944 2740 1066 2794 qua:
1093 2723 1264 2793 ipsius
1292 2729 1420 2776 sunt
1448 2720 1893 2789 adipisceremur.

710 2817 876 2871 Vsus.
902 2816 991 2871 27.
1035 2834 1054 2866 ι
1078 2812 1482 2884 lpseinvocabit
1509 2827 1617 2874 me.
1639 2810 1797 2865 Pater
1825 2825 1981 2865 meus
1996 2824 2057 2864 es
2078 2818 2156 2864 tu.
2182 2827 2203 2861 ι

711 2908 922 2965 Rursus
952 2909 1043 2963 hic
1072 2921 1171 2978 per
1196 2903 1658 2976 dispensationem
1697 2903 2010 2957 incarnatus
2038 2902 2207 2958 Deum

643 3014 801 3054 suum
877 2997 1090 3054 Patrem
1148 2995 1403 3067 appellat,
1434 2991 1621 3048 dicens
1651 3009 1664 3044 :
1695 2992 1837 3045 Vada
1875 2990 1944 3045 ad
1990 2988 2209 3044 Patrem

645 3108 819 3147 meum
842 3100 891 3146 et
930 3090 1144 3145 Patrem
1178 3099 1431 3152 vestrum,
1466 3094 1515 3140 et
1554 3084 1724 3139 Deum
1756 3100 1928 3138 meum
1957 3092 2007 3137 et
2040 3081 2209 3136 Deum

643 3185 952 3241 uestrum”.
981 3184 1251 3253 Propheta
1293 3180 1440 3237 enim
1470 3180 1539 3235 de
1581 3178 1702 3248 ipso
1744 3175 2049 3231 vaticinans
2094 3174 2168 3229 ait
2193 3192 2205 3226 :
2234 3206 2277 3275 α

646 3280 880 3335 Puerum
920 3277 1013 3348 qui
1055 3284 1217 3332 natus
1247 3282 1332 3330 est
1365 3287 1489 3328 esse
1526 3271 1699 3326 Deum
1730 3268 1948 3335 fortem,
1991 3265 2208 3322 Patrem

646 3372 813 3427 futuri
848 3368 1032 3424 saeculi
1064 3367 1127 3424 “.

713 3461 876 3517 Vens.
908 3462 997 3516 5t.
1036 3477 1057 3511 ι
1088 3458 1276 3526 Neque
1301 3452 1511 3510 nocebo
1544 3453 1602 3507 in
1629 3451 1861 3508 veritate
1884 3463 2030 3506 mea.
2070 3466 2090 3500 ι

714 3552 888 3609 Semel
930 3560 1090 3608 vocat
1131 3547 1339 3606 decreti
1383 3545 1788 3611 certitudinem,
1831 3552 1892 3599 ut
1913 3542 2058 3612 quod
2098 3555 2213 3597 non

643 3644 895 3701 admittat
920 3641 1299 3697 mutationem.
1342 3637 1478 3693 Illud
1502 3645 1721 3691 autem:
1742 3633 1932 3689 Juravi
1953 3634 2008 3688 in
2030 3641 2213 3689 sancto

645 3752 760 3808 meo
788 3776 803 3801 ,
835 3734 889 3789 id
943 3741 1048 3796 est,
1088 3729 1267 3802 juravi
1313 3743 1414 3799 per
1452 3725 1795 3781 sanctitatem
1832 3738 2035 3778 meam.
2076 3721 2212 3777 Cum

644 3830 793 3881 enim
822 3840 931 3880 non
961 3824 1188 3880 haberet
1231 3836 1329 3892 per
1356 3818 1489 3889 quid
1522 3817 1699 3888 majus
1726 3817 1935 3889 jurare,
1966 3830 2064 3886 per
2088 3830 2215 3869 san-

646 3921 889 3974 ctitatem
912 3930 1065 3971 suam
1087 3913 1313 3985 iuravit.

744 4008 906 4062 Vsus.
959 4005 1049 4059 40.
1115 4002 1471 4059 «Profanasti
1532 4002 1589 4056 in
1643 4010 1785 4055 terra
1846 3998 2211 4055 sanctuarium

647 4111 820 4156 tuum.
858 4117 878 4150 ι

722 4190 884 4245 Omni
926 4187 1219 4245 securitate
1254 4187 1432 4258 ipsum
1462 4185 1705 4256 spoliasti
1738 4203 1752 4239 :
1788 4199 1915 4239 nam
1942 4183 2215 4240 mmnibus

644 4283 923 4338 civitatum
953 4280 1152 4351 quibus
1192 4278 1499 4334 conﬁdebat
1529 4276 1758 4343 eversis,
1780 4276 2033 4332 ﬁduciam
2050 4277 2215 4331 amit-

651 4387 795 4437 tens,
832 4373 885 4426 in
922 4360 1427 4441 pusillanimitatem
1450 4368 1663 4424 incidit.

2306 1985 2384 2057 τῷ
2409 1986 2637 2057 ὀνόματι
2666 1985 2831 2039 αὑτοῦ
2864 1985 2957 2039 καὶ
2985 1989 3051 2057 τῇ
3084 1986 3315 2057 δυνάμει
3346 1984 3505 2040 αὑτοῦ
3531 1990 3803 2047 ὲποὶουνόσα

2306 2078 2527 2130 ὲποίουν
2556 2076 2858 2148 παράδοξα.

2380 2186 2401 2222 ι
2430 2170 2568 2223 Τότε
2593 2170 2863 2239 ἐλάλησας
2898 2171 2955 2221 ὲν
2992 2168 3181 2238 ὁράσει
3200 2169 3317 2232 τοῖς
3346 2168 3477 2232 υἱοῖς
3505 2186 3608 2224 σου.
3636 2190 3651 2223 ο

2380 2261 2511 2315 Ὅτε
2560 2261 2696 2325 Θεὸς
2739 2260 2816 2314 ὣν
2863 2262 2891 2315 ό
2918 2261 3092 2329 Λόγος
3128 2260 3399 2333 ἐγεννήθη
3434 2260 3567 2315 κατά
3604 2264 3746 2333 σάρκα
3763 2264 3800 2317 ir

2307 2353 2585 2422 γυναικὸς,
2639 2353 2736 2407 καὶ
2792 2354 3065 2425 προῆλθεν
3127 2352 3439 2424 ἅνθρωπος,
3480 2356 3639 2424 μένων
3676 2356 3734 2418 ὡς
3760 2352 3800 2426 ἦν

2306 2446 2459 2510 Θεός·
2488 2446 2610 2500 τότε
2641 2445 2741 2517 τὴν
2774 2444 2958 2516 χρίσιν
2998 2445 3086 2499 διὰ
3118 2444 3179 2497 σὲ
3208 2441 3413 2507 λαϐὼν,
3437 2444 3695 2515 ὠνομάσθη
3715 2446 3800 2515 Χρι-

2309 2540 2454 2602 στός.
2477 2537 2610 2602 Θεὸς
2637 2537 2747 2609 γὰρ
2773 2535 2893 2589 ὣνό
2910 2536 3104 2605 Λόγος,
3134 2535 3231 2589 καὶ
3264 2535 3516 2605 βασιλεὺς
3535 2536 3630 2607 πρὸ
3656 2537 3803 2589 αἰώνων

2307 2629 2592 2701 ὑπάρχων,
2652 2629 3024 2699 ίδιοποιήσατο
3054 2628 3126 2683 τὰ
3157 2630 3431 2700 ἡμέτερα,
3462 2628 3544 2682 ἵνα
3577 2629 3658 2683 καὶ
3693 2631 3802 2700 ἡμεῖς

2307 2723 2376 2777 τά
2407 2721 2575 2777 αὐτοῦ
2599 2722 3013 2793 πλουτήσωμεν.

2384 2834 2404 2867 ι
2441 2814 2614 2878 Αὐτὸς
2639 2813 3028 2869 ὲπικαλέσεταί
3064 2830 3155 2885 με,
3189 2813 3386 2885 Πατήρ
3426 2830 3522 2883 μου
3548 2809 3592 2866 εἷ
3618 2812 3687 2867 σύ.
3715 2831 3730 2865 ι

2382 2906 2551 2961 Πάλιν
2580 2906 2815 2961 ἐνταῦθα
2836 2905 3204 2977 οἰκονομικῶς
3242 2904 3273 2960 ό
3302 2907 3689 2977 σεσαρκωμένος
3716 2906 3806 2959 Θεὸν

2309 2998 2505 3052 ἑαυτοῦ
2544 2998 2639 3052 τὸν
2677 2998 2901 3069 Πατέρα
2931 2997 3110 3059 καλεῖ,
3135 2997 3336 3063 λέγων’
3375 2996 3671 3066 Πορεύομαι
3704 2999 3805 3065 πρὸς

2292 3092 2417 3169 ,τὸν
2442 3088 2675 3157 Πατέρα
2692 3106 2812 3159 μου
2848 3089 2947 3142 καὶ
2986 3088 3219 3157 Πατέρα
3249 3074 3459 3159 ὑμῶν,
3478 3088 3570 3141 καί
3596 3090 3807 3154 Θεόνμσυ

2309 3182 2411 3238 καί
2439 3182 2587 3238 Θεὸν
2612 3181 2801 3252 ὑμῶν.
2845 3181 2906 3235 '0
2928 3182 3037 3253 γὰρ
3070 3182 3368 3253 προφήτης
3384 3179 3515 3252 φησὶ
3540 3182 3653 3253 περὶ
3673 3179 3803 3241 movi.

2309 3275 2525 3329 παιδίον
2546 3272 2885 3344 γεννώμενον
2910 3274 3298 3347 προφητεύων,
3322 3274 3453 3328 Θεὸν
3473 3274 3664 3347 ἰσχυρὸν
3678 3274 3806 3341 Damt)

2309 3367 2496 3433 αὑτὸν,
2522 3367 2745 3437 Πατέρα
2766 3366 2861 3420 τοῦ
2898 3365 3182 3444 μέλλοντος
3216 3367 3438 3430 αἰῶνος.

2288 3530 2291 3533 _
2384 3478 2405 3512 ι
2446 3459 2582 3514 Οὐδὲ
2613 3459 2689 3531 μὴ
2713 3454 2958 3530 ἀδικήσω
2982 3461 3039 3512 ἐν
3068 3462 3134 3530 τῇ
3167 3458 3409 3531 ἀληθείᾳ
3451 3476 3567 3530 μου.
3601 3478 3617 3509 ι

2382 3551 2584 3617 Ἀπαξ
2633 3550 2792 3605 καλεῖ
2826 3553 2888 3605 τὸ
2910 3550 3129 3621 βέϐαιον
3152 3551 3257 3622 τῆς
3299 3551 3634 3620 ἀποφάσεως,
3678 3549 3732 3611 ὡς
3762 3548 3802 3598 οὐ

2310 3645 2611 3716 δεχομένης
2636 3646 3023 3717 παρατροπήν.
3062 3644 3137 3698 Τὸ
3155 3644 3214 3698 δέ
3238 3661 3257 3678 ’
3282 3645 3514 3715 Ὠμοσα
3544 3644 3608 3697 ἐν
3626 3641 3687 3708 τῷ
3706 3642 3799 3709 ἀτάρ

2308 3755 2450 3807 μου,
2494 3736 2620 3792 ἀντὶ
2647 3735 2767 3803 τοῦ,
2806 3736 3024 3807 Ὠμοσα
3078 3735 3224 3790 κατά
3273 3736 3376 3807 τῆς
3423 3734 3785 3804 ἀγιωσύνηςμου-

2327 3828 2548 3899 Ἐπειδὴ
2586 3827 2695 3899 γὰρ
2738 3828 2842 3881 οὐκ
2889 3822 3004 3898 εἶχε
3030 3826 3172 3882 κατά
3210 3828 3461 3899 μείζονος
3493 3827 3681 3897 ὀμόσαι,
3702 3819 3789 3875 uti

2312 3922 2413 3990 τῆς
2440 3918 2758 3989 ἁγιωσύνης
2783 3917 2969 3989 ὤμοσε
2998 3919 3099 3988 τῆς
3120 3918 3315 3975 αὐτοῦ.

2393 4026 2412 4056 ι
2457 4008 2835 4079 Ἐὁεδήλωσας
2863 4009 2946 4070 εἰς
2980 4008 3081 4079 τὴν
3116 4008 3221 4080 γῆν
3258 4008 3324 4063 τὸ
3362 4007 3599 4078 ἀγίασμα
3632 3998 3797 4059 αὐτοῦ.»

2387 4186 2575 4259 Πάσης
2611 4187 2771 4241 αὐτὸν
2809 4186 3115 4257 ἀσφαλείας
3149 4188 3497 4259 ἐγύμνωσαςο
3534 4176 3696 4257 ὲφόἷς
3732 4180 3805 4253 γὰρ

2315 4276 2536 4349 ἐθάρρει
2584 4277 2693 4330 τῶν
2742 4278 2950 4331 πόλεων
2990 4279 3324 4351 περιὸόλοις,
3393 4281 3702 4351 παυσάμενος
3744 4274 3807 4327 τσῧ

2317 4368 2560 4440 θαρρεῖν,
2581 4369 2676 4422 ἐπὶ
2718 4369 2920 4422 δειλίαν
2940 4370 3325 4427 ἐκπέπτωκεν.

696 4464 859 4519 Vsus.
881 4463 971 4518 47.
1004 4481 1023 4515 ι
1052 4461 1364 4531 Usquequo,
1390 4460 1635 4525 Domine,
1660 4460 1861 4515 avertis
1879 4459 1933 4513 in
1953 4458 2114 4514 ﬁnem
2138 4458 2161 4511 ?
2188 4476 2208 4509 ι

2392 4481 2411 4513 ι
2448 4462 2595 4525 Ἕως
2627 4461 2778 4526 πότε,
2808 4462 3003 4532 Κύριε,
3027 4464 3355 4536 ἀποστρέφῃ
3382 4464 3461 4527 είς
3488 4463 3646 4526 τέλος
3677 4480 3693 4511 ι
3770 4481 3777 4489 ⁸

711 4553 1005 4618 Memento,
1062 4552 1318 4622 inquiunt
1368 4552 1461 4622 qui
1534 4553 1650 4607 brec
1694 4552 1901 4617 dicunt,
1952 4550 2211 4620 quoniam

641 4659 831 4704 natura
862 4646 1156 4701 mutabiles
1198 4660 1407 4713 sumus,
1434 4661 1560 4700 cum
1590 4645 1764 4699 simus
1795 4645 1967 4699 libero
1999 4641 2211 4713 praediti

639 4738 885 4803 arbitrio,
939 4750 1011 4791 ne
1048 4735 1117 4790 ad
1177 4735 1512 4806 impietatem
1568 4734 1959 4789 exorbitemus.
2029 4733 2211 4789 Possis

640 4831 806 4885 etiam
841 4828 1025 4884 dicere
1073 4836 1346 4893 naturam,
1401 4842 1629 4895 eamque
1674 4825 1856 4890 talem,
1909 4824 2207 4880 secundum

638 4938 802 4993 quam
831 4920 955 4992 quis
986 4920 1161 4990 pbssit
1187 4918 1393 4988 aliquid
1423 4916 1685 4972 molestia:
1706 4917 1997 4973 sustinere.

1171 5008 1494 5066 PSALMUS
1538 5008 1650 5065 XC.

706 5104 870 5160 Vens.
899 5104 955 5159 2.
986 5124 1005 5157 ι
1041 5105 1187 5160 Deus
1224 5118 1402 5168 meus,
1425 5101 1658 5172 sperabo
1684 5100 1738 5155 in
1767 5116 1911 5156 eum.
1941 5119 1959 5153 ι

732 5196 893 5253 Vides
935 5207 1198 5269 quantam
1248 5195 1446 5250 habeat
1497 5194 1643 5265 apud
1686 5194 1859 5248 Deum
1909 5192 2204 5249 ﬁduciam?

634 5290 832 5345 Totum
883 5291 1031 5346 enim
1079 5286 1430 5356 semetipsum
1493 5283 1895 5354 quodammodo
1954 5282 2056 5352 ipsi
2103 5284 2200 5338 de-

633 5384 839 5449 dica'ns,
854 5382 909 5437 in
938 5396 1004 5437 eo
1029 5392 1247 5434 omnem
1276 5375 1468 5432 salutis
1494 5389 1647 5445 spem
1671 5374 1853 5429 habet.
1885 5374 1989 5429 Ter
2010 5375 2202 5429 beatus

631 5484 816 5529 autem
865 5470 1113 5543 quisquis
1150 5478 1235 5524 est
1286 5466 1635 5532 istiusmodi;
1666 5474 1721 5520 et
1766 5466 1914 5521 omni
1941 5465 2199 5521 felicitate

632 5564 822 5635 plenus
843 5564 965 5618 erit.
980 5560 1140 5615 Canit
1162 5559 1326 5630 igitur
1347 5558 1537 5615 beatus
1560 5556 1746 5624 David,
1777 5566 1831 5612 et
1858 5557 1959 5612 ait:
1979 5558 2200 5613 Domine

628 5654 772 5710 Deus
799 5654 1070 5719 virtutum,
1102 5651 1283 5705 beatus
1315 5652 1466 5705 homo
1489 5650 1579 5721 qui
1603 5658 1785 5717 sperat
1816 5649 1940 5705 inte
1962 5651 2027 5705 ”.

2387 4553 2694 4624 Μνήσθητι,
2732 4555 2898 4624 φασὶν
2949 4555 2999 4608 οῑ
3037 4555 3212 4609 ταῦτα
3236 4557 3506 4625 λέγοντες,
3533 4556 3608 4610 ὅτι
3642 4548 3811 4625 span-toi

2315 4646 2414 4716 τὴν
2441 4645 2600 4714 φύσιν
2640 4646 2986 4717 ὑπάρχομεν,
3012 4646 3165 4710 δντες
3195 4648 3551 4713 αὐτεξούσιοι,
3579 4646 3737 4716 μήπως
3756 4641 3813 4700 εἱς

2296 4733 2574 4788 ἀσέϐειαν
2600 4734 2986 4806 ὲξοκείλωμεν.
3029 4738 3228 4807 Δέγοις
3270 4735 3316 4791 δ’
3341 4738 3408 4793 ἄν
3446 4737 3723 4795 ὑπόστασιν,
3746 4729 3813 4783 καὶ

2315 4825 2414 4896 τὴν
2461 4824 2584 4879 καθ’
2615 4826 2683 4896 ἢν
2734 4827 3033 4899 ὑποστῆναι
3076 4846 3163 4893 τις
3200 4828 3427 4884 δύναταί
3475 4846 3525 4882 τι
3553 4827 3649 4879 τῶν
3673 4819 3813 4877 ἐπιπό-

2314 4934 2442 4971 νων.

2899 5012 3195 5073 ΨΑΛΜΟΣ
3229 5022 3302 5085 ιβ.

2388 5126 2406 5156 ι
2457 5105 2515 5159 '0
2553 5105 2684 5169 Θεός
2709 5124 2835 5177 μου,
2861 5106 3066 5173 ἐλπίζω
3100 5109 3188 5163 ἐπ’
3217 5108 3400 5163 αὐτόν.
3441 5127 3461 5160 ι

2393 5197 2557 5269 Ὁρᾷς
2577 5199 2712 5270 ὅσην
2735 5197 2850 5269 ἔχει
2876 5200 3195 5272 παρῤησίαν
3215 5201 3369 5273 παρά
3389 5196 3518 5253 Θεοῦ
3536 5214 3551 5264 ;
3580 5196 3715 5250 Ὀλον
3731 5192 3808 5262 γὰρ

2306 5288 2501 5342 ἑαυτὸν
2549 5288 2739 5359 ὥσπερ
2768 5288 2992 5353 ἀναθεὶς
3027 5290 3201 5361 αὐτῷ,
3253 5293 3342 5344 ἐπ’
3370 5288 3513 5360 αὑτῷ
3548 5288 3703 5340 πᾶσαν
3728 5284 3809 5350 ἔχει

2305 5380 2402 5435 τοῦ
2436 5379 2708 5445 σώζεσθαι
2742 5382 2841 5453 τὴν
2870 5383 3087 5438 ἐλπίδα.
3119 5384 3529 5456 Τρισμακάριος
3550 5380 3602 5435 δὶ
3631 5374 3809 5434 δτοιοῦ·

2305 5490 2415 5535 τος·
2435 5474 2531 5526 καὶ
2558 5473 2777 5545 ἀπάσης
2800 5477 3100 5548 εὐημερίας
3118 5477 3270 5532 ἔσται
3287 5478 3497 5549 μεστός.
3515 5472 3697 5528 Talin
3714 5466 3810 5536 γοῦν

2306 5567 2335 5619 ὁ
2385 5566 2660 5637 μακάριος
2709 5568 2897 5634 Δαϐὶδ,
2940 5571 3035 5624 καί
3071 5589 3205 5644 φησι
3231 5586 3247 5604 ’
3278 5573 3472 5640 Κύριε,
3519 5572 3551 5624 ό
3573 5567 3698 5626 Θεὸς
3722 5557 3808 5614 τῶν

2304 5656 2639 5727 δυνάμεων,
2664 5659 2963 5730 μακάριος
2992 5662 3301 5735 ἅνθρωπος
3318 5666 3351 5720 ό
3370 5660 3607 5723 ἐλπίζων
3631 5655 3712 5711 ἐπὶ
3735 5650 3805 5705 σι.

705 5831 746 5860 ⁸⁸
784 5826 827 5881 ll
859 5828 987 5901 Reg.
1020 5845 1115 5895 vn,
1152 5829 1240 5883 ιε.
1317 5831 1359 5861 ¹¹
1394 5827 1551 5884 Joan.
1582 5844 1672 5895 xx,
1708 5828 1799 5883 17.
1882 5830 1925 5861 "
1965 5826 2068 5884 lsa.
2121 5843 2197 5896 rx,

2371 5829 2414 5863 “
2454 5828 2595 5887 Psal.
2624 5846 2844 5903 uxxtu,
2880 5834 2967 5891 l3.
