4032 6410
203 389 340 455 1255

276 525 295 558 ι
324 506 517 575 "om.
557 505 828 559 κυκλώσει
861 522 920 558 σε
945 506 978 576 ἡ
1000 503 1226 574 ἀλήθεια
1256 501 1443 557 αὑτοῦ.
1471 522 1489 554 ι

279 598 338 653 Ὀ
374 598 550 652 πάντα
578 598 841 667 γενναίως
873 598 1057 667 φέρων
1084 597 1246 659 αὑτά,
1278 595 1347 648 τὰ
1378 597 1519 650 αὑτὰ
1549 595 1628 666 τῷ
1655 596 1775 650 Ἰὼϐ

189 692 364 761 λέγει’
394 688 465 751 Ει
497 690 571 745 τὰ
603 690 794 761 ἀγαθὰ
826 688 1156 758 ἐδεξάμεθα
1195 689 1263 742 ἐκ
1302 689 1499 758 χειρὸς
1531 689 1773 757 Κυρίου,

187 783 266 837 τὰ
296 786 453 836 κακὰ
508 783 623 849 οὐχ
659 782 1030 851 ὑποίσομεν;
1082 780 1178 845 Ὠς
1225 780 1306 846 τῷ
1344 780 1539 851 Κυρίῳ
1564 779 1777 844 ἔδοξεν

187 877 385 945 οὕτως
416 875 518 930 καὶ
555 874 819 946 ἐγένετο.
866 875 924 927 '0
952 871 1048 929 οὖν
1094 876 1152 927 ἐν
1183 874 1461 936 τοσούτοις
1492 870 1774 945 κατορθῶ-

193 987 364 1042 μασιν
414 968 679 1041 εὑρεθεὶς,
728 953 851 1023 οὑδὲ
898 968 988 1021 τὸν
1027 963 1642 1038 μετασχηματιζόμενον
1695 964 1776 1026 εἰς

188 1060 429 1131 ἄγγελον
481 1061 660 1131 φωτὸς
707 1059 952 1114 διάϐολον
998 1058 1271 1127 φοϐεῖται,
1321 1057 1451 1110 ὄντα
1497 1054 1776 1125 δαιμόνιον

190 1150 597 1225 μεσημϐρινὸν,
647 1150 744 1204 καὶ
791 1150 1031 1220 ἀκμαῖον
1077 1146 1194 1219 φῶς
1230 1145 1641 1217 ἐπαγγέλλεται
1686 1144 1778 1199 διὰ

186 1242 515 1313 φιλοσοφίας
541 1241 639 1295 καὶ
691 1240 856 1312 κενῆς
890 1239 1127 1309 ἀπάτης.
1159 1238 1301 1293 Αὐτὸ
1324 1238 1482 1293 τοῦτο
1509 1237 1630 1293 ὅλον
1660 1238 1778 1291 ἐστὶ

185 1334 470 1407 δαιμόνιον
521 1332 921 1405 μεσημϐρινὸν.
975 1333 1091 1386 Οὑκ
1119 1330 1282 1395 αὑτὸς
1323 1329 1380 1384 δέ
1428 1329 1612 1401 μόνος,
1641 1328 1777 1383 ἀλλὰ

186 1428 289 1481 καὶ
327 1428 377 1480 οἱ
407 1426 646 1482 διάκονοι
689 1423 876 1490 αὑτοῦ,
911 1422 1520 1495 μετασχηματιζόμενοι
1548 1422 1629 1485 εἰς
1659 1420 1778 1474 δια-

189 1518 386 1582 κόνους
430 1516 802 1587 δικαιοσύνης,
864 1516 1121 1586 δαιμόνια
1191 1512 1543 1585 μεσημϐρινὰ
1613 1512 1773 1565 εἰσιν.

198 1609 351 1663 Ἀλλ’
388 1613 437 1663 εί
479 1611 576 1663 καὶ
622 1610 1002 1679 προσποιεῖται
1041 1606 1248 1661 τούτων
1280 1606 1511 1669 ἕκαστος
1556 1622 1775 1676 μεσημ-

187 1702 379 1773 ϐρινὸς
414 1698 572 1768 εἶναι,
600 1702 661 1755 οὑ
687 1701 1006 1773 διαμένουσι
1034 1700 1269 1755 τοιοῦτοι
1295 1694 1400 1754 οἷοι
1436 1695 1577 1753 εῖναι
1609 1716 1777 1769 προσ-

188 1796 500 1861 ποιοῦνται,
549 1794 991 1865 σϐεσθησομένου
1038 1792 1134 1847 τοῦ
1173 1794 1353 1863 φωτὸς
1395 1793 1505 1846 τῶν
1533 1791 1769 1858 ἀσεϐῶν,

185 1891 325 1945 ὅταν
380 1892 409 1943 ὁ
463 1887 699 1961 Χριστὸς
735 1886 906 1941 ἐλθὼν
937 1927 954 1952 ,
1007 1886 1242 1955 Φωτίσῃ
1292 1884 1366 1939 τὰ
1394 1884 1629 1955 κρυπτὰ
1662 1885 1771 1940 τοῦ

187 1982 477 2048 σκότους,
518 1980 618 2039 καί
676 1980 785 2048 τὰς
840 1979 1079 2047 ,ϐουλὰς
1124 1979 1246 2034 τῶν
1292 1976 1552 2048 καρδιῶν
1592 1996 1773 2048 φανε-

181 2075 380 2143 903021-

268 2187 289 2219 ε
326 2168 580 2221 Πεσεῖται
604 2166 669 2220 ἐκ
698 2163 791 2225 τοῦ
817 2166 1033 2230 κλίτους
1060 2183 1155 2221 σου
1188 2165 1387 2236 χιλιὰς.
1427 2183 1446 2218 ι

265 2261 335 2313 Δί
371 2260 634 2329 μυριάδες
657 2258 731 2322 ὼς
759 2258 825 2312 ἂν
847 2258 1259 2330 κραταιοτέροις
1290 2259 1385 2313 καὶ
1404 2258 1773 2330 ἰσχυροτέροις

196 2355 312 2416 τοῖς
341 2351 536 2417 δεξιοῖς
575 2349 959 2405 ἐπεϐούλευον.
990 2350 1154 2403 Ἀλλά
1185 2352 1280 2405 καὶ
1302 2351 1519 2416 πλείους
1546 2352 1686 2405 εἰσὶν
1722 2353 1774 2405 οί

200 2446 291 2499 διά
323 2444 427 2498 τῶν
452 2445 761 2499 δοκούντων
788 2439 928 2497 εἶναι
958 2443 1151 2511 δεξιῶν
1181 2444 1497 2507 πίπτοντες,
1542 2443 1690 2514 ἤπερ
1725 2445 1773 2497 0i

204 2537 493 2610 προφανῶς
551 2536 981 2607 ἁμαρτάνοντες.
1044 2535 1405 2607 Δικαιώματα
1480 2538 1591 2607 γάρ
1652 2555 1773 2591 τινα

204 2632 651 2705 προϐαλλόμενοι,
676 2628 1091 2703 περιπείρονται
1164 2630 1469 2704 ἁμαρτίαις
1517 2630 1626 2683 τῶν
1676 2633 1774 2685 ἀν-

197 2723 431 2793 θρώπων
457 2726 506 2778 0i
541 2723 783 2788 πλείους.

759 2817 1047 2871 “mox
1096 2819 1210 2884 tzv.

264 2927 287 2962 ε
329 2910 573 2962 Ἔσωσεν
596 2908 743 2979 αὑτῷ
769 2910 802 2978 ἡ
829 2906 978 2972 δεξιὰ
1007 2907 1195 2963 αὑτοῦ.
1228 2927 1249 2961 ι

263 3004 378 3057 Καὶ
410 3003 465 3057 τί
513 3001 671 3057 τοῦτο
696 3003 1010 3073 θαυμαστὸν
1059 3002 1208 3073 ἔχεις
1256 3002 1384 3055 ἐπεὶ
1427 3003 1642 3066 πάντως
1687 3002 1777 3056 διὰ

189 3097 398 3158 κακίας
426 3094 736 3167 ὑπερϐολὴν
778 3093 1181 3166 ἀπαγορευθεὶς
1226 3094 1475 3165 ὑπῆρχεν
1508 3096 1535 3147 ὁ
1561 3093 1775 3163 ἄνθρω-

1311 388 1771 449 FRAGMENTA
1823 388 1905 449 IN
1946 391 2304 455 PSALMOS.
3071 472 3081 486 .

1806 507 1851 560 A
1943 506 2107 562 Vens.
2143 508 2195 563 5.
2230 529 2247 560 ι
2278 508 2443 564 Scuto
2471 506 2832 563 circumdabit
2856 514 2910 561 te
2944 500 3148 560 veritas
3174 505 3310 576 ejus.
3352 522 3370 555 ι

3318 386 3451 449 1266

1948 600 2053 667 Qui
2095 600 2183 654 illa
2226 601 2411 654 omnia
2457 616 2724 671 generose
2777 599 3035 663 sustinet,
3084 596 3275 653 eadem
3323 612 3449 651 cum

1876 694 2015 749 Jobo
2062 694 2229 749 dicit:
2262 693 2321 748 Si
2360 694 2493 747 bona
2528 693 2847 761 suscepimus
2885 690 2947 744 de
2994 706 3157 743 manu
3216 687 3449 752 Domini,

1878 784 2024 837 mala
2069 801 2165 838 cur
2202 801 2306 837 non
2344 782 2754 836 sustinebimus?
2781 780 2929 837 Sicut
2974 780 3193 837 Domino
3225 779 3450 848 placuit,

1876 878 1953 929 ita
1987 876 2183 946 factum
2218 885 2295 929 est
2318 875 2454 928 ¹⁸·¹⁶.
2479 873 2579 941 Qui
2604 874 2768 947 igitur
2796 876 2852 928 in
2884 874 3049 930 tantis
3080 875 3265 945 probis
3295 874 3454 929 factis

1878 969 2135 1023 inventus
2174 966 2359 1034 fuerit,
2397 983 2577 1038 neque
2624 967 2899 1022 diabolum
2932 968 2986 1021 in
3029 967 3282 1038 angelum
3316 967 3454 1020 lucis

1878 1060 2324 1116 transformatum
2370 1060 2582 1126 metuit,
2630 1076 2753 1115 cum
2801 1060 2868 1115 sit
2921 1060 3248 1115 daemonium
3289 1059 3453 1114 meri-

1877 1154 2124 1217 dianum,
2157 1162 2212 1207 et
2245 1152 2463 1207 fervens
2503 1152 2593 1207 lux
2635 1152 2990 1208 annuntietur
3015 1161 3240 1222 propter
3272 1151 3452 1222 philo-

1877 1245 2127 1315 saphiam
2176 1253 2233 1300 et
2301 1245 2519 1298 inanem
2579 1242 2872 1298 fallaciam.
2934 1241 2991 1298 Id
3046 1243 3227 1313 ipsum
3277 1249 3452 1298 totum

1876 1347 1962 1395 est
1989 1337 2320 1393 daemonium
2350 1334 2739 1409 meridianum.
2771 1330 2890 1389 Non
2917 1333 3066 1391 solus
3091 1343 3278 1388 autem
3311 1333 3451 1403 ipse,

1876 1442 2067 1483 verum
2096 1426 2261 1481 etiam
2287 1426 2523 1483 ministri
2555 1426 2695 1497 ejus,
2724 1426 2817 1496 qui
2848 1425 3215 1480 transformati
3244 1434 3372 1479 sunt
3398 1424 3451 1479 in

1876 1521 2159 1577 ministros
2192 1519 2439 1591 justitiae,
2472 1521 2741 1577 daemonia
2776 1519 3073 1577 meridiana
3099 1528 3246 1574 sunt.
3277 1516 3452 1573 Caete-

1876 1630 2022 1679 rum,
2063 1613 2168 1669 etsi
2219 1613 2451 1684 quilibet
2497 1614 2696 1668 horum
2742 1613 2963 1668 simulet
2999 1627 3057 1668 se
3088 1611 3448 1667 meridianum

1875 1720 2017 1773 esse,
2042 1723 2158 1763 non
2188 1716 2415 1763 manent
2449 1715 2630 1761 tamen
2661 1706 2797 1763 tales
2827 1706 3015 1776 quales
3042 1720 3100 1761 se
3129 1720 3249 1763 esse
3279 1706 3451 1759 simu-

1875 1802 2008 1866 lant,
2040 1800 2245 1867 lumine
2290 1800 2581 1870 impiorum
2611 1798 2922 1864 exstincto;
2957 1797 3175 1873 quando
3197 1796 3452 1852 Christus

1873 1891 2176 1959 advenerit,
2210 1892 2301 1963 qui
2331 1890 2651 1951 illumiuahit
2676 1890 2983 1945 abscondita
3012 1889 3368 1952 tenebrarum,
3398 1899 3447 1942 et

1873 1983 2229 2052 manifestabit
2260 1983 2483 2040 consilia
2511 1983 2751 2039 cordium
2782 1984 2846 2036 ".

1943 2164 2111 2220 Vens.
2141 2166 2197 2219 7.
2236 2182 2256 2216 ι
2283 2163 2494 2220 Cadent
2523 2180 2553 2219 a
2579 2165 2750 2220 latere
2782 2172 2877 2229 tuo
2903 2163 3071 2219 mille.
3114 2181 3136 2216 ι

1942 2257 2137 2313 Decem
2183 2257 2349 2313 millia
2389 2256 2597 2313 dextris
2629 2265 2887 2325 tanquam
2938 2253 3342 2325 potentioribus
3384 2268 3449 2309 ac

1874 2348 2190 2405 fortioribus
2221 2348 2475 2403 insidiata
2506 2358 2655 2405 sunt.
2697 2347 3082 2403 Verumtamen
3109 2346 3293 2416 plures
3322 2354 3450 2400 sunt

1872 2445 1965 2516 qui
1992 2444 2192 2500 cadant
2219 2458 2285 2498 eo
2311 2442 2455 2513 quod
2483 2458 2513 2497 a
2544 2442 2750 2498 dextris
2781 2457 2902 2497 esse
2945 2441 3251 2505 videantur,
3286 2455 3449 2509 quam

1872 2537 1963 2607 qui
1994 2534 2283 2591 manifeste
2314 2544 2564 2607 peccant.
2607 2534 2830 2590 Plurimi
2866 2533 3009 2589 enim
3042 2533 3294 2588 homines
3320 2531 3449 2586 dum

1869 2631 2107 2701 justitias
2144 2628 2355 2700 aliquas
2412 2644 2524 2699 prae
2578 2642 2637 2683 se
2680 2627 2884 2692 ferunt,
2943 2623 3178 2697 peccatis
3232 2621 3450 2678 transti-

1873 2729 2096 2792 guntur.

2357 2806 2676 2865 PSALMUS
2729 2807 2934 2864 XCVII.

1944 2900 2108 2959 Vens.
2146 2901 2195 2955 Ι.
2235 2919 2255 2954 ι
2281 2900 2522 2957 Salvavit
2552 2901 2654 2955 sibi
2690 2902 2912 2956 dextera
2936 2902 3075 2972 ejus.
3119 2919 3139 2953 ι

1944 2996 2152 3066 Ecquid
2174 2996 2279 3053 hoc
2299 2994 2426 3053 miri
2456 2995 2703 3051 continet
2726 2995 2749 3048 ?
2771 2994 3207 3064 quandoquidem
3235 3004 3452 3063 propter

1874 3102 2160 3143 excessum
2202 3087 2422 3143 malitias
2460 3086 2685 3144 omnino
2727 3086 2965 3156 rejectus
3017 3085 3183 3141 fuerit
3230 3086 3394 3140 homo
3430 3102 3445 3150 ;

188 3202 318 3250 1:0;‘
375 3185 459 3239 διὸ
514 3187 613 3257 τῆς
659 3184 756 3239 τοῦ
809 3183 944 3239 Θεοῦ
996 3183 1179 3248 δεξιάς
1233 3185 1329 3237 καὶ
1370 3184 1463 3237 τοῦ
1493 3184 1773 3256 βραχίονος

1875 3186 2208 3252 quapropter
2236 3178 2333 3234 Dei
2355 3180 2575 3234 dextera
2605 3178 2962 3249 ejusdemque
2993 3178 3218 3233 brachio
3258 3192 3453 3232 neces-

185 3278 512 3346 άναγκαίως
564 3276 771 3349 ἐδέησε,
823 3276 1024 3347 δηλαδὴ
1077 3274 1173 3330 τοῦ
1214 3276 1550 3345 Μονογενοῦς
1583 3275 1771 3331 αὑτοῦο

187 3370 367 3423 αὑτὸν
395 3367 504 3439 γὰρ
557 3366 957 3439 χαρακτηρίζει
1004 3365 1113 3420 τῶν
1153 3369 1461 3438 εἰρημένων
1488 3365 1771 3436 ἑκάτερον.

189 3461 339 3531 Περὶ
370 3454 431 3513 οὗ
460 3458 557 3512 καὶ
594 3460 826 3522 Ἡσαΐας
868 3456 1059 3528 φησιν’
1095 3456 1192 3523 Ὠς
1220 3457 1447 3527 ποιμὴν
1473 3456 1776 3527 ποιμαίνει

185 3555 257 3608 τὸ
290 3555 573 3626 ποίμνιον
602 3552 813 3617 αὐτοῦ,
845 3548 946 3605 καὶ
969 3551 1005 3605 ὁ
1020 3549 1295 3619 βραχίων
1310 3548 1497 3603 αὐτοῦ
1519 3547 1776 3612 συνάξει

184 3645 407 3715 ἄρνας.
458 3648 554 3699 "Ov
583 3646 643 3698 οὑ
676 3645 854 3715 μάτην
881 3646 908 3697 ὁ
930 3642 1239 3713 Ψαλμῳδὸς
1273 3641 1368 3695 νῦν
1392 3642 1777 3712 προσηγόρευ-

188 3754 287 3793 σεν
320 3737 496 3807 ἅγιον,
528 3736 645 3791 ἀλλ’
665 3737 724 3791 ἐν
763 3736 868 3808 ἰδίᾳ
892 3735 1065 3798 δεῖξαι
1096 3732 1286 3786 τοῦτον
1318 3731 1617 3785 ὑποστάσει
1649 3731 1776 3801 βου-

187 3827 447 3901 λόμενος.
494 3829 668 3895 Αὐτὸς
739 3828 922 3881 τοίνυν
980 3827 1043 3880 τὸ
1104 3825 1334 3896 πλάσμα
1382 3824 1445 3878 τὸ
1497 3824 1778 3887 ἀπολωλὸς

189 3922 425 3977 ἔσωσεν.
471 3921 607 3977 Οὑδέ
642 3920 751 3993 γὰρ
774 3916 906 3992 ἦλθε
950 3921 1135 3989 κρῖναι
1165 3916 1397 3989 κόσμον,
1427 3917 1566 3972 ἀλλὰ
1600 3916 1777 3971 σῶσαι

190 4015 289 4071 τὸν
318 4014 550 4085 κόσμον.

267 4126 292 4160 ι
343 4105 622 4177 Ἐμνήσθη
644 4104 738 4159 τοῦ
761 4104 945 4168 ἐλέους
966 4102 1133 4159 αὑτοῦ
1162 4102 1242 4174 τῷ
1280 4099 1496 4155 Ἰακώϐ.
1537 4119 1557 4155 ι

276 4282 423 4335 ’Δνο’
452 4282 575 4336 ὅτου
618 4280 708 4334 τὸν
753 4279 947 4335 Ἰακὼϐ
981 4280 1176 4345 εἰπὼν,
1208 4280 1309 4334 οὑκ
1337 4278 1606 4350 ὴρκέσοη,
1637 4278 1780 4333 ἀλλὰ

191 4376 294 4429 καὶ
325 4376 425 4445 τὴν
454 4374 549 4429 τοῦ
587 4374 808 4445 Ἰσραὴλ
838 4374 1017 4428 οἰκίαν
1041 4372 1404 4446 προσέθηκεν,
1438 4372 1527 4425 ἵνα
1560 4372 1778 4434 πάντως

189 4468 414 4542 δηλώσῃ
441 4469 516 4531 ὼς
544 4466 756 4539 πράξας
790 4466 861 4520 τὰ
888 4466 983 4521 νῦν
1012 4466 1484 4538 προφητευόμενα,
1518 4458 1676 4529 οὗτος
1705 4462 1775 4538 ἦν

1877 3274 2020 3328 sario
2049 3272 2298 3343 indiguit,
2326 3272 2534 3329 scilicet
2560 3271 2854 3343 Unigenito
2905 3273 3025 3341 ejus
3051 3288 3065 3327 :
3100 3271 3278 3343 ipsum
3306 3271 3451 3325 enim

1878 3376 2105 3436 utraque
2154 3367 2518 3438 appellatione
2568 3367 2837 3438 designat,
2863 3368 2929 3421 de
2956 3382 3066 3436 quo
3097 3366 3260 3419 etiam
3290 3364 3455 3420 Isaias

1878 3459 1990 3513 ait:
2022 3458 2168 3514 Sicut
2208 3470 2390 3528 pastor
2420 3462 2587 3530 pascit
2623 3476 2829 3530 gregem
2874 3474 3051 3521 suum,
3093 3466 3140 3511 et
3181 3456 3454 3510 brachium

1876 3554 1991 3624 ejus
2021 3554 2351 3625 congregabit
2380 3570 2541 3625 agnos
2561 3554 2625 3607 ιδ.
2652 3552 2826 3619 Quem
2852 3566 2964 3604 non
2987 3550 3185 3605 frustra
3206 3549 3452 3604 Psalma-

1878 3651 1981 3706 dus
2008 3651 2170 3705 modo
2186 3659 2433 3706 sanctum
2465 3648 2775 3720 appellavit,
2799 3647 2927 3717 quia
2949 3646 3003 3702 in
3036 3646 3255 3716 propria
3278 3644 3454 3714 ipsum

1880 3740 2155 3813 hypostasi
2183 3740 2444 3795 exhibere
2492 3739 2727 3795 volebat.
2778 3738 2900 3808 Ipse
2943 3738 3110 3807 ipitur
3134 3736 3454 3807 ﬁgmentum

1879 3833 2153 3904 perditum
2181 3831 2439 3886 servavit.
2469 3830 2591 3885 Non
2629 3831 2775 3886 enim
2811 3830 2964 3885 venit
2990 3829 3273 3899 utjudicet
3295 3843 3455 3882 mun-

1878 3926 2030 3989 dum,
2062 3924 2158 3980 sed
2187 3933 2243 3979 ut
2280 3922 2541 3980 salvificet
2571 3923 2834 3978 mundum
2865 3922 2928 3974 ¹⁹.

1949 4098 2114 4155 Vens.
2165 4099 2219 4152 5.
2280 4116 2297 4149 ι
2333 4097 2535 4154 Memor
2579 4097 2682 4154 fuit
2741 4096 3126 4153 misericordia:
3188 4113 3300 4151 suae
3361 4098 3456 4153 Ja-

1880 4195 2002 4249 cob.
2033 4212 2053 4245 ι

1951 4285 2289 4357 Quapropter
2307 4298 2433 4340 cum
2461 4284 2626 4341 Jacob
2647 4283 2899 4349 dixisset,
2924 4300 3035 4338 non
3068 4286 3204 4341 satis
3232 4286 3309 4340 illi
3329 4285 3457 4353 fuit,

1881 4381 1976 4436 sed
2006 4381 2168 4435 etiam
2211 4378 2433 4435 domum
2480 4378 2645 4432 Israel
2672 4377 2943 4446 adjunxit,
2993 4386 3054 4432 ut
3103 4379 3330 4433 omnino
3363 4379 3460 4434 de-

1881 4475 2112 4529 clararet
2141 4472 2292 4527 illum
2320 4471 2412 4541 qui
2443 4487 2506 4526 ea
2536 4487 2657 4539 qua:
2680 4471 2841 4525 modo
2874 4470 3130 4539 praedicta
3159 4478 3288 4524 sunt
3316 4469 3462 4524 fece-

192 4565 222 4616 ὁ
272 4560 368 4613 τὸν
410 4559 604 4614 Ἰακὼϐ
636 4559 731 4612 καὶ
778 4558 869 4611 τὸν
910 4556 1129 4627 Ἰσραὴλ
1172 4556 1556 4625 ἐπονομάσας·
1586 4556 1776 4629 διόπερ

1886 4573 1985 4627 rat,
2015 4564 2269 4619 eumdem
2298 4578 2421 4618 esse
2449 4562 2542 4633 qui
2568 4561 2738 4617 Jacob
2772 4577 2991 4632 quoque
3020 4560 3183 4616 Israel
3210 4561 3462 4615 nomina-

193 4654 299 4708 καὶ
331 4651 447 4723 μετ’
498 4650 663 4703 αὑτοῦ
704 4649 953 4703 ἐπάλαιε·
981 4646 1340 4718 προτυπῶσαι
1374 4646 1435 4698 τὸ
1476 4647 1776 4717 μυστήριον

1884 4666 2038 4714 verat
2069 4675 2086 4724 ;
2122 4672 2188 4713 eo
2211 4657 2356 4726 quod
2378 4671 2503 4710 cum
2538 4655 2655 4725 ipso
2695 4655 2933 4710 luctatus
2960 4654 3152 4708 fuisset
3181 4671 3198 4720 ;
3229 4669 3327 4724 per
3355 4654 3463 4707 hoc

196 4743 489 4816 βουληθεὶς
510 4743 609 4813 τῆς
640 4740 990 4812 σαρκώσεως·
1038 4738 1238 4809 σαρκὸς
1273 4738 1381 4807 γὰρ
1429 4737 1489 4790 τὸ
1528 4738 1776 4790 παλαίειν

1881 4751 2072 4805 volens
2098 4748 2445 4820 prmﬁgurare
2476 4747 2795 4819 mysterium
2818 4746 3210 4802 incarnationis
3236 4762 3252 4812 ;
3288 4746 3463 4814 siqui-

195 4836 301 4893 καὶ
330 4833 761 4905 περιπλέκεσθαι
791 4832 943 4887 ἴδιον.
988 4830 1266 4901 Ἐμνήσθη
1295 4829 1480 4883 τοίνυν
1503 4828 1609 4882 τῶν
1642 4827 1776 4901 πρὸς

1885 4844 2008 4898 dem
2052 4842 2231 4898 carnis
2279 4839 2559 4910 proprium
2607 4849 2693 4896 est
2737 4838 2934 4896 luctari
2963 4848 3019 4894 et
3062 4838 3459 4909 circumplecti.

196 4928 296 4983 τὸν
333 4922 526 4979 Ἰακὼϐ
549 4925 645 4978 καὶ
664 4923 778 4993 ,τὸν
825 4921 1041 4993 Ἰσραὴλ
1069 4919 1523 4990 ἐπαγγελμάτων,
1554 4922 1650 4972 καὶ
1681 4921 1776 4989 χά-

1886 4937 2091 4992 Memor
2121 4934 2283 5004 igitur
2310 4932 2413 4988 fuit
2448 4932 2877 5002 promissionum
2907 4933 2972 4987 ad
3001 4931 3172 4988 Jacob
3201 4940 3257 4986 et
3298 4932 3467 4988 Israel

201 5037 318 5092 ριτι
372 5018 667 5089 μυστήριον
703 5019 769 5087 τῇ
829 5014 965 5086 πρὸς
1020 5016 1229 5067 ἐκεῖνον
1279 5012 1619 5083 ἐπλήρωσεν.
1653 5013 1776 5076 Τοῖς

1883 5030 2172 5091 factarum,
2199 5034 2254 5079 et
2282 5025 2337 5079 in
2362 5025 2482 5095 ejus
2520 5024 2749 5095 gratiam
2808 5024 3129 5095 mysterium
3194 5023 3465 5091 implevit.

204 5114 311 5185 μὲν
342 5112 453 5181 γὰρ
488 5109 761 5173 Ἰουδαίοις
784 5108 859 5173 ὼς
900 5106 1152 5170 Ἰουδαῖος
1168 5105 1532 5175 ἐπεδήμησεν*
1557 5105 1781 5157 ἐκείνων

177 5194 261 5260 ίδὲ
292 5207 420 5269 τοὺς
456 5204 768 5275 ὀφθαλμοὺς
808 5201 1093 5272 μυσάντων
1123 5198 1476 5270 (ἐκάμμυσαν
1510 5195 1642 5266 γὰρ.
1678 5214 1784 5267 φη-

206 5301 297 5353 σὶν
334 5300 363 5353 ὁ
398 5297 645 5362 Ἦσαῒας,
678 5296 804 5358 τοὺς
856 5292 1173 5363 ὀφθαλμοὺς
1202 5288 1384 5344 αὑτῶν
1418 5289 1505 5343 ἴνα
1534 5288 1611 5362 μὴ
1658 5290 1784 5344 ἴδω-

184 5391 341 5457 ςσιν),
377 5390 493 5444 ἀντ’
531 5388 758 5442 ἐκείνων
786 5386 859 5441 τὰ
906 5385 1131 5454 πέρατα
1178 5382 1289 5452 τῆς
1329 5381 1444 5452 γῆς
1477 5381 1675 5452 (πάντα
1695 5383 1790 5453 δη-

210 5482 355 5553 λαδὴ.
376 5480 445 5537 τὰ
500 5480 653 5549 ἔθνη)
684 5478 1015 5535 ἐθεάσαντο
1043 5477 1152 5530 τοῦ
1191 5475 1338 5530 Θεοῦ
1374 5475 1437 5529 τὸ
1467 5473 1786 5543 σωτήριον,

212 5573 395 5627 καίτοι
420 5571 493 5643 μὴ
518 5572 783 5643 βλέποντα
821 5570 882 5624 τὸ
905 5569 1191 5641 πρότερον.

297 5682 318 5717 r
373 5664 701 5730 Ἀλαλάξατε
720 5661 798 5732 τῷ
816 5661 957 5732 Θεῷ,
980 5662 1129 5717 πᾶσα
1154 5661 1187 5730 ἡ
1208 5663 1297 5731 γῆ,
1332 5678 1356 5711 ι

278 5866 390 5902 ⁸³⁸³⁸
428 5866 527 5924 Job
568 5884 607 5934 ι,
642 5868 746 5933 2i;
789 5883 848 5935 ιι,
882 5867 962 5923 IO.
1045 5866 1085 5895 ”
1128 5862 1335 5917 Coloss.
1370 5877 1431 5927 ιι,
1472 5859 1522 5915 8.
1593 5858 1766 5916 ICor.

1916 5858 1965 5912 5.
2050 5856 2089 5888 ¹⁸
2124 5856 2222 5912 Ιοε.
2256 5873 2334 5921 λι,
2373 5856 2451 5909 II.

1883 5118 1967 5172 Ad
2013 5116 2231 5172 Iudaeos
2265 5115 2532 5185 siquidem
2576 5124 2835 5182 tanquam
2905 5114 3127 5171 Iudaeus
3201 5113 3464 5178 advenit;

1887 5208 2021 5280 ipsis
2047 5215 2228 5262 autem
2249 5206 2437 5262 oculos
2466 5206 2878 5263 occludentibus
2911 5208 3265 5277 (clauserunt
3300 5206 3469 5269 enim,

1890 5299 2067 5369 inquit
2084 5298 2273 5363 Isaias,
2298 5298 2487 5355 oculos
2510 5314 2641 5354 suos
2662 5314 2732 5355 ne
2763 5299 3031 5366 viderent)
3052 5315 3153 5369 pro
3184 5298 3313 5368 ipsis
3341 5299 3470 5367 ﬁnes

1892 5399 2046 5444 terrae
2068 5390 2295 5461 (scilicet
2318 5404 2511 5444 omnes
2559 5391 2771 5459 gentes)
2804 5390 3045 5443 viderunt
3076 5388 3318 5444 salutare
3352 5386 3471 5453 Dei,

1893 5480 2022 5536 licet
2047 5490 2209 5536 antea
2238 5495 2347 5535 non
2374 5479 2642 5535 viderent.

1968 5658 2133 5715 Vens.
2162 5659 2215 5714 4.
2250 5680 2267 5710 (
2295 5658 2533 5715 Jubjlate
2570 5661 2678 5716 Deo
2698 5700 2713 5727 ,
2747 5659 2925 5715 omnis
2955 5668 3119 5715 terra.
3147 5674 3171 5713 ι

2556 5857 2595 5887 ’⁷
2622 5853 2775 5910 Joan.
2815 5871 2896 5920 ιιι,
2929 5853 3013 5908 I7.
