3962 6424
132 387 306 454 [Ξῗὲὶ
884 404 887 405 ⁷
1312 401 1750 461 FRAGMENTA

1862 404 1899 465 Ν
1942 409 2301 476 PSALMOS.
3306 414 3444 483 1274

228 531 251 561 ι
332 513 442 566 Καὶ
487 514 558 568 τὰ
601 514 734 569 ὀστᾶ
789 532 890 585 μου
939 515 1071 570 ὡσεὶ
1137 516 1368 586 φρύγιον
1416 518 1750 589 συνεφρύγη-

1930 526 2091 582 Vsns.
2136 530 2189 585 4.
2257 549 2275 580 ι
2319 530 2388 587 Et
2435 545 2560 585 ossa
2616 545 2737 587 mea
2782 529 2928 587 sicut
2973 530 3236 586 cremium
3279 547 3442 589 arue-

133 620 290 657 σαν.
357 628 371 656 Ι

1862 628 2005 671 runt.
2040 638 2057 669 ι

1929 710 2071 775 Quid
2103 712 2171 767 sit
2204 714 2454 769 cremium
2488 712 2849 784 Symmachus
2895 714 3191 769 declaravit
3226 731 3240 769 :
3272 729 3440 784 capo-

1856 804 1967 857 suit
1996 805 2140 859 enim
2172 806 2490 863 incendium.
2523 807 2993 873 Quemadmodum
3023 807 3187 877 igitur
3217 808 3269 864 id
3297 809 3440 877 quod

1855 910 2145 957 accensum
2180 906 2283 961 est,
2309 899 2409 951 nisi
2437 899 2579 952 illico
2606 900 3002 970 exstinguatur.
3024 899 3181 955 facile
3198 900 3443 955 absumi-

1856 996 1983 1052 tur;
2016 990 2087 1042 ita
2121 990 2282 1043 etiam
2316 992 2496 1045 anima
2532 994 2888 1047 smcularibus
2934 992 3318 1050 aﬂectionibus
3347 1009 3440 1047 ac-

1855 1096 2040 1147 censa,
2078 1082 2179 1137 nisi
2231 1084 2399 1139 Deum
2448 1086 2683 1138 incendii
2719 1086 2801 1139 sui
2830 1086 3317 1141 clementissimum
3354 1104 3444 1142 re—

1856 1172 2177 1227 stinctorem
2206 1186 2364 1230 nar-ta
2395 1175 2584 1241 fuerit,
2615 1176 2871 1231 facillime
2917 1181 3287 1249 corrumpitur
3315 1198 3328 1233 :
3357 1190 3441 1235 at-

220 700 302 750 Τί
340 703 453 752 ἐστι
479 701 751 769 φρύγιον,
774 702 802 753 6
831 701 1126 772 Σύμμαχος
1160 702 1451 773 ἐδήλωσεν·
1484 702 1752 755 ἐκδέδωκε

134 794 299 859 γὰρ,
350 793 691 861 ἀπόκαυμα.
716 793 925 863 Ὥσπερ
957 794 1136 846 τοίνυν
1181 796 1241 848 τὸ
1286 794 1618 857 ἀποκαυθὲν,
1651 795 1748 848 ἐὰν

139 882 231 951 μὴ
270 885 427 955 τύχῃ
462 884 554 938 τοῦ
578 885 786 954 ταχέως
812 886 1149 951 σϐεννύντος,
1172 888 1407 950 εῦκόλως
1428 886 1752 958 θρύπτεταυ

133 973 352 1038 οὕτως
404 976 551 1045 ψυχὴ
599 980 714 1039 τοῖς
768 977 1042 1046 βιωτικοῖς
1093 978 1463 1047 συγκαιομένη
1501 978 1751 1043 πάθεσιν,

137 1066 254 1117 ἐὰν
297 1068 379 1135 μὴ
411 1067 503 1119 τὸν
529 1066 662 1119 Θεὸν
696 1067 1079 1137 φιλανθρωπίᾳ
1115 1067 1407 1121 σϐεννύντα
1436 1069 1534 1138 τὴν
1564 1069 1757 1121 ἔκκαυ·

138 1171 241 1206 σιν
275 1158 580 1226 κτήσηται,
628 1157 868 1219 εὐκόλως
895 1158 1269 1226 διαφθείρεται
1294 1174 1307 1189 ³
1360 1158 1454 1211 καὶ
1486 1159 1571 1212 διὰ
1599 1160 1756 1212 τοῦτο

135 1248 304 1317 ταχῦ
354 1249 775 1319 είσακουσθῆναι
821 1250 1185 1318 προσηύξατο.
1242 1252 1439 1319 Ἀρτος
1486 1249 1542 1302 δὲ
1596 1250 1755 1319 ἡμῶν

1855 1279 1959 1332 que
1982 1263 2184 1319 ideirco
2204 1266 2462 1321 velociter
2480 1268 2725 1322 exaudiri
2750 1269 3062 1338 postulavit.
3088 1268 3251 1325 Panis
3276 1286 3440 1341 porro

135 1334 257 1402 τῆς
311 1335 518 1405 ψυχῆς,
560 1339 587 1390 6
626 1336 720 1391 τοῦ
763 1337 899 1391 Θεοῦ
934 1339 1111 1406 λόγος.
1167 1340 1380 1409 Ὥσπερ
1424 1340 1534 1410 γὰρ
1582 1342 1610 1393 6
1648 1340 1756 1393 ἀπὸ

1854 1355 2049 1410 animae
2074 1366 2272 1412 nostrae
2296 1369 2379 1413 est
2399 1360 2623 1414 verbum
2651 1359 2765 1415 Dei.
2800 1360 3267 1426 Quemadmodum
3291 1363 3438 1418 enim

137 1428 263 1496 γῆς
305 1430 475 1501 ἄρτος
499 1430 560 1483 τὸ
588 1430 749 1501 σῶμα
772 1432 985 1501 τρέφει,
1025 1432 1197 1496 οὕτως
1229 1435 1257 1486 6
1297 1432 1355 1498 ἐξ
1386 1433 1617 1503 οὐρανοῦ
1664 1433 1753 1485 λό-

140 1534 255 1586 γος
313 1519 420 1588 τὴν
470 1520 661 1573 οὐσίαν
717 1522 818 1591 τῆς
869 1522 1068 1592 ψυχῆς.
1120 1524 1230 1575 Καὶ
1274 1523 1481 1576 τούτων
1516 1524 1677 1593 χάριν
1724 1523 1753 1574 6

142 1610 416 1679 Χριστὸς
454 1612 554 1678 τὴν
590 1613 898 1684 προσευχὴν
941 1614 1271 1684 παραδιδοὺς
1298 1615 1453 1683 ἔλεγε
1484 1619 1595 1677 τοῖς
1628 1616 1755 1668 ἀπο-

147 1704 405 1766 στόλοις*
472 1703 584 1758 Τὸν
642 1704 825 1772 ἄρτον
880 1705 1052 1773 ἡμῶν
1118 1706 1228 1761 τὸν
1283 1707 1600 1761 ἐπιούσιον
1648 1707 1755 1773 δὸς

147 1794 314 1861 ἡμῖν
344 1794 637 1863 σήμερον.
664 1798 762 1857 '0;
796 1796 862 1849 ἂν
887 1798 1067 1849 τοίνυν
1107 1797 1294 1850 τοῦτον
1335 1800 1530 1868 φαγεῖν
1560 1798 1753 1851 ἐπιλά-

147 1886 357 1956 ϐηται,
394 1890 671 1942 τουτέστιν
700 1890 1042 1961 ἐργάσασθαι
1082 1891 1195 1959 (τοῦ
1222 1891 1331 1963 γὰρ
1357 1891 1552 1960 νοητοῦ
1581 1891 1748 1957 ἄρτου
1784 1890 1824 1944 Β

150 1986 187 2054 ἡ
220 1984 441 2055 βρῶσις
472 1984 708 2052 ἐργασία
745 1984 1084 2052 καθέστηκεο
1120 1984 1270 2053 δηλοῖ
1298 1985 1353 2037 δὲ
1376 1984 1547 2048 οὕτως
1576 1982 1750 2037 εἰπὼν

151 2079 278 2138 τοῖς
306 2076 635 2139 ἀποστόλοις
658 2078 684 2127 ό
704 2075 910 2145 Κύριος
926 2091 939 2104 ·
986 2074 1335 2144 Ἐργάζεσθε
1358 2075 1444 2145 μὴ
1462 2076 1576 2144 τὴν
1594 2074 1750 2144 βρῶ-

154 2182 270 2220 σιν
318 2168 441 2233 τὴν
469 2166 925 2236 ἀπολλυμένην,
973 2166 1136 2221 ἀλλὰ
1172 2169 1289 2234 τὴν
1319 2169 1637 2237 μένουσαν
1662 2170 1750 2233 εἰς

159 2258 322 2328 ζωὴν
349 2258 637 2328 αιώνιον),
669 2256 866 2311 τούτου
900 2260 932 2328 ἡ
973 2258 1171 2330 καρδία
1194 2259 1352 2330 δίκην
1383 2259 1577 2330 χόρτου
1610 2260 1752 2331 πλη-

161 2354 327 2417 γεῖσα
386 2350 725 2420 ξηραίνεται.
764 2349 854 2412 Ὦς
906 2348 964 2404 δὲ
1014 2352 1043 2403 6
1078 2350 1272 2420 χόρτος
1315 2350 1609 2420 πλήττεται
1655 2351 1752 2405 καὶ

171 2444 510 2515 ξηραίνεται,
538 2444 667 2496 ὅταν
695 2443 849 2507 ὑετὸς
875 2444 963 2497 ἐπ’
992 2443 1153 2496 αὐτὸν
1184 2444 1420 2516 σπανίσῃ
1441 2460 1456 2475 ·
1482 2444 1625 2497 οὕτω
1659 2444 1752 2498 καὶ

176 2537 450 2608 ἠκαρδία,
486 2538 616 2590 ὅταν
645 2534 851 2590 ἔνδειαν
873 2536 1080 2607 νοσήσῃ
1106 2534 1199 2588 τοῦ
1242 2536 1385 2589 θείου
1415 2535 1599 2605 λόγου,
1628 2537 1751 2591 τότε

174 2628 468 2699 πληττεται
518 2627 613 2682 καὶ
646 2626 963 2699 ξηραίνεται
984 2669 1000 2695 ,
1033 2627 1196 2691 ἄνθος
1222 2628 1424 2699 ἀρετῆς
1453 2628 1752 2701 βλαστῆσαι

166 2721 264 2773 οὐκ
301 2721 592 2791 ἰσχύουσα.

237 2829 260 2865 ι
319 2812 459 2865 Ἀπὸ
487 2811 675 2881 φωνῆς
703 2811 797 2865 τοῦ
828 2811 1136 2883 στεναγμοῦ
1174 2830 1276 2883 μου
1297 2812 1589 2883 ἐκολλήθη.
1623 2832 1642 2864 ι

230 2905 554 2969 Τουτέστιν,
607 2905 775 2976 ἐτάκη
824 2906 973 2958 πᾶσα
1015 2905 1222 2977 πιμελὴ
1261 2906 1354 2959 καὶ
1397 2906 1621 2977 εὑθηνία
1652 2905 1750 2959 τοῦ

161 2997 448 3067 σώματος.
494 3000 562 3048 '0
609 2998 718 3067 γὰρ
753 2996 957 3068 ἀληθὴς
1006 2998 1329 3068 στεναγμὸς,
1360 2998 1418 3062 ὃς
1445 2998 1542 3053 καὶ
1568 2999 1753 3069 φωνὴν

161 3091 278 3162 ἔχει
323 3090 690 3160 ἀκουομένην,
739 3091 898 3161 τήκει
938 3090 1000 3142 τὸ
1040 3089 1221 3160 σῶμα,
1262 3092 1356 3145 καὶ
1403 3092 1502 3161 τῆς
1548 3092 1753 3163 σαρκὸς

1857 1457 2107 1502 terrenus
2136 1450 2293 1519 panis
2326 1466 2524 1521 corpus
2550 1452 2664 1516 alit,
2690 1453 2761 1507 ita
2788 1454 3019 1508 Verbum
3052 1456 3273 1510 caeleste
3307 1457 3439 1511 sub-

1856 1542 2111 1595 stantiam
2142 1543 2357 1597 auimae.
2383 1546 2563 1613 Atque
2594 1546 2690 1599 has
2716 1546 2785 1599 ob
2814 1563 3007 1601 causas
3038 1547 3287 1603 Christus
3309 1564 3440 1619 apo-

1856 1632 2011 1685 stolis
2039 1632 2259 1686 tradens
2292 1632 2482 1685 orandi
2515 1632 2744 1687 formam
2775 1634 2943 1688 dixit:
2973 1633 3173 1687 Panem
3202 1644 3439 1688 nostrum

1857 1724 2221 1792 quotidianum
2260 1724 2328 1776 da
2361 1724 2506 1777 nobis
2536 1725 2687 1777 hodie
2705 1725 2770 1775 ³⁸.
2804 1723 3062 1794 Quisquis
3097 1727 3259 1797 igitur
3293 1727 3439 1780 hunc

1857 1796 2204 1875 manducare,
2241 1813 2294 1867 id
2327 1822 2409 1867 est
2442 1814 2681 1881 operari,
2714 1814 2916 1868 oblitus
2941 1814 3107 1869 fuerit
3128 1796 3154 1882 ί(
3179 1816 3439 1885 spiritalis

1854 1902 2012 1971 panis
2048 1902 2396 1956 manducatio
2444 1913 2529 1957 est
2576 1905 2842 1974 operatio,
2876 1906 2952 1959 uti
3005 1906 3266 1975 apostolis
3320 1908 3438 1975 ipse

1855 1993 2116 2047 Dominus
2146 1993 2387 2049 declarat
2417 1996 2606 2050 dicens
2636 2014 2649 2049 :
2679 1995 2985 2064 Operamini
3026 2014 3126 2049 non
3154 1998 3321 2051 cibum
3349 2000 3438 2067 qui

1853 2088 2005 2157 perit,
2038 2089 2128 2141 sed
2170 2090 2258 2157 qui
2280 2098 2547 2156 permanet
2587 2089 2641 2141 in
2683 2089 2847 2141 vitam
2879 2098 3131 2143 wternam
3151 2090 3239 2158 ³¹),
3273 2090 3438 2159 hujus

1852 2194 1949 2233 cor
1991 2181 2165 2235 instar
2212 2180 2322 2234 feni
2372 2195 2695 2250 percussum
2743 2180 3030 2235 exarescit.
3056 2180 3208 2236 Sicut
3252 2192 3434 2237 autem

1852 2270 2037 2326 fenum
2064 2272 2365 2341 percutitur
2394 2282 2450 2326 et
2479 2272 2699 2337 arescit,
2732 2272 2954 2342 quando
2985 2289 3106 2327 raro
3142 2274 3323 2343 pluvia
3359 2274 3436 2328 ir-

1852 2364 2090 2435 rigatur;
2140 2364 2213 2419 ita
2241 2364 2407 2419 etiam
2440 2363 2643 2427 anima,
2672 2365 2894 2435 quando
2932 2365 3102 2419 divini
3140 2366 3303 2420 Verbi
3335 2383 3436 2437 pe-

1853 2456 2009 2509 nuria
2034 2456 2381 2520 lahoraverit,
2411 2455 2557 2511 illico
2585 2463 2715 2510 tunc
2745 2454 3050 2526 percutitur
3069 2464 3124 2509 et
3146 2456 3432 2523 exarescit,

1852 2563 1975 2603 cum
2013 2547 2111 2603 llos
2150 2548 2367 2603 virtutis
2398 2547 2707 2619 germinare
2732 2546 2962 2602 minime
2989 2546 3184 2602 valeat.

1921 2805 2085 2865 Vens.
2113 2810 2166 2865 6.
2212 2830 2231 2862 ι
2258 2809 2302 2865 Α
2333 2825 2467 2866 voce
2495 2810 2731 2882 gemitus
2757 2812 2867 2869 mei
2898 2810 3151 2867 adhaesit.
3179 2828 3201 2864 ι

1924 2902 1979 2956 ld
2001 2912 2105 2965 est,
2131 2903 2309 2958 omnis
2328 2902 2497 2973 adeps
2524 2913 2580 2958 et
2605 2902 2836 2959 felicitas
2860 2904 3107 2975 corporis
3129 2902 3432 2961 contabuit.

1852 2998 2030 3055 Verus
2079 3000 2225 3055 enim
2274 2999 2528 3071 gemitus,
2560 2999 2654 3069 qui
2682 3008 2737 3055 et
2767 3010 2982 3055 acutam
3014 3015 3202 3055 vocem
3248 2999 3432 3065 habet,

1852 3106 2055 3163 corpus
2104 3100 2386 3156 extenuat,
2418 3100 2473 3145 et
2513 3090 2696 3147 carnis
2738 3090 3216 3145 mortiﬁcationem
3246 3104 3437 3159 opera-

161 3179 464 3248 ἐργάζεται
504 3179 807 3248 νέκρωσιν·
854 3180 1043 3251 ἐπειδὴ
1081 3181 1206 3234 ὅσον
1245 3182 1274 3235 6
1317 3180 1421 3246 ἔξω
1463 3180 1750 3254 ἄνθρωπος

1862 3194 1982 3252 tur;
2018 3184 2275 3254 quoniam
2296 3193 2561 3253 quantum
2589 3182 2828 3237 exterior
2855 3183 3019 3237 homo
3043 3180 3432 3251 corrumpitur,

160 3271 564 3343 διαφθείρεται,
591 3270 848 3324 τοσοῦτον
874 3271 903 3324 6
928 3270 1038 3325 ἔσω
1064 3270 1494 3337 ἀνακαινίξεται.

240 3384 261 3417 ι
322 3363 622 3435 Ὠμοιώθην
658 3364 919 3418 πελεκᾶνι
952 3365 1228 3439 ὲρημικῷ.
1267 3384 1287 3419 ι

232 3548 565 3619 Θαυμαστὸν
611 3551 741 3619 ἡμῖν
772 3551 987 3621 καρπὸν
1022 3551 1123 3622 τῆς
1165 3553 1476 3623 ἀγρυπνίας
1508 3551 1712 3619 ἔδειξεν
1732 3570 1747 3585 ’

161 3644 319 3695 ποιεῖ
355 3642 463 3714 γὰρ
491 3643 642 3713 ἡμᾶς
672 3643 749 3706 ὼς
796 3643 1080 3714 στρουθίον
1125 3644 1359 3715 μονάζον
1388 3644 1482 3699 ἐπὶ
1506 3645 1749 3717 δώματι·

161 3736 310 3806 ὅπερ
349 3733 489 3788 εἶναι
538 3735 636 3805 μὲν
678 3735 827 3788 δοκεῖ
863 3753 1008 3790 τισιν
1044 3736 1547 3809 εὐκαταφρόνητον,
1596 3738 1751 3793 πολι-

163 3827 323 3881 τείαν
342 3826 401 3880 δὲ
420 3827 570 3895 ὅμως
597 3826 863 3899 ὲκλεκτὴν
892 3828 989 3881 καὶ
1040 3828 1320 3899 μακαρίαν
1337 3828 1625 3900 κέκτηται.
1672 3829 1748 3883 Οὐ

160 3918 380 3989 τροφῆς
408 3917 540 3988 γὰρ,
571 3918 671 3971 οὐκ
697 3918 1026 3989 ἐσθημάτων
1047 3919 1321 3992 φροντίζει
1340 3920 1369 3973 6
1392 3921 1642 3990 μονάζων
1674 3920 1751 3986 ὡς

165 4012 454 4083 στρουθίον
478 4052 492 4073 .
526 4013 627 4066 οὐκ
660 4012 957 4086 ἐπιϐουλὴν
994 4014 1227 4068 δέδοικε·
1276 4016 1529 4068 κατοικεῖ
1555 4014 1663 4087 γὰρ
1693 4016 1751 4068 ἐν

161 4106 400 4175 δώματι,
432 4106 528 4158 καὶ⁸
560 4105 669 4157 τῶν
703 4106 1165 4161 ἐπιϐουλευόντων
1202 4106 1351 4160 ἐστὶν
1395 4106 1745 4178 ὑψηλότερος.

164 4197 406 4267 Νοήσεις
435 4196 491 4249 δὲ
514 4197 734 4261 πάντως
759 4200 935 4251 ἐκεῖνο
966 4197 1027 4251 τὸ
1057 4196 1213 4269 δῶμα
1238 4198 1334 4252 καὶ
1361 4197 1439 4268 τῷ
1458 4196 1749 4270 Ψαλμῳδῷ

167 4289 460 4358 λέγεσθαι,
494 4291 629 4362 ὅπερ
667 4292 696 4344 6
728 4290 929 4361 Κύριος
953 4291 1084 4360 περὶ
1110 4291 1419 4355 συντελείας
1457 4291 1749 4363 διηγούμε-

174 4399 257 4446 νος
293 4383 509 4454 ἔφρασε
534 4400 549 4413 ι
577 4385 709 4456 φησὶ
738 4383 848 4455 γάρ
882 4401 893 4414 ·
949 4384 1012 4437 '0
1047 4384 1147 4438 ἐπὶ
1184 4384 1290 4439 τοῦ
1342 4383 1632 4453 δώματος,
1661 4382 1747 4453 μὴ

175 4477 570 4531 καταϐαινέτω
592 4469 727 4546 ἆραι
758 4476 827 4530 τὸ
864 4476 1100 4547 ιμὰτιον
1125 4476 1333 4531 αὑτοῦ.

243 4654 454 4725 «Ὅλην
476 4655 577 4726 τὴν
606 4654 819 4727 ἡμέραν
857 4652 1133 4715 ὠνείδιζόν
1170 4669 1260 4723 με.
1293 4670 1314 4705 ι

234 4746 555 4814 Τουτὲστιν,
584 4749 633 4801 οἱ
660 4745 945 4809 δοκοῦντες
982 4744 1126 4813 φίλοι
1153 4743 1378 4815 χείρονα
1397 4742 1508 4796 τῶν
1534 4742 1747 4814 ἐχθρῶν

161 4838 490 4908 διέπραττον
509 4857 523 4870 ·
556 4840 684 4901 τοὺς
706 4839 815 4909 γὰρ
848 4838 1104 4901 ἐπαίνους
1142 4838 1222 4900 είς
1242 4837 1439 4906 ὅρκους
1468 4835 1596 4897 τοὺς
1625 4833 1748 4888 κατ’

164 4931 300 5002 ἐμοῦ
318 4931 713 5003 μετεϐάλλοντο
727 4947 740 4961 ’
760 4931 793 4999 ἢ
824 4929 1097 5001 συνθήκας
1110 4930 1265 4992 τινὰς
1290 4931 1371 4991 είς
1392 4928 1531 4999 ἐμὴν
1544 4927 1747 4993 ταύτας

165 5023 460 5092 ἐπιϐουλὴν
492 5021 786 5093 τιθέμενοι,
828 5022 924 5076 καὶ
955 5020 1212 5075 τοσοῦτον
1241 5021 1343 5091 τὴν
1381 5019 1523 5090 ἐμὴν
1550 5017 1747 5073 ταπεί-

163 5133 331 5171 νωσιν
354 5113 924 5186 ὲκτρεπόμενοι,ῶστε
948 5114 1023 5184 μὴ
1050 5115 1170 5167 κατ’
1194 5113 1294 5183 ἐμὲ
1316 5113 1591 5179 γενέσθαι,
1611 5112 1747 5184 μηδὲ

164 5206 444 5278 συμϐῆναι
479 5207 686 5270 αὐτοῖς,
711 5201 800 5258 οἶα
838 5205 983 5276 ἐμοὶ,
1014 5205 1383 5275 ἀπόμνυσθαι.

206 5440 207 5443 η
248 5406 271 5439 ο
308 5385 483 5456 Κάγὼ
513 5386 646 5439 ὡσεὶ
673 5386 867 5456 χόρτος
890 5385 1213 5457 ἐξηράνθην.
1258 5406 1275 5437 ι

240 5481 335 5551 Μὴ
356 5480 543 5533 τοίνυν
568 5482 680 5542 τοῖς
714 5479 989 5549 βιωτικοῖς
1018 5478 1378 5549 ἐπαιρώμεθα
1412 5478 1708 5550 πράγμασι
1732 5496 1746 5509 °

167 5573 359 5628 τούτου
390 5573 500 5644 γὰρ
523 5574 667 5643 ἡμᾶς
692 5572 858 5627 ’ἑνεκα
887 5573 1046 5626 σκιὰν
1070 5572 1164 5627 καὶ
1186 5574 1378 5644 χόρτον
1401 5574 1431 5626 6
1456 5573 1751 5643 Προφήτης

170 5667 470 5730 ἐκάλεσεν,
509 5666 597 5718 ἵνα
649 5665 839 5735 μηδενὶ
888 5665 997 5718 τῶν
1047 5666 1336 5734 παρόντων
1382 5665 1749 5737 θαρσήσωμεν

1856 3276 2194 3333 tantumdem
2231 3274 2459 3329 interior
2491 3274 2806 3329 innovatur.

1924 3367 2086 3424 Vens.
2121 3370 2173 3423 7.
2220 3386 2238 3419 ι
2266 3368 2470 3424 Similis
2510 3369 2685 3423 factus
2729 3382 2851 3422 sum
2889 3365 3157 3437 pellicano
3185 3364 3436 3421 solitudi-

1850 3462 1960 3517 nis.
1994 3479 2014 3515 ι

1919 3554 2310 3610 Admirabilem
2341 3554 2501 3610 nobis
2527 3553 2837 3626 vigiliarum
2876 3552 3117 3608 fructum
3151 3550 3390 3607 ostendit
3418 3568 3432 3605 :

1852 3648 2062 3705 faciunt
2102 3649 2248 3703 enim
2293 3664 2395 3704 nos
2425 3650 2598 3703 instar
2630 3647 2867 3719 passeris
2897 3644 3123 3702 solitarii
3151 3644 3206 3698 in
3237 3650 3384 3698 tecto
3415 3660 3433 3696 :

1851 3743 1996 3815 quod
2029 3741 2355 3813 quibusdam
2390 3742 2611 3812 quidem
2643 3740 2861 3795 videtur
2889 3736 3322 3807 contemptibile,
3350 3745 3436 3791 at-

1850 3843 2032 3889 tamen
2082 3834 2311 3889 electam
2350 3832 2513 3887 simul
2546 3841 2600 3888 et
2632 3832 2847 3887 beatam
2893 3831 3110 3887 vivendi
3164 3830 3431 3886 rationem

1850 3924 2114 3980 continet.
2146 3922 2426 3995 Siquidem
2476 3939 2585 3978 non
2636 3923 2819 3979 cibum
2862 3937 3041 3992 neque
3071 3930 3251 3978 vestes
3280 3926 3437 3976 curat

1851 4017 1898 4073 is
1932 4018 2027 4088 qui
2076 4025 2334 4087 tanquam
2384 4033 2574 4087 passer
2615 4017 2895 4073 solitarius
2943 4017 3177 4080 exsistit,
3210 4016 3436 4071 insidias

1849 4107 2076 4163 minime
2104 4114 2364 4173 veretur;
2396 4107 2655 4176 quoniam
2687 4107 2740 4160 in
2776 4114 2922 4161 tecto
2954 4106 3184 4170 habitat,
3216 4114 3271 4160 et
3299 4104 3436 4160 insi-

1850 4198 2126 4253 diantibus
2159 4196 2447 4252 sublimior
2466 4198 2660 4251 evasit.
2679 4197 2948 4252 Caeterum
2978 4196 3249 4267 intelliges
3268 4195 3433 4251 etiam

1849 4305 1879 4345 a
1908 4289 2194 4344 Psalmista
2228 4298 2432 4344 tectum
2458 4289 2590 4343 illud
2609 4289 2739 4353 dici,
2760 4289 2827 4343 de
2854 4305 2962 4357 quo
2990 4288 3251 4342 Dominus
3269 4287 3435 4341 verba

1850 4382 1998 4447 fecit,
2051 4396 2177 4435 cum
2229 4380 2377 4435 orbis
2428 4380 2691 4434 describit
2737 4380 3298 4441 consummationem;
3359 4377 3435 4430 ait

1850 4476 1993 4529 enim
2038 4493 2051 4528 :
2092 4474 2193 4539 Qui
2230 4475 2288 4527 in
2325 4483 2479 4539 tecto,
2521 4489 2624 4525 non
2662 4472 2939 4526 descendat
2982 4470 3163 4524 tollere
3201 4470 3435 4523 tunicam

1780 4584 1824 4640 ι)
1851 4563 2082 4616 suam".

1924 4653 2087 4709 Vens.
2110 4655 2163 4710 9.
2210 4674 2228 4707 ι
2259 4654 2395 4710 Tota
2425 4654 2513 4710 die
2539 4656 2940 4727 exprobrabant
2968 4669 3077 4709 me.
3110 4671 3129 4704 ι

1922 4746 1981 4801 ld
2008 4756 2112 4812 est,
2145 4746 2199 4801 hi
2245 4748 2336 4817 qui
2366 4747 2695 4802 videbantur
2728 4746 2887 4799 amici
2907 4783 2921 4805 ,
2963 4742 3232 4799 deteriora
3263 4739 3436 4797 hosti-

1848 4835 1952 4891 bus
1992 4836 2306 4906 irrogabant
2338 4858 2352 4892 :
2387 4837 2576 4892 laudes
2622 4837 2767 4891 enim
2806 4838 2861 4890 in
2893 4836 3289 4891 detestationes
3335 4835 3435 4889 ad-

1847 4943 2067 4983 versum
2093 4944 2181 4983 me
2210 4929 2493 4984 mutabant
2523 4947 2537 4983 :
2568 4928 2655 4983 vel
2684 4929 2751 4982 ad
2782 4942 2870 4982 me
2892 4926 3279 4997 decipiendum
3302 4941 3437 4981 con-

1848 5021 2149 5091 spirabant,
2178 5032 2232 5076 et
2263 5023 2319 5076 in
2351 5030 2562 5077 tantum
2597 5021 2963 5076 humilitatem
3012 5021 3131 5074 sive
3176 5019 3439 5089 abiectio-

1857 5128 1983 5167 nem
2012 5128 2191 5167 meam
2227 5113 2640 5179 aversabantur,
2669 5122 2728 5166 ut
2756 5113 3184 5175 obtestarentur,
3211 5126 3283 5166 ne
3306 5110 3435 5166 mihi

1855 5206 2061 5262 similes
2106 5207 2419 5271 evaderent,
2455 5220 2635 5275 neque
2683 5204 2818 5275 ipsis
2869 5202 3201 5268 istiusmodi,
3256 5203 3436 5273 qualia

1854 5299 2008 5364 mihi,
2040 5299 2346 5353 evenirent.

1928 5389 2085 5445 Vens.
2116 5390 2204 5445 12.
2250 5410 2268 5441 ι
2298 5389 2363 5444 Et
2388 5405 2488 5461 ego
2519 5389 2662 5445 sicut
2691 5388 2875 5444 fenum
2904 5387 3041 5443 arui.
3072 5406 3092 5440 ι

1921 5482 2001 5537 Ne
2042 5482 2208 5553 igitur
2249 5482 2413 5537 rebus
2443 5483 2795 5537 saecularibus
2828 5482 3156 5536 extollantur
3186 5497 3199 5532 :
3229 5477 3434 5534 idcirco

1852 5572 2000 5628 enim
2028 5574 2300 5643 Propheta
2336 5589 2436 5627 nos
2461 5573 2706 5626 umbram
2734 5579 2788 5625 et
2814 5571 2999 5625 fenum
3033 5566 3342 5637 appellavit,
3362 5582 3433 5622 ne

1856 5664 1911 5719 in
1952 5664 2059 5719 ulla
2103 5680 2283 5720 rerum
2315 5664 2663 5735 pra:seutium
2696 5661 3117 5723 conlidercmus,
3153 5657 3350 5712 ﬂuxam
3378 5667 3433 5712 et

235 5845 279 5877 ³⁸
312 5843 505 5899 Matth.
550 5861 623 5910 vl,
658 5844 737 5899 ll.
804 5844 843 5874 ³¹
886 5842 1040 5897 Joan.
1079 5858 1154 5909 τι,
1196 5842 1283 5895 9.7.
1360 5843 1400 5875 ³¹
1443 5842 1630 5897 Matth.
1666 5857 1813 5905 xxiv,
1852 5841 1933 5896 Π.
