4032 6414
247 440 397 505 ΙΞΠ

1404 437 1865 497 FRAGMENTA
1899 437 1980 496 IN
2022 437 2381 498 PSALMOS.

3381 434 3519 502 1278

242 562 329 617 ἐν
357 562 551 624 ἑαυτῷ
589 560 678 626 εἰς
705 557 813 613 ἕνα
850 557 1064 615 καινὸν
1093 557 1409 625 ἄνθρωπον
1452 552 1639 608 ποιῶν
1678 553 1837 623 εἰρή-

1973 555 2131 608 ondat
2154 555 2208 606 in
2234 554 2511 622 semetipso
2548 551 2603 605 in
2631 567 2793 605 unum
2819 567 3005 605 novum
3027 550 3289 605 hominem
3320 551 3519 619 faciem

243 669 400 718 νην.

336 784 357 818 ι
401 766 522 819 Ὀτι
551 763 816 833 ἐξέκυψεν
837 762 897 830 ἐξ
928 761 1097 831 ’ύψους
1122 761 1298 829 ἁγίου.
1341 779 1359 812 ι

334 933 530 1011 Σαφῶς
562 943 662 1010 τῆς
689 940 783 993 τοῦ
810 940 1060 1011 Σωτῆρος
1087 938 1385 1008 ἐπιδημίας
1419 937 1689 1008 μέμνηται
1716 948 1728 961 ·
1756 931 1845 986 οὔ.

251 1054 375 1100 τως
418 1035 527 1107 γὰρ
568 1034 806 1103 ὲκκύψαι
850 1032 959 1085 ἀπὸ
1004 1031 1100 1085 τοῦ
1136 1030 1305 1100 ὕψους
1340 1030 1482 1083 κατά
1517 1028 1710 1098 καιρὸν
1741 1025 1843 1095 τῆς

257 1126 598 1196 σαρκώσεως
620 1125 857 1193 λέγεται,
880 1123 955 1187 ὼς
972 1123 1083 1176 ἄνω
1103 1121 1311 1192 μείνας,
1335 1120 1431 1174 καὶ
1459 1120 1609 1174 κάτω
1633 1117 1844 1186 φανείς.

257 1219 441 1276 Τοῦτο
488 1218 595 1287 γὰρ
634 1216 741 1268 τῶν
777 1213 1160 1269 ἐκκυπτόντων
1195 1211 1303 1266 ἀπὸ
1330 1210 1424 1264 τοῦ
1465 1210 1633 1280 ὕψους
1676 1209 1806 1263 ἴδιον
1828 1222 1842 1235 °

259 1310 499 1380 ὲξέκυψε
534 1310 614 1373 δὲ,
656 1309 742 1361 ἵνα
772 1308 869 1378 τὴν
898 1307 1002 1375 γῆν
1028 1303 1416 1374 ὲπισκέψηται.
1450 1302 1586 1355 Πότε
1613 1299 1723 1371 γὰρ
1749 1298 1848 1354 αύ-

256 1402 390 1473 τὴν,
420 1403 583 1472 ἐρεῖς,
602 1400 704 1453 ούκ
735 1396 1102 1466 insani-Etiam;
1136 1394 1300 1448 Ἀλλὰ
1322 1395 1418 1449 νῦν
1441 1391 1643 1463 μείζων
1672 1390 1849 1459 ὑπῆρ-

262 1513 366 1565 χεν
394 1497 428 1566 ή
464 1491 750 1561 ἐπίσκεψις
772 1504 786 1520 ⁸
814 1488 1130 1559 οἰκονομίας
1154 1488 1264 1557 γὰρ
1295 1486 1458 1539 ’ἑνεκα
1490 1483 1591 1555 τῆς
1615 1481 1706 1536 διὰ
1737 1480 1849 1534 τῶν

264 1587 406 1657 ἑξῆς
437 1583 821 1655 ὲμφερομένης
851 1581 1086 1649 ἐγίνετο.

353 1717 372 1750 ι
420 1697 527 1751 Τοῦ
583 1695 819 1751 ἀκοῦσαι
875 1693 971 1749 τοῦ
1023 1688 1332 1761 στεναγμοῦ
1378 1687 1487 1742 τῶν
1541 1684 1852 1756 πεπεδημέ-

267 1809 405 1844 νων.
455 1809 472 1842 ι

1939 662 2120 713 pacem
2140 647 2203 701 ³⁸.

2013 757 2291 817 “3115.20.
2336 780 2355 813 ι
2385 762 2656 828 Quoniam
2691 760 2971 834 prospexit
3021 760 3090 817 de
3137 760 3351 817 excelso
3399 774 3521 815 san-

1874 874 1875 877 η
1943 859 2052 906 Cto.
2086 869 2103 902 ι

2016 941 2303 998 Manifesta
2342 946 2678 1001 mentionem
2717 946 2846 1002 fecit
2879 946 3141 1002 adventus
3174 944 3469 1001 Salvatoris
3500 961 3518 999 :

1944 1035 2024 1091 sic
2049 1037 2193 1091 enim
2225 1036 2616 1093 incarnationis
2644 1046 2887 1109 tempore
2929 1039 2996 1094 de
3043 1038 3260 1095 excelso
3296 1052 3521 1109 prospe-

1946 1127 2093 1183 xisse
2124 1130 2345 1195 dicitur,
2380 1137 2441 1184 ut
2479 1145 2694 1185 sursum
2728 1132 3024 1197 manserit,
3060 1140 3114 1187 ct
3141 1132 3389 1187 deorsum
3423 1146 3523 1200 ap-

1947 1223 2208 1292 paruerit.
2251 1221 2362 1278 Hoc
2388 1223 2533 1277 enim
2564 1222 2844 1293 proprium
2870 1231 2955 1277 est
2987 1238 3175 1277 eorum
3204 1223 3294 1292 qui
3322 1237 3387 1276 ex
3417 1220 3526 1276 alto

1948 1314 2304 1386 prospiciunt.
2337 1313 2622 1385 Prospexit
2652 1323 2833 1369 autem
2866 1324 2927 1368 ut
2958 1324 3157 1369 terram
3184 1312 3478 1383 inspiceret
3505 1328 3521 1367 :

1948 1415 2002 1460 at
2024 1407 2265 1474 quando.
2299 1404 2532 1474 inquies,
2562 1405 2709 1461 illam
2735 1421 2844 1458 non
2870 1404 3152 1475 respexit?
3185 1402 3385 1458 Verum
3411 1401 3523 1472 jam

1950 1500 2122 1569 major
2151 1498 2359 1552 exstitit
2387 1496 2653 1566 inspectio
2685 1515 2697 1549 :
2735 1496 3003 1567 siquidem
3048 1504 3271 1566 propter
3301 1494 3525 1565 dispen-

1950 1592 2220 1646 sationem
2255 1588 2454 1643 accidit
2482 1604 2604 1658 qua:
2632 1588 2830 1643 deinde
2862 1588 3114 1643 infertur.

2026 1703 2187 1759 Vens.
2212 1702 2303 1756 2|.
2351 1720 2369 1755 ι
2396 1700 2467 1756 Ut
2494 1700 2707 1756 audiret
2734 1700 2969 1773 gemitus
2994 1698 3445 1769 compedilorum.
3470 1716 3488 1749 ι

352 1882 633 1951 Δεδεμένοι
685 1881 888 1942 πάντες
931 1878 1036 1932 ὑπὸ
1064 1880 1164 1949 τῆς
1191 1876 1469 1946 ἁμαρτίας
1511 1871 1809 1941 ἐτύγχανον
1834 1884 1849 1899 ο

2023 1882 2227 1939 Omnes
2272 1891 2428 1937 erant
2473 1881 2623 1952 ligati
2669 1888 2896 1951 peccato
2933 1900 2946 1935 :
2985 1878 3356 1949 unusquisque
3404 1891 3534 1947 pro-

273 1978 487 2044 σειραῖς
521 1974 749 2035 ἕκαστος
774 1971 882 2024 τῶν
913 1972 1127 2023 οἰκείων
1177 1967 1590 2040 ἁμαρτημάτων
1632 1960 1857 2031 σφιγγό-

276 2082 445 2137 μενος
463 2080 475 2093 ·
508 2057 584 2119 ὧν
618 2064 715 2135 τὴν
742 2062 1076 2134 ἐπιστροφὴν
1106 2061 1327 2131 μηνύων
1365 2057 1637 2118 ὀἮσαῒας
1660 2054 1814 2121 ἔλεγε
1837 2067 1852 2081 ·

274 2162 393 2218 Καὶ
434 2158 533 2214 σοὶ
581 2154 1077 2225 ἀκολουθήσουσι
1115 2152 1420 2222 δεδεμένοι
1462 2146 1854 2218 χειροπέδαις,

275 2249 382 2301 καί
430 2248 499 2300 ἐν
545 2246 645 2300 σοί
690 2245 1153 2315 προσεύξονται,
1204 2243 1303 2297 καὶ
1350 2236 1856 2311 προσκυνήσουσί

277 2357 403 2393 σοι.
437 2340 499 2392 Ol
531 2339 585 2391 δὲ
611 2339 763 2391 αύτοί
793 2338 885 2391 καί
914 2338 1020 2390 υίοί
1051 2330 1531 2405 τεθανατωμένων,
1564 2332 1655 2385 τὸν
1686 2329 1859 2400 βαρὺν

287 2432 383 2484 καὶ
416 2429 646 2499 χαλεπὸν
673 2430 770 2499 τῆς
806 2428 1221 2499 εἰδωλολατρίας
1252 2427 1665 2495 ὑπομεινάντων
1694 2423 1860 2477 θάνα-

290 2537 403 2573 τον.
423 2514 579 2573 Οὗτοι
604 2519 781 2573 τοίνυν
806 2519 1119 2582 ἐστέναζον,
1139 2518 1249 2570 τῶν
1276 2516 1492 2586 δεσμῶν
1521 2514 1859 2583 ἀπολυθῆναι

288 2610 602 2681 βουλόμενοι
627 2626 641 2640 ³
668 2610 857 2681 διόπερ
881 2610 1061 2663 αὐτῶν
1080 2611 1107 2661 ὁ
1128 2609 1259 2672 Θεὸς
1292 2606 1639 2671 εἰσακούσας,
1664 2608 1742 2670 εἰς
1762 2604 1860 2677 τὴν

283 2702 390 2771 γῆν
426 2703 587 2764 αὐτὸς
618 2700 789 2754 ὲλοὼν
826 2701 1190 2771 ἐπεσκέψατο.

361 2836 378 2866 ι
421 2816 528 2869 Τοῦ
556 2816 875 2885 ἀναγγεῖλαι
910 2818 968 2869 ἐν
1006 2815 1166 2869 Σιών.
1208 2832 1241 2865 ιν

355 2908 471 2976 Οὐχ
516 2906 655 2959 ὥστε
706 2906 868 2976 μέχρι
919 2906 1029 2960 τῶν
1071 2907 1191 2959 ἐκεῖ
1224 2902 1417 2974 στῆναι
1459 2901 1556 2956 τοῦ
1592 2901 1729 2956 Θεοῦ
1763 2901 1863 2972 τὴν

278 2998 495 3051 αἴνεσιν
549 2998 582 3069 ἢ
618 2998 714 3069 τὴν
759 2997 1055 3066 ἀγγελίαν,
1097 2997 1345 3050 τουτέστι
1388 2996 1450 3048 τὸ
1491 2995 1861 3065 Εύαγγέλιον,

282 3088 407 3143 ἀλλ’
455 3088 595 3142 ὥστε
636 3088 849 3142 ἐκεῖθεν
891 3086 1198 3159 ἀρξάμενον
1228 3089 1307 3150 εἰς
1341 3087 1524 3140 πᾶσαν
1555 3086 1864 3157 διαδοθῆναι

283 3181 388 3252 τὴν
419 3180 542 3251 γῆν.
585 3182 681 3235 Ἐκ
733 3180 844 3251 γὰρ
884 3180 1039 3234 Σιὼν
1084 3178 1468 3244 ἐξελεύσεται
1517 3178 1719 3247 νόμος,
1765 3178 1864 3232 καὶ

280 3242 715 3343 λόγος-Κυρίου
735 3242 821 3336 ἐξ-
854 3242 1274 3342 Ἰερουσαλὴμ,
1302 3271 1399 3326 καί
1438 3242 1630 3339 κρινεῖ
1643 3270 1863 3341 ἀναμέ-
1888 3242 1933 3300 c

286 3386 411 3422 σον
431 3367 620 3421 ἐθνῶν
644 3366 918 3421 πολλῶν.

369 3498 388 3530 ι
440 3481 527 3532 Ἐν
552 3478 629 3550 τῷ
654 3478 1080 3548 έπισυναχθῆναι
1108 3474 1273 3539 λαοὺς
1302 3477 1396 3530 ἐπὶ
1428 3476 1489 3529 τὸ
1519 3475 1668 3531 αύτό.
1702 3492 1721 3527 ι

366 3574 441 3627 Ού
485 3574 616 3644 περὶ
652 3573 769 3636 ένδς
800 3571 931 3625 λαοῦ
950 3613 965 3638 ,
1001 3571 1133 3642 περὶ
1166 3570 1378 3625 πολλῶν
1410 3569 1467 3621 δὲ
1494 3567 1870 3638 συναχθέντων

289 3666 591 3721 ὶκτίοεται.
636 3664 735 3718 Διά
764 3664 821 3718 δὲ
854 3662 950 3717 τοῦ
981 3662 1221 3734 πλήθους
1267 3663 1337 3716 τὰ
1365 3662 1499 3733 έονη
1544 3660 1867 3715 αἰνίττεται.

376 3870 398 3903 ι
451 3849 748 3921 Ἀπεκρίθη
777 3846 928 3919 αὐτῷ
958 3849 1018 3901 έν
1055 3845 1164 3917 ὁδῷ
1197 3844 1381 3917 ἰσχύος
1410 3843 1598 3899 αὑτοῦ.
1635 3863 1655 3896 ι

367 3942 435 3995 Τί
460 3942 671 3996 τοιοῦτο
714 3940 892 4013 δηλῶν
930 3939 959 3992 ὁ
986 3938 1223 4009 Χριστός
1267 3953 1466 4008 φησιν·
1540 3935 1876 4002 Ἐλήλυθεν

296 4038 338 4105 ἡ
368 4036 488 4105 ὥρα
511 4077 527 4103 ,
555 4036 656 4090 ἵνα
691 4031 964 4102 δοξασθῇ
992 4034 1025 4086 ὁ
1056 4031 1193 4098 Υἱὸς
1233 4030 1340 4084 τοῦ
1378 4030 1694 4099 ἀνθρώπου
1718 4044 1735 4061 ·
1781 4026 1874 4081 τοῦ

300 4129 538 4199 σταυροῦ
571 4130 664 4181 τὸν
694 4127 889 4199 καιρὸν
911 4125 1279 4196 αἰνιττόμενος
1298 4140 1312 4155 ⁶
1357 4125 1505 4188 ὅστις
1537 4122 1655 4186 ὁδὸς
1695 4119 1878 4192 ἰσχύος

1956 1975 2199 2047 priorum
2225 1981 2576 2044 peccatorum
2602 1971 2834 2027 vinculis
2876 1970 3241 2042 stringebatur
3263 1987 3278 2022 :
3300 1982 3531 2037 quorum

1958 2065 2376 2121 conversionem
2411 2063 2698 2118 insinuans
2730 2061 2896 2117 Isaias
2923 2061 3000 2116 ait
3031 2078 3046 2114 :
3081 2061 3147 2114 Et
3186 2071 3232 2113 te
3257 2066 3535 2129 sequentur

1956 2161 2115 2216 vincti
2158 2160 2401 2220 manicis,
2438 2169 2487 2213 et
2535 2160 2593 2213 in
2640 2167 2689 2212 te
2727 2158 2951 2213 orabunt
2992 2167 3040 2211 et
3078 2156 3371 2209 adorabunt
3400 2162 3448 2207 te
3465 2153 3530 2205 ³⁷.

1956 2252 2225 2309 Caeterum
2276 2252 2333 2307 hi
2378 2252 2478 2321 ipsi
2519 2266 2734 2323 quoque
2776 2260 2907 2305 sunt
2934 2250 3028 2304 ﬁlii
3060 2250 3535 2317 interemptorum,

1959 2344 2051 2414 qui
2085 2359 2302 2415 gravem
2334 2358 2399 2397 ac
2426 2343 2710 2397 molestam
2739 2339 3057 2397 idololatriae
3088 2346 3317 2393 mortem
3350 2335 3538 2390 subie-

1959 2445 2107 2492 runt.
2147 2435 2214 2490 Hi
2243 2435 2423 2504 itaque
2450 2434 2737 2506 gemebant
2765 2448 2796 2487 a
2820 2430 3052 2489 vinculis
3074 2428 3278 2484 absolvi
3309 2427 3538 2498 cupien-

1961 2538 2044 2584 tes
2081 2547 2094 2582 :
2130 2534 2462 2598 quaprOpter
2507 2526 2651 2580 Deus
2694 2525 2842 2595 ipsos
2874 2521 3193 2584 exaudiens,
3224 2519 3453 2589 ipsemet
3482 2516 3539 2571 in

1960 2632 2163 2678 terram
2195 2619 2498 2675 adveniens
2532 2615 2794 2688 respexit.

2031 2825 2195 2879 Vens.
2218 2823 2309 2877 22.
2357 2841 2377 2874 ‹
2405 2821 2478 2877 Ut
2501 2818 2827 2875 annuntient
2849 2815 2904 2870 in
2937 2814 3094 2869 Sion.
3133 2832 3153 2865 ι

2034 2916 2153 2970 Non
2181 2924 2240 2969 ut
2268 2914 2379 2970 illic
2403 2913 2501 2969 Dei
2530 2913 2649 2967 laus
2677 2919 2734 2965 et
2754 2906 3118 2969 annnntiatio,
3141 2905 3244 2959 hoc
3264 2911 3347 2958 est
3368 2900 3545 2958 Evan-

1964 3009 2187 3079 gelium,
2215 3007 2455 3069 sistatur,
2474 3003 2570 3059 sed
2597 3012 2654 3057 ut
2690 3001 2815 3056 inde
2846 2997 3116 3067 incipiens
3141 2997 3195 3049 in
3228 2996 3543 3053 universum

1966 3108 2236 3155 terrarum
2285 3098 2474 3152 orbem
2524 3101 2872 3167 propagetur.
2909 3088 3046 3155 Quia
3096 3088 3160 3141 de
3208 3088 3340 3141 Sion
3385 3085 3546 3140 exibit

1969 3192 2069 3259 lex,
2100 3202 2149 3247 et
2178 3192 2389 3247 verbum
2416 3189 2631 3244 Domini
2656 3188 2718 3241 de
2743 3181 3055 3240 Jerusalem.
3080 3178 3149 3233 Et
3172 3177 3434 3249 judicabit
3463 3177 3548 3230 in-

1966 3294 2047 3338 ter
2076 3292 2250 3355 gentes
2274 3282 2469 3336 multas
2487 3281 2553 3337 ³³.

2043 3488 2202 3543 Vens.
2226 3488 2320 3542 2'5.
2368 3506 2386 3539 ι
2416 3485 2476 3540 In
2506 3481 2887 3540 conveniendo
2917 3479 3152 3551 populos
3178 3475 3232 3531 in
3264 3488 3457 3529 unum.
3487 3487 3508 3522 ι

2040 3579 2159 3635 Νοιι
2189 3579 2256 3633 de
2289 3592 2396 3632 uno
2424 3576 2642 3647 populo,
2679 3573 2772 3629 sed
2801 3573 2869 3628 de
2893 3570 3079 3627 multis
3101 3562 3553 3623 convenientibus

1971 3672 2284 3744 exponitur.
2332 3669 2439 3725 Per
2488 3666 2896 3723 multitudinem
2942 3671 3127 3718 autem
3180 3666 3371 3732 gentes
3418 3654 3553 3711 insi-

1970 3775 2125 3820 nuat.

2051 3856 2208 3910 Vsus.
2229 3855 2320 3909 24.
2367 3871 2386 3904 ι
2418 3849 2723 3922 Respondit
2758 3848 2807 3903 ei
2841 3848 2895 3901 in
2928 3847 3012 3902 via
3045 3845 3264 3903 virtutis
3298 3857 3429 3898 sum.
3461 3858 3482 3894 ι

2044 3947 2294 4003 Christus
2324 3944 2456 4015 quid
2500 3943 2677 3997 simile
2722 3940 3008 3995 declarans
3050 3938 3173 3994 ait:
3225 3934 3371 3991 Venit
3402 3935 3555 3996 liora,

1940 4082 1941 4085 η
1976 4053 2031 4095 ut
2063 4037 2382 4107 ciariﬁcetur
2411 4036 2578 4090 Filias
2612 4033 2834 4087 hominis
2848 4032 2931 4100 ”;
2977 4030 3155 4086 crucis
3189 4040 3399 4097 tempus
3428 4022 3559 4077 insi-

1979 4148 2201 4189 nuans:
2240 4129 2387 4199 quod
2436 4126 2749 4182 necessario
2790 4124 2934 4181 viam
2984 4123 3201 4177 virtutis
3246 4114 3558 4189 appellavit.

299 4223 620 4292 ἀναγκαίως
672 4221 909 4289 ἐλέγετο.
955 4220 1131 4289 ’ἰσχὺς
1174 4218 1285 4288 γὰρ
1343 4215 1438 4271 τοῦ
1491 4214 1728 4287 σταυροῦ
1784 4214 1866 4267 καί

1979 4224 2076 4279 Vis
2106 4223 2254 4279 enim
2295 4235 2360 4276 ac
2388 4219 2562 4275 virtus
2589 4217 2769 4272 crucis
2799 4231 2929 4269 vera
2958 4224 3041 4270 est
3066 4228 3097 4267 e
3123 4210 3351 4266 mortuis
3381 4221 3559 4261 resur-

295 4315 531 4385 δύναμις
571 4312 808 4383 ἀψευδὴς
853 4314 887 4382 ἡ
926 4312 991 4364 ὲκ
1035 4310 1247 4381 νεκρῶν
1285 4308 1601 4375 ἀνάστασις,
1644 4309 1711 4377 ἢν
1746 4305 1880 4359 ὡδο-⁹

300 4406 496 4478 ποίησε
522 4404 618 4459 τοῦ
646 4402 879 4476 σταυροῦ
901 4403 963 4456 τὸ
997 4403 1319 4474 μυστήριον.

380 4519 400 4552 ι
434 4498 527 4570 Μὴ
557 4499 839 4568 ἀναγάγῃς
872 4514 939 4567 με
970 4498 1028 4549 έν
1062 4495 1250 4565 ἡμίσει
1277 4493 1527 4565 ἡμερῶν.
1563 4512 1584 4546 ι

1981 4318 2180 4381 rectio,
2211 4313 2298 4370 cui
2330 4312 2474 4368 viam
2506 4309 2698 4366 stravit
2726 4309 3040 4380 mysterium
3069 4302 3268 4358 crucis.

2061 4495 2219 4550 Vsus.
2241 4493 2334 4549 25.
2382 4509 2400 4543 ι
2429 4489 2509 4546 Ne
2542 4502 2768 4544 revoces
2813 4500 2900 4540 me
2934 4485 2987 4539 in
3021 4481 3245 4539 dimidio
3275 4478 3507 4534 dierum.
3536 4491 3555 4523 ι

384 4589 702 4660 ’Λναγωγὴν
733 4590 890 4643 καλεί
916 4588 1016 4656 τὴν
1042 4584 1292 4639 ἐντεῦθεν
1321 4586 1682 4656 μετάστασιν.
1708 4584 1753 4637 Τ
1755 4582 1866 4636 οῦτι

2055 4586 2477 4645 [invocationem
2527 4591 2687 4637 vocat
2733 4596 2801 4636 ex
2849 4581 2954 4634 hac
3000 4577 3109 4631 vita
3164 4570 3559 4642 migrationem.

297 4686 413 4757 γὰρ
456 4684 633 4754 ψυχῆς
681 4682 885 4745 ἄνοδος.
931 4680 1022 4752 Μὴ
1078 4679 1259 4732 τοίνυν
1308 4678 1503 4749 ἀτελὴς
1542 4678 1641 4747 τὴν
1678 4676 1880 4747 ἀρετὴν

302 4778 640 4848 μεταστῆναι
703 4771 1089 4843 πρεσϐεύεται,
1140 4769 1431 4840 ὁλόκληρον
1480 4768 1592 4838 βίον
1643 4766 1880 4837 νομίζων

297 4872 397 4922 τὸν
425 4870 483 4920 έν
505 4868 671 4937 ἁρετῇ
712 4864 939 4929 τέλειον,
969 4864 1143 4934 ἥμισυ
1172 4860 1228 4914 δὲ
1250 4862 1310 4915 τὸ
1349 4860 1537 4923 ἀτελὲς
1574 4861 1667 4913 καὶ
1706 4859 1881 4928 ἀπλή-

302 4978 479 5037 ρωτον
486 4998 501 5013 ο

375 5051 482 5106 Τὸν
510 5050 668 5119 λόγον
692 5050 853 5103 πάλιν
881 5050 1016 5117 πρὸς
1045 5048 1135 5102 τὸν
1160 5047 1365 5118 Κύριον
1406 5045 1704 5115 ἐπέτρεψεν
1722 5063 1735 5076 ·
1777 5044 1878 5097 αύ-

273 5132 286 5206 ί
301 5142 401 5199 τοῦ
437 5142 545 5213 γὰρ
571 5142 638 5194 τὰ
670 5141 787 5211 ἐτη,
814 5141 849 5194 ἃ.
880 5143 936 5195 έν
968 5142 1133 5211 σαρκὶ
1168 5139 1490 5209 πεποίηκεν,
1517 5140 1575 5190 ἐν
1597 5138 1759 5208 γενεᾷ
1787 5153 1880 5203 γε-

303 5238 468 5302 νεῶν,
497 5236 571 5299 ὼς
600 5236 1021 5304 ἀπηρτισμένην
1040 5234 1133 5288 καὶ
1155 5232 1447 5303 ὁλόκληρον
1475 5232 1573 5300 τὴν
1603 5230 1881 5283 πολιτείαν

298 5334 523 5401 ἔχοντα.
556 5328 718 5381 Ὀθεν
739 5329 834 5381 καὶ
853 5331 880 5381 ὁ
902 5327 1108 5389 Παῦλος
1132 5327 1259 5391 τοὺς
1287 5328 1345 5401 έν
1375 5323 1675 5395 τελειότητι
1703 5339 1881 5393 παρα-

286 5422 512 5490 στῆσαι
549 5420 869 5491 βουλόμενος
903 5420 1090 5488 ἔλεγεν
1118 5437 1135 5453 -
1172 5399 1313 5474 ’1νᾶ
1328 5416 1801 5486 καταντήσωμεν
1832 5416 1886 5468 οἱ

301 5514 533 5575 πάντες
556 5515 637 5577 εἰς
660 5510 850 5579 ἄνδρα
872 5511 1123 5577 τέλειον,
1154 5514 1239 5578 εἰς
1261 5510 1482 5581 μέτρον
1510 5509 1749 5578 ἡλικίας
1776 5505 1883 5561 τοῦ

301 5603 704 5672 πληρώματος
730 5603 1008 5671 Χριστοῦ.

388 5713 409 5747 ι
448 5696 608 5748 Αὖτοὶ
637 5694 982 5762 ἀπολοῦνται,
1021 5696 1085 5750 σὺ
1116 5696 1173 5750 δὲ
1196 5696 1488 5768 διαμένεις.
1530 5716 1549 5748 ι

379 5878 425 5910 ³⁸
463 5880 663 5950 Εριιεε.
705 5900 763 5947 ιι,
800 5882 880 5937 15.
955 5880 996 5911 ³τ
1028 5877 1130 5933 lsa.
1180 5894 1301 5945 va,
1339 5877 1424 5932 Η.
1505 5878 1545 5920 ν
1586 5875 1684 5931 Isa.
1719 5892 1774 5939 ιι,
1810 5875 1859 5930 5.

1982 4680 2083 4735 Hic
2130 4680 2276 4735 enim
2330 4687 2415 4734 est
2462 4676 2659 4731 anima:
2696 4687 2981 4728 ascensus.
3026 4668 3203 4737 Rogat
3240 4664 3463 4731 itaque,
3494 4674 3565 4713 ne

1982 4770 2339 4841 imperfectus
2364 4770 2420 4822 in
2452 4766 2655 4821 virtute
2679 4765 2807 4819 hinc
2835 4762 3080 4831 emigret,
3100 4758 3364 4827 integram
3397 4752 3559 4807 vitam

1983 4874 2249 4935 reputans
2270 4876 2391 4932 quae
2424 4860 2478 4913 in
2514 4858 2719 4911 virtute
2755 4854 2995 4925 perfecta
3024 4846 3410 4916 sit,itimidiam
3431 4857 3565 4897 vero

1982 4961 2067 5015 cui
2108 4955 2252 5011 desit
2274 4950 2539 5023 perfectio
2568 4958 2624 5004 et
2648 4945 2954 5019 plenitudo.

2055 5049 2374 5104 Sermonem
2405 5044 2601 5098 iterum
2638 5038 2909 5095 convertit
2941 5034 3008 5090 ad
3042 5031 3330 5088 Dominum
3358 5024 3567 5098 :ipsius

1981 5142 2130 5198 enim
2165 5138 2318 5201 anni,
2354 5150 2493 5205 quos
2532 5134 2586 5187 in
2620 5146 2785 5186 carne
2819 5128 2968 5199 egit,
3002 5126 3056 5179 in
3092 5120 3440 5196 generatione
3468 5133 3561 5189 ge-

1983 5231 2329 5286 nerationum
2366 5230 2738 5296 perseverant,
2771 5229 2833 5274 ut
2872 5218 2966 5288 qui
3014 5215 3311 5287 perfectam
3342 5217 3400 5265 et
3428 5210 3565 5263 inte-

1984 5339 2132 5396 gram
2182 5318 2497 5377 contineant
2550 5314 2913 5384 disciplinam.
2946 5310 3104 5365 Unde
3153 5307 3317 5362 etiam
3368 5302 3565 5357 Paulus

1988 5415 2259 5487 perfectos
2287 5425 2389 5466 nos
2418 5406 2666 5463 exhiberi
2707 5406 2898 5458 volens
2927 5401 3062 5457 dixit
3091 5418 3105 5454 :
3139 5399 3202 5455 Ut
3230 5408 3565 5450 occurramus

1989 5525 2163 5563 omnes
2206 5508 2261 5560 in
2306 5505 2473 5558 virum
2500 5499 2805 5570 perfectum,
2836 5497 2891 5549 in
2924 5508 3223 5548 mensuram
3248 5488 3419 5545 wtatis
3451 5489 3563 5554 plc-
3604 5563 3608 5568 Ι

1992 5601 2243 5655 niludiuis
2269 5595 2463 5651 Christi
2481 5594 2547 5645 ⁵ο.

2068 5692 2224 5747 Vsus.
2249 5691 2338 5743 ‘27.
2387 5707 2405 5739 ι
2441 5684 2542 5758 Ipsi
2574 5681 2857 5754 peribunt,
2889 5686 2947 5732 tu
2977 5683 3159 5731 autem
3200 5683 3486 5745 permancs
3538 5685 3558 5721 ι
3652 5710 3667 5725 .

1941 5875 1980 5906 ις
2017 5869 2170 5926 Joan.
2210 5887 2303 5935 χιι,
2338 5868 2425 5923 23.
2500 5868 2540 5899 "
2570 5866 2770 5938 Ειιιιεδ·
2802 5879 2874 5927 ιν»
2922 5862 3003 5918 ίδ·
