4032 6410
625 366 763 432 1283
1808 354 2133 417 HESYCHI
2144 354 2168 413 Ι
2208 344 2682 413 PRESBYTERI
3680 343 3779 411 ἥθ’.

620 476 933 539 stationem,
965 487 1083 543 quas
1108 479 1267 526 antea
1301 468 1520 540 quidem
1548 473 1687 530 erat,
1720 468 1816 521 sed
1851 465 2194 536 postmodum

2190 486 2194 516 l
2226 473 2267 525 Α
2301 461 2399 531 μὲν
2459 458 2552 512 καὶ
2589 454 2877 528 πρότερον.
2932 450 3294 524 σφοδροτέραν
3328 450 3385 504 δδ
3431 452 3689 524 γενομένην
3726 462 3782 519 είς

623 569 793 639 magis
828 566 1097 621 inclaruit.
1124 564 1233 618 Etsi
1269 563 1416 617 enim
1445 560 1761 630 angelorum
1791 558 2054 621 conditio,
2077 570 2190 610 cm-

2295 551 2542 619 ὖστερον.
2609 546 2672 601 Ei
2703 546 2810 618 γὰρ
2837 546 2932 598 καὶ
2956 544 3121 598 ἱκανά
3164 545 3242 607 είς
3272 541 3499 612 δήλωσιν
3522 543 3603 597 τού
3628 546 3736 601 Θεοῦ
3761 554 3785 619 ἡ

622 630 800 713 lorum
828 656 1109 727 expansio,
1136 666 1292 708 terra:
1315 651 1583 715 iundat‘io,
1603 660 1658 705 et
1680 658 1875 704 caetera
1905 662 2026 717 quae
2047 645 2194 701 Psal-

2291 636 2401 692 τῶν
2430 634 2682 705 ἀγγέλων
2727 633 3057 704 δημιουργία
3081 672 3095 694 .
3117 631 3229 684 τῶν
3269 630 3507 702 οὐρανῶν
3539 634 3570 703 ἡ
3597 634 3788 701 Emam,

623 752 781 807 mista
810 726 907 805 his
934 748 1246 817 subiunxit,
1275 746 1405 800 satis
1434 754 1619 800 essent
1653 744 1718 798 ad
1759 742 1927 796 Deum
1972 737 2195 794 manife-

2293 728 2327 804 ἡ
2348 732 2450 802 τῆς
2467 734 2572 804 γῆς
2591 730 2941 802 θεμελίωσις,
2966 728 3062 782 καὶ
3082 728 3248 798 ἔτερα
3264 727 3364 779 δσα
3380 726 3577 791 τούτοις
3594 730 3619 781 ὁ
3641 729 3792 800 Ψαλμ.

622 845 915 909 standum;
939 816 1178 896 attamen
1209 839 1295 893 bis
1322 838 1493 908 magis
1520 847 1645 907 apta
1677 845 1762 890 est
1796 830 2090 889 Salvatoris
2112 829 2195 883 in-

2290 822 2427 892 φδὸς
2452 822 2737 892 ἐπήγαγεν
2765 837 2780 853 ο
2817 818 2952 871 ἀλλὰ
2980 817 3189 871 τούτων
3229 816 3525 885 ἱκανωτέρα
3549 816 3580 885 ἡ
3606 816 3684 867 τοῦ
3707 819 3792 869 Σω-

621 906 1117 1002 οθτιιυιὶοξίιυίρρε
1145 930 1289 1001 quod
1317 906 1480 984 homo
1508 906 1684 982 factus
1714 926 1804 990 sit,
1829 934 1882 980 et
1909 923 2049 977 Deus
2071 938 2196 992 per-

2292 916 2459 986 τῆρος
2498 915 2796 985 σάρκωσις,
2825 912 2886 965 τὸ
2912 910 3166 981 γενέσθαι
3208 907 3373 961 αὐτὸν
3411 906 3702 976 ἄνθρωπον,
3727 910 3796 961 καί

622 1028 916 1091 manserit;
957 1025 1098 1095 quod
1133 1033 1318 1077 nostra
1360 1037 1551 1092 passus
1583 1021 1673 1081 sit,
1696 1025 1752 1072 ct
1781 1016 2052 1087 propriam
2082 1031 2196 1068 ser-

2297 1004 2479 1076 μεῖναι
2514 1004 2645 1056 Θεόν
2665 1020 2679 1035 ο
2724 1003 2919 1055 παθεῖν
2972 1001 3040 1054 τά
3068 999 3315 1070 ἡμέτερα
3336 1038 3350 1061 ,
3384 997 3477 1049 καὶ
3502 996 3701 1064 φυλάξαι
3724 998 3799 1067 τὴν

621 1121 833 1176 vaverit
866 1088 1389 1188 imp-assibilitatcmi
1418 1112 1674 1183 quocirca
1700 1110 1825 1163 licet
1865 1109 1982 1163 haec
2003 1108 2194 1162 ordine

2293 1096 2505 1152 οἰκείαν
2521 1096 2809 1150 άπάθειαψ
2824 1095 3014 1165 διόπερ
3034 1093 3213 1147 καίτοι
3232 1090 3463 1159 δεύτερα
3485 1088 3639 1140 ταῦτα
3655 1092 3709 1159 τῇ
3728 1092 3798 1143 τά-

621 1212 925 1284 posteriora
944 1208 1166 1271 fuerint,
1192 1207 1332 1261 Deus
1358 1211 1541 1259 tamen
1566 1219 1629 1258 ea
1651 1201 1863 1257 cmteris
1880 1202 2191 1269 prmposuit,

2298 1188 2378 1253 ξει
2403 1188 2767 1258 τυγχάνοντα,
2813 1185 3056 1257 πρότερα
3089 1182 3199 1236 τῶν
3232 1182 3408 1237 ἄλλων
3438 1182 3466 1234 ὁ
3496 1179 3615 1242 Θεὸς
3638 1180 3799 1246 ἔταξεν,

622 1272 811 1374 utpote
843 1300 1045 1355 virtute
1081 1299 1313 1369 potiora.
1349 1292 1499 1351 lianc
1529 1301 1707 1349 autem
1739 1290 2193 1363 magniﬁcentiam

2294 1281 2369 1345 ὡς
2398 1284 2463 1352 τῇ
2496 1280 2726 1351 δυνάμει
2759 1278 3098 1350 τυγχάνοντα
3126 1275 3392 1346 πρότερα.
3432 1272 3804 1326 Ἐνδύσασθαιδὲ

623 1406 679 1451 et
703 1395 1103 1451 confessionem
1136 1393 1313 1463 ipsum
1348 1390 1591 1444 induisse
1618 1387 1714 1450 ait,
1741 1398 1848 1439 non
1872 1383 2027 1455 quasi
2050 1379 2195 1436 illam

2295 1373 2500 1444 ταύτην
2521 1374 2682 1427 αὑτὸν
2695 1372 2794 1444 τὴν
2815 1370 3295 1442 μεγαλοπρέπειαν
3310 1368 3405 1421 καὶ
3418 1365 3513 1438 τὴν
3532 1364 3804 1435 ἐξομολόγηα

622 1507 814 1547 rursus
850 1490 1201 1561 depositurus
1226 1487 1316 1551 sit,
1347 1486 1445 1541 sed
1477 1494 1537 1540 ut
1564 1484 1905 1546 ostendatur,
1938 1480 2082 1550 quod
2110 1479 2196 1532 in-

2299 1465 2383 1519 σίν
2411 1482 2575 1536 φησιν
2597 1507 2611 1529 ,
2642 1465 2743 1534 οὐχ
2774 1463 2851 1528 ὡς
2896 1462 3059 1517 πάλιν
3087 1460 3421 1514 ἀποδύεσθαι
3453 1457 3703 1529 μέλλοντα,
3722 1457 3806 1510 ἀλλ’

622 1588 879 1634 carnatus
912 1578 1135 1632 minime
1169 1578 1239 1632 sit
1270 1577 1325 1630 in
1361 1570 1642 1630 hominem
1678 1578 2074 1636 commutatus,
2102 1569 2198 1625 sed

2298 1555 2438 1610 ὥστε
2462 1554 2768 1627 δειχθῆναι,
2799 1556 2882 1609 ὅτι
2910 1552 3221 1626 σαρκωθεὶς
3252 1552 3316 1605 ού
3343 1550 3639 1622 μετεϐλήθη
3654 1551 3719 1612 είς
3736 1553 3806 1604 ἄν.

623 1669 767 1726 Deus
796 1677 1137 1741 permaneat,
1168 1674 1223 1721 et
1257 1667 1421 1720 homo
1453 1665 1565 1719 ﬁat.

2299 1646 2537 1719 θρωπον,
2560 1647 2695 1701 ἀλλὰ
2728 1646 2824 1701 καὶ
2848 1646 2981 1711 Θεὸς
3001 1646 3171 1715 μένει,
3200 1645 3297 1699 καὶ⁵
3326 1642 3601 1713 ἄνθρωπος
3627 1643 3806 1712 γίνεται.

699 1737 858 1818 Vens.
885 1760 941 1817 2.
988 1780 1007 1813 ι
1036 1760 1283 1815 Amictus
1311 1758 1517 1813 lumine
1548 1755 1689 1810 sicut
1710 1754 2055 1809 vestimento.
2084 1771 2102 1804 ι

1890 1760 2055 1809 tento.
2084 1771 2102 1804 ι
2376 1756 2395 1789 ί
2442 1737 2904 1809 Ἀνασαλλόμενος
2928 1738 3045 1809 φῶς
3077 1738 3153 1801 ὼς
3186 1737 3423 1808 ἱμάτιον.
3465 1754 3482 1787 ι

702 1854 776 1909 De
793 1854 1022 1924 ipsamet
1042 1850 1414 1906 incarnatione
1432 1849 1700 1918 loquitur:
1719 1846 1865 1900 illam
1881 1843 2202 1900 enimJoan-
2230 1824 2274 1881 Β

2230 1824 2274 1881 Β
2370 1832 2505 1903 Περὶ
2526 1833 2625 1902 τῆς
2651 1831 2823 1901 αὐτῆς
2863 1830 3179 1902 οἰκονομίας
3212 1830 3399 1897 λέγει’
3429 1825 3539 1896 φῶς
3563 1825 3660 1896 γὰρ
3684 1827 3808 1896 αὐτὴν

625 1962 726 2003 nes
748 1916 964 2017 quoque
989 1945 1167 1999 lucem
1202 1916 1518 2013 appellavit:
1544 1939 1637 1994 Sic
1665 1948 1846 1994 autem
1878 1939 1952 1992 ait
1976 1954 1990 1992 :
2018 1934 2086 1992 Et
2108 1938 2203 1992 tua:

2303 1924 2399 1976 καὶ
2433 1921 2690 1994 Ἰωάννης
2720 1922 2971 1977 ἐκάλεσε.
3003 1921 3165 1989 Λέγει
3191 1919 3249 1973 δὲ
3276 1918 3486 1982 οὕτως’
3517 1916 3617 1970 Kal
3644 1916 3699 1969 τὸ
3719 1916 3807 1985 ςςῶς

626 2038 685 2092 in
717 2006 938 2090 teirebiis
969 2033 1127 2094 lucet.
1156 2042 1205 2087 et
1239 2006 1473 2087 tenebris
1512 2046 1629 2083 eam
1668 2046 1771 2083 non
1806 2028 2205 2098 comprehende-

2301 2014 2373 2068 ἐν
2406 2011 2483 2082 τῇ
2508 2015 2754 2082 exorata
2782 2013 3005 2083 φαίνει,
3027 2012 3126 2066 καὶ
3158 2013 3198 2079 ἡ
3224 2010 3441 2064 σκοτία
3464 2006 3598 2061 αὑτό
3624 2008 3684 2059 οὐ
3710 2024 3806 2060 κατ-

627 2138 749 2183 runt
767 2128 833 2181 ⁸⁷.
867 2126 1127 2195 Quotquot
1173 2134 1349 2179 autem
1392 2130 1693 2193 receperunt
1742 2136 1898 2186 eum,
1942 2120 2086 2175 dedit
2110 2120 2205 2182 [eis

2301 2104 2538 2161 ἐλαϐεν.
2586 2104 2754 2160 Ὅσοι
2798 2106 2867 2159 δὲ
2906 2106 3129 2160 ἔλαϐον
3172 2102 3386 2167 αὑτὸν,
3423 2099 3631 2155 ἔδωκεν
3656 2099 3807 2166 αὐτοῖς

626 2228 935 2289 potestatem
968 2218 1105 2287 ﬁlios
1136 2214 1231 2269 Dei
1262 2214 1459 2284 ﬁeri”.

2302 2198 2593 2264 ἐξουσίαν
2612 2198 2795 2253 τέκνα
2820 2198 2968 2254 Θεοῦ
2995 2197 3296 2269 γενέσθαι.

705 2326 724 2359 ι
757 2307 1072 2362 Extendens
1092 2306 1289 2360 caelum
1313 2304 1454 2359 sicut
1481 2304 1697 2375 pellem.
1723 2320 1742 2355 ι

2380 2308 2400 2343 ι
2452 2290 2741 2345 Ἐκτείνων
2764 2290 2858 2344 τὸν
2893 2288 3124 2362 οὐρανὸν
3149 2288 3285 2342 ὡσεὶ
3305 2288 3512 2361 δέρῤιν.
3547 2307 3563 2340 ι

700 2399 985 2453 Manifeste
1025 2397 1339 2469 praedicavit
1367 2396 1682 2451 Creatorem
1711 2396 2073 2459 incarnatum,
2110 2408 2205 2451 ea-

2376 2383 2573 2454 Σαφῶς
2591 2384 2683 2437 τὸν
2706 2382 3060 2455 σαρκωθέντα
3078 2385 3152 2455 Δη
3161 2400 3288 2453 μιου
3298 2382 3426 2451 ργδν
3440 2382 3673 2453 ἐκήρυξε,
3686 2382 3809 2436 ταῦτα

627 2490 752 2546 dem
775 2490 843 2545 de
870 2490 991 2559 ipso
1014 2489 1202 2543 dicens
1223 2503 1343 2557 quae
1360 2486 1602 2541 Joannes
1626 2485 1937 2558 Theologus
1957 2484 2201 2555 scripsit:

2305 2477 2438 2547 περὶ
2475 2475 2642 2529 αὑτοῦ
2670 2475 2847 2544 λέγων
2877 2476 3022 2546 ἆπερ
3068 2475 3332 2545 Ἰωάννης
3363 2475 3391 2527 ὁ
3426 2474 3667 2543 Θεολὸγος
3692 2475 3806 2546 ἔγρα-

625 2596 751 2635 cum
796 2580 942 2635 enim
973 2580 1040 2634 de
1076 2576 1185 2632 Deo
1215 2578 1445 2633 dixisset
1472 2597 1485 2632 :
1520 2576 1709 2633 Omnia
1742 2593 1835 2647 per
1863 2578 2033 2645 ipsum
2063 2577 2206 2647 facta

2305 2569 2409 2640 ψεν
2440 2584 2455 2599 ·
2488 2567 2661 2623 είπὼν
2706 2569 2818 2640 γὰρ
2858 2569 3063 2631 ἐκεῖνος
3093 2568 3221 2639 περὶ
3259 2564 3357 2619 τοῦ
3393 2566 3545 2631 Θεοῦ,
3570 2568 3738 2620 Πάντα
3758 2568 3806 2620 δι’

625 2678 770 2733 sunt,
798 2678 846 2723 et
876 2666 987 2722 sine
1016 2667 1126 2736 ipso
1159 2668 1359 2737 factum
1395 2676 1471 2720 est
1510 2666 1641 2719 nihil
1666 2666 1802 2735 quod
1828 2666 2025 2735 factum
2050 2662 2204 2728 est“,

2308 2660 2495 2717 αὐτοῦ
2542 2659 2780 2730 ἐγένετο
2810 2698 2825 2724 ,
2888 2658 2987 2711 καὶ
3022 2658 3203 2727 χωρὶς
3247 2657 3439 2713 αὑτοῦ
3474 2657 3683 2728 ἐγένετο
3711 2658 3806 2713 οὐδὲ

630 2761 974 2835 postmodum
1008 2762 1372 2833 subjungens,
1414 2758 1489 2813 ait
1524 2776 1537 2813 :
1577 2758 1793 2812 Verbum
1837 2773 1962 2811 cara
2008 2760 2208 2829 factum

2306 2752 2377 2806 ἐν
2407 2752 2439 2806 ὃ
2464 2751 2691 2823 γέγονε,
2730 2750 2870 2822 μετά
2892 2750 3054 2804 τοῦτο
3079 2749 3310 2814 κατιὼν,
3364 2749 3425 2801 '0
3450 2748 3645 2818 Λόγος,
3664 2750 3805 2819 φησὶν,

627 2866 724 2921 est,
751 2866 798 2910 et
825 2855 1079 2909 habitavit
1113 2858 1166 2907 in
1196 2854 1343 2907 nobis
1359 2853 1427 2905 '°.

2307 2844 2463 2914 σὰρξ
2489 2842 2745 2915 ἐγένετο,
2778 2841 2874 2896 καί
2904 2841 3263 2910 ἐσκήνωσεν
3299 2841 3372 2894 ἐν
3406 2839 3564 2907 ἡμῖν.

702 2947 862 3002 Vens.
892 2949 945 3002 5.
994 2966 1013 2997 ι
1043 2946 1143 3012 Qui
1173 2946 1303 3017 tegit
1334 2945 1488 3016 aquis
1514 2944 1791 3014 superiora
1829 2943 1970 3014 ejus.
2001 2961 2019 2994 ι

1967 2985 1970 2996 ,
2001 2961 2019 2994 ι
2388 2955 2406 2988 ι
2457 2935 2515 2990 '0
2554 2933 2832 3003 στεγάζων
2865 2936 2924 2987 ὲν
2954 2932 3117 2988 ὕδασι
3143 2934 3212 2988 τά
3252 2932 3504 3003 ὑπερῷα.
3543 2950 3559 2983 ι

701 3039 949 3094 Ostendit
992 3039 1138 3092 enim
1190 3038 1442 3092 sublimia
1499 3035 1755 3107 mysteria
1795 3051 1915 3105 qua:
1956 3034 2012 3089 in
2054 3035 2209 3107 aquis

2380 3028 2462 3083 Τά
2489 3028 2598 3100 γὰρ
2631 3027 2813 3098 ὑψηλὰ
2860 3027 2969 3080 τῶν
3013 3025 3340 3098 μυστηρίων
3369 3028 3428 3078 ὲν
3456 3025 3563 3088 τοῖς
3588 3024 3718 3079 ὕδασι
3741 3021 3802 3075 τοῦ

630 3126 972 3198 baptismatis
1009 3126 1372 3181 declarantur.

1358 3166 1372 3181 .
2234 3161 2279 3221 ο
2318 3120 2694 3193 βαπτίσματος
2728 3119 2948 3184 ἔδειξεν.

710 3237 727 3268 ι
752 3217 856 3283 Qui
885 3215 1040 3286 ponit
1067 3218 1244 3271 nubes
1272 3232 1560 3271 ascensum
1591 3233 1773 3272 suum.
1810 3236 1830 3271 ι
2239 3209 2279 3221 ”

2239 3209 2279 3221 “’
2386 3232 2405 3265 ι
2453 3212 2511 3266 '0
2538 3212 2711 3275 τιθεὶς
2741 3212 2879 3282 νέφη
2904 3210 3003 3282 τὴν
3025 3209 3290 3266 ἐπίϐασιν
3321 3212 3508 3268 αὑτοῦ.
3546 3230 3563 3264 ι

701 3307 818 3364 Hoc
849 3308 1384 3382 contigitUnigenito
1405 3310 1705 3365 secundum
1727 3320 1943 3380 tempus
1965 3308 2021 3363 in
2046 3308 2212 3364 caelos

2381 3306 2555 3360 Τοῦτο
2584 3305 2662 3376 τῷ
2691 3305 2994 3373 Μονογενεί
3030 3304 3177 3357 κατὰ
3206 3304 3302 3357 τὸν
3333 3305 3524 3376 καιρὸν
3553 3304 3640 3373 τῆς
3662 3304 3721 3365 είς
3746 3302 3804 3353 οὖα

631 3402 990 3468 ascensionis,
1025 3404 1243 3474 quando
1279 3405 1437 3459 nubes
1471 3406 1695 3473 suscepit
1725 3404 1927 3457 eum".

2312 3399 2507 3472 ρανοὺς
2538 3397 2857 3470 ἀναλήψεως
2886 3396 3227 3467 πέπρακται,
3260 3398 3427 3468 ἡνίκα
3460 3396 3661 3467 νεφέλη
3677 3396 3804 3448 αὑτὸν

2309 3494 2635 3550 ὑπέλαϐεν.

704 3576 865 3633 Vens.
906 3578 959 3633 4.
997 3598 1014 3631 ‹
1045 3578 1146 3646 Qui
1176 3579 1304 3635 facit
1330 3581 1553 3652 angelos
1581 3596 1711 3635 suos
1741 3580 1983 3650 spiritus.
2026 3598 2047 3631 ι

2385 3602 2405 3635 ι
2459 3584 2517 3637 '0
2545 3583 2713 3637 ποιῶν
2740 3582 2867 3646 τοὺς
2899 3581 3166 3652 ἀγγέλους
3194 3582 3364 3636 αὐτοῦ
3396 3583 3678 3652 πνεύματα.
3704 3598 3715 3628 ι

705 3670 994 3740 Apostolos
1012 3671 1260 3744 intelligit
1289 3690 1302 3726 :
1333 3673 1389 3727 hi
1414 3675 1558 3727 enim
1578 3674 1777 3742 ubique
1798 3673 2211 3727 Testamentum

2195 3689 2211 3727 ι
2385 3676 2526 3739 Τοὺς
2556 3676 2889 3738 ἀποστόλους
2924 3674 3105 3743 λέγει’
3151 3669 3299 3729 οὗτοι
3327 3675 3437 3745 γὰρ
3480 3673 3633 3727 αὑτοῦ
3659 3686 3787 3723 παντλ-

634 3766 1032 3820 annuntiarunt
1068 3780 1079 3817 :
1110 3765 1166 3819 hi
1210 3780 1425 3834 quoque
1470 3766 1701 3820 ministri
1746 3766 1872 3821 facti
1904 3775 2029 3820 sunt
2061 3782 2213 3819 man-

2189 3794 2213 3805 -
2310 3769 2407 3840 χοῦ
2438 3769 2539 3839 τὴν
2567 3767 2835 3839 διαθήκην
2866 3766 3201 3837 ἀνήγγειλάν
3227 3782 3241 3796 ο
3273 3758 3421 3819 οὗτοι
3446 3765 3539 3820 καὶ
3577 3759 3779 3829 λειτουργοί

636 3857 890 3913 datorum
939 3857 1154 3927 ipsius:
1193 3857 1318 3912 illos
1360 3858 1608 3928 spiritus,
1654 3859 1707 3913 id
1753 3866 1837 3913 est
1879 3858 2208 3927 spirituales,

2185 3893 2208 3922 ις
2310 3862 2417 3915 τῶν
2445 3858 2610 3913 αὑτοῦ
2656 3858 3097 3930 προσταγμάτων
3136 3859 3389 3927 ἐγένοντο
3414 3869 3430 3886 ·
3456 3856 3662 3916 τούτους
3685 3852 3777 3904 mi-

636 3950 773 4020 quin
802 3959 857 4004 et
893 3950 1074 4021 ignem
1111 3960 1360 4003 urentem
1395 3950 1629 4005 reddidit
1657 3966 1755 4020 per
1789 3949 2026 4021 Spiritus
2059 3949 2213 4019 largi-

2194 3978 2213 3989 -
2314 3971 2481 4025 ματα,
2526 3952 2777 4006 τουτέστι
2821 3951 3250 4022 πνευματικοὺς,
3294 3948 3432 4003 ἀλλὰ
3477 3949 3577 4020 μὴν
3617 3946 3690 4000 καὶ
3723 3941 3786 4009 rip

643 4044 845 4098 tionem
870 4042 925 4096 in
957 4041 1131 4097 forma
1163 4042 1471 4113 linguarum
1515 4043 1809 4114 ignitarutn
1854 4056 2022 4113 super
2063 4044 2213 4113 ipsos

2199 4058 2213 4095 ⁵
2312 4046 2511 4115 φλέγον
2537 4044 2626 4099 διὰ
2662 4043 2763 4115 τὴν
2794 4041 3058 4114 χορηγίαν
3085 4040 3180 4094 τοῦ
3210 4039 3527 4110 Πνεύματος
3548 4033 3791 4108 τὴνινείὸει

640 4136 1089 4191 descendentem.

2312 4138 2577 4205 γλωσσῶν
2643 4134 2886 4209 πυρίνων
2950 4135 3037 4188 ἐπ’
3093 4132 3294 4196 αὐτοὺς
3349 4132 3636 4201 γενομένην
3676 4122 3794 4190 imit.-

708 4312 873 4370 Vsns.
906 4316 959 4371 5.
993 4335 1009 4367 ι
1034 4314 1135 4381 Qui
1167 4315 1355 4371 fundat
1382 4325 1582 4369 terram
1604 4328 1768 4384 super
1786 4315 2161 4369 stabilitatem.
2187 4332 2206 4365 ι

2315 4248 2426 4285 σεν.

2105 4330 2161 4368 n.
2187 4332 2206 4365 ι
2390 4338 2409 4372 t
2447 4321 2508 4373 Ὀ
2533 4319 2801 4392 θεμελιῶν
2829 4318 2929 4389 τὴν
2950 4319 3055 4388 γῆν
3092 4318 3186 4371 ἐπὶ
3211 4314 3313 4385 τὴν
3343 4314 3650 4384 ἀσφάλειαν.
3685 4329 3697 4360 ι

638 4405 861 4463 Terram
918 4410 1154 4479 appellat
1213 4409 1495 4463 hominem
1546 4425 1562 4463 :
1625 4410 1770 4462 hunc
1819 4408 1982 4478 igitur
2046 4422 2215 4477 super

2206 4424 2215 4438 '
2388 4413 2497 4484 Γῆν
2531 4413 2687 4466 καλεῖ
2717 4412 2809 4465 τὸν
2845 4410 3153 4482 ἄνθρωπον.
3200 4408 3405 4463 Τοῦτον
3438 4408 3605 4459 τοίνυν
3630 4403 3699 4457 ἐπὶ
3736 4399 3798 4465 τίς*

637 4502 989 4557 stabilitatem
1036 4502 1157 4557 ﬁdei
1201 4501 1395 4556 fundat
1433 4521 1447 4556 :
1490 4502 1581 4571 qui
1618 4517 1725 4555 non
1765 4501 2125 4570 inclinabitur,
2150 4500 2208 4554 in

2242 4505 2612 4577 υάσφάλειαν
2665 4504 2908 4577 θεμελιοῖ
2956 4504 3058 4573 τῆς
3110 4501 3387 4565 πίστεως·
3441 4500 3579 4561 ὅστις
3637 4495 3684 4547 οὐ
3726 4490 3801 4541 κλι-

638 4595 899 4650 saaculum
928 4595 1133 4660 saeculi,
1165 4594 1376 4649 scilicet
1404 4593 1459 4648 in
1492 4593 1698 4648 futuro.

2316 4598 2540 4669 θήσεται
2579 4599 2658 4661 εἰς
2697 4596 2788 4649 τὸν
2835 4594 3008 4648 αίῶνα
3042 4593 3138 4646 τοῦ
3189 4590 3423 4659 αἰῶνος,
3472 4586 3649 4661 δηλαδὴ
3683 4584 3727 4635 ἐν
3751 4577 3800 4647 τῷ

2391 4690 2564 4744 λλοντι
2574 4728 2589 4743 .

708 4771 876 4828 Vens.
904 4773 956 4829 6.
992 4792 1011 4825 ι
1036 4774 1214 4844 Super
1236 4784 1451 4830 montes
1483 4776 1707 4831 stabunt
1725 4791 1898 4846 aquae.
1935 4796 1953 4829 ι

2320 4692 2589 4763 μέλλοντι.

1935 4796 1953 4829 ι
2393 4799 2411 4832 ι
2462 4780 2584 4834 Ἑπί
2604 4779 2711 4833 τῶν
2738 4778 2911 4849 ὀρέων
2940 4779 3228 4848 στήσονται
3259 4774 3446 4829 ὕδατα.
3477 4792 3496 4825 ›

721 4863 1026 4934 Prophetas
1079 4874 1299 4934 propter
1346 4865 1820 4935 contemplationis
1869 4867 2210 4923 altitudinem

2208 4894 2210 4922 ι
2392 4874 2531 4944 Ὀρη
2580 4872 2706 4935 τοὺς
2753 4870 3041 4941 προφήτας
3089 4869 3181 4923 διὰ
3238 4870 3300 4922 τὸ
3344 4868 3473 4938 ὕψος
3508 4865 3597 4935 τῆς
3632 4856 3800 4931 θεωρίας

641 4955 875 5025 appellat
906 4963 1121 5009 montes
1150 4973 1163 5008 :
1197 4956 1250 5008 in
1290 4955 1425 5025 ipsis
1469 4968 1597 5012 sunt
1620 4974 1774 5028 aquae
1794 4959 1993 5030 quibus
2017 4972 2212 5030 potan-

2206 4991 2212 5001 ι
2321 4966 2504 5021 καλείο
2541 4966 2600 5018 ὲν
2622 4966 2811 5027 αὑταῖς
2844 4962 3014 5018 ὕδατα
3045 4963 3317 5027 ἵστανται,
3345 4957 3425 5026 οἷς
3449 4962 3496 5013 oi
3517 4955 3730 5027 διψῶντες
3745 4950 3798 5003 δι·

644 5051 732 5097 tur
760 5042 834 5095 illi
871 5042 963 5111 qui
993 5042 1242 5097 doctrina
1273 5044 1484 5099 sitiunt.

1388 5054 1484 5099 Int.
2320 5054 2619 5118 δασκαλίας
2652 5053 2980 5117 ποτίζονται.

717 5134 880 5190 Vens.
911 5136 963 5189 7.
1008 5155 1026 5187 ι
1056 5136 1136 5191 Ab
1167 5137 1540 5209 increpatione
1566 5148 1657 5194 tua
1688 5138 1918 5213 fugient.
1946 5161 1964 5194 υ

1906 5181 1918 5197 .
1946 5161 1964 5194 υ
2396 5164 2415 5197 ι
2455 5146 2588 5197 Ἀπὸ
2610 5145 2981 5216 ἐπιτιμήσεως
3011 5160 3103 5197 σου
3139 5144 3445 5213 φεύξονται.
3482 5163 3498 5195 ι

718 5226 873 5294 Quali
919 5229 1335 5299 increpatione?
1363 5247 1561 5304 nempe
1581 5243 1769 5289 contra
1798 5233 2015 5290 Iudaeos
2044 5253 2057 5289 :
2097 5234 2212 5291 Hoc

2205 5253 2212 5290 :
2393 5235 2558 5300 Ποίας
2577 5236 2946 5305 ἐπιτιμήσεως
2965 5250 2980 5300 ;
3001 5232 3113 5304 Τῆς
3128 5234 3273 5287 κατὰ
3293 5229 3667 5287 τῶνΊουδαίων.
3680 5220 3797 5277 Τοῦτο

646 5320 792 5411 enim
838 5320 976 5375 alius
1020 5322 1285 5392 pr0pheta
1329 5323 1569 5380 declarat
1605 5344 1618 5380 :
1658 5326 1725 5380 Et
1764 5326 1899 5379 dabo
1936 5327 2060 5395 ipsis
2114 5344 2217 5382 non

2205 5344 2217 5382 ι
2325 5329 2433 5401 γὰρ
2462 5328 2745 5401 προφήτης
2763 5326 2950 5397 ἕτερος
2977 5326 3247 5381 δείκνυσιο
3268 5325 3380 5380 Kal
3399 5324 3555 5379 δώσω
3573 5312 3797 5409 attonat

648 5407 842 5485 [amem
872 5414 1048 5481 panis,
1069 5430 1232 5485 neque
1260 5416 1402 5469 sitim
1425 5433 1595 5485 aquas,
1630 5417 1720 5470 sed
1748 5418 1942 5488 famem
1969 5418 2221 5473 audiendi

2204 5420 2221 5472 ἱ
2320 5398 2721 5492 λιιιὸννᾶρτου,
2745 5419 2890 5474 οὐδὲ
2907 5419 3097 5490 δίψαν
3136 5420 3373 5486 ὕδατος,
3399 5416 3547 5472 ἀλλὰ
3569 5410 3713 5479 λιμὸν
3728 5398 3796 5456 τοῦ

648 5503 861 5557 verbum
906 5502 1121 5558 Domini
1140 5506 1210 5560 ⁸³.
1257 5505 1488 5573 Quando
1534 5507 1681 5561 enim
1716 5507 1863 5562 Deus
1909 5508 2080 5564 iratus
2114 5519 2219 5576 est,

2203 5550 2219 5576 ,
2321 5512 2581 5568 ἀκοῦσαι
2598 5512 2801 5581 ’λόγον
2824 5512 3071 5580 Κυρίου.
3100 5511 3268 5565 Ὅταν
3294 5511 3400 5582 γὰρ
3420 5510 3447 5562 δ
3475 5506 3592 5567 Θεὸς
3612 5493 3795 5571 ὀργισθῇν

650 5606 802 5649 raras
849 5594 979 5649 facit
1032 5610 1200 5667 aquas
1246 5598 1638 5669 prophetarum
1678 5615 1693 5661 ;
1734 5599 1991 5670 quoniam
2039 5615 2151 5655 non
2188 5616 2219 5655 a

2203 5617 2219 5655 I
2323 5604 2576 5658 σπανίσει
2616 5603 2684 5657 τά
2722 5603 2830 5656 τῶν
2868 5602 3168 5675 προφητῶν
3214 5602 3417 5657 ὕδατα*
3462 5595 3709 5663 ἐπειδήπερ
3728 5583 3795 5635 οὒκ

649 5687 963 5759 semetipsis
990 5689 1193 5746 habent
1216 5705 1406 5746 earum
1436 5691 1764 5747 ubertatem.
1803 5691 2005 5747 Vocem
2036 5703 2217 5748 autem

2202 5709 2217 5748 ι
2323 5697 2416 5766 ἀφ’
2442 5696 2651 5751 ἑαυτῶν
2671 5696 2767 5767 τὴν
2792 5698 3064 5768 χορηγίαν
3100 5699 3412 5767 κέκτηνται.
3434 5691 3598 5759 Φωνὴν
3626 5684 3669 5737 δὶ
3688 5678 3794 5748 βίη*

712 5821 756 5853 ⁴⁷
795 5819 954 5875 Joan.
991 5838 1028 5889 ι,
1058 5822 1109 5876 5.
1183 5823 1229 5855 ⁸⁸
1267 5824 1397 5879 ibid.
1435 5825 1521 5880 12.
1610 5825 1652 5857 δ’
1691 5826 1821 5881 ibid.
1856 5844 1892 5894 ι,
1920 5829 1973 5882 3.
2045 5829 2090 5859 '°
2131 5828 2263 5884 ibid.
2298 5833 2304 5881 ί

1856 5844 1892 5894 ι,
1920 5829 1973 5882 3.
2045 5829 2090 5859 '°
2131 5828 2263 5884 ibid.
2298 5828 2381 5885 14.
2457 5829 2499 5862 ⁸³
2544 5830 2665 5887 Act.
2711 5846 2747 5898 ι,
2788 5831 2842 5889 9.
2911 5831 2956 5863 η
2994 5830 3160 5887 Amos
3193 5847 3311 5897 rm,
3362 5830 3440 5883 ll.
