4032 6420
211 389 349 453 1285

1352 387 1814 451 FRAGMENTA
1867 388 1949 451 IN
1985 390 2345 453 PSALMOS.

3347 392 3484 457 1286

202 508 305 577 τῆς
327 506 429 575 τὴν
460 502 557 559 τοῦ
605 502 940 573 Εὐαγγελίου
986 502 1161 575 λέγει,
1194 504 1263 575 ἢν
1307 504 1409 559 οὐκ
1458 505 1785 575 ἀποφεύγει,

1906 506 2124 562 Lonitrui
2157 507 2410 579 intelligit
2449 506 2747 579 Evangelii.
2787 524 2950 579 quam
2984 507 3213 566 minime
3241 511 3479 584 fugiunt,

173 598 343 653 ’ἀλλὰ
382 596 557 668 δειλιᾷ
582 596 652 649 τὰ
704 596 814 650 τῶν
847 597 1149 668 προφητῶν
1178 596 1370 665 ὕδατα,
1408 598 1500 652 διά
1536 599 1597 652 τὸ
1625 600 1793 669 ὐπερο

199 692 329 763 έχον
349 690 447 759 τῆς
482 691 542 742 ὲν
565 689 749 761 ἐκείνῃ
784 687 1063 758 γνώσεως.

283 798 304 831 ι
346 776 761 832 Ἀναδαίνουσιν
794 778 918 851 ὅρη.
956 796 977 831 ι

293 870 674 925 Ἀναόαίνουσι
695 871 804 943 γάρ
835 872 885 925 οἱ
912 871 1193 943 προφῆται
1216 874 1283 944 τῇ
1310 871 1561 946 θεολογίᾳ
1583 912 1598 939 ,
1622 889 1798 928 κατα.

201 965 452 1021 ϐαίνουσι
470 966 528 1019 δὲ
544 969 612 1036 τῇ
636 966 867 1038 δυνάμει
895 966 1006 1021 τῶν
1037 966 1760 1038 ἀκουόντωνξάρμοττόμενοι
1779 983 1793 998 ·

198 1058 325 1110 ἀλλ’
364 1059 628 1129 ἑκάτερον
665 1059 758 1111 ἐπὶ
797 1058 1048 1131 σωτηρίᾳ
1072 1058 1184 1112 τῶν
1225 1058 1553 1130 ἀνθρώπων.
1590 1058 1797 1113 Τοῦτον

197 1150 317 1223 γὰρ
355 1154 423 1221 τῇ
461 1149 773 1221 προφητείᾳ
815 1151 981 1205 τόπον
1011 1153 1039 1206 6
1064 1152 1199 1215 Θεὸς
1226 1150 1617 1222 ἐθεμελίωσεν.

284 1260 307 1296 ι
349 1243 409 1296 '0
439 1241 847 1307 ὲξαποστέλλων
880 1243 1069 1314 πηγάς
1099 1245 1158 1297 ὲν
1189 1242 1486 1314 φάραγξιν.
1525 1261 1545 1297 ι

282 1337 357 1389 Οὐ
390 1336 575 1407 μόνον,
625 1337 781 1407 φησὶ,
823 1339 941 1400 τοῖς
967 1338 1282 1410 προφήταις
1306 1336 1467 1410 οἵπερ
1500 1336 1639 1390 είσὶν
1671 1334 1796 1408 ὅρη,

196 1429 348 1482 ἀλλὰ
391 1429 489 1483 καὶ
540 1430 817 1492 ταπεινοῖς
871 1428 1220 1501 ἀνθρώποις,
1265 1430 1463 1493 οἵτινες
1512 1428 1798 1501 φάραγγες

197 1518 350 1576 εἶναι
394 1521 622 1585 εἰκότως
671 1522 1070 1593 ὀνομάζονται,
1114 1522 1278 1594 χάριν
1311 1524 1339 1576 6
1366 1521 1499 1586 Θεὸς
1540 1522 1798 1575 διδασκα-

197 1616 333 1679 λίας
358 1614 576 1669 ἔδωκεν.
622 1614 895 1686 Καθάπερ
934 1611 1029 1670 οὖν
1078 1615 1141 1669 τὸ
1184 1614 1297 1669 τῶν
1337 1614 1549 1669 ὑδάτων
1596 1612 1801 1684 πλῆθος

197 1706 319 1760 ἀπὸ
346 1705 591 1778 πλήθους
640 1706 823 1778 ὀρῶν,
869 1704 1016 1762 οὕτω
1068 1707 1130 1763 τὸ
1180 1708 1281 1779 τῆς
1318 1707 1573 1778 γνώσεως
1596 1707 1801 1778 πλῆθος

202 1800 316 1853 οὐκ
347 1798 407 1863 ἐξ
436 1798 555 1861 ἐνὸς
582 1800 896 1871 προφήτου,
935 1799 1050 1854 ἀλλ’
1093 1799 1155 1866 ἐξ
1201 1802 1326 1855 ὅλου
1359 1800 1673 1871 συλλέγεται
1703 1798 1799 1854 τοῦ

202 1891 559 1963 προφητικοῦ
588 1893 959 1964 συστήματος.

288 2001 311 2039 ε
349 1982 605 2037 [Ιοτιοῦσι
626 1984 805 2039 πάντα
839 1983 909 2038 τὰ
937 1984 1103 2056 θηρία
1135 1983 1231 2038 τοῦ
1263 1985 1496 2057 δρυμοῦ.
1528 2004 1546 2038 ι

283 2077 459 2148 Θηρία
485 2076 581 2131 τοῦ
609 2076 817 2148 δρυμοῦ
838 2078 887 2130 οί
920 2077 1174 2148 δαίμονες
1204 2077 1565 2149 ὀνομάζονται
1585 2094 1601 2110 ο
1630 2077 1798 2150 θηρία

203 2168 267 2223 δὲ
296 2169 393 2222 τοῦ
432 2167 629 2238 ἀγροῦ,
673 2168 926 2222 τουτέστι
954 2168 1051 2222 τοῦ
1095 2169 1329 2241 κόσμου,
1367 2170 1495 2232 τοὺς
1533 2170 1797 2241 ἁμαρτω-

204 2260 339 2324 λοὺς
369 2260 546 2315 καλεῖ.
582 2260 803 2333 Ἐπειδὴ
834 2260 1089 2333 καθάπερ
1132 2264 1201 2315 τὰ
1225 2262 1283 2315 ὲν
1311 2260 1468 2333 ἀγρῷ
1491 2260 1657 2332 θηρία
1682 2277 1800 2330 χει-

214 2351 388 2423 ροήθη
425 2351 681 2420 γενέσθαι
718 2351 987 2416 δύναται,
1036 2350 1209 2415 οὕτως
1249 2352 1346 2405 κα.)⁸
1389 2353 1438 2405 οί
1482 2350 1801 2423 ἁμαρτωλοὶ

221 2443 656 2516 μεταϐληθῆναιο
682 2444 871 2516 διόπερ
914 2444 1014 2499 καὶ
1050 2444 1330 2509 ποτίςεται
1378 2446 1494 2507 τοῖς
1526 2459 1799 2515 προφητι-

218 2540 339 2599 κοῖς
367 2535 572 2591 ὕδασιν.
617 2537 916 2607 Ὀνάγρους
944 2535 1002 2590 δὲ
1039 2536 1168 2600 τοὺς
1196 2535 1398 2606 μηκέτι
1424 2532 1799 2605 νωτοφοροῦν-

218 2644 318 2691 τας
339 2627 434 2699 τὴν
459 2629 736 2701 ἁμαρτίαν
779 2629 1064 2695 ἐκάλεσεν,
1103 2626 1574 2697 ἐλευθερωθέντας
1609 2626 1668 2680 δὲ
1702 2625 1800 2679 αὐ-

210 2725 348 2792 τῆς·
380 2723 568 2795 διόπερ
610 2724 810 2789 αὐτοὺς
842 2724 938 2779 καὶ
976 2722 1246 2792 διψῶντας
1279 2723 1389 2775 τῶν
1421 2723 1626 2793 νοητῶν
1674 2724 1801 2779 ὑδά-

209 2833 326 2871 των
348 2817 634 2888 εἰσήγαγε.
657 2816 895 2880 Τούτους
919 2818 947 2870 6
968 2816 1103 2882 Θεὸς
1129 2815 1268 2885 πρὸς
1290 2815 1382 2868 τὸν
1412 2814 1531 2868 ’1ὼὸ
1556 2816 1797 2888 ᾐνίξατοο

215 2908 323 2975 Τίς
355 2910 525 2963 ἐστιν
563 2913 596 2964 ό
623 2911 799 2981 ἀφεὶς
831 2910 1093 2981 ὅναποον
1130 2909 1489 2978 ἐλεύθερονς
1536 2909 1801 2980 δεσμοὺς

208 3000 286 3053 δὲ
314 3002 502 3056 αὑτοῦ
532 3002 622 3069 τίς
650 3003 917 3068 ἕλυσεν;

294 3113 311 3144 ι
350 3093 592 3159 Ποτίζων
617 3095 718 3166 ὅρη
750 3094 941 3148 ἐκτῶν
967 3094 1233 3168 ὑπερῴων
1265 3095 1451 3152 αὐτοῦ.
1492 3115 1509 3148 ι

289 3184 426 3236 Οὐδὲ
456 3184 564 3256 γὰρ
592 3186 686 3255 ἀφ’
716 3186 927 3239 ἑαυτῶν
952 3188 1002 3240 oi
1034 3188 1336 3259 προφῆται,
1367 3187 1425 3255 ἐξ
1447 3188 1693 3259 οὐρανῶν
1717 3188 1793 3255 δὲ,

208 3272 311 3337 οὓς
360 3277 389 3326 6
416 3275 546 3339 Θεὸς
582 3275 808 3347 ὑπερῷα
845 3276 947 3347 τῆς
976 3278 1228 3353 ’κτίσεως
1268 3277 1442 3345 ἔθετο,
1483 3279 1665 3349 ἔχουσι
1697 3280 1797 3353 τὴν

209 3368 486 3439 χορηγίαν
517 3367 611 3421 τοῦ
648 3369 987 3440 Πνεύματος.

298 3481 318 3515 ι
357 3463 492 3516 Ἀπὸ
522 3464 733 3534 καρποῦ
764 3465 875 3518 τῶν
904 3465 1083 3537 ἔργων
1106 3483 1222 3519 σου.
1258 3486 1276 3518 ι

293 3555 472 3626 Ἔργα
490 3556 585 3609 τοῦ
616 3556 750 3611 Θεοῦ
774 3557 835 3610 οὐ
861 3558 1020 3629 μόνον
1050 3558 1119 3611 τά
1143 3558 1629 3630 δημιουργήματα,
1662 3557 1800 3613 ἀλλὰ

216 3648 319 3701 καὶ
365 3647 435 3701 τὰ
490 3652 695 3721 σημεῖα
757 3652 854 3704 καὶ
907 3650 977 3705 τά
1027 3651 1323 3723 θαύματα*
1366 3645 1441 3705 ὧν
1479 3651 1692 3723 καρπὸς
1738 3652 1800 3703 τὸ

218 3739 589 3810 Εὐαγγέλιον,
627 3741 689 3807 ἐξ
731 3736 793 3797 οὐ
845 3742 939 3796 τὸν
964 3741 1252 3814 ἄνθρωπον
1298 3741 1601 3813 θεογνωσίᾳ
1638 3740 1799 3812 ἐχόρ-

216 3852 409 3891 τασεν.

304 3947 323 3980 ι
359 3928 468 3982 Τοῦ
500 3928 791 3998 ἐξαγαγεῖν
822 3927 986 3999 ἄρτον
1013 3928 1077 3981 ὲκ
1098 3928 1195 3999 τῆς
1220 3927 1343 3997 γῆς.
1376 3946 1395 3979 ι

295 4021 404 4075 Τοῦ
440 4022 725 4093 Κυριακοῦ
764 4020 968 4092 δηλαδὴ
999 4020 1281 4091 σώματος·
1328 4020 1537 4075 ἐκεῖθεν
1573 4020 1683 4094 γὰρ
1708 4022 1803 4077 τὸν

223 4113 394 4183 ἄρτον
422 4113 513 4167 τὸν
545 4112 807 4185 μυστικὸν
834 4112 1131 4184 ἐξήγαγεν.

790 4206 1083 4260 ΨΛΛΜΟΣ
1117 4207 1240 4262 ΡΓ’.

301 4315 321 4348 ι
359 4297 470 4350 Καὶ
495 4291 638 4360 οἶνος
663 4296 946 4369 εὐφραίνει
973 4297 1203 4368 καρδίαν
1230 4296 1544 4369 ἀνθρώπου.
1587 4318 1606 4352 ι

307 4385 366 4440 '0
393 4387 677 4457 μυστικὸς,
711 4386 935 4459 εῦδηλον
954 4405 969 4419 ·
1001 4388 1123 4442 ὅθεν
1151 4390 1273 4443 οὐδὲ
1305 4391 1484 4460 σῶμα,
1506 4390 1642 4445 ἀλλὰ
1669 4408 1806 4462 καρ-

223 4474 346 4529 δίαν
369 4476 673 4548 εὐφραίνει.
702 4478 856 4548 Ἔχει
877 4479 987 4547 γὰρ
1016 4478 1434 4550 ἁμαρτημάτων
1465 4480 1685 4551 ἄφεσιν,
1721 4481 1805 4551 ἐφ’

1897 598 1993 651 sed
2059 608 2381 653 reverentur
2425 613 2579 668 aqua;
2625 599 3036 669 prophetarum,
3072 614 3296 672 propter
3341 606 3481 659 emi-

1896 691 2139 745 nentiam
2169 692 2412 747 scientize
2440 707 2560 762 quae
2592 693 2647 746 in
2671 708 2733 747 ea
2766 702 2873 748 est.

1968 785 2132 842 Vens.
2163 785 2215 840 8.
2251 805 2269 837 ι
2298 786 2621 841 Ascendunt
2654 796 2890 842 montes.
2927 807 2945 838 ι
3278 858 3279 861 η

1968 878 2255 949 Propheta:
2283 879 2430 933 enim
2464 879 2652 933 divino
2696 895 2951 935 sermone
2992 882 3322 947 ascendunt,
3377 883 3477 939 (ἰθα-

1899 972 2170 1026 scendunt
2212 988 2345 1027 vero
2383 972 2586 1027 virtute
2629 973 2974 1028 auditoribus
3015 990 3135 1029 sese
3164 991 3477 1030 accommo~

1898 1063 2127 1118 dantes:
2158 1074 2454 1134 utrumque
2496 1073 2679 1119 autem
2720 1065 2780 1119 ﬁt
2819 1081 2919 1136 pro
2952 1066 3236 1121 hominum
3279 1071 3475 1123 salute.

1901 1155 2059 1211 llunc
2087 1157 2233 1211 enim
2268 1158 2450 1212 locum
2480 1157 2627 1213 Deus
2651 1158 2911 1213 vaticinio
2942 1158 3211 1215 fundavit.

1970 1247 2135 1303 Vens.
2168 1248 2256 1302 l0.
2296 1268 2315 1302 ‹
2355 1249 2459 1317 Qui
2501 1250 2709 1304 emittis
2743 1249 2921 1305 fontes
2950 1250 3005 1304 in
3050 1251 3409 1306 convallibus.
3448 1266 3468 1303 ι

1971 1342 2089 1397 Non
2127 1343 2301 1396 solum
2353 1344 2659 1413 prophetis,
2697 1343 2895 1413 inquit,
2928 1344 3022 1413 qui
3066 1356 3281 1398 montes
3322 1352 3475 1407 sunt,

1901 1436 1995 1491 sed
2029 1436 2192 1490 etiam
2246 1436 2548 1491 humilibus
2589 1436 2929 1498 hominibus,
2973 1437 3067 1506 qui
3113 1439 3238 1506 jure
3283 1439 3480 1492 merito

1901 1528 2071 1583 valles
2126 1527 2491 1598 appellantur,
2551 1527 2814 1583 doctrina:
2850 1528 3076 1599 gratiam
3120 1529 3262 1583 Deus
3305 1529 3476 1585 dedit.

1901 1620 2371 1687 Quemadmodum
2410 1621 2573 1693 igitur
2605 1635 2869 1691 aquarum
2916 1622 3208 1676 multitudo
3234 1637 3302 1676 ex
3323 1638 3480 1676 mon-

1904 1713 2038 1769 tium
2102 1712 2480 1776 multitudine,
2531 1713 2607 1766 ita
2650 1712 2807 1783 copia
2858 1713 3188 1783 cognitionis
3246 1730 3358 1770 non
3413 1731 3480 1772 ex

1904 1806 2066 1861 unico
2092 1806 2382 1876 propheta,
2408 1805 2504 1861 sed
2529 1822 2598 1860 ex
2628 1815 2739 1860 tota
2762 1806 3158 1876 prophetarum
3183 1823 3480 1880 congrega—

1823 1887 1873 1946 Β
1902 1899 2047 1954 tione
2072 1898 2361 1969 colligitur.

1970 1993 2129 2046 Vens.
2167 1993 2248 2046 Η.
2280 2011 2299 2043 ι
2334 1991 2606 2047 Potabunt
2635 2007 2826 2049 omnes
2854 1994 3042 2049 bestia:
3076 1994 3211 2066 agri.
3241 2012 3260 2044 ι

1970 2084 2165 2140 Bestia:
2185 2084 2335 2139 silvae
2355 2094 2743 2156 nuncupantur
2765 2087 3042 2142 daemones
3073 2105 3086 2141 :
3121 2086 3323 2140 bestias
3349 2099 3479 2139 vero
3544 2072 3549 2079 ’

1901 2178 2035 2250 agri,
2067 2179 2119 2233 id
2138 2188 2219 2232 est
2250 2177 2459 2243 mundi,
2484 2187 2642 2233 vocat
2673 2188 3007 2250 peccatores.
3040 2179 3306 2245 Quoniam
3338 2180 3480 2233 sicut

1900 2270 2092 2326 bestiae
2130 2288 2251 2342 qua:
2285 2272 2340 2325 in
2373 2287 2505 2341 agro
2531 2283 2822 2327 versantur
2850 2273 3106 2336 cicurari,
3150 2273 3223 2326 ita
3263 2286 3479 2341 quoque

1899 2371 2214 2432 peccatores
2233 2364 2475 2418 converti
2500 2373 2732 2433 possunt
2760 2387 2769 2418 :
2795 2372 3128 2434 quapropter
3170 2364 3336 2417 etiam
3354 2378 3481 2432 pro-

1901 2456 2133 2526 pheticis
2171 2458 2326 2527 aquis
2374 2466 2655 2527 potantur.
2688 2458 2931 2527 Onagros
2964 2466 3148 2510 autem
3188 2455 3480 2525 appellavit

1900 2565 1996 2604 eos
2045 2551 2137 2620 qui
2172 2566 2285 2605 non
2325 2551 2562 2621 amplius
2592 2560 2877 2621 peccatum
2908 2551 3070 2605 dorso
3111 2557 3343 2621 gestant,
3384 2562 3481 2603 sea

1899 2642 1969 2697 ab
2000 2642 2092 2697 illo
2129 2642 2343 2698 liberati
2383 2651 2513 2698 stmt
2550 2652 2928 2713 ;quapropter
2966 2642 3115 2712 ipsos
3153 2640 3479 2712 Spiritalium

1900 2751 2173 2815 aquarum,
2199 2736 2508 2791 sitibundos
2538 2736 2771 2791 induxit.
2806 2736 2915 2790 llos
2944 2735 3089 2790 Deus
3113 2734 3255 2804 apud
3280 2732 3478 2788 Jobum

1901 2828 2199 2883 insinuavit
2228 2848 2241 2884 :
2276 2828 2403 2894 Quis
2426 2837 2505 2882 est
2535 2830 2625 2899 qui
2646 2828 2855 2883 demisit
2883 2842 3142 2899 onagrum
3165 2827 3404 2890 iiberum,
3429 2834 3479 2880 et

1900 2921 2108 2975 vincula
2140 2921 2254 2990 ejus
2275 2922 2390 2991 quis
2422 2920 2629 2976 resolvit
2660 2920 2750 2973 5’?

1972 3097 2136 3154 Vsus.
2162 3100 2247 3155 15,
2278 3122 2295 3152 ι
2323 3098 2528 3171 Rigans
2548 3106 2765 3154 montes
2792 3096 2860 3153 de
2886 3094 3257 3167 superioribus
3283 3093 3415 3148 suis.
3450 3111 3470 3147 ›

1977 3192 2093 3247 Νοη
2134 3193 2279 3247 enim
2323 3193 2602 3263 proiiheta:
2646 3206 2675 3246 a
2716 3189 3049 3260 semetipsis,
3101 3187 3194 3242 sed
3229 3202 3259 3241 e
3303 3186 3475 3249 caelis,

1901 3299 2039 3354 quos
2072 3285 2210 3339 Deus
2251 3294 2517 3339 creatura:
2545 3283 2827 3354 superiora
2862 3282 3064 3353 posuit,
3085 3276 3478 3349 habentSpiri-

1902 3385 1990 3431 tus
2029 3376 2391 3448 largitionem.

1978 3488 1996 3520 ς
2033 3467 2108 3523 De
2134 3469 2314 3524 fructu
2338 3485 2564 3540 operum
2592 3484 2835 3525 suorum.
2876 3488 2895 3520 ι

1971 3560 2148 3631 Opera
2195 3561 2293 3615 Dei
2324 3577 2435 3615 non
2477 3561 2651 3615 solum
2684 3569 2813 3614 sunt
2858 3567 3143 3621 creatura),
3190 3555 3285 3610 sed
3315 3554 3477 3608 etiam

1902 3649 2053 3720 signa
2076 3658 2131 3703 et
2159 3649 2417 3705 miracula
2443 3667 2457 3716 ;
2486 3664 2717 3720 quorum
2740 3648 2952 3703 fructus
2983 3656 3067 3701 est
3099 3646 3477 3717 Evangelium,

1904 3758 1972 3798 cx
2001 3759 2109 3813 quo
2141 3742 2418 3798 hominem
2450 3742 2632 3799 divina
2666 3743 2862 3797 notitia
2893 3741 3129 3797 satiavit.

1976 3919 2146 3975 Vens.
2175 3922 2263 3976 Μ.
2299 3942 2318 3974 ‹
2355 3921 2647 3978 Uteducat
2673 3936 2871 3992 panem
2903 3921 2972 3976 de
3007 3929 3169 3974 terra.
3207 3935 3225 3971 ›

1988 4016 2254 4071 Dominici
2303 4017 2557 4073 videlicet
2592 4018 2840 4088 corporis
2869 4035 2882 4071 :
2919 4015 3049 4070 inde
3082 4014 3229 4069 enim
3285 4029 3480 4084 panem

1904 4108 2059 4164 illum
2103 4109 2391 4181 mysticum
2424 4110 2636 4165 eduxit.

2437 4199 2754 4255 PSALMUS
2785 4199 2917 4255 Clll.

1977 4295 2142 4352 Vens.
2177 4296 2263 4350 15.
2298 4314 2315 4347 ι
2354 4294 2422 4348 Ει
2444 4295 2628 4349 vinum
2663 4294 2901 4349 laetificat
2929 4308 3022 4349 cor
3048 4292 3308 4347 hominis.
3334 4310 3352 4342 ι

1978 4390 2263 4461 Mysticum
2306 4387 2602 4451 videlicet;
2633 4387 2779 4439 unde
2818 4400 2927 4439 non
2979 4400 3202 4454 corpus,
3253 4384 3348 4438 sed
3388 4395 3483 4437 cur

1907 4482 2169 4537 laetiﬁcat.
2231 4480 2408 4535 llabct
2469 4480 2616 4533 enim
2676 4476 3053 4531 remissionem
3108 4484 3479 4546 peccatorum,

220 4561 273 4637 ᾧ
325 4568 551 4639 μάλιστα
596 4571 628 4641 ἡ
671 4570 865 4640 καρδία
910 4569 1022 4623 τῶν
1070 4570 1379 4643 ἀνθρώπων
1424 4573 1801 4644 εὐφραίνεται,

1907 4591 2014 4646 qua
2059 4590 2155 4629 cor
2203 4574 2491 4628 hominum
2544 4571 2779 4624 maxime
2828 4576 3128 4629 recreatur,
3160 4567 3215 4620 in
3254 4582 3482 4620 munere

221 4660 287 4715 ἐν
334 4660 411 4732 τῷ
450 4661 750 4733 χαρίσματι
786 4662 885 4732 τῆς
929 4662 1196 4734 χορηγίας
1232 4663 1327 4717 τοῦ
1371 4664 1714 4736 Πνεῦματος·
1750 4666 1809 4719 ἐν

223 4752 377 4822 αὐτῷ
388 4752 498 4823 γὰρ
513 4754 582 4807 τά
596 4753 866 4821 πρόσωπα
877 4754 985 4809 τῶν
1010 4754 1217 4809 πιστῶν
1240 4756 1570 4829 ἶλαρύνεται.
1588 4757 1807 4827 Ἐπειδὴ

223 4846 262 4897 ὁ
299 4844 529 4912 καρπὸς
562 4845 668 4898 τοῦ
707 4846 1049 4914 πνεύματος
1080 4845 1307 4916 ἀγάπη,
1354 4849 1532 4918 χαρὰ,
1566 4848 1749 4912 καθὼς
1779 4852 1808 4902 6

223 4936 443 5001 Παῦλος
489 4937 749 5009 ἔγραψεν.
785 4941 1024 5013 Θεωρεῖς
1071 4942 1156 4995 ὅτι
1201 4942 1363 5013 ἄρτον
1396 4942 1493 4995 καὶ
1534 4937 1676 4996 οῖνον
1714 4942 1807 4995 τὸν

228 5030 496 5102 μυστικὸν
539 5031 729 5099 λέγει’
776 5030 967 5105 διόπερ
1001 5032 1210 5103 τροφὴν
1257 5032 1520 5105 ἑκάτερον
1577 5034 1809 5104 καρδίας

224 5122 491 5193 ἔγραψεν.
522 5121 645 5186 Πῶς
683 5122 741 5177 δὲ
770 5122 942 5193 αὐτὴν
975 5124 1003 5177 6
1044 5123 1307 5194 μυστικὸς
1337 5124 1503 5195 ἄρτος
1542 5124 1809 5197 στηρίξει,

223 5215 342 5268 ἀλλ’
383 5213 420 5285 ἢ
469 5214 795 5285 πεποίθησιν
832 5215 971 5286 αὐτῇ
1026 5215 1323 5286 παρέχων;
1372 5214 1455 5268 δτι
1500 5214 1660 5284 σῶμα
1716 5216 1813 5270 κα)⁵

224 5308 391 5378 ἡμεῖς
419 5306 657 5378 Χριστοῦ
693 5309 762 5378 τῇ
802 5304 898 5361 τοῦ
925 5306 1197 5378 μυστικοῦ
1230 5306 1480 5379 σώματος
1512 5304 1811 5379 μεταλήψει

227 5400 517 5471 γινόμεθα.

308 5512 327 5544 ι
360 5491 806 5563 Χορτασθήσεται
826 5490 898 5545 τά
931 5490 1065 5559 ξύλα
1088 5491 1184 5546 τοῦ
1221 5492 1429 5547 πεδίου.
1465 5512 1483 5545 ι

302 5586 459 5650 Τίνος
494 5583 963 5657 χορτασθήσεται;
1004 5584 1368 5651 Θεογνωσίας,
1401 5584 1644 5655 εὔδηλον.
1678 5584 1804 5648 Πῶς

228 5678 289 5735 δὲ
310 5677 691 5750 χορτάξονται;
747 5677 827 5749 Τῇ
884 5675 1088 5749 μελέτῃ
1143 5675 1236 5729 τοῦ
1287 5676 1465 5746 λόγου.
1506 5677 1805 5749 Τοιγαροῦν

301 5880 347 5913 ⁵³
386 5878 485 5932 Job
514 5892 693 5945 XXXIX,
727 5878 778 5931 5.
853 5876 899 5910 ⁸³
932 5875 1103 5931 Galal.
1150 5892 1201 5939 ι’,
1234 5873 1314 5929 ‘22.

1910 4666 2230 4723 donationis
2252 4665 2508 4735 Spiritus:
2530 4662 2796 4731 siquidem
2826 4660 2880 4714 in
2909 4660 3025 4729 ipso
3047 4658 3214 4713 facies
3242 4657 3483 4711 ﬁdelium

1910 4761 2308 4817 exhilarantur.
2341 4756 2609 4823 Quoniam
2642 4756 2841 4824 fructus
2875 4753 3091 4821 spiritus
3121 4760 3194 4804 est
3229 4750 3487 4813 charitas,

1910 4854 2164 4925 gaudium
2185 4851 2255 4915 “,
2287 4848 2749 4920 quemadmodum
2799 4844 3001 4898 Paulus
3046 4842 3286 4913 scripsit.
3320 4840 3484 4896 Vides

1915 4954 1975 5000 ut
2022 4959 2221 5015 panem
2251 4950 2305 4997 et
2338 4942 2525 4996 vinum
2568 4938 2854 5009 mysticum
2895 4936 3206 5007 intelligat;
3242 4950 3484 5004 quapro-

1910 5042 2034 5105 pter
2082 5035 2265 5090 cibum
2312 5042 2603 5101 utrumque
2650 5029 2832 5085 cordis
2898 5028 3137 5098 scripsit.
3199 5026 3485 5093 Quomodo

1908 5134 2095 5180 autem
2121 5125 2299 5195 ipsum
2329 5123 2488 5194 panis
2521 5121 2784 5193 mysticus
2808 5119 3113 5184 conﬁrmat,
3152 5120 3255 5173 nisi
3277 5119 3485 5174 securi-

1911 5224 2079 5271 tatem
2113 5215 2163 5270 ei
2192 5212 2506 5285 praebendo,
2563 5226 2665 5265 nos
2697 5211 2859 5265 etiam
2905 5224 3106 5280 corpus
3136 5208 3338 5263 Christi
3368 5207 3484 5262 ﬁeri

1908 5325 2011 5381 per
2035 5306 2283 5379 corporis
2307 5303 2518 5378 mystici
2540 5303 3062 5375 participationem?

1983 5490 2147 5546 Vens.
2173 5489 2258 5545 i6.
2296 5507 2314 5541 ι
2350 5487 2755 5543 Saturabuntur
2780 5484 2923 5557 ligna
2952 5480 3149 5552 campi.
3190 5499 3208 5532 ο

1985 5583 2229 5650 Quanam
2267 5595 2325 5635 re
2362 5576 2805 5634 saturabuntur?
2837 5575 3027 5643 utique
3069 5571 3251 5626 divina
3291 5568 3484 5639 cogni~

1919 5673 2087 5729 tione.
2137 5670 2423 5738 Quomodo
2464 5677 2644 5723 autem
2682 5662 3042 5722 saturantur?
3075 5659 3226 5716 verbi
3258 5658 3487 5712 medita-
