4032 6416
618 365 754 435 1287

1802 364 2162 427 HESYCHII
2220 363 2689 424 PRESBYTERI

3705 363 3803 430 1283

616 482 788 537 tione.
809 480 963 551 Ipsos
977 494 1174 551 nempe
1195 479 1340 550 ligna
1358 476 1572 533 Domini
1594 475 2191 548 appellavit?quoniam

2296 474 2490 535 αὐτοὺς
2527 474 2623 527 καὶ
2665 471 2799 539 ξύλα
2844 470 2942 525 τοῦ
2985 471 3201 542 Κυρίου
3247 469 3506 523 ἐκάλεσεν
3533 488 3545 499 ·
3584 473 3741 546 ἐπειδὴ
3772 484 3807 531 οἱ

614 576 708 643 qui
728 571 1066 627 meditantur
1085 571 1141 626 in
1161 572 1279 643 lege
1299 569 1515 626 Domini
1537 570 1626 625 die
1646 585 1710 624 ac
1725 579 1909 633 nocte,
1932 569 2195 623 dicuntur

616 665 824 737 lignum
867 665 1016 735 quod
1061 665 1363 735 plantatum
1400 672 1487 719 est
1523 678 1686 719 secus
1724 662 1989 717 decursus
2028 675 2194 731 aqua-

618 773 741 812 rum
768 751 849 813 ’⁸⁸.
903 757 1014 812 Etsi
1073 757 1221 812 enim
1284 773 1351 811 ex
1436 758 1691 828 gentibus
1761 756 1893 819 sint,
1960 769 2191 825 quarum

619 850 862 906 Libanus
894 858 977 904 est
1020 850 1324 921 symbolum
1360 867 1375 915 ;
1420 850 1647 920 plantati
1681 859 1863 904 tamen
1892 866 1921 905 a
1958 850 2071 904 Deo
2095 862 2196 918 per

618 941 871 1011 baptismi
899 941 1268 1010 adoptionem,
1295 951 1349 995 et
1373 941 1544 1011 legem
1568 941 1915 1005 meditantes,
1938 940 2041 1009 ipsi
2067 953 2197 1008 quo-

618 1052 726 1107 que
752 1037 844 1090 Dei
888 1034 1200 1105 cognitione
1235 1042 1575 1088 saturantur.
1603 1032 1862 1087 Passeres
1886 1048 2015 1085 vero
2037 1038 2194 1085 vocat

618 1130 827 1184 animas
864 1144 892 1180 a
924 1127 1140 1182 diabolo
1176 1136 1231 1181 et
1273 1125 1443 1196 ipsius
1475 1125 1704 1179 asseclis
1747 1123 2192 1193 persecutionem

514 1284 523 1289 ,
618 1235 806 1293 passas
831 1236 846 1285 ;
880 1235 1000 1288 quae
1025 1227 1204 1272 tamen
1229 1217 1348 1287 ejus
1371 1218 1594 1284 laqueos
1622 1215 1854 1269 evadere
1882 1213 2192 1276 Valuerunt,

618 1313 688 1366 de
742 1312 943 1381 quibus
996 1310 1164 1364 David
1213 1310 1321 1364 ait:
1366 1309 1560 1362 Anima
1605 1316 1785 1359 nostra
1825 1306 1959 1359 sicut
2006 1320 2194 1373 passer

617 1415 797 1475 erepta
824 1414 897 1458 est
930 1405 994 1458 de
1034 1403 1221 1475 laqueo
1242 1404 1549 1457 venantium
1577 1402 1643 1455 ⁵⁸.

690 1602 857 1661 Vens.
883 1604 968 1659 l7.
1002 1624 1019 1656 ι
1058 1603 1276 1658 llerodii
1302 1604 1501 1658 donius
1527 1602 1635 1657 dux
1668 1611 1753 1656 est
1780 1615 1992 1655 eorum.
2027 1619 2046 1652 ι

700 1694 817 1750 Non
858 1696 1222 1757 aberraveris,
1269 1696 1313 1749 si
1359 1694 1579 1749 Petrum
1632 1693 1837 1748 dixeris
1882 1692 2193 1757 herodium,

2297 563 2631 637 μελετῶντες
2677 563 2767 617 τὸν
2820 562 2987 634 νόμον
3025 564 3247 633 ἡμέρας
3305 562 3401 614 καὶ
3447 565 3643 628 νυκτὸς.
3693 565 3811 631 ξύλον

2295 658 2445 727 παρὰ
2468 659 2567 722 τὰς
2604 659 2880 725 διεξόδους
2928 658 3038 711 τῶν
3088 658 3307 711 ὑδάτων
3354 660 3725 726 πεφυτευμένον
3749 663 3816 715 λέ.

2294 767 2501 819 γονται.
2516 750 2772 823 Κᾶνχὰρ
2791 749 2852 813 ἐξ
2868 749 3039 803 ἐθνῶν
3058 743 3217 811 ὦσιν,
3235 742 3313 802 ὧν
3337 749 3559 811 Λίϐανος
3580 751 3633 802 σύ
3644 752 3813 821 μὸολον,

2295 842 2654 911 φυτευθέντες
2694 842 2754 895 δὲ
2806 843 2956 911 παρὰ
2988 836 3136 909 ⁸Θεοῦ
3169 843 3243 911 τῇ
3291 840 3534 912 υἱοθεσία
3553 842 3636 894 τοῦ
3668 843 3819 912 βαπτί-

2298 953 2504 1007 σματος
2529 936 2952 1006 μελετήσαντες,
2970 936 3065 989 καὶ
3081 934 3247 987 αὐτοὶ
3264 934 3361 987 τὸν
3376 933 3536 1003 νόμον
3550 934 3821 1003 θεογνωσίας

2295 1028 2673 1099 χορτάζονται.
2705 1029 2972 1099 Στρουθία
3001 1028 3057 1081 δὲ
3086 1027 3251 1081 καλεῖ
3272 1027 3375 1090 τὰς
3415 1030 3563 1097 παρὰ
3584 1029 3823 1085 mai-.166-

2296 1120 2387 1173 λου
2406 1123 2502 1174 καὶ
2523 1122 2634 1173 τῶν
2658 1120 2806 1191 αὐτῷ
2828 1121 3301 1192 συμπραττόντων
3328 1119 3652 1187 διωκομένας
3667 1121 3823 1191 ψυχὰς,

2295 1212 2363 1264 δι’
2388 1213 2670 1266 εὐσέϐειαν
2712 1212 3036 1283 δυνηθείσας
3066 1229 3124 1264 τε
3155 1210 3331 1264 αὐτοῦ
3364 1212 3463 1273 τὰς
3508 1214 3717 1279 παγίδας
3737 1216 3826 1266 δια-

2297 1308 2512 1374 φυγεῖν,
2541 1306 2671 1375 περὶ
2708 1300 2784 1360 ὧν
2822 1308 2851 1358 ὁ
2894 1304 3057 1357 Δαὸὶδ
3102 1305 3337 1375 εἴρηκεν
3361 1321 3375 1333 ’
3420 1304 3479 1359 Ἠ
3510 1305 3667 1373 ψυχὴ
3696 1306 3827 1376 ἡμῶν

2294 1401 2377 1467 ὡς
2408 1402 2737 1469 στρουθίον
2766 1398 3032 1467 ἐῤῥύσθη
3062 1398 3132 1450 ἐκ
3170 1395 3290 1464 τῆς
3336 1395 3588 1465 παγίδος
3616 1398 3718 1449 τῶν
3748 1403 3827 1466 οη-

2287 1492 2617 1561 ρευόντων.

2372 1603 2393 1637 ι
2428 1584 2536 1637 Τοῦ
2568 1581 2850 1654 ὲρωδιοῦή
2884 1580 3141 1634 κατοικία
3171 1582 3399 1650 ἡγεῖται
3432 1577 3623 1631 αὐτῶν.
3657 1600 3671 1630 ι

2368 1676 2625 1747 Ἐρωδιὸν
2672 1676 2773 1729 οὐκ
2828 1676 2895 1728 ἂν
2953 1673 3226 1744 ἁμάρτοις
3274 1672 3372 1725 τὸν
3427 1672 3626 1741 Πέτρον
3679 1672 3827 1733 εἰπὼν,

618 1789 1059 1860 quandoquidem
1078 1787 1358 1842 Christum
1380 1794 1646 1856 perpetuo
1675 1795 1899 1840 secutus
1918 1784 2009 1839 sit.
2043 1784 2196 1839 Sicut

2297 1770 2483 1840 ἐπειδὴ
2510 1768 2588 1839 τῷ
2620 1767 2844 1840 Χριστῷ
2882 1766 3149 1837 διηνεκῶς
3180 1762 3500 1835 ἠκολούθει.
3542 1763 3729 1832 Ὥσπερ
3747 1765 3828 1835 γὰρ

623 1838 1631 1860 τ-η-ν-«ι-ην--τν---ρνη-ντντ-ηη
1844 1838 1889 1839 η
1978 1838 1985 1839 7
2060 1838 2067 1839 7
2116 1838 2125 1839 7

620 1881 766 1935 enim
813 1881 1074 1934 lierodius
1120 1879 1318 1934 dicitur
1363 1878 1435 1933 iis
1487 1895 1604 1948 quae
1664 1878 1905 1948 possidet
1955 1876 2195 1946 separari

2300 1865 2328 1916 ὁ
2357 1838 2583 1932 ἐρωδιὸς
2622 1838 2723 1916 oux
2760 1861 2965 1914 ἐθέλειν
2998 1858 3340 1933 χωρίζεσθαι
3381 1856 3495 1909 τῶν
3529 1856 3828 1925 κεκτημένων

620 1972 847 2025 minime
892 1971 1051 2036 velle,
1100 1970 1182 2025 sic
1210 1971 1375 2025 etiam
1418 1984 1699 2040 passerum
1748 1970 1857 2025 dux
1906 1970 2195 2025 exsistere.

619 2060 873 2119 Ostendit
904 2063 1050 2117 enim
1075 2064 1173 2127 eis,
1206 2061 1483 2131 quomodo
1516 2070 1837 2117 venatorum
1876 2061 2054 2130 laquei
2088 2061 2199 2117 sint

621 2154 1004 2215 transiliendi;
1044 2153 1487 2223 quandoquidem
1533 2153 1699 2207 etiam
1745 2153 1864 2223 ipse
1907 2153 2198 2223 negatione

621 2241 946 2313 illaqueatus
991 2243 1484 2313 perpmnitentiam
1537 2242 1796 2313 laqueum
1838 2243 2116 2313 ellugerit.

689 2415 854 2471 Vens.
881 2415 967 2470 18.
998 2434 1018 2467 ι
1048 2415 1202 2470 Petra
1237 2414 1506 2485 refugium
1531 2414 1851 2470 berinaciis.
1893 2434 1914 2468 ι

670 2508 1029 2580 Symmachus
1050 2507 1372 2577 cltirogryllis
1393 2506 1663 2576 exposuit.
1686 2505 1922 2561 Erinacii
1941 2514 1996 2561 et
2018 2506 2198 2563 chiro-

618 2602 775 2673 grylli
800 2601 945 2655 inter
973 2600 1252 2654 immunda
1275 2608 1329 2653 et
1356 2599 1570 2652 inﬁrma
1598 2599 1849 2653 animalia
1879 2608 2195 2655 censentur.

619 2692 835 2749 Etenim
868 2692 1123 2746 Salomon
1164 2690 1286 2744 ait:
1330 2688 1647 2759 Chirogrylli
1691 2706 1814 2760 gens
1860 2690 2095 2744 invalida
2119 2692 2197 2760 fe-

618 2795 800 2840 cerunt
834 2786 889 2838 in
918 2784 1080 2855 petris
1139 2784 1317 2837 domos
1355 2799 1480 2835 suas
1503 2783 1569 2835 ".
1606 2782 1815 2853 Moyses
1857 2793 2038 2837 autem
2070 2782 2146 2836 ait
2180 2798 2195 2836 :

619 2877 915 2940 Camelum,
936 2883 987 2929 et
1007 2890 1176 2936 suem,
1198 2886 1246 2927 et
1264 2874 1601 2943 dasypedem,
1628 2872 1679 2928 id
1709 2883 1791 2929 est
1816 2874 2077 2943 leporem,
2098 2890 2200 2927 non

619 2968 898 3024 comedetis
915 2967 981 3022 ⁵⁸.
1003 2967 1234 3021 Perluec
1251 2966 1513 3019 nimirum
1542 2965 1707 3020 David
1732 2976 1920 3037 gentes
1937 2966 2197 3033 insinuat;

620 3062 708 3119 ha
734 3074 971 3131 namque
1012 3057 1290 3130 refugium
1321 3057 1605 3127 spirituale
1637 3059 1842 3113 habent
1871 3066 2103 3129 petram,
2144 3058 2199 3113 id

2298 1956 2534 2026 λέγεται,
2584 1956 2728 2009 οὕτω
2776 1956 2872 2009 καλ⁵
2917 1955 3029 2009 τῶν
3084 1952 3396 2025 στρουθίων
3439 1950 3693 2023 ἡγεῖσθαι.
3735 1950 3823 2002 Δεί-

2298 2067 2458 2103 κνυσι
2484 2049 2595 2119 γὰρ
2620 2048 2825 2112 αὐτοῖς,
2856 2048 2973 2112 πῶς
3005 2047 3112 2118 χρὴ
3133 2046 3237 2108 τὰς
3270 2044 3384 2099 τῶν
3409 2042 3675 2113 θηρευτῶν
3701 2042 3827 2109 παγί-

2296 2144 2392 2205 δας
2450 2141 2891 2213 ὑπεράλλεσθαι·
2945 2142 3136 2211 ἐπειδὴ
3197 2141 3301 2193 καὶ
3353 2138 3518 2201 αὐτὸς
3577 2138 3638 2207 τῇ
3695 2136 3823 2206 dmi;-

2298 2252 2384 2288 σει
2453 2233 2805 2302 παγιδευθεὶς
2870 2234 2959 2289 διὰ
3021 2233 3325 2305 μετάνοιαν
3372 2231 3473 2301 τὴν
3526 2226 3710 2297 παγίδα
3760 2224 3824 2291 ὲξο

2304 2325 2500 2396 έφυγε.

2375 2434 2394 2469 ι
2431 2416 2617 2487 Πέτρα
2641 2415 2936 2487 καταφυγὴ
2961 2417 3074 2477 τοῖς
3104 2414 3370 2482 λαγωοῖς.
3402 2431 3423 2465 ι

2368 2508 2688 2579 Σύμμαχος,
2712 2507 2835 2573 τοῖς
2855 2507 3369 2577 χοιροῃουλλίοις,
3401 2505 3666 2571 ἐξέδωκεν.
3682 2507 3734 2559 Ol
3754 2505 3817 2557 λα-

2297 2603 2431 2671 γωοὶ
2452 2603 2550 2655 καὶ
2577 2603 2627 2654 oi
2649 2600 3043 2672 χοιρογρύλλιοι
3074 2601 3132 2652 ἐν
3160 2604 3279 2663 τοῖς
3306 2598 3470 2663 ζώοις
3494 2601 3600 2662 τοῖς
3631 2598 3817 2663 ἀκαθάρο

2299 2710 2413 2757 τοις
2440 2693 2536 2745 καὶ
2586 2693 2846 2745 ἀσθενέσι
2892 2693 3204 2746 τάττονται.
3243 2689 3547 2762 Τοιγαροῦν
3576 2692 3602 2743 ὀ
3626 2688 3816 2759 Σολομὼν

2300 2801 2467 2856 φησιο
2520 2785 2972 2854 ΧοιρογῬύλλιοι
3024 2785 3205 2850 ἔθνος
3251 2786 3366 2837 οὐκ
3403 2780 3645 2852 ὶσχιῬὸν
3671 2780 3817 2846 ἐποιή-

2300 2891 2488 2930 σαντο
2514 2877 2586 2930 ἐν
2611 2876 2857 2943 πέτραις
2884 2876 3025 2943 τοὺς
3048 2875 3287 2930 ἑαυτῶν
3314 2874 3539 2939 οἵκους.
3565 2871 3813 2941 Μωσῆςδέθ

2305 2969 2418 3022 Τὸν
2442 2968 2753 3037 κάμηλον,
2795 2967 2894 3021 καί
2936 2967 3046 3021 τὸν
3099 2963 3200 3034 ὗν,
3250 2967 3355 3021 καί
3394 2966 3502 3020 τὸν
3542 2963 3815 3025 δασύποδα,

2300 3060 2439 3129 ὅπερ
2479 3060 2595 3113 ἐστι
2623 3059 2836 3129 λαγωδς
2860 3099 2876 3122 ,
2911 3061 3023 3113 οὑκ
3046 3059 3284 3114 ἕδεσθε.
3318 3060 3423 3114 Διὰ
3459 3057 3651 3112 τούτων
3682 3056 3813 3108 τοίνυν

619 3164 706 3211 est
724 3154 1023 3210 Ecclesiam
1046 3170 1062 3208 :
1091 3168 1188 3223 per
1219 3152 1360 3207 hanc
1380 3152 1527 3207 enim
1547 3152 1871 3208 roborantur
1892 3159 1949 3207 et
1971 3152 2196 3222 expian-

2299 3153 2329 3205 δ
2352 3151 2521 3206 Δαὸὶδ
2558 3152 2627 3205 τὰ
2670 3151 2800 3223 ἔθνη
2842 3152 3140 3207 αἰνίττεται
3165 3168 3181 3183 ·
3225 3146 3382 3206 οὗτοι
3415 3152 3521 3222 γὰρ
3560 3145 3811 3217 καταφυγὴν

620 3257 733 3303 tur.
788 3244 949 3301 Cervi
1018 3252 1225 3310 autem,
1291 3258 1416 3298 cum
1490 3242 1695 3298 munda
1764 3242 1874 3297 sint
1922 3242 2196 3311 animalia,

2298 3244 2397 3316 τὴν
2430 3243 2628 3316 νοητὴν
2666 3245 2874 3317 πέτραν
2903 3246 3003 3313 τὴν
3043 3245 3383 3315 Ἐκκλησίαν
3433 3244 3642 3315 ἔχουσι·
3669 3244 3742 3295 καὶ
3764 3241 3811 3294 δι’

618 3337 932 3394 necessario
960 3344 1089 3393 sunt
1115 3336 1315 3392 animae
1333 3335 1631 3407 justorum,
1667 3350 1790 3405 qua:
1812 3333 1985 3406 legem
2015 3348 2199 3389 serva-

618 3438 844 3489 verunt.

689 3606 853 3662 Vens.
894 3607 983 3663 l9.
1020 3628 1038 3660 ι
1071 3606 1224 3663 Fecit
1245 3607 1505 3662 lunamin
1530 3614 1794 3677 tempora.
1827 3624 1847 3659 ι

702 3698 977 3755 Caeterum
1005 3715 1108 3753 non
1158 3700 1328 3753 solam
1374 3701 1576 3763 lunam,
1614 3699 1709 3753 sed
1745 3697 1908 3752 etiam
1937 3698 2106 3753 solem
2144 3708 2200 3754 et

620 3791 828 3854 stellas,
854 3800 907 3846 et
924 3792 1040 3846 dies
1059 3808 1123 3847 ac
1150 3807 1385 3854 menses,
1421 3804 1475 3846 et
1507 3800 1749 3861 tempora
1783 3799 1838 3845 et
1868 3806 2042 3845 annos
2066 3806 2199 3846 con-

622 3884 818 3940 stituit.
860 3886 1069 3939 Lunam
1104 3893 1286 3939 autem
1317 3885 1419 3938 boc
1452 3884 1571 3937 loco
1604 3884 1859 3953 intelligit
1884 3884 2197 3939 Judazorum

622 3974 983 4049 Synagogam,
1018 3993 1180 4048 quam
1222 3992 1393 4047 usque
1421 3977 1489 4031 ad
1539 3986 1781 4045 tempora
1807 3976 1941 4047 legis
1982 3992 2045 4031 ac
2073 3992 2200 4046 pro-

620 4074 912 4145 phetarum
938 4073 1178 4127 instituit
1204 4089 1219 4138 ;
1253 4071 1439 4126 Solum
1464 4087 1594 4126 vero
1617 4071 1915 4124 Christum.
1942 4069 2031 4127 Sic
2051 4071 2197 4126 enim

621 4165 789 4220 etiam
835 4164 1131 4218 Malacbias
1188 4164 1365 4233 ipsum
1421 4163 1713 4233 appellavit
1748 4181 1761 4217 :
1803 4162 2018 4217 Orietur
2058 4163 2199 4217 vobis

622 4255 925 4309 timentibus
942 4254 1225 4308 Dominum
1258 4252 1348 4307 Sol
1367 4253 1600 4322 justitia:
1618 4268 1635 4306 :
1656 4262 1703 4305 et
1720 4253 1921 4306 sanitas
1946 4252 2001 4305 in
2017 4255 2199 4323 pennis

621 4346 757 4417 ejus.
779 4344 880 4411 Qui
904 4347 1137 4417 cognovit
1169 4362 1410 4399 occasum
1432 4362 1585 4399 suum
1601 4346 1666 4398 '5’:
1693 4344 1960 4415 siquidem
1985 4353 2199 4416 tempus

621 4439 1002 4512 cognoscebat,
1042 4452 1152 4508 quo
1194 4438 1372 4507 passio
1405 4447 1523 4491 erat
1565 4437 1927 4507 dispensanda
1960 4437 1982 4490 ?
2028 4438 2101 4492 ita
2139 4446 2200 4493 ut

2298 3336 2466 3407 αὐτῆς
2513 3336 2880 3407 δυναμοῦνται
2941 3336 3036 3390 καὶ
3074 3336 3462 3409 καθαίρονται.
3526 3336 3717 3402 Ἔλαφοι
3753 3332 3808 3395 δέ,

2296 3427 2489 3500 ἐπειδὴ
2508 3428 2723 3497 καθαρὰ
2749 3428 2863 3493 ζῶα
2884 3429 3275 3500 τυγχάνουσιν,
3298 3429 3601 3497 ἀναγκαίως
3622 3428 3669 3479 αἱ
3687 3425 3810 3495 ψυχαὶ

2278 3508 2407 3574 ἐτῶν
2430 3520 2657 3574 δικαίων
2688 3520 2826 3573 είσὶν
2845 3560 2860 3585 ,
2890 3521 3013 3574 ὅσαι
3048 3521 3141 3573 τὸν
3171 3522 3345 3591 νόμον
3370 3519 3650 3590 ἐφύλαξαν.

2374 3631 2393 3664 ι
2426 3613 2680 3683 Ἐποίησε
2712 3612 2943 3684 σελήνην
2968 3615 3049 3676 είς
3074 3613 3328 3683 καιρούς.
3366 3631 3385 3665 ι

2357 3703 2469 3756 Καὶ
2490 3704 2595 3774 μὴν
2607 3704 2665 3757 οὐ
2689 3704 2857 3775 μόνην
2872 3704 2970 3774 τὴν
2989 3705 3239 3776 σελήνην,
3257 3705 3396 3761 ἀλλὰ
3409 3705 3501 3759 καὶ
3516 3704 3599 3757 τὸν
3613 3701 3787 3771 ήλιονκαὶ

2296 3794 2425 3857 τοὺς
2451 3795 2704 3865 ἀστέρας,
2727 3796 2822 3849 καὶ
2848 3797 2926 3858 είς
2947 3797 3177 3865 ἡμέρας,
3212 3801 3312 3850 καὶ
3341 3803 3512 3868 μῆνας
3536 3798 3623 3850 καὶ
3640 3792 3784 3862 καιροὺς

2298 3887 2393 3940 καὶ
2424 3887 2703 3949 ἐνιαυτοὺς
2729 3886 2906 3942 ἔθετο.
2929 3886 3089 3942 Ἀλλὰ
3114 3888 3350 3961 σελήνην
3380 3887 3609 3943 ἐνταῦθα
3631 3886 3700 3953 τὴν
3716 3881 3783 3932 τῶν

2300 3977 2571 4031 Ἰουδαίων
2613 3978 2762 4045 λέγει
2805 3979 3177 4049 Συναγωγὴν,
3223 3981 3425 4050 ἥντινα
3466 3978 3617 4049 μέχρι
3649 3969 3791 4041 καιριίνν

2298 4070 2392 4123 τοῦ
2421 4071 2587 4142 νόμου
2633 4071 2728 4127 καὶ
2765 4073 2873 4126 τῶν
2909 4074 3205 4146 προφητῶν
3242 4075 3399 4129 ἔθετο
3424 4091 3437 4105 ι
3473 4073 3613 4143 ἥλιον
3640 4068 3701 4130 δὲ,
3731 4063 3792 4115 τὸν

2307 4165 2567 4237 Χριστόνο
2608 4165 2763 4219 οὕτω
2807 4166 2918 4239 γὰρ
2971 4167 3133 4222 αὐτὸν
3189 4168 3291 4221 και
3321 4166 3595 4236 Μαλαχίας
3627 4160 3791 4225 ιλεγενο

2300 4256 2609 4312 Ἀνατελεῖ
2657 4258 2800 4328 ὑμῖν
2858 4262 2985 4328 τοῖς
3044 4260 3441 4332 φοϐουμένοις
3494 4256 3592 4312 τὸν
3634 4252 3793 4318 Κύριον

2302 4348 2512 4415 Ἥλιος
2537 4348 2931 4419 δικαιοσύνης
2951 4367 2966 4381 ⁸
3001 4353 3101 4409 καί
3132 4353 3303 4420 lam;-
3324 4352 3394 4407 ἐν
3426 4349 3547 4415 ταῖς
3576 4338 3797 4412 πτέρυξιν

2297 4440 2735 4508 αὐτοῦ.”οστις
2783 4442 2938 4513 ἔγνω
2978 4443 3094 4511 τὴν
3144 4444 3337 4499 αὐτοῦ
3376 4443 3572 4497 δύσιν·
3614 4436 3686 4488 τὸν
3719 4430 3795 4497 γάρ

620 4531 773 4603 prius
801 4530 1020 4600 quidem
1051 4543 1217 4598 quam
1243 4527 1375 4581 illud
1412 4527 1726 4582 advenisset
1757 4527 1965 4582 diceret
1999 4547 2012 4585 :
2045 4528 2193 4583 Non-

2298 4532 2488 4603 καιρὸν
2539 4532 2660 4588 καθ’
2707 4533 2765 4587 ὃν
2835 4537 3105 4607 προσήκει
3164 4537 3225 4590 τὸ
3286 4537 3455 4599 πάθος
3509 4524 3796 4596 οἰκονομῆσαι

618 4624 745 4677 dum
785 4622 923 4675 venit
962 4622 1091 4674 hora
1122 4620 1165 4651 ‘°
1196 4636 1209 4672 :
1245 4619 1467 4688 quando
1516 4629 1695 4674 autem
1742 4628 1960 4691 tempus
1996 4636 2197 4693 oppor-

622 4724 815 4769 tunum
841 4721 959 4767 erat
989 4711 1132 4765 illam
1166 4709 1437 4765 subeundi
1470 4730 1481 4764 :
1528 4709 1698 4775 Venit,
1732 4710 1933 4781 inquit,
1976 4713 2108 4767 hora
2138 4722 2197 4767 ut

620 4804 945 4873 clariﬁcetur
975 4800 1023 4855 F
1028 4802 1151 4856 ilius
1185 4802 1435 4856 hominis.

706 5001 871 5055 Vens.
926 4996 1019 5054 ΞΟ.
1079 5016 1098 5049 ι
1158 4994 1396 5051 Posuisti
1452 4997 1732 5065 tenebras,
1788 5007 1845 5053 et
1903 4998 2045 5054 facta
2104 5009 2191 5057 est

621 5108 749 5148 DOX.
792 5109 811 5140 ι

692 5180 977 5238 Manifeste
1006 5179 1184 5236 crucis
1211 5188 1427 5249 tempus
1458 5179 1724 5251 designat,
1757 5196 1866 5251 quo
1890 5182 1971 5236 sol
2002 5190 2193 5237 noster

620 5274 840 5332 occidit.
875 5274 1029 5328 Tunc
1057 5275 1201 5329 enim
1229 5272 1296 5326 ab
1325 5273 1459 5326 liora
1493 5282 1643 5327 sexta
1681 5289 1853 5343 usque
1897 5275 1965 5329 ad
2000 5276 2187 5329 horam

618 5384 822 5425 nonam
858 5370 1097 5422 tenebrae
1128 5366 1283 5421 l‘acue
1323 5373 1470 5428 sunt,
1500 5380 1621 5435 qua:
1648 5380 1749 5435 pro
1781 5366 1987 5435 integra
2028 5376 2191 5422 nocte

619 5458 857 5532 acceptae
888 5460 1133 5525 luerunt,
1184 5467 1407 5529 propter
1449 5458 1766 5529 mysterium
1813 5458 2077 5512 triduanae
2104 5474 2191 5512 re-

620 5552 999 5610 surrectionis.

698 5663 717 5697 ι
754 5642 812 5696 In
836 5644 949 5713 ipsa
978 5636 1388 5712 pertransibunt
1432 5652 1623 5693 omnes
1654 5637 1860 5693 bestize.
1903 5658 1920 5688 ι

682 5843 729 5875 ⁸⁸
764 5838 905 5897 Psal.
933 5854 972 5905 ι,
1002 5842 1056 5895 ‘5.
1130 5842 1175 5875 ⁵⁸
1204 5841 1342 5897 Psal.
1376 5857 1567 5908 cum,
1597 5841 1651 5897 7.

2295 4623 2629 4691 ἐγίνωσκεν*
2679 4624 2823 4679 ὥστε
2861 4628 2991 4698 πρὶν
3040 4627 3140 4697 μὲν
3186 4627 3366 4683 ἐλθεῖν
3413 4624 3586 4680 τοῦτον
3625 4620 3792 4685 λέγειν’

2298 4717 2472 4770 οὔπω
2494 4716 2627 4785 ἣκει
2658 4718 2696 4785 ἢ
2721 4718 2870 4788 ὥρα·
2912 4720 3002 4773 ὅτε
3039 4718 3095 4773 δὲ
3124 4722 3182 4773 ἐν
3211 4720 3291 4792 τῷ
3320 4719 3626 4793 προσήκοντι
3664 4720 3792 4793 κατεῖ

2293 4810 2473 4863 λαϐὼν
2497 4806 2567 4882 ἦν
2592 4829 2608 4845 ο
2635 4811 2978 4879 Ἐλήλυθεν
3004 4814 3042 4882 ἡ
3067 4812 3212 4882 ὥρα,
3250 4815 3432 4885 φησιν,
3463 4811 3554 4863 ἵνα
3574 4792 3791 4865 δοξασθίῖ

2295 4905 2328 4957 d
2369 4905 2503 4971 Υἱὸς
2524 4905 2631 4959 τοῦ
2657 4906 2997 4975 ἀνθρώπου.

2370 5014 2391 5049 ι
2426 4996 2591 5052 Ἐθου
2617 4999 2827 5064 σκότος,
2863 5000 2957 5052 καὶ
2988 5000 3208 5069 ἐγένετο
3237 4999 3353 5065 νύξ.
3384 5016 3402 5051 ι

2370 5174 2564 5244 Σαφῶς
2582 5172 2673 5227 τὸν
2698 5176 2794 5228 τοῦ
2822 5174 3055 5248 σταυροῦ
3074 5176 3224 5246 λέγει
3255 5175 3460 5248 καιρὸν,
3481 5160 3583 5235 ἐνῷ
3601 5164 3744 5248 ἔδυνεν
3763 5154 3782 5203 ὁ

2301 5267 2568 5338 ἡμέτερος
2585 5266 2754 5337 ἥλιος.
2780 5268 2915 5321 Τότε
2934 5247 3045 5340 γὰρ
3069 5270 3258 5333 σκότος
3276 5247 3380 5323 sui
3403 5264 3535 5334 ὥρας
3549 5258 3682 5319 ἕκτης
3703 5247 3776 5303 Et”;

2294 5357 2443 5429 ὥρας
2501 5359 2698 5432 ἐνάτης
2736 5360 2973 5428 ἐγένετο,
3033 5364 3171 5434 ὅπερ
3212 5365 3293 5427 είς
3337 5358 3597 5427 ὀλόκληρον
3630 5343 3776 5434 νύκτα,

2294 5450 2460 5505 ἕνεκα
2503 5450 2600 5504 τοῦ
2655 5454 2957 5531 τριημέρου
3006 5454 3108 5526 τῆς
3140 5431 3487 5513 ’ἀναστάσεως
3536 5431 3772 5516 μυστηρίω

2296 5545 2686 5616 παρείληπται.

2376 5656 2392 5684 ‹
2435 5638 2525 5688 Ἐν
2558 5636 2695 5707 αὐτῇ
2722 5636 3086 5693 διελεύσονται
3121 5640 3301 5696 πάντα
3327 5640 3392 5694 τά
3420 5630 3577 5708 θηρία.
3605 5645 3619 5675 ι

1731 5843 1774 5874 ⁸⁷
1805 5837 1962 5897 Prov.
2005 5858 2128 5907 xxx,
2155 5841 2196 5894 21

2318 5845 2362 5874 ιε
2403 5843 2559 5899 Deut.
2588 5860 2699 5911 m,
2741 5845 2793 5899 7.
2874 5846 2917 5879 ιο
2951 5842 3142 5903 Matth.
3185 5862 3259 5913 tt‘,
3300 5848 3353 5903 ε.
3422 5840 3459 5874 ⁸⁸
3487 5834 3617 5890 ιωιι-
3649 5834 3693 5875 ιίν
3720 5811 3759 5863 ⁴’
