4032 6420
286 378 424 443 1289

1411 385 1874 448 FRAGMENTA
1940 389 2018 449 IN
2075 391 2433 455 PSALMOS.

3413 400 3550 466 1290

339 494 517 566 Θηρία
533 494 629 549 τοῦ
643 495 852 567 δρυμοῦ
867 498 962 551 καὶ
979 496 1257 569 σκύμνους
1272 500 1398 564 τοὺς
1408 500 1668 571 δαίμονάς
1682 519 1863 571 φησιν1

2038 502 2255 561 Bestias
2275 507 2427 562 silvae
2446 517 2501 563 et
2521 508 2731 565 catulos
2753 509 2970 564 leonum
2993 512 3231 582 appellat
3246 514 3548 583 daemones,

274 585 477 649 οἵτινες
491 587 551 639 ἐν
570 586 648 658 τῷ
670 587 848 658 καιρῷ
872 588 963 640 τοῦ
982 589 1317 643 Δεσποτικοῦ
1330 590 1539 655 πάθους
1556 593 1872 661 ἀναγκαίως

274 677 542 743 ὠρύοντο,
562 679 880 750 νομίζοντες
909 680 1033 733 τότε
1066 680 1241 753 θήρας
1270 681 1417 753 ἔχειν
1444 685 1658 754 καιρόν.
1681 683 1874 737 "E613-

277 785 382 819 πον
407 768 517 839 γὰρ
543 768 747 821 Ἰούδαν
788 769 1191 841 προδεδωκότα,
1219 773 1313 827 τὸν
1360 773 1569 846 Πέτρον
1601 774 1872 846 ἀρνούμε-

277 877 392 926 νον,
421 861 547 925 τοὺς
562 859 791 926 λοιποὺς
816 862 1151 928 ἀποστόλους
1176 865 1626 935 πορπισθέντας.
1647 866 1871 938 Ὠρύον-

274 968 339 1003 το
380 952 567 1005 ruit-av
604 993 621 1019 ,
688 953 938 1025 ἁρπάσαι
979 954 1078 1009 καὶ
1127 955 1369 1027 ζητῆσαι
1406 957 1561 1027 παρὰ
1603 957 1700 1013 τοῦ
1732 957 1869 1011 Θεοῦ

276 1043 408 1107 τοὺς
435 1043 679 1109 δικαίους
715 1044 948 1110 ἐξαιτεῖν
995 1049 1077 1110 είς
1120 1048 1483 1120 πειρατήρια.
1519 1050 1589 1102 Ἦ
1616 1049 1740 1120 ούχὶ
1778 1049 1870 1103 τὸν

278 1134 405 1188 Ἰὼὸ
447 1135 715 1207 ἐξῄτησεν
764 1138 793 1191 6
834 1136 1120 1204 διάόολος;
1192 1138 1459 1211 Ἐξῄτησε
1511 1141 1569 1195 δὲ
1602 1143 1696 1195 καὶ
1743 1143 1871 1205 τοὺς

274 1228 612 1292 ἀποστόλους
663 1229 818 1300 παρὰ
863 1228 956 1283 τοῦ
1000 1230 1277 1301 Χριστοῦξ,
1319 1231 1462 1286 ὥστε
1514 1233 1608 1287 τὸν
1655 1232 1866 1305 Κύριον

277 1320 461 1391 λέγειν
479 1337 493 1351 ’
518 1321 735 1389 Σίμων,
774 1322 970 1391 Σίμων
993 1364 1008 1388 ,
1039 1322 1303 1392 ποσάκις
1350 1325 1657 1395 ἐξῄτησεν
1696 1329 1731 1381 ό
1756 1329 1871 1380 Σα-

280 1412 467 1480 τανᾶς
485 1413 758 1468 σινιᾶσαι
779 1414 934 1484 ὑμᾶς
952 1418 1034 1482 ὡς
1059 1417 1164 1470 τὸν
1177 1416 1368 1471 σῖτονο
1392 1418 1507 1488 ἐγὼ
1529 1418 1599 1473 δὲ
1612 1418 1870 1489 ἐδεήθην

275 1500 412 1569 περὶ
440 1501 556 1555 σοῦ
587 1502 689 1554 ἵνα
714 1502 800 1571 μὴ
826 1502 1043 1571 ἐκλίπῃ
1071 1505 1109 1572 ή
1139 1504 1344 1571 πίστις
1363 1519 1502 1562 σου.

354 1613 373 1644 ι
401 1593 699 1647 Ἀνέτειλεν
730 1594 760 1647 6
796 1594 970 1667 ἣλιος,
1000 1596 1096 1648 καὶ
1123 1597 1497 1668 συνήχθησαν.
1547 1616 1566 1651 ι

350 1684 708 1749 ’Δναστάντος
735 1686 841 1757 γὰρ
870 1686 1110 1758 Χριστοῦ
1148 1688 1536 1760 ὑπεχώρησαν.
1581 1690 1675 1743 Διὸ
1717 1689 1859 1761 Σύμ-

279 1794 455 1847 μαχος
508 1778 630 1832 ἀντὶ
679 1776 773 1830 τοῦ
835 1777 1246 1848 συνήχθησαν
1271 1820 1287 1846 ,
1344 1780 1866 1850 ὑποχωρήσουσιν

277 1844 508 1938 ἔγραψε.
546 1867 657 1922 Ποῦ
698 1868 753 1923 δὲ
808 1844 1207 1942 ὑπεχώρησανς
1245 1844 1324 1935 είς
1356 1844 1700 1936 racia-usti»;
1726 1874 1862 1943 μάν·
1893 1844 1937 1902 Β

271 1958 432 2030 δρας·
458 1957 587 2013 ἔνθα
620 1959 1111 2024 κατακοιτάζονται
1133 1962 1384 2028 ἑρπετῶν
1408 1962 1565 2034 δίκην
1585 1963 1858 2032 φωλεύονο

272 2066 389 2113 τες.
432 2049 541 2103 Καὶ
572 2050 716 2120 μάλα
753 2051 1001 2116 εἰκότως,
1031 2050 1222 2120 ἐπειδὴ
1266 2051 1328 2105 τὸ
1376 2050 1602 2123 θαρρεῖν
1632 2054 1745 2116 τοῖς
1775 2051 1861 2105 6v-

273 2160 388 2204 τως
404 2140 710 2213 ἀνθρώποις
732 2142 963 2195 δέδωκεν
983 2144 1017 2213 ἡ
1042 2141 1136 2194 τοῦ
1158 2142 1394 2212 Χριστοῦ
1417 2144 1737 2207 ἀνάστασις,
1764 2143 1859 2196 καὶ

274 2218 603 2304 προέτρεψε,
613 2232 805 2303 μέχρις
822 2231 1079 2303 ἑσπέρας,
1097 2232 1298 2304 δηλαδὴ
1315 2232 1415 2302 τῆς
1427 2231 1523 2286 τοῦ
1539 2231 1658 2303 βίου
1673 2248 1860 2285 συντε-

274 2323 449 2387 λείας,
505 2322 567 2376 τὸ
622 2322 784 2395 ἔργον
837 2321 899 2375 τὸ
950 2322 1149 2375 οἰκεῖον
1198 2321 1553 2393 ἐργάζεσθαι,
1608 2322 1860 2376 τουτέστι

271 2412 379 2486 τὴν
400 2413 601 2485 ἀρετήν
623 2429 637 2443 ·
686 2410 892 2465 ταύτην
930 2412 1040 2483 γὰρ
1073 2412 1207 2482 ἡμῖν
1253 2412 1283 2465 ό
1318 2409 1453 2475 Θεὸς
1480 2412 1562 2475 εἰς
1586 2409 1859 2481 ἐργασίαν

276 2504 509 2559 ἔδωκεν.

351 2614 373 2648 ι
419 2595 505 2660 Ὠς
534 2594 879 2667 ἐμεγώύνθη
913 2594 982 2650 τὰ
1010 2593 1152 2665 ἔργα
1181 2613 1301 2663 σου,
1340 2595 1537 2669 Κύριε.
1574 2616 1594 2650 ι

359 2769 754 2840 Ἐκπλήττεται
782 2764 874 2822 τοῦ
909 2767 1046 2821 Θεοῦ
1077 2768 1148 2823 τὰ
1194 2768 1461 2842 εἰρημένα
1498 2772 1775 2843 μυστήρια
1802 2774 1860 2826 ἐν

274 2864 441 2933 σοφία
469 2862 637 2932 πολλῇ
668 2861 762 2914 καὶ
798 2860 1014 2931 μεγάλῃ
1043 2861 1315 2931 γενόμενα
1344 2879 1358 2892 ·
1390 2863 1457 2935 ἢν
1477 2863 1553 2928 ὡς
1580 2864 1858 2936 ὑπερϐάλ-

268 2954 474 3008 λουσαν
502 2955 597 3007 καὶ
636 2952 759 3006 λίαν
790 2952 1112 3023 ἀπόκρυφον
1161 2952 1364 3020 οὐδεὶς
1394 2953 1515 3009 τῶν
1546 2956 1861 3024 ἀρχόντων

269 3047 382 3101 τοῦ
411 3046 625 3111 αἰῶνος
648 3046 866 3100 τούτου
883 3043 1165 3115 ἔγνωκεν.
1184 3046 1252 3098 Et
1274 3045 1387 3115 γὰρ
1414 3045 1716 3117 ἔγνωσαν,
1746 3051 1859 3103 οὐκ

1971 594 2066 665 qui
2105 606 2350 667 tempore
2383 598 2679 655 Dominica}
2720 602 2990 672 passionis
3030 606 3343 662 necessario
3378 609 3552 681 rugie-

1971 686 2125 750 bant.
2176 689 2556 746 existimantes
2614 701 2746 747 tunc
2798 694 3005 750 bestias
3051 696 3255 753 habere
3309 709 3546 770 tempus.

1976 774 2244 834 Videbant
2286 781 2433 836 enim
2472 781 2668 837 Judam
2696 784 3040 853 prodentem,
3074 785 3296 843 Petrum
3344 806 3551 862 negan-

1972 876 2105 935 tem,
2124 872 2364 943 reliquos
2381 875 2658 944 apostolos
2683 876 2999 948 dissipatos.
3027 879 3338 952 Rugiebant
3362 884 3549 954 igitur.

1972 969 2033 1014 ut
2060 972 2319 1032 raperent
2336 973 2393 1020 et
2420 977 2775 1036 quaererenta
2799 967 2909 1025 Deo
2923 970 3101 1041 justos
3127 973 3196 1028 ad
3226 976 3548 1030 tentandum

1970 1055 2348 1123 expostulare.
2381 1057 2636 1129 Nunquid
2665 1060 2830 1115 etiam
2856 1062 3052 1119 .Iobum
3082 1065 3333 1123 diabolus
3360 1067 3548 1138 exqui-

1970 1143 2151 1199 sivit?
2190 1145 2429 1219 Expetiit
2470 1160 2651 1207 autem
2695 1155 2973 1223 apostolos
3012 1172 3043 1212 a
3070 1156 3310 1226 Christo,
3363 1160 3436 1215 ita
3486 1168 3547 1215 ut

1970 1234 2135 1290 etiam
2184 1235 2450 1294 Dominus
2510 1242 2721 1297 diceret
2761 1261 2775 1298 :
2829 1242 3034 1312 Simon,
3082 1246 3286 1313 Simon,
3340 1253 3545 1321 quoties

1967 1324 2202 1381 Satanas
2221 1331 2468 1399 expetivit
2497 1349 2586 1387 vos
2608 1344 2665 1388 ut
2695 1336 2955 1392 cribraret
2985 1340 3119 1393 sicut
3149 1342 3382 1396 triticum
3402 1344 3428 1397 Ρ
3454 1360 3547 1413 ego

1968 1426 2149 1472 autem
2180 1422 2363 1489 rogaui
2398 1438 2494 1491 pro
2524 1433 2592 1489 te,
2623 1434 2681 1478 ut
2715 1443 2818 1480 non
2851 1428 3065 1497 deﬁciat
3097 1430 3228 1498 ﬁdes
3259 1440 3351 1486 tua
3373 1434 3440 1486 ".

2039 1596 2205 1655 Vens.
2238 1600 2329 1655 22.
2365 1618 2384 1653 ι
2415 1600 2582 1656 Ortus
2603 1613 2690 1658 est
2718 1605 2820 1669 sol,
2855 1614 2913 1661 et
2935 1608 3245 1680 congregati
3273 1619 3423 1665 sunt.

2041 1689 2264 1746 Christo
2291 1692 2437 1747 enim
2468 1703 2790 1765 resurgentes
2810 1708 3178 1755 recesserunt.
3203 1700 3546 1772 Quapropter

1969 1781 2328 1853 Symmachus
2345 1800 2445 1855 pro
2461 1789 2766 1858 congregati
2775 1798 2895 1843 sunt
2914 1790 3133 1860 scripsit
3148 1795 3406 1849 recedent.
3425 1794 3544 1860 Quo

1964 1885 2149 1929 autem
2174 1876 2561 1931 recesserunt?
2578 1877 2633 1931 in
2654 1878 2822 1934 lustra
2847 1895 2944 1934 sua
2965 1898 2979 1933 :
3001 1881 3074 1935 ibi
3093 1882 3294 1938 cubant
3315 1900 3544 1955 serpen-

1964 1964 2101 2018 tium
2138 1965 2310 2020 instar
2348 1967 2648 2024 latitantes.
2689 1968 2756 2024 Et
2787 1970 2913 2040 jure
2952 1973 3325 2041 meritissimo,
3366 1992 3542 2046 quan-

1962 2054 2256 2123 doquidem
2315 2056 2383 2112 iis
2434 2058 2527 2128 qui
2589 2074 2779 2116 revera
2840 2062 3094 2118 homines
3156 2074 3285 2121 sunt
3335 2066 3542 2123 Christi

1962 2147 2295 2215 resurrectio
2315 2148 2568 2204 ﬁduciam
2596 2151 2768 2216 dedit,
2791 2162 2848 2208 et
2867 2154 3157 2211 adhortata
3177 2167 3261 2213 est
3280 2168 3341 2214 ut
3369 2174 3544 2229 usque

1961 2241 2030 2296 ad
2059 2257 2368 2313 vesperam,
2399 2245 2609 2301 scilicet
2635 2246 2762 2302 vitae
2800 2248 2965 2319 hujus
2989 2256 3540 2322 consummationem,

1961 2334 2247 2405 proprium
2291 2351 2432 2407 opus
2484 2348 2732 2408 agerent,
2798 2356 3001 2413 nempe
3048 2344 3352 2401 virtutem:
3402 2348 3542 2403 hanc

1960 2426 2109 2483 enim
2134 2429 2295 2485 nobis
2328 2429 2473 2485 Deus
2500 2431 2571 2487 ad
2600 2436 2943 2504 operandum
2973 2437 3147 2493 dedit.

2014 2604 2178 2661 Vens.
2213 2606 2306 2662 24.
2329 2626 2348 2660 ι
2369 2605 2541 2674 Quam
2558 2609 2903 2681 magniﬁcata
2930 2621 3060 2668 sunt
3087 2627 3254 2684 opera
3287 2624 3402 2681 tua,
3436 2615 3540 2673 Do-

1961 2697 2130 2753 mine.
2161 2717 2181 2750 ι

2035 2790 2391 2862 Obstupescit
2420 2793 2569 2849 dicta
2605 2794 2701 2850 Dei
2732 2797 2991 2869 mysteria
3024 2798 3080 2853 in
3110 2800 3280 2855 multa
3314 2816 3539 2874 magna-

1965 2890 2074 2946 que
2100 2878 2369 2949 sapientia
2409 2880 2551 2937 l'acta
2575 2899 2590 2936 :
2618 2898 2782 2952 quam
2813 2895 3004 2957 utpote
3027 2887 3282 2944 eximiam
3308 2900 3363 2945 et
3382 2891 3540 2948 valde

1959 2983 2211 3023 arcanam
2255 2987 2405 3025 nemo
2441 2974 2738 3044 principum
2760 2976 2918 3045 hujus
2955 2978 3136 3032 seculi
3178 2983 3432 3051 cognovit.
3474 2984 3538 3039 Si

1960 3062 2099 3114 enim
2125 3064 2504 3132 cognovissent,
2533 3082 2805 3136 nunquam
2838 3067 3126 3125 Dominum
3153 3072 3338 3143 αισι-ἕω
3364 3078 3537 3131 εναθὶ-

268 3139 353 3194 ἂν
379 3139 488 3192 τὸν
527 3137 750 3205 Κύριον
783 3134 895 3203 τῆς
919 3135 1107 3204 δόξης
1126 3135 1542 3208 ἐσταύρωσαν,
1576 3138 1720 3194 καθά
1751 3156 1857 3211 φη-

1964 3150 2192 3218 ﬁazissent
2221 3154 2289 3220 ",
2321 3155 2399 3208 uti
2434 3154 2636 3212 Paulus
2656 3134 2758 3213 ait.

270 3244 361 3282 σιν
386 3229 417 3281 6
445 3225 680 3297 Παῦλος.

348 3335 370 3369 ι
416 3313 740 3387 Ἐπληρὼθη
764 3315 800 3386 ἡ
830 3313 903 3386 γῆ
929 3314 1032 3386 τῆς
1049 3313 1284 3377 κτίσεὼς
1306 3331 1427 3371 σου.
1463 3333 1482 3367 ι
1641 3390 1651 3400 .

340 3408 605 3461 Τουτέστι
649 3406 744 3460 τοῦ
790 3405 1151 3476 ἐγκαινισμοῦ
1189 3405 1286 3460 καὶ
1327 3406 1428 3476 τῆς
1464 3405 1855 3473 έάνανεώσεως.

265 3499 342 3555 ει
363 3517 453 3567 τις
479 3500 592 3571 γὰρ
637 3500 709 3554 ἐν
745 3497 1000 3569 Χριστῷ.
1036 3496 1215 3566 καινὴ
1256 3498 1455 3564 κτίσις
1479 3514 1495 3531 ο
1526 3497 1599 3552 τὰ
1639 3498 1884 3567 ἀρχαῖαη

269 3591 604 3662 παρῆλθεν,
642 3590 772 3646 mea
800 3591 1009 3661 γέγονε
1036 3590 1111 3643 τὰ
1142 3588 1342 3642 πάντα
1369 3587 1568 3644 καινά.
1594 3590 1694 3643 Διὰ
1720 3590 1771 3643 τί
1800 3589 1858 3642 δὲ

270 3686 431 3756 ήγῆ;
473 3685 661 3756 ἐπειδὴ
686 3685 767 3748 εἰς
806 3683 979 3756 αὐτὴν
1006 3684 1035 3736 6
1075 3683 1266 3745 κλίνας
1313 3681 1578 3753 οὐρανοὺς
1618 3683 1857 3737 καταϐέ-

272 3778 434 3849 tique.
463 3777 588 3841 Πῶς
639 3777 697 3831 δὲ
761 3776 932 3847 αὐτὴν
982 3775 1221 3841 ἔκτισεν,
1271 3774 1391 3829 ἀλλ’
1437 3774 1472 3849 ἢ
1509 3774 1578 3828 δι’
1623 3774 1854 3840 ὑδάτων,

269 3869 466 3942 ὥσπερ
496 3868 670 3941 αὐτὴν
697 3870 790 3922 καὶ⁸
831 3869 925 3922 ἀπ’
957 3867 1134 3938 ἀρχῆς
1174 3866 1505 3938 παρήγαγε;
1549 3863 1617 3920 δι’
1648 3865 1857 3919 ὑδάτων

269 3963 331 4017 δὲ
377 3961 473 4016 τοῦ
506 3961 903 4034 βαπτίσματος,
933 3958 1157 4031 εὔδηλον
1183 3975 1199 3992 ο
1234 3958 1431 4031 μηνύει
1475 3957 1584 4030 γὰρ
1617 3957 1677 4012 τὸ
1724 3956 1856 4011 ἐπό-

274 4070 463 4127 μενον.

350 4167 369 4200 ι
398 4145 549 4215 Αὕτη
588 4147 623 4217 ἠ
655 4144 903 4199 Θάλασσα
932 4146 967 4215 ὴ
1002 4143 1240 4215 μεγάλη.
1290 4160 1310 4195 ι
1504 4212 1505 4215 η

343 4236 574 4305 Μεγάλη
624 4237 658 4305 ἡ
711 4236 870 4305 χάρις
917 4233 1011 4286 τοῦ
1065 4231 1467 4302 βαπτίσματος,
1516 4229 1593 4294 ὡς
1630 4228 1850 4302 μεγάλα

274 4329 608 4399 περιέχουσα
657 4325 954 4396 μυστήρια.
991 4322 1319 4395 Εὐρύχωρος
1347 4321 1429 4386 δὲ,
1453 4321 1529 4385 ὡς
1557 4321 1687 4393 ὃλην
1743 4339 1855 4391 χω-

2037 3351 2057 3384 ι
2090 3334 2317 3403 lmpleta
2342 3343 2428 3388 est
2459 3342 2603 3390 terra
2634 3343 2886 3392 creatura
2917 3345 3030 3393 tua.
3073 3357 3093 3392 ι

2030 3423 2087 3479 ld
2113 3433 2198 3479 est
2236 3424 2633 3483 instauratione
2665 3436 2721 3484 et
2761 3428 3139 3488 innovatione.
3183 3431 3247 3488 Si
3279 3450 3384 3503 qua
3413 3450 3537 3505 ergo

1957 3516 2015 3570 in
2055 3515 2262 3571 Christo
2309 3534 2443 3573 nova
2498 3529 2745 3585 creatae:
2772 3538 2792 3587 ;
2818 3531 2995 3577 uetera
3037 3525 3380 3591 transierunt,
3422 3542 3537 3580 ecce

1958 3606 2100 3676 facta
2155 3619 2278 3663 sunt
2332 3610 2514 3664 omnia
2553 3627 2690 3666 nova
2711 3612 2779 3668 ⁸³.
2807 3613 2892 3668 Ad
2930 3613 3063 3688 quid
3110 3624 3294 3670 autem
3344 3616 3538 3671 terra?

1957 3700 2401 3770 quandoquidem
2430 3701 2498 3757 ad
2528 3702 2675 3758 illam
2719 3704 2890 3760 cmlos
2936 3704 3210 3761 inclinans
3232 3704 3535 3764 descendit.

1958 3791 2242 3858 Quomodo
2292 3803 2474 3848 autem
2512 3795 2661 3851 illam
2708 3797 2934 3862 creavit,
2963 3797 3070 3852 nisi
3129 3812 3296 3867 super
3343 3813 3533 3869 aquas,

1957 3883 2416 3951 quemadmodum
2447 3884 2518 3939 ab
2560 3884 2715 3941 initio
2747 3900 2869 3941 eam
2913 3886 3292 3956 produxerat?
3315 3887 3536 3944 Clarum

1957 3982 2141 4028 autem
2192 3974 2337 4043 quod
2378 3989 2474 4044 per
2515 3990 2687 4044 aquas
2728 3976 3099 4047 baptismatis.
3148 3976 3265 4033 Hoc
3307 3978 3537 4035 enimid

1956 4062 2102 4132 quod
2130 4063 2377 4132 sequitur
2406 4064 2667 4120 insinuat.

2034 4152 2193 4207 Vnus.
2223 4153 2315 4208 9.5.
2351 4171 2370 4206 ι
2416 4153 2531 4209 Hoc
2559 4171 2708 4211 mare
2730 4171 3011 4228 magnum.
3049 4177 3067 4210 ι

2027 4245 2213 4318 Magna
2244 4254 2328 4302 est
2363 4246 2705 4317 baptismatis
2738 4248 2931 4318 gratia,
2960 4257 3153 4318 utpote
3182 4264 3378 4321 magna
3399 4264 3536 4303 con-

1957 4338 2139 4393 tinens
2188 4338 2465 4408 mysteria.
2504 4337 2636 4392 Lata
2677 4347 2881 4403 autem,
2912 4337 3040 4407 quia
3092 4346 3264 4395 totam
3308 4340 3536 4410 spiritus

276 4418 447 4492 ροῦσα
494 4417 595 4489 τὴν
648 4416 935 4489 ἐνέργειαν
981 4413 1076 4467 τοῦ
1137 4413 1470 4485 πνεύματος.
1530 4412 1771 4484 Ἐρπετά
1796 4428 1853 4465 τε

1964 4430 2339 4501 complectitur
2405 4429 2860 4499 ineperationem.
2921 4429 3155 4500 Reptilia
3209 4439 3392 4485 autem
3452 4430 3538 4484 in-

178 4554 185 4559 .
272 4512 402 4573 τοὺς
423 4507 803 4580 ἁμαρτωλοὺς,
825 4507 914 4560 διὰ
933 4506 993 4560 τὸ
1022 4504 1219 4577 ἕρπειν
1244 4505 1444 4566 αὐτοὺς
1472 4505 1565 4557 ἐπὶ
1592 4503 1663 4556 τὰ
1686 4504 1853 4593 γηῖνα

1964 4499 2138 4593 tellige
2172 4532 2509 4592 peccatores,
2536 4536 2603 4576 eo
2637 4521 2783 4591 quod
2821 4521 2889 4576 ad
2919 4499 3133 4576 terrena
3168 4529 3362 4591 repaut
3394 4538 3410 4577 :
3443 4520 3537 4590 qui

273 4602 489 4673 νόησον⁸
512 4601 672 4671 οἷπερ
703 4598 794 4652 διὰ
837 4598 899 4652 τὸ
942 4596 1150 4667 πλῆθος
1195 4596 1422 4657 εἰκότως
1454 4593 1595 4663 ὑπὲρ
1623 4591 1856 4665 ἀριθμὸν

271 4690 547 4759 λέγονται,
607 4689 641 4761 ἢ
695 4688 780 4742 ὅτι
834 4687 1016 4759 μόνοις
1057 4688 1171 4749 τοῖς
1217 4684 1449 4748 δικαίοις
1505 4682 1857 4754 ἀριθμεῖσθαι

274 4780 498 4851 πρέπει.
538 4780 677 4851 Φησὶ
705 4781 836 4851 γάρ·
886 4778 1049 4848 Ἐμοί
1096 4777 1166 4830 δὲ
1208 4778 1356 4831 λίαν
1394 4775 1775 4846 ἐτιμήθησαν
1801 4777 1856 4829 oi

273 4875 442 4943 φίλοι
473 4887 612 4938 σου,
647 4875 681 4926 ὁ
727 4873 895 4939 Θεός.
933 4869 1435 4939 Ἑξαριθμήσομαι
1481 4867 1722 4935 αὐτοὺς,
1756 4868 1855 4923 καὶ

272 4966 430 5034 ὑπὲρ
458 4964 656 5035 ἄμμον
696 4962 1254 5032 πληθυνθήσονται.

354 5076 373 5109 ι
414 5055 537 5109 Ζῶα
568 5055 738 5126 μικρὰ
768 5054 908 5126 μετὰ
941 5054 1214 5125 μεγάλων.
1252 5073 1272 5106 ι

347 5149 413 5203 Ol
441 5148 679 5219 μετρίως
706 5148 905 5202 δίκαιοι
932 5148 1027 5200 καὶ
1053 5147 1215 5216 ἄγαν.
1250 5147 1467 5213 Πάντας
1497 5146 1607 5217 γάρ
1630 5146 1856 5209 τούτους

248 5238 337 5291 ,τὸ
378 5237 663 5308 βάπτισμα
704 5237 942 5308 δέχεται,
972 5238 1069 5292 καὶ
1108 5238 1171 5291 οὐ
1198 5239 1358 5308 μόνον
1392 5237 1707 5309 ἁμαρτωλοὶ
1759 5235 1853 5289 τοῦ

272 5329 505 5401 λουτροῦ
535 5332 632 5401 τῆς
662 5330 1105 5399 παλιγγενεσίας,
1135 5331 1272 5385 ἀλλὰ
1296 5331 1392 5385 καὶ
1419 5333 1470 5385 οἱ
1495 5331 1693 5384 δίκαιοι
1715 5331 1853 5401 χρῄο

275 5416 483 5480 ζουσιν.
522 5418 741 5491 Ἐπειδὴ
762 5419 872 5473 ἐὰν
896 5419 983 5489 μή
1010 5438 1100 5485 τις
1126 5420 1512 5493 ἀναγεννηθῇ
1540 5422 1609 5485 ἐξ
1638 5421 1857 5484 ὓδατος

273 5509 375 5562 καί
394 5510 755 5578 πνεύματος,
787 5513 859 5567 οὐ
892 5511 985 5581 μὴ
1006 5511 1250 5583 clauim
1280 5515 1367 5581 είς
1401 5513 1514 5581 τὴν
1529 5513 1860 5578 ,βασιλείαν

276 5599 384 5654 τοῦ
410 5600 582 5654 Θεοῦ.

1958 4613 2030 4669 ob
2079 4613 2487 4668 multitudinem
2545 4612 2741 4667 merito
2779 4612 3042 4667 dicuntur
3080 4627 3202 4668 esse
3233 4627 3397 4683 supra
3428 4629 3537 4667 nu-

1958 4718 2194 4769 merum,
2234 4703 2320 4758 vel
2341 4702 2467 4772 quia
2501 4701 2631 4757 solis
2654 4701 2820 4772 iustis
2844 4702 3119 4766 convenit,
3150 4711 3211 4757 ut
3240 4716 3538 4757 numeren-

1960 4802 2068 4848 tur.
2104 4794 2195 4848 Ait
2227 4794 2409 4848 enim:
2454 4791 2590 4847 Mihi
2620 4804 2798 4847 autem
2854 4792 3009 4848 ualde
3037 4793 3368 4863 honoriﬁcati
3415 4804 3537 4848 sunt

1960 4883 2119 4937 amici
2146 4883 2244 4946 tui,
2285 4882 2445 4937 Deus.
2481 4883 2840 4937 Dinumerabo
2891 4898 2999 4950 eos,
3036 4892 3086 4938 et
3122 4899 3281 4952 super
3314 4899 3537 4938 arenam

1965 4968 2459 5037 multiplicabuntur
2480 4970 2548 5023 “.

2042 5079 2061 5111 ι
2099 5060 2365 5115 Animalia
2400 5060 2596 5131 pusilla
2635 5076 2759 5116 cum
2792 5061 3021 5132 magnis.
3056 5080 3077 5113 ι

2034 5148 2377 5205 Mediocriter
2420 5160 2476 5206 et
2511 5151 2667 5207 valde
2715 5152 2869 5221 justi.
2904 5151 3013 5213 Hos
3034 5153 3182 5207 enim
3217 5164 3410 5207 omnes
3442 5149 3541 5206 ba-

1962 5239 2163 5310 ptisma
2191 5241 2436 5311 suscipit,
2472 5251 2529 5297 et
2550 5257 2660 5299 non
2681 5244 3222 5313 solum‘peccatores,
3256 5242 3351 5299 sed
3374 5243 3540 5297 etiam

1957 5332 2092 5405 justi
2118 5332 2333 5388 lavacro
2364 5335 2793 5405 regenerationis
2821 5351 2962 5406 opus
3006 5337 3232 5391 habent.
3263 5333 3399 5390 Nam
3435 5333 3556 5416 nisi

1958 5426 2077 5497 quis
2134 5434 2347 5480 renatus
2378 5427 2537 5498 fuerit
2587 5443 2652 5481 ea:
2701 5445 2842 5499 aqua
2886 5437 2935 5482 et
2969 5429 3181 5497 spiritu,
3229 5444 3332 5482 nou
3369 5432 3538 5495 potest

1960 5518 2178 5573 introire
2193 5519 2249 5572 in
2277 5535 2492 5590 regnum
2519 5520 2621 5575 Dei
2652 5520 2719 5575 ".
2742 5554 2743 5557 η

338 5758 381 5789 ⁶¹
426 5757 556 5812 Luc.
593 5774 725 5820 xx".
766 5718 854 5812 5i.
931 5759 974 5789 ⁶¹
1011 5758 1030 5810 1
1069 5756 1197 5812 Cor.
1232 5773 1290 5823 Il,
1331 5758 1384 5813 8.
1462 5758 1507 5791 ”
1529 5761 1571 5815 ll
1598 5763 1724 5816 Cor.
1756 5778 1809 5830 ν,
1841 5762 1863 5816 l

2004 5763 2049 5796 “
2078 5762 2221 5819 Psal.
2254 5778 2493 5829 cxxxvn,
2527 5763 2614 5818 18.
2691 5765 2735 5796 ⁸⁸
2764 5761 2924 5817 Joan.
2957 5778 3037 5825 ιιι.
3063 5762 3116 5817 5.

654 5874 925 5934 Panos.
968 5872 1086 5936 Gn.
1135 5875 1359 5936 XCIII.

3092 5878 3161 5941 41
