3962 6454
535 430 665 497 1291

605 548 772 605 Vens.
801 545 895 601 27.
929 562 948 597 ι
986 542 1181 600 Omnia
1209 559 1239 597 a
1266 552 1319 597 te
1344 551 1686 611 exspectant.
1725 560 1744 593 ι

606 639 800 696 Omnia
830 639 977 693 enim
1001 638 1144 692 bona
1178 650 1343 689 manu
1377 634 1470 688 Dei
1497 633 1872 698 continentur,
1901 642 1961 688 ut
1987 647 2113 686 cum

536 746 656 785 eam
705 727 998 798 aperuerit,
1035 724 1218 780 omnia
1261 723 1490 793 repleat,
1522 738 1586 777 ac
1615 732 1824 778 saturet
1847 723 2111 778 bonitate.

1738 423 2091 486 HESYCHII
2127 425 2593 486 PRESBYTER]
3113 490 3117 495 ,

2140 548 2185 603 Α
2293 562 2309 593 ι
2359 542 2545 596 Πάντα
2568 539 2706 613 πρὸς
2733 540 2793 593 σὲ
2828 538 3195 612 προσδοκῶσι.
3240 555 3261 591 ι

3661 417 3779 480 ιξεε

2283 634 2469 687 Πάντα
2495 634 2605 703 γὰρ
2630 637 2700 686 τὰ
2716 632 2897 701 ἀγαθά
2924 634 2990 703 τῇ
3022 631 3167 702 χειρὶ
3191 628 3287 684 τοῦ
3308 628 3446 682 Θεοῦ
3477 627 3786 698 περιὲσφιγ-

2215 745 2341 781 κται
2367 766 2383 791 ,
2424 727 2493 780 ἶν’
2526 727 2654 780 ὅταν
2686 724 2874 796 ἀνοίξῃ
2897 765 2913 790 ,
2963 724 3143 778 πάντα
3174 723 3377 793 πληροῖ
3423 722 3523 775 καὶ
3564 722 3788 791 χορτάξῃ

538 822 707 877 Porro
750 833 1009 873 manuum
1069 815 1191 885 ejus
1235 813 1576 884 apertionem
1636 813 1804 868 etiam
1849 812 1905 867 in
1953 827 2116 868 cruce

2235 818 2608 890 [ρηστότητος.
2640 816 2884 881 ’Δνοιξιν
2911 816 2969 870 δὲ
2998 814 3164 868 αὑτοῦ
3199 812 3400 886 χειρῶν
3444 814 3540 866 καὶ
3582 811 3683 881 τὴν
3714 810 3792 863 ει.

537 909 929 979 expansionem
952 904 1253 975 intelligere
1277 913 1520 973 oportet;
1549 902 1694 957 unde
1727 903 1910 957 omnia
1932 902 2117 973 imple-

2235 926 2373 963 τασιν
2401 908 2499 980 τὴν
2526 908 2620 962 ἐπὶ
2648 906 2745 961 τοῦ
2780 905 3015 978 σταυροῦ
3046 906 3314 977 προσήκει
3340 901 3682 972 λογίζεσθαιε
3710 905 3791 971 ἀφ’

540 1010 591 1051 ta
622 1006 747 1052 sunt
783 996 1049 1058 bonitate,
1073 994 1128 1049 id
1159 1003 1243 1048 est
1268 993 1640 1064 benignitate;
1675 992 2118 1064 quandoquidem

2235 995 2285 1073 Ec
2309 1001 2489 1056 πάντα
2517 999 2765 1072 ἐπλήσθη
2786 999 3182 1071 χρηστότητος,
3210 997 3461 1051 τουτέστι
3499 992 3793 1065 φιλανθρω-

538 1104 701 1144 omne
726 1097 1009 1160 peccatum
1040 1102 1138 1157 per
1163 1100 1381 1142 crucem
1409 1085 1697 1141 remissum
1731 1094 1833 1140 est.

612 1270 879 1327 Vsns.30.
905 1287 923 1322 ι
971 1267 1199 1322 Emittes
1223 1266 1473 1337 spiritum
1509 1272 1684 1319 tuum.
1711 1282 1729 1316 ι

610 1361 749 1417 Illud
777 1360 846 1415 de
898 1366 1239 1413 mortuorum
1269 1355 1673 1410 resurrectione
1715 1351 1825 1409 dici
1852 1352 2124 1424 potuisset

539 1462 799 1522 tanquam
826 1450 894 1505 de
924 1449 1164 1504 humano
1208 1447 1407 1517 Spiritu
1454 1446 1508 1500 in
1557 1454 1757 1501 terram
1782 1444 2006 1509 emisso,
2062 1452 2126 1498 ut

541 1546 784 1601 humana
813 1552 1003 1597 natura
1039 1547 1419 1604 renovaretur,
1448 1539 1557 1593 nisi
1595 1537 1870 1609 Propheta
1898 1536 2125 1593 dixisset

543 1634 804 1704 Spiritum
856 1642 1026 1695 tuum,
1068 1630 1358 1685 manifeste
1422 1629 1518 1683 Dei
1565 1627 1827 1698 Spiritum
1873 1636 2125 1681 sanctum

542 1726 861 1790 declarans;
881 1722 1038 1793 cujus
1069 1721 1331 1776 missione
1352 1720 1531 1775 omnis
1560 1727 1725 1784 terra,
1754 1718 1807 1773 id
1830 1728 1917 1773 est
1934 1732 2127 1773 omnes

544 1824 737 1887 gentes
767 1822 964 1869 creatae
998 1819 1146 1878 sunt,
1202 1821 1258 1865 et
1286 1818 1595 1873 renovata);
1631 1808 1841 1863 scilicet
1864 1822 1963 1878 per
1984 1821 2126 1878 prae-

2220 1092 2371 1159 πίαςσ
2401 1093 2593 1164 ἐπειδὴ
2633 1094 2784 1147 πᾶσα
2828 1090 3078 1163 ἁμαρτία
3115 1089 3203 1144 διά
3240 1087 3479 1160 σταυροῦ
3518 1084 3793 1168 6071311:-

2222 1204 2408 1257 ρηται.

2297 1297 2316 1331 ι
2367 1276 2779 1343 Ἐξαποστελεῐς
2806 1276 2866 1330 τὸ
2908 1273 3129 1346 πνεῦμά
3156 1291 3272 1328 σου.
3314 1291 3333 1325 ι

2295 1365 2405 1424 Ἦν
2436 1370 2503 1425 ἂν
2535 1369 2694 1424 τοῦτο
2736 1368 2867 1439 περὶ
2906 1367 3007 1437 τῆς
3049 1366 3159 1420 τῶν
3209 1364 3421 1434 νεκρῶν
3449 1362 3793 1424 ἀναστάσεως

2220 1461 2500 1532 λέγεσθαι,
2528 1460 2605 1525 ὡς
2651 1461 2746 1513 ἐπὶ
2788 1459 2887 1531 τὴν
2918 1460 3023 1530 γῆν
3072 1455 3541 1526 ἀποστελλομένου
3582 1453 3680 1508 τοῦ
3714 1456 3794 1509 ἀν-

2223 1553 2501 1625 θρωπίνου
2534 1550 2868 1622 πνεύματος,
2906 1549 3049 1603 ὥστε
3088 1546 3541 1617 ἀνακαινισθῆναι
3581 1544 3683 1616 τὴν
3704 1545 3791 1598 ἀν-

2223 1642 2570 1716 θρωπότητα,
2593 1643 2642 1695 εί
2674 1640 2749 1712 μὴ
2771 1639 2831 1693 τὸ
2860 1638 3106 1708 Πνεῦμά
3138 1654 3255 1692 σου
3278 1639 3307 1690 ὁ
3331 1638 3633 1708 Προφήτης
3655 1632 3786 1701 εἰπε,

2225 1728 2413 1802 σαφῶς
2445 1730 2504 1784 τὸ
2542 1729 2637 1784 τοῦ
2685 1728 2822 1783 Θεοῦ
2852 1726 3080 1799 Πνεῦμα
3102 1727 3163 1781 τδ
3192 1726 3349 1796 ἅγιον
3391 1726 3590 1799 δηλῶν·
3619 1718 3682 1780 οὗ
3731 1730 3790 1796 τῇ

2223 1820 2495 1893 ἀποστολῇ
2529 1824 2681 1876 πᾶσα
2705 1823 2739 1892 ή
2776 1820 2869 1890 γῆ,
2907 1819 3156 1872 τουτέστι
3189 1820 3370 1873 πάντα
3413 1818 3484 1872 τά
3530 1816 3660 1888 ἔθνη
3710 1819 3790 1870 ὲκ·

547 1885 877 1962 dicationem
931 1903 1323 1973 apostolorum.
1380 1899 1516 1954 Nam
1570 1901 1627 1954 in
1682 1916 1886 1954 omnem
1924 1909 2123 1952 terram

2235 1915 2403 1984 τίσθη,
2440 1885 2538 1968 καὶ
2571 1885 2878 1982 ἐκαινίσθησ
2910 1910 3000 1966 διά
3021 1910 3115 1964 τοῦ
3144 1911 3507 1981 κηρύγματος
3536 1885 3791 1964 τῶν-ἀπο-

549 1997 708 2052 exivit
750 2010 908 2049 sonus
949 2009 1152 2058 eorum,
1216 2001 1264 2047 et
1326 1992 1382 2045 in
1442 1991 1571 2060 ﬁnes
1628 2000 1782 2045 terra:
1829 1989 1983 2045 verba
2031 2005 2122 2044 eo-

550 2101 667 2138 rum
707 2084 772 2135 ".
885 2130 891 2135 .

621 2281 782 2339 Vsus.
814 2282 905 2339 32.
942 2300 961 2335 ι
998 2280 1102 2348 Qui
1123 2279 1344 2351 respicit
1375 2292 1542 2348 super
1568 2285 1790 2331 terram.
1831 2291 1850 2326 ι

622 2375 796 2433 Tanta
847 2375 994 2431 enim
1033 2374 1213 2430 virtus
1262 2369 1574 2428 Conditoris
1607 2378 1714 2430 est,
1756 2376 1820 2421 ut
1850 2364 1935 2420 vel
1976 2363 2125 2419 solus

551 2465 672 2535 ejus
702 2474 957 2536 aspectus
1010 2464 1143 2520 satis
1172 2463 1242 2518 sit
1292 2462 1359 2516 ad
1392 2470 1614 2526 terram,
1650 2471 1772 2528 quae
1802 2456 2125 2511 inconcussa

554 2558 786 2620 videtur,
803 2555 1246 2612 concutiendam.

624 2648 786 2703 Vens.
818 2648 909 2703 33.
947 2666 966 2700 ι
996 2647 1240 2703 Cantabo
1267 2644 1496 2699 Domino
1530 2642 1586 2697 in
1612 2639 1724 2697 vita
1744 2653 1887 2695 mea.
1927 2657 1947 2691 ι

621 2737 954 2792 Promissum
1001 2737 1206 2791 bonum
1268 2743 1325 2789 et
1380 2733 1548 2787 vitam
1582 2740 1842 2786 aeternam
1879 2727 2127 2799 implenti

551 2826 822 2892 tribuens,
843 2826 1050 2882 scilicet
1074 2841 1174 2897 pro
1198 2824 1433 2896 quadam
1458 2823 1584 2879 vitae
1612 2830 1759 2877 meta
1786 2818 1882 2875 Dei
1911 2819 2127 2874 laudem

554 2932 780 2988 ponere.
838 2916 985 2972 Talis
1035 2917 1182 2972 enim
1222 2916 1294 2971 ad
1348 2915 1667 2987 angelorum
1710 2911 1963 2968 ordinem
1996 2925 2129 2966 con-

554 3011 788 3071 scendit.

625 3103 787 3159 Vens.
818 3101 908 3157 34.
943 3120 962 3154 ι
993 3098 1303 3157 Iucundum
1352 3099 1424 3153 sit
1464 3098 1514 3153 ei
1544 3095 1822 3166 eloquium
1856 3111 2061 3151 meum.
2103 3114 2123 3148 ι

623 3194 762 3249 Cum
800 3192 946 3247 enim
976 3191 1089 3246 Deo
1115 3190 1392 3246 orationes
1420 3195 1623 3244 nostra:
1646 3188 1970 3259 placuerint,
2000 3196 2131 3241 tunc

2225 2004 2451 2071 στόλων,
2476 2002 2724 2075 εὔδηλον.
2750 2005 2853 2067 Είς
2881 1998 3090 2056 πᾶσαν
3116 1999 3225 2071 γὰρ
3254 1998 3519 2070 τὴντῆν
3546 1997 3791 2066 ἐξῆλθεν

2224 2098 2259 2150 ὁ
2284 2095 2546 2163 φθόγγος
2573 2091 2793 2157 αὐτῶν,
2838 2090 2939 2145 καί
2977 2091 3066 2157 είς
3096 2089 3169 2144 τὰ
3200 2089 3428 2159 πέρατα
3463 2089 3570 2159 τῆς
3603 2092 3785 2145 οἰκον-

2222 2185 2410 2257 μένης
2430 2183 2501 2238 τὰ
2512 2182 2751 2253 ῥήματα
2774 2181 2993 2238 αὐτῶν.

2300 2295 2319 2328 ι
2370 2276 2428 2329 Ὀ
2457 2274 2772 2329 ἐπιϐλέπων
2798 2274 2892 2327 ἐπὶ
2915 2274 3038 2345 γῆν.
3078 2291 3097 2325 ι

2294 2362 2545 2436 Τοσαύτη
2609 2363 2719 2434 γὰρ
2747 2365 2783 2436 η
2809 2363 2906 2417 τοῦ
2943 2360 3295 2434 Δημιουργοῦ
3338 2361 3587 2433 δύναμις.
3615 2362 3783 2415 ἱκανὸν

2225 2455 2391 2511 αὑτοῦ
2413 2456 2508 2510 καὶ
2537 2456 2599 2509 τὸ
2641 2454 2861 2527 βλέμμα
2897 2448 3063 2521 εἶναι,
3102 2453 3367 2508 σαλεῦσαι
3409 2453 3509 2526 τὴν
3537 2452 3780 2507 δοκοῦσαν

2225 2547 2546 2603 ἀσάλευτον.

2302 2659 2321 2691 ι
2356 2639 2507 2711 ¹’ᾼσω
2531 2636 2610 2708 τῷ
2640 2636 2829 2709 Κυρίῳ
2853 2636 2913 2690 ὲν
2945 2638 3011 2708 τῇ
3055 2635 3166 2708 ζωῇ
3192 2653 3317 2707 μου.
3354 2654 3375 2687 ι

2307 2730 2633 2801 Ὑπόσχεσις
2662 2728 2841 2799 ἀγαθὴ
2866 2730 2961 2783 καὶ
2991 2729 3138 2801 ζωὴν
3162 2728 3381 2783 αίώνιον
3401 2728 3480 2801 τῷ
3509 2726 3775 2800 πληροῦντι

2227 2823 2560 2895 παρέχουσα,
2590 2822 2716 2894 ὅρον
2745 2821 2842 2876 τοῦ
2876 2820 2993 2891 βίου
3032 2822 3155 2876 τινὰ
3180 2822 3280 2895 τὴν
3309 2821 3407 2876 τοῦ
3435 2821 3564 2875 Θεοῦ
3586 2820 3773 2886 605610-

2227 2918 2357 2987 γίαν
2402 2916 2668 2973 τίθεσθαι.
2720 2917 2815 2979 Εἰς
2844 2917 3094 2987 ἀγγέλων
3148 2917 3259 2989 γὰρ
3295 2916 3449 2984 τάξιν
3487 2917 3517 2970 ὀ
3560 2915 3771 2979 τοιοῦτος

2228 3009 2539 3081 ἀνέρχεται.

2307 3120 2326 3155 ι
2372 3100 2658 3172 Ἡδυνθείη
2685 3101 2896 3174 αύτῷή
2930 3101 3154 3173 διαλογή
3192 3118 3318 3173 μου.
3361 3119 3381 3154 ι

2315 3192 2442 3247 Ἑάν
2471 3193 2580 3264 γὰρ
2620 3195 2650 3247 ὁ
2695 3192 2829 3258 Θεὸς
2876 3194 2973 3248 ἐπὶ
3023 3193 3463 3264 ταῖςήμετέραις
3490 3192 3673 3264 ἀρεσθῇ
3692 3190 3768 3245 λέ·

556 3287 720 3342 ctiam
769 3300 873 3341 nos
918 3284 1112 3340 merito
1161 3282 1216 3337 in
1264 3282 1384 3353 ipso
1431 3282 1713 3348 laatamur;
1761 3281 1888 3353 quia
1931 3279 2126 3352 partim

2235 3278 2370 3348 ξεσι,
2403 3282 2523 3336 τότε
2556 3282 2651 3336 καὶ
2666 3283 2829 3353 ἡμεῖς
2857 3282 3084 3346 εἰκότως
3106 3281 3193 3336 ἐπ’
3215 3281 3364 3352 αὐτῷ
3381 3280 3763 3353 εὐφραινόμεθα.

544 3379 774 3450 quidem
811 3378 955 3433 bona
984 3376 1052 3431 ab
1081 3376 1200 3445 ipso
1240 3373 1573 3445 accepimus,
1617 3373 1813 3443 partim
1852 3371 2016 3427 etiam
2039 3386 2131 3425 ex-

555 3478 895 3541 spectamus;
913 3476 1074 3538 atque
1096 3465 1250 3530 illud,
1272 3465 1505 3523 Gaudete
1524 3466 1579 3519 in
1607 3462 1832 3517 Domino
1846 3478 2048 3533 semper
2061 3463 2130 3528 ε’.

556 3560 782 3631 implere
803 3573 1116 3631 possumus.

626 3649 793 3705 Vens.
834 3651 922 3704 35.
962 3668 980 3702 ι
1018 3647 1283 3703 Deficiant
1311 3654 1629 3717 peccatores
1657 3660 1688 3700 a
1730 3654 1895 3701 terra.
1929 3662 1948 3694 ι

629 3742 903 3799 Ρι-οωωίο
924 3741 1088 3796 finem
1119 3737 1534 3794 convenientem
1573 3737 1850 3806 imposuit.
1899 3734 2133 3791 Decebat

556 3838 706 3895 enim
746 3844 805 3890 ut
825 3833 917 3904 qui
947 3833 1015 3888 de
1038 3831 1206 3886 tantis
1231 3830 1501 3901 mysteriis
1524 3830 1691 3886 verba
1716 3829 1958 3884 facturus
1991 3836 2128 3894 erat,

558 3928 885 4001 principium
928 3935 984 3980 et
1020 3923 1184 3979 finem
1232 3921 1502 3977 sermonis
1526 3931 1793 3977 statueret
1843 3921 1937 3977 Dei
1966 3921 2133 3976 bene-

558 4019 873 4087 dictionem,
906 4016 993 4072 cui
1054 4015 1219 4070 etiam
1244 4028 1346 4069 nos
1409 4012 1700 4084 diligenter
1756 4011 2128 4068 attendamus.

558 4109 792 4165 Assidua
830 4107 977 4163 enim
1026 4105 1122 4163 Dei
1159 4104 1468 4162 benedictio
1498 4104 1663 4160 vitam
1699 4113 1936 4160 nostram
1981 4112 2131 4159 recte

557 4200 816 4274 disponit.
1936 4194 1939 4197 '

1082 4286 1406 4344 PSALMUS
1435 4286 1571 4343 CIV.

630 4382 790 4442 Vens,
819 4382 874 4437 l.
902 4402 920 4435 ι
945 4380 1298 4439 Confltemini
1324 4379 1581 4435 Domino.
1613 4398 1633 4433 ι

627 4472 747 4528 Non
777 4472 979 4528 frustra
1006 4472 1241 4543 primum
1267 4470 1515 4526 confiteri
1560 4484 1625 4525 ac
1655 4468 1854 4526 deinde
1873 4468 2130 4525 invocare

2233 3372 2415 3442 ἀγαθά
2462 3373 2594 3444 παρ’
2629 3372 2795 3427 αὑτοῦ
2824 3372 2893 3427 τά
2935 3372 3034 3444 μὲν
3058 3373 3162 3445 ἤδη
3190 3372 3575 3444 λαμϐάνοντες,
3621 3373 3680 3425 τά
3717 3371 3765 3423 δὲ

2231 3463 2677 3533 προσδεχόμενοι·
2710 3464 2806 3517 καὶ⁵
2825 3462 2907 3528 τὸ,
2927 3463 3170 3532 Χαίρετε
3203 3464 3275 3519 ἐν
3300 3464 3497 3534 Κυρίῳ
3524 3463 3761 3527 πάντοτε,

2232 3554 2629 3625 ἀποπληρῶσαι
2661 3555 2959 3628 δυνάμεθα.

2308 3664 2328 3698 ‹
2369 3645 2706 3700 Ἐκλείποιεν
2732 3646 3047 3719 ἁμαρτωλοὶ
3079 3646 3188 3702 ἀπὸ
3205 3647 3305 3719 τῆς
3339 3649 3462 3718 γῆς.
3502 3666 3522 3701 ι

2315 3737 2520 3801 Ἐοικὺς
2543 3738 2622 3811 τῷ
2638 3739 2911 3810 προοιμίῳ
2931 3739 3101 3794 καὶτὸ
3127 3739 3279 3804 τέλος
3303 3741 3588 3811 ἐπέθηκεν.
3602 3738 3763 3809 Ἐχρῆν

2232 3827 2342 3900 γάρ
2380 3829 2513 3900 περὶ
2557 3828 2898 3899 τηλικούτων
2933 3832 3251 3903 μυστηρίων
3292 3832 3594 3903 ἐνθέμενον,
3620 3832 3760 3901 ἀρχὴν

2232 3921 2327 3973 καὶ
2364 3920 2518 3983 τέλος
2546 3921 2641 3974 τοῦ
2676 3920 2835 3991 λόγου
2881 3923 2982 3994 τὴν
3023 3924 3103 3987 είς
3133 3922 3266 3977 Θεὸν
3304 3923 3551 3991 εὐλογίαν
3575 3924 3762 3991 ποιήσα-

2234 4011 2377 4075 σθαι,
2407 4006 2475 4082 ἦς
2519 4012 2615 4066 καὶ
2635 4012 2795 4083 ἡμεῖς
2829 4013 2969 4084 μετά
2992 4012 3234 4084 σπουδῆς
3271 4012 3547 4084 ἐχώμεθα.
3568 4011 3760 4078 eum

2231 4103 2340 4175 γὰρ
2376 4104 2512 4159 Θεοῦ
2536 4106 2788 4179 διηνεκὴς
2821 4109 2902 4171 εἰς
2923 4107 3158 4172 εύζωϊαν
3183 4107 3441 4179 ῥυθμίζει
3460 4108 3549 4162 τὸν
3574 4106 3672 4179 βίον
3690 4106 3761 4158 τὸν

2230 4199 2263 4267 ή
2273 4197 2400 4268 μέτε
2407 4213 2520 4269 ρον.

2793 4288 3087 4343 ΨΑΛΜΟΣ
3118 4289 3242 4346 ΡΔ’.

2309 4398 2329 4432 ι
2369 4380 2814 4451 Ἐξομολογεῖσθε
2842 4381 2922 4453 τῷ
2962 4381 3177 4453 Κυρίῳ.
3215 4400 3235 4434 ι

2301 4471 2377 4525 Ού
2428 4472 2606 4544 μάτην
2654 4472 3098 4544 ἐξομολογεῖσθαι
3129 4473 3419 4546 πρότερον,
3448 4475 3540 4529 καί⁸
3556 4474 3761 4543 δεύτερον

552 4566 742 4636 jubet;
774 4564 871 4621 sed
918 4574 979 4619 ut
1006 4578 1102 4635 per
1139 4561 1541 4618 confessionem
1578 4576 1609 4616 a
1637 4561 1874 4632 peccatis
1927 4560 2126 4616 nostris

2235 4562 2606 4618 ἐπικαλεῖσθαι
2667 4564 2941 4634 ﬂatile-tat“
3000 4565 3119 4619 ἀλλ’
3172 4566 3259 4619 ίνα
3315 4567 3655 4658 καθαροὶδδιά
3682 4565 3760 4633 τῆς

556 4632 858 4720 cmundati,
930 4632 1024 4707 εκ-
1076 4661 1266 4707 sancto
1345 4649 1547 4721 templo
1615 4664 1861 4720 puroque
1923 4663 2126 4722 organo

2235 4632 2678 4727 ἱξομολογήσεως
2715 4655 2827 4709 τῶν
2872 4656 3163 4726 ἡμετέρων
3205 4632 3617 4729 ἁμαρτημάτων
3640 4632 3759 4726 γενύ-

557 4745 817 4816 hymnum
840 4742 1154 4798 afferamus.

630 4940 650 4976 ι
679 4920 1018 4979 Αιιηυηιίοιε
1042 4919 1188 4977 inter
1224 4927 1431 4991 gentes.
1471 4935 1491 4970 ι

624 5014 800 5080 Quam
827 5014 898 5069 ob
926 5012 1183 5068 causam?
1222 5012 1348 5082 quia
1392 5008 1651 5065 nimirum
1686 5009 1887 5081 populo
1914 5009 2129 5066 Judan-

553 5120 676 5160 rum
742 5104 1091 5176 immorigero
1140 5114 1197 5159 et
1252 5103 1590 5159 inobedienti
1656 5103 2000 5159 annuntiatio
2039 5104 2129 5158 illa

553 5194 812 5265 prodesse
849 5209 959 5248 non
995 5202 1229 5264 poterat.
1271 5193 1459 5265 Itaque
1505 5192 1779 5264 Propheta
1824 5194 1913 5250 hic
1952 5194 2127 5249 mani-

554 5285 693 5340 feste
725 5283 973 5355 prmdicit
1020 5284 1155 5356 legis
1186 5300 1251 5340 ac
1302 5286 1697 5357 prophetarum
1726 5286 2017 5341 transitum
2061 5286 2128 5341 ad

553 5386 764 5449 gentes.

624 5464 790 5521 Vens.
821 5464 877 5521 3.
910 5483 930 5517 ι
986 5462 1225 5519 Laetetur
1250 5478 1346 5519 cor
1373 5465 1734 5534 quaerentium
1779 5466 2119 5523 Dominum.»

624 5553 750 5609 Vult
787 5569 913 5610 eum
936 5553 1030 5624 qui
1068 5552 1360 5609 Dominum
1385 5554 1579 5623 quaerit
1614 5554 1985 5613 fortitudinem
2007 5560 2124 5615 ani-

2238 4763 2411 4817 μενοι,
2430 4746 2489 4811 ἐξ
2521 4746 2682 4816 ἁγίου
2710 4745 2841 4801 ναοῦ
2870 4748 2967 4802 καὶ
2998 4746 3232 4819 ὀργάνου
3255 4747 3500 4817 καθαροῦ
3519 4750 3604 4804 τὸν
3628 4748 3759 4819 ὕμνον

2236 4839 2715 4909 προσενέγκωμεν.

2314 4947 2334 4980 ι
2389 4914 2789 4996 Ἀπαγγείλατε
2815 4928 2875 4982 ὲν
2907 4931 3021 4994 τοῖς
3051 4929 3250 4986 ἔθνεσι.
3286 4949 3307 4983 ι

2303 5019 2462 5084 Τίνος
2506 5020 2705 5091 χάριν;
2747 5022 2937 5094 ἐπειδὴ
2969 5022 3062 5076 τὸν
3116 5022 3390 5078 Ἰουδαίων
3418 5024 3543 5079 λαὸν
3572 5023 3758 5092 ἀνήκων

2232 5109 2364 5164 ὄντα
2391 5111 2488 5164 καὶ
2530 5110 2733 5183 ἀπειθῆ
2784 5112 2819 5183 ή
2868 5113 3177 5182 ἐπαγγελία
3232 5114 3465 5184 ὠφελεῖν
3515 5117 3608 5169 ούκ
3658 5112 3756 5182 136-3-

2234 5218 2385 5256 νατο.
2438 5202 2601 5257 Ὥστε
2656 5204 2842 5274 σαφῶς
2887 5205 2917 5258 ὁ
2977 5207 3273 5279 Προφήτης
3317 5208 3663 5279 προαγορεύει
3683 5205 3756 5275 τὴν

2233 5290 2330 5346 τοῦ
2360 5284 2527 5364 νόμου
2576 5294 2677 5349 καὶ⁸
2718 5295 2829 5351 τῶν
2880 5297 3177 5369 προφητῶν
3232 5300 3313 5362 εἱς
3363 5302 3433 5355 τὰ
3480 5299 3601 5370 ἔθνη
3629 5297 3757 5369 μετά-

2234 5382 2411 5438 ϐασιν.

2309 5494 2327 5527 ι
2355 5474 2724 5548 Εὐφρανθήτω
2752 5477 2947 5549 καρδία
2969 5478 3273 5549 ζητούντων
3300 5482 3394 5533 τὸν
3420 5481 3633 5553 Κύριον.
3662 5498 3677 5530 ι

2316 5569 2493 5639 ’ἰσχὺν
2520 5570 2815 5625 ἀναλαϐεῖν
2860 5574 2926 5643 τῇ
2962 5572 3108 5645 ψυχῇ
3134 5577 3202 5646 τῇ
3227 5575 3336 5629 τῶν
3367 5577 3565 5647 ήδονῶν
3594 5577 3756 5643 ἐγκρα-

553 5645 627 5699 mi
659 5660 936 5701 assumere
964 5660 1062 5715 per
1087 5644 1481 5702 continentiam
1510 5644 1874 5719 voluptatum.
1905 5649 2121 5708 Faciem

2235 5656 2353 5729 τείᾳ
2377 5656 2629 5729 βούλεται
2665 5659 2859 5715 τοῦτον
2890 5660 3041 5725 ὅστις
3077 5644 3234 5733 ζητεῖ
3261 5661 3351 5717 τὸν
3374 5644 3593 5736 Κύριον.
3622 5658 3755 5729 11966-

631 5852 676 5884 ⁸⁸
698 5852 839 5907 Psal.
881 5868 1028 5919 svnt,
1060 5852 1111 5907 5.
1188 5854 1231 5887 ⁸⁷
1264 5851 1404 5907 Phil.
1443 5857 1589 5919 tv,4.
