3962 6416
215 343 366 412 1293

1363 348 1821 412 FRAGMENTA
1869 347 1952 408 IN
2006 349 2364 412 PSALMOS.

3363 360 3498 424 1294

211 482 377 517 ωπον
409 464 500 530 δὲ,
531 465 595 518 οὐ
629 464 690 519 τὸ
722 464 825 534 τῆς
843 465 1035 529 οὐσίας
1084 463 1233 534 λέγει
1257 463 1440 532 (τοῦτο
1481 466 1591 533 γὰρ
1624 462 1800 523 οὐδεὶς

1932 469 2085 517 .utem
2117 479 2228 518 non
2265 463 2590 523 substantia:
2619 467 2752 524 dicit
2785 469 2952 542 (hanc
2973 471 3122 526 enim
3150 487 3314 530 nemo
3343 475 3498 530 vide-

209 555 442 624 ὅψεται,
461 557 596 626 φησι
621 558 756 628 πρὸς
793 557 1020 621 Μωσέα,
1047 558 1142 611 καὶ
1174 555 1450 627 ζήσεται),
1478 555 1616 610 ἀλλὰ
1645 555 1814 625 πρόσο

213 665 379 702 ωπον
411 649 507 702 τοῦ
541 649 676 702 Θεοῦ
713 651 748 720 η
787 651 867 712 είς
906 649 1070 702 αὑτὸν
1094 649 1320 717 γνῶσις.

305 759 323 791 ι
347 741 521 804 Αὐτὸς
549 741 752 811 Κύριος
779 743 806 794 6
831 741 966 805 Θεὸς
1004 742 1183 812 ήμῶν.
1223 759 1242 794 ι

298 831 412 883 Καὶ
443 830 550 902 μὴν
579 834 659 894 είς
687 832 787 903 τὴν
829 832 1095 886 Ἰουδαίαν
1120 832 1296 896 δοθεὶς
1330 833 1359 885 6
1386 832 1550 902 νόμος
1578 830 1814 902 ἐτύγχα-

216 938 341 974 νεν’
391 921 504 974 ἀλλ’
547 922 737 992 ἐπειδὴ
771 923 880 975 τῶν
915 923 1088 976 ἐθνῶν
1117 922 1280 977 αὑτὸν
1319 923 1705 992 λαμϐανόντων
1732 923 1812 986 είς

216 1014 355 1084 ὅλην
379 1013 676 1067 διαϐαίνειν
705 1015 805 1083 τὴν
838 1014 1163 1084 οἰκουμένην
1188 1012 1405 1084 ἔμελλεο
1437 1012 1500 1065 τὸ
1520 1012 1812 1082 γενόμενον

215 1106 250 1156 6
303 1107 600 1177 Προφήτης
651 1107 974 1166 αἰνίττεται,
1033 1105 1130 1158 καὶ
1171 1105 1466 1168 δείκνυσιν,
1513 1105 1591 1167 ῶς
1647 1103 1811 1166 αὐτὸς

217 1196 384 1260 Θεὸς,
418 1199 447 1250 6
490 1197 612 1250 τότε
662 1198 796 1268 μόνῃ
854 1200 920 1266 τῇ
952 1195 1181 1268 Ἰουδαίᾳ
1229 1198 1319 1251 τὸν
1364 1197 1530 1266 νόμον
1567 1196 1814 1258 καὶτοὺς

220 1291 518 1359 προφήτας
546 1287 818 1352 δεδωκὼς,
866 1291 946 1352 είς
990 1290 1176 1342 πᾶσαν
1215 1290 1414 1351 αὐτοὺς
1437 1287 1667 1358 ὕστερον
1714 1287 1814 1359 τὴν

218 1379 331 1448 γῆν
369 1379 740 1449 ἐφανέρωσεν.
1349 1361 1364 1372 ’

305 1490 325 1521 ι
378 1472 654 1541 Ἐμνήσθη
691 1473 772 1535 είς
803 1471 896 1524 τὸν
917 1471 1089 1524 αίῶνα
1119 1471 1408 1541 διαθήκης.
1459 1491 1478 1525 s

297 1564 482 1616 Αίῶνα
533 1563 632 1633 μὲν
675 1565 771 1617 καὶ
823 1564 998 1634 χιλίας
1040 1562 1236 1632 γενεὰς
1272 1563 1364 1616 τὸν
1396 1563 1644 1634 παρόντα
1701 1562 1812 1632 βίον

218 1655 398 1723 λέγει·
431 1655 492 1707 οὐ
522 1655 699 1724 χιλίας
743 1656 962 1718 πάντως
990 1656 1187 1722 γενεάς
1231 1653 1663 1725 ἀριθμούμενος,
1694 1653 1812 1708 ἀλλ’

221 1745 354 1804 ἔθος
380 1747 448 1814 τῇ
477 1744 597 1812 θείᾳ
620 1746 806 1814 Γραφῇ
839 1745 930 1797 τὸν
958 1745 1065 1797 τῶν
1103 1745 1292 1814 χιλίων
1325 1744 1560 1816 ἀριθμὸν
1593 1746 1685 1798 ἐπὶ
1714 1745 1806 1800 τοῦ

222 1831 474 1903 πλήθους
522 1832 851 1902 ἐκδέχεσθαιο
889 1833 964 1896 ὠς
987 1835 1116 1886 ὅταν
1167 1835 1375 1905 Πέτρος
1403 1834 1557 1906 λέγῃ·
1600 1835 1808 1905 Ἡμέρα

215 1925 336 1991 μία
365 1924 524 1992 παρὰ
559 1923 780 1992 Κυρίου
795 1924 876 1987 ὡς
903 1925 1072 1991 χίλια
1099 1925 1226 1992 ἐτη.
1253 1926 1364 1978 Καὶ
1397 1925 1562 1979 πάλιν
1591 1926 1806 1998 Δανιήλ-

223 2016 429 2068 Χίλιαι
482 2013 752 2082 χιλιάδες
811 2015 1233 2083 ἐλειτούργουν
1293 2014 1475 2080 αὐτῷ.
1535 2018 1812 2088 Διαθήκην

221 2105 284 2158 δὲ
340 2104 580 2158 ἐνταῦθα
627 2105 726 2175 τὴν
773 2105 1023 2159 Παλαιὰν
1087 2105 1365 2173 ἐννόησον,
1426 2106 1520 2160 καὶ
1565 2108 1722 2178 λόγον
1753 2108 1811 2162 ὃν

223 2198 286 2250 ἐν
320 2197 460 2266 αὐτῇ
493 2197 620 2265 περὶ
646 2195 776 2260 τοὺς
800 2195 1154 2266 πατριάρχας
1184 2194 1492 2266 ἐξεϐόησεν.

309 2397 328 2429 ι
372 2380 468 2431 ’ον
495 2377 700 2430 διέθετο
719 2375 797 2446 τῷ
847 2376 1116 2445 Ἀϐραάμ.
1155 2395 1172 2426 ι

305 2470 501 2533 Ἀλλος
546 2469 731 2540 φησίν·
785 2470 895 2522 ‘Or
955 2468 1325 2521 συνετέλεσε
1375 2467 1527 2535 μετὰ
1568 2465 1674 2520 τοῦ
1732 2467 1812 2520 ’A-

226 2560 446 2630 ϐραάμ.

308 2669 329 2703 ι
376 2652 488 2704 Καὶ
507 2650 722 2722 διῆλθον
749 2649 810 2716 ἐξ
847 2649 1032 2714 ἔθνους
1048 2650 1129 2712 είς
1154 2648 1326 2713 ἔθνος.
1363 2668 1382 2703 ι

306 2830 491 2887 Πολλά
562 2829 670 2901 γὰρ
739 2829 866 2898 ἔθνη
926 2827 1216 2898 μετῆλθον,
1302 2828 1496 2901 μέχρις
1567 2829 1656 2882 ὅτε
1713 2829 1812 2898 τῆς

228 2923 669 2991 ἐπαγγελθείσης
728 2921 913 2982 αὐτοῖς
949 2922 1053 2990 γῆς
1097 2920 1190 2973 τὸν
1244 2919 1446 2989 κλῆρον
1478 2920 1805 2990 παρέλαϐον.

311 3034 332 3068 ι
371 3015 487 3069 Οὐκ
507 3013 720 3082 ἀφῆκεν
746 3012 1033 3082 ἄνθρωπον
1063 3011 1319 3082 ἀδικῆσαι
1350 3013 1567 3073 αὐτούς.
1607 3031 1625 3062 ι

317 3109 497 3178 Ἐρεῖς
545 3103 710 3158 ταυτδ
753 3104 846 3158 καὶ
890 3103 1021 3174 περὶ
1077 3102 1172 3156 τοῦ
1208 3104 1415 3157 Λάϐανο
1471 3103 1646 3174 τούτῳ
1697 3103 1805 3174 γὰρ

1983 3102 2132 3156 ldem
2192 3103 2340 3158 dices
2392 3103 2555 3157 etiam
2612 3103 2681 3158 de
2735 3105 2918 3160 Laban

229 3202 295 3254 οὗ
353 3197 699 3269 συνεχώρησε
755 3195 847 3250 τὸν
915 3194 1115 3250 Ἰακὼϐ
1165 3196 1444 3266 ἀδικῆσαι,
1490 3193 1585 3248 καὶ
1634 3193 1808 3248 ταῦτα

232 3289 569 3360 βουλομένῳ.

309 3401 330 3435 ι
369 3383 460 3452 Μὴ
489 3380 726 3435 ἅπτεσθε
754 3379 863 3433 τῶν
895 3378 1133 3450 χριστῶν
1170 3397 1290 3449 μου.
1317 3397 1336 3431 ι

303 3472 534 3545 Χριστοὶ
580 3471 637 3525 δὲ
667 3472 716 3523 οἱ
749 3470 1112 3541 πατριάρχαι,
1137 3471 1235 3524 οὐκ
1269 3470 1434 3540 ἐλαίῳ
1465 3468 1805 3540 χρισθέντες,

231 3566 373 3621 ἀλλὰ
399 3568 466 3635 τῇ
499 3563 758 3635 μετουσίᾳ
805 3561 900 3614 τοῦ
937 3563 1273 3637 Πνεύματος·
1307 3563 1400 3630 ἀφ’
1431 3557 1498 3633 ἧς
1535 3561 1628 3614 καὶ
1675 3578 1810 3630 προ-

233 3660 406 3729 φῆται
463 3656 736 3724 ἐλέγοντο.
789 3655 1062 3724 ’Λκήκοας
1105 3655 1214 3726 γὰρ
1249 3655 1396 3717 ὅπως
1421 3654 1512 3706 τὸν
1556 3652 1807 3724 Ἀϐραὰμ

229 3752 261 3803 6
293 3749 430 3813 Θεὸς
481 3749 540 3800 ὲν
573 3749 691 3810 τοῖς
746 3744 884 3816 πρὸς
943 3744 1238 3816 Ἀϐιμέλεχ
1286 3745 1463 3814 λόγοις
1519 3745 1808 3815 ποοφήτην

231 3840 695 3913 προσηγόρευσεν.

311 3951 332 3985 ι
373 3934 489 3986 Πᾶν
523 3931 800 4002 στήριγμα
828 3932 996 4002 ἄρτου
1021 3927 1361 3998 συνέτριψεν.
1398 3945 1418 3979 s

307 4111 597 4174 Τουτέστι,
622 4109 809 4162 Πᾶσαν
831 4105 1132 4159 ὑπόστασιν
1157 4105 1365 4175 τροφῆς
1397 4100 1748 4171 συντριϐῆναι
1779 4100 1808 4152 6

234 4204 536 4276 Προφήτης
601 4199 905 4270 ἱστόρησεν.
958 4197 1187 4266 Ἕτερος
1265 4194 1610 4266 ἑρμηνευτής
1674 4208 1806 4262 φησι

228 4295 592 4362 βακτηρίαν,
629 4290 909 4343 τουτέστιν
931 4288 1132 4356 ἰσχύν.

310 4405 328 4438 ι
380 4381 801 4448 Ἐξαπέστειλεν
825 4375 1133 4447 ἔμπροσθεν
1163 4377 1342 4430 αὐτῶν
1367 4376 1673 4448 ἄνθρωπον.
1715 4395 1733 4429 ι

1916 553 2016 620 bit,
2043 554 2217 625 inquit
2249 557 2316 612 ad
2353 555 2615 630 Moysem,
2643 571 2699 618 et
2734 562 2939 631 vivet);
2969 565 3066 620 sed
3095 564 3264 622 facies
3293 565 3388 622 Dei
3415 577 3498 624 est

1915 647 2036 717 ejus
2061 649 2324 716 cognitio.

1987 737 2148 793 Vens.
2177 741 2228 795 7.
2260 760 2278 792 ι
2317 741 2437 812 Ipse
2465 742 2733 800 Dominus
2764 745 2908 802 Deus
2935 759 3145 805 noster.
3193 769 3211 802 ι

1990 827 2202 886 Etenim
2248 849 2346 902 pro
2381 833 2567 890 Judaea
2607 837 2733 892 data
2763 847 2882 896 erat
2920 841 3006 896 lex
3055 859 3068 895 :
3100 843 3194 896 sed
3235 843 3493 913 quoniam

1915 921 2167 990 gentibus
2195 923 2342 980 illam
2376 928 2801 998 suscipientibus
2858 933 2911 986 in
2949 935 3264 990 universum
3306 937 3494 991 orbem

1917 1015 2215 1072 transitura
2238 1028 2356 1073 erat
2389 1037 2402 1074 :
2438 1021 2490 1075 id
2520 1023 2665 1091 quod
2709 1022 2911 1078 factum
2945 1035 3030 1080 est
3058 1024 3328 1098 Propheta
3361 1029 3497 1084 insi-

1915 1112 2068 1167 nuat,
2127 1117 2183 1161 et
2237 1110 2496 1177 ostendit,
2527 1112 2802 1180 quomodo
2856 1113 2998 1169 idem
3051 1115 3216 1182 Deus,
3262 1119 3353 1188 qui
3395 1119 3496 1174 soli

1913 1193 2116 1252 Judaate
2169 1199 2342 1270 legem
2393 1211 2450 1255 et
2512 1205 2805 1273 prophetas
2856 1207 3100 1274 dederat,
3146 1211 3494 1280 postmodum

1915 1283 2061 1354 ipsos
2095 1288 2149 1341 in
2179 1304 2399 1346 omnem
2440 1303 2639 1348 terram
2663 1296 3112 1355 manifestaverit.

1988 1458 2150 1516 Vens.
2175 1463 2228 1518 8.
2271 1482 2288 1516 ι
2322 1465 2531 1520 Memor
2563 1466 2666 1522 fuit
2700 1467 2756 1522 in
2796 1471 3053 1527 saeculum
3099 1477 3429 1532 testamenti.
3469 1498 3487 1530 ι

1985 1552 2256 1611 Saaculum
2283 1559 2506 1628 quidem
2556 1575 2619 1616 ac
2659 1562 2808 1616 mille
2829 1565 3209 1634 generationes
3256 1569 3494 1638 appellat

1915 1645 2082 1699 vitam
2111 1658 2438 1717 praesentem
2463 1667 2478 1715 ;
2501 1667 2613 1706 non
2640 1652 2783 1721 quod
2806 1653 2952 1706 mille
2981 1657 3359 1724 generationes
3386 1676 3488 1714 nu-

1917 1743 2107 1799 meret,
2161 1737 2258 1790 sed
2305 1738 2430 1807 quia
2487 1754 2606 1793 mos
2651 1748 2733 1794 est
2779 1739 3075 1809 Scriptum
3123 1744 3489 1802 millenarium

1920 1841 2207 1880 numerum
2240 1843 2339 1897 pro
2369 1829 2720 1885 multitudine
2748 1831 2996 1900 accipere
3024 1843 3119 1890 :ut
3145 1851 3270 1890 cum
3298 1837 3494 1894 Petrus

1915 1917 1990 1970 ait
2017 1932 2030 1967 :
2061 1917 2201 1972 Unus
2217 1919 2327 1973 dies
2360 1923 2502 1990 apud
2530 1921 2812 1975 Dominum
2840 1923 2973 1976 sicut
3003 1925 3146 1979 mille
3171 1929 3299 1981 anni
3330 1929 3395 1982 ".
3427 1929 3494 1985 Et

1914 2025 2104 2064 rursus
2168 2009 2396 2066 Daniel:
2441 2011 2614 2067 Millia
2673 2017 2900 2070 millium
2952 2018 3324 2073 ministrabant
3351 2023 3489 2075 ei".

1914 2101 2325 2158 Testamentum
2375 2114 2558 2160 autem
2609 2106 2714 2162 hoc
2773 2109 2892 2164 loco
2937 2119 3094 2164 vetus
3143 2110 3402 2182 intellige,
3437 2122 3492 2167 et

1916 2193 2143 2248 verbum
2211 2194 2356 2264 quod
2413 2195 2467 2248 in
2541 2210 2606 2250 eo
2661 2196 2728 2251 de
2779 2199 3106 2267 patriarchis
3166 2200 3489 2269 pronuntia-

1918 2283 2010 2337 \‘it.

1987 2376 2150 2430 Vens.
2179 2375 2231 2430 9.
2265 2395 2283 2427 ι
2328 2377 2482 2442 Quod
2506 2376 2773 2446 disposuit
2802 2378 2867 2432 ad
2895 2378 3190 2436 Abraham.
3225 2399 3246 2433 ι

1985 2468 2138 2523 Alius
2159 2468 2236 2524 ait
2272 2486 2286 2523 :
2319 2467 2469 2533 Quod
2499 2471 2875 2523 consummavit
2908 2487 3026 2524 cum
3055 2470 3348 2526 Abraham.

1983 2648 2150 2704 Vens.
2179 2647 2266 2703 l3.
2309 2667 2328 2701 ι
2362 2648 2430 2704 Et
2467 2650 2904 2720 pertransierunt
2929 2653 2995 2708 de
3028 2662 3190 2724 gente
3244 2653 3300 2708 in
3352 2669 3489 2727 gen-

1916 2747 2045 2792 tem.
2085 2757 2104 2788 ι

1979 2826 2174 2882 Multas
2197 2828 2341 2882 enim
2364 2838 2552 2899 gentes
2579 2841 2954 2901 peragrarunt,
2975 2832 3147 2889 donec
3173 2842 3330 2890 terra:
3353 2834 3488 2906 ipsis

1911 2920 2195 2990 promissae
2233 2918 2602 2973 lia-reditatem
2627 2922 2956 2991 acciperent.

1981 3011 2142 3064 Vens.
2172 3011 2257 3064 ll.
2304 3029 2322 3061 ι
2359 3010 2476 3064 Non
2504 3012 2749 3080 permisit
2788 3014 3063 3070 hominem
3097 3031 3296 3072 nocere
3325 3017 3426 3072 eis.
3458 3037 3479 3071 ο

2969 3123 2982 3159 :
3036 3122 3161 3160 nam
3213 3118 3268 3162 et
3325 3110 3482 3174 huic,

1910 3193 2257 3262 quantumvis
2282 3193 2506 3260 volenti,
2541 3195 2765 3250 minime
2797 3197 3047 3266 permisit
3075 3207 3131 3252 ut
3158 3197 3360 3256 Jacobo
3381 3216 3485 3258 no-

1910 3297 2078 3342 CBI'BI.

1980 3374 2142 3431 Vens.
2190 3374 2277 3429 15.
2316 3393 2332 3426 ι
2359 3375 2538 3431 Nolite
2583 3385 2803 3448 tangere
2834 3377 3069 3434 christos
3099 3395 3272 3435 meos.
3318 3400 3338 3433 ο

1981 3466 2182 3522 Christi
2228 3477 2410 3522 autem
2455 3479 2585 3523 sunt
2631 3472 2954 3539 patriarcha:
2994 3487 3103 3526 non
3143 3473 3264 3526 oleo
3309 3473 3480 3536 uncti,

1910 3559 2002 3614 sed
2051 3559 2467 3628 participatione
2517 3559 2751 3630 Spiritus
2784 3578 2797 3614 :
2842 3562 2984 3616 unde
3008 3563 3170 3617 etiam
3200 3563 3480 3633 propheta:

1909 3649 2264 3702 vocabantur.
2314 3648 2581 3703 Audivisti
2634 3650 2778 3703 enim
2821 3651 3094 3720 quomodo
3122 3652 3264 3706 Deus
3313 3651 3476 3707 etiam

1909 3740 2182 3796 Abraham
2207 3741 2261 3795 in
2287 3740 2401 3795 suis
2435 3742 2503 3796 ad
2533 3741 2942 3797 Abimelechum
2983 3743 3326 3798 sermonibus
3351 3758 3481 3812 pro-

1909 3833 2131 3904 phetam
2175 3833 2526 3903 appellaverit
2563 3833 2632 3888 ⁷⁸.

1980 3921 2258 3979 Vnns.lG.
2313 3941 2332 3976 ι
2383 3925 2451 3978 Ει
2501 3939 2665 3980 omne
2699 3923 3104 3981 ﬁrmamentum
3157 3927 3314 3998 panis
3347 3946 3483 3988 con-

1913 4013 2080 4069 trivit.
2120 4034 2138 4065 ι

1981 4104 2037 4158 ld
2068 4114 2173 4168 est,
2204 4104 2433 4160 Omnem
2461 4107 2567 4161 cibi
2602 4109 2962 4164 substantiam
2991 4111 3281 4165 contritam
3313 4112 3486 4170 fuisse

1909 4197 2184 4268 Propheta
2218 4199 2478 4254 narravit.
2518 4199 2672 4254 Alius
2707 4200 2976 4270 interpres
3004 4202 3081 4255 ait
3107 4201 3376 4270 baculum,
3427 4204 3484 4260 id

1909 4297 1994 4344 est
2022 4290 2198 4342 robur.

1911 4399 1916 4403 ~
1985 4375 2148 4432 Vens.
2179 4376 2265 4430 17.
2304 4394 2321 4427 ι
2350 4375 2493 4431 Misit
2517 4385 2644 4431 ante
2679 4393 2774 4432 eos
2802 4379 3100 4435 hominem.
3140 4397 3160 4432 ι

304 4476 590 4530 Δείκνυσιν
618 4474 700 4526 ὅτι
728 4470 799 4524 τὰ
833 4472 947 4532 τοῖς
973 4469 1145 4537 ἁγίοις
1178 4467 1568 4537 συμϐαίνοντα,
1604 4469 1809 4521 οἰκονο-

1985 4467 2240 4523 Ostendit
2277 4465 2364 4520 illa
2413 4482 2534 4536 quae
2584 4467 2787 4522 sanctis
2841 4469 3096 4524 accidunt
3151 4470 3485 4526 admirabilis

236 4565 366 4634 μίας
385 4561 530 4624 τινὸς
553 4558 875 4628 θαυμαστῆς
900 4557 994 4610 καὶ
1035 4555 1370 4625 δοξαζούσης
1403 4557 1565 4610 αὐτόν
1583 4575 1642 4610 τε
1673 4558 1804 4610 Θεὸν

233 4655 330 4706 καὶ
367 4652 497 4714 τοὺς
552 4652 864 4720 πάσχοντας
907 4647 1140 4715 γίνεται.
1191 4647 1324 4699 Ἰδοὺ
1369 4646 1479 4718 γὰρ
1509 4648 1605 4700 καὶ
1629 4647 1658 4699 6
1695 4649 1806 4702 ἰω-

234 4747 346 4815 σὴφ
377 4745 458 4806 είς
487 4741 735 4796 δουλείαν
762 4739 1003 4810 ἐπράθη,
1042 4738 1184 4791 ὥστε
1229 4738 1538 4810 ἔμπροσθεν
1566 4739 1660 4793 τοῦ
1692 4740 1805 4794 λοι-

233 4836 339 4890 ποῦ
372 4835 564 4902 γένους
595 4831 991 4900 ἀποσταλῆνιίιι⁸
1023 4830 1320 4893 τουτέστιν,
1352 4828 1492 4884 ὥστε
1515 4831 1808 4902 προλαϐεῖν

231 4930 331 4983 καὶ
388 4927 709 4997 εὐτρεπίσαι
757 4925 943 4986 αὐτοῖς
977 4923 1078 4994 τὴν
1127 4923 1207 4985 είς
1251 4922 1527 4990 Αἴγυπτον
1561 4923 1807 4978 κάθοδονο

230 5019 326 5087 ἀφ’
353 5013 421 5088 ἦς
449 5015 754 5088 τηλικαῦτα
774 5013 1108 5085 ἠκολούθησε
1145 5012 1421 5083 θαύματα.

310 5217 330 5250 ι
377 5173 471 5258 Ὲίς
499 5193 686 5248 δοῦλον
720 5191 935 5264 ἐπράθη
971 5191 1193 5260 Ἰωσήφ.
1233 5208 1253 5242 s

306 5287 384 5339 Τὸ
413 5285 638 5358 στερρὸν
663 5283 773 5337 τῶν
797 5260 1131 5354 πειρασμῶν
1163 5280 1257 5333 καὶ
1291 5282 1352 5334 τὸ
1385 5281 1604 5352 ίσχυρδν
1636 5299 1806 5356 προσ-
1867 5260 1872 5265 Ι

232 5378 503 5449 ηγόρευσε
533 5375 774 5444 σίδηρον,
805 5373 940 5442 ὅπερ
975 5371 1063 5424 διὰ
1095 5371 1192 5440 τῆς
1224 5370 1502 5441 ὑπομονῆς
1537 5373 1565 5424 ό
1607 5374 1804 5447 Ἰωσὴφ

232 5468 495 5522 διέϐαινεο
529 5467 623 5520 καὶ
655 5464 894 5536 πάροδος
938 5462 1090 5532 αὑτῷ
1121 5462 1188 5515 τὰ
1224 5461 1444 5532 λυπηρὰ
1482 5463 1570 5516 διὰ
1601 5482 1806 5537 μακρο-

235 5560 440 5631 θυμίαν
466 5560 696 5626 ἐγίνετο.

310 5749 356 5780 ⁸⁸
393 5746 551 5802 lPet.
589 5761 666 5812 tu,
701 5745 753 5800 8.
831 5745 875 5777 "
917 5745 1027 5799 Dan
1060 5761 1129 5800 vu
1185 5745 1236 5800 ί.
1315 5747 1358 5778 ⁷⁰
1385 5745 1526 5801 Gen.
1559 5762 1649 5812 xx,
1689 5748 1737 5800 7.

1911 4559 2192 4629 cujusdam
2223 4571 2344 4611 esse
2369 4555 2809 4626 dispensationis,
2835 4574 2956 4629 quae
2980 4569 3088 4613 tam
3114 4559 3289 4630 ipsum
3312 4562 3484 4616 Deum

1911 4665 2075 4722 quam
2106 4663 2204 4703 eos
2231 4646 2324 4716 qui
2357 4646 2460 4700 ista
2497 4647 2780 4717 patiuntur
2805 4649 3070 4720 gloriosos
3095 4648 3311 4705 etliciat.
3343 4651 3484 4706 Ecce

1913 4739 2061 4795 enim
2091 4736 2292 4806 Ioseph
2342 4735 2506 4790 etiam
2537 4737 2788 4792 venditus
2817 4749 2900 4794 est
2934 4739 2988 4794 in
3033 4739 3373 4807 servitutem,
3423 4751 3486 4797 ut

1912 4841 2038 4886 ante
2093 4827 2358 4898 reliquum
2405 4841 2575 4897 genus
2616 4829 3036 4896 praemitteretur
3081 4848 3097 4884 :
3159 4829 3213 4886 id
3266 4839 3369 4896 est,
3426 4841 3488 4886 ut

1912 4921 2239 4990 anticiparet
2314 4926 2370 4972 et
2434 4928 2766 4987 praepararet
2827 4920 2960 4991 ipsis
3034 4922 3358 4978 descensum
3429 4921 3487 4978 in

1912 5013 2207 5084 )Egyptum
2245 5026 2257 5061 :
2287 5009 2434 5064 unde
2461 5008 2589 5063 talia
2614 5017 2870 5085 tantaque
2915 5013 3176 5071 miracula
3205 5021 3334 5070 sunt
3356 5029 3488 5069 con-

1913 5113 2118 5160 secuta.

1990 5214 2008 5246 ι
2036 5193 2095 5248 In
2128 5206 2345 5246 servum
2373 5192 2730 5248 venumdatus
2757 5203 2840 5250 est
2859 5195 3084 5267 Ioseph.
3122 5214 3142 5249 ι

1980 5284 2243 5341 Duritiam
2272 5281 2617 5352 rigoremque
2662 5286 3022 5343 tentationum
3045 5285 3336 5358 appellavit
3369 5284 3484 5338 fer-

1911 5393 2051 5442 rum,
2078 5373 2222 5445 quod
2253 5387 2353 5443 per
2383 5373 2725 5430 tolerantiam
2763 5377 2966 5449 Ioseph
3001 5376 3393 5450 pertransivit;
3426 5384 3484 5429 et

1909 5485 1998 5526 res
2038 5467 2228 5523 tristes
2257 5473 2482 5537 propter
2509 5466 2630 5538 ejus
2660 5467 3122 5541 longanimitatem
3167 5468 3271 5540 ipsi
3305 5477 3485 5522 trans-

1908 5563 2017 5618 itus
2044 5560 2284 5618 fuerunt.
