3962 6444
373 5279 396 5318 \

463 380 470 387 ’
489 376 624 440 i295

554 485 720 542 Vens.
756 485 840 541 l9.
881 501 900 536 ‹
945 484 1129 540 Donec
1167 482 1382 539 veniret
1415 482 1644 538 verbum
1677 481 1822 551 ejus.
1863 498 1883 531 ι

557 580 614 636 ld
643 589 748 646 est,
775 579 1004 635 verbum
1032 578 1176 648 quod
1211 577 1356 633 circa
1391 578 1564 648 ipsius
1593 574 2061 647 dispensationem

481 673 628 728 Deus
669 675 1049 727 constituerat.
1077 670 1213 726 Cum
1250 671 1394 724 enim
1438 671 1606 725 verbo
1631 669 1814 724 omnia
1843 668 2063 737 dispen-

484 775 588 831 set,
641 763 807 818 verbo
859 777 1075 832 quoque
1119 761 1304 832 aliquo
1337 760 1701 816 tentationum
1751 769 2060 814 nostrarum

483 857 650 911 ﬁnem
694 871 759 910 ac
813 855 1190 910 liberationem
1245 854 1527 909 deﬁnivit:
1586 852 1730 923 quod
1783 867 1908 906 cum
1961 864 2062 904 nos

483 947 637 1018 prius
685 947 1023 1018 ignoremus,
1070 945 1420 1016 postmodum
1469 954 1674 1000 eventu
1728 941 1848 1013 ipso
1894 939 2061 996 disci-

483 1053 625 1094 mus.
663 1038 876 1093 Etenim
915 1039 1004 1092 lex
1066 1037 1194 1093 data
1253 1037 1497 1092 nondum
1551 1043 1668 1091 erat
1727 1032 2058 1103 conscripta,

483 1129 579 1186 sed
635 1130 930 1200 unicuique
985 1130 1195 1185 ratione
1249 1130 1425 1185 utenti
1487 1130 1574 1184 lex
1615 1127 1880 1184 naturalis
1935 1141 2061 1181 ora-

483 1225 666 1280 culum
702 1231 820 1278 erat
848 1238 878 1277 a
909 1221 1043 1288 Deo,
1095 1238 1194 1294 per
1243 1223 1390 1293 quod
1424 1224 1589 1279 etiam
1642 1220 1937 1276 rationales
1967 1233 2062 1274 ex-

483 1316 746 1371 sistimus.

554 1407 716 1463 Vens.
748 1407 839 1462 25.
879 1425 898 1459 ι
929 1405 1214 1462 Convertit
1238 1421 1332 1461 cor
1361 1421 1572 1461 eorum.
1614 1424 1633 1458 ι

551 1497 841 1562 Convertit,
909 1497 960 1551 id
1010 1507 1114 1562 est,
1175 1500 1404 1552 converti
1464 1497 1722 1567 permisit.
1773 1496 1865 1552 Sic
1914 1497 2059 1552 enim

482 1589 765 1660 Scriptura
791 1590 939 1660 loqui
979 1590 1136 1656 solet,
1175 1605 1300 1646 cum
1346 1591 1616 1661 permittit
1649 1589 1740 1644 illa
1765 1606 1886 1660 quae
1908 1601 2059 1660 pote-

480 1691 567 1737 rat
601 1681 887 1752 impedire,
921 1696 1033 1737 non
1059 1683 1179 1737 sine
1208 1681 1417 1738 ratione
1453 1690 1657 1748 tamen,
1689 1681 1785 1737 sed
1810 1683 2056 1752 quaedam

479 1772 583 1828 alia
609 1773 998 1842 dispensando.

549 1862 712 1918 Vens.
761 1863 854 1918 28.
907 1880 926 1914 ι
965 1861 1030 1918 Ει
1086 1879 1198 1920 non
1252 1863 1722 1920 cxacerbaverunt
1776 1877 2059 1920 sermones

478 1959 619 2031 ejus.
633 1980 652 2014 ι

551 2053 610 2108 ld
671 2063 790 2118 est,
842 2049 1238 2123 promissiones
1288 2064 1417 2106 suas
1474 2049 1702 2108 minime
1763 2053 2055 2120 violarunt,

479 2160 659 2215 neque
689 2145 835 2200 dicta
892 2143 1047 2214 signa
1102 2141 1438 2198 fefellerunt.
1480 2141 1622 2209 Quid
1652 2144 1798 2199 enim
1827 2145 2060 2201 falsitate

481 2233 768 2289 acerbius?
792 2232 1057 2300 Quocirca
1079 2247 1192 2287 non
1221 2231 1425 2298 fallere,
1459 2231 1555 2286 sed
1577 2233 1759 2288 omnia
1789 2244 2058 2304 prtecepta

481 2326 756 2381 mirabilia
787 2325 1036 2395 implere,
1079 2339 1191 2378 non
1223 2324 1551 2378 exacerbare
1581 2325 1780 2379 merito
1817 2326 2058 2396 appella-

487 2432 598 2477 tum
622 2430 727 2476 cst.
759 2419 900 2476 Dicit
928 2429 1112 2474 autem
1142 2419 1211 2474 de
1259 2418 1441 2491 Moyse
1476 2429 1532 2476 et
1561 2419 1796 2485 Aarone,
1827 2420 1904 2474 uti
1936 2435 2056 2474 ma-

481 2515 738 2587 nifestum
773 2524 876 2570 est.

548 2606 712 2662 Vens.
739 2607 830 2663 ΞΕ).
861 2625 880 2660 ι
915 2605 1200 2661 Convertit
1227 2619 1395 2674 aquas
1431 2621 1445 2669 ;
1474 2619 1681 2660 eorum.
1723 2622 1742 2656 ι

549 2698 670 2754 Non
733 2699 874 2754 dixit
923 2712 1141 2768 aquam,
1190 2697 1286 2752 sed
1342 2713 1553 2767 aquas;
1608 2696 2047 2767 quandoquidem

477 2807 697 2848 omnem
773 2806 930 2861 aqua:
1002 2789 1486 2861 congregationem
1562 2804 1670 2842 non
1753 2789 1928 2843 solum
1998 2788 2053 2843 in

478 2884 798 2939 ﬂuminibus
853 2891 908 2937 et
975 2880 1218 2952 stagnis,
1282 2895 1471 2934 verum
1534 2880 1699 2934 etiam
1765 2880 1819 2933 in
1890 2879 2054 2950 lignis

477 2985 535 3031 et
611 2974 886 3046 lapidibus
970 2973 1026 3027 in
1106 2971 1429 3041 sanguinem
1484 2971 1757 3026 convertit
1823 2988 1836 3024 :
1906 2972 2053 3026 unde

477 3067 643 3122 etiam
697 3064 878 3137 pisces
925 3077 1193 3135 aquarum
1250 3073 1442 3116 natura
1513 3061 1793 3116 immutata
1846 3063 2051 3116 morie-

477 3159 699 3213 bantur.

547 3249 713 3306 Vens.
749 3249 838 3306 50.
872 3267 891 3302 ι
933 3247 1120 3305 Edidit
1153 3257 1298 3305 terra
1332 3262 1520 3304 eorum
1556 3262 1736 3302 ranas.
1777 3267 1796 3301 ι

546 3341 762 3395 Etenim
813 3354 960 3394 rante
1023 3338 1228 3407 ubique
1287 3338 1616 3408 adrepentcs
1667 3336 2050 3392 decurrebant.

477 3427 864 3482 Verumtamen
910 3426 1184 3498 regiorum
1234 3427 1600 3496 penetralium
1656 3427 1926 3491 meminit,
1993 3435 2055 3481 ut

478 3519 723 3573 miraculi
775 3517 1208 3589 magnitudinem
1269 3518 1603 3583 declararet;
1673 3517 1814 3586 quod
1878 3533 2054 3587 neque

479 3610 803 3665 famulorum
882 3611 1185 3666 militumve
1280 3610 1476 3675 turba,
1551 3625 1672 3680 qure
1752 3610 1805 3664 in
1888 3610 2053 3681 regiis

477 3703 676 3769 degere
715 3700 872 3765 solet,
928 3715 1088 3754 ranas
1131 3715 1321 3755 arcere
1372 3699 1600 3754 minime
1635 3700 1889 3756 valuerit.
1932 3701 2050 3756 Non

478 3793 676 3856 solum,
709 3793 904 3864 inquit,
940 3808 1137 3862 aquam
1185 3792 1242 3846 in
1292 3792 1611 3862 grandinem
1669 3796 2054 3851 commutando

475 3885 852 3948 condensavit,
884 3898 1074 3938 verum
1103 3882 1270 3939 etiam
1309 3899 1377 3938 ex
1414 3900 1478 3940 ea
1513 3885 1693 3956 ignem
1729 3886 1936 3953 eduxit,
1966 3888 2056 3943 vel-

475 3993 600 4032 cum
658 3991 724 4031 ea
787 3976 1105 4031 connexuit.
1157 3975 1460 4047 Utrumque
1516 3978 1662 4033 enim
1715 3978 2054 4035 demonstrat

477 4083 729 4139 magnam
789 4068 1176 4123 miraculorum
1246 4069 1460 4140 opificis
1515 4069 1573 4125 in
1635 4071 1906 4129 elementa
1954 4090 2052 4145 po-

479 4167 752 4215 testatem.

548 4249 704 4304 Vens.
730 4248 820 4305 56.
855 4267 875 4302 ι
925 4249 991 4306 Ει
1039 4253 1312 4321 percussit
1342 4269 1506 4310 omne
1544 4255 1990 4327 primogenitum.
2025 4276 2045 4310 ι

527 4339 661 4395 Cum
676 4340 967 4396 dixitomne
979 4343 1545 4414 primogenitum,duas
1556 4346 1744 4418 plagas
1762 4347 2051 4417 pecoribus

472 4437 528 4482 et
549 4427 859 4484 hominibus
887 4428 1150 4502 irrogatas
1171 4432 1584 4489 demonstravit.
1606 4434 1835 4492 Pulchre
1866 4447 2048 4494 autem

1671 366 2032 428 HESYCHII
2088 365 2560 440 PRESBYTERI

3610 372 3724 434 19.96

2093 483 2139 538 Δ
2242 499 2261 533 ι
2292 481 2474 553 Μέχρι
2503 482 2599 536 τοῦ
2629 485 2806 540 ἐλθεῖν
2834 486 2926 540 τὸν
2958 485 3118 555 λόγον
3139 485 3327 543 αὐτοῦ.
3364 504 3385 539 ι

2236 575 2520 640 Τουτέστι,
2549 577 2642 631 τὸν
2672 579 2802 649 περὶ
2839 578 3007 632 αὐτοῦ
3039 578 3200 648 λόγον
3233 581 3400 652 ὅνπερ
3437 579 3468 633 ό
3493 577 3623 643 Θεδς
3651 580 3732 632 ἐπὶ

2161 667 2260 738 τῆς
2293 669 2416 722 κατ’
2449 669 2612 725 αὑτὸν
2643 671 2958 742 οἰκονομίας
2997 673 3169 728 ἔθετο.
3222 673 3380 744 Λόγῳ
3409 674 3524 744 γὰρ
3571 674 3736 728 πάντα

2161 760 2486 830 οἰκονομῶν,
2533 762 2679 833 λόγῳ
2727 763 2838 816 τινὶ
2862 763 2958 817 καὶ
3001 764 3114 818 τῶν
3146 766 3230 834 ἐφ’
3255 767 3387 836 ήμῖν
3421 768 3735 836 πειρασμῶν

2160 850 2261 923 τὴν
2283 852 2607 925 ἀπαλλαγήν
2654 855 2748 908 καὶ
2803 853 2864 908 τὸ
2910 856 3065 920 τέλος
3117 858 3404 929 ἀπένειμε”
3450 861 3550 912 καὶ
3587 860 3736 929 ἡμεῖς

2161 942 2486 1012 ἀγνοοῦντες
2517 946 2808 1019 πρότερον,
2837 947 3070 1021 ὕστερον
3117 955 3182 1023 τῇ
3211 953 3438 1008 ἐκϐάσει
3473 955 3737 1024 μανθάνοο

2165 1052 2286 1105 μεν.
2319 1035 2432 1090 Καὶ
2465 1038 2573 1109 μὴν
2597 1039 2749 1094 οὔπω
2772 1042 2936 1113 νόμος
2969 1044 3148 1108 δοθεὶς
3169 1046 3413 1119 ὑπῆρχεν
3443 1047 3738 1118 ἔγγραφος,

2161 1127 2282 1180 ἀλλ’
2303 1127 2521 1201 ἑκάστῳ
2540 1130 2744 1203 λογικῷ
2769 1132 2951 1201 λόγιον
2992 1136 3142 1206 παρὰ
3174 1137 3310 1192 Θεοῦ
3343 1142 3371 1193 ὁ
3394 1139 3630 1210 φυσικὸς
3662 1140 3741 1193 νό-

2164 1235 2284 1287 μος,
2317 1219 2384 1273 δι’
2416 1221 2476 1274 ὃν
2497 1221 2593 1274 καί
2623 1222 2832 1292 λογικοὶ
2859 1227 3145 1297 γινόμεθα.

2238 1421 2256 1453 ι
2285 1401 2640 1472 Μετέστρεψε
2673 1402 2772 1474 τὴν
2793 1405 3025 1476 καρδίαν
3052 1407 3254 1462 αὐτῶν.
3295 1427 3314 1459 ι

2227 1491 2628 1562 Μετέστρεψε,
2658 1495 2930 1562 τουτέστι,
2956 1500 3448 1570 μεταστραφῆναι
3471 1502 3739 1573 συνεχώ-

2153 1597 2368 1650 ρησεν.
2405 1581 2561 1635 Οὕτω
2591 1583 2701 1655 γὰρ
2733 1584 2855 1650 έθος
2906 1589 2975 1659 τῇ
3004 1586 3126 1660 θείᾳ
3175 1591 3365 1662 Γραφῇ
3408 1593 3618 1661 λέγειν,
3645 1595 3738 1646 ὅσα

2159 1675 2279 1741 ἐξὸν
2345 1675 2590 1731 κωλῦσαι
2649 1681 2947 1750 συγχωρεῖ,
2996 1680 3058 1733 ού
3090 1681 3214 1752 δίχα
3252 1681 3312 1736 δὲ
3355 1683 3518 1753 λόγου
3573 1685 3733 1750 τινὸς,

2159 1767 2274 1821 ἀλλ’
2304 1769 2482 1822 οίκονο
2489 1769 2608 1839 μῶν
2633 1770 2817 1841 ἔτερα.

2240 1876 2260 1911 ι
2291 1859 2402 1912 Καὶ
2429 1859 2491 1913 οὐ
2526 1862 2950 1934 παρεπίκραναν
2969 1865 3095 1929 τοὺς
3119 1864 3310 1935 λόγους
3343 1867 3534 1922 αὐτοῦ.
3582 1887 3602 1920 ι

2234 2038 2548 2105 Τουτέστιν,
2583 2041 2646 2094 οὐ
2697 2041 2977 2114 παρῆλθον
3018 2043 3119 2108 τὰς
3152 2044 3364 2099 ἑαυτῶν
3395 2048 3733 2120 ὑποσχέσεις,

2160 2129 2282 2182 οὐδὲ
2323 2130 2391 2184 τὰ
2433 2131 2846 2201 ὲπαγγελθέντα
2903 2136 3106 2206 σημεῖα
3150 2136 3469 2206 ἐψεύσαντο.
3518 2141 3589 2194 Τί
3634 2142 3734 2211 γὰρ

2159 2221 2257 2276 τοῦ
2292 2222 2524 2292 ψεύδους
2554 2225 2918 2298 πικρότερονς
2966 2227 3104 2282 διότι
3137 2229 3213 2301 μή
3244 2230 3578 2300 ψεύσασθαι,
3605 2234 3731 2288 ma

2162 2315 2345 2369 πάντα
2402 2317 2720 2372 ἐπιτελέσαι
2767 2320 2836 2373 τὰ
2886 2323 3300 2393 προσταχθέντα
3332 2325 3609 2396 θαύματα,
3661 2329 3729 2398 μή

2162 2411 2586 2479 παραπικρᾶναι
2607 2410 2834 2476 δικαίως
2860 2416 3324 2488 προσηγόρευται.
3347 2419 3512 2487 Λέγει
3535 2420 3590 2474 δὲ
3611 2421 3726 2493 περί

2160 2498 2408 2563 Μωσέως
2433 2501 2529 2554 καὶ
2576 2500 2809 2570 Ἀαρὼν,
2851 2503 3102 2573 εὔδηλον.

2240 2610 2260 2644 ‹
2299 2593 2656 2666 Μετέστρεψε
2685 2595 2754 2650 τὰ
2784 2595 2954 2651 ὕδατα
2977 2598 3176 2653 αὐτῶν.
3218 2620 3236 2654 ο

2251 2685 2369 2739 Οὐκ
2399 2680 2521 2740 εἷπε
2549 2684 2611 2740 τὸ
2652 2687 2818 2759 ὕδωρ,
2853 2689 2992 2744 ἀλλὰ
3017 2691 3089 2744 τὰ
3113 2691 3300 2746 ὓδαταο
3331 2694 3518 2764 ἐπειδὴ
3553 2697 3721 2748 πᾶσαν

2159 2775 2351 2842 ὕδατος
2400 2778 2729 2851 συναγωγὴν
2759 2782 2818 2834 ού
2865 2783 3027 2853 μόνον
3082 2785 3182 2856 τὴν
3224 2788 3283 2838 ὲν
3331 2791 3594 2859 ποταμοῖς
3631 2789 3719 2841 καὶ

2155 2867 2397 2940 λίμναις,
2426 2870 2562 2924 ἀλλὰ
2590 2872 2686 2925 καὶ
2707 2871 2808 2944 τήν
2863 2875 2920 2928 ἐν
2950 2875 3129 2941 ξύλοις
3173 2877 3267 2930 καὶ
3296 2877 3463 2942 λίθοις
3491 2881 3563 2943 εἰς
3589 2873 3716 2949 αἷμα

2159 2962 2587 3031 μεταϐέϐληκενο
2614 2965 2708 3033 ἀφ’
2726 2957 2801 3019 ὧν
2841 2967 2935 3020 καί
2955 2967 3005 3020 οἰ
3039 2967 3220 3037 ἰχθύες
3250 2971 3352 3042 τῆς
3384 2971 3592 3042 φύσεως
3616 2972 3715 3026 τῶν

2155 3051 2364 3108 ὑδάτων
2396 3053 2782 3126 ἀλλοιωθείσης
2812 3056 3176 3130 ἀπέθνησκον.

2229 3248 2250 3284 ι
2296 3233 2576 3305 Ἐξεῖρψεν
2602 3236 2635 3306 ἡ
2670 3236 2744 3306 γῆ
2773 3237 2952 3291 αὐτῶν
2983 3237 3306 3310 βατράχους.
3355 3261 3374 3295 ι

2228 3325 2339 3379 Kal
2372 3326 2481 3397 μὴν
2508 3327 2788 3398 πανταχοῦ
2829 3329 3108 3401 διέτρεχον
3136 3333 3185 3385 οἰ
3228 3333 3494 3406 βάτραχοι
3530 3336 3707 3406 ἕρπον·

2153 3433 2267 3480 τες.
2317 3417 2479 3472 Ἀλλὰ
2525 3418 2634 3472 τῶν
2685 3419 2981 3490 βασιλικῶν
3010 3423 3253 3494 ταμείων
3300 3426 3703 3499 ἐμνημόνευσεν,

2154 3506 2297 3562 ὥστε
2332 3509 2572 3579 δηλῶσαι
2623 3511 2684 3564 τὸ
2736 3511 2831 3565 τοῦ
2871 3512 3152 3585 θαύματος
3197 3518 3450 3586 μέγεθος’
3485 3521 3560 3574 ὅτι
3588 3522 3706 3590 μηδὲ

2154 3598 2358 3668 πλῆθος
2386 3602 2614 3656 οἰκετῶν
2640 3602 2673 3674 ἢ
2718 3605 3085 3676 στρατιωτῶν,
3125 3606 3332 3679 οὕσπερ
3356 3611 3504 3673 εἰκὸς
3535 3612 3587 3663 ὲν
3610 3614 3706 3674 τοῖς

2156 3690 2451 3762 βασιλείοις
2478 3693 2704 3762 διάγειν,
2752 3696 3095 3767 ἀποσοὸἦσαι
3131 3699 3258 3763 τοὺς
3286 3699 3582 3772 βατράχους
3606 3701 3707 3754 ἐδύ-

2155 3799 2303 3836 νατο.
2333 3785 2408 3836 Οὐ
2447 3784 2629 3854 μόνον,
2659 3786 2815 3854 φησὶ,
2841 3785 2901 3838 τὸ
2931 3785 3074 3859 ὕδωρ
3105 3790 3185 3852 εἰς
3219 3789 3465 3859 χάλαζαν
3495 3792 3706 3861 μεταδα-

2154 3872 2264 3927 λὼν
2297 3873 2620 3946 συνέπηξεν,
2653 3875 2789 3930 ἀλλὰ
2813 3879 2906 3932 καί⁵
2955 3879 3066 3949 πῦρ
3115 3881 3387 3950 ἐξήγαγεν
3425 3884 3487 3948 ἐξ
3542 3883 3703 3948 αὑτοῦ,

2152 3968 2186 4038 ἢ
2219 3967 2554 4037 συνέπληξεν
2579 3968 2732 4024 αὑτό.
2777 3969 3072 4041 Ἑκάτερον
3101 3973 3210 4042 γὰρ
3235 3973 3439 4045 πολλὴν
3467 3975 3561 4047 τὴν
3583 3977 3705 4029 κατὰ

2151 4057 2262 4113 τῶν
2293 4060 2572 4130 στοιχείων
2595 4060 2844 4125 ἐξουσίαν
2871 4063 2967 4116 τοῦ
3006 4063 3562 4136 θαυματουργοῦντος
3591 4086 3701 4122 συν·

2154 4151 2386 4223 ίστησιν.

2227 4264 2245 4296 ι
2287 4245 2397 4299 Καὶ
2419 4244 2658 4311 ἐπάταξε
2692 4248 2802 4300 πᾶν
2846 4248 3208 4318 πρωτότοκον.
3245 4270 3264 4302 ι

2221 4339 2338 4391 Πᾶν
2375 4341 2755 4406 πρωτρτοκον
2784 4340 2976 4407 εἰπὼν,
3009 4343 3109 4407 τὰς
3141 4343 3234 4398 δύο
3269 4345 3490 4417 πληγὰς
3510 4349 3600 4413 τὰς
3627 4349 3707 4402 ἐπὶ

2149 4427 2258 4483 τῶν
2305 4431 2520 4500 κτηνῶν
2579 4433 2674 4485 καὶ
2724 4432 2833 4486 τῶν
2875 4435 3182 4506 ἀνθρώπων
3228 4440 3533 4510 γενομένας
3582 4460 3707 4510 παρα

471 4519 829 4590 primogenita
856 4521 1037 4576 omnis
1066 4521 1269 4578 laboris
1300 4525 1566 4594 primitias
1586 4509 1899 4598 appellavit.
1926 4529 2040 4585 Etsi

2162 4521 2371 4592 ἔστησε.
2411 4523 2610 4588 Καλῶς
2651 4524 2710 4578 δὲ
2754 4526 2920 4580 πόνου
2951 4529 3153 4592 παντὸς
3181 4509 3441 4586 ἐκάλεσεν
3471 4509 3708 4603 ἀπαρχῆν

469 4609 616 4664 enim
646 4612 763 4666 inec
787 4612 940 4683 plaga
965 4612 1130 4668 fuerit
1155 4615 1445 4684 posterior,
1479 4618 1569 4672 illa
1599 4627 1781 4674 tamen
1811 4621 2045 4678 maxime

467 4701 704 4772 perculsi
757 4702 1009 4769 fuerunt;
1059 4714 1116 4760 et
1143 4707 1298 4775 quasi
1344 4719 1668 4764 cancrorum
1712 4711 2045 4783 ﬂagellorum

467 4793 853 4861 compendium
879 4795 1152 4864 quoddam
1175 4797 1244 4851 iis
1267 4799 1499 4854 exstitit.
1535 4800 1679 4866 Quin
1701 4801 1861 4857 simul
1882 4804 2044 4859 etiam

467 4883 798 4950 insinuatur,
847 4887 1121 4955 quomodo
1191 4888 1310 4944 haec
1363 4890 1517 4961 plaga
1567 4891 1732 4948 fuerlt
1795 4895 2043 4964 quaedam

466 4972 755 5026 retributio
801 4975 952 5031 necis
1005 4975 1372 5032 lsraelitarum
1421 4981 1607 5050 pueris
1645 4982 1826 5050 illatae,
1880 5002 2042 5056 quam

466 5061 679 5115 Pharao
722 5063 891 5120 veluti
937 5067 1206 5136 primitias
1246 5070 1568 5127 insidiarum
1608 5086 1797 5130 contra
1828 5076 2044 5134 Judaeos

465 5153 730 5210 exhibuit.

535 5243 699 5298 Vens.
730 5245 817 5300 37.
855 5265 872 5298 ι
900 5245 967 5302 Ει
993 5249 1180 5305 eduxit
1208 5267 1303 5307 eos
1330 5253 1386 5308 in
1410 5267 1660 5328 argento.
1701 5277 1720 5311 ι

532 5329 650 5386 Non
678 5331 919 5418 inferens
941 5335 1190 5406 injuriam
1220 5339 1484 5411 Egyptiis
1551 5344 1852 5418 (indignum
1895 5349 2039 5404 enim

460 5420 573 5476 Deo
609 5437 733 5477 cum
761 5410 962 5495 injuria
993 5426 1228 5484 aliorum
1263 5431 1387 5487 aliis
1416 5433 1685 5490 beneﬁcia
1721 5437 2036 5510 conferre):

457 5517 554 5570 sed
596 5518 724 5572 dum
774 5519 897 5575 illos
946 5536 977 5574 a
1039 5520 1244 5577 Iudaeis
1304 5524 1524 5593 spoliari
1573 5528 1842 5598 praecipit,
1896 5547 2038 5587 mer-

456 5607 645 5661 cedem
674 5609 807 5679 ipsis
858 5626 958 5681 pro
979 5612 1212 5668 laterum
1249 5613 1608 5672 fabricatione
1660 5619 1903 5678 debitum
1943 5638 2032 5679 rc—

460 5697 674 5753 tribuit.

537 5805 556 5840 ι
590 5786 652 5844 Et
681 5803 790 5844 non
813 5791 1013 5846 eratin
1047 5791 1296 5850 tribubus
1326 5809 1516 5852 eorum
1547 5798 1815 5857 inﬁrmus.
1861 5821 1880 5854 ι

2112 4600 2216 4666 ’τὰ
2263 4617 2608 4685 πρωτότοκα.
2647 4617 2710 4670 Εἰ
2738 4617 2846 4688 γὰρ
2871 4619 2966 4673 καὶ
3007 4620 3212 4689 ὑστέρα
3260 4622 3446 4694 πληγὴ
3491 4600 3705 4693 ἐγένετο,

2147 4705 2262 4760 ἀλλ’
2303 4708 2454 4776 ὅμως
2499 4707 2587 4761 ἐπ’
2628 4709 2766 4781 αὐτῇ
2820 4710 2983 4765 πλέον
3020 4712 3357 4785 ἐπλήγησαν·
3390 4717 3485 4770 καὶ
3534 4717 3704 4787 ῶσπερ

2145 4792 2622 4862 ἀνακεφαλαίωσις
2660 4797 2844 4862 αὐτοῖς
2868 4799 2976 4851 τῶν
3010 4799 3186 4854 ἄλλων
3219 4804 3502 4872 μαστίγων
3531 4807 3698 4876 ἐγένε-

2142 4901 2226 4939 το.
2266 4885 2434 4955 Ὀμοῦ
2474 4886 2531 4940 δὲ
2557 4890 2653 4941 καί
2689 4890 3006 4955 αἰνίττεται,
3046 4892 3121 4957 ὠς
3147 4895 3181 4964 ή
3212 4893 3396 4966 πληγὴ
3428 4896 3564 4968 αὕτη
3590 4899 3701 4950 ἀντ-

2143 4978 2400 5043 απόδοσις
2431 4973 2498 5050 ἦν
2541 4982 2639 5051 τῆς
2668 4981 2778 5036 τῶν
2826 4983 3240 5056 Ἰσραηλιτικῶν
3289 4987 3510 5060 βρεφῶν
3563 4992 3704 5044 ἀναι-

2145 5071 2372 5143 ρέσεως,
2411 5073 2604 5142 ἥντινα
2634 5075 2892 5146 ἀπαρχὴν
2927 5078 3224 5149 ἐπιϐουλῆς
3264 5082 3409 5136 κατὰ
3440 5083 3550 5135 τῶν
3589 5084 3705 5135 Ἰου-

2141 5162 2306 5217 δαίων
2332 5166 2360 5216 ὁ
2390 5164 2591 5234 Φαραὼ
2617 5166 2941 5233 ἐνεδείξατο.

2220 5273 2239 5306 ι
2278 5253 2392 5307 Kal
2420 5254 2695 5326 ἐξήγαγεν
2725 5257 2925 5320 αὐτοὺς
2949 5259 3007 5311 ὲν
3031 5260 3303 5332 ἀργυρίῳ.
3339 5281 3358 5315 ι

2213 5347 2327 5400 Οὐκ
2373 5346 2575 5400 ἀδικῶν
2603 5349 2730 5413 τοὺς
2770 5351 3105 5418 Αἰγυπτίους
3163 5354 3320 5423 (Θεοῦ
3354 5357 3464 5428 γὰρ
3501 5357 3698 5429 ἑτέρους

2140 5437 2454 5510 εὐεργετεῖν
2484 5441 2690 5512 ἐτέρων
2729 5442 3105 5512 ἀδικουμένων
3150 5446 3413 5521 ἀνᾲξιον)·
3442 5452 3555 5505 ἀλλ’
3586 5452 3696 5505 δταν

2141 5529 2440 5585 σκυλεῦσαι
2483 5532 2683 5595 αὐτοὺς
2743 5536 2856 5597 τοῖς
2917 5535 3194 5600 Ἰουδαίοις
3246 5539 3564 5606 ἐντέλλεται,
3616 5542 3693 5596 τὸν

2140 5623 2338 5695 μισθὸν
2389 5625 2557 5694 ὅνπερ
2601 5627 2789 5692 αὐτοῖς
2840 5629 2943 5698 τῆς
2993 5630 3368 5697 πλινθοποιίας
3414 5635 3692 5704 ὲπώφειλον

2137 5715 2546 5786 εἰσεπράττετο.

2214 5826 2232 5859 ι
2257 5805 2367 5862 Καὶ
2395 5807 2496 5862 οὐκ
2520 5804 2589 5879 ἦν
2611 5810 2670 5864 ιν
2702 5812 2825 5878 ταῖς
2850 5813 3044 5882 φυλαῖς
3068 5816 3251 5874 αὐτῶν
3277 5815 3304 5874 ό
3329 5819 3584 5877 ἀσθενῶν.
3607 5837 3626 5873 ι
