4032 6416
1364 428 1831 493 FRAGMENTA
1870 435 1951 496 ΙΝ
1991 435 2351 500 PSALMOS.

307 513 607 628 Ἀπόδειξις
631 614 644 628 .
664 524 842 598 σαφὴς
879 528 962 583 ὅτι
997 531 1120 603 χεὶρ
1177 533 1313 588 Θεοῦ
1355 533 1593 611 ὑπῆρχεν
1618 544 1676 610 ἐξ
1703 545 1776 598 Δί⁴

1876 591 1878 598 .
1975 545 2090 600 Hoc
2142 549 2329 617 utique
2374 549 2724 606 manifestum
2779 563 2863 608 est
2915 567 3321 628 argumentum,
3381 564 3478 618 Dei

220 605 431 675 γύπτου
482 610 576 664 τὸν
631 614 848 688 Ἰσραὴλ
877 621 1174 692 ἐξάγουσα.
1220 628 1346 694 Πῶς
1377 605 1576 705 γὰρ-ἐν
1600 605 1796 692 τοσαύ-

1904 649 2130 691 manum
2183 637 2350 694 fuisse
2398 656 2519 710 qua:
2576 641 2831 698 lsraelem
2873 661 2940 698 ex
2974 645 3204 718 [Egypto
3264 653 3474 708 eduxit.

217 705 643 809 ταις“μυριάσιν
697 710 876 778 οὐδεὶς
927 718 1177 776 ἀσθενεῖν
1206 723 1424 795 ἔμελλε,
1473 731 1571 784 καὶ
1620 732 1776 787 ταῦτα

1903 724 2186 791 Quomodo
2225 730 2372 785 enim
2403 705 2547 787 inter
2578 742 2658 788 tot
2688 734 2856 789 millia
2909 705 3474 809 nemo‘aagrotasset;

217 798 409 858 κακῶς
470 798 652 854 αὐτῶν
705 810 1046 880 πασχόντων,
1109 817 1203 870 καὶ
1255 819 1776 895 ταλαιπωρουμένωη

1903 817 2066 887 idque
2094 835 2218 874 cum
2268 823 2506 892 pessime
2544 825 2902 892 haberentur,
2954 834 3011 882 et
3039 798 3375 897 quotidianis
3405 798 3478 886 la;

215 890 330 951 τοῖς
355 889 537 960 ἔργοις
565 897 868 971 ὁσημέραις

296 993 315 1028 ι
351 979 644 1057 Εὐφράνθη
670 989 945 1059 Αἴγυπτος
979 996 1038 1049 ἐν
1068 1000 1134 1071 τῇ
1166 1000 1355 1074 ἐξόδῳ.
1394 1025 1412 1056 ι

287 1155 571 1258 ’τοσαύτην
602 1167 730 1258 -.τοῦ
784 1171 920 1227 Θεοῦ
969 1179 1275 1250 μεταϐολὴν
1330 1186 1626 1256 δεδωκάτος
1675 1195 1790 1258 τοῖς

211 1248 558 1355 πράγμασι-ν,
590 1255 732 1313 ὥστε
761 1264 889 1329 τοὺς
920 1269 1186 1344 πρότερον
1213 1248 1349 1348 πρὸς
1374 1279 1496 1349 βίαν
1530 1248 1790 1355 κατέχον;

208 1355 311 1447 ’ξας
363 1345 583 1447 αὐτοῦς,
633 1361 974 1426 παρακαλεῖν
1006 1365 1221 1439 ἀπᾶραι
1260 1345 1386 1428 καὶ.⁷
1413 1345 1782 1447 κατεπείγειν.

208 1431 412 1540 Διόπερ
455 1439 608 1495 οὐδὲν
653 1444 753 1514 τῆς
797 1448 1080 1524 δυνάμεως
1103 1431 1213 1514 τῶν
1243 1462 1456 1534 ἐχθρῶν
1483 1431 1612 1521 ὅταν

205 1547 318 1676 ἴεν
386 1536 837 1614 ὑπερμαχοῦντα,
897 1550 994 1606 τὸν
1047 1554 1182 1612 Θεὸν
1246 1561 1555 1632 φροντίζειν
1627 1536 1782 1635 ὁςρἐε-

242 1641 398 1676 οαεν.

242 1641 398 1695 ομεν.

284 1721 612 1815 ζᾝτησαν,
651 1729 746 1783 καὶ
777 1726 946 1803 ἦλθεν
968 1736 1370 1815 ὀρτυγομήτρα.
1404 1763 1423 1799 ι

279 1809 556 1911 ἶῙῖὺ-μάννα
590 1819 739 1889 λέγει
784 1826 885 1897 οὐχ
930 1827 1008 1894 ὡς
1045 1831 1105 1897 ἐξ
1160 1809 1328 1890 αὐτοῦ
1375 1837 1472 1892 τοῦ
1521 1839 1777 1911 οὐρανοῦ,

1899 908 2125 967 boribus
2151 912 2540 985 afﬂigerentur.

1968 1001 2130 1059 Vens.
2185 1006 2276 1060 58.
2340 1024 2359 1058 ι
2419 1006 2623 1064 ιιειεῑθ
2678 1019 2761 1065 est
2823 1008 3093 1083 Egyptus
3162 1013 3219 1067 in
3286 1012 3475 1084 profe-

1898 1098 2099 1156 ctione.
2133 1119 2151 1152 ι

1969 1191 2079 1246 Deo
2097 1191 2356 1248 nimirum
2374 1203 2577 1251 tantam
2594 1212 2777 1252 rerum
2806 1199 3164 1256 mutationem
3187 1201 3467 1275 largiente,

1896 1293 1958 1338 ut
1989 1284 2082 1354 qui
2136 1286 2287 1355 prius
2334 1287 2481 1358 ipsos
2526 1290 2579 1344 vi
2626 1290 2968 1356 detinebant,
3019 1291 3370 1349 hortarentur
3415 1305 3470 1350 et

1895 1387 2158 1446 urgerent
2183 1379 2506 1435 discessum.
2532 1380 2874 1452 Quapropter
2911 1384 3253 1440 inimicorum
3282 1387 3363 1442 vis
3391 1388 3468 1442 nil

1893 1467 2053 1521 nobis
2072 1469 2310 1524 curanda
2340 1479 2445 1540 est,
2479 1475 2698 1543 quando
2737 1474 2908 1530 Deum
2961 1479 3228 1534 habemus
3273 1478 3466 1534 defen-

1891 1571 2072 1612 θοι-ειη
2080 1595 2096 1612 ο

1961 1734 2128 1791 Vens.
2161 1736 2253 1792 40.
2294 1753 2314 1789 ι
2346 1736 2656 1807 Petierunt,
2681 1750 2734 1795 et
2765 1743 2918 1796 venit
2946 1743 3223 1797 coturnix.
3255 1761 3276 1796 ι

1885 1877 1897 1886 .
1958 1827 2156 1883 Manna
2196 1829 2328 1885 dicit
2357 1831 2505 1900 quod
2535 1846 2644 1886 non
2684 1845 2750 1886 ex
2795 1833 3031 1903 ipsomet
3070 1834 3231 1899 caelo,
3262 1834 3358 1890 sed
3395 1850 3462 1890 ex

209 1904 330 2007 air
351 1909 428 2007 εκ
467 1911 562 2007 τοῦ
593 1913 736 1988 ὑπὲρ
781 1921 1027 1992 κεφαλῆς
1064 1924 1228 1996 ἀέρος
1262 1928 1456 2002 (ὅνπερ
1482 1904 1715 2003 οὐρανὸν
1747 1904 1776 2007 ἡ

1883 1931 2010 1972 aere
2053 1933 2220 1988 supra
2259 1930 2422 1990 caput
2459 1930 2709 1976 nostrum
2753 1924 3048 1978 exsistente
3089 1926 3271 1994 (quem
3311 1924 3460 1979 Scri-

202 1996 328 2098 θεία
351 2001 544 2098 ξραφὴ
564 2007 831 2076 πολλάκις
863 1996 1286 2090 προσαγορεύει)
1313 1996 1635 2094 φερόμενον,
1665 1996 1783 2098 ἅμα

204 2087 269 2141 δέ
293 2092 388 2144 καὶ
415 2093 489 2158 ὡς
513 2098 701 2153 εἰκόνα
721 2101 816 2156 τοῦ
847 2105 1102 2176 οὐρανίου
1116 2087 1295 2181 -άρτου
1325 2087 1426 2168 τοῦ
1454 2087 1783 2182 δοθέντοςέν

203 2182 495 2255 μυστηρίῳ
524 2189 590 2257 τῇ
608 2187 908 2265 Ἐκκλησία
934 2195 1192 2267 φέροντα.

281 2287 302 2323 ι
336 2272 604 2348 Διέῤῥηξε
630 2280 872 2353 πέτραν,
905 2286 999 2341 καὶ
1020 2288 1297 2362 ἐρρύησαν
1323 2292 1514 2352 ὕδατα.
1559 2315 1578 2350 ι

410 2454 527 2547 ipa
554 2457 617 2511 τὺ
646 2458 892 2532 ὑπάρχον
938 2463 1084 2537 ὕδωρ
1126 2467 1186 2521 ἐν
1217 2472 1286 2541 τῇ
1319 2471 1497 2545 πέτρᾳ
1527 2475 1559 2542 ή
1593 2475 1778 2547 πληγὴ

199 2537 307 2608 τῆς
328 2540 524 2612 ῥάϐδου
555 2547 651 2598 καὶ
678 2548 712 2618 ή
739 2549 895 2619 ῥῆξις
919 2553 1203 2624 ἐπήγαγεν
1224 2570 1240 2587 ⁸
1260 2537 1406 2613 ⁷άλλὰ
1524 2537 1619 2615 τοῦ

198 2632 643 2727 προστάγματα,
685 2640 783 2693 καὶ
832 2642 1067 2714 ῥαγῆναι
1118 2647 1220 2718 τήν
1269 2648 1479 2720 πέτραν
1530 2653 1636 2707 ὑπὸ
1680 2659 1779 2727 τῆς

200 2722 434 2791 ῥάϐδου,
456 2726 551 2819 καὶ
573 2725 717 2800 ὔδωρ
739 2731 928 2801 ῥεῦσαι
957 2734 985 2788 ὃ
1009 2737 1274 2809 πρότερον
1305 2743 1405 2796 οὐκ
1433 2739 1503 2815 ἦν
1528 2746 1586 2798 ἐν
1613 2722 1774 2819 αὐτῇ,

197 2817 609 2908 παρεσκεύασε.
633 2821 802 2878 Τοῦτο
818 2825 925 2897 γὰρ
944 2829 972 2881 ό
991 2828 1284 2904 Προφήτης
1309 2817 1775 2908 μαρτυρούμενοξ,

212 2904 669 3000 ’βπορεύθησαν
712 2913 782 2968 ἐν
831 2916 1117 2988 ἀνύδροις
1167 2904 1442 2995 ποταμοὶ,
1489 2904 1778 3000 ἐξεϐόησεν

193 2997 384 3069 χάριν·
400 3001 488 3054 τνα
502 3002 600 3073 τῆς
624 3006 727 3075 γῆς
742 3008 955 3078 ἐκείνης
975 3013 1037 3064 τὸ
1054 3010 1214 3084 ξηρὸν
1232 3016 1461 3087 άνικμον
1477 3020 1572 3072 καὶ
1587 2997 1778 3089 ἄγονον

191 3091 309 3143 τῶν
324 3092 532 3148 ὑδάτων
545 3097 1028 3169 αίνίξηται.Ταῦτα
1042 3104 1101 3157 δὲ
1117 3106 1262 3171 τίνος
1279 3107 1408 3162 ἐθαυ
1417 3115 1776 3182 ματουργεῖτο

193 3182 404 3295 χάριν
439 3185 869 3295 Ὀτιβμνήσθη
891 3195 996 3249 τοῦ
1019 3197 1208 3266 λόγου
1235 3199 1342 3254 τοῦ
1364 3199 1536 3271 ἁγίου
1563 3204 1770 3260 αὐτοῦ.
1799 3235 1843 3295 C

277 3295 298 3328 ι
337 3276 534 3344 Ὅπως
564 3281 630 3336 ἂν
660 3283 937 3353 φυλάξωσι
967 3287 1036 3340 τά
1055 3287 1423 3361 δικαιώματα.
1463 3311 1482 3345 ι

275 3369 386 3422 Kal
418 3372 523 3425 τὸν
551 3374 741 3442 νόμον
772 3376 962 3432 αὑτοῦ
1001 3379 1394 3450 ἐκζητήσωσι,
1426 3385 1675 3457 δηλονότι
1712 3389 1775 3442 τὸ

195 3459 558 3536 Εὐαγγέλιυν.
621 3465 687 3519 Τί
742 3468 852 3540 γάρ
908 3470 1142 3541 -ἐμελλον
1193 3476 1377 3546 ζητεῖν
1427 3478 1566 3550 ὅπερ
1622 3480 1772 3545 ἅπαξ

191 3550 380 3624 εἶχον;
430 3556 642 3612 Οὐκοῦν
676 3558 775 3632 τὴν
812 3560 1079 3635 διαθήκην
1103 3566 1323 3632 πάντως
1373 3572 1472 3642 τὴν
1512 3571 1770 3643 δευτέραν

190 3647 519 3705 αἰνίττεται.

766 3745 1058 3802 ΨΑΛΜΟΣ
1082 3749 1206 3803 PE'.

271 3850 293 3885 ι
332 3831 444 3886 Καὶ
467 3834 751 3906 ὡδήγησεν
781 3838 983 3902 αὐτοὺς
1009 3841 1068 3893 ἐν
1089 3839 1333 3911 άϐύσσῳ.
1366 3860 1386 3893 ι

264 3919 404 3975 Οὐδὲ
440 3923 548 3995 γὰρ
597 3923 710 3996 ἁφή
747 3926 849 3997 τῆς
883 3928 1081 3998 ῥάϐδου
1103 3968 1120 3993 ,
1165 3930 1302 3984 ἀλλὰ
1330 3931 1392 3984 τὸ
1437 3932 1768 4005 πρόσταγμα

185 4010 290 4064 τοῦ
326 4012 461 4066 Θεοῦ
484 4015 677 4085 χέρσον
701 4017 876 4071 ἐποίει
907 4021 968 4071 τὺ
989 4019 1247 4088 πέλαγος.

269 4120 291 4156 ι
319 4104 432 4159 Καὶ
460 4105 666 4161 ἐσωσεν
695 4108 895 4173 αὐτοὺς
923 4111 989 4163 ἐκ
1023 4111 1206 4183 χειρὸς
1233 4112 1558 4183 μισούντων.
1598 4133 1618 4168 ι

264 4280 342 4334 υύ
387 4282 565 4354 μάτην
617 4285 792 4340 ταῦτα
830 4287 1002 4357 λέγει,
1055 4287 1156 4361 τὴν
1199 4290 1259 4344 δὲ
1304 4291 1415 4346 τῶν
1493 4293 1765 4349 Ἰουδαίων

183 4374 519 4444 ἀχαριστίαν
564 4379 913 4450 τραγῳδῆσαι
957 4381 1315 4454 βουλόμενος,
1371 4386 1453 4440 ὅτι
1503 4388 1763 4459 τοιαύτης

183 4465 514 4536 εὐεργεσίας
551 4469 938 4536 ἀπολαύοντες,
974 4473 1290 4546 ἀγνώμονες
1333 4477 1484 4547 ὅμως
1513 4481 1643 4550 περὶ
1669 4481 1763 4534 τὸν

1884 2017 2044 2078 ptura
2074 2010 2255 2064 divina
2294 2026 2438 2080 saepe
2472 2014 2670 2067 ctelum
2706 2014 2963 2085 appellat)
3001 2014 3374 2082 deferebatur,
3404 2023 3460 2070 et

1882 2101 2046 2156 simul
2081 2104 2246 2158 etiam
2297 2103 2589 2175 imaginem
2638 2104 2910 2162 referebat
2949 2107 3108 2176 panis
3155 2108 3302 2164 illius
3342 2124 3458 2165 cce-

1883 2191 2035 2246 lestis
2062 2193 2157 2263 qui
2188 2192 2446 2249 Ecclesiae
2484 2194 2643 2249 datus
2673 2201 2758 2249 est
2789 2194 2843 2247 in
2881 2205 3244 2251 sacramento.

1956 2283 2118 2338 Vens.
2191 2284 2283 2339 41.
2360 2303 2379 2338 ι
2439 2285 2652 2356 Dirupit
2727 2294 2977 2356 petram,
3050 2294 3106 2342 et
3180 2285 3458 2343 fluxerunt

1881 2391 2054 2447 aquae.
2105 2395 2125 2429 ι

1953 2466 2108 2522 Haud
2152 2467 2341 2538 utique
2381 2483 2575 2538 aquam
2620 2467 2676 2522 in
2721 2477 2876 2540 petra
2909 2469 3261 2526 exsistentem
3291 2472 3455 2543 virga:

1881 2557 2163 2626 percussio
2200 2567 2253 2613 et
2285 2565 2453 2628 petrae
2497 2558 2691 2613 scissio
2739 2558 3022 2629 produxit;
3058 2560 3154 2613 sed
3198 2563 3454 2616 mandata

1880 2649 1976 2704 Dei
2022 2659 2130 2704 tam
2169 2659 2377 2720 petram
2416 2651 2589 2720 ipsam
2619 2665 2649 2705 a
2681 2650 2831 2721 virga
2874 2649 3029 2716 ﬁndi,
3060 2665 3224 2720 quam
3257 2666 3460 2721 aquam,

1879 2741 1936 2795 in
1987 2741 2106 2810 ipsa
2156 2741 2308 2811 prius
2363 2741 2588 2797 minime
2639 2743 2991 2798 exsistentem
3038 2744 3261 2798 elliuere
3300 2744 3450 2800 fecit.

1880 2831 1994 2888 lloc
2019 2833 2164 2887 enim
2192 2833 2465 2904 Propheta
2490 2844 2721 2890 testatus
2745 2834 3086 2899 exclamavit,
3109 2835 3452 2891 Transierunt

1877 2926 1933 2980 in
1959 2926 2108 2979 siccis
2141 2926 2365 2994 [Iuntina
2397 2943 2416 2981 :
2445 2936 2507 2982 ut
2535 2937 2690 2982 terra:
2724 2926 2868 2981 illius
2907 2927 3135 2983 ariditas
3157 2937 3212 2983 et
3235 2929 3452 2984 siccitas
3497 2964 3507 2976 .

1877 3015 2246 3086 sterilitasque
2288 3032 2550 3086 aquarum
2584 3018 2926 3074 innueretur.
2963 3016 3089 3074 Haec
3121 3028 3305 3074 autem
3349 3020 3452 3074 mi-

1876 3109 2057 3163 racula
2091 3125 2188 3164 cur
2221 3111 2606 3183 contigerunt?
2644 3111 2905 3178 Quoniam
2944 3127 3142 3166 memor
3177 3112 3277 3182 fuit
3307 3111 3449 3166 verbi

1875 3199 2044 3252 sancti
2075 3199 2177 3254 sui.

1954 3289 2113 3345 Vens.
2146 3291 2236 3346 45.
2279 3310 2297 3344 ι
2344 3291 2415 3347 Ut
2442 3294 2756 3349 custodiant
2782 3295 3220 3365 iustiﬁcationes.
3255 3309 3276 3345 ι

1946 3381 2017 3435 Ει
2060 3381 2224 3452 legem
2273 3384 2388 3453 ejus
2437 3386 2748 3453 exquirant,
2807 3388 3017 3442 scilicet
3071 3381 3443 3455 Evangelium.

1871 3471 2144 3536 Quorsum
2184 3474 2330 3528 enim
2367 3487 2679 3546 quaererent
2713 3479 2766 3533 id
2795 3479 2941 3548 quod
2983 3479 3229 3532 absolute
3277 3477 3447 3530 babe-

1869 3561 2041 3633 bant?
2090 3562 2278 3635 Itaque
2321 3566 2551 3621 alterum
2598 3568 2824 3624 omnino
2871 3576 3257 3624 testamentum
3307 3563 3444 3620 insi-

1868 3660 2022 3707 nuat.

2416 3745 2735 3804 PSALMUS
2772 3747 2882 3803 CV.

1939 3833 2106 3892 Veas.
2148 3836 2202 3892 9.
2247 3856 2268 3892 ι
2307 3837 2376 3893 Ει
2403 3838 2628 3894 deduxit
2655 3854 2751 3895 eos
2780 3839 2836 3894 in
2865 3838 3082 3911 abysso.
3119 3857 3138 3890 ι

1937 3924 2057 3982 Non
2115 3929 2265 3983 enim
2316 3938 2553 3984 attactus
2604 3929 2791 4000 virgae,
2833 3929 2930 3985 sed
2982 3929 3298 3985 mandatum
3348 3928 3444 3984 Dei

1866 4016 2092 4088 pelagus
2121 4017 2324 4074 fecerat
2351 4029 2550 4074 terram
2585 4020 2865 4075 incultam.

1940 4109 2102 4165 Vens.
2157 4110 2245 4165 lo.
2301 4128 2321 4162 ι
2376 4111 2441 4166 Et
2489 4111 2719 4167 salvavit
2772 4127 2866 4168 eos
2918 4112 2987 4169 de
3029 4129 3196 4168 manu
3250 4113 3444 4168 odien-

1867 4200 2025 4256 tium.
2066 4221 2085 4254 ι

1938 4292 2058 4347 Νοη
2101 4303 2308 4348 temere
2347 4292 2464 4348 bare
2506 4291 2660 4359 dicit,
2692 4294 2788 4349 sed
2823 4303 2882 4349 ut
2917 4295 3229 4350 Judzeorum
3264 4294 3447 4365 ingra-

1869 4385 2156 4441 titudinem
2207 4395 2582 4458 exaggeraret.
2613 4386 2760 4456 quod
2811 4396 2959 4442 tanta
3005 4387 3268 4442 beneficia
3310 4401 3446 4441 con-

1867 4477 2074 4544 secuti,
2130 4487 2312 4533 tamen
2371 4493 2500 4550 erga
2559 4477 2966 4533 benefactorem
3029 4493 3187 4532 suum
3246 4475 3444 4544 ingrati

184 4557 490 4629 εὐεργέτην
519 4559 613 4614 τὸν
639 4561 842 4617 οἰκεῖον
865 4566 1145 4633 γεγόνασι,
1179 4567 1273 4620 τὸν
1303 4566 1454 4623 ὐδατι
1486 4570 1615 4635 τούς
1650 4571 1755 4625 θλί-

1876 4566 2209 4633 exstiterint,
2262 4567 2354 4638 qui
2414 4569 2572 4638 aquis
2624 4568 2952 4639 sepeliverat
3000 4582 3102 4623 eos.
3143 4566 3234 4636 qui
3293 4566 3445 4635 ipsos

186 4649 388 4714 ϐοντας
434 4650 633 4715 αὐτοὺς
674 4654 771 4707 καὶ
823 4655 953 4719 τούς
1014 4655 1425 4730 ἐπηρεάζοντας
1468 4661 1764 4718 θάπτοντα.

187 4741 406 4810 Ὠσπερ
439 4743 690 4816 ἐπιφέρει
715 4762 730 4777 ο

262 4847 290 4884 ε
341 4830 660 4902 Ἑτάχυναν,
695 4835 1046 4894 ἐπελάθοντο.
1085 4857 1105 4891 ι

271 4921 546 4976 Ἀπίστων
573 4924 733 4979 τοῦτο
776 4927 870 4980 καὶ
907 4928 1188 4999 ὀλιγώρων
1231 4930 1396 4999 ἴδιον,
1433 4932 1507 5004 μὴ
1555 4934 1765 5007 ἀναμέ-

184 5027 304 5064 νειν
339 5010 439 5082 τὴν
468 5011 562 5066 τοῦ
602 5013 737 5068 Θεοῦ
769 5014 966 5085 βουλὴν
989 5054 1005 5080 ,
1039 5018 1168 5070 ὅταν
1204 5019 1344 5089 μετὰ
1379 5023 1766 5095 μακροθυμίας

185 5101 545 5172 οἰκονομῆσαι
586 5105 793 5179 ἐκεῖνος
827 5106 1084 5178 βούληται
1116 5109 1355 5179 ἅπαντα,
1402 5113 1531 5167 ἀλλ’
1567 5115 1764 5186 ἀπογι-

186 5188 442 5257 νώσκειν,
473 5191 644 5264 λήθην
691 5196 966 5262 παθόντας
1009 5199 1119 5254 τῶν
1165 5201 1461 5273 θαυμάτων
1507 5203 1616 5260 τῶν
1661 5207 1762 5278 ἔμ-

184 5283 449 5353 προσθεν.

263 5391 285 5427 ι
319 5376 433 5429 Καὶ
459 5376 814 5449 ἐπεθύμησαν
834 5381 1128 5452 ἐπιθυμίαν
1149 5383 1209 5439 ἐν
1229 5386 1296 5457 τῇ
1327 5386 1539 5459 ἐρήμῳ.
1571 5407 1592 5441 ι

258 5546 364 5601 Δύο
389 5549 498 5602 τῶν
539 5549 809 5606 Ἰουδαίων
840 5553 1079 5623 συνῆψεν
1100 5555 1476 5629 ἁμαρτήματα
1499 5578 1513 5592 ·
1541 5561 1600 5616 ἓν
1637 5565 1761 5631 μὲν,

182 5638 574 5726 ὄτιῌσαρκικὴν
619 5642 914 5715 ἐπιθυμίαν
959 5645 1274 5715 ἐπεθύμουν
1317 5651 1376 5702 ἐν
1407 5653 1475 5722 τῇ
1524 5653 1759 5726 ἐρήμῳ,

183 5731 247 5783 ἐν
270 5723 306 5802 ᾗ
332 5731 642 5801 φιλοσοφεῖν
675 5733 807 5800 ἔδει,
831 5736 928 5789 καὶ
954 5736 1064 5788 ἀπὸ
1086 5736 1268 5805 πάσης
1302 5723 1763 5811 τοιαύτηςέπιθυτ

191 5825 324 5895 μίας
368 5825 833 5898 ἐγκρατεύεσθαιο
877 5828 1126 5901 δεύτερον
1173 5830 1230 5884 δὲ
1257 5871 1274 5900 ,
1336 5833 1417 5886 ὄτι
1481 5834 1760 5906 δεηθέντες

1867 4655 2181 4727 aﬂligebant
2231 4673 2298 4712 ac
2347 4658 2696 4714 divexabant.
2744 4659 2901 4715 Unde
2947 4658 3181 4714 subdit:
3219 4656 3444 4730 Operuit

1866 4763 2008 4817 aqua
2034 4746 2342 4801 tribulantes
2367 4763 2452 4802 eos

1935 4850 2099 4907 Vens.
2134 4852 2223 4907 l3.
2261 4870 2280 4905 ι
2317 4849 2759 4916 Festinaverunt,
2801 4851 2954 4907 obliti
2993 4860 3138 4906 sunt.
3178 4869 3197 4901 ι

1934 4943 2349 4998 lncredulorum
2380 4953 2435 4999 et
2462 4943 2853 5015 negligentium
2888 4944 2991 4996 hoc
3020 4951 3103 4997 est
3137 4942 3444 5012 proprium,

1863 5043 1924 5090 ut
1952 5035 2176 5090 minime
2209 5044 2526 5106 exspectent
2562 5035 2659 5090 Dei
2689 5035 3045 5094 sententiam,
3071 5035 3289 5103 quando
3318 5049 3444 5088 cum

1862 5126 2280 5197 longanimitate
2337 5135 2535 5182 cuncta
2583 5126 2904 5195 dispensare
2954 5125 3292 5189 decreverit,
3346 5124 3442 5180 sed

1866 5218 2179 5288 desperent,
2214 5218 2490 5288 praeterita
2533 5217 2796 5273 miracula
2839 5217 3104 5274 oblivioni
3143 5216 3439 5273 tradentes.

1937 5388 2099 5443 Vens.
2133 5388 2218 5442 M.
2255 5408 2273 5440 ι
2317 5390 2382 5442 Et
2421 5389 2820 5460 concupierunt
2850 5387 3349 5460 concupiscentiam
3379 5389 3436 5442 in

1865 5477 2104 5534 deserto.
2140 5499 2159 5528 ι

1935 5571 2052 5624 Duo
2078 5569 2394 5625 Iudaeorum
2421 5581 2643 5640 peccata
2669 5571 2953 5641 conjunxit
2980 5588 2992 5624 :
3020 5584 3190 5624 unum
3220 5567 3440 5639 quidem

1863 5662 2008 5732 quod
2047 5662 2320 5719 carnalem
2369 5663 2870 5732 concupiscentiam
2912 5661 3330 5730 concupiverint
3380 5659 3440 5714 in

1864 5757 2103 5816 deserto,
2145 5752 2236 5806 ubi
2277 5752 2651 5822 philosOphari
2697 5762 3048 5823 oportuerat,
3094 5761 3151 5808 et
3185 5753 3254 5807 ab
3287 5751 3436 5807 omni

1866 5843 2024 5898 simili
2052 5841 2496 5913 concupiscentia
2525 5844 2628 5899 sibi
2656 5853 2962 5914 temperare
2990 5862 3003 5901 :
3028 5844 3260 5900 alterum
3281 5857 3437 5911 vero,
