4032 6414
591 411 729 480 1299

1779 418 2149 480 IIESYCHII
2187 420 2663 494 PBESBYTERI

3674 420 3778 489 13120

587 535 733 606 quod
782 548 921 603 aqua
964 543 1190 604 egentes
1238 531 1382 587 illam
1424 531 1653 588 minime
1700 536 2032 604 petiverint,
2076 509 2172 593 sed

2282 537 2472 602 ὕδατος
2504 538 2606 592 οὐκ
2634 538 2820 609 ᾔτουν,
2847 534 2965 590 ἀλλ’
2989 533 3302 606 ἐπείραζον.
3328 534 3477 605 Πλὴν
3500 534 3783 613 θαυματουρ.

588 630 760 685 Deum
808 628 1162 683 tentaverint.
1197 628 1582 681 Verumtamen
1624 627 1770 682 Deus
1813 645 1844 683 a
1888 630 2170 686 miraculis

588 717 816 772 minime
869 716 1128 771 cessavit.
1190 715 1311 768 Non
1363 714 1511 769 enim
1568 715 1813 781 distulit,
1870 732 2051 788 neque
2111 718 2167 773 in

514 816 517 817 '
587 808 755 861 alium
790 807 969 862 locum
998 806 1232 876 migrare
1255 805 1439 875 jussit,
1478 814 1540 859 ut
1566 820 1721 875 aqua:
1751 808 1965 877 copiam
2010 822 2168 878 repe—

590 899 786 965 rirent,
814 897 910 954 sed
940 904 1138 952 terram
1173 897 1444 952 desertam
1476 904 1532 950 et
1558 897 1891 954 sitibundam
1919 900 1988 955 de
2016 910 2169 971 petra

590 990 798 1046 fontem
828 1004 983 1059 aquae
1015 988 1318 1058 producere
1350 988 1500 1043 fecit.

664 1080 829 1136 Vens.
867 1080 955 1133 l7.
994 1096 1013 1130 ι
1041 1080 1243 1149 Aperta
1273 1088 1359 1133 est
1391 1087 1557 1135 terra.
1598 1098 1617 1130 i

660 1171 894 1239 Quando
920 1172 1392 1226 tumultuabantur
1417 1182 1610 1227 contra
1642 1172 1880 1245 Moysem
1905 1183 1962 1231 et
2001 1174 2171 1228 Aaro-

591 1278 745 1333 nem,
784 1262 928 1318 facta
973 1263 1234 1334 voragine
1282 1263 1523 1332 absorpti
1556 1274 1705 1321 sunt.
1750 1265 1940 1321 Merito
1988 1274 2170 1319 autem

593 1355 727 1426 ipsis
774 1356 881 1410 hoc
931 1372 1103 1427 genus
1148 1356 1399 1426 supplicii
1447 1356 1669 1413 accidit.
1705 1356 1842 1413 Cum
1886 1358 2033 1413 enim
2078 1372 2187 1412 eos-

592 1452 688 1522 qui
741 1468 891 1508 mare
925 1451 1169 1508 Rubrum
1203 1453 1675 1523 pertransiverant
1704 1455 2136 1509 subsannassent
2156 1492 2172 1518 ,

596 1545 699 1615 ipsi
731 1554 871 1601 terra
902 1547 1144 1617 absorpti
1176 1546 1481 1616 perierunt.

669 1635 829 1698 Vens.
860 1638 952 1693 24.
989 1657 1009 1689 ι
1044 1639 1114 1692 Et
1139 1652 1238 1709 pro
1260 1637 1434 1692 nihilo
1459 1638 1772 1694 habuerunt
1799 1649 2001 1695 terram
2025 1641 2173 1696 desi-
2256 1660 2259 1663 λ

596 1725 921 1782 derabilem.
955 1745 976 1777 δ

668 1818 893 1874 Terram
963 1819 1287 1889 promissam
1348 1820 1636 1889 intelligit,
1704 1820 1925 1890 quando
1988 1821 2176 1876 labore

2274 630 2389 699 γῶν
2423 632 2452 682 ό
2475 630 2610 694 Θεὸς
2645 631 2748 683 οὐκ
2778 628 3038 683 ἐπαύετο.
3076 628 3213 682 Οὐδὲ
3241 627 3351 699 γάρ
3381 628 3668 693 ἀνεϐάλετο,
3695 636 3789 688 οὐδὲ

2273 722 2355 785 είς
2407 720 2597 791 ἕτερον
2629 720 2966 791 μεταστῆναι
3013 720 3180 773 τόπον
3201 720 3221 783 ,⁷
3262 718 3405 772 ὥστε
3444 717 3621 782 ὓδατος
3653 722 3790 793 εὑρεῖν

2274 810 2542 882 χορηγίαν
2615 810 2939 877 ἐκέλευσεν,
2993 809 3133 864 ἀλλὰ
3196 809 3299 879 τὴν
3363 806 3565 878 ἔρημον
3614 811 3692 861 καὶ
3740 812 3793 865 δι·

2275 903 2420 973 casa
2475 902 2704 974 ἐνυδρον
2741 901 2927 975 πηγὴν
2963 898 3299 973 προαγαγὼν
3343 898 3457 955 άπὸ
3499 901 3591 969 τῆς
3630 900 3794 973 πέτρας

2276 994 2499 1058 ἔδειξεν.
2770 1048 2790 1073 ν
3346 1002 3351 1007 ’

2331 1094 2374 1134 ἰ
2409 1082 2667 1154 Ἤνοίχθη
2700 1084 2734 1153 ή
2762 1081 2855 1152 γῆ.
2891 1100 2911 1133 ι

2363 1171 2558 1227 Ἦνίκα
2616 1173 2914 1235 συστάντες
2970 1168 3118 1224 κατά
3161 1168 3445 1231 Μωῠσέως
3490 1168 3580 1221 καὶ
3614 1167 3798 1240 Ἀαρὼν,

2277 1266 2559 1338 χάσματος
2582 1264 2875 1334 γινομένου
2895 1261 3297 1331 κατεπόθησαν.
3323 1260 3562 1321 Εἰκότως
3581 1259 3632 1313 δὲ
3659 1261 3798 1325 aurei;

2277 1356 2436 1411 τοῦτο
2462 1357 2561 1427 τῆς
2587 1355 2863 1426 τιμωρίας
2891 1354 2955 1407 τὸ
2980 1346 3122 1416 εἱδος
3146 1350 3485 1405 συνέϐαινεν.
3508 1349 3703 1423 Ἐπειδὴ
3720 1353 3803 1421 γὰρ

2277 1450 2404 1511 τοὺς
2426 1448 2526 1519 τὴν
2556 1446 2836 1519 Ἐρυθρὰν
2879 1446 3161 1501 θάλασσαν
3190 1441 3502 1504 διελθόντας
3535 1442 3803 1511 ἐφαύλισον,

2279 1541 2437 1594 αὐτοὶ
2470 1540 2569 1611 τῆς
2600 1539 2705 1609 γῆς
2736 1538 3143 1609 συλληφθείσης
3176 1534 3479 1589 άπιὶιλοντο.

2358 1648 2376 1681 ι
2412 1630 2523 1682 Καὶ
2546 1629 2908 1696 ἐξουδένωσαν
2937 1630 3042 1700 γῆν
3071 1625 3448 1697 ἐπιθυμητήν.
3487 1643 3506 1675 ι

2355 1803 2466 1876 Τὴν
2494 1803 2928 1873 ἐπαγγελθεῖσαν
2946 1803 3120 1872 λέγει,
3137 1802 3304 1874 ἡνίκα
3331 1802 3464 1865 τοὺς
3481 1800 3807 1863 κατασκόπους

599 1906 773 1963 fessos
821 1908 1106 1971 miserant,
1151 1917 1207 1964 et
1248 1909 1416 1963 multa
1464 1924 1766 1980 magnaque
1795 1909 1863 1964 de
1893 1909 1997 1963 ista
2033 1918 2176 1964 terra

2285 1895 2619 1966 πέμψαντες,
2647 1894 2744 1949 καὶ¹
2767 1895 2939 1949 πολλὰ
2962 1895 3063 1949 ὅσα
3088 1895 3188 1965 τῆς
3215 1894 3318 1964 γῆς
3342 1891 3641 1964 ἀκηκοότες
3672 1890 3811 1961 ἐγκὼσ

599 2000 850 2055 eueomia
896 2001 1221 2066 audientes,
1274 2001 1328 2055 in
1382 2002 1675 2073 ngyptum
1737 2000 1934 2057 reverti
1987 2001 2178 2057 volue-

601 2096 755 2143 runt.
1472 2114 1476 2119 '

672 2181 837 2236 Vens.
868 2182 957 2237 32.
999 2199 1016 2234 ι
1053 2180 1118 2237 Et
1143 2182 1640 2238 irritaverunteum
1666 2185 1733 2238 ad
1761 2200 1975 2254 aquam.
2013 2204 2030 2235 ›

673 2272 803 2328 Haec
830 2275 1000 2329 verba
1026 2273 1306 2329 declarant
1338 2284 1713 2345 contemptum
1746 2284 1906 2330 terra;
1940 2293 1953 2326 :
1990 2264 2203 2330 Audite.

602 2376 706 2427 me,
738 2362 1028 2427 increduli;
1062 2364 1298 2433 nunquid
1327 2379 1390 2417 ex
1419 2373 1569 2433 petra
1607 2366 1707 2418 hac
1742 2366 2018 2419 educamus
2041 2366 2185 2419 vobis

604 2467 802 2522 agnum
831 2440 917 2506 "‘1
954 2451 1373 2507 Distinetionem
1419 2468 1551 2509 vero
1596 2454 1652 2508 in
1699 2454 1856 2509 labiis
1898 2471 2006 2509 non
2052 2456 2183 2510 dicit

606 2541 898 2597 verborum
957 2543 1410 2613 ambiguitatem,
1462 2561 1627 2615 quam
1678 2545 1890 2616 Moyses
1941 2562 1972 2600 e
2026 2555 2181 2616 petra

607 2633 929 2688 miraculum
970 2635 1180 2691 faciens
1227 2637 1507 2703 sustinuit,
1540 2638 1635 2694 sed
1678 2640 1732 2693 id
1775 2639 1941 2708 quod.
1972 2641 2051 2695 uti
2087 2656 2184 2710 par

606 2735 744 2787 erat.
769 2726 1086 2783 Iudaeorum
1124 2734 1330 2799 popqu
1357 2732 1662 2803 contigerat
1689 2733 1976 2802 expendit;
2007 2750 2184 2803 quan-

606 2816 895 2887 doquidem
945 2820 1165 2876 assidue
1213 2822 1592 2879 inobedientes
1630 2834 1687 2879 et
1723 2833 1995 2880 tentantes
2035 2826 2184 2881 fece-

590 2916 733 2967 rant
764 2918 824 2966 ut
852 2909 975 2983 ipse
1000 2914 1338 2984 contemptui
1374 2915 1691 2971 haberetur.

678 3085 846 3143 Vens.
874 3088 967 3145 55.
1003 3106 1022 3140 ι
1061 3090 1129 3144 Et
1158 3091 1430 3145 commisti
1466 3100 1596 3146 sunt
1626 3093 1769 3145 inter
1798 3100 2005 3162 gentes.
2041 3111 2061 3144 ›

676 3174 798 3231 Non
827 3178 1002 3232 solum
1029 3179 1211 3249 impiis
1235 3191 1626 3250 pepercerunt,
1649 3197 1838 3236 verum
1866 3182 2029 3236 etiam
2060 3198 2184 3238 eum

607 3265 742 3338 ipsis
770 3270 1214 3325 communionem
1245 3271 1466 3342 impiam
1491 3282 1876 3329 exercuerunt.

685 3355 848 3414 Vens.
899 3361 988 3415 ὅθ.
1036 3380 1055 3413 ι
1093 3361 1160 3416 Ει
1198 3361 1451 3417 fornicati
1500 3372 1631 3419 sunt
1680 3364 1735 3418 in
1786 3362 2190 3419 adinventioni-

610 3443 733 3502 bus.
773 3465 820 3502 ι.

681 3541 1120 3599 Fornicationem
1170 3544 1334 3616 igitur
1384 3546 1475 3603 hic
1528 3556 1687 3604 vocat
1738 3547 2106 3623 defectionem
2160 3564 2188 3603 a

611 3630 749 3690 Deo.

686 3729 828 3786 Vens
864 3730 953 3786 41.
1008 3749 1028 3784 ι
1067 3730 1135 3786 Et
1179 3732 1401 3789 tradidit
1445 3750 1542 3790 eos
1588 3735 1645 3790 in
1694 3754 1891 3795 manus
1937 3740 2191 3796 inimico-

610 3835 756 3876 mm.
795 3839 816 3872 ι

681 3911 856 3967 Simul
904 3922 962 3968 et
1006 3913 1103 3968 Dei
1157 3914 1508 3972 clementiam
1555 3917 1830 3983 laudavit.
1872 3932 1928 3978 et
1972 3922 2188 3979 illorum

612 3998 874 4053 malitiam
929 3998 1134 4070 tragice
1190 4003 1493 4073 deploravit
1536 4024 1550 4061 :
1591 4007 1860 4077 siquidem
1908 4013 2027 4082 ipse
2076 4028 2188 4068 non

612 4090 825 4146 destitit
855 4091 965 4147 illis
994 4091 1260 4147 beneﬁcia
1297 4094 1551 4152 conferre
1583 4106 1638 4152 et
1675 4114 1710 4153 ac
1739 4100 1905 4155 rebus
1944 4104 2192 4159 tristibus

614 4197 712 4237 eos
739 4182 995 4249 liberare,
1022 4182 1129 4254 ipsi
1154 4199 1286 4241 vero
1309 4186 1560 4244 similiter
1588 4203 2011 4260 perseverarunt
2040 4196 2189 4251 illum

606 4262 858 4330 irritare.

686 4358 830 4415 Vens
860 4360 952 4416 46.
995 4379 1015 4413 ι
1051 4362 1120 4417 Et
1151 4362 1302 4417 dedit
1331 4377 1425 4418 eos
1454 4364 1508 4420 in
1537 4368 1960 4429 misericordias.
1998 4392 2019 4426 ι

679 4448 872 4507 Viden’
929 4461 1128 4522 quanta
1190 4455 1262 4510 sit
1319 4456 1413 4513 Dei
1475 4458 1886 4531 benevolentia;
1946 4467 2195 4536 quando-

2289 2005 2410 2058 μια.
2439 1989 2518 2050 είς
2547 1988 2821 2056 Αἴγυπτον
2849 1986 3207 2058 ἐπιστρέφειν
3234 1985 3542 2039 ἐϐούλοντο.

2362 2210 2380 2242 ι
2415 2191 2525 2244 Καὶ
2556 2189 2915 2262 παρὼργισαν
2942 2188 3105 2243 αὑτὸν
3130 2189 3227 2243 ἐπὶ
3257 2188 3472 2250 ὓδατος.
3507 2206 3527 2239 ι

2355 2283 2518 2352 Δηλοῖ
2526 2283 2622 2354 τὴν
2639 2282 2748 2336 άπὸ
2766 2281 2867 2351 τῆς
2880 2280 2985 2351 γῆς
3000 2280 3297 2351 ὀλιγωρίαν
3314 2280 3383 2333 τά
3402 2280 3471 2350 (Si;
3480 2296 3637 2349 ματα·
3652 2279 3808 2335 ’Διθύ-

2291 2374 2441 2429 σιιτέ
2473 2391 2617 2442 μου,
2654 2375 2708 2427 οὶ
2757 2370 3052 2438 ἀπειθεῖς·
3100 2371 3198 2439 Μὴ
3230 2372 3297 2425 ἐκ
3338 2370 3454 2437 τῆς
3481 2370 3683 2439 πέτρας
3701 2373 3809 2424 ταύ-

2286 2482 2396 2532 της
2418 2462 2715 2534 ὲξάξομεν
2739 2462 2883 2534 ὑμῖν
2908 2461 3102 2532 ﬁdem;
3127 2462 3428 2531 Διαστολὴν
3456 2460 3513 2513 δὲ
3534 2461 3588 2512 ἐν
3612 2464 3707 2523 τοῖς
3723 2461 3808 2529 χεί-

2287 2557 2436 2611 λεσιν
2457 2557 2517 2610 οὐ
2557 2556 2656 2626 τὴν
2696 2555 2806 2608 τῶν
2837 2556 3099 2626 ῥημάτων
3143 2554 3483 2625 ἀμφιϐολίαν
3523 2552 3804 2620 λέγει,η-ιό

2288 2648 2493 2716 Μωσῆς
2530 2647 2639 2703 ἀπὸ
2684 2647 2786 2717 τῆς
2836 2647 3043 2716 πέτρας
3079 2643 3519 2716 θαυματουργῶν
3548 2641 3805 2711 ὑπέμεινεν,

2287 2740 2424 2797 ἀλλὰ
2455 2740 2516 2793 τὸ
2548 2740 2786 2809 συμϐάν,
2819 2740 3045 2802 εἰκότως
3088 2737 3166 2808 τῷ
3194 2738 3311 2807 λαῷ
3334 2737 3449 2788 τῶν
3478 2734 3721 2788 Ἰουδαίων
3742 2733 3807 2785 λου

2288 2832 2532 2902 γίζεται’
2597 2830 2789 2901 ἐπειδὴ
2853 2830 3094 2900 συνεχῶς
3160 2827 3519 2889 ἀπειθοῦντες
3575 2825 3661 2879 καὶ
3724 2842 3808 2876 πει-

2293 2912 2574 2996 ράζοντες,
2602 2924 2683 2986 είς
2731 2920 3027 2993 ὀλιγωρίαν
3078 2920 3246 2974 αὑτὸν
3302 2917 3635 2988 καταστῆναι
3669 2916 3807 2986 ἐποίηι

2292 3031 2408 3068 σαν.

2367 3124 2388 3157 ι
2417 3105 2525 3158 Καὶ
2547 3103 2819 3175 ἐμίγησαν
2847 3104 2910 3155 ἐν
2930 3104 3044 3166 τοῖς
3074 3101 3273 3156 ἔθνεσι.
3306 3120 3326 3153 ι

2363 3198 2439 3251 Οὐ
2474 3198 2634 3267 μόνον
2666 3197 2961 3266 ἐφείσαντο
3000 3195 3110 3250 τῶν
3135 3194 3374 3260 ἀσεϐῶν,
3412 3192 3550 3247 ἀλλὰ
3571 3192 3656 3245 καὶ
3682 3190 3807 3259 ἀσεϐῆ

2292 3288 2429 3361 πρὸς
2458 3290 2658 3353 αὐτοὺς
2685 3289 2977 3343 κοινωνίαν
2998 3288 3344 3361 εἰργάσαντο.

2370 3400 2389 3433 ι
2428 3382 2539 3434 Καὶ
2564 3381 2902 3451 ἐπόρνευσαν
2927 3381 2985 3432 ἐν
3009 3382 3122 3442 τοῖς
3156 3378 3612 3450 ἐπιτηδεύμασιν.
3643 3395 3661 3430 ι

2358 3562 2625 3634 Πορνείαν
2656 3556 2750 3615 οὖν
2778 3560 3015 3615 ἐνταῦθα
3038 3560 3138 3632 τὴν
3173 3559 3282 3614 άπὸ
3323 3558 3423 3613 τοῦ
3456 3556 3592 3612 Θεοῦ
3625 3558 3808 3609 ἀποστο-

2290 3656 2409 3712 σίαν
2438 3656 2614 3711 καλεῖ.

2369 3768 2388 3802 ι
2428 3751 2537 3804 Καὶ
2567 3749 2899 3820 παρέδωκεν
2917 3746 3116 3809 αὐτοὺς
3140 3744 3223 3807 είς
3252 3744 3445 3815 χεῖρας
3473 3739 3687 3812 ἐχθρῶν.
3712 3753 3729 3789 ι

2374 3924 2541 3996 Ὀμοῦ
2579 3923 2677 3996 τὴν
2706 3925 2803 3978 τοῦ
2851 3922 2989 3978 Θεοῦ
3029 3922 3455 3995 φιλανθρωπίαν
3494 3921 3705 3991 ὕμνησε,
3738 3918 3802 3971 καὶ

2290 4017 2389 4089 τὴν
2422 4017 2647 4070 ἐκείνων
2680 4015 2879 4068 κακίαν
2912 4014 3329 4085 ἐτραγῴδησεν·
3387 4016 3419 4067 ό
3453 4014 3553 4085 μὲν
3576 4013 3672 4081 γὰρ
3695 4009 3804 4077 εὐερ-

2291 4107 2467 4177 γετῶν
2524 4108 2618 4161 καὶ
2672 4107 2936 4179 ῥυόμενος
3009 4107 3205 4169 αὐτοὺς
3264 4107 3375 4160 τῶν
3431 4104 3679 4176 λυπηρῶν
3732 4102 3801 4155 οὐκ

2293 4198 2549 4262 ἐπαύετο,
2579 4200 2629 4251 οί
2664 4198 2723 4251 δὲ
2753 4199 2846 4251 καὶ
2874 4184 3300 4269 παροργίξοντες
3339 4198 3528 4264 αὐτὸν,
3557 4197 3642 4251 καὶ
3669 4210 3800 4263 παρα·

2292 4290 2675 4360 πικραίνοντες
2706 4290 2908 4359 ὁμοίως
2931 4289 3219 4359 ἐπέμενον.

2370 4401 2391 4435 ι
2420 4382 2532 4435 Καὶ
2557 4381 2758 4434 ἔδωκεν
2780 4382 2975 4445 αὐτοὺς
2999 4382 3079 4445 είς
3102 4380 3445 4451 οίκτιρμοΰς.
3490 4400 3514 4433 ι

2375 4472 2541 4544 Ὁρᾷς
2571 4471 2758 4543 ἡλίκον
2779 4473 2929 4525 ἐστὶν
2958 4472 3222 4542 εὐμένεια
3249 4472 3386 4525 Θεοῦ
3409 4489 3430 4503 ο
3445 4474 3589 4533 ὅπως
3614 4468 3721 4539 ἡμῖν
3737 4464 3802 4518 καὶ

612 4541 830 4613 quidem
882 4543 1046 4598 etiam
1100 4545 1354 4604 inimicos
1407 4550 1569 4605 nobis
1629 4553 1924 4622 placabiles
1979 4558 2187 4623 reddit,

2299 4564 2426 4627 τοὺς
2446 4541 2677 4635 acpbe;
2692 4562 2938 4633 εὐμενεῖς
2956 4541 3270 4635 ἐργάζεται,
3287 4563 3382 4615 καὶ
3403 4563 3523 4615 οὐδέ
3542 4576 3692 4621 τινας,
3707 4556 3802 4610 ἀλλὰ

613 4648 817 4704 eosque
869 4649 980 4688 non
1028 4635 1263 4725 aliquos,
1294 4639 1391 4694 sed
1438 4655 1663 4709 omnes;
1707 4652 1763 4699 et
1808 4648 2027 4715 quidem
2072 4649 2187 4705 illos

2301 4653 2512 4718 πάντας
2532 4668 2545 4681 ⁸
2580 4656 2676 4707 καὶ
2713 4655 2763 4707 οί
2792 4653 3049 4717 λαϐόντες
3072 4653 3454 4725 αἰχμαλώτους
3483 4653 3556 4716 ὡς
3581 4651 3799 4718 πολέμιοι,

612 4722 707 4792 qui
739 4732 994 4792 tanquam
1027 4723 1214 4780 hostes
1246 4727 1490 4797 captivos
1530 4742 1790 4798 ceperant
1835 4753 1849 4788 :
1896 4736 1950 4790 hi
1990 4752 2190 4807 nempe

612 4819 841 4883 paterna
873 4815 1081 4870 viscera
1123 4830 1249 4888 erga
1281 4828 1473 4890 captos
1502 4820 1757 4887 induunt,
1790 4835 1851 4880 ut
1880 4827 2088 4883 clarum
2119 4830 2192 4885 sit

613 4903 747 4960 illud
788 4905 1007 4975 quidem
1057 4907 1152 4962 ira:
1196 4908 1420 4972 divinae.
1454 4910 1559 4967 hoc
1605 4923 1794 4969 autem
1835 4917 2189 4990 benignitatis

615 5007 740 5048 esse
771 5010 785 5046 :
823 4994 1067 5064 utrisque
1113 4996 1259 5051 enim
1304 4999 1373 5053 ad
1415 5002 1817 5059 correctionem
1853 5012 1992 5077 Opus
2024 5009 2194 5065 babe-

615 5096 764 5138 mus.

687 5171 854 5228 Vens.
920 5174 1011 5229 47.
1084 5196 1103 5229 ‹
1156 5177 1345 5235 Salvos
1414 5198 1518 5238 nos
1581 5184 1687 5253 l‘ac,
1755 5187 1987 5243 Domine
2049 5188 2196 5248 Deus

616 5269 829 5321 noster.
871 5282 891 5317 δ

690 5353 805 5441 lloc
842 5363 926 5412 est
969 5357 1117 5429 enim
1150 5374 1342 5415 revera
1382 5362 1601 5433 salvari,
1638 5369 1846 5431 scilicet
1879 5377 2194 5445 congregari

616 5460 686 5501 ex
736 5447 1010 5517 gentibus,
1046 5455 1103 5503 et
1154 5463 1342 5506 earum
1388 5468 1577 5511 errore
1633 5460 1856 5517 minime
1910 5478 2193 5532 aspersum

617 5552 761 5593 esse.
806 5536 967 5594 Modo
1008 5539 1157 5595 enim
1197 5551 1390 5612 gentes
1423 5549 1659 5618 appellat
1697 5550 1836 5618 illos,
1862 5553 1956 5622 qui
2000 5555 2216 5612 ambur

618 5629 737 5685 lant
761 5630 821 5686 in
852 5630 1128 5704 impietate
1155 5652 1277 5707 qua:
1307 5650 1496 5711 gentes
1528 5644 1679 5713 prius
1706 5646 2026 5717 occupabat.

693 5829 733 5860 “
766 5828 925 5885 Num.
965 5849 1055 5899 xx,
1104 5835 1189 5888 lO.

2299 4737 2448 4799 οὗτοι
2491 4745 2779 4815 σπλάγχνα
2803 4746 3055 4817 πατέρων
3088 4744 3218 4813 περὶ
3245 4745 3372 4807 τοὺς
3402 4737 3802 4815 αίχμαλωτισθέν-

2298 4854 2398 4900 τας
2439 4836 2933 4907 ἀναλαμϐάνουσιν,
2972 4834 3114 4888 ὥστε
3151 4834 3314 4904 δῆλον
3362 4830 3502 4889 εἶναι
3536 4834 3593 4886 τὸ
3636 4830 3715 4902 μὲν
3737 4827 3800 4896 όρο

2298 4931 2404 4999 γῆς
2436 4928 2599 4995 Θεοῦ,
2623 4928 2684 4981 τὸ
2703 4929 2758 4981 δὲ
2779 4925 3190 4998 φιλανθρωπίας
3210 4943 3225 4959 ο
3250 4927 3457 4998 ἀμφοῖν
3499 4925 3598 4997 γὰρ
3616 4925 3685 4984 είς
3699 4918 3802 4985 διόρ-

2300 5019 2468 5074 θωσιν
2498 5018 2794 5090 χρῄζομεν.

2377 5212 2397 5245 ι
2424 5194 2604 5246 Σῶσον
2625 5193 2796 5262 ἡμᾶς,
2825 5191 2997 5263 Κύριε
3023 5192 3053 5244 ό
3081 5190 3213 5253 Θεὸς
3245 5188 3421 5260 ἡμῶν.
3460 5206 3481 5239 ι

2373 5365 2545 5420 Τοῦτο
2568 5365 2680 5437 γάρ
2709 5367 2860 5420 ἐστιν
2893 5366 3063 5429 ὅντως
3109 5365 3349 5435 σωθῆναι
3370 5405 3386 5431 ,
3414 5363 3477 5417 τὸ
3501 5353 3797 5425 ἐπισυναχθῆο

2300 5476 2388 5513 ναι
2448 5462 2513 5513 ἐκ
2561 5458 2669 5511 τῶν
2717 5457 2888 5511 ἐθνῶν
2918 5497 2935 5524 ,
2984 5456 3079 5510 καὶ⁹
3144 5456 3219 5527 μὴ
3267 5454 3583 5525 διεσπάρθαι
3624 5449 3687 5510 είς
3724 5444 3793 5510 τὴν

2299 5549 2528 5603 ἐκείνων
2568 5548 2796 5618 πλάνην.
2861 5547 3030 5615 Λέγει
3084 5545 3195 5616 γάρ
3251 5543 3379 5616 ἔθνη
3438 5543 3568 5606 νῦν,
3614 5538 3716 5598 τοὺς
3752 5532 3793 5582 δν

2300 5640 2529 5709 ἀσεϐείᾳ
2567 5639 2973 5713 πορευομένους
2996 5675 3015 5704 ,
3037 5638 3160 5709 ἥτις
3198 5637 3307 5694 τῶν
3328 5636 3496 5691 ἐθνῶν
3531 5631 3715 5704 ἐκράτει
3747 5620 3790 5674 εδ

2305 5732 2587 5805 πρότερον.
