4032 6420
197 354 348 423 1301
1360 361 1822 424 FRAGMENTA
1858 364 1941 426 IN
1981 367 2340 430 PSALMOS.

293 491 310 522 ι
349 470 655 540 Εὐλογητὸς
689 471 894 545 Κύριος
916 474 944 529 6
969 472 1101 539 Θεὸς
1137 472 1376 546 Ἰσραήλ.
1414 494 1432 528 ι

288 558 471 630 Μέχρι
495 560 603 613 τῶν
626 562 866 618 ἐνταῦθα
889 563 991 634 τὴν
1015 563 1286 635 τετάρτην
1319 563 1500 634 βίϐλον
1519 564 1628 618 τῶν
1649 564 1794 618 Ψαλ-

1967 571 2088 624 llue
2126 586 2299 641 usque
2329 583 2584 641 quartum
2617 571 2956 627 Psalmorum
2985 570 3188 625 librum
3214 570 3482 627 dellniunt

203 649 340 720 μῶν
383 649 656 721 Ἐϐραίων
682 652 873 718 παῖδες
904 653 1214 723 ὁρίζονταιο
1250 655 1330 718 είς
1368 655 1531 710 πέντε
1568 656 1673 726 γὰρ
1697 656 1796 727 τὴν

1941 663 2114 719 ‘ebraei
2149 682 2164 718 :
2195 664 2250 718 in
2278 665 2522 736 quinque
2566 665 2714 720 enim
2759 665 2928 720 libros
2966 664 3279 719 universam
3322 664 3482 720 Davi-

200 743 314 798 τοῦ
347 744 512 799 Δαὸλδ
542 747 886 818 προφητείαν
910 747 1178 814 διελόντες
1214 749 1378 820 (καθά
1411 749 1797 821 καὶπρότερον

1941 753 1986 809 is
2032 755 2378 825 prophetiam
2428 756 2734 811 dividentes
2783 755 2886 826 (uti
2939 755 3093 826 prius
3141 755 3480 824 dicebamus)

205 833 479 907 ἔφαμεν),
530 836 762 891 ἕκαστον
792 837 1027 909 ψαλμὸν,
1074 833 1118 910 ᾧ
1145 841 1306 895 τοῦτο
1351 842 1504 905 τέλος
1537 842 1801 913 πρόσκει-

1941 847 2200 902 uemlibet
2243 847 2550 918 psalmum,
2602 848 2690 903 cui
2740 847 2867 904 linis
2913 857 3016 915 est,
3067 847 3258 917 Amen,
3307 866 3484 911 amen.

205 941 312 979 ται
361 927 570 996 Ἀμὴν,
621 927 804 999 ἀμὴν,
837 931 1230 1003 συμπλήρωσιν
1264 929 1403 989 εἶναι
1444 935 1573 1004 μιᾶς
1602 932 1790 1004 βίὸλου

208 1016 555 1082 νομίζουσιν.

1944 939 2068 996 nius
2091 939 2217 996 libri
2247 940 2710 1012 complementum
2739 955 2862 996 esse
2894 940 3251 996 arbitrantur.

285 1033 555 1087 μιςουσιν.

3342 364 3476 429 1302

773 1113 1070 1169 ΨΑΛΜΟΣ
1112 1116 1253 1184 Pq'.

304 1218 324 1251 ι
371 1200 715 1271 Ἀλληλούῖα.
757 1224 775 1256 ι

1986 1225 2004 1258 ι
2045 1206 2294 1263 Alleluia.
2337 1224 2358 1260 ι

297 1291 714 1364 Παραπλησίως
734 1297 848 1360 τοῖς
875 1297 1160 1368 προτέροις
1205 1299 1298 1352 καὶ
1324 1292 1482 1361 οὗτος
1510 1300 1808 1373 ἐπιγέγρα-

1984 1298 2191 1354 Eodem
2231 1299 2393 1356 modo
2417 1315 2528 1370 quo
2559 1301 2935 1370 praecedentes
2968 1301 3057 1357 hic
3094 1301 3260 1358 etiam
3292 1301 3489 1356 inseri-

217 1397 398 1435 πται·
457 1383 556 1454 τῆς
603 1384 712 1456 γὰρ
745 1386 918 1458 αὐτῆς
968 1388 1279 1453 ὑποθέσεως
1321 1389 1524 1460 ἔχεται,
1579 1392 1809 1462 ίστορῶν

1941 1399 2038 1444 itus
2065 1397 2148 1445 est
2182 1408 2196 1445 :
2227 1389 2471 1460 ejusdem
2506 1392 2654 1446 enim
2693 1400 2778 1447 est
2805 1392 3136 1464 argumenti,
3171 1408 3295 1447 cum
3331 1407 3465 1447 enar

219 1474 290 1528 ἓν
338 1474 501 1546 μέρει
532 1476 600 1530 τά
637 1477 907 1549 γενόμενα
933 1482 1048 1545 τοῖς
1077 1480 1359 1545 Ἰουδαίοις
1379 1481 1658 1554 θαύματα.

1941 1492 1996 1537 et
2020 1481 2283 1538 miracula
2316 1499 2437 1553 quae
2463 1484 2516 1538 in
2546 1492 2702 1555 parte
2726 1484 2928 1540 Judmis
2954 1485 3294 1541 acciderunt.

306 1583 326 1615 ι
360 1565 667 1631 Πεινῶντες
696 1569 791 1622 καὶ
818 1567 1103 1639 διψῶντες.
1139 1588 1158 1622 ι

1978 1574 2142 1630 Vens.
2186 1576 2240 1631 5.
2276 1594 2294 1628 ι
2330 1576 2649 1633 Esurientes
2674 1587 2730 1632 et
2753 1577 3020 1634 sitientes.
3057 1599 3075 1632 ι

1987 1664 2217 1733 Quando
2256 1666 2404 1722 enim
2446 1667 2624 1722 anima
2671 1684 2929 1740 perpessa
2976 1672 3143 1727 fuerit
3180 1672 3380 1727 famem
3419 1671 3493 1726 si-

2437 1116 2755 1175 PSALMUS
2794 1118 2928 1175 CVI.

303 1655 482 1710 Ὅταν
516 1659 625 1730 γὰρ
653 1659 801 1730 ψυχὴ
841 1659 1054 1734 λιμὼξῃ
1086 1661 1182 1716 καὶ
1212 1661 1416 1737 διψήσῃ
1459 1663 1628 1736 ἀκοὴν
1653 1664 1812 1734 λόγου

222 1747 328 1800 τοῦ
357 1748 516 1816 Θεοό,
537 1750 886 1817 διδασκαλίας
909 1753 1010 1807 ούκ
1041 1753 1262 1824 ἔχουσα,
1296 1757 1615 1826 ἀναγκαίως
1642 1757 1817 1811 ἐκλεί-

1941 1759 2123 1829 imque
2161 1759 2418 1815 audiendi
2465 1761 2690 1816 verbum
2731 1761 2849 1827 Dei,
2882 1778 3007 1818 eum
3042 1765 3346 1818 doctrinam
3379 1778 3492 1817 non

225 1857 329 1894 πει
350 1841 444 1895 καὶ
465 1843 784 1899 ἐλαττοῦται
810 1862 823 1876 °
849 1847 1040 1920 ἐπειδὴ
1070 1850 1246 1922 τροφὴ
1288 1849 1466 1923 ψυχῆς
1505 1853 1534 1906 6
1567 1850 1668 1923 τῆς
1696 1851 1815 1906 θεο-

1941 1851 2138 1916 iabeat,
2176 1852 2486 1907 necessario
2525 1852 2708 1908 deficit
2751 1863 2806 1909 et
2844 1862 3205 1920 extenuatur;
3248 1852 3492 1923 quando-

231 1933 481 2001 γνωσίας
509 1935 694 2006 ἄρτος.

1941 1944 2138 2013 [uidem
2203 1945 2358 2000 cibus
2427 1945 2624 2002 animae
2683 1946 2757 2002 sit
2819 1946 2978 2018 panis
3040 1945 3239 2002 divinae
3306 1945 3496 2016 cogni-

1919 2034 2107 2090 tionis.

1823 483 1870 540 Α
1964 479 2129 534 Vens.
2170 479 2261 535 48.
2300 498 2319 532 ι
2356 478 2691 536 Benedictus
2730 460 2995 534 Dominus
3037 476 3181 533 Deus
3224 479 3412 534 lsrael.
3453 501 3471 532 ο
3586 531 3601 545 ,

317 2129 338 2165 ι
384 2113 1017 2187 Ἐξομολογησάσθωσαν-
1042 2121 1118 2193 τῷ
1142 2122 1352 2194 Κυρίῳ.
1391 2141 1413 2177 ι

325 2205 483 2276 Ἐλέη
521 2208 615 2260 καὶ
640 2208 921 2281 θαυμάσια
965 2212 1060 2268 τοῦ
1083 2215 1218 2269 Θεοῦ
1248 2216 1315 2271 τὰ
1350 2217 1516 2272 αὗτοῦ
1548 2218 1820 2291 προσηγό-

240 2301 622 2367 ρευσεν.⁶Ὀςα
666 2302 777 2375 γὰρ
806 2305 1353 2380 ὲθαυματούργησεν,
1401 2310 1501 2364 οὐκ
1543 2310 1822 2377 ἐνδείξεώς

235 2405 388 2455 τινος
413 2391 446 2462 ἢ
477 2393 786 2466 φιλοτιμίας
814 2400 1136 2470 παρήγαγεν
1181 2401 1363 2466 ἕνεκα,
1397 2402 1580 2468 ὲλέους
1614 2404 1670 2457 δὲ
1688 2405 1824 2458 πάν-

235 2498 354 2548 τως
375 2484 472 2538 καὶ
496 2483 905 2559 φιλανθρωπίας
942 2491 1104 2563 χάριν
1134 2493 1230 2563 τὴν
1252 2493 1389 2563 πρὸς
1409 2495 1651 2560 ἐκείνους
1685 2496 1824 2568 ὑπὲρ

237 2569 322 2629 ὧν
355 2576 605 2650 ἐπράχθη
643 2581 740 2634 καὶ
769 2581 839 2634 τά
864 2582 1139 2654 θαύματα.

320 2686 342 2721 ε
374 2669 496 2723 Ὅτι
521 2671 781 2744 ὲχόρτασε
811 2674 990 2747 ψυχὴν
1016 2677 1200 2748 κενήν.
1233 2697 1250 2728 ι

315 2759 427 2812 Καὶ
460 2760 566 2832 μὴν
609 2761 707 2832 τὴν
735 2765 906 2836 αὐτὴν
939 2766 1035 2819 καὶ
1074 2768 1348 2824 πεινῶσαν
1392 2768 1584 2833 εἰπὼν,
1627 2767 1825 2832 ἔδειξεν

241 2849 324 2913 ὡς
367 2852 680 2923 ἁμαρτωλοί
720 2873 866 2921 τινες
897 2852 1040 2928 ἦσαν
1103 2860 1152 2912 οἱ
1192 2858 1572 2931 λιμώττοντες.
1603 2859 1676 2913 Τό
1715 2860 1826 2932 γαρ

243 2943 405 2996 κενὸν
438 2945 557 2997 ἀντὶ
585 2945 679 2999 τοῦ
717 2948 947 3016 ματαίου
980 2949 1377 3021 παρείληπται.

330 3055 350 3087 ι
395 3036 745 3092 ’Λντελάὁετο
778 3039 960 3094 αὐτῶν
983 3040 1042 3105 ἐξ
1067 3040 1187 3095 ὀδοῦ
1228 3042 1477 3113 ἀνομίας.
1520 3062 1539 3096 ›

335 3129 488 3183 Ὀδὸν
509 3129 734 3201 ἀνομίας
765 3131 1080 3202 ἀναγκαίως
1116 3134 1512 3206 προσαγορεύει
1541 3135 1633 3191 τὸν
1657 3136 1826 3194 θάνα-

245 3238 366 3276 τον.
428 3221 586 3276 Attia
627 3223 734 3294 γὰρ
783 3223 860 3294 τῷ
898 3223 1168 3297 θανάτῳή
1216 3227 1472 3298 παρακοὴ
1523 3227 1618 3282 τοῦ
1664 3229 1830 3302 νόμου

245 3315 348 3370 τοῦ
389 3315 628 3380 δοθέντος
669 3317 725 3368 ὲν
763 3316 1077 3387 παραδείσῳ
1116 3318 1430 3389 γεγένηται.
1483 3319 1624 3373 Ἀλλ’
1683 3322 1832 3392 ὅμως

248 3406 491 3478 Χριστὸς
511 3408 659 3478 ἡμᾶς
691 3409 755 3461 ὲκ
783 3406 880 3461 τοῦ
905 3408 1135 3463 θανάτου
1169 3409 1516 3476 ἀντελάϐετο,
1541 3410 1707 3480 μέσον
1725 3412 1834 3465 τῶν

249 3498 468 3570 νεκρῶν
507 3500 540 3569 ὴ
576 3499 713 3570 ζωὴ,
737 3498 828 3555 ἴνα
853 3499 989 3572 λύσῃ
1020 3500 1115 3554 τοῦ
1154 3500 1383 3557 θανάτου
1414 3501 1514 3573 τὴν
1542 3503 1843 3576 τυραννίδα.

251 3592 565 3662 γενομένος.

337 3701 356 3735 ι
389 3681 506 3737 Πᾶν
529 3680 727 3754 βρῶμα
749 3680 1071 3747 ἐϐδελύξατο
1095 3683 1129 3752 ἠ
1163 3681 1332 3754 ψυχή.
1364 3700 1386 3735 ι

332 3860 539 3933 Βρῶμα
574 3861 674 3933 τὴν
703 3862 910 3933 τροφὴν
948 3859 1184 3916 ἐνταῦθα
1238 3860 1339 3931 τὴν
1374 3859 1600 3932 λογικὴν
1642 3862 1835 3932 νοήσο-

258 3969 390 4025 μενσ
417 3953 549 4024 περὶ
579 3948 647 4025 ἦς
675 3953 704 4004 ό
729 3953 935 4026 Κύριος
960 3956 1073 4018 τοῖς
1102 3954 1425 4017 ἀποστόλοις
1449 3954 1634 4019 ἔλεγεν
1656 3970 1669 3984 ·
1715 3955 1853 4022 Ἐρ-,

256 4044 508 4116 τὰζὲσθε
531 4045 618 4117 μὴ
655 4045 771 4114 τὴν
789 4046 1028 4117 βρῶσιν
1051 4045 1164 4114 τὴν
1193 4043 1652 4114 ἀπολλυμένην,
1680 4044 1842 4099 ἀλλὰ

257 4138 379 4206 τὴν
395 4137 708 4208 μένουσαν
729 4140 816 4204 είς
849 4137 1002 4206 ζωὴν
1023 4138 1286 4192 αἰώνιον.
1319 4135 1536 4208 Ταύτης
1569 4138 1682 4191 πᾶν
1705 4132 1854 4201 εἶδος·

257 4231 292 4284 ὁ
345 4229 634 4300 ὧνθρωσιος
679 4228 1016 4294 ὲὸδελύξατο.
1070 4229 1207 4282 Οὔτε
1256 4228 1366 4300 γὰρ
1408 4233 1636 4298 φυσικὸν
1679 4229 1843 4300 νόμον

258 4319 390 4374 οὗτε
419 4320 668 4390 γραπτὸν
715 4320 1017 4390 ἐφύλαξαν,
1041 4322 1134 4374 καὶ
1155 4321 1245 4374 διὰ
1283 4319 1444 4374 τοῦτο
1470 4321 1708 4391 ἤγγισαν
1737 4321 1844 4386 ἓως

257 4414 375 4468 τῶν
405 4413 592 4467 πυλῶν
615 4414 708 4468 τοῦ
732 4414 985 4468 θανάτου.
1017 4415 1199 4468 Πύλαι·
1227 4415 1284 4467 δὲ
1309 4415 1540 4472 θανάτου
1573 4417 1640 4470 τὰ
1667 4417 1847 4489 ἀμαρ-

1990 2125 2152 2181 Vens.
2185 2125 2242 2181 8.
2286 2144 2304 2179 ι
2345 2125 2724 2182 Conﬁteantur
2758 2127 3006 2183 Domino.
3045 2146 3063 2180 ι

1992 2217 2391 2275 Misericordias
2433 2228 2488 2275 et
2517 2221 2785 2276 mirabilia
2831 2220 3211 2292 appellavitea
3239 2233 3361 2289 quae
3400 2214 3495 2270 Dei

1921 2320 2067 2368 sunt.
2113 2311 2466 2382 Quaecunque
2507 2311 2654 2366 enim
2690 2310 2953 2366 miracula
2997 2311 3249 2379 patravit,
3284 2323 3393 2364 non
3427 2306 3498 2361 ad

1922 2404 2344 2461 ostentationem
2369 2412 2464 2458 aut
2485 2402 2670 2475 gloriae
2691 2402 2872 2458 studio
2901 2402 3132 2472 peregit,
3153 2401 3248 2456 sed
3274 2400 3498 2455 omnino

1923 2506 2145 2569 propter
2197 2496 2631 2552 misericordiam
2686 2503 2741 2550 et
2794 2494 3188 2571 benignitatem
3237 2507 3392 2547 suam
3443 2491 3498 2544 in

1923 2609 2020 2647 eos
2049 2608 2148 2662 pro
2177 2592 2375 2662 quibus
2407 2591 2522 2645 ιιωο
2549 2588 2812 2644 miracula
2841 2596 3051 2657 patrata
3083 2595 3259 2652 sunt.“

1997 2677 2160 2734 Vens.
2193 2680 2246 2734 9.
2285 2697 2302 2729 ι
2337 2676 2474 2743 Quia
2504 2676 2722 2731 satiavit
2752 2675 2988 2730 animant
3025 2675 3266 2729 inanem.
3299 2690 3318 2724 ι

1997 2766 2208 2820 Etenim
2245 2780 2368 2823 eum
2390 2765 2638 2821 eamdem
2673 2779 2889 2835 quoque
2920 2763 3252 2819 esurientem
3279 2760 3498 2826 dixerit,

1928 2860 2168 2915 ostendit
2214 2859 2490 2929 quomodo
2529 2866 2844 2929 peccatores
2883 2856 3052 2927 aliqui
3098 2855 3209 2910 sint
3246 2853 3501 2909 famelici.

1928 2946 2150 3003 lnanem
2180 2949 2326 3003 enim
2357 2963 2456 3018 pro
2482 2963 2623 3004 vano
2649 2945 2880 3017 accepit.

2000 3041 2162 3096 Vens.
2202 3042 2289 3095 l7.
2331 3059 2349 3093 ι
2381 3039 2635 3111 Suscepit
2663 3055 2758 3095 eos
2788 3038 2854 3095 de
2883 3037 2970 3093 via
3004 3036 3325 3108 iniquitatis.
3359 3054 3381 3090 ι

2002 3131 2160 3188 Viam
2217 3132 2522 3204 iniquitatis
2586 3130 2897 3186 necessario
2953 3131 3187 3201 appellat
3249 3136 3503 3183 mortem.

1933 3226 2110 3283 Causa
2144 3225 2290 3281 enim
2328 3224 2520 3280 mortis
2559 3223 2665 3279 fuit
2701 3221 3081 3294 praevaricatio
3109 3221 3241 3293 leg-is
3274 3220 3415 3274 datae
3449 3218 3511 3273 in

1934 3318 2207 3390 paradiso.
2229 3316 2616 3372 Verumtamen
2637 3315 2891 3370 Christus
2912 3329 3012 3368 nos
3034 3314 3101 3368 de
3126 3320 3301 3367 morte
3325 3325 3509 3366 susce-

1934 3412 2035 3483 pit.
2072 3411 2245 3466 factus
2271 3408 2381 3466 vita
2415 3409 2470 3464 in
2501 3408 3085 3471 medionortuorum,
3114 3413 3174 3464 ut
3197 3404 3392 3461 mortis
3426 3411 3510 3475 ty.-
3592 3401 3602 3409 '

1936 3502 2222 3559 rannidem
2256 3500 2595 3557 dissolveret.

2008 3685 2172 3741 Vens.
2241 3684 2327 3739 18.
2411 3702 2446 3734 ι.
2490 3679 2720 3737 Omnem
2794 3692 2977 3734 escam
3044 3673 3353 3731 abominata
3426 3680 3512 3728 est

1938 3778 2139 3832 anima.
2176 3794 2206 3827 »-

2014 3868 2207 3923 Eseam
2243 3865 2347 3920 hoc
2383 3863 2506 3918 loco
2545 3859 2898 3931 intelligimus
2934 3857 3114 3914 cibum
3160 3854 3510 3919 rationalem;

1940 3961 2008 4017 de
2053 3975 2159 4030 qua
2203 3955 2466 4011 Dominus
2520 3952 2779 4022 apostolis
2825 3949 2961 4006 dixit
3003 3966 3016 4003 :
3054 3945 3360 4017 Operamini
3413 3960 3514 3997 non

1943 4052 2113 4106 cibum
2159 4049 2247 4118 qui
2290 4047 2456 4117 perit,
2505 4045 2594 4098 sed
2632 4044 2722 4114 qui
2768 4049 3038 4111 permanet
3081 4039 3327 4092 invitam
3357 4046 3516 4090 σπεν-

1944 4157 2068 4198 nam
2101 4141 2173 4193 ⁷².
2209 4140 2438 4193 Omnem
2480 4135 2645 4205 hujus
2685 4136 2923 4204 speciem
2958 4131 3122 4185 homo
3161 4126 3517 4183 abominaba-

1943 4243 2056 4290 tur.
2096 4231 2229 4286 Nam
2273 4243 2449 4298 neque
2488 4228 2660 4298 legem
2699 4224 3003 4278 naturalem
3044 4235 3220 4290 neque
3258 4218 3516 4286 scriptam

1947 4324 2392 4384 observaverant,
2422 4328 2479 4374 et
2508 4317 2712 4372 idcirco
2750 4315 3318 4385 appropinquaverant
3349 4324 3520 4380 usque

1948 4417 2014 4472 ad
2045 4424 2231 4488 portas
2261 4411 2472 4468 mortis.
2506 4409 2681 4464 Porta:
2711 4417 2895 4463 autem
2926 4406 3117 4460 mortis
3143 4412 3270 4457 sunt
3299 4412 3519 4472 peccata

260 4508 335 4577 τή
343 4524 488 4576 ματα
509 4501 591 4571 οἷς
612 4507 730 4561 δέον
752 4509 950 4572 αὐτοὺς
971 4507 1364 4579 μακρύνεσθαι.
1387 4508 1553 4562 ’Ὀσον
1581 4509 1691 4581 γὰρ
1710 4509 1841 4564 ταύ-

1950 4524 1982 4564 a
2020 4506 2219 4578 quibus
2260 4506 2579 4573 oportuerat
2624 4512 2718 4553 eos
2757 4495 3018 4567 elongari.
3053 4493 3329 4560 Quantum
3374 4491 3524 4544 enim

262 4614 389 4660 ταις
420 4597 676 4667 ἤγγισαν,
708 4597 962 4650 τοσοῦτον
1007 4597 1198 4667 πόρῤω
1228 4595 1338 4650 τῶν
1371 4596 1551 4652 πυλῶν
1576 4598 1674 4669 τῆς
1700 4598 1845 4670 ζωῆς

262 4687 584 4755 ἀναγκαίως
631 4688 903 4758 ἐγένοντο.
938 4687 1077 4741 Ἀλλ’
1126 4689 1154 4741 ό
1202 4687 1442 4759 Χριστὸς
1498 4689 1695 4754 αὐτοὺς
1752 4691 1847 4743 καὶ

268 4781 498 4852 μακρὰν
537 4779 698 4844 ὄντας
759 4779 928 4850 ἐγγὺς
968 4779 1057 4834 διὰ
1093 4777 1187 4832 τοῦ
1233 4779 1465 4849 αἵματος
1503 4780 1599 4833 τοῦ
1640 4780 1844 4835 οἰκείου

266 4869 592 4941 πεποίηκεν.

351 4981 372 5014 ‹
407 4962 518 5016 Καὶ
549 4960 856 5032 ὲκέκραξαν
881 4959 1019 5032 πρὸς
1051 4961 1277 5033 Κύριον.
1315 4981 1334 5014 ι

348 5052 610 5123 Κραυγὴν
645 5052 676 5105 6
722 5051 855 5115 Θεὸς
905 5053 966 5107 οὐ
1009 5051 1108 5122 τὴν
1151 5044 1239 5106 διὰ
1293 5050 1478 5121 φωνῆς
1523 5052 1844 5122 γενομένην,

269 5145 414 5201 ἀλλά
470 5143 567 5214 τὴν
616 5142 857 5197 διάθεσιν
906 5143 1008 5213 τῆς
1055 5141 1293 5206 διανοίας
1356 5140 1666 5210 λογίζεται·
1727 5143 1860 5196 ἐπεὶ

272 5237 374 5290 καὶ
424 5235 706 5299 Μωῦσέως
753 5233 1066 5299 σιωπῶντος
1129 5235 1314 5304 ἔλεγε,
1377 5234 1438 5290 Τί
1484 5231 1643 5302 ,βοᾷς
1699 5235 1851 5303 πρός

267 5341 391 5398 μεὲ

356 5437 378 5471 ι
424 5416 737 5472 Ἀπέστειλε
765 5416 856 5470 τὸν
889 5415 1064 5485 Λόγον
1087 5415 1282 5482 αὐτοῦ.
1319 5435 1338 5468 ι

349 5510 418 5564 Τί
456 5510 647 5564 τούτου
695 5507 1029 5580 σαφέστερον
1062 5509 1198 5578 πρὸς
1230 5507 1465 5573 ἔνδειξιν
1484 5507 1583 5578 τῆς
1620 5508 1716 5562 τοῦ
1750 5509 1858 5562 Σω-

276 5603 450 5675 τῆρος
503 5602 876 5675 σαρκώσεως;
947 5601 1321 5677 ἀποσταλέντα
1370 5601 1479 5673 γὰρ
1538 5601 1710 5671 Λόγον
1765 5601 1856 5656 τὸν

361 5814 406 5846 ⁷⁸
432 5813 591 5869 Joan.
621 5829 696 5876 τ’-.
737 5813 805 5866 Q7
905 5812 947 5843 τ’
986 5811 1157 5867 Exod.
1182 5827 1291 5874 χεν,
1326 5810 1412 5864 15.

1951 4601 2041 4658 his
2097 4594 2699 4668 appropinquaverunt,
2737 4587 3077 4643 tantumdem
3124 4584 3438 4639 necessario
3494 4597 3523 4636 a

1952 4693 2126 4766 portis
2158 4691 2284 4747 vitae
2312 4687 2476 4758 longe
2503 4685 2632 4740 facti
2667 4691 2814 4739 sunt.
2855 4680 3058 4735 Verum
3091 4677 3340 4734 Christus
3379 4676 3530 4746 ipsos

1953 4787 2119 4845 etiam
2152 4785 2439 4854 elongatos
2472 4795 2573 4851 per
2619 4775 2942 4847 sanguinem
2991 4786 3149 4827 suum
3190 4769 3530 4841 pr0pinquos

1955 4879 2211 4937 reddidit.

2029 4971 2195 5027 Vens.
2231 4969 2318 5024 i9.
2358 4987 2376 5020 ι
2411 4966 2478 5023 Ει
2505 4965 2881 5021 clamaverunt
2906 4961 2973 5017 ad
2999 4959 3312 5016 Dominum.
3345 4974 3363 5007 ι

2031 5062 2176 5118 Deus
2219 5061 2452 5117 aestimat
2492 5059 2787 5114 clamorem
2822 5069 2934 5109 non
2971 5051 3062 5122 qui
3097 5065 3195 5121 per
3223 5046 3394 5112 vocis,
3434 5042 3532 5099 sed

1962 5168 2059 5224 per
2081 5152 2280 5206 mentis
2296 5149 2549 5204 aﬂ‘ectum
2573 5145 2864 5210 emittitur;
2890 5139 3326 5214 quandoquidem
3351 5135 3532 5207 Moyse

1958 5244 2124 5300 etiam
2149 5241 2341 5298 silente
2369 5238 2600 5296 dixerit:
2631 5236 2769 5302 Quid
2795 5236 2997 5290 clamas
3022 5234 3091 5286 ad
3117 5249 3198 5286 me
3219 5231 3306 5285 7‘?

2028 5417 2190 5472 Vens.
2225 5416 2315 5472 ‘20.
2353 5433 2371 5467 ι
2409 5413 2555 5468 Misit
2584 5410 2826 5466 Verbum
2858 5420 3038 5462 suum.
3078 5423 3095 5455 ι

2029 5509 2168 5575 Quid
2209 5508 2315 5563 hoc
2347 5503 2692 5560 manifestius
2721 5501 2789 5556 ad
2824 5490 3303 5554 demonstrandam
3346 5486 3537 5542 Salva-

1961 5600 2093 5658 toris
2136 5596 2606 5656 incarnationem?
2656 5593 2880 5648 Missum
2918 5578 3356 5656 enimkintelligit
3403 5575 3538 5636 Ver:
