3962 6456
480 362 615 450 13οά

1678 388 2039 451 HESYCIIII
2076 388 2549 452 PRESBYTER!

3621 383 3741 447 1304

477 509 606 562 hum
639 507 1008 569 incarnatum.
1036 506 1183 576 quod
1211 506 1290 560 ait
1319 526 1331 561 :
1369 505 1475 572 Qui
1509 523 1590 561 nte
1621 507 1859 575 suscipit,
1899 509 2052 561 susci.

2171 506 2521 579 σαρκωθέντα
2542 507 2715 577 λέγει,
2739 504 2830 561 τὸν
2861 507 3088 575 λέγοντα
3107 524 3120 537 ο
3168 506 3232 559 ’0
3258 506 3362 574 ἐμὲ
3402 504 3741 575 δεχόμενος,

476 601 552 670 pit
582 617 704 654 eum
746 601 837 670 qui
882 616 965 655 me
1012 600 1153 653 misit
1187 600 1255 654 τι.
1292 598 1393 653 Hic
1434 598 1566 654 dum
1610 615 1783 670 genus
1810 609 2057 655 nostrum

476 678 718 757 curaret,
752 693 823 748 de
862 692 1278 748 interitionibus
1318 690 1528 746 scilicet
1569 698 1919 760 peccatorum
1958 702 2059 742 nos

479 787 756 841 liberavit.
811 783 1071 839 Interitus
1125 783 1273 838 enim
1334 780 1577 837 universi
1640 779 1880 835 hominis
1930 788 2061 834 sunt

478 884 720 945 peccata.
767 874 1036 941 Quoniam
1077 872 1124 927 si
1164 871 1285 943 quis
1328 872 1592 943 templum
1627 869 1725 926 Dei
1752 868 2055 937 violaverit,

477 968 672 1037 perdet
702 982 826 1035 eum
858 964 1024 1021 Deus.

549 1076 714 1132 Vens.
739 1077 829 1133 23.
869 1096 887 1129 ι
918 1077 1021 1142 Qui
1051 1076 1389 1132 descendunt
1420 1077 1474 1131 in
1508 1091 1676 1131 mare.
1709 1095 1728 1128 ι

548 1167 664 1222 Hoc
693 1167 812 1221 loco
842 1183 991 1222 mare
1020 1167 1323 1238 intelligere
1348 1176 1568 1236 oportet
1596 1167 1764 1221 vitam
1789 1174 2055 1233 nostram,

477 1274 647 1315 naves
681 1260 950 1315 Ecclesias
980 1277 994 1313 :
1027 1260 1094 1315 de
1127 1261 1327 1329 quibus
1360 1261 1504 1315 Deus
1542 1260 1666 1314 talia
1704 1260 1772 1315 ad
1809 1258 1910 1315 Job
1938 1261 2053 1316 ait:

478 1353 642 1409 Omne
671 1362 851 1407 autem
887 1356 1143 1425 navigans
1178 1352 1485 1406 conueniens
1519 1368 1622 1405 non
1664 1353 1829 1423 ferent
1870 1352 2058 1420 pellem

2159 598 2394 669 δέχεται
2439 599 2547 652 τὸν
2568 594 3020 651 ἀποστείλαντά
3066 612 3162 663 με.
3221 594 3445 663 Ὅσπερ
3488 592 3647 663 ήμῶν
3687 593 3744 644 τὸ

2159 690 2317 759 γένος
2377 691 2693 762 ἰασάμενος,
2751 690 2945 743 ἐκτῶν
2999 687 3307 759 διαφθορῶν
3346 687 3508 758 ἡμᾶς
3554 685 3748 759 δηλαδὴ

2158 781 2269 836 τῶν
2296 782 2711 854 ἁμαρτημάτων
2735 781 3025 852 ἐρρύσατο.
3065 781 3244 850 Φθορά
3276 779 3386 850 γὰρ
3420 776 3634 839 παντὸς
3658 779 3747 831 ἀν-

2160 879 2380 953 θρώπου
2409 880 2477 933 τά
2510 879 2905 950 ἁμαρτήματα.
2955 876 3175 946 Ἐπειδὴ
3202 876 3361 939 εἴτις
3386 872 3491 927 τὸν
3514 870 3646 925 ναὸν
3661 869 3747 924 τοῦ

2159 968 2296 1025 Θεοῦ
2319 972 2552 1043 φθείρει,
2571 970 2765 1041 φθερεῖ
2788 970 2978 1023 τοῦτον
3000 968 3030 1021 ὁ
3063 968 3219 1032 Θεός.

2233 1102 2251 1135 ι
2280 1083 2344 1136 Οί
2372 1082 2792 1146 καταϐαίνοντες
2812 1082 2893 1146 εἰς
2917 1082 3217 1137 θάλασσαν.
3258 1099 3278 1134 ι

2241 1173 2505 1227 Ἐνταῦθα
2526 1173 2801 1226 θάλασσαν
2814 1173 3007 1241 νοῆσαι
3039 1171 3150 1242 χρὴ
3174 1171 3265 1224 τὸν
3290 1170 3405 1241 βίον
3424 1168 3529 1223 τὸν
3555 1167 3749 1238 ἡμέτε-

2159 1282 2274 1337 ρον,
2288 1265 2447 1318 πλοῖα
2462 1265 2559 1329 τὰς
2573 1262 2922 1336 Ἐκκλησίας’
2948 1281 3015 1315 πε
3024 1265 3078 1335 ρὶ
3090 1259 3164 1318 ὦν
3176 1265 3207 1315 ὁ
3226 1259 3603 1326 Θεὸςτοιαῦτα
3619 1259 3751 1329 πρὸς

2157 1355 2247 1409 τὸν
2275 1354 2397 1407 Ἰὼϐ
2421 1353 2732 1423 διαλέγεται
2758 1371 2771 1385 ο
2805 1352 2936 1408 Πᾶν
2965 1353 3034 1406 δὲ
3057 1352 3298 1407 πλωτὸν
3326 1351 3650 1407 συνελθὸν
3682 1353 3749 1404 οὐ

476 1462 639 1499 unam
672 1447 858 1502 cauda:
890 1447 1006 1516 ejus
1039 1462 1057 1499 :
1089 1456 1139 1501 et
1175 1447 1233 1499 in
1278 1447 1505 1517 navigiis
1542 1447 1867 1514 piscatorum
1901 1457 2052 1515 caput

2159 1450 2238 1519 μὴ
2271 1446 2559 1517 ἐνέγκωσι
2581 1447 2829 1515 ,ϐύρσαν
2852 1448 3002 1516 μίαν
3055 1445 3244 1515 οὐρᾶς
3276 1446 3471 1500 αὑτοῦ
3499 1461 3517 1476 ·
3553 1442 3657 1498 καί
3684 1443 3749 1497 ἐν

474 1536 590 1604 ejus
612 1537 678 1590 ⁷⁸.
724 1536 984 1609 lntelligit
1021 1549 1204 1593 autem
1245 1538 1542 1604 diabolum,
1576 1539 1853 1608 quomodo
1892 1537 2058 1593 nimi-

478 1644 597 1681 rum
631 1629 814 1683 omnis
850 1630 1133 1684 hominum
1165 1630 1432 1684 industria
1471 1630 1616 1685 circa
1653 1630 1835 1700 ipsum
1870 1628 2058 1684 eluda-

477 1729 583 1783 tur,
612 1720 685 1774 ita
718 1729 779 1775 ut
807 1736 987 1792 neque
1016 1722 1209 1792 pellem
1236 1722 1425 1778 caudae
1453 1722 1573 1793 eius
1605 1724 1748 1777 ferre
1778 1722 1862 1775 vel
1890 1720 2058 1775 susti-

2157 1540 2395 1605 πλοίοις
2421 1536 2641 1593 ἀλιέων
2668 1537 2907 1607 κεφαλὴ
2950 1536 3161 1617 αὐτοῦ.
3197 1536 3363 1608 Λέγει
3408 1536 3466 1589 δὲ
3498 1536 3598 1588 τὸν
3637 1536 3748 1588 διά-

2159 1630 2338 1694 σολον,
2383 1630 2460 1696 ὡς
2489 1630 2626 1701 πρὸς
2656 1630 2821 1683 αὑτὸν
2858 1630 3009 1683 πᾶσα
3044 1629 3145 1700 μὲν
3178 1627 3486 1701 ἀνθρώπων
3519 1629 3747 1697 ήττᾶται

2162 1722 2402 1794 μηχανὴ,
2440 1721 2581 1776 ὥστε
2610 1721 2749 1793 μηδὲ
2789 1719 2995 1793 βύρσαν
3027 1722 3193 1790 οὐρᾶς
3233 1718 3401 1774 αὑτοῦ
3448 1719 3746 1789 βαστάζειν

473 1826 609 1867 nere
637 1813 854 1868 valeant
882 1830 899 1868 :
932 1825 1311 1870 verumtamen
1349 1815 1529 1885 ipsum
1574 1823 1739 1884 caput
1776 1814 1920 1881 ejus,
1951 1812 2052 1867 sci-

2159 1816 2191 1889 ἢ
2222 1815 2589 1887 ὑφίστασθαιο
2634 1813 2750 1870 ἀλλ’
2782 1815 2931 1885 ὅμως
2966 1812 3130 1869 αὐτοῦ
3155 1813 3252 1885 τήν
3273 1810 3743 1882 κεφαλὴν,δηλαδὴ

475 1901 603 1959 licet
630 1904 1016 1974 idololatriam,
1042 1921 1163 1976 qua
1195 1907 1377 1962 omnis
1405 1906 1662 1976 nequitia:
1697 1906 1867 1976 ipsius
1891 1917 2055 1976 caput

476 1994 705 2061 exstitit,
736 1996 794 2050 in
832 1997 1063 2052 navibus
1095 1998 1461 2053 Ecelesiarum
1494 1998 1723 2068 apostoli
1762 1995 2054 2053 interfece-

477 2093 629 2139 runt.
677 2084 743 2141 Hi
796 2088 1167 2158 operationem
1217 2091 1273 2144 in
1318 2089 1473 2160 aquis
1514 2090 1721 2154 multis,
1774 2090 1827 2146 id
1867 2100 1953 2146 est
1995 2091 2050 2146 in

476 2176 829 2234 multitudine
866 2179 1147 2235 hominum
1187 2182 1417 2236 salutem
1456 2182 1848 2251 praestiterunt.
1879 2184 2051 2239 Caete-

400 2294 405 2295 ί
476 2276 599 2318 rum
643 2263 738 2319 Dei
780 2280 997 2336 quoque
1039 2282 1206 2338 opera
1243 2268 1518 2335 viderunt,
1559 2269 1611 2323 id
1652 2279 1736 2324 est
1776 2281 2052 2326 creaturas

475 2361 535 2409 et
584 2355 877 2423 mirabilia,
914 2358 968 2413 id
1018 2367 1105 2413 est
1151 2360 1327 2431 signa,
1361 2375 1483 2430 qua:
1529 2362 1757 2417 salutem
1814 2373 2051 2417 nostram

475 2445 805 2516 dispensans
846 2450 1031 2519 posuit
1065 2450 1119 2505 in
1152 2451 1447 2522 profundo,
1481 2453 1585 2509 hoc
1626 2463 1711 2509 est
1748 2454 1805 2508 in
1841 2454 2054 2524 sapien-

476 2539 551 2592 tia
584 2554 600 2591 :
628 2554 758 2594 cum
792 2556 898 2609 qua
924 2541 1071 2597 Deus
1114 2559 1202 2599 res
1247 2555 1467 2601 nostras
1507 2546 1875 2601 administrat.
1919 2545 2055 2601 Pro-

475 2629 704 2684 fundum
749 2632 895 2686 enim
937 2641 1023 2688 est
1060 2634 1156 2689 Dei
1198 2636 1485 2706 sapientia,
1516 2647 1741 2707 propter
1779 2655 1934 2693 suam
1968 2639 2054 2693 in-

476 2723 1130 2791 comprehensibilitatem
1184 2736 1242 2782 et
1296 2728 1740 2786 immensitatem.
1801 2730 2054 2803 lntelligit

447 2888 454 2897 ‘
477 2812 806 2869 tentationes
828 2814 919 2886 (iis
939 2817 1086 2871 enim
1104 2827 1276 2873 scatet
1290 2819 1399 2873 vita
1418 2820 1678 2890 humana)
1701 2840 1714 2875 :
1732 2821 1852 2876 illas
1869 2831 2049 2876 autem

476 2910 705 2966 suscitat
756 2912 982 2983 spiritus
1026 2916 1298 2985 procellae,
1333 2918 1544 2973 scilicet
1587 2920 1815 2990 spiritus
1854 2920 2053 2975 adver-

477 2999 689 3065 sarius;
733 3018 842 3057 non
886 3013 1069 3060 tamen
1098 3022 1163 3061 ex
1194 3009 1405 3077 privata
1439 3025 1534 3064 sua
1571 3012 1913 3073 auctoritate.
1957 3013 2052 3069 sed

478 3091 590 3145 Deo
617 3091 719 3147 hoc
749 3094 815 3149 ad
841 3096 1116 3165 justorum
1157 3100 1604 3156 exercitationem
1639 3114 1701 3157 ac
1736 3103 2052 3158 manifesta-

2161 1908 2259 1979 τὴν
2295 1906 2708 1977 είδωλολατρίαν
2732 1946 2747 1970 ,
2779 1906 2901 1976 ἥτις
2933 1904 3114 1973 πάσης
3147 1902 3310 1956 αὐτοῦ
3342 1904 3441 1972 τῆς
3474 1901 3742 1971 πονηρίας

2161 1999 2376 2071 ὑπῆρχε
2416 1997 2744 2068 κεφάλαιον,
2778 1998 2835 2049 ἐν
2873 1997 2988 2058 τοῖς
3031 1994 3237 2057 πλοίοις
3270 1993 3380 2045 τῶν
3396 1990 3739 2059 Ἐκκλησιιῖιν

2159 2093 2474 2163 ἐνέκρωσαν
2514 2090 2564 2144 οἱ
2614 2088 2923 2144 ἀπόστολοι.
2958 2080 3121 2142 Οὗτοι
3167 2085 3432 2156 ἐργασίαν
3470 2087 3531 2138 ἐν
3584 2082 3737 2137 ῦδασι

2161 2183 2396 2246 πολλοῖς,
2435 2183 2492 2235 ἐν
2529 2180 2610 2252 τῷ
2650 2179 2847 2252 πλήθει
2891 2178 3090 2249 δηλαδὴ
3135 2178 3233 2248 τὴν
3274 2176 3385 2229 τῶν
3434 2174 3737 2244 ἀνθρώπων

2162 2275 2440 2348 σωτηρίαν
2466 2274 2816 2344 πεποίηνται.
2843 2271 3056 2326 Ἰδοσαν
3082 2270 3137 2324 δὲ
3158 2271 3252 2323 καὶ⁸
3293 2268 3389 2321 τοῦ
3410 2267 3541 2320 Θεοῦ
3561 2266 3631 2319 τὰ
3654 2268 3734 2334 ἕρ-

2157 2388 2251 2440 γα,
2290 2368 2540 2423 τουτέστι
2576 2364 2646 2420 τὰ
2689 2363 3154 2436 δημιουργήματα
3192 2361 3287 2417 καὶ
3311 2359 3381 2414 τὰ
3433 2357 3731 2427 θαυμάσια,

2157 2460 2356 2534 δηλαδὴ
2388 2460 2457 2513 τὰ
2487 2459 2711 2529 σημεῖα,
2744 2457 2845 2509 ὅσα
2871 2455 2970 2524 τὴν
2997 2453 3272 2525 σωτηρίαν
3312 2449 3612 2520 οἰκονομῶν
3638 2448 3727 2518 τήν

2156 2552 2430 2624 ἡμετέραν
2461 2549 2614 2603 ἔθετο
2644 2550 2700 2601 ἐν
2722 2546 2799 2618 τῷ
2828 2545 2998 2618 βυθῷ,
3032 2545 3312 2601 τουτέστιν
3344 2545 3404 2596 ἐν
3442 2546 3506 2613 τῇ
3532 2541 3724 2610 “gi;-

2162 2644 2281 2717 μεθ’
2317 2638 2383 2716 ἦς
2414 2644 2443 2696 ὁ
2476 2641 2611 2705 Θεὸς
2649 2640 2923 2710 οἰκονομεῖ
2956 2638 3023 2691 τὰ
3055 2636 3322 2708 ἡμέτερα.
3354 2634 3525 2697 Βάθος
3557 2633 3664 2702 γὰρ
3694 2632 3724 2699 ἠ

2158 2736 2251 2791 τοῦ
2281 2734 2417 2788 Θεοῦ
2461 2733 2647 2803 σοφία,
2690 2731 2779 2785 διὰ
2798 2730 2860 2783 τὸ
2901 2728 3222 2784 ἀνείκαστον
3269 2728 3437 2797 αὐτῆς
3468 2727 3557 2779 καὶ
3591 2724 3725 2795 ἀμέ-

2158 2842 2374 2897 τρητον.
2406 2824 2544 2886 Τοὺς
2568 2821 2910 2893 πειρασμοὺς
2953 2819 3104 2887 λέγει
3146 2818 3331 2890 (γέμει
3359 2819 3466 2887 γὰρ
3494 2816 3669 2870 αὐτῶν
3696 2813 3723 2867 ὁ

2161 2918 2275 2989 βίος
2303 2918 2332 2968 ὁ
2354 2914 2719 2984 ἀνθρώπινος)
2747 2928 2762 2943 ⁸
2805 2911 3012 2982 ἐγείρει
3039 2910 3097 2963 δὲ
3130 2911 3329 2975 αὐτοὺς
3362 2910 3533 2963 καὶτὸ
3562 2907 3722 2961 πνεῦ-

2163 3027 2239 3079 μα
2255 3009 2358 3078 τῆς
2390 3006 2722 3075 καταιγίδος,
2755 3004 2954 3077 δηλαδὴ
2990 3003 3051 3057 τὸ
3089 3002 3311 3073 πνεῦμα
3344 3003 3403 3056 τὸ
3426 3002 3717 3070 ἀντικείμε-

2158 3118 2248 3153 νον
2269 3114 2282 3129 ⁶
2316 3100 2376 3165 οὐ
2408 3100 2515 3170 μὴν
2545 3098 2655 3151 ἀπὸ
2681 3098 2780 3168 τῆς
2805 3097 3017 3150 οἴκοθεν
3038 3094 3313 3160 ἐξουσίας,
3345 3094 3718 3165 ἐπιτρέψαντος

478 3181 686 3237 tionem
734 3186 1110 3255 permittente.
1148 3190 1420 3245 Caeterum
1473 3192 1616 3248 Deus
1664 3193 1895 3264 ipsemet
1948 3196 2051 3250 hoc

2159 3190 2211 3249 δὲ
2247 3190 2337 3245 τοῦ
2372 3189 2507 3245 Θεοῦ
2539 3191 2617 3255 εἰς
2638 3191 2738 3261 τὴν
2766 3188 2877 3242 τῶν
2907 3188 3131 3243 δικαίων
3172 3185 3484 3257 γυμνασίαν
3510 3186 3595 3238 καὶ
3622 3200 3717 3251 φα·

475 3270 740 3341 deelarat,
771 3279 993 3347 quando
1038 3281 1288 3350 permisit
1338 3283 1555 3339 diabolo
1600 3296 1660 3339 ut
1692 3285 1889 3340 Jobum
1934 3295 2054 3341 ten-

476 3372 637 3419 taret.
679 3364 913 3425 Pulchre
957 3382 1138 3426 autem
1190 3374 1521 3430 tentationes
1564 3377 1781 3431 vocavit
1822 3376 2052 3444 ﬂuctus;

374 3530 381 3540 ἱ
476 3457 919 3527 quandoquidem
962 3462 1105 3517 sicut
1152 3465 1517 3534 tranquillitas
1564 3475 1687 3537 post
1721 3466 1939 3533 ﬂuetus,
1980 3468 2053 3523 ita

479 3555 602 3615 post
635 3549 966 3607 tentationes
1000 3568 1106 3623 pax
1134 3555 1398 3611 succedit.

550 3762 717 3825 Vens.
752 3768 843 3825 26.
885 3789 905 3823 ι
940 3770 1259 3827 Ascendunt
1284 3788 1457 3843 usque
1484 3774 1551 3828 ad
1580 3774 1768 3829 caelos.
1801 3791 1821 3825 ι
1854 3844 1857 3845 ν

551 3854 688 3914 una
730 3869 912 3916 autem
961 3863 1066 3918 hoc
1106 3863 1225 3919 loco
1264 3879 1375 3918 non
1414 3864 1563 3929 vitia,
1595 3865 1691 3920 sed
1736 3864 2055 3920 alllietiones

480 3946 755 4018 intelligit.
787 3948 944 4005 Unde
971 3951 1139 4007 Amos
1169 3952 1245 4006 ait
1275 3970 1288 4005 :
1315 3950 1373 4007 Si
1402 3954 1500 4008 erit
1523 3952 1732 4007 malitia
1761 3954 1813 4007 in
1846 3954 2055 4009 civitate

478 4054 640 4109 quam
670 4038 923 4094 Dominus
953 4056 1055 4094 non
1081 4042 1202 4112 fecit
1223 4042 1308 4094 "?
1333 4042 1642 4114 intelligens
1668 4043 2053 4115 castigationes

476 4144 615 4193 quas
642 4129 908 4185 Dominus
938 4130 1005 4185 ad
1044 4133 1441 4188 correctionem
1488 4134 1801 4190 hominibus
1838 4134 2049 4207 inﬂigit.

476 4220 536 4275 In
566 4222 654 4278 his
684 4223 865 4278 anima
894 4225 1205 4281 necessario
1240 4226 1570 4282 tabescebat.
1597 4226 1754 4293 Quod
1794 4228 1939 4283 enim
1968 4236 2054 4284 est

476 4326 615 4368 auro
658 4313 818 4385 ignis,
864 4316 969 4370 hoe
1012 4316 1300 4372 animabus
1347 4327 1477 4373 sunt
1528 4316 1886 4384 tentationes,
1930 4335 2053 4387 qua:

477 4402 623 4472 ipsas
650 4405 933 4462 tabescere
964 4406 1193 4471 faciunt,
1234 4424 1344 4462 non
1385 4418 1442 4463 ut
1485 4419 1927 4480 corrumpantur,
1955 4412 2049 4466 sed

478 4504 537 4551 ut
581 4508 841 4568 appareat
885 4511 1147 4571 quantum
1199 4501 1503 4570 splendoris
1550 4502 1806 4558 habeant.
1846 4502 2049 4557 Tenta-

478 4588 655 4645 tiones
679 4590 825 4645 enim
853 4600 1091 4662 arguunt
1114 4592 1344 4647 virtutes
1372 4593 1678 4649 hominum.
1705 4593 2050 4664 Quapropter

474 4679 741 4737 Dominus
785 4683 922 4738 dixit
955 4701 969 4737 :
1000 4682 1164 4739 Orate
1209 4695 1267 4738 ut
1316 4702 1417 4739 non
1464 4686 1668 4740 intretis
1708 4686 1765 4740 in
1798 4687 2049 4741 tentatio-

474 4789 594 4827 nem
620 4773 688 4828 ".
721 4772 863 4841 Quin
896 4784 952 4831 et
976 4773 1173 4833 Petrus
1204 4777 1260 4833 in
1300 4787 1509 4835 tantum
1548 4779 1800 4836 turbatus
1829 4787 1885 4835 et
1915 4795 2050 4835 eon-

473 4874 765 4932 quassatus
794 4865 897 4920 fuit
924 4866 1224 4921 tentatione
1261 4868 1589 4938 negationis,
1630 4879 1691 4924 ut
1719 4870 1787 4925 de
1818 4869 2050 4928 Domino

473 4953 683 5011 diceret
717 4973 731 5011 :
767 4956 888 5011 Non
933 4959 1052 5011 novi
1094 4959 1361 5013 hominem
1399 4960 1535 5014 hunc
1564 4961 1632 5015 ⁷⁸.
1672 4960 1821 5016 Ebrii
1864 4971 2048 5017 autem

474 5046 754 5115 prpprium
792 5057 877 5103 est
926 5065 1035 5102 non
1083 5051 1322 5116 novisse,
1374 5051 1541 5105 etiam
1586 5052 1788 5123 alioqui
1830 5062 2047 5108 notum.

471 5134 629 5190 Tunc
655 5135 819 5192 etiam
848 5137 1030 5193 omnis
1060 5139 1179 5209 eius
1209 5140 1473 5212 sapientia
1504 5141 1756 5212 absorpta
1784 5142 1905 5199 l‘uit.

545 5348 568 5384 ι
610 5330 774 5387 Vens.
802 5331 893 5388 28.
924 5333 993 5388 Et
1020 5333 1393 5392 elamaverunt
1418 5337 1484 5392 ad
1527 5336 1837 5393 Dominum.
1874 5357 1893 5389 ο

540 5419 711 5492 Igitur
734 5422 1194 5490 quemadmodum
1230 5436 1440 5482 natura:
1476 5427 1533 5483 in
1565 5436 1888 5497 tempestate
1926 5443 2045 5483 om-

467 5528 596 5568 nem
643 5513 887 5584 ipsorum
926 5514 1251 5572 industriam
1294 5527 1351 5574 et
1395 5526 1569 5573 artem
1615 5527 1909 5587 superante
1947 5534 2047 5589 per

469 5605 872 5661 invocationem
922 5605 1018 5663 Dei
1067 5608 1379 5677 salvantur;
1431 5610 1507 5665 ita
1556 5617 1774 5680 oportet
1815 5625 1911 5666 cos
1951 5612 2043 5681 qui

2163 3282 2425 3354 νέρωσιν’
2455 3281 2606 3353 δηλοῖ
2635 3280 2689 3335 δὲ
2739 3280 2902 3345 αὐτὸς
2939 3283 2968 3334 ὁ
2996 3280 3129 3343 Θεὸς
3166 3277 3377 3351 [ἡνίκα]
3405 3278 3480 3348 τῷ
3508 3276 3717 3345 διαὸόλῳ

2162 3370 2420 3439 πειρᾶσαι
2462 3367 2555 3421 τὸν
2621 3366 2742 3421 Ἰὼϐ
2801 3367 3126 3439 ἐπιτρέψας.
3172 3368 3370 3430 Καλῶς
3413 3368 3471 3420 δὲ
3514 3366 3715 3435 κύματα

2160 3462 2287 3524 τοὺς
2337 3460 2677 3530 πειρασμοὺς
2733 3446 3041 3514 ἐκάλεσεν·
3081 3460 3270 3530 ἐπειδὴ
3331 3460 3573 3528 καθάπερ
3626 3456 3711 3526 γα-

2160 3551 2294 3622 λήνη
2328 3550 2396 3605 τὰ
2428 3549 2668 3622 κύματα,
2690 3549 2864 3615 οὕτως
2894 3552 2989 3605 καὶ
3027 3551 3156 3616 τοὺς
3182 3553 3522 3623 πειρασμοὺς
3540 3552 3712 3622 εἰρήνη

2160 3643 2482 3715 διαδέχεται.

2237 3775 2257 3809 ι
2289 3757 2692 3811 Ἀναόαίνουσιν
2720 3757 2824 3822 ἕως
2843 3757 2953 3812 τῶν
2980 3757 3243 3830 οὐρανῶν.
3284 3775 3304 3810 ι

2212 3849 2311 3904 ’Τά
2352 3849 2497 3903 κακά
2520 3849 2577 3902 δὲ
2605 3848 2843 3904 ἐνταῦθα
2871 3850 2932 3903 οὐ
2968 3849 3169 3919 φαῦλα,
3200 3848 3337 3902 ἀλλά
3364 3849 3434 3903 τά
3453 3847 3709 3903 κακωτικὰ

2160 3942 2329 4011 λέγει.
2360 3941 2523 3996 Ὅθεν
2551 3940 2735 4013 Ἀμώς
2772 3958 2938 4012 φησιν
2957 3957 2971 3973 ·
3013 3943 3083 3995 El
3117 3942 3288 3999 ἔσται
3329 3944 3509 3997 κακία
3529 3943 3594 3996 ἐν·
3618 3941 3709 3993 πό-

2159 4035 2256 4087 λει
2295 4029 2376 4099 ἢν
2407 4032 2622 4100 Κύριος
2654 4034 2768 4086 οὐκ
2798 4032 3082 4102 sucinae;
3130 4035 3228 4097 τὰς
3271 4035 3525 4099 παιδείας
3561 4035 3710 4102 λέγων

2158 4125 2227 4189 ἃς
2256 4125 2507 4195 ἐπιφέρει
2535 4127 2648 4189 τοῖς
2690 4125 3001 4196 ἀνθρώποις
3044 4128 3122 4190 είς
3158 4126 3471 4197 διόρθωσιν.
3497 4127 3583 4182 Ἐν
3608 4126 3709 4181 τού-

2157 4233 2275 4280 τοις
2321 4218 2356 4288 ή
2395 4216 2543 4287 ψυχὴ
2580 4217 2895 4286 ἀναγκαίως
2938 4218 3200 4287 ἐτήκετοᾼ
3228 4219 3408 4289 Ὅπερ
3461 4220 3567 4291 γάρ
3611 4221 3709 4273 ἐστι

2157 4307 2237 4378 τῷ
2268 4307 2476 4379 χρυσίῳ
2499 4308 2561 4360 τὸ
2597 4307 2733 4380 πῦρ,
2772 4309 2934 4363 τοῦτο
2966 4311 3087 4373 ταῖς
3127 4309 3325 4380 ψυχαῖς
3348 4312 3398 4364 οἱ
3439 4311 3709 4382 πειρασμοὶ

2156 4398 2508 4468 τυγχάνουσι,
2535 4399 2794 4470 τήκοντες
2820 4398 3010 4465 αὑτὰς,
3038 4400 3137 4470 οὺχ
3181 4399 3321 4453 ὥστε
3345 4400 3707 4472 διαφθαρῆναι,

2157 4489 2272 4545 ἀλλ’
2313 4488 2455 4545 ὥστε
2497 4491 2876 4562 φανερωθῆναι
2917 4492 3036 4555 πῶς
3094 4491 3482 4565 λαμπρότητος
3526 4495 3709 4564 ἔχουσι.

2080 4554 2130 4614 θ
2154 4581 2470 4653 Ἐλὲγχουσι
2502 4554 2611 4653 γὰρ
2636 4554 2693 4636 οἱ
2745 4554 3040 4653 πειρασμοὶ
3084 4554 3183 4647 τὰς
3227 4554 3535 4654 ἀνθρωπων
3556 4554 3714 4637 "Suvi-

2158 4690 2301 4744 μεις.
2328 4674 2529 4745 Διόπερ
2558 4676 2587 4727 ὸ
2614 4675 2813 4746 Κύριος
2834 4675 3015 4743 ἔλεγε·
3046 4678 3470 4745 Προσεύχεσθε
3491 4675 3577 4746 μὴ
3604 4678 3712 4729 εἱσ-

2152 4764 2354 4819 ελθεῖν
2392 4767 2481 4832 εις
2523 4765 2882 4835 πειρασμόν.
2916 4765 3079 4819 Ἀλλὰ
3129 4765 3235 4835 μὴν
3271 4767 3376 4819 καὶ
3417 4766 3616 4836 Πέτρος
3644 4765 3711 4828 εἰς

2153 4857 2407 4912 τοσοῦτον
2434 4857 2707 4927 ἐταράχθη
2740 4857 2836 4911 καὶ
2878 4856 3140 4928 ἐσαλεύθη
3190 4857 3268 4927 τῷ
3308 4858 3599 4929 πειρασμῷ
3625 4857 3713 4925 τῆς

2157 4949 2461 5020 ἀρνήσεως,
2500 4948 2641 5002 ὥστε
2674 4949 2919 5017 περὶτοῦ
2950 4949 3160 5020 Κυρίου
3200 4948 3414 5017 λέγειν’
3449 4952 3569 5003 Οὐκ
3594 4946 3710 5002 οἶδα

2156 5042 2264 5095 τὸν
2300 5042 2614 5110 ἄνθρωπον
2636 5042 2872 5097 τοῦτον.
2908 5042 3215 5107 Μεθὺοντος
3236 5042 3291 5096 δὲ
3309 5042 3439 5096 [διον
3467 5044 3567 5097 οὐκ
3594 5041 3711 5095 ειδέ-

2154 5152 2243 5189 ναι
2272 5134 2366 5187 καὶ
2391 5134 2485 5187 τὸν
2517 5134 2748 5205 τυχόντα
2769 5133 3064 5204 γνώριμον.
3097 5135 3231 5187 Τότε
3264 5135 3360 5187 καὶ
3387 5137 3536 5189 πᾶσα
3562 5131 3706 5188 αὑτοῦ

2156 5227 2320 5297 σοφία
2345 5226 2643 5296 κατεπόθη.

2229 5361 2247 5394 ι
2284 5341 2391 5394 Καὶ
2416 5340 2720 5411 ἐκέκραξαν
2752 5339 2888 5411 πρὸς
2920 5339 3147 5411 Κύριον.
3184 5359 3203 5391 ι

2223 5432 2433 5486 Οὐκοῦν
2470 5433 2725 5503 καθάπερ
2768 5433 2819 5485 oi
2846 5431 3040 5485 ναῦται
3072 5431 3177 5485 ὑπὸ
3220 5430 3493 5502 χειμῶνος
3522 5430 3701 5499 ἀπολη-

2148 5523 2372 5593 φθέντες
2390 5524 2571 5594 πάσης
2593 5523 2787 5593 τέχνης
2808 5522 2905 5577 καὶ
2925 5523 3168 5586 ἐπινοίας
3192 5522 3500 5593 κρείττονος
3516 5520 3600 5575 διὰ
3620 5519 3699 5588 τῆς

2147 5615 2227 5677 είς
2271 5613 2363 5666 τὸν
2406 5612 2538 5666 Θεὸν
2582 5612 2925 5686 ἐπικλήσεως
2961 5612 3253 5678 σώζονταιο
3293 5612 3439 5667 οὕτω
3476 5610 3580 5684 χρὴ
3619 5607 3698 5663 καὶ

543 5776 587 5811 ’⁸
622 5778 813 5838 Matth.
850 5797 926 5851 nt,
960 5783 1047 5840 37.
1126 5786 1167 5819 "
1191 5783 1292 5843 Job
1320 5804 1406 5857 ιιι,
1434 5789 1523 5845 26.
1603 5792 1645 5822 ⁷⁸
1683 5791 1846 5849 Amos
1876 5810 1951 5862 ιιι,
1979 5792 2028 5849 6.

2174 5790 2362 5847 Matth.
2390 5808 2536 5859 xxw,
2565 5794 2653 5848 il.
2729 5795 2774 5829 ⁷⁸
2795 5793 2984 5851 Matth.
3017 5811 3162 5859 xxvi,
3196 5793 3283 5847 72.
