4032 6418
209 377 351 444 1305

1370 387 1832 449 FRAGMENTA
1875 387 1956 447 IN
1998 390 2356 455 PSALMOS.

3360 401 3498 467 1306

203 495 339 559 τοὺς
388 494 814 566 πειραζομένους
864 498 1042 567 οἰκεία
1097 498 1197 568 μὲν
1253 499 1484 570 δυνάμει
1532 501 1607 571 μὴ
1654 502 1787 572 θαρ⁸

1920 514 2180 561 entantur
2230 509 2467 579 propriae
2517 510 2739 581 quidem
2790 512 2977 570 virtuti
3026 515 3252 572 minime
3305 518 3496 586 ﬁdere,

208 586 364 665 ῥεῖν,
400 584 536 656 μόνῃ
575 584 635 640 δὲ
679 590 747 658 τῇ
789 588 927 660 πρὸς
974 588 1069 642 τὸν
1102 589 1237 644 Θεὸν
1268 592 1619 663 πεποιθήσει
1664 594 1796 665 χρῆ-

1920 598 1991 652 ιω
2024 598 2138 653 sola
2168 599 2264 654 Dei
2299 600 2497 655 ﬁducia
2530 602 2655 657 niti.

207 656 360 732 σθαι.

168 782 179 789 ‘
290 790 308 821 ε
338 771 447 824 Καὶ
474 770 881 843 εὖφράνθησαν,
914 772 996 829 ὅτι
1026 772 1328 844 ἡσύχασαν.
1368 795 1388 829 ε

296 860 522 931 Ἐπειδὴ
571 861 632 914 τὸ
680 862 1069 931 εὐαγγελικὸν,
1097 864 1355 936 καθάπερ
1402 866 1634 936 ἔφημεν,
1683 866 1801 938 ᾐνί-

208 952 345 1017 ξατο
373 953 663 1024 κήρυγμα,
721 955 1039 1023 ἀναγκαίως
1093 956 1421 1027 Ἐκκλησίας
1458 958 1701 1029 ᾐνίξατο,
1736 958 1799 1013 οὐ

207 1044 390 1107 λαοῦ,
419 1046 630 1116 μήποτε
680 1045 839 1121 δόξῃς
860 1049 957 1118 τὴν
983 1049 1314 1121 Συναγωγὴν
1335 1049 1615 1120 λέγεσθαι,
1636 1050 1803 1105 λαῶν

207 1132 271 1187 δὲ
311 1134 421 1188 τῶν
473 1134 646 1189 έθνῶν
700 1137 1146 1208 ἐμνημόνευσεν*
1192 1139 1252 1191 ὲν
1288 1134 1371 1203 οἷς
1418 1142 1512 1194 καὶ
1561 1140 1801 1211 καθέδρα

212 1243 317 1298 πρε
327 1226 629 1299 σϐυτέρων,
653 1229 952 1284 αίνούντων
976 1230 1068 1283 τὸν
1093 1231 1227 1286 Θεὸν
1248 1234 1366 1296 ταῖς
1393 1231 1801 1298 διδασκαλικαϊς

209 1318 491 1385 γλώσσαις
510 1334 525 1349 ·
564 1321 694 1391 περὶ
720 1313 795 1375 ὧν
825 1320 1041 1385 Παῦλος
1065 1322 1279 1391 ἔλεγεν*
1305 1326 1369 1378 Ol
1406 1325 1803 1394 πρεσϐύτεροι

210 1407 438 1477 διπλῆς
465 1410 642 1480 τιμῆς
669 1412 1097 1468 ἀέιούσθωσαν
1118 1430 1132 1444 ο
1164 1414 1438 1485 μάλιστα
1464 1418 1519 1470 ol
1550 1415 1803 1471 κοπιῶν-

210 1518 317 1569 τες
348 1502 420 1555 ἐν
440 1504 601 1574 λόγῳ
629 1504 729 1559 καί
760 1504 1149 1575 διδασκαλίᾳ.

294 1611 314 1645 ε
353 1594 547 1649 Ἕθετο
578 1598 858 1667 ποταμοὺς
880 1600 960 1661 είς
990 1598 1221 1671 ἔρημον.
1268 1616 1288 1651 ι

287 1688 401 1759 Τὴν
432 1688 564 1759 παρ’
592 1688 849 1759 Ἕλλησιν
877 1690 1113 1745 ενταῦθα
1145 1691 1339 1761 σοφίαν
1370 1691 1609 1764 ᾐνίξατο.
1642 1688 1806 1765 ’Ἐζή-

1968 774 2131 833 Vens.
2162 777 2254 833 30.
2287 798 2306 831 ι
2342 781 2409 835 Ει
2432 781 2599 837 Ιαεῑαιί
2629 792 2780 847 sunt,
2805 782 2931 852 quia
2964 784 3263 841 siluerunt.
3300 804 3319 838 ι

1968 869 2448 943 Quandoquidem,
2486 875 2570 929 uti
2611 875 2951 939 dicebamus,
2996 879 3313 950 evangeliea
3357 896 3497 950 prten

1900 963 2100 1018 dicatio
2130 964 2307 1021 fuerat
2338 967 2639 1034 insinuata,
2671 970 2986 1025 necessario
3024 971 3187 1025 etiam
3227 971 3500 1029 Ecclesiae

1902 1056 2103 1121 innuit,
2148 1074 2259 1113 non
2308 1061 2512 1130 populi,
2551 1077 2622 1118 ne
2661 1061 2805 1117 forte
2841 1073 3001 1134 putes
3043 1062 3380 1136 Synagogam
3414 1066 3499 1119 in-

1903 1147 2096 1219 telligi,
2131 1149 2227 1204 sed
2268 1151 2606 1219 populorum,
2638 1152 2692 1207 id
2733 1163 2817 1208 est
2856 1154 3125 1224 gentium,
3162 1156 3496 1210 mentionem

1902 1237 2074 1293 fecit:
2110 1238 2166 1293 in
2203 1241 2406 1309 quibus
2441 1242 2605 1298 etiam
2644 1253 2729 1298 est
2763 1246 3023 1301 cathedra
3063 1248 3365 1312 seniorum,
3400 1248 3501 1301 lin-

1904 1330 2025 1402 guis
2076 1331 2475 1390 doctrinalibus
2521 1336 2862 1393 laudantium
2911 1340 3080 1394 Deum
3128 1358 3140 1395 :
3183 1342 3250 1396 de
3297 1340 3497 1411 quibus

1903 1423 2106 1481 Paulus
2132 1426 2209 1481 ait
2237 1443 2252 1481 :
2282 1427 2583 1499 Presbyteri
2611 1430 2808 1499 duplici
2849 1432 3044 1487 honore
3090 1434 3237 1504 digni
3273 1434 3499 1488 habean-

1904 1525 2024 1583 tur;
2059 1518 2291 1589 maxime
2314 1521 2405 1591 qui
2429 1520 2679 1575 laborant
2708 1523 2764 1575 in
2790 1523 2945 1577 verba
2970 1532 3019 1577 et
3047 1524 3289 1578 doctrina
3319 1527 3387 1579 "’.

1979 1605 2138 1662 Vens.
2163 1609 2254 1663 33.
2285 1632 2303 1660 ε
2335 1608 2526 1664 Posuit
2555 1609 2781 1665 ﬂumina
2815 1612 2869 1666 in
2902 1613 3205 1668 desertum.
3242 1633 3262 1667 ι

1974 1695 2285 1753 Graecorum
2355 1699 2447 1754 hic
2510 1699 2694 1754 innuit
2760 1700 3108 1771 sapientiam.
3172 1704 3493 1776 Philosophi

208 1780 350 1834 λουν
383 1781 491 1853 γὰρ
530 1784 809 1853 ποταμοὺς
853 1782 941 1837 διὰ
977 1783 1076 1853 τὴν
1108 1784 1340 1856 ῥέουσαν
1369 1784 1617 1853 γλῶτταν
1652 1786 1803 1855 φιλόο

1920 1785 2052 1840 anim
2076 1787 2447 1857 sophistaeque
2471 1803 2535 1843 ac
2561 1789 2813 1844 rhetores
2840 1790 2911 1845 ob
2936 1790 3132 1862 linguae
3160 1792 3494 1850 allluentiam

210 1889 398 1942 σοφοι,
426 1850 519 1927 καὶ
549 1850 822 1943 σοφισταὶ,
856 1875 952 1929 καὶ
997 1850 1226 1947 ῥήτορες
1247 1891 1261 1909 ο
1298 1850 1414 1931 ἀλλ’
1440 1878 1647 1950 ἔρημον
1664 1850 1799 1934 τού-

1920 1876 2099 1934 luvios
2135 1878 2537 1935 aemulabantur
2571 1900 2585 1935 :
2625 1882 2721 1936 sed
2762 1882 3009 1953 ipsorum
3050 1885 3399 1939 mendacium
3433 1903 3497 1943 ac

205 1980 332 2028 τοις
374 1964 601 2035 ἐλέγξας
652 1966 835 2020 αὐτῶν
886 1966 949 2021 τὸ
970 1967 1167 2038 ψεῦδος
1219 1970 1314 2023 καὶ
1376 1970 1796 2042 πεπλασμένον,

206 2057 371 2110 [Bato
393 2058 610 2121 καὶτὰς
636 2058 903 2125 διεξόδους
930 2059 1040 2114 τῶν
1074 2059 1249 2129 λόγων
1293 2060 1541 2133 (τούτους
1569 2064 1679 2134 γὰρ
1712 2064 1801 2119 διὰ

204 2148 317 2220 τὴν
366 2148 549 2219 βιαίαν
597 2149 777 2221 ὁρμὴν
841 2150 1289 2222 προσηγόρευσεν
1351 2152 1545 2222 ὕδατα)
1606 2155 1687 2218 είς
1724 2155 1803 2208 δίο

204 2240 347 2309 ψαν.
419 2239 740 2311 ’Δκυρώσας
806 2241 917 2313 γὰρ
985 2241 1166 2297 αὐτῶν
1218 2243 1320 2314 τὴν
1370 2243 1566 2315 χρῆσιν
1629 2261 1801 2315 μετα-

206 2334 505 2403 ϐέϐληκεν.

292 2445 312 2477 ε
344 2426 455 2497 Τῆν
480 2426 830 2498 καρποφόρον
861 2427 941 2491 είς
971 2426 1172 2498 ἅλμην.
1202 2445 1221 2479 ι

285 2516 460 2571 Τοῦτο
501 2517 689 2586 σαφῶς
728 2518 809 2581 είς
837 2518 936 2590 τὴν
994 2519 1259 2575 Ἰουδαίαν
1309 2521 1413 2593 γῆν
1453 2522 1804 2596 καρποφόρον

206 2610 509 2682 γινομένην
532 2611 620 2664 διὰ
644 2612 770 2675 τοὺς
800 2608 861 2677 ἐξ
908 2612 1079 2683 αὐτῆς
1121 2615 1410 2686 προφήτας
1441 2616 1536 2669 καὶ
1562 2616 1690 2679 τοὺς
1726 2616 1805 2670 διο

210 2702 411 2766 καίους
442 2701 683 2774 εἴρηται,
724 2703 847 2774 ητις
886 2704 969 2769 είς
1002 2704 1185 2775 ἅλμην
1225 2705 1335 2760 ἀπὸ
1375 2706 1575 2771 κακίας
1600 2706 1712 2762 τῶν
1745 2709 1804 2762 ὲν

203 2796 356 2866 αὐτῇ
379 2794 779 2850 κατοικούντων
802 2796 1190 2868 Γραμματέων
1223 2799 1318 2851 καλ⁸
1345 2799 1679 2870 Φαρισαίων,
1708 2801 1805 2854 καὶ

209 2889 438 2941 πάντων
499 2887 609 2940 τῶν
676 2887 1064 2959 ἀσεϐησάντων
1120 2890 1202 2952 είς
1264 2891 1503 2960 Χριστὸν
1566 2892 1806 2962 μεταϐέ-

207 2979 432 3051 ϐληται.
477 2978 677 3034 Οὐκέτι
722 2980 831 3053 γὰρ
878 2981 940 3033 ὲν
994 2981 1181 3045 αὐτοῖς
1228 2982 1429 3053 ἱερεὺς,
1479 2982 1545 3036 ού
1590 2984 1807 3054 προφή-

204 3087 317 3141 της
338 3087 352 3101 σ
389 3070 506 3124 ἀλλ’
531 3070 654 3124 οὐδὲ
679 3071 891 3142 καρπὸς
923 3071 1112 3143 ἕτερος
1135 3071 1237 3143 τῆς
1266 3073 1503 3144 ἀρχαίας
1526 3071 1805 3152 πολιτείας

206 3162 555 3234 εὑρίσκεται.

291 3272 313 3306 ε
353 3253 549 3308 Ἔθετο
588 3254 795 3327 ἔρημον
824 3255 904 3319 είς
931 3254 1129 3323 λίμνας
1169 3256 1403 3313 ὑδάτων.
1439 3276 1458 3311 ι

287 3433 471 3490 Είπὼν
505 3437 604 3488 ὅσα
623 3438 735 3499 τοῖς
756 3435 1005 3499 ἀπίστοις
1028 3435 1306 3507 Ἕλλησιν,
1334 3438 1414 3491 ἔτι
1446 3438 1512 3510 δὴ
1543 3438 1637 3492 καὶ
1678 3437 1807 3493 Ἰου-

204 3526 387 3591 δαίοις
413 3527 604 3597 ἔμελλε
631 3528 952 3598 συμϐαίνειν
988 3528 1211 3598 (ἑϐλεπε
1241 3531 1353 3601 γὰρ
1392 3530 1532 3585 αὐτὰ
1559 3534 1672 3595 τοὶς
1703 3531 1804 3601 ὀφ-

209 3617 443 3688 θαλμοῖς
464 3618 560 3672 τοῦ
600 3619 958 3690 πνεύματος),
1016 3623 1126 3676 ίδοὺ
1152 3622 1247 3675 νῦν
1277 3625 1345 3678 τὰ
1386 3623 1517 3694 περὶ
1547 3624 1649 3694 τῆς
1682 3624 1806 3677 Ἐκ-

209 3711 447 3782 κλησίας
484 3711 792 3782 συμφώνως
828 3712 907 3783 τῷ
947 3713 1147 3787 Ἡσαΐᾳ
1180 3714 1457 3770 ἐκτίθεται
1483 3733 1500 3748 ο
1533 3719 1669 3786 φησὶ
1695 3717 1805 3789 γὰρ

210 3804 489 3866 κάκεῖνος·
510 3802 689 3870 Θήσω
717 3804 832 3871 τὴν
854 3805 1081 3875 ἔρημον
1108 3809 1195 3873 είς
1213 3806 1346 3873 ἕλη,
1374 3806 1473 3860 καί
1490 3807 1605 3875 τὴν
1618 3805 1805 3875 διψῶ-
1838 3850 1843 3855 .

208 3912 343 3950 σαν
381 3894 501 3965 γῆν
525 3899 614 3963 είς
641 3897 1044 3969 ὐδραγωγούς.
1073 3892 1248 3963 Οὗτος
1278 3899 1336 3952 δὲ
1364 3899 1563 3970 λίμνην
1598 3899 1806 3954 ὑδάτων

206 3987 319 4050 τὰς
346 3987 737 4061 κολυμϐήθρας
785 3989 976 4061 ἐνόησε
1011 3992 1106 4045 τοῦ
1155 3992 1534 4063 βαπτίσματος
1561 4009 1576 4025 ο
1616 3992 1807 4063 ὥσπερ

208 4078 387 4141 αὑτὰς
428 4080 525 4135 καὶ
573 4080 826 4161 Σολομῶν
877 4082 936 4133 ἐν
963 4082 1077 4145 τοῖς
1137 4083 1438 4155 ᾊσμασιν,
1493 4083 1658 4153 ἡνίκα
1715 4082 1806 4137 τὸν

208 4173 453 4244 Χριστὸν
480 4173 617 4244 πρὸς
646 4174 746 4245 τὴν
780 4175 976 4228 ἑαυτοῦ
1009 4174 1228 4245 νύμφην
1258 4177 1522 4247 εἰσήγαγε
1545 4176 1644 4248 τὴν
1680 4176 1805 4229 Ἑκ-

209 4267 449 4337 κλησίαν
479 4268 743 4341 λέγοντα·
772 4272 838 4323 Ol
862 4270 1159 4339 ὀφθαλμοί
1195 4287 1313 4325 σου
1357 4271 1440 4338 ὡς
1486 4272 1695 4341 λίμναι
1734 4274 1806 4326 ἐν

226 4360 497 4416 Ἐσεϐὠν
516 4360 587 4415 ἐν
614 4362 839 4427 πύλαις
879 4361 1173 4431 θυγατρὸς
1207 4362 1459 4416 πολλῶν
1479 4382 1491 4396 ·
1532 4364 1807 4434 θυγατέρα

210 4452 431 4505 πολλῶν
458 4454 559 4524 τὴν
605 4453 935 4525 Ἐκκλησίαν
956 4453 1250 4525 νενοηκὼς
1274 4456 1336 4508 οὐ
1360 4455 1469 4526 γὰρ
1491 4456 1669 4525 μόνων
1693 4456 1805 4509 τῶν

1904 1970 2181 2024 ﬁctionem
2227 1986 2462 2043 arguens
2508 1972 2790 2028 desertum
2846 1973 2952 2029 illis
2998 1977 3182 2044 posuit
3225 1985 3282 2030 et
3318 1977 3497 2031 exitus

1903 2076 2217 2117 sermonum
2261 2065 2387 2133 (hos
2430 2066 2579 2120 enim
2631 2076 2859 2137 pr0pter
2899 2067 3283 2122 vehementem
3321 2068 3496 2139 impe-

1907 2162 2019 2207 tum
2050 2169 2221 2223 aquas
2260 2155 2577 2227 appellavit)
2610 2155 2665 2211 in
2703 2157 2872 2212 sitim.
2906 2157 3129 2213 Illorqu
3162 2158 3310 2213 enim
3335 2175 3495 2217 usum

1903 2246 2175 2318 abrogatis
2206 2247 2535 2303 itnmutavit.
3368 2258 3379 2265 “

1976 2425 2141 2483 Vens.
2171 2426 2262 2481 '54.
2299 2447 2317 2479 ι
2350 2427 2577 2483 Terram
2619 2428 2953 2485 fructiferam
2990 2429 3047 2484 in
3082 2429 3435 2501 salsuginem.
3469 2448 3489 2483 ι

1975 2514 2092 2572 Hoc
2142 2518 2436 2588 perspicue
2491 2520 2699 2573 dictum
2749 2528 2835 2574 est
2894 2519 2948 2573 in
3002 2528 3202 2575 terram
3254 2520 3496 2575 Judaeam

1905 2609 2245 2665 fructiferam
2311 2622 2538 2682 propter
2590 2612 2891 2683 prophetas
2944 2621 3001 2666 et
3043 2612 3225 2682 justos
3278 2628 3345 2667 ex
3406 2612 3497 2665 illa

1904 2700 2188 2769 oriundos,
2217 2718 2340 2772 quae
2370 2703 2423 2756 in
2447 2702 2781 2775 salsuginem
2813 2710 3147 2756 commutata
3177 2710 3262 2756 est
3292 2717 3322 2755 a
3341 2700 3497 2754 mali-

1903 2793 1978 2847 tia
2029 2793 2459 2848 inhabitantium
2511 2794 2567 2848 in
2607 2809 2670 2848 ea
2716 2794 3033 2848 Scribarum
3078 2809 3143 2848 ac
3189 2791 3499 2847 Pharismo-

1906 2900 2051 2949 rum,
2087 2893 2143 2939 et
2182 2886 2430 2939 omnium
2481 2900 2610 2956 erga
2663 2885 2943 2940 Christum
2998 2884 3316 2954 impiorum.
3369 2883 3493 2939 Non

1904 2977 2142 3046 amplius
2172 2977 2324 3032 enim
2370 2978 2423 3030 in
2464 2978 2571 3032 illis
2606 2977 2884 3041 sacerdos,
2919 2993 3028 3032 non
3062 2978 3365 3048 propheta;
3401 2978 3498 3032 sed

1906 3084 2084 3138 neque
2112 3069 2329 3124 fructus
2359 3068 2499 3124 alius
2521 3069 2763 3139 antiqua:
2794 3068 3109 3139 reipublicae
3134 3068 3428 3138 reperitur.

1977 3253 2143 3309 Vens.
2201 3254 2292 3309 '55.
2332 3272 2352 3306 ι
2393 3253 2582 3309 Posuit
2648 3253 2925 3308 desertum
2980 3252 3034 3307 in
3098 3264 3290 3324 stagna
3327 3268 3497 3323 aqua-

1907 3364 2051 3403 rum.
2088 3366 2107 3399 ι

1974 3441 2111 3496 Cum
2141 3439 2372 3495 dixisset
2400 3438 2488 3493 illa
2516 3454 2639 3508 qua:
2670 3436 2967 3493 incredulis
2994 3438 3249 3508 gentibus
3280 3450 3336 3494 et
3371 3456 3494 3509 qua:

1906 3530 2132 3601 insuper
2166 3530 2370 3586 Iudaeis
2413 3539 2678 3585 eventura
2714 3539 2871 3584 erant
2905 3530 3017 3598 (illa
3048 3532 3195 3585 enim
3234 3531 3499 3601 spiritali-
3594 3594 3595 3597 η

1905 3624 2007 3679 bus
2027 3624 2201 3679 oculis
2244 3623 2562 3693 cernebat),
2599 3638 2729 3677 ecce
2768 3638 2919 3675 nunc
2952 3638 3016 3676 ea
3046 3638 3167 3693 qua:
3210 3624 3276 3678 ad
3315 3623 3501 3679 Eccle-

1905 3716 2043 3772 siam
2098 3716 2383 3787 pertinent
2440 3715 2800 3771 conformiter
2859 3731 2987 3770 cum
3047 3716 3187 3771 lsaia
3238 3716 3499 3787 exponit;

1906 3826 2034 3865 nam
2062 3820 2119 3865 et
2145 3810 2234 3865 ille
2265 3810 2346 3865 ait
2382 3828 2397 3867 :
2440 3808 2645 3863 Ponant
2684 3816 2947 3863 desertum
2989 3808 3041 3861 in
3077 3809 3317 3880 paludes,
3344 3818 3393 3864 et
3425 3810 3500 3864 si-

1907 3904 2120 3957 tientem
2145 3912 2341 3957 terram
2370 3903 2425 3956 in
2450 3904 2793 3972 aquwductus
2812 3901 2881 3953 “.
2910 3900 3010 3954 llic
3034 3911 3217 3956 autem
3248 3911 3501 3973 stagnum

1908 4011 2174 4065 aquarum
2219 3994 2400 4048 fontes
2437 3994 2785 4063 baptismatis
2822 3994 2939 4047 sive
2978 3992 3295 4062 baptisteria
3338 3992 3503 4065 intel-

1908 4089 2073 4153 lexit;
2126 4096 2291 4157 prout
2336 4089 2503 4142 etiam
2553 4086 2813 4141 Salomon
2864 4087 2918 4141 in
2966 4086 3242 4151 Canticis,
3284 4087 3503 4157 quando

1906 4181 2188 4239 Christum
2238 4181 2306 4235 ad
2359 4195 2615 4249 Sponsam
2661 4195 2815 4233 suam
2854 4178 3153 4234 Ecclesium
3200 4179 3505 4235 introduxit

1908 4274 2180 4329 dicentem
2217 4290 2231 4327 :
2272 4271 2425 4327 Oculi
2466 4272 2542 4324 tui
2588 4282 2844 4341 tanquam
2876 4281 3067 4341 stagna
3108 4273 3161 4324 in
3196 4272 3399 4325 Esebon
3447 4273 3504 4323 in

1908 4368 2075 4437 portis
2098 4364 2228 4434 ﬁlim
2252 4364 2544 4417 multorum
2569 4363 2651 4427 1";
2686 4362 2851 4417 tiliam
2883 4363 3179 4417 multorum
3202 4362 3503 4417 Ecclesiam

1910 4458 2222 4529 intelligens
2266 4473 2282 4511 :
2334 4455 2605 4526 siquidem
2656 4470 2766 4510 non
2815 4454 3054 4508 solorum
3108 4453 3502 4523 apostolorum,

210 4545 556 4609 ἀποστόλων,
600 4545 735 4600 ἀλλὰ
773 4546 866 4600 καὶ
916 4546 1217 4617 προφητῶν
1249 4545 1500 4618 θυγάτηρ
1561 4548 1803 4616 ἐγένετο.

1920 4551 2007 4607 sed
2052 4551 2218 4605 etiam
2272 4549 2667 4619 prophetarum
2716 4547 2822 4601 tilia
2879 4546 3106 4600 exstitit.
3148 4544 3346 4599 Verum
3394 4558 3504 4597 non

212 4641 336 4695 Ούκ
374 4636 443 4712 ἦν
483 4641 539 4695 δὲ
575 4643 635 4694 ὲν
680 4641 817 4713 αὐτῇ
875 4643 1145 4714 πρότερον
1182 4643 1360 4712 Λόγος
1407 4643 1565 4710 Θεοῦ,
1614 4642 1712 4697 νῦν
1746 4644 1805 4698 δὲ

211 4733 471 4788 τοσοῦτον
516 4735 771 4788 πλουτεῖ*
803 4734 945 4789 ὥστε
977 4738 1054 4799 είς
1078 4736 1259 4790 πᾶσαν
1284 4736 1457 4806 αὐτῆς
1492 4735 1593 4806 τὴν
1623 4736 1807 4789 οἰκου-

220 4826 396 4899 μένην
416 4825 714 4881 διαϐαίνειν
738 4826 807 4880 τὰ
828 4827 1091 4898 δόγματα·
1124 4830 1183 4882 ὲν
1214 4822 1297 4891 οἷς
1328 4826 1664 4897 φυτευθῆναι
1701 4844 1807 4897 μα-

218 4920 436 4990 κάριον.
471 4919 638 4973 Ξύλον
660 4920 767 4991 γάρ
794 4937 848 4973 τι
882 4920 1200 4991 εὑρίσκεται
1232 4921 1293 4974 έν
1335 4920 1515 4991 καιρῷ
1548 4921 1640 4974 τὸν
1672 4936 1808 4991 καρ-

218 5012 327 5064 πίων
363 5011 573 5077 ποιοῦν,
600 5012 693 5065 καὶ
718 5014 929 5083 μήποτε
964 5013 1028 5066 τὸ
1052 5012 1250 5081 φύλλον
1278 5012 1612 5077 ἀποϐάλλον,
1640 5011 1717 5076 ὡς
1746 5014 1805 5065 ὲν

213 5102 332 5164 τοῖς
356 5102 663 5173 προοιμίοις
683 5102 794 5156 τῶν
822 5102 1069 5175 Ψαλμῶν
1099 5104 1542 5174 ἀναγέγραπται.

228 5182 245 5189 ”
300 5212 322 5246 ε
357 5194 469 5248 Καὶ
496 5195 904 5265 συνεστήσαντο
934 5196 1121 5260 πόλεις
1154 5195 1533 5259 κατοικεσίας.
1569 5213 1587 5247 ι

291 5371 371 5424 Οὐ
406 5372 583 5437 πόλιν,
618 5372 757 5426 ἀλλὰ
791 5371 1000 5437 πόλεις.
1045 5373 1349 5443 Διαφόρους
1387 5372 1498 5443 γὰρ
1526 5372 1806 5436 πολιτείας

212 5464 247 5517 ὁ
270 5462 335 5527 ἐξ
371 5461 541 5517 έθνὼν
564 5462 693 5526 λαὸς
718 5462 855 5533 ἔχει,
896 5464 957 5517 ὲν
988 5460 1079 5527 αἷς
1105 5464 1383 5518 κατοικίαι
1426 5464 1539 5517 τῶν
1569 5464 1803 5535 ἀρετῶν,

214 5555 435 5618 αἵτινες
481 5556 573 5609 τὸν
622 5554 827 5612 ἔσωθεν
870 5555 1029 5627 ἡμῶν
1059 5556 1351 5626 ἄνθρωπον
1397 5555 1683 5626 σκέπουσι,
1712 5554 1809 5611 κέ-

217 5664 450 5718 κτηται.

262 5822 390 5882 ’”Ι
425 5827 566 5884 Tim.
592 5844 645 5895 ν,
678 5826 765 5882 l7.
841 5827 886 5860 ⁸ο
916 5826 1020 5882 lsa.
1047 5842 1158 5893 xu,
1182 5825 1266 5882 l8.
1342 5825 1382 5857 ⁸³
1409 5826 1567 5882 Cant.
1602 5842 1698 5887 vn.
1733 5828 1784 5883 xl.

1913 4651 2031 4699 erat
2060 4643 2114 4697 in
2142 4657 2206 4697 ea
2233 4642 2388 4711 prius
2417 4639 2655 4695 Verbum
2687 4638 2803 4704 Dei,
2840 4638 2933 4692 sed
2974 4653 3120 4693 nunc
3161 4636 3293 4690 illud
3330 4634 3505 4704 possi-

1913 4737 2043 4800 det;
2079 4734 2151 4789 ita
2190 4741 2250 4788 ut
2279 4747 2499 4788 omnem
2544 4741 2813 4786 terrarum
2860 4730 3049 4786 orbem
3096 4728 3217 4796 ejus
3251 4728 3504 4797 dogmata

1913 4834 2241 4898 penetrem;
2289 4824 2343 4878 in
2387 4824 2586 4893 quibus
2632 4822 2943 4876 institutum
2979 4834 3100 4874 esse
3139 4820 3359 4873 beatum
3398 4825 3502 4870 est.

1915 4919 2061 4975 Talis
2097 4917 2247 4972 enim
2283 4916 2556 4986 reperitur
2594 4914 2801 4985 lignum
2834 4912 2980 4989 quod
3012 4911 3067 4964 in
3102 4918 3347 4979 tempore
3388 4906 3506 4960 fru-

1911 5020 2061 5066 ctum
2110 5009 2259 5073 facit,
2296 5017 2351 5063 et
2383 5006 2470 5062 cui
2506 5021 2788 5077 nunquam
2838 5005 3028 5059 l‘olium
3074 5001 3301 5067 decidit,
3346 5009 3407 5054 ut
3447 4999 3506 5054 in

1913 5102 2197 5174 principiis
2228 5101 2568 5156 Psalmorum
2601 5098 2869 5167 scriptum
2900 5105 3006 5152 est.

1985 5195 2148 5251 Vens.
2200 5194 2288 5250 36.
2343 5213 2362 5246 ε
2411 5194 2480 5250 Et
2529 5191 2940 5248 constituerunt
2984 5188 3235 5245 civitates
3287 5186 3504 5244 habita-

1914 5286 2101 5341 tionis.
2142 5305 2160 5336 ι
2260 5318 2267 5323 -

1982 5374 2101 5431 Non
2134 5375 2435 5441 civitatem,
2470 5373 2565 5430 sed
2602 5372 2873 5429 civitates.
2901 5372 3156 5427 Diversas
3193 5369 3341 5424 enim
3384 5381 3502 5421 reso

1912 5468 2159 5539 publicas
2186 5467 2353 5523 habet
2373 5466 2608 5536 populus
2628 5480 2694 5520 ex
2719 5464 2994 5537 gentibus,
3019 5462 3075 5515 in
3097 5459 3296 5531 quibus
3320 5455 3499 5527 possi-

1917 5560 2012 5615 det
2040 5560 2302 5615 virtutum
2338 5558 2723 5622 habitationes,
2754 5572 2876 5628 qua
2905 5552 3220 5611 interiorem
3251 5556 3500 5604 nostrum

1918 5652 2197 5710 hominem
2229 5658 2541 5723 protegunt.
