3962 6438
519 379 541 443 1
554 382 656 446 307

584 497 745 556 Vens.
779 497 870 552 37.
908 516 927 549 ι
962 494 1028 551 Et
1055 494 1466 551 seminaverunt
1500 508 1681 565 agros.
1723 512 1742 544 ι

583 592 728 662 Ager
745 587 1015 659 siquidem
1038 594 1124 642 est
1143 585 1487 657 philosophia
1511 584 1601 639 illa
1625 600 1747 654 qua:
1771 582 1839 639 ad
1867 599 2098 655 regnum

514 680 780 738 caelorum
823 678 1066 735 adducit.
1117 677 1209 732 Sic
1254 677 1402 732 enim
1445 677 1522 730 ait
1566 676 1829 732 Dominus
1870 676 2100 733 :Similc

516 782 589 827 est
633 787 851 843 regnum
894 769 1143 824 caelnrum
1195 769 1442 821 thesauro
1490 767 1791 822 abscondito
1830 770 1887 821 in
1922 785 2050 838 agro
2078 784 2098 823 :

517 881 670 935 quem
700 856 790 934 qui
816 862 1010 915 invenit
1036 862 1190 914 homo
1216 858 1508 921 abscondit,
1542 869 1592 913 et
1614 876 1723 930 pra!
1746 862 1940 931 gaudio
1956 860 2099 914 illius

516 955 662 1008 vadit
693 963 741 1007 et
766 951 938 1005 vendit
962 951 1209 1005 universa
1238 962 1355 1019 qua:
1382 947 1556 1011 habet,
1581 958 1627 1002 et
1659 950 1783 1003 emit
1815 965 2005 1020 agrum
2035 947 2101 1001 il-

448 1086 451 1087 ν
519 1044 629 1098 tum
656 1044 723 1097 ".
761 1043 905 1098 Idem
939 1056 1038 1112 per
1082 1040 1395 1111 parabolam
1440 1041 1815 1109 operariorum
1851 1041 2100 1096 mercede

518 1135 911 1190 conductorum
938 1133 1177 1188 ostendit
1200 1146 1323 1187 esse
1348 1132 1564 1188 vineam
1590 1132 1669 1199 ⁸³;
1702 1132 1943 1188 fructum
1970 1148 2100 1188 vero

519 1227 812 1297 geniminis
855 1235 966 1280 tam
1013 1223 1354 1280 tricesimum
1399 1241 1562 1294 quam
1605 1225 1999 1296 sexagesimum
2046 1235 2101 1280 et

519 1316 882 1373 centesimum
913 1315 960 1347 “
997 1330 1093 1371 eos
1138 1315 1345 1371 referre
1392 1317 1599 1372 clarum
1643 1328 1726 1373 est
1767 1318 1861 1389 qui
1895 1318 2097 1373 Christi

520 1409 919 1481 philosophiam
978 1408 1272 1476 excolunt,
1325 1420 1381 1465 et
1432 1411 1667 1466 virtutes
1724 1411 1781 1466 in
1829 1427 1893 1478 ea
1942 1410 2101 1482 plan-

523 1508 658 1557 tam.

589 1685 752 1741 Vens.
802 1687 890 1742 38.
942 1706 960 1740 ι
1002 1687 1069 1743 Ει
1122 1686 1403 1743 benedixit
1460 1701 1593 1754 eos,
1647 1695 1704 1741 et
1760 1684 2101 1757 multiplicati

522 1787 669 1832 sunt.
717 1797 735 1830 ι

592 1869 814 1924 Scilicet
841 1885 906 1924 ex
934 1869 1223 1925 duodecim
1250 1870 1332 1925 vel
1366 1869 1507 1924 forte
1537 1868 1881 1940 septuaginta
1913 1867 1967 1922 in
1999 1867 2101 1923 tria
2132 1841 2174 1900 Β

524 1961 715 2027 millia,
746 1962 944 2018 deinde
969 1963 1233 2033 quinque,
1257 1964 1455 2019 deinde
1481 1964 1535 2018 in
1567 1971 1645 2019 tot
1672 1971 1903 2019 centena
1934 1964 2102 2019 millia

523 2062 657 2125 quot
714 2053 963 2111 videmus
1020 2056 1403 2127 profecerunt;
1453 2073 1575 2126 quae
1624 2056 1698 2111 uti
1750 2072 1847 2126 par
1891 2065 1975 2111 est
2014 2058 2104 2128 ju-

523 2154 709 2201 menta
750 2147 1122 2218 apostolorum
1164 2147 1477 2218 appellavit,
1513 2155 1702 2218 utpote
1741 2147 1810 2202 ab
1847 2148 1983 2217 ipsis
2018 2147 2103 2202 in-

523 2235 733 2292 Stitula.

592 2329 754 2385 Vens.
796 2329 882 2384 40.
927 2349 946 2383 ι
995 2330 1179 2387 Effusa
1229 2340 1313 2388 est
1357 2331 1698 2404 contemptio
1740 2347 1909 2402 super
1946 2331 2103 2404 prin-

523 2422 673 2493 cipes
698 2438 914 2499 eorum.
946 2443 964 2476 ι

594 2517 695 2584 Qui
733 2534 927 2590 nempe
957 2528 1226 2593 martyres
1263 2522 1330 2576 ad
1375 2523 1709 2594 impietatem
1749 2521 2101 2594 instigabant.

525 2607 635 2663 lllis
670 2610 814 2665 enim
857 2611 1187 2668 instantibus
1233 2614 1349 2668 zelo
1400 2614 1560 2679 fidei,
1608 2616 1918 2686 principum
1967 2631 2100 2671 cnn—

527 2698 773 2771 ti-mptio,
810 2699 863 2755 id
908 2709 993 2757 est
1026 2702 1304 2771 despectio
1349 2720 1413 2759 ac
1448 2705 1648 2769 vilitas,
1687 2705 1862 2761 eﬂ‘usa
1910 2715 2012 2772 est,
2048 2715 2103 2761 et

524 2793 837 2848 exundavit.
890 2793 1187 2865 lmpiorum
1240 2795 1553 2867 principum
1602 2799 1944 2868 propositum
1990 2816 2099 2854 non

525 2894 644 2936 erat
662 2884 781 2940 via:
813 2900 990 2955 neque
1012 2886 1158 2941 enim
1185 2903 1282 2958 per
1304 2886 1582 2943 Christum
1612 2891 1984 2958 ambulabant,
2009 2891 2102 2961 qui

526 2983 644 3030 erat
693 2992 883 3031 revera
931 2977 1050 3044 via,
1095 2986 1153 3034 et
1198 2979 1431 3048 veritas,
1483 2990 1539 3036 et
1586 2981 1716 3036 vita.
1762 2981 2103 3052 Quapropter

527 3083 728 3139 scopus
767 3085 958 3125 eorum
990 3082 1109 3126 erat
1142 3073 1325 3128 invius
1365 3090 1379 3127 :
1414 3073 1681 3143 siquidem
1711 3074 1885 3145 spinis
1910 3075 2105 3147 impie-

1715 375 2075 436 IIESYCIIII
2116 375 2589 438 PRESBYTER!

3647 374 3765 442 1308

2126 498 2175 553 Α
2277 515 2297 548 ‹
2331 496 2441 549 Καὶ
2475 494 2739 567 ἕσπειραν
2762 496 2987 566 ἀγρούς.
3025 514 3047 546 ι

2280 584 2478 655 ’Δγρὸς
2513 586 2612 657 μὲν
2633 581 2726 640 οὖν
2744 587 2893 640 ἐστιν
2918 586 2951 656 ἡ
2971 582 3265 655 φιλοσοφία
3283 585 3316 655 ἡ
3347 584 3489 655 πρὸς
3514 584 3616 655 τὴν
3632 584 3771 653 βασι-

2199 676 2347 733 λείαν
2392 678 2503 732 τῶν
2545 678 2791 750 οὐρανῶν
2835 678 3050 747 ἀπάγου
3066 694 3157 731 σα.
3202 678 3345 747 Φησὶ
3387 676 3509 747 γὰρ
3542 676 3711 740 οὕτως
3745 680 3771 731 ό

2200 769 2440 841 Κύριος’
2489 770 2696 840 Ὅμοια
2730 770 2906 824 ἐστίν
2946 770 2986 838 ἡ
3033 769 3327 835 ,βασιλεία
3356 767 3478 822 τῶν
3513 768 3791 836 οὐρανῶν

2200 859 2482 930 θησαυρῷ
2503 861 2574 915 ἐν
2598 860 2761 932 ἀγρῷ
2791 860 3209 930 κεκρυμμένην
3244 860 3319 914 ὃν
3346 859 3545 927 εὑρὼν
3575 859 3773 926 ἀνθρω-

2200 964 2317 1018 πος
2351 952 2598 1021 ἔκρυψε,
2628 952 2727 1007 καὶ
2770 952 2889 1007 ἀπὸ
2939 949 3049 1021 τῆς
3094 949 3285 1021 χαρᾶς
3338 949 3531 1005 αὑτοῦ
3569 948 3771 1019 ὑπάγει

2201 1043 2312 1097 καί
2342 1043 2533 1098 πωλεῖ
2574 1041 2777 1097 πάντα
2831 1042 2949 1097 ὅσα
2997 1042 3164 1111 ἔχει,
3212 1041 3313 1096 καὶ
3359 1038 3633 1110 ἀγυράζει
3677 1039 3773 1093 τόν

2200 1137 2388 1207 ἀγρόν
2429 1136 2685 1193 ἐκεῖνον.
2718 1136 2828 1208 Τὴν
2870 1136 3040 1209 αὐτὴν
3079 1136 3176 1189 καὶ
3220 1132 3525 1205 ἀμπελῶνα
3566 1130 3657 1185 διά
3677 1134 3765 1203 τῆς

2202 1230 2518 1301 παραϐολῆς
2548 1230 2660 1285 τῶν
2695 1230 2942 1303 ἐργατῶν
2981 1228 3093 1283 τῶν
3144 1226 3533 1300 μισθωθέντων
3577 1223 3767 1288 ἔδειξε.

2202 1322 2414 1395 καρπὸν
2436 1323 2493 1375 δὲ
2514 1324 2850 1394 γεννήματος
2881 1321 2972 1376 τὸν
2990 1322 3049 1375 ὲν
3082 1320 3378 1393 τριάκοντα
3410 1319 3507 1372 καὶ
3533 1320 3595 1371 ὲν
3628 1317 3748 1387 ἑξή-

2202 1435 2369 1472 κοντα
2419 1418 2513 1471 καὶ
2545 1417 2741 1471 ἑκατὸν
2766 1414 2987 1486 εὔδηλον
3017 1413 3093 1478 ὡς
3126 1409 3466 1485 γεωργοῦσιν
3496 1411 3547 1463 ot
3581 1409 3680 1480 τὴν
3706 1410 3761 1462 ἐν

2200 1507 2422 1580 Χριστῷ
2452 1505 2771 1577 φιλοσοφίαν
2798 1505 3213 1576 μελετήσαντες,
3236 1502 3331 1556 καὶ
3358 1500 3567 1572 ἀρετὰς
3597 1500 3656 1552 ὲν
3680 1498 3770 1551 αὐ-

2200 1602 2268 1671 τῇ
2300 1599 2833 1668 καταφυτεύσαντες.

2278 1709 2296 1744 ι
2339 1690 2451 1745 Καὶ
2482 1689 2776 1761 εὐλόγησεν
2809 1688 3032 1754 αὐτοὺς,
3071 1686 3168 1743 καὶ
3195 1684 3647 1759 ὲπληθύνθησαν.
3685 1701 3705 1736 ι

2287 1872 2419 1927 Ἀπὸ
2448 1870 2558 1942 γάρ
2586 1866 2794 1924 δώδεκα
2826 1867 2860 1937 ἢ
2898 1865 3059 1938 τυχδν
3089 1864 3462 1937 ἑϐδομήκοντα
3499 1862 3585 1927 είς
3610 1860 3769 1933 χιλιά-

2203 1965 2299 2029 δας
2346 1966 2497 2035 τρεῖς
2521 2001 2536 2028 ,
2574 1958 2693 2015 εἶτα
2745 1960 2932 2025 πέντε,
2971 1956 3093 2012 εἶτα
3135 1958 3334 2029 μυρίας
3391 1957 3526 2019 ὅσας
3560 1955 3769 2027 δρῶμεν

2208 2054 2554 2128 προέκοψαν’
2584 2052 2839 2117 οὕστινας
2876 2052 3049 2122 κτήνη
3094 2049 3205 2104 τῶν
3274 2048 3594 2104 ἀποστόλων
3637 2046 3766 2101 εἰκό-

2202 2166 2332 2217 τως,
2360 2146 2436 2213 ὡς
2464 2146 2555 2201 ὑπ’
2578 2146 2757 2201 αὐτῶν
2784 2142 3254 2217 μαθητευθέντας,
3284 2141 3567 2197 ἐκάλεσεν.

2281 2346 2300 2381 ι
2351 2326 2611 2400 Ἐξεχύθη
2634 2325 2983 2394 ὲξουδὲνωσις
3017 2324 3106 2379 ἐπ’
3126 2322 3396 2395 ἄρχοντας
3429 2319 3628 2377 αὐτῶν.
3664 2340 3687 2373 ι

2274 2509 2414 2573 Τοὺς
2472 2505 2690 2562 ἀσεϐεῖν
2749 2503 3237 2577 προτρεπομένους
3289 2501 3421 2565 τοὺς
3472 2499 3759 2571 μάρτυρας.

2215 2598 2615 2671 Ἐνισταμένων
2652 2597 2764 2668 γὰρ
2825 2594 3005 2650 αὐτῶν
3038 2592 3118 2664 τῷ
3151 2592 3298 2664 ζήλῳ
3326 2591 3427 2662 τῆς
3450 2591 3760 2659 ξπίστεως,.ή

2201 2694 2312 2749 τῶν
2340 2692 2620 2765 ἀρχόντων
2637 2687 3301 2757 ὲξουδένωσις,τουτέστιν
3323 2684 3662 2755 όφαυλισμὺς
3683 2684 3763 2735 καὶ

2203 2789 2238 2858 ή
2260 2785 2528 2849 εὐτέλεια,
2568 2782 2822 2855 ἐξεχεῖτο,
2850 2782 2943 2835 καὶ
2972 2777 3327 2844 ἑπλεόναξεν.
3355 2778 3472 2832 υύκ
3509 2772 3576 2847 ἦν
3597 2774 3701 2838 ὁδὸς
3727 2776 3766 2843 it.

2202 2882 2313 2937 τῶν
2352 2879 2571 2936 ἀσεϐῶν
2604 2879 2885 2951 ἀρχόντων
2923 2875 3215 2948 πρόθεσις·
3258 2873 3379 2927 οὐδὲ
3407 2871 3519 2942 γὰρ
3554 2869 3765 2942 Χριστὸν

2202 2977 2303 3048 τήν
2331 2975 2502 3038 ὅντως
2545 2972 2686 3041 ὁδὸν,
2728 2971 2823 3027 καὶ
2873 2968 3043 3040 ζωὴν,
3090 2969 3187 3023 καὶ
3228 2965 3524 3037 ἀλήθειαν,
3566 2963 3758 3016 ὥδευον.

2205 3070 2409 3142 Διόπερ
2444 3068 2648 3131 ἄϐατος
2672 3066 2854 3120 αὐτῶν
2894 3066 2924 3119 ό
2969 3062 3172 3126 σκοπὸς
3218 3060 3505 3131 ὑπῆρχεν·
3537 3056 3761 3111 ἀκανθῶν

528 3160 656 3215 tatis
701 3177 765 3216 ac
806 3162 1020 3217 tribulis
1072 3164 1400 3234 opplebatur
1441 3183 1455 3220 :
1499 3165 1555 3220 in
1607 3182 1716 3237 quo
1764 3166 1908 3223 Deus
1958 3168 2104 3239 ipsos

2212 3162 2318 3233 γὰρ
2335 3150 2446 3215 τῶν
2485 3159 2545 3226 ἐξ
2590 3157 2848 3221 ἀσεϐείας
2880 3155 2978 3210 καὶ
3012 3153 3278 3227 τριϐόλων
3323 3150 3677 3223 πεπλήρωτο·
3711 3149 3763 3200 ἐν

527 3253 761 3324 decepit.
806 3254 1190 3313 Existimautes
1237 3258 1383 3313 enim
1426 3274 1484 3314 se
1521 3274 1621 3330 per
1656 3269 1953 3333 martyrum
1995 3278 2102 3318 ra:-

526 3346 651 3402 dem
682 3347 795 3417 iam
842 3348 1121 3405 dilatatam
1165 3366 1229 3406 ac
1268 3362 1580 3407 currentem
1621 3352 1782 3408 ﬁdem
1814 3354 2103 3422 incisuros,

527 3440 883 3508 aberrarunt;
912 3443 1355 3514 quandoquidem
1382 3445 1486 3516 ipsi
1506 3446 1573 3501 ad
1597 3447 1819 3518 gloriam
1844 3457 1899 3504 et
1924 3448 2107 3505 incre-

530 3537 775 3584 mentum
804 3532 1049 3601 mysterii
1077 3534 1228 3589 zelus
1257 3545 1555 3607 martyrum
1585 3538 1877 3593 exstiterit.

596 3702 761 3759 Vens.
789 3705 878 3759 tl.
909 3725 927 3758 ι
962 3705 1030 3761 Et
1050 3707 1260 3778 adjuvit
1287 3726 1581 3781 pauperem
1609 3713 1677 3768 de
1700 3713 1905 3785 inopia.
1942 3735 1960 3769 ι

601 3793 925 3865 Pauperem,
970 3797 1024 3851 id
1073 3808 1179 3866 est,
1227 3801 1486 3870 populum
1533 3802 1624 3871 qui
1671 3807 2108 3873 persecutionem

532 3888 862 3958 patiebatur.
907 3886 1124 3959 Pauper
1163 3891 1310 3945 enim
1352 3901 1468 3947 erat
1503 3894 1594 3963 qui
1635 3896 1846 3951 nullum
1878 3898 2112 3955 habebat

533 3980 589 4034 in
634 3979 952 4035 hominibus
999 3982 1312 4050 prmsidium
1350 4002 1365 4039 ι
1407 4001 1592 4039 verum
1636 4002 1702 4042 ex
1740 3988 1842 4044 hac
1872 4006 2112 4062 pauper-

535 4081 646 4127 tate
672 4073 776 4143 ipsi
797 4089 956 4145 opem
982 4074 1127 4130 tulit.
1151 4076 1285 4131 Cum
1313 4077 1596 4134 hominum
1621 4080 1862 4137 favorem
1887 4084 2112 4142 minime

536 4163 795 4230 haberet,
838 4166 933 4221 sed
976 4181 1196 4236 omnes,
1244 4177 1353 4223 tam
1402 4172 1588 4242 p0puli
1637 4190 1798 4245 quam
1856 4194 2011 4249 reges
2058 4191 2114 4235 et

536 4252 834 4324 principes,
866 4254 1043 4325 ipsum
1082 4269 1482 4330 oppugnarent,
1516 4261 1657 4318 Deus
1699 4276 1819 4321 erat
1856 4268 1908 4322 ei
1959 4269 2113 4341 adju-

538 4360 625 4405 tor
653 4368 667 4405 :
693 4350 748 4405 in
789 4367 897 4421 quo
920 4353 1084 4407 etiam
1117 4369 1310 4409 omnes
1350 4354 1600 4412 inimicos
1638 4362 1936 4430 superavit.

614 4460 633 4494 ι
672 4440 736 4496 Et
758 4443 941 4513 posuit
969 4444 1111 4499 sicut
1135 4460 1267 4500 oves
1295 4445 1548 4503 familias.
1582 4468 1601 4502 ι

2210 3250 2294 3329 ᾕό
2314 3254 2445 3318 Θεὸς
2474 3252 2674 3316 αὐτοὺς
2707 3250 3043 3321 ἐπλάνησεν.
3079 3246 3335 3318 Οίόμενοι
3378 3244 3500 3314 γὰρ.
3523 3242 3757 3295 πλατυνό-

2210 3349 2377 3420 μένην
2406 3345 2506 3418 τὴν
2544 3345 2727 3398 πίστιν
2774 3343 2871 3398 καὶ
2898 3342 3200 3413 τρέχουσαν
3224 3337 3556 3393 ἀνακόπτειν
3579 3336 3657 3388 διὰ
3675 3334 3759 3403 τῆς

2206 3439 2315 3494 τῶν
2343 3436 2642 3510 μαρτύρων
2673 3434 3030 3508 ἀναιρέσεως,
3055 3429 3370 3485 ἐπλανῶντο
3392 3444 3408 3460 ’
3443 3428 3628 3499 ἐπειδὴ
3647 3424 3758 3497 sf)»;

2207 3530 2363 3601 δόξης
2390 3531 2527 3601 αὐτῇ
2561 3530 2655 3583 καὶ
2678 3525 2964 3599 προκοπῆς
2988 3524 3084 3578 τοῦ
3123 3522 3428 3596 μυστηρίου
3456 3521 3487 3575 ό
3504 3520 3655 3591 ζῆλος
3670 3517 3760 3572 τῶν

2212 3625 2507 3698 μαρτύρων
2538 3622 2777 3691 ἐγένετο.

2286 3735 2305 3767 ι
2337 3716 2446 3770 Καὶ
2479 3712 2779 3785 ἐϐοήθησεν
2813 3710 3011 3781 πένητι
3034 3711 3100 3764 ὲκ
3137 3707 3441 3781 πτωχείας.
3482 3725 3501 3761 ι

2283 3807 2504 3879 Πένητι,
2540 3805 2815 3868 τουτέστι,
2850 3801 2927 3873 τῷ
2964 3802 3280 3873 διωκομένῳ
3314 3798 3451 3871 λαῷ.
3477 3798 3644 3868 Πένης
3671 3794 3759 3864 γὰρ

2209 3897 2278 3972 ῆν
2298 3898 2556 3970 οὐδεμίαν
2585 3896 2726 3967 ἔχων
2752 3897 2810 3950 ὲν
2840 3894 3149 3967 ἀνθρώποις
3176 3891 3500 3964 ἐπικουρίας
3522 3889 3753 3958 ὕπαρξιν·

2210 3992 2326 4048 ἀλλ’
2346 3993 2412 4045 ὲκ
2428 3989 2632 4060 ταύτης
2645 3986 2791 4059 αὐτῷ
2810 3990 2908 4060 τῆς
2935 3986 3207 4058 πτωχείας
3232 3983 3558 4055 ἐϐοήθησεν.
3574 3978 3756 4045 Ἐπειδὴ

2212 4084 2322 4156 γὰρ
2366 4082 2671 4153 ἀνθρώπων
2714 4081 2816 4134 οὐκ
2863 4076 2978 4151 εἷχε
3029 4079 3221 4152 ῥοπὴν,
3274 4077 3479 4141 πάντες
3524 4075 3581 4129 δὲ
3625 4072 3758 4128 αὐτὸν

2213 4177 2534 4247 ἐπολέμουν,
2563 4174 2725 4245 δῆμοι
2756 4174 2852 4227 καὶ
2891 4171 3134 4243 βασιλεῖς
3184 4171 3277 4223 καὶ
3293 4169 3574 4240 ἄρχοντες,
3599 4166 3627 4218 ό
3650 4163 3757 4225 Θεὸς

2212 4266 2280 4342 ἦν
2331 4268 2558 4340 βοηθός·
2598 4266 2685 4337 ἐφ’
2727 4258 2773 4333 ᾧ
2815 4265 2911 4318 καὶ
2962 4264 3175 4328 πάντας
3223 4263 3350 4327 τοὺς
3408 4260 3666 4332 πολέμους
3691 4272 3757 4309 νε·

2215 4365 2457 4434 νίκηκεν.
2730 4372 2735 4377 ·

2292 4475 2312 4509 ι
2355 4455 2463 4509 Καὶ
2486 4453 2637 4507 ἔθετο
2669 4451 2749 4516 ὡς
2771 4449 3024 4523 πρόϐατα
3051 4449 3311 4521 πατριᾶς.
3344 4464 3364 4499 ι

608 4532 1069 4606 Congregationes
1126 4546 1423 4607 martyrum
1484 4539 1805 4609 appellavit;
1863 4544 2108 4613 quando-

2290 4546 2372 4600 Τά
2403 4546 2725 4615 συστήματα
2765 4542 2874 4596 τῶν
2917 4540 3213 4613 μαρτύρων
3252 4540 3513 4596 ἐκάλεσεν
3537 4557 3550 4573 ·
3581 4536 3758 4603 ἐπειδὴ·

538 4623 760 4693 quidem
792 4641 859 4679 ex
894 4625 1064 4681 variis
1105 4626 1444 4681 facinoribus
1477 4632 1755 4701 generosis
1788 4634 1870 4687 vel
1906 4637 2116 4692 meritis

540 4717 873 4772 exstiterint.
923 4717 1034 4773 Hos
1099 4728 1358 4790 tanquam
1419 4737 1551 4777 oves
1610 4724 1828 4793 posuit,
1880 4706 2114 4782 mortem

542 4807 787 4878 ipsorum
822 4824 921 4880 pro
954 4811 1224 4867 sacrificio
1253 4812 1583 4883 suscipiens.

614 4894 775 4952 Vens.
812 4898 902 4953 t3.
940 4918 960 4951 ι
994 4898 1130 4966 Quis
1160 4902 1380 4971 sapiens
1409 4911 1465 4957 et
1488 4903 1759 4960 custodiet
1783 4906 1933 4963 hac?
1967 4926 1985 4961 ι

614 4988 739 5045 Uno
775 4992 1025 5072 sapiente
1066 4994 1171 5049 ista
1217 4996 1565 5052 custodiente
1601 5000 1769 5055 multa
1807 5017 1907 5069 per
1938 5002 2118 5073 ipsum

2217 4655 2326 4710 περ
2346 4639 2411 4691 ὲκ
2429 4636 2701 4707 διαφόρων
2736 4634 3190 4704 ἐπιτηδευμάτων
3213 4631 3246 4703 ἢ
3279 4630 3601 4704 ἀξιωμάτων
3626 4630 3757 4696 ἐτύγ-

2218 4749 2403 4805 χανον.
2436 4729 2672 4793 Τούτους
2699 4727 2776 4791 ὡς
2818 4724 3072 4799 πρόϐατα
3103 4724 3284 4789 ἔθετο,
3316 4723 3410 4779 τὸν
3438 4724 3653 4778 θάνατον
3677 4720 3757 4773 αὐ-

2218 4829 2329 4884 τῶν
2357 4828 2478 4881 ἀντὶ
2506 4824 2701 4888 θυσίας
2731 4820 3045 4892 δεξάμενος.

2296 4939 2318 4974 ι
2343 4920 2439 4983 Τίς
2469 4917 2651 4987 σοφὸς,
2685 4916 2781 4970 καὶ
2804 4913 3032 4983 φυλάξει
3058 4911 3235 4967 ταῦτα
3266 4929 3281 4979 ;
3316 4930 3336 4965 ι

2309 5011 2461 5075 Ἐνὸς
2495 5007 2659 5078 σοφοῦ
2677 5006 2849 5061 ταῦτα
2882 5005 3245 5075 φυλάττοντος
3283 5001 3456 5073 πολλὴ
3488 5000 3682 5062 σύνεσις
3705 4996 3763 5049 δι’

544 5083 773 5139 scientia
813 5085 1162 5157 cognitioque
1194 5087 1433 5143 exsistit.
1474 5088 1556 5145 Tu
1601 5090 1768 5163 igitur
1807 5110 1934 5149 cum
1978 5097 2108 5153 scias

2226 5100 2392 5159 αὐτοῦ
2423 5099 2519 5153 καὶ
2561 5098 2856 5167 ἐπίγνωσις
2884 5096 3118 5164 γίνεται.
3158 5095 3234 5149 Σὺ
3267 5094 3451 5147 τοίνυν
3498 5091 3669 5164 μαθὼν
3694 5089 3761 5142 δτι

545 5174 725 5244 ipsum
764 5174 900 5247 legis
940 5180 1224 5233 custodem
1256 5181 1560 5251 appellasse
1588 5185 1915 5255 sapientem,
1952 5189 1996 5243 si
2029 5204 2121 5245 sa-

546 5264 810 5335 pientiam
858 5266 1174 5333 desideres,
1228 5269 1402 5341 legem
1453 5287 1682 5341 operare
1721 5289 1737 5327 :
1773 5276 1917 5331 actio
1968 5279 2118 5334 enim

545 5353 790 5425 proﬁcua
829 5365 917 5411 est
961 5355 1412 5430 intelligentibus.
1462 5360 1619 5417 Haud
1665 5380 1894 5433 parvum
1937 5376 2120 5422 autem

546 5445 679 5502 hinc
694 5454 931 5503 'emanat
966 5449 1421 5516 emolumentum,
1458 5452 1898 5524 quandoquidem
1946 5465 2001 5513 te
2041 5459 2123 5514 le-

548 5554 671 5610 gem
708 5539 1054 5596 custodiente
1096 5540 1289 5612 reliqui
1340 5542 1746 5602 misericordias
1779 5545 1993 5603 Domini
2034 5550 2122 5606 in-

550 5628 824 5686 tellecturi
858 5631 991 5688 sint.

2229 5193 2390 5263 σοφὸν
2409 5191 2500 5245 τὸν
2534 5188 2754 5257 φύλακα
2803 5185 2899 5241 τοῦ
2928 5186 3095 5256 νόμου
3140 5184 3601 5258 προσηγόρευσεν,
3636 5183 3679 5235 εί
3700 5196 3760 5233 σο-

2228 5284 2358 5356 φίας
2394 5279 2706 5351 ἑπιθυμεϊς,
2744 5275 2979 5349 ἐργάζου
3029 5276 3121 5330 τὸν
3167 5276 3362 5347 νόμον
3415 5274 3653 5346 προκοπή
3676 5272 3760 5340 γὰρ

2224 5378 2339 5439 τοῖς
2385 5372 2628 5435 συνετοῐς
2665 5370 2702 5441 η
2748 5366 2969 5439 πρᾶξις.
3018 5366 3093 5419 Τὸ
3142 5367 3333 5439 κέρδος
3370 5366 3433 5420 δὲ
3474 5365 3536 5420 οὐ
3582 5359 3759 5433 μικρὸν.

2228 5464 2416 5536 ἐπειδὴ
2471 5462 2565 5517 σοῦ
2594 5460 2686 5515 τὸν
2724 5459 2887 5531 νόμον
2923 5458 3286 5531 φυλάττοντος
3344 5457 3518 5531 ἕτεροι
3561 5456 3626 5510 τά
3664 5448 3762 5519 Nn

2231 5556 2329 5611 τοῦ
2360 5553 2497 5609 Θεοῦ
2529 5553 2875 5626 συνήσουσιν.
2900 5546 2901 5549 “

621 5831 669 5862 ³⁸
703 5827 895 5886 Matth.
934 5850 1055 5903 xm,
1079 5832 1169 5889 ιι.
1246 5836 1291 5869 ⁸³
1319 5836 1515 5895 Matth.
1546 5855 1639 5907 xx,
1678 5839 1728 5895 l.
1803 5839 1849 5872 "
1879 5838 2047 5896 Matth
2098 5856 2215 5909 xm,
2250 5845 2303 5897 8.
