4032 6416
160 408 303 474 I309
381 411 393 422 ’

247 634 268 669 ε
313 615 438 689 ᾮδὴ
464 616 683 687 ψαλμοῦ
700 616 778 686 τῷ
808 617 993 671 Δαυῖδ.
1045 635 1064 668 ι

257 708 414 780 ᾩδὴν
425 708 644 779 ψαλμοῦ
657 709 758 780 τὴν
777 710 835 762 ὲν
852 707 1066 761 συνέσει
1086 707 1304 777 δοξολογ
1312 706 1398 762 ίαν
1414 708 1583 777 λέγει’
1602 706 1762 761 τοῦτο

162 799 280 874 γὰρ
306 803 402 854 καὶ
430 801 543 866 τοῖς
574 802 703 872 ἑξῆς
730 799 1104 872 δειχθήσεται.

256 996 275 1030 ι
322 977 550 1049 Ἐτοίμη
582 978 834 1049 ήκαρδία
876 996 1004 1056 μου,
1040 978 1070 1030 6
1103 977 1255 1042 Θεός.
1284 996 1304 1030 ι

250 1070 538 1142 Μακάριον
568 1070 878 1140 ἑτοιμάζειν
905 1069 1029 1141 Θεῷ
1053 1071 1154 1142 τὴν
1193 1070 1427 1142 καρδίαν
1451 1086 1464 1100 ·
1508 1071 1625 1138 ἔξει
1659 1072 1767 1143 γάρ

1306 411 1769 475 FRAGMENTA
1808 412 1886 473 IN
1926 412 2285 473 PSALMOS.

722 526 1017 581 ΨΑΛΜΟΣ
1055 527 1174 580 ΡΖσ.
1330 548 1339 553 η
1787 540 1833 590 Α

3312 388 3455 465 1310

2391 524 2516 580 PSA
2526 522 2716 580 LMUS
2753 518 2913 577 CVII.

1930 617 2096 673 Vens.
2131 617 2181 671 l.
2224 635 2242 669 ι
2281 617 2565 673 Canticum
2599 616 2793 688 psalmi
2830 613 2930 684 ipsi
2966 611 3157 668 David.
3194 631 3213 665 ι

1931 710 2222 767 Canticum
2254 708 2446 779 psalmi
2482 717 2644 763 vocat
2676 704 3137 763 collaudationem
3174 703 3229 758 in
3264 702 3447 758 scicn-

1862 805 1986 860 tia:
2027 804 2133 859 hoc
2185 802 2333 858 enim
2384 802 2550 857 etiam
2608 817 2709 873 per
2762 798 3051 871 sequentia
3103 797 3448 853 demonstra-

1865 897 2037 953 bitur.

1939 984 2098 1039 Vens.
2122 984 2177 1038 2.
2219 1002 2238 1036 ι
2280 981 2533 1037 Paratum
2568 996 2663 1036 cor
2695 994 2902 1046 meum,
2939 977 3103 1035 Deus.
3139 988 3159 1031 ι

1943 1074 2167 1131 Beatum
2211 1084 2295 1130 est
2341 1089 2653 1145 praeparare
2699 1088 2795 1127 cor
2842 1071 2955 1126 Deo
2991 1088 3005 1125 :
3039 1085 3167 1125 nam
3212 1068 3305 1139 qui
3345 1068 3451 1124 hoc

176 1162 348 1214 αὺτὸν
376 1166 405 1216 6
428 1162 734 1237 ἐτοιμάζων
778 1165 1011 1219 ἐνοικον.
1055 1163 1280 1235 Ἐπειδὴ
1316 1163 1375 1217 δὲ
1405 1163 1498 1218 τὸν
1536 1164 1713 1233 Λόγον
1741 1164 1770 1219 6

1916 1177 2027 1223 arat
2077 1166 2301 1222 habebit
2353 1166 2530 1236 ipsum
2590 1164 2847 1219 incolam.
2902 1162 3038 1219 Cum
3086 1171 3268 1217 autem
3316 1160 3452 1215 Pro-

178 1253 481 1356 Προφήτης
513 1253 791 1356 δίεσωσεν,
841 1254 954 1325 ἀρα
984 1253 1184 1325 διπλῆν
1209 1253 1359 1326 αὐτῷ
1403 1254 1505 1323 τὴν
1547 1255 1770 1325 ἐτοιμα-

1916 1263 2037 1317 heta
2077 1259 2312 1315 Verbum
2358 1260 2462 1314 hoc
2500 1257 2821 1320 servaverit,
2855 1256 3045 1326 utique
3090 1254 3363 1325 duplicem
3402 1251 3453 1307 ei

182 1344 310 1454 σίαν
335 1344 668 1454 προσφέρειν
695 1344 1008 1415 ὀφείλομεν.
1040 1346 1149 1397 Καὶ
1187 1344 1440 1417 καθάπερ
1473 1345 1523 1399 οἰ
1550 1344 1773 1415 βασιλέα

1916 1353 2327 1425 πίεραι-θύουσαι
2382 1349 2582 1405 aﬂ‘erre
2637 1348 2926 1403 debemus.
2983 1346 3049 1401 Et
3096 1345 3454 1416 quemadmo-

188 1434 488 1504 μέλλοντες
517 1435 880 1506 ὑποδέχεσθαι
907 1436 1262 1506 ἑτοιμάζουσι
1290 1436 1383 1490 τὸν
1414 1431 1587 1501 οἰκον,
1619 1433 1773 1505 πρῶ-

1916 1464 2004 1502 um
2067 1443 2145 1500 illi
2187 1443 2282 1515 qui
2333 1457 2519 1511 regem
2573 1440 2815 1510 hospitio
2860 1438 3141 1509 excepturi
3182 1446 3311 1491 sunt
3353 1436 3454 1490 do-

183 1543 284 1579 τον
324 1526 425 1597 μὲν
452 1526 895 1599 ἐκκαθαίροντες,
934 1526 1186 1597 δεύτερον
1219 1528 1276 1580 δέ
1330 1526 1502 1597 σκεύη
1532 1528 1591 1579 ἐν
1624 1523 1776 1595 αὐτῷ

1916 1555 2025 1595 tum
2079 1545 2306 1609 parant,
2351 1535 2590 1606 primum
2634 1532 2854 1603 quidem
2899 1545 3019 1584 eam
3067 1536 3454 1598 expurgantes,

184 1618 261 1727 τά
288 1619 442 1727 πρὸς
470 1618 568 1690 τὴν
609 1619 799 1689 χρείαν
841 1618 1265 1690 ἀποτιθέμενον
1309 1619 1450 1672 οὓτω
1490 1617 1588 1672 καὶ
1616 1616 1777 1687 ἡμεῖς

1916 1632 2078 1687 einde
2121 1644 2252 1685 vero
2301 1643 2430 1683 vasa
2482 1626 2547 1680 ad
2596 1639 2753 1679 usum
2806 1620 3118 1677 necessaria
3165 1620 3219 1672 in
3264 1618 3456 1672 eadem

186 1709 389 1815 διπλῆν
422 1711 739 1779 ἐτοιμασίαν
762 1709 840 1778 τῷ
860 1710 980 1782 Θεῷ
1004 1710 1456 1782 παρασκευάζειν
1475 1707 1774 1780 χρῄζομενο

1916 1727 2247 1787 ollocantes;
2298 1720 2378 1776 sic
2422 1718 2591 1774 etiam
2642 1731 2745 1771 nos
2787 1714 3059 1784 duplicem
3103 1710 3458 1782 praeparatio-

193 1803 333 1873 μίαν
369 1804 490 1872 μιν,
518 1801 877 1874 καθαίροντες
906 1803 997 1855 τὸν
1016 1802 1115 1871 τῆς
1153 1801 1382 1872 καρδίας
1409 1799 1570 1852 ναόν·
1603 1797 1779 1851 δεύτε-

196 1913 295 1949 nov
339 1894 420 1949 δὲ.
453 1895 657 1949 ἀρετὰς
694 1896 831 1949 αὐτῇ
877 1894 974 1947 καὶ
1007 1888 1235 1949 πράξεις
1280 1891 1492 1949 ἀγαθὰς
1523 1887 1784 1949 ἐπεισφέ-

1916 1837 2011 1876 .em
2053 1819 2165 1873 Deo
2204 1815 2469 1872 exhibere
2501 1811 2767 1866 debemus
2800 1826 2814 1863 :
2846 1822 3011 1862 unam
3058 1805 3281 1875 quidem
3323 1798 3461 1856 tem-

1916 1916 2034 1949 ilum
2068 1911 2249 1949 ραι-Αἶα
2285 1905 2669 1949 omnndnndnt
2714 1903 2941 1949 alteram
2977 1915 3108 1949 vero
3139 1897 3367 1949 virtutes
3400 1910 3461 1949 ac

194 1913 295 1968 ρον
339 1894 420 1961 δὲ,
453 1895 657 1987 ἀρετὰς
694 1896 832 1966 αὐτῇ
877 1894 974 1947 καὶ
1007 1888 1235 1963 πράξεις
1280 1891 1492 1961 ἀγαθάς
1523 1887 1784 1958 ἐπεισφέ-

1916 1916 2035 1969 ilum
2068 1911 2251 1968 cordis
2285 1905 2671 1971 emundando;
2714 1903 2941 1957 alteram
2977 1915 3108 1954 vero
3139 1897 3367 1952 virtutes
3400 1910 3464 1949 ac

194 2004 407 2081 ροντες.
446 1985 604 2040 Οὕτω
642 1986 754 2056 γὰρ
782 1986 915 2057 ήμίν
953 1985 982 2037 6
1015 1984 1149 2047 Θεὸς
1192 1982 1293 2035 οὐκ
1345 1980 1640 2051 ἑνδημήσει
1687 1976 1783 2048 μό-

1916 2005 2087 2060 ιτοὺεε
2117 2001 2364 2056 actiones
2398 1996 2476 2051 illi
2514 1991 2827 2052 inferendo.
2865 1988 2955 2043 Sic
2988 1986 3134 2041 enim
3177 1984 3319 2037 Deus
3353 1996 3463 2035 non

194 2095 315 2141 νον,
345 2077 480 2131 ἀλλά
505 2078 599 2130 καὶ
625 2077 951 2147 ἐηρονίσει.
975 2076 1144 2140 Δόξαν
1178 2073 1373 2128 ἐαυτοῦ
1419 2075 1448 2126 6
1490 2071 1786 2143 Προφήτης

196 2169 299 2223 τὸν
377 2169 614 2240 Χριστὸν
652 2167 1131 2238 προσηγόρευσεν·
1177 2164 1367 2237 ἐπειδὴ
1430 2162 1788 2235 συμμόρφους

195 2262 354 2332 ἡμᾶς
382 2260 481 2331 τῆς
512 2259 672 2327 δόξης
697 2260 797 2329 τῆς
824 2259 1056 2323 οἰκείας,
1086 2257 1371 2331 ἀναλαϐὼν
1394 2255 1464 2309 τὰ
1507 2254 1784 2327 ἡμέτερα,

198 2352 523 2423 πεποίηκεν.
554 2352 646 2404 Ἐν
678 2351 855 2423 τούτῳ
875 2347 1054 2404 τοίνυν
1084 2350 1231 2421 ᾅδειν
1257 2348 1354 2403 καλ
1377 2347 1604 2418 ψάλλειν
1632 2346 1787 2415 φησι,

199 2445 475 2509 τουτέστι,
508 2446 606 2500 σὺν
650 2445 855 2499 αἰνέσει
897 2444 1222 2511 δοξολογεῖν.
1273 2443 1338 2496 Τί
1362 2441 1418 2495 δὲ
1449 2442 1507 2494 ἐν
1552 2438 1630 2510 τῷ
1668 2439 1792 2509 Χρι-

203 2533 323 2606 στῷ
355 2535 657 2605 δοξολογεῖν
685 2537 784 2589 καὶ
800 2535 1024 2605 ψάλλειν
1048 2552 1063 2603 ;
1093 2534 1163 2588 τά
1193 2534 1321 2604 περὶ
1348 2532 1518 2604 αὐτοῦ
1549 2529 1792 2601 δηλονότι

206 2628 508 2699 μυστήρια.

285 2842 311 2876 ο
349 2824 721 2899 Ἐξεγέρθητι,
755 2826 789 2897 ή
820 2824 948 2891 δόξα
984 2843 1108 2896 μου.
1150 2844 1169 2877 ι

286 2917 500 2983 Πόθεν;
549 2918 615 2969 ἐκ
645 2916 755 2969 τῶν
793 2917 1066 2971 ταπεινῶν
1108 2917 1208 2987 τῆς
1241 2913 1658 2991 ἀσνθρωπότητος
1693 2929 1797 2981 [LU-

208 3008 477 3080 στηρίων,
515 3010 581 3063 ἐκ
628 3007 737 3061 τῶν
782 3008 995 3080 νεκρῶν
1040 3007 1135 3072 οὓς
1188 3006 1466 3062 κατελθὼν
1505 3008 1533 3059 6
1564 3003 1799 3075 Χριστὸς

208 3098 598 3169 ἐπεσκέψατοο
644 3098 855 3153 ἐκεῖθεν
904 3099 1069 3153 αὑτὸν
1111 3098 1497 3170 ἐξαναστῆσαι,
1551 3098 1637 3150 ἵνα
1709 3096 1801 3148 καὶ

210 3189 502 3262 ἀναληφθῇ
522 3232 538 3257 ,
569 3188 645 3254 ὡς
679 3189 982 3262 μελλόντων
1020 3190 1180 3261 ήμῶν
1213 3191 1487 3243 κοινωνεῖν
1520 3187 1665 3257 αὐτῷ
1699 3185 1800 3256 τῆς

210 3284 381 3355 δόξης
414 3282 514 3354 τῆς
554 3283 632 3347 εἰς
675 3283 938 3353 οὐρανοὺς
986 3281 1443 3353 βούλεται..οὑδὲ
1478 3281 1587 3351 γὰρ
1634 3280 1795 3349 μόνον

216 3378 549 3448 συνήγειρεν
596 3376 775 3446 ἡμᾶς,
824 3375 961 3430 ἀλλά
1004 3377 1100 3429 καί
1150 3374 1510 3430 συνεκάθισεν
1552 3375 1611 3425 ὲν
1654 3371 1807 3441 δεξιᾷ

216 3467 423 3523 ἑαυτοῦ
472 3471 530 3522 ἐν
570 3469 684 3531 τοῖς
731 3465 1099 3538 ἐπουρανίοις.
1151 3465 1398 3520 Παλαιὰν
1440 3462 1674 3517 ἐνταῦθα
1716 3463 1811 3515 καὶ

222 3559 442 3631 Καινήν
466 3559 744 3632 Διαθήκην
789 3558 1169 3630 ἐξεγερθῆναι,
1224 3558 1303 3621 εἰς
1351 3555 1449 3619 τὰς
1502 3558 1628 3625 περὶ
1676 3551 1811 3606 Θεοῦ

225 3650 542 3722 μαρτυρίας
576 3648 916 3720 παρακαλεῖ,
948 3648 1091 3702 ὥστε
1121 3648 1188 3701 δι’
1231 3647 1415 3702 αὐτῶν
1454 3645 1813 3715 πιστευθῆναι

220 3736 328 3790 τοῦ
358 3736 595 3807 Χριστοῦ
637 3736 736 3808 τὴν
785 3736 1104 3791 ἀνάστασιν.
1143 3736 1207 3789 Ἦ
1259 3737 1358 3806 μὲν
1410 3735 1519 3807 γὰρ
1561 3734 1847 3804 προλέγειν

225 3828 363 3892 τοὺς
386 3826 613 3898 καιροὺς
635 3827 732 3880 καὶ
759 3825 888 3891 τοὺς
914 3826 1115 3890 τόπους
1132 3842 1148 3859 ο
1173 3828 1208 3897 ή
1234 3826 1291 3880 δὲ
1312 3824 1405 3880 ἐπὶ
1438 3826 1537 3894 τῆς
1568 3826 1811 3896 ἱστορίας

225 3918 310 3971 τὰ
343 3916 711 3988 προλεχθέντα
742 3916 1033 3971 δείκνυσιν.

317 4026 336 4059 ι
385 4007 854 4079 Ἐξεγερθήσομαι
886 4005 1107 4083 ὄρθρου.
1149 4023 1169 4058 ι

320 4100 634 4171 ’Λπόκρισιν
671 4099 930 4169 εἰσήγαγε
964 4096 1058 4151 τοῦ
1096 4096 1333 4169 Χριστοῦ
1379 4100 1446 4169 τῇ
1500 4098 1681 4169 δεήσει
1727 4097 1822 4152 τοῦ

231 4191 529 4262 Προφήτω
582 4189 1015 4261 συμϐαίνουσαν⁸
1060 4192 1089 4243 6
1131 4186 1229 4260 μὲν
1258 4190 1368 4261 γὰρ
1408 4190 1568 4243 αὑτὸν
1594 4190 1822 4260 tea-{39-

232 4283 402 4351 θῆναι
436 4281 710 4335 ἱκέτευσεν
745 4279 951 4346 εἰπὼν,
995 4281 1357 4351 Ἐξεγέρθητι
1380 4323 1395 4349 ,
1430 4282 1468 4350 ἡ
1498 4282 1648 4346 δόξα
1685 4282 1829 4351 μου.

245 4377 316 4431 Ὅ
379 4375 437 4429 δὲ
480 4373 705 4429 καὶτὸν
741 4373 932 4445 καιρὸν
957 4372 1099 4439 ,καθ’
1169 4373 1230 4425 δν
1284 4374 1591 4442 οἰκονομεῖν
1646 4372 1828 4443 μέλλει

234 4469 436 4530 τοῦτο,
484 4466 877 4537 κατήγγειλεν
933 4464 1433 4536 Ἐξετερθήσομαι
1475 4464 1604 4536 γὰρ,
1640 4464 1826 4535 φησὶν,

1885 2092 2062 2147 solum
2101 2090 2167 2142 ad
2212 2102 2314 2141 nos
2351 2082 2738 2143 diversabitur,
2783 2093 2974 2134 verum
3014 2075 3179 2129 etiam
3214 2073 3269 2126 in
3307 2070 3467 2124 nobis

1886 2178 2339 2239 commorabitur.
2379 2174 2620 2232 Gloriam
2662 2187 2816 2227 suam
2862 2170 2951 2223 hic
2991 2166 3262 2236 Pr0pheta
3301 2161 3467 2217 Chri-

1890 2286 2033 2331 stum
2083 2269 2411 2343 appellavit;
2464 2263 2908 2337 quandoquidem
2960 2276 3086 2315 cum
3138 2268 3324 2313 nostra
3380 2272 3471 2311 as-

1889 2366 2151 2437 sumpsit,
2202 2361 2518 2417 conformes
2570 2374 2672 2412 nos
2720 2355 2906 2426 gloriae
2949 2368 3061 2407 sua)
3103 2349 3360 2406 reddidit.
3408 2348 3471 2403 ln

1891 2474 1958 2514 co
2006 2457 2170 2529 igitur
2219 2451 2554 2509 cantandum
2608 2457 2663 2504 et
2714 2445 3058 2518 psallendum
3108 2443 3215 2508 ait,
3265 2440 3317 2494 id
3365 2448 3471 2503 est,

1893 2567 2019 2607 cum
2067 2547 2229 2603 laude
2277 2542 2693 2601 celebrandum.
2746 2538 2886 2605 Quid
2942 2550 3107 2607 porro
3156 2532 3211 2587 in
3259 2530 3476 2587 Christo

1895 2644 2287 2702 celebrandum
2364 2649 2419 2695 et
2498 2634 2884 2709 psallendum?
2957 2632 3144 2702 utique
3222 2624 3476 2699 mysteria

1896 2738 2086 2810 ipsius.

1975 2829 2131 2883 Vens.
2163 2826 2217 2882 3.
2252 2843 2271 2878 ι
2305 2825 2571 2893 Exsurge,
2605 2818 2772 2893 gloria
2803 2831 2947 2872 mea.
2979 2834 2998 2867 ι

1968 2920 2166 2977 Unde?
2200 2916 2280 2972 Ex
2324 2914 2626 2972 humilibus
2673 2908 3031 2967 humanitatis
3070 2900 3366 2976 mysteriis,
3414 2915 3481 2954 ex

1901 3015 2037 3086 ipsis
2076 3010 2308 3067 mortuis
2356 3023 2497 3079 quos
2542 3000 2887 3062 descendens
2928 2998 3179 3055 Christus
3224 2993 3482 3048 visitare-

1905 3118 1988 3164 rat
2015 3126 2028 3162 :
2059 3106 2185 3161 inde
2215 3104 2334 3159 vult
2364 3102 2543 3172 ipsum
2576 3110 2891 3166 exsurgere,
2919 3101 2978 3147 ut
3007 3091 3167 3145 etiam
3200 3085 3481 3149 ascendat,

1831 3235 1875 3293 ο
1907 3216 2014 3269 quo
2042 3208 2096 3252 et
2134 3211 2237 3250 nos
2271 3206 2489 3264 quoque
2534 3187 2773 3245 caelestis
2808 3185 2927 3255 ejus
2966 3181 3150 3255 gloriae
3192 3177 3487 3250 participes

2030 3290 2040 3293 _
2269 3285 2317 3293 ..-
2486 3283 2498 3293 .
2706 3280 2717 3290 -
2870 3292 2875 3293 ,
2959 3269 3336 3293 _A_.-___-2.-_.2s
3390 3265 3483 3293 nn].

1910 3290 2229 3347 evadamus.
2269 3285 2390 3339 Non
2423 3283 2600 3338 solum
2632 3280 2780 3335 enim
2816 3292 2920 3332 nos
2950 3269 3360 3330 consuscitavit,
3390 3265 3488 3321 sed

1911 3382 2072 3436 etiam
2104 3375 2406 3433 consedere
2439 3373 2566 3428 fecit
2594 3371 2648 3425 in
2680 3371 2904 3427 dextera
2933 3381 3031 3420 sua
3062 3364 3119 3418 in
3150 3358 3487 3417 coelestibus.

1912 3472 2177 3528 Provocat
2221 3468 2325 3522 hoc
2369 3466 2490 3520 loco
2521 3465 2692 3520 Vetus
2720 3476 2783 3516 ac
2811 3458 3022 3513 Novum
3052 3453 3487 3513 Testamentum,

1914 3574 1975 3619 ut
2014 3568 2271 3631 exsurgat
2312 3557 2380 3613 ad
2421 3554 2733 3610 testimonia
2778 3550 2845 3606 de
2891 3549 3002 3603 Deo
3047 3538 3394 3616 proferenda,
3434 3547 3493 3592 ut

1914 3671 2013 3727 per
2050 3670 2114 3709 ea
2145 3649 2353 3707 Christi
2398 3644 2732 3702 resurrectio
2764 3640 3138 3696 conﬁrmetur.
3173 3633 3312 3689 Illud
3345 3630 3490 3685 enim

1916 3723 2161 3821 praedicit
2193 3753 2439 3812 tempora
2470 3746 2527 3792 et
2555 3737 2705 3802 loca;
2741 3734 2845 3789 hoc
2872 3744 3005 3787 vero
3034 3728 3089 3782 in
3123 3723 3347 3781 historia
3373 3735 3494 3792 quae

1918 3832 2176 3913 praedicta
2199 3834 2422 3891 fuerant
2449 3827 2709 3886 ostendit.

1999 4033 2019 4067 ι
2053 4011 2355 4082 Exsurgam
2385 4006 2647 4063 diluculo.
2687 4022 2706 4057 ι

1995 4102 2433 4173 Responsionem
2474 4096 2683 4153 Christi
2734 4089 3034 4149 introduxit
3076 4086 3359 4157 Pmphetze
3402 4098 3500 4153 pe-

1929 4194 2105 4253 titioni
2140 4198 2537 4262 congruentem
2566 4206 2580 4242 :
2614 4186 2703 4240 hic
2732 4184 2878 4238 enim
2919 4181 3067 4234 illum
3099 4183 3404 4247 rogaverat,
3442 4179 3504 4225 ut

1928 4289 2247 4354 exsurgeret
2276 4280 2486 4344 dicens,
2520 4275 2780 4344 Exsurge,
2808 4271 2977 4343 gloria
3005 4285 3142 4323 mea.
3173 4267 3296 4335 Ipse
3324 4274 3504 4317 autem

1930 4378 2094 4434 etiam
2132 4386 2347 4444 tempus
2378 4367 2748 4432 annuntiavit,
2796 4379 2905 4434 quo
2946 4361 3089 4416 istud
3128 4367 3245 4413 erat
3282 4356 3505 4425 dispen-

1933 4480 2151 4526 saturus
2180 4486 2195 4522 :
2227 4467 2523 4535 Exsurgam
2554 4460 2723 4525 enim,
2787 4454 2993 4525 inquit,
3022 4450 3270 4506 diluculo.
3310 4446 3507 4501 lisdem

242 4561 484 4629 ὄρθρου.
546 4535 637 4622 Ἐξ
670 4535 837 4628 αὐτῆς
880 4535 1083 4623 λέξεως
1109 4556 1171 4609 τὸ
1213 4555 1292 4626 τῷ
1328 4556 1511 4624 Δουκᾷ
1557 4535 1686 4628 περὶ
1733 4557 1815 4624 τῆς

1938 4562 2054 4617 fere
2090 4558 2272 4614 verbis
2317 4556 2517 4626 quibus
2557 4551 2732 4606 Lucas
2770 4545 3053 4603 historiam
3090 4535 3508 4596 resurrectionis

241 4649 596 4712 ἀναστάσεως
629 4648 813 4719 ἰστορη
823 4647 982 4717 μένον
1009 4644 1414 4716 φθεγξάμενος’
1443 4647 1696 4714 Ὀρθρου
1719 4648 1836 4710 ,βα-

245 4742 389 4806 θέος
418 4737 610 4811 ἦλθον
646 4738 928 4808 γυναῖκες
954 4738 1053 4791 ἐπί
1096 4736 1163 4791 τὸ
1198 4736 1426 4807 μνῆμα,
1466 4736 1755 4805 φέρουσαι
1801 4734 1841 4790 ἆ

247 4832 592 4901 ἡτοίμασαν
612 4828 888 4899 ἀρώματα
912 4846 925 4859 ·
957 4823 1039 4892 οἷς
1085 4828 1180 4881 καί
1233 4827 1301 4880 τὰ
1336 4826 1489 4881 ἀλλα
1548 4827 1646 4896 τῆς
1708 4827 1841 4880 ἀνα-

252 4924 501 4984 στάσεως
554 4920 649 4975 τοῦ
707 4920 959 4991 Σωτῆρος
988 4920 1290 4990 ἐπήγαγεν.

333 5032 354 5067 ι
391 5012 516 5067 Ὀτι
549 5012 693 5083 μέγα
725 5010 912 5064 ἐπάνω
944 5009 1050 5062 τῶν
1080 5008 1349 5078 οὐρανῶν.
1394 5028 1413 5059 ο

331 5104 522 5168 Ἔλεος
555 5104 649 5158 καὶ
696 5101 925 5174 ἀλήθεια
965 5102 1063 5172 τῆς
1099 5100 1415 5172 οἰκονομίας
1456 5100 1551 5155 τοῦ
1595 5098 1836 5170 Χριστοῦ

254 5196 320 5249 τὸ
345 5196 641 5266 μυστήριον
664 5210 679 5224 ·
716 5192 859 5265 ὥστε
892 5193 984 5246 τὸν
1018 5193 1311 5264 Προφήτην
1342 5191 1533 5245 τοῦτον
1564 5177 1836 5263 ἀλλαχόσε

255 5291 445 5359 λέγει·
490 5290 701 5356 Ἔλεος
738 5288 839 5343 καὶ
885 5287 1137 5357 ἀλήθεια
1181 5287 1604 5357 συνήντησαν.
1644 5288 1738 5353 Εἰς
1781 5286 1840 5341 ἒν

259 5384 375 5455 γὰρ
412 5385 445 5454 ή
476 5381 570 5436 τοῦ
603 5381 842 5452 Χριστοῦ
881 5380 1074 5451 θεότης
1117 5382 1213 5434 καὶ
1261 5381 1618 5451 ἀνθρωπότης
1644 5383 1709 5452 τῇ
1743 5380 1838 5434 τοῦ

260 5475 427 5545 λόγου
459 5473 734 5547 σαρκώσει
773 5475 1140 5545 κατήντησαν.
1159 5472 1321 5527 Ἀλλά
1343 5474 1404 5527 τὸ
1438 5473 1538 5544 μὲν
1567 5473 1716 5535 ἕλεος
1740 5474 1843 5545 ἀρ-

269 5569 458 5639 μόττει
480 5571 549 5640 τῇ
580 5567 675 5620 τοῦ
709 5566 1085 5639 σαρωθὲντος
1127 5566 1290 5635 λόγου
1318 5566 1529 5638 θεότητι
1552 5566 1712 5638 (αὐτή
1735 5566 1843 5639 γὰρ

267 5662 331 5715 τὸ
358 5661 586 5732 πλάσμα
606 5664 667 5714 τὸ
688 5661 890 5714 οἰκεῖον
911 5660 1180 5731 ἐλέησεν),
1214 5661 1249 5731 ή
1274 5659 1502 5731 ἀλήθεια
1527 5660 1585 5715 δὲ
1611 5663 1678 5733 τῇ
1709 5677 1843 5732 σαρ-

349 5838 395 5871 ¹⁸
429 5836 559 5895 Luc.
584 5852 733 5904 xxiv,
772 5835 816 5891 ι.
891 5836 935 5869 ⁸⁸
967 5834 1105 5891 Psal.
1129 5833 1437 5899 unm”.

1933 4657 2325 4711 commemorat
2366 4648 2555 4703 dicens
2588 4664 2600 4699 :
2640 4641 2800 4697 Valde
2843 4637 3074 4693 diluculo
3111 4639 3360 4688 venerunt
3396 4645 3511 4682 mu-
3541 4654 3551 4665 -

1936 4744 2087 4799 lieres
2135 4742 2206 4796 ad
2255 4746 2670 4799 monumentum,
2711 4737 2981 4802 portantes
3028 4741 3145 4796 qua:
3193 4726 3512 4795 paraverant

1937 4843 2181 4890 aromata
2210 4832 2299 4886 t"z
2329 4830 2532 4901 quibus
2568 4826 2733 4883 etiam
2766 4822 2977 4891 reliqua
3010 4817 3079 4873 de
3112 4811 3515 4870 resurrectione

1940 4925 2240 4980 Salvatoris
2274 4920 2576 4991 subiunxit.

2015 5016 2158 5070 Vens
2179 5014 2232 5070 5.
2268 5032 2287 5065 ι
2316 5011 2453 5078 Quia
2484 5024 2675 5080 magna
2706 5015 2790 5061 est
2818 5018 2982 5073 super
3011 5000 3199 5081 caelos.
3246 5015 3266 5050 ι

2017 5105 2386 5162 Misericordia
2413 5111 2469 5158 et
2493 5101 2697 5157 veritas
2722 5105 2852 5153 sunt
2872 5088 3294 5164 dispensationis
3315 5085 3517 5142 Christi

1945 5199 2292 5274 mysterium;
2350 5196 2424 5250 ita
2481 5201 2541 5248 ut
2590 5190 2860 5261 Propheta
2917 5186 3083 5241 etiam
3135 5169 3264 5237 alibi
3313 5179 3457 5234 dicat
3502 5196 3516 5232 ;

1946 5268 2305 5349 Misericordia
2359 5295 2410 5342 et
2457 5286 2651 5340 veritas
2705 5280 3044 5336 obviaverunt
3081 5276 3151 5330 ⁸⁸.
3197 5272 3306 5328 Per
3357 5268 3521 5325 Verbi

1948 5383 2092 5439 enim
2138 5376 2571 5435 incarnationem
2615 5369 2820 5428 Christi
2875 5364 3134 5423 divinitas
3170 5371 3226 5419 et
3267 5357 3522 5416 humani-

1947 5483 2029 5530 tas
2060 5472 2115 5527 in
2148 5485 2318 5526 unum
2352 5472 2752 5524 convenerunt.
2788 5460 3178 5516 Verumtamen
3209 5451 3524 5508 misericor-

1949 5564 2037 5617 dia
2092 5561 2314 5632 quidem
2376 5556 2647 5613 incarnati
2713 5551 2877 5607 Verbi
2936 5545 3209 5604 divinitati
3275 5538 3527 5611 congruit

1951 5656 2093 5729 (ipsa
2115 5656 2262 5713 enim
2298 5650 2538 5725 ﬁgmenti
2571 5647 2659 5705 sui
2695 5645 2922 5703 miserta
2964 5637 3116 5710 fuit),
3148 5634 3353 5692 veritas
3395 5645 3529 5688 vero
