3962 6456
508 393 667 460 .1311

1734 405 2031 465 HESYCII
2044 406 2100 465 ΙΙ
2133 407 2608 469 PRESBYTERI

3670 406 3792 461 1312

529 513 702 569 carni.
737 513 1042 583 (Siquidem
1070 530 1179 569 non
1212 516 1515 571 secundum
1544 516 2015 589 imaginationem,
2053 527 2101 572 ul

2218 521 2293 574 κί.
2323 522 2481 590 (υύδὲ
2514 522 2623 593 γὰρ
2680 521 2822 575 κατὰ
2879 520 3201 590 φαντασίαν,
3234 518 3311 583 ῶς
3343 535 3485 582 τινες
3521 515 3635 570 τῶν
3662 519 3794 586 nipt-

530 605 749 673 qnldam
801 606 1044 661 haeretici
1089 608 1367 672 sentiunt,
1418 609 1515 663 sed
1563 610 1865 665 secundum
1910 611 2113 667 verita-

534 705 642 750 tem
686 698 828 752 Deus
873 698 1108 754 Verbum
1154 716 1377 755 carnem
1426 703 1769 772 assumpsit.)
1807 703 1923 759 Hoc
1965 704 2113 759 enim

531 788 599 842 ad
628 790 1048 859 explicationem
1089 802 1146 848 et
1185 793 1663 848 conﬁrmationem
1712 793 1877 851 David
1916 795 2113 853 iterum

530 883 688 945 dixit,
716 883 919 938 Veritas
951 887 1014 939 de
1048 895 1189 939 terra
1226 896 1342 940 orta
1381 895 1456 940 est
1478 886 1546 950 ⁸⁷,
1579 886 1971 942 humanitatem
2006 889 2113 943 Do-

534 974 665 1029 mini
709 974 1057 1049 intelligens;
1094 994 1217 1048 quae
1247 979 1314 1033 de
1348 986 1487 1033 terra
1521 988 1730 1047 nostra,
1760 980 1972 1035 scilicet
2010 981 2115 1036 hu-

534 1080 708 1119 mana:
741 1074 969 1133 naturae,
1002 1078 1120 1122 orta
1151 1076 1258 1123 est.
1301 1068 1490 1140 Magna
1534 1069 1699 1140 igitur
1732 1085 1899 1140 supra
1943 1071 2115 1126 cmlos

413 1221 416 1225 ἢ
531 1166 617 1211 est
638 1157 841 1214 Christi
870 1159 1133 1216 divinitas
1164 1170 1387 1231 propter
1418 1161 1665 1232 gloriam,
1694 1178 1800 1231 qua
1824 1179 1854 1216 a
1876 1164 2113 1233 propriis

532 1250 826 1308 virtutibus
858 1254 1191 1324 gloriﬁcatus
1227 1257 1333 1311 fuit
1364 1275 1377 1311 :
1412 1257 1468 1311 in
1501 1267 1647 1313 terra
1689 1258 1835 1313 enim
1885 1260 2111 1317 minime

531 1343 884 1410 noscebatur,
919 1354 976 1399 et
1002 1361 1168 1401 carne
1194 1346 1647 1403 obumbrabatur.

600 1430 760 1487 Vens.
785 1432 837 1487 6.
873 1453 894 1485 ς
924 1433 1181 1491 Exaltare
1210 1452 1376 1507 super
1403 1438 1596 1502 ccelos,
1635 1437 1802 1493 Deus.
1837 1459 1856 1491 ο

601 1520 789 1577 Viden‘
853 1534 913 1579 ut
972 1524 1140 1582 David
1202 1526 1406 1583 Christi
1471 1529 1851 1583 ascensionem
1910 1529 2111 1599 praedi-

527 1628 680 1679 cens,
710 1615 861 1685 prius
891 1618 1119 1672 nubium
1158 1618 1351 1687 fecerit
1386 1619 1760 1674 mentionem?
1790 1620 1931 1675 Ecce
1962 1622 2109 1676 enim

527 1706 689 1759 etiam
744 1723 891 1764 nunc
948 1710 1080 1779 quid
1144 1710 1321 1765 simile
1376 1710 1725 1781 proponitur,
1796 1727 1994 1783 nempe
2049 1721 2111 1768 ut

525 1798 799 1853 exaltetur
829 1798 973 1854 Deus
1003 1817 1171 1871 super
1200 1802 1369 1857 cmlos
1398 1801 1744 1867 celebratus;
1788 1803 1915 1859 licet
1956 1819 2103 1859 sem-

2217 612 2387 665 τικῶν
2431 612 2706 676 δοκοῦσιν,
2738 613 2876 666 ἀλλὰ
2919 612 3042 667 κατ’
3086 611 3348 681 ἀλήθειαν
3388 612 3417 663 6
3461 609 3596 671 Θεὸς
3640 608 3795 673 Λόγος

2217 701 2586 772 σεσάρκωται.
2612 704 2630 771 )
2657 702 2831 756 Τοῦτο
2870 702 2979 775 γὰρ
3033 703 3113 767 είς
3140 700 3439 772 ἑρμηνείαν
3477 700 3577 754 καὶ
3603 698 3792 751 σύστα-

2229 810 2315 845 σιν
2342 795 2370 846 6
2398 793 2562 846 Δαδὶδ
2599 793 2766 847 πάλιν
2809 793 3019 862 ἔλεγεν,
3058 792 3130 847 Ἦ
3170 790 3424 860 ἀλήθεια
3449 789 3517 842 ἐκ
3554 787 3668 854 τῆς
3693 784 3793 855 τῆς

2215 883 2525 951 ἀνέτειλε,
2572 884 2671 957 τὴν
2720 885 3119 956 ἀνθρωπότητα
3160 882 3252 936 τοῦ
3310 881 3521 951 Κυρίου
3585 880 3790 947 λέγων·

2213 977 2313 1049 τὴν
2359 978 2468 1033 άπὸ
2506 978 2609 1049 τῆς
2641 978 2921 1051 ἡμετέρας
2951 977 3076 1048 γῆς,
3120 975 3326 1047 δηλαδὴ
3372 974 3475 1046 τῆς
3517 972 3769 1044 ἀνθρωττί

2215 1089 2313 1143 νης
2350 1071 2587 1142 φύσεως,
2623 1071 3007 1126 ἀνατείλασαν.
3049 1069 3207 1137 Μέγα
3244 1066 3431 1120 τοίνυν
3466 1066 3664 1119 ἐπάνω
3696 1064 3794 1117 τῶν

2214 1161 2466 1232 οὐρανῶν
2494 1163 2529 1234 η
2576 1162 2672 1216 τοῦ
2717 1160 2960 1232 Χριστοῦ
2999 1160 3191 1229 θεότης
3236 1159 3325 1213 διὰ
3377 1158 3478 1241 τὴν
3524 1157 3794 1228 δόξαν,ἧν

2218 1256 2374 1322 παρὰ
2398 1253 2507 1308 τῶν
2535 1252 2758 1306 οίκείων
2777 1252 3062 1321 δυνάμεων
3089 1248 3373 1315 ἐδοξάζετο
3390 1265 3405 1280 ο
3434 1249 3527 1303 ἐπὶ
3563 1250 3672 1318 γῆς
3694 1248 3792 1317 γὰρ

2213 1343 2486 1415 ἠγνοεῖτο,
2521 1343 2620 1398 καὶ
2650 1345 2714 1414 τῇ
2754 1343 2920 1414 σαρκὶ
2947 1342 3354 1405 συνεσκιάζετο.

2288 1453 2307 1484 σ
2349 1434 2625 1507 Ὑψῶθητι
2647 1435 2740 1489 ἐπὶ
2768 1436 2894 1499 τοὺς
2916 1433 3199 1506 οὐρανοὺς,
3217 1434 3247 1486 6
3265 1431 3416 1495 Θεός.
3453 1450 3472 1482 ι

2282 1527 2520 1599 Θεωρεῖς
2561 1528 2644 1580 ὅτι
2686 1524 2782 1580 τοῦ
2832 1523 3070 1597 Χριστοῦ
3118 1524 3219 1595 τὴν
3257 1522 3529 1593 ἀνάληψιν
3581 1520 3791 1577 ὀΔασὶδ

2209 1617 2572 1689 προφητεύων
2596 1658 2611 1685 ,
2651 1619 2762 1672 τῶν
2796 1617 3040 1689 νεφελῶν
3088 1614 3401 1689 ἔμπροσθεν
3450 1614 3790 1685 ἐμνημόνευο

2210 1725 2341 1774 σεν;
2380 1708 2515 1763 Ἰδοὺ*
2556 1709 2669 1781 γάρ
2700 1709 2798 1763 καὶ
2830 1708 2927 1763 νῦν
2969 1709 3155 1779 ὅμοιον
3186 1706 3539 1771 ὑποτίθεται,
3575 1703 3790 1774 Mc

2208 1817 2297 1856 ναι
2324 1802 2416 1854 τὸν
2435 1801 2570 1856 Θεὸν
2594 1802 2689 1855 ἐπὶ
2716 1802 2846 1865 τοὺς
2870 1799 3134 1872 οὐρανοὺς
3169 1797 3611 1870 πρεσϐευόμενος
3629 1810 3645 1823 ·
3675 1795 3785 1848 καί-

525 1905 624 1959 per
661 1890 715 1943 in
757 1892 1087 1947 sublimibus
1124 1894 1369 1959 exsistat,
1408 1895 1485 1948 uti
1521 1896 1598 1949 ait
1633 1896 1840 1950 lsaias:
1871 1895 2096 1951 Sanctus

2207 1909 2282 1946 τοι
2304 1892 2599 1958 διαπαντὸς
2626 1895 2686 1948 ὲν
2706 1892 2932 1964 ὑψηλοῖς
2957 1891 3110 1957 ὅντα,
3133 1889 3281 1944 καθά
3306 1905 3473 1959 φησιν
3488 1886 3780 1949 Vticam;-

524 1980 781 2035 Dominus
817 1984 907 2053 qui
939 1985 995 2037 in
1028 1984 1152 2039 altis
1187 1986 1391 2040 habitat
1415 1987 1482 2041 ⁸⁸.
1518 1985 1685 2041 David
1715 2003 1845 2041 vero
1873 1988 1954 2043 sic
1983 2006 1996 2043 :
2023 1988 2097 2043 Tu

523 2072 665 2126 solus
715 2074 1013 2130 Altissimus
1058 2093 1215 2147 super
1259 2094 1463 2131 omnem
1513 2086 1712 2131 terram
1751 2078 1817 2133 ⁸⁹.
1866 2078 2099 2135 Verum-

527 2173 706 2219 tamen
741 2167 1123 2223 exaltationem
1156 2180 1314 2225 vocat
1352 2170 1626 2242 Unigeniti
1669 2187 1794 2227 cum
1834 2187 2001 2228 carne
2042 2173 2097 2227 in

525 2256 694 2311 caelos
722 2272 1031 2313 asrensum.

594 2347 757 2403 Vens.
793 2349 846 2403 7.
894 2370 912 2399 ι
944 2349 1018 2405 Ut
1049 2350 1352 2406 liberentur
1380 2352 1562 2409 dilecti
1589 2354 1686 2409 tui.
1726 2374 1744 2407 ι

594 2437 783 2494 Dilecti
816 2440 909 2495 Dei
948 2451 1077 2496 sunt
1115 2441 1191 2497 illi
1233 2443 1484 2499 homines
1516 2446 1607 2515 qui
1641 2461 1741 2516 per
1768 2445 1888 2517 ejus
1919 2447 1972 2501 in
2006 2464 2098 2518 ge-

508 2529 628 2583 ‘nus
674 2539 919 2585 nostrum
965 2531 1315 2588 dilectionem
1353 2536 1549 2590 servati
1591 2546 1740 2602 sunt,
1768 2554 1906 2608 quos
1938 2540 2100 2595 etiam

524 2618 581 2674 in
620 2621 819 2676 cmlum
864 2624 1133 2679 exaltatus
1177 2626 1243 2680 ab
1285 2627 1507 2697 antiqua
1552 2629 1866 2698 captivitate
1909 2630 2103 2685 libera-

520 2711 629 2778 vit;
655 2713 1111 2782 quemadmodum
1144 2714 1340 2772 Paulus
1378 2718 1492 2771 ait:
1523 2719 1816 2774 Ascendens
1847 2721 1900 2775 in
1930 2720 2101 2774 altum

521 2805 790 2872 captivam
836 2807 986 2860 duxit
1040 2809 1430 2878 captivitatem,
1483 2810 1626 2863 dedit
1678 2813 1819 2864 dona
1873 2812 2101 2866 homini-

522 2889 617 2946 bus
654 2895 721 2948 '°.
780 2895 1064 2950 Dexteram
1118 2913 1247 2952 vero
1300 2898 1395 2953 Dei
1448 2915 1555 2954 non
1596 2900 1721 2970 quis
1767 2901 2103 2957 aberraverit

522 2981 786 3054 Spiritum
837 2997 1085 3044 sanctum
1136 2991 1472 3065 intelligens;
1524 2993 1964 3064 quandoquidem
2012 2996 2103 3051 hic

518 3090 736 3146 quoque
789 3078 884 3133 Dei
938 3080 1138 3152 digitus
1189 3082 1523 3147 nominatur,
1578 3083 1784 3155 quippe
1835 3084 2103 3140 Trinitate

523 3182 687 3221 unam
717 3168 1076 3226 substantiam
1121 3181 1177 3227 et
1206 3173 1464 3228 virtutem
1503 3182 1558 3229 et
1589 3176 1963 3246 Operationem
1998 3179 2097 3233 ha-
2124 3200 2167 3260 (ς

524 3258 703 3315 henle.
735 3259 909 3333 Rogat
941 3262 1105 3335 igitur
1138 3265 1402 3335 propheta
1438 3274 1498 3320 ut
1526 3282 1627 3322 nos
1658 3267 1933 3323 salvemur
1968 3276 2025 3324 et
2065 3285 2097 3325 a

521 3343 728 3417 Spiritu
767 3351 1141 3417 exaudiamur,
1186 3369 1296 3423 quo
1329 3354 1597 3424 spiritales
1630 3357 1925 3428 gratiaeque
1970 3358 2098 3415 inde

520 3439 896 3505 promanantis
941 3441 1238 3511 participes
1283 3444 1595 3500 evadamus.
1646 3444 1906 3503 Praedicta
1949 3448 2097 3504 enim

520 3534 674 3599 rogat
696 3543 762 3583 ex
791 3533 1067 3587 communi
1102 3533 1384 3589 hominum
1415 3551 1671 3606 persona.

594 3722 754 3783 Vens.
789 3728 843 3783 8.
882 3748 901 3782 ι
933 3730 1073 3788 Deus
1106 3733 1321 3791 locutus
1353 3746 1439 3811 est
1468 3737 1524 3792 in
1560 3746 1747 3794 sancto
1780 3755 1900 3796 suo.
1930 3760 1950 3794 ι

587 3816 837 3876 Christus
868 3837 1066 3893 nempe
1097 3825 1152 3879 in
1185 3826 1355 3882 choro
1394 3829 1788 3899 apostolorum.
1824 3832 1939 3889 Hoc
1966 3850 2097 3892 vero

516 3908 801 3975 sequentia
829 3910 1126 3979 declarant,
1158 3915 1213 3969 in
1249 3917 1451 3986 quibus
1478 3920 1772 3991 descripsit
1805 3922 2095 3981 Dominum

517 4012 585 4052 ex
611 4006 855 4069 tempore
880 4004 1128 4073 petitioni
1153 4005 1442 4077 Propheta:
1464 4013 1906 4081 respondentem.
1935 4014 2096 4072 Hisce

517 4090 834 4147 nominibus
863 4094 1111 4166 designat
1150 4098 1354 4155 donum
1384 4100 1622 4172 Spiritus
1648 4119 1668 4159 :
1697 4107 1841 4175 quod
1876 4107 2095 4177 quidem

518 4182 675 4237 vallis
732 4194 817 4239 est
864 4186 1374 4259 tabernaculorum,
1432 4194 1641 4250 scilicet
1693 4195 2094 4266 Ecelesiarum;

516 4274 955 4344 quandoquidem
1013 4280 1337 4349 spiritalium
1391 4298 1657 4354 aquarum
1715 4290 2095 4361 congregatio-

518 4378 666 4429 nem,
707 4365 1069 4436 baptismatis,
1096 4370 1340 4444 inquam,
1363 4375 1420 4430 in
1437 4377 1576 4431 valle
1607 4378 1709 4435 hac
1738 4380 1933 4450 spiritu
1961 4396 2094 4452 sup-

516 4455 795 4524 peditante
848 4460 1179 4528 possideant.
1234 4463 1311 4518 De
1357 4481 1465 4535 quo
1505 4469 1634 4524 alihi
1676 4469 1845 4524 David
1891 4471 1989 4539 ait,
2020 4470 2091 4525 Et

2201 1984 2396 2054 Ἄγιος
2412 1985 2628 2054 Κύριος
2648 1987 2682 2039 ὀ
2717 1986 2788 2040 ὲν
2817 1984 3081 2054 ὑψηλοῖς
3121 1980 3433 2038 κατοικῶν.
3484 1980 3595 2035 Καὶ
3623 1978 3785 2032 Δασὶδ

2198 2076 2256 2130 δὲ
2285 2075 2459 2142 οὕτως
2485 2092 2499 2109 ·
2536 2076 2622 2132 Σὺ
2642 2078 2831 2148 μόνος
2889 2075 2990 2132 ἐπὶ
3025 2076 3237 2131 πᾶσαν
3293 2075 3411 2143 τὴν
3459 2072 3596 2143 γῆν.
3647 2071 3781 2126 Ἀλλ’

2201 2168 2409 2239 ὕψωσιν
2450 2171 2545 2225 ἐπὶ
2571 2172 2701 2234 τοὺς
2727 2170 2997 2242 οὐρανοὺς
3025 2169 3122 2224 τοῦ
3157 2169 3295 2224 Θεοῦ
3318 2211 3335 2236 ,
3378 2167 3535 2222 καλεῖ
3575 2167 3674 2237 τὴν
3703 2166 3779 2227 εὶς

2200 2260 2426 2331 οὐρανὸν
2454 2260 2548 2315 τοῦ
2579 2259 2916 2330 Μονογενοῦς
2946 2261 3087 2332 μετὰ
3114 2261 3313 2331 σαρκὸς
3333 2258 3538 2314 ἄνοδον.

2276 2369 2295 2403 ι
2330 2351 2519 2413 Ὅπως
2551 2352 2621 2407 ἂν
2653 2352 2930 2422 ρυσθῶσιν
2968 2353 3017 2406 oi
3047 2351 3326 2421 ἀγαπητοί
3355 2367 3473 2406 σου.
3500 2368 3520 2402 ι

2284 2441 2589 2512 Ἀγαπητοί
2646 2440 2741 2494 τοῦ
2776 2440 2915 2494 Θεοῦ
2951 2441 3002 2493 oi
3057 2438 3324 2519 σωθέντες
3355 2437 3523 2492 αὑτοῦ
3560 2437 3646 2491 διὰ
3679 2438 3773 2507 τῆς

2201 2532 2426 2603 ἀγάπης
2451 2534 2550 2602 τῆς
2605 2533 2744 2604 πρὸς
2762 2532 2825 2586 τὸ
2856 2532 3016 2601 γένος
3058 2532 3120 2586 τδ
3155 2532 3428 2605 ἡμέτερον
3469 2530 3767 2601 ἄνθρωποι·

2201 2624 2411 2695 οὕσπερ
2440 2626 2537 2679 καὶ
2569 2610 2876 2694 ἀνυψωθεὶς
2903 2627 2983 2688 είς
3018 2625 3251 2696 οὐρανὸν
3274 2624 3384 2678 άπὸ
3419 2623 3520 2693 τῆς
3556 2624 3769 2693 ἀρχαίας

2202 2715 2582 2787 αἰχμαλωσίας
2598 2716 2872 2787 ὲρῤύσατο
2890 2733 2904 2747 ο
2936 2716 3081 2770 καθά
3111 2733 3279 2785 φησιν
3304 2717 3333 2769 6
3365 2714 3599 2780 Παῦλος,
3623 2714 3767 2768 Ἀνα-

2204 2809 2309 2873 6ὰς
2346 2808 2434 2874 εις
2465 2806 2624 2875 ὕψος
2643 2806 3120 2876 ᾐχμαλώτευσεν
3136 2807 3580 2876 αἰχμαλωσίαν,
3601 2804 3768 2858 ἔδωκε

2203 2895 2430 2965 δόματα
2462 2896 2534 2950 ἐν
2560 2895 2915 2965 ἀνθρώποις.
2958 2896 3150 2963 Δεξιὰν
3178 2896 3236 2949 δὲ
3264 2894 3359 2949 τοῦ
3399 2895 3535 2948 Θεοῦ
3569 2895 3669 2948 ούκ
3705 2895 3765 2947 ἂν

2201 2998 2289 3045 τις
2343 2982 2584 3054 ἁμάρτοι
2627 2983 2690 3036 τὸ
2724 2983 2953 3054 Πνεῦμα
3003 2983 3429 3056 προσαγορεύων
3467 2982 3531 3037 τὸ
3587 2983 3761 3052 ἅγιον*

2204 3073 2393 3146 ἐπειδὴ
2418 3074 2514 3128 καὶ
2534 3073 2672 3128 Θεοῦ
2694 3074 2954 3139 δάκτυλος
2993 3074 3347 3144 ὀνομάζεται,
3386 3074 3463 3138 ὡς
3494 3073 3594 3143 τῆς
3617 3074 3765 3143 Τριά·

2202 3165 2292 3230 δος
2323 3166 2455 3235 μίαν
2490 3166 2725 3237 ἐχούσης
2762 3166 2953 3220 ούσίαν
2986 3166 3223 3237 δύναμίν
3256 3184 3318 3220 τε
3350 3167 3447 3220 καὶ
3480 3168 3761 3237 ἐνέργειαν.

2201 3255 2451 3326 Σωθῆναι
2476 3257 2660 3309 τοίνυν
2686 3258 2836 3326 ἡμᾶς
2870 3257 2899 3309 6
2928 3257 3224 3327 Προφήτης
3250 3256 3347 3311 καὶ
3374 3257 3761 3327 ὲπακουσθῆναι

2199 3346 2515 3419 παρακαλεῖ
2548 3346 2628 3415 τῷ
2660 3346 2963 3417 Πνεύματι,
2993 3346 3080 3401 ἴνα
3100 3349 3474 3417 πνευματικοὶ
3498 3347 3761 3418 γενώμεθα

2199 3440 2295 3493 καὶ
2321 3440 2420 3510 τῆς
2445 3439 2670 3510 χάριτος
2707 3439 2807 3510 τῆς
2853 3438 3070 3494 ἐκεῖθεν
3096 3438 3514 3511 κατερχομένης
3545 3440 3755 3510 μέτοχοι.

2212 3527 2346 3583 Ἀπὸ
2383 3530 2493 3599 γὰρ
2533 3528 2714 3582 κοινοῦ
2763 3528 2874 3583 τῶν
2919 3527 3232 3601 ἀνθρώπων
3272 3529 3571 3602 προσώπου
3606 3531 3669 3585 τὰ
3693 3532 3757 3584 εἰ·

2201 3637 2269 3692 ρη
2277 3621 2415 3691 μένα
2444 3620 2831 3692 πρεσϐεύεται.

2274 3753 2294 3787 ι
2340 3735 2401 3789 '0
2427 3734 2560 3799 Θεὸς
2579 3734 2843 3805 ἐλάλησεν
2872 3734 2931 3787 ὲν
2962 3732 3044 3805 τῷ
3075 3732 3217 3804 ἁγίῳ
3246 3732 3440 3788 αὑτοῦ.
3482 3751 3502 3785 ι

2289 3825 2349 3879 '0
2376 3826 2614 3896 Χριστὸς
2657 3827 2715 3881 ὲν
2736 3826 2816 3897 τῷ
2843 3824 2990 3898 χορῷ
3010 3825 3123 3879 τῶν
3151 3823 3472 3878 ἀποστόλων
3496 3862 3515 3888 ,
3534 3822 3753 3893 εὔδηλον.

2195 3917 2359 3987 Δηλοῖ
2385 3917 2443 3970 δὲ
2470 3917 2541 3971 τὰ
2572 3916 2839 3988 ἑπόμενα,
2871 3918 2931 3971 ὲν
2957 3912 3042 3980 οἷς
3072 3915 3168 3971 τὸν
3208 3915 3418 3988 Κύριον
3465 3914 3594 3986 περὶ
3639 3915 3755 3969 πόδα

2194 4007 2297 4078 τῆς
2317 4007 2413 4062 τοῦ
2449 4009 2740 4079 Προφήτου
2772 4008 3015 4080 δεήσεως
3045 4007 3489 4078 ἀποκρινόμενον
3515 4005 3751 4076 ἔγραψεν.

2196 4099 2420 4162 Τούτοις
2446 4102 2562 4164 τοῖς
2593 4100 2825 4171 ὀνόμασι
2866 4099 2968 4171 τὴν
3004 4099 3217 4170 δωρεὰν
3247 4100 3643 4171 χαρακτηρίζει
3672 4096 3754 4149 τοῦ

2195 4189 2550 4261 Πνεύματος’
2590 4189 2815 4244 κοιλάδα
2845 4190 2948 4261 μὲν
2978 4188 3088 4243 τῶν
3128 4190 3369 4254 σκηνῶν,
3394 4189 3505 4242 τῶν
3550 4187 3753 4255 Ἐκκλη-

2196 4281 2330 4335 σιῶν
2357 4281 2622 4352 δηλονότι,
2652 4282 3039 4353 τυγχάνουσαν
3064 4296 3078 4310 ·
3108 4280 3299 4351 ἐπειδὴ
3320 4280 3421 4352 τὴν
3443 4274 3555 4333 τῶν
3573 4278 3753 4350 νοητῶν

2194 4374 2405 4430 ὑδάτων
2442 4375 2788 4446 συναγωγὴν,
2843 4374 2991 4446 φημὶ
3026 4371 3092 4445 δὴ
3138 4371 3234 4427 τοῦ
3281 4372 3666 4443 βαπτίσματος,
3700 4371 3750 4423 ὲν

2193 4467 2261 4536 τῇ
2280 4464 2490 4520 κοιλάδι
2514 4464 2688 4536 ταύτῃ
2725 4466 2792 4536 τῇ
2825 4464 3063 4535 χορηγίᾳ
3088 4465 3156 4534 τῇ
3195 4462 3291 4517 τοῦ
3333 4462 3647 4533 Πνεύματος
3670 4459 3749 4514 κί-

520 4545 680 4601 vaues
713 4549 1054 4605 abundabunt
1092 4555 1356 4623 frumento
1387 4557 1467 4622 “;
1503 4574 1627 4613 cum
1668 4560 1758 4616 hic
1791 4561 1863 4616 sit
1900 4535 2091 4618 salutis

2207 4535 2425 4630 κτηνται
2454 4574 2469 4590 ⁰
2499 4560 2627 4631 περὶ
2661 4535 2723 4613 οὗ
2770 4535 3007 4629 ἀλλαχοῦ
3038 4574 3206 4628 φησιν
3252 4559 3283 4611 6
3328 4556 3517 4621 Δασὶδ,
3560 4553 3661 4609 Kal
3697 4548 3749 4607 αι

522 4646 717 4693 nostrae
763 4638 992 4697 fructus.
1032 4643 1300 4701 Casterum
1331 4646 1533 4705 Sicima
1565 4651 1959 4723 interpretatur
1998 4654 2099 4708 Itu-

516 4732 762 4797 meratio,
804 4731 858 4787 id
896 4744 981 4789 est
1020 4738 1344 4795 excellentia
1377 4758 1391 4795 :
1425 4741 1531 4798 hoc
1563 4744 1711 4798 enim
1751 4745 2011 4802 humerus
2041 4747 2099 4801 in

515 4818 700 4874 divina
739 4820 1019 4893 Scriptura
1058 4826 1360 4898 signiﬁcat;
1406 4832 1554 4889 unde
1594 4834 1663 4890 de
1699 4833 1863 4891 Saule
1896 4835 1993 4902 ait,
2020 4836 2097 4890 Ab

516 4908 733 4965 humero
780 4922 831 4967 et
878 4932 1041 4984 supra
1093 4919 1325 4975 excelsus
1358 4924 1425 4977 ⁹².
1477 4922 1619 4989 Quid
1664 4933 1847 4981 autem
1889 4925 2095 4997 Spiritu

516 5001 843 5057 sublimius?
870 5008 955 5060 vel
989 5009 1168 5077 qualis
1208 5010 1475 5068 celsitudo
1502 5029 1601 5084 par
1626 5024 1723 5070 aut
1756 5016 1977 5086 aequalis
2005 5031 2095 5071 re-

516 5090 683 5158 periri
731 5094 907 5162 possit
943 5098 1157 5154 muneri
1201 5101 1312 5166 isti,
1357 5104 1503 5172 quod
1540 5104 1791 5162 Christus
1826 5107 2096 5163 exaltatus

515 5180 831 5238 distribuit?
873 5186 980 5241 Sed
1029 5199 1086 5244 et
1124 5191 1371 5258 metitur,
1416 5194 1472 5251 id
1512 5205 1616 5259 est,
1660 5197 1729 5252 ad
1778 5213 2091 5254 mensuram

515 5269 732 5328 dividit.
784 5274 913 5331 Nam
960 5279 1253 5351 unicuique
1300 5285 1668 5343 manifestatio
1717 5286 1952 5359 Spiritus
2000 5288 2095 5344 tri-

516 5359 706 5418 buitur
742 5376 907 5437 prout
935 5371 1209 5429 conducit.

593 5541 758 5603 Vens.
794 5546 881 5603 10.
918 5566 938 5601 ι
974 5548 1133 5608 Moab
1160 5552 1311 5610 lebes
1334 5555 1452 5625 spei
1482 5570 1638 5611 mese.
1672 5574 1693 5609 ι

2197 4651 2479 4717 κοιλάδες
2502 4650 2892 4719 πληθυνοῦσι
2916 4650 3092 4707 σῖτον
3113 4666 3128 4681 ο
3154 4649 3345 4719 ἐπειδὴ
3373 4648 3477 4719 τῆς
3500 4646 3749 4718 ἡμετέρας

2199 4741 2475 4812 σωτηρίας
2499 4741 2528 4793 6
2549 4740 2782 4812 καρπός.
2802 4741 3015 4811 Σίκιμα
3035 4739 3092 4794 δὲ
3114 4737 3370 4805 ὠμίασις
3386 4733 3745 4808 ἑρμηνεύεται,

2196 4829 2479 4884 τουτέστιν
2511 4829 2670 4900 εξοχή
2697 4844 2712 4857 '
2743 4829 2902 4884 τοῦτο
2940 4829 3050 4900 γὰρ
3093 4829 3123 4881 6
3170 4821 3323 4898 ὦμος
3363 4827 3517 4898 παρὰ
3546 4827 3611 4897 τῇ
3647 4823 3748 4890 Θείᾳ

2203 4922 2395 4993 Γραφῇ
2428 4921 2618 4993 δηλοῖ·
2650 4920 2774 4976 ὅθεν
2798 4920 3048 4992 περὶτοῦ
3080 4920 3255 4974 Σαούλ
3287 4935 3478 4990 φησιν,
3520 4915 3747 4985 Ὑψηλὸς

2202 5012 2550 5081 ὑπερωμίαν
2590 5012 2689 5065 καὶ
2718 5012 2944 5067 ἐπάνω.
2975 5012 3041 5066 Τί
3068 5012 3126 5065 δὲ
3160 5011 3254 5065 τοῦ
3278 5009 3599 5079 Πνεύματος
3626 5006 3742 5075 ὑψη-

2201 5102 2455 5173 λότερον;
2489 5101 2523 5173 ἢ
2562 5102 2697 5157 ποία
2724 5120 2808 5166 τις
2856 5104 3102 5174 ὑπεροχὴ
3143 5102 3289 5157 κατὰ
3308 5100 3412 5172 τὴν
3449 5101 3646 5172 δωρεὰν
3660 5098 3740 5165 τὴν

2202 5194 2414 5249 ἐκεῖθεν
2438 5194 2774 5265 εὑρίσκεται,
2798 5195 2869 5266 ἣν
2890 5195 3193 5266 ῦψούμενος
3216 5195 3245 5248 6
3266 5192 3502 5264 Χριστὸς
3527 5187 3737 5260 διαμερί-

2198 5284 2316 5352 ζει;
2351 5285 2513 5339 Ἀλλὰ
2535 5285 2642 5356 μὴν
2671 5286 2767 5340 καὶ
2789 5286 3093 5356 διαμετρεῐ,
3115 5284 3382 5349 τουτέστι,
3410 5282 3545 5354 πρὸς
3570 5282 3737 5351 μέτρον

2199 5378 2420 5450 διαιρεῖ.
2454 5379 2702 5449 Ἐκάστῳ
2745 5377 2856 5450 γὰρ
2895 5380 2931 5449 ἡ
2974 5377 3282 5449 φανέρωσις
3324 5375 3426 5429 τοῦ
3460 5373 3735 5444 Πνεύμστος

2203 5469 2342 5540 πρὸς
2371 5468 2433 5523 τὸ
2465 5469 2748 5541 συμφέρον
2782 5469 3009 5524 δίδοται.

2279 5576 2299 5611 ι
2327 5559 2503 5615 Μωάϐ
2535 5560 2702 5631 λέϐης
2725 5558 2830 5630 τῆς
2849 5559 3065 5623 ἐλπίδος
3091 5576 3218 5630 μου.
3251 5576 3273 5612 ο

595 5730 820 5827 2:353}:
842 5754 1061 5827 ιιξίιινν
1092 5746 1179 5803 ίῖι
1255 5748 1303 5782 ⁸⁸
1328 5749 1480 5806 lsaia:
1510 5768 1701 5820 xvxm,
1730 5754 1782 5810 5.
1858 5754 1903 5788 ⁶⁹
1923 5754 2063 5811 Psal.
2090 5773 2101 5812 ι

2207 5772 2290 5824 ιιι,
2319 5757 2404 5812 l9.
2479 5757 2527 5790 ⁹⁰
2559 5756 2762 5827 Ephes.
2792 5773 2865 5824 ιν,
2894 5758 2947 5812 8.
3024 5759 3067 5791 ⁸⁸
3102 5757 3241 5813 Psal.
3288 5772 3435 5823 utr,
3476 5720 3559 5814 η.

524 5803 570 5835 ⁹¹
599 5801 732 5874 Reg.
770 5821 843 5873 ut,
865 5807 921 5861 2.
