4032 6462
178 382 318 448 1313

1344 356 1810 441 FRAGMENTA
1843 377 1925 440 1N
1960 380 2319 445 PSALMOS.

3302 384 3441 451 1314

252 498 354 552 Διά
377 496 473 552 τοῦ
504 494 681 553 Μωάϐ
719 497 790 552 τά
812 496 943 569 ἔθνη
971 496 1269 551 αἰνίττεται
1293 513 1309 528 ·
1337 496 1540 568 λέϐητα
1575 497 1633 551 δὲ
1667 498 1756 552 ὲλ-

1934 496 2039 553 Pcr
2077 498 2235 555 Moab
2280 508 2473 570 gentes
2520 497 2763 555 insinuat
2810 517 2825 553 :
2867 499 3104 555 lelaetem
3152 518 3283 558 vero
3326 506 3440 574 spei

175 592 331 655 πίδος
361 590 503 645 αὐτά
540 589 721 654 καλεῖ,
762 591 1010 642 τουτέστι
1052 587 1447 659 θερμαίνοντας
1486 588 1584 641 καὶ
1617 590 1755 643 ἀνα-

172 682 566 756 ζωπυροῦντας
605 683 705 754 τὴν
731 682 811 747 είς
837 681 1002 735 αὑτὸν
1034 681 1248 734 ἐλπίδα.
1279 679 1404 744 Πῶς
1436 680 1494 734 δὲ
1533 680 1757 750 θερμαί-

172 792 365 839 νοντας
390 793 406 840 ;
435 774 519 847 τῷ
543 773 721 846 νοητῷ
747 774 881 845 πυρὶ
918 773 1019 844 τῆς
1055 772 1339 844 ἐνεργείας
1376 771 1474 826 τοῦ
1501 772 1754 843 Πνεύμα-

173 885 290 931 τος.
327 867 470 936 Πυρὶ
498 865 609 938 γὰρ
635 868 767 937 ὁρᾷς
795 864 887 918 τὸν
916 865 1121 936 λέϐητα
1147 864 1601 935 θερμαινόμενον.

251 980 272 1013 ι
314 960 440 1014 Ἐπὶ
473 958 574 1027 τὴν
616 958 924 1028 Ἰδουμαίαν
953 957 1161 1011 εκτενῶ
1187 957 1250 1010 τὸ
1284 957 1557 1027 ὑπόδημα.
1597 974 1616 1009 ι

245 1051 525 1105 Δείκνυσιν
558 1052 587 1103 ὁ
615 1050 852 1120 Χριστὸς
873 1050 1022 1112 ὅπως
1055 1050 1154 1119 τὴν
1179 1048 1292 1102 τῶν
1321 1048 1494 1103 ἐθνῶν
1527 1048 1756 1119 Ἐκκληο

175 1144 301 1198 σίαν
329 1143 640 1215 ἔμπροσθεν
682 1142 743 1208 ἑξ
799 1142 1018 1214 Ἰσραὴλ
1063 1142 1432 1211 ὑποταγείσαν
1476 1142 1753 1212 ἐποίησεν,

174 1235 426 1298 ἐκτείνας
470 1236 567 1289 καὶ
611 1235 811 1306 μέχρις
840 1234 1022 1289 αὑτῶν
1051 1234 1114 1289 τὸ
1155 1234 1431 1305 ὑπόδημα,
1467 1234 1668 1311 δηλαδὴ
1694 1234 1757 1287 τὸ

175 1328 549 1398 Εὑαγγέλιον·
597 1328 735 1399 ὅπερ
793 1329 1017 1399 μηνύων
1066 1328 1322 1398 Ἰωάννης
1369 1329 1398 1381 δ
1447 1328 1757 1395 Βαπτιστὴς

174 1420 362 1489 ἔλεγεν
380 1460 397 1485 ,
428 1421 705 1489 Ἔρχεται
730 1420 855 1489 μετ’
881 1419 1007 1490 ἐμὲ,
1036 1415 1110 1476 οὗ
1136 1421 1248 1474 οὐκ
1273 1419 1391 1489 εἰμί
1413 1419 1622 1485 ἱκανὸς
1651 1419 1758 1472 .117-

171 1528 281 1565 σαι
325 1510 432 1565 τὸν
481 1511 698 1582 ιμάντα
743 1511 850 1567 τοῦ
897 1511 1284 1583 ὑποδήματος
1333 1511 1539 1566 αὐτοῦ.
1589 1508 1757 1564 Οὔπω

172 1604 287 1675 γὰρ
310 1598 427 1674 εἷχε
467 1603 658 1675 καιρὸν
685 1605 1067 1676 ἐκφρασθῆναι
1110 1605 1173 1658 τὸ
1216 1604 1571 1673 Εὑαγγέλιον.
1597 1602 1757 1656 Οῦτω

171 1695 231 1749 δὲ
275 1696 408 1750 αὑτὸ
438 1695 598 1749 καλεῖ
628 1696 725 1750 καὶ
757 1696 997 1761 Παῦλος’
1048 1697 1184 1767 φησι
1225 1696 1334 1768 γάρ
1356 1711 1370 1726 ·
1430 1693 1757 1763 ’Υποδησὰ-

169 1807 347 1860 μενοι
374 1789 517 1856 τοὺς
564 1789 757 1856 πόδας
799 1790 871 1844 ἐν
906 1790 1220 1860 ἑτοιμασίᾳ
1247 1789 1353 1844 τοῦ
1387 1789 1757 1859 Ecurria/Nov

1859 591 2006 663 ipsas
2057 600 2239 657 vocat,
2294 593 2347 647 id
2395 602 2479 648 est
2506 592 2892 649 calefacientes
2944 601 2999 648 et
3049 596 3443 653 resuscitantes

1860 698 2013 753 spem
2070 682 2125 738 in
2182 683 2383 753 ipsum.
2441 683 2729 750 Quomodo
2780 692 2962 739 autem
3025 686 3443 743 calefacientcs?

1860 772 2050 843 utique
2092 772 2322 844 spiritali
2360 772 2483 845 igne
2519 773 2911 843 inoperatinnis
2951 773 3188 846 Spiritus
3243 778 3437 832 sancti.

1859 862 2120 921 Lebetem
2151 864 2299 919 enim
2329 865 2481 920 vides
2513 866 2636 936 igne
2664 865 2919 920 caleﬁeri.

1938 974 1958 1007 ι
1988 954 2049 1009 In
2076 955 2353 1009 ldumeam
2372 955 2661 1010 extendam
2690 957 3137 1012 calceamentum.
3175 976 3192 1009 ι

1930 1046 2183 1103 Christus
2231 1047 2472 1103 ostendit
2524 1048 2797 1117 quomodo
2855 1050 3095 1120 gentium
3142 1050 3439 1105 Ecclesium

1861 1155 2043 1196 coram
2091 1141 2259 1196 Israel
2299 1140 2405 1196 sibi
2447 1141 2747 1211 subjectam
2780 1141 2991 1206 fecerit,
3020 1158 3190 1212 usque
3222 1145 3287 1199 ad
3321 1144 3441 1198 illas

1861 1249 2079 1305 quoque
2105 1234 2534 1289 caleeamentum
2560 1249 2718 1289 suum
2746 1237 3068 1301 extendens,
3094 1237 3145 1291 id
3168 1248 3248 1292 est
3269 1238 3442 1293 Evan-

1862 1326 2062 1397 gelium
2108 1343 2121 1380 :
2165 1325 2309 1397 quod
2369 1326 2655 1382 insinuans
2705 1327 2943 1383 Joannes
3000 1329 3237 1400 Baptista
3286 1330 3439 1395 dixit,

1870 1417 2025 1473 Venit
2045 1427 2159 1488 post
2184 1435 2285 1481 me,
2323 1418 2475 1487 cujus
2511 1436 2613 1473 non
2642 1436 2758 1473 sum
2783 1421 2970 1491 dignus
3008 1431 3063 1475 ut
3093 1421 3291 1475 solvam
3328 1422 3441 1491 ejus

1862 1512 2145 1583 corrigiam
2213 1510 2576 1566 calceamenli'
2606 1512 2672 1566 ".
2724 1511 2979 1567 Nondum
3044 1515 3193 1569 enim
3253 1515 3442 1569 aderat

1867 1616 2080 1671 tempus
2134 1600 2457 1657 enuntiandi
2507 1602 2882 1675 Evangelium.
2941 1602 3033 1658 Sic
3088 1620 3218 1659 vero
3277 1605 3440 1659 etiam

1862 1691 2064 1748 Paulus
2106 1693 2237 1748 illud
2286 1694 2543 1764 appellat,
2576 1693 2651 1749 ait
2696 1695 2841 1749 enim
2876 1713 2889 1748 :
2924 1694 3162 1750 Calceati
3200 1698 3354 1768 pedes
3387 1699 3441 1751 in

1863 1788 2311 1858 prmparationem
2362 1782 2643 1858 Evangelii
2695 1787 2845 1857 paris
2888 1787 2954 1841 ³⁵.
3017 1789 3224 1843 Idcirco
3278 1790 3442 1861 igitur

171 1882 288 1950 τῆς
305 1882 568 1952 εἰρήνης.
597 1881 696 1936 Διά
713 1883 873 1937 τοῦτο
890 1883 1072 1937 τοίνυν
1089 1883 1239 1954 αὑτῷ
1256 1882 1383 1946 τοὺς
1404 1881 1756 1952 ἀλλοφύλους,

1867 1876 2215 1948 alienigenas,
2248 1876 2458 1932 scilicet
2486 1892 2583 1932 eos
2612 1877 2703 1947 qui
2734 1886 2863 1934 sunt
2891 1893 2955 1932 ex
2982 1878 3252 1950 gentibus,
3284 1878 3441 1935 Iesus

171 1972 379 2045 δηλαδὴ
428 1974 557 2037 τοὺς
613 1972 671 2041 ἐξ
722 1972 914 2039 ἐθνῶν,
972 1976 1002 2029 ό
1059 1975 1266 2043 Ἰησοῦς
1334 1972 1599 2041 ὑπέταξε,
1661 1975 1759 2028 καὶ

172 2064 253 2129 ὡς
291 2065 664 2133 ὑποταγέντας
712 2066 795 2130 είς
840 2065 942 2139 τὴν
986 2066 1084 2121 τοῦ
1127 2065 1345 2138 Ἰσραὴλ
1390 2065 1758 2137 κληρονομίαν

174 2159 502 2229 συνήγαγεν.

258 2266 277 2301 ι
312 2248 406 2312 Τίς
426 2247 625 2313 ἀπάξει
657 2264 726 2318 με
756 2246 838 2311 είς
872 2245 1029 2300 πόλιν
1057 2245 1353 2318 περιοχῆς;
1384 2265 1403 2301 ι

253 2425 411 2479 Πόλιν
449 2425 711 2496 περιοχῆς
748 2423 847 2495 τὴν
899 2423 1233 2494 Ἐκκλησίαν
1261 2425 1421 2480 καλεῖ
1443 2442 1458 2459 ’
1489 2426 1548 2480 ὲν
1584 2427 1761 2500 ταύτῃ

180 2517 291 2588 γάρ
314 2517 411 2570 ὅλα
443 2516 764 2588 περιέχεται
811 2514 908 2569 τοῦ
942 2514 1181 2583 Χριστοῦ
1211 2516 1279 2570 τά
1312 2519 1589 2589 μυστήρια
1609 2533 1624 2547 ’
1668 2520 1762 2573 καὶ⁵

181 2608 347 2675 νόμος
393 2608 488 2662 καὶ
516 2607 795 2678 προφῆται
841 2606 929 2660 διὰ
967 2606 1069 2677 τῆς
1106 2607 1280 2679 αὑτῆς
1332 2608 1613 2673 πολιτείας
1664 2627 1763 2663 πε-

184 2698 480 2770 ριέχονται.
533 2699 645 2770 Τὴν
700 2699 870 2770 αὑτὴν
926 2700 984 2753 δὲ
1043 2701 1142 2754 καὶ
1213 2701 1519 2771 Ἰδουμαίαν
1583 2702 1758 2757 καλεῖ.

181 2791 363 2846 Μάνου
405 2790 500 2845 τοῦ
546 2791 787 2864 Χριστοῦ
814 2793 906 2846 τὸν
944 2792 1159 2865 Ἰσραὴλ
1212 2794 1356 2865 πρὸς
1408 2796 1511 2865 τὴν
1536 2795 1763 2867 Ἐκκληο

181 2884 310 2937 σίαν
345 2883 615 2953 ὁδηγῆσαι
665 2882 1025 2955 καθέστηκεν,
1069 2884 1128 2947 ὃς
1178 2883 1439 2938 ἀπώσατο
1465 2886 1593 2949 τοὺς
1635 2887 1764 2941 Ἰου-

177 2975 365 3036 δαίους
391 2974 467 3037 ὡς
485 2975 567 3038 εἰς
585 2975 752 3028 αὑτὸν
787 2976 863 3045 μὴ
902 2974 1303 3039 πιστεύσαντας
1321 2992 1336 3008 ’
1382 2976 1499 3030 ἀλλ’
1526 2977 1588 3030 οὐ
1628 2979 1764 3037 πάν-

177 3082 316 3129 τας·
352 3065 471 3119 οὑδὲ
510 3065 734 3137 ἐξῆλθεν
773 3067 953 3119 αὑτῶν
995 3069 1053 3121 ὲν
1095 3068 1218 3129 ταῖς
1248 3067 1573 3138 δυνάμεσιν·
1603 3086 1764 3122 τουτ-

178 3157 325 3221 ἔστι,
363 3155 491 3221 τοὺς
521 3158 579 3212 ὲν
616 3158 802 3222 αὐτοῖς
842 3158 1122 3224 δυνατοὺς,
1150 3158 1355 3231 δηλαδὴ
1387 3160 1515 3224 τοὺς
1549 3161 1627 3231 μὴ
1671 3178 1765 3214 πι-

181 3251 541 3315 στεύσαντας,
572 3253 673 3305 οὑκ
708 3250 951 3306 ἀπέϐαλε
979 3252 1070 3305 διὰ
1105 3252 1235 3316 τοὺς
1263 3252 1693 3320 πιστεύσαντας.

245 3362 281 3395 -ι
327 3344 426 3408 Δὸς
454 3346 583 3416 ήμῖν
606 3343 861 3416 βοήθειαν
888 3345 953 3398 ἐκ
976 3344 1231 3415 θλίψεως.
1265 3364 1285 3398 ι

258 3519 521 3591 Βοήθειαν
545 3521 611 3576 ὲκ
642 3520 875 3590 θλίψεως
896 3518 974 3592 τῷ
994 3519 1110 3591 λαῷ
1141 3520 1251 3574 τῶν
1283 3521 1558 3577 Ἰουδαίων
1583 3521 1767 3577 πίστιν

179 3613 247 3678 ἐξ
275 3612 535 3675 ἀπιστίας
586 3612 977 3685 πρεσϐεύεται.
1041 3612 1326 3684 Σωτηρίαν
1375 3613 1433 3667 δὲ
1473 3613 1766 3686 ἀνθρώπου

177 3703 285 3774 τὴν
314 3700 376 3767 ἐξ
395 3702 743 3774 ἀνθρωπίνης
770 3703 1120 3767 διδασκαλίας
1152 3704 1616 3776 προσδοκωμένην
1642 3706 1769 3777 νόη-

181 3813 283 3851 σον
302 3812 316 3826 ·
360 3796 451 3849 οῐα
478 3811 564 3859 τις
590 3791 660 3868 ἦν
687 3798 720 3868 ή
765 3796 875 3854 τῶν
903 3795 1177 3850 Ἰουδαίων
1210 3796 1533 3852 διδασκαλία
1551 3838 1567 3854 .
1623 3799 1769 3871 Πρὸς

178 3890 297 3961 γὰρ
329 3891 391 3943 τὸ
410 3890 592 3952 αὑτοῖς
617 3887 814 3943 δοκοῦν
837 3887 1075 3957 ἐγίνετο.

750 3980 1047 4034 ΨΑΛΜΟΣ
1069 3977 1200 4034 PH'.

264 4090 283 4125 ι
317 4072 411 4135 Ei;
438 4069 501 4125 τὸ
526 4071 681 4136 τέλος
707 4070 925 4141 ψαλμὸς
952 4069 1032 4142 τῷ
1061 4069 1251 4125 Δαυῖδ.
1295 4087 1318 4124 ι
1410 4112 1413 4115 η

268 4163 611 4233 ’Δναγκαίως
640 4164 732 4218 τὸν
747 4162 965 4234 ψαλμὸν
983 4164 1091 4228 Είς
1105 4161 1173 4217 τὸ
1196 4161 1373 4230 τέλος
1402 4161 1493 4216 τὸν
1522 4162 1768 4235 παρόντα

180 4253 463 4325 ἔγραψεν
512 4254 625 4325 ἔχει
655 4253 765 4325 γὰρ
804 4254 906 4308 ὃσα
939 4252 1019 4324 τῷ
1055 4252 1201 4307 τέλει
1239 4255 1341 4325 τῆς
1380 4252 1475 4307 τοῦ
1514 4254 1769 4325 Σωτῆρος

179 4344 348 4416 ἡμῶν
380 4343 871 4416 ενανθρωπήσεως,
921 4343 1126 4415 δηλαδὴ
1154 4344 1294 4416 πρὸς
1318 4344 1470 4415 αὑτῷ
1497 4343 1575 4416 τῷ
1605 4344 1768 4399 πάθει

181 4437 270 4509 τῷ
313 4440 649 4510 Δεσποτικῷ,
706 4442 1047 4510 πέπρακταιο
1078 4438 1270 4512 διόπερ
1313 4439 1529 4493 καὶτὸν
1555 4439 1769 4511 ψαλμὸν

1865 1969 1967 2024 sibi
1988 1968 2236 2038 subjecit,
2267 1977 2322 2023 et
2349 1977 2605 2039 tanquam
2641 1969 2895 2025 subditos
2933 1970 2987 2024 in
3020 1968 3232 2025 lsraelis
3264 1971 3440 2025 Incre-

1864 2060 2089 2115 ditatem
2122 2060 2440 2115 introduxit.

1936 2242 2099 2299 Vsns.
2132 2243 2221 2299 II.
2269 2263 2288 2297 ι
2318 2242 2455 2310 Quis
2498 2241 2731 2298 adducet
2780 2258 2869 2299 me
2912 2241 2966 2298 in
3008 2242 3283 2297 civitatem
3332 2242 3441 2297 cir-

1865 2332 2247 2390 cumstantiae?
2282 2352 2300 2385 ι
2498 2330 2509 2345 ⁸

1937 2424 2228 2479 Civitatem
2258 2422 2681 2478 circumstantia:
2714 2431 2873 2478 vocat
2897 2421 3192 2476 Ecclesiam
3222 2438 3236 2476 :
3273 2420 3326 2475 in
3354 2421 3441 2476 illa

1866 2514 2012 2569 enim
2069 2512 2426 2569 continentur
2477 2513 2728 2567 universa
2783 2511 2987 2566 Christi
3044 2509 3327 2582 mysteria;
3389 2520 3445 2565 et

1866 2608 1954 2662 lex
1980 2616 2036 2662 et
2065 2607 2344 2679 prophetae
2386 2606 2441 2660 in
2479 2605 2672 2660 eadem
2719 2619 2936 2675 quoque
2974 2603 3158 2674 politia
3195 2616 3445 2673 compre-

1868 2700 2200 2755 henduntur.
2279 2699 2539 2754 Eamdem
2619 2713 2752 2752 vero
2814 2698 2977 2752 etiam
3032 2696 3267 2767 appellat
3317 2695 3442 2750 ldu-

1867 2807 2080 2848 maeam.
2111 2790 2406 2847 Constituit
2443 2790 2613 2845 solius
2636 2789 2840 2844 Christi
2889 2804 3009 2845 esse
3033 2789 3291 2844 Israelem
3342 2788 3445 2842 ad-

1868 2884 2069 2940 ducere
2108 2884 2177 2939 ad
2222 2882 2542 2948 Ecclesiam,
2570 2883 2662 2953 qui
2700 2882 2917 2937 Judazos
2947 2881 3148 2952 repulit
3187 2890 3443 2951 tanquam

1867 2992 1978 3031 non
2017 2976 2306 3031 credentes
2345 2974 2399 3029 in
2430 2989 2586 3042 eum;
2629 2964 2818 3029 verum
2860 2990 2970 3029 non
3008 2990 3235 3029 omnes:
3266 2990 3445 3045 neque

1868 3080 2120 3138 egressus
2163 3064 2267 3120 fuit
2310 3066 2365 3118 in
2406 3063 2705 3120 virtutibus
2755 3079 2965 3126 eorum,
3000 3063 3053 3118 id
3084 3072 3187 3128 est,
3226 3078 3321 3119 eos
3352 3063 3443 3133 qui

1871 3158 2013 3214 inter
2055 3159 2204 3229 ipsos
2245 3166 2502 3229 potentes
2552 3165 2730 3222 erant,
2770 3155 2983 3211 scilicet
3027 3156 3291 3220 inﬁdeles,
3334 3172 3443 3210 non

1868 3249 2068 3320 repulit
2103 3257 2327 3320 propter
2363 3247 2569 3303 ﬁdeles.

1936 3340 2102 3397 Vens.
2156 3341 2248 3397 15.
2306 3357 2327 3393 ι
2384 3340 2460 3394 Da
2513 3338 2677 3394 nobis
2746 3337 3011 3393 auxilium
3084 3338 3153 3393 de
3222 3337 3445 3393 tribula-

1868 3430 2038 3486 tione.
2068 3449 2088 3483 ι

1936 3523 2213 3578 Auxilium
2238 3522 2306 3579 de
2337 3522 2688 3578 tribulatione
2717 3522 2918 3593 populo
2942 3520 3253 3577 Judazorum
3285 3522 3445 3577 ﬁdem

1867 3630 1936 3670 ex
1986 3614 2311 3669 inﬁdelitate
2362 3613 2675 3668 annuntiat.
2729 3613 2972 3668 Salutem
3025 3629 3157 3668 vero
3205 3613 3443 3669 hominis

1867 3704 2103 3777 intellige
2129 3704 2274 3759 illam
2294 3720 2415 3774 qua:
2442 3720 2505 3759 ex
2527 3705 2765 3758 humana
2792 3704 3036 3759 doctrina
3056 3713 3437 3775 exspectatur:

1866 3799 2043 3870 qualis
2082 3806 2200 3855 erat
2245 3799 2334 3854 illa
2378 3798 2629 3854 doctrina
2664 3797 3026 3853 Iudaeorum:
3073 3797 3141 3853 ad
3182 3797 3441 3868 placitum

1867 3894 2012 3948 enim
2045 3893 2287 3963 ipsorum
2316 3894 2501 3949 ﬁebat.

2394 3983 2712 4040 PSALMUS
2740 3983 2919 4042 CVIII.

1937 4074 2103 4132 Vens.
2147 4077 2199 4132 Ι.
2235 4095 2255 4129 ι
2286 4078 2346 4132 In
2371 4076 2535 4134 ﬁnem
2569 4078 2810 4149 psalmus
2841 4078 3031 4134 David.
3061 4096 3081 4131 ι

1940 4167 2259 4226 Necessario
2279 4179 2603 4241 praesentem
2641 4172 2908 4242 psalmum
2964 4171 3242 4242 inscripsit
3274 4171 3337 4228 In
3383 4171 3451 4243 ﬁ-

1868 4278 1986 4317 nem
2007 4278 2027 4317 :
2057 4262 2301 4318 continet
2331 4262 2479 4317 enim
2537 4278 2877 4333 quaecunque
2915 4260 3214 4319 Salvatoris
3273 4264 3449 4319 nostri

1867 4351 2257 4408 incarnationis
2282 4351 2374 4406 ﬁni
2404 4351 2743 4415 acciderunt,
2768 4351 2978 4407 scilicet
3008 4366 3072 4406 ea
3098 4366 3219 4421 quae
3244 4352 3299 4406 in
3335 4352 3450 4421 ipsa

1869 4440 2153 4498 Dominica
2182 4443 2435 4513 passione
2470 4449 2621 4513 gesta
2647 4451 2813 4498 sunt:
2842 4450 3066 4512 propter
3092 4458 3257 4513 quam
3281 4443 3449 4498 etiam

182 4530 552 4602 ἑμελῴδησεν.
617 4530 815 4585 Είκόνα
859 4530 966 4603 γὰρ
1018 4530 1210 4602 φέρειν
1254 4531 1350 4599 τοῦ
1394 4530 1636 4602 Χριστοῦ
1676 4531 1760 4586 τὸν

1874 4536 2022 4590 hunc
2048 4536 2317 4606 psalmum
2348 4535 2570 4592 cecinit.
2603 4534 2861 4591 Davidem
2891 4535 3038 4590 enim
3067 4533 3271 4590 Christi
3314 4534 3454 4589 ima-

179 4623 357 4677 Δαϐὶδ
388 4624 692 4694 εἰρήκαμεν
723 4622 1054 4692 φθάσαντες.

266 4735 286 4768 ι
332 4714 393 4770 '0
421 4715 553 4780 Θεὸς
591 4715 690 4785 τήν
721 4714 927 4770 αῐνεσίν
966 4731 1069 4786 μου
1130 4704 1208 4786 μὴ
1238 4713 1707 4785 παρασιωπήσῃς.
1743 4734 1763 4768 ι

267 4806 374 4860 Τὸν
398 4807 604 4860 Ἰούδαν
626 4806 947 4860 αίνίττεται·
970 4806 1231 4878 περὶγὰρ
1259 4804 1427 4859 αὑτοῦ
1471 4807 1566 4878 τῆς
1585 4807 1771 4878 ψαλμ-

181 4899 355 4969 ῳδίας
379 4899 441 4954 τὸ
469 4900 719 4954 πλεῖστον
756 4901 857 4971 τῆς
885 4898 1304 4971 προκειμμωης
1326 4898 1636 4970 γέγραπται
1660 4915 1675 4929 ’
1705 4892 1769 4953 οῦ

178 4994 250 5046 τὸ
279 4995 457 5064 στόμα
498 4994 764 5065 πρότερον
804 4993 880 5058 ὡς
912 4992 1260 5066 ἀμαρτωλοῦ,
1302 4992 1556 5064 δεύτερον
1592 4991 1652 5046 δὲ
1691 4989 1769 5056 ὡς

178 5085 367 5138 δολίου
409 5085 549 5139 κατά
572 5084 667 5139 τοῦ
719 5086 928 5157 Κυρίου
982 5085 1267 5155 ἀνοιγῆναι
1300 5085 1610 5157 εὑρήσομεν
1632 5100 1648 5116 θ
1691 5084 1770 5149 ὡς

179 5175 299 5247 γὰρ
328 5176 653 5247 ἁμαρτωλὸς
674 5178 768 5230 καὶ
790 5176 1114 5249 παράνομος
1134 5179 1249 5240 τοῖς
1283 5175 1559 5241 Ἰουδαίοις
1590 5177 1768 5245 ἔλεγε·

187 5267 261 5321 Τί
284 5267 491 5323 θέλετέ
528 5285 631 5338 μοι
671 5267 905 5334 δοῦναι,
945 5268 1106 5338 κάγὼ
1138 5268 1282 5338 ὑμῖν
1306 5268 1641 5336 παραδώσω
1666 5271 1772 5324 αὐ-

179 5359 344 5421 τόν;
380 5356 457 5421 ὡς
484 5358 657 5422 δόλιος
694 5358 892 5428 Χαῖρε,
934 5358 1156 5429 Ῥαϐϐὶ,
1183 5360 1320 5431 πρὸς
1359 5358 1568 5432 Ἰησοῦν
1601 5354 1721 5413 εἷπε
1751 5400 1767 5426 ,

182 5448 293 5501 καί
346 5450 752 5517 κατεφίλησεν
809 5449 997 5503 αὐτόν
1025 5456 1040 5481 δ
1107 5450 1405 5523 ἀρραϐῶνα
1460 5453 1574 5516 τοῖς
1629 5448 1770 5522 λαμ-

182 5541 419 5595 ϐάνουσι
443 5542 691 5608 δεδωκὼς
717 5542 818 5612 τῆς
852 5542 1147 5613 προδοσίας
1177 5543 1240 5598 τὸ
1264 5543 1499 5617 φίλημα.

270 5650 289 5683 ι
339 5632 635 5704 Ἐλάλησαν
658 5636 778 5688 κατ’
808 5635 944 5705 ἐμοῦ
970 5634 1214 5707 γλώσσῃ.
1259 5656 1278 5689 ι

1874 4627 2053 4700 ginem
2085 4627 2291 4683 referre
2316 4627 2566 4698 superius
2593 4627 2854 4683 diximus.
3220 4684 3221 4687 η

1944 4718 2107 4776 Vens.
2133 4719 2190 4774 2.
2218 4740 2237 4772 ι
2267 4721 2426 4783 Deus,
2448 4719 2662 4775 laudem
2693 4734 2867 4774 meam
2895 4734 2965 4775 ne
2998 4718 3253 4776 tacueris.
3284 4734 3304 4772 ι

1945 4812 2140 4868 Judam
2171 4812 2450 4877 insinuat;
2482 4813 2551 4867 de
2579 4812 2697 4883 ipso
2729 4813 2876 4867 enim
2909 4813 3138 4867 maxima
3169 4827 3295 4882 pars
3350 4810 3451 4864 hii-4

1871 4902 1964 4973 jus
2022 4901 2214 4974 psalmi
2272 4904 2471 4973 scripta
2526 4910 2649 4970 est;
2689 4904 2846 4974 cujus
2897 4918 2959 4958 os
2995 4903 3147 4973 prius
3197 4912 3452 4971 tanquam

1875 4993 2199 5064 peccatoris,
2223 4994 2419 5049 deinde
2444 5009 2575 5049 vero
2620 5003 2876 5066 tanquam
2906 4996 3076 5051 dolosi
3121 5006 3306 5051 contra
3348 4994 3454 5051 Do-

1876 5086 2088 5141 minum
2121 5096 2369 5157 apertum
2417 5087 2584 5143 fuisse
2624 5088 2962 5158 reperiemus
2992 5108 3005 5143 :
3036 5104 3160 5145 nam
3197 5099 3451 5159 tanquam

1876 5189 2131 5248 peccator
2152 5188 2209 5234 et
2238 5179 2456 5248 iniquus
2483 5179 2687 5236 Iudaeis
2708 5180 2914 5237 dixerat
2941 5198 2954 5235 :
2987 5181 3123 5248 Quid
3142 5182 3300 5236 vultis
3349 5183 3453 5236 mi-

1875 5268 1930 5321 hi
1956 5273 2106 5335 dare,
2129 5278 2178 5323 et
2206 5285 2299 5340 ego
2324 5270 2465 5324 vobis
2494 5287 2614 5325 eum
2638 5272 2851 5325 tradam
2886 5272 2972 5325 "1'
3002 5281 3256 5343 tanquam
3302 5272 3456 5328 dolo-

1876 5374 1970 5414 sus
1996 5359 2104 5415 Ave
2120 5360 2285 5415 Rabbi
2305 5362 2369 5417 ad
2388 5361 2574 5418 Iesum
2598 5364 2758 5431 dixit,
2783 5373 2833 5419 ει
2853 5364 3119 5419 osculatus
3145 5373 3221 5418 est
3250 5381 3368 5418 eum
3385 5365 3453 5429 9°,

1874 5453 2121 5509 osculum
2152 5454 2206 5509 in
2241 5454 2453 5528 signum
2494 5457 2820 5527 proditionis
2852 5457 3063 5513 donans
3113 5456 3456 5527 capientibus

1873 5560 2020 5601 eum.

1944 5640 2104 5698 Vens.
2131 5644 2185 5698 '5.
2218 5662 2236 5696 ι
2272 5642 2459 5700 Locnti
2484 5655 2612 5701 sunt
2637 5646 2921 5703 adversum
2944 5659 3031 5701 me
3060 5642 3261 5715 lingua.
3297 5659 3320 5695 ι

260 5805 482 5862 "Joan.
518 5823 554 5876 ι,
584 5808 672 5865 27.
748 5810 794 5842 ”
826 5808 1027 5881 Ephes.
1060 5824 1133 5873 vn,
1163 5807 1251 5863 15.
1327 5809 1374 5844 ⁸³
1406 5807 1594 5865 Matth.
1631 5827 1751 5867 xxvi

1867 5811 1895 5869 ἱ.
1969 5813 2015 5846 ’⁸
2055 5812 2189 5869 ibid.
2215 5814 2303 5869 49.
