3962 6406
608 345 749 413 1315

1803 336 2164 401 HESYCHII
2201 318 2677 398 PRESBYTERI

3716 331 3830 395 1316

661 460 799 519 Cum
826 460 972 516 enim
1019 460 1226 516 nullum
1285 457 1550 514 haberem
1612 452 1907 509 inimicitiae
1953 452 2036 508 vel
2074 449 2182 506 odii

2356 452 2628 522 οὐδεμίαν
2660 448 2766 520 γὰρ
2796 448 3013 520 ἔχοντες
3053 446 3259 519 ἔχθρας
3287 446 3322 517 ἢ
3354 443 3546 517 μίσους
3570 442 3833 505 ὐπόθεσιν,

593 560 993 624 argumentum,
1019 552 1255 607 oderunt
1307 559 1489 605 tamen
1526 548 1703 617 ipsum
1750 545 1911 600 morti
1966 544 2180 599 tradere

596 647 871 702 volentes:
894 654 949 699 et
970 644 1312 699 sermonibus
1331 641 1439 696 odii
1455 637 2182 707 circumdederunt;quando

597 736 655 790 in
677 736 927 807 synedrio
951 734 1088 788 aula:
1114 732 1369 811 Caiapha‘.
1394 739 1639 786 astantes
1663 730 1828 785 falsos
1851 738 2019 785 testes
2049 743 2181 789 cons-
2215 741 2219 746 ‘

594 829 852 883 eitarunt.
895 825 1086 880 Locuti
1128 833 1255 879 sunt
1284 832 1467 878 autem
1495 823 1759 877 adversus
1783 822 1962 890 ipsum
1996 819 2180 889 lingua

595 918 800 980 dolosa,
853 916 1071 986 quando
1107 930 1354 970 summus
1404 915 1661 987 sacerdos
1691 927 1921 982 surgens
1954 910 2090 965 dixit
2113 910 2178 964 ad

595 1026 719 1066 eum
754 1029 767 1063 :
797 1008 1000 1077 Adjuro
1026 1018 1075 1060 te
1095 1023 1188 1075 per
1229 1006 1393 1059 Deum
1424 1006 1619 1071 vivum,
1647 1013 1701 1057 ut
1729 1003 1875 1056 dicas
1927 1001 2095 1065 nobis,
2131 1002 2177 1054 si

594 1110 652 1155 tu
671 1116 724 1155 es
756 1098 985 1154 Christus
1012 1096 1178 1150 Filius
1211 1095 1303 1149 Dei
1333 1096 1397 1149 ’7.
1439 1097 1560 1148 Non
1604 1093 1751 1147 enim
1796 1102 1854 1146 ut
1901 1091 2177 1146 discerent

593 1193 686 1248 sed
720 1201 778 1245 ut
806 1188 1155 1259 blasphemia:
1183 1188 1391 1242 crimen
1421 1185 1525 1256 ipsi
1566 1185 1946 1256 impengerent
1998 1182 2183 1237 istius-

592 1284 737 1339 modi
766 1281 1202 1337 sciscitabantur.

668 1374 828 1429 V'sns.
860 1373 915 1430 4.
956 1390 974 1423 ι
1008 1371 1115 1426 Pro
1157 1386 1230 1427 eo
1272 1378 1332 1425 ut
1363 1368 1652 1440 diligerent
1701 1383 1788 1423 me
1822 1366 2185 1423 detrahebant

594 1467 751 1522 mihi.
798 1484 816 1517 ι

665 1560 903 1631 [Equum
919 1573 1062 1612 enim
1078 1564 1194 1612 erat
1212 1564 1270 1609 ut
1287 1555 1466 1626 ipsum
1482 1552 1867 1624 diligerent,eo
1882 1550 2026 1621 quod
2045 1564 2187 1604 mor-

593 1657 693 1712 bos
723 1669 912 1709 eorum
943 1659 1209 1713 curasset,
1239 1647 1544 1703 esurientes
1589 1659 1964 1714 saepenumero
2008 1642 2186 1697 cihas-

593 1756 710 1811 set;
766 1751 1143 1798 verumtamen
1210 1738 1300 1792 illa
1363 1736 1479 1805 ipsa
1524 1733 1898 1789 beneﬁcentiae
1961 1732 2185 1802 pignora

593 1853 715 1907 quae
777 1835 1099 1890 exhibuerat
1150 1829 1369 1900 ipsimet
1437 1826 1582 1898 apud
1634 1825 1869 1879 Pilatum
1925 1824 2181 1878 traduxe-

598 1937 747 1985 runt.

668 2019 827 2074 Vens.
852 2018 904 2072 6.
944 2036 963 2068 ι
997 2014 1282 2071 Constitue
1328 2027 1492 2083 super
1512 2026 1636 2066 eum
1667 2018 2028 2080 peccatorem.
2064 2026 2082 2060 ι

665 2108 1131 2178 Quemadmodum
1165 2107 1307 2161 Deus
1328 2104 1631 2173 appellatus
1654 2111 1739 2155 est
1760 2103 1967 2170 justus,
2021 2108 2076 2153 et
2096 2099 2184 2167 ju-

596 2203 743 2260 stitia
769 2199 1001 2273 gaudere
1026 2197 1345 2268 perhibetur
1367 2194 1653 2264 (Quoniam
1680 2192 1857 2261 justus
1908 2188 2181 2253 Dominus,

598 2308 648 2353 et
676 2296 909 2366 iustitias
948 2293 1130 2348 dilexit
1152 2292 1232 2357 ἐς
1272 2290 1343 2344 ita
1394 2287 1641 2343 diabolus
1672 2292 1923 2354 peccator
1969 2290 2073 2345 est,
2099 2290 2185 2334 ut-

598 2399 723 2461 pote
747 2403 937 2442 amans
965 2393 1246 2456 peccatum
1272 2398 1287 2447 ;
1319 2389 1376 2436 et
1404 2395 1512 2435 non
1554 2378 1728 2433 solum
1762 2377 1880 2445 ipse
1933 2388 2183 2444 peccans,

598 2483 696 2540 sed
726 2484 887 2537 etiam
943 2487 1223 2551 peccatum
1273 2473 1683 2531 admittentibus
1731 2472 1990 2526 ducatum
2041 2483 2184 2538 pras-

598 2576 755 2632 bens.
788 2574 943 2627 llunc
971 2571 1087 2627 vult
1109 2569 1265 2624 Judze
1289 2568 1586 2637 praeﬁcere,
1612 2576 1672 2619 ut
1711 2563 1813 2633 ipsi
1862 2577 1972 2616 non
2026 2574 2185 2615 secus

600 2677 761 2737 atque
790 2663 1129 2720 daemonibus
1178 2660 1411 2727 imperet
1437 2676 1452 2724 ;
1484 2653 1921 2726 quandoquidem
1948 2651 2189 2723 proditor

602 2759 776 2830 ipsius
803 2770 956 2825 asque
982 2769 1047 2808 ac
1076 2753 1291 2806 illorum
1327 2748 1503 2820 partis
1532 2747 1718 2801 fuerit.

679 2957 698 2991 ι
739 2939 803 2993 Et
843 2934 1090 2991 diabolus
1111 2941 1219 2987 stet
1242 2946 1273 2986 a
1306 2928 1512 2986 dextris
1541 2927 1680 2998 ejus.
1720 2944 1766 2979 ι.

673 3030 790 3085 Non
847 3029 1020 3083 solum
1064 3040 1190 3080 cum
1238 3021 1538 3092 discipulus
1602 3026 1749 3074 esset
1800 3024 2190 3088 praeceptorem

2283 544 2514 619 ἐμίσουν
2558 543 2710 612 ὅμως
2740 542 2907 597 αὐτὸν
2937 539 3255 595 θανατῶσαι
3278 537 3627 609 βουλόμενοι·
3656 536 3837 590 καὶλο-

2283 655 2403 707 γοις
2447 636 2639 708 μίσους
2677 632 3005 688 ἐκύκλωσαν
3026 674 3043 697 ,
3070 633 3238 702 ἡνίκα
3271 632 3331 684 ἐν
3360 630 3443 701 τῷ
3481 628 3739 699 συνεδρίῳ
3758 629 3839 699 τῆς

2283 728 2455 798 αὐλῆς
2490 726 2585 781 τοῦ
2616 727 2845 795 Καῖάφα
2888 722 3252 795 περιστάντες
3300 723 3536 793 ἧγειραν
3560 720 3841 791 ψευδομαρ-

2281 821 2494 890 τυρίας.
2539 819 2840 890 Ἐλάλησαν
2879 816 2939 870 δὲ
2975 815 3097 870 κατ’
3134 814 3300 869 αὐτοῦ
3323 811 3553 885 γλώσσῃ
3584 812 3839 884 δολίμὸτι

2282 915 2310 967 ὁ
2338 911 2627 982 ἀρχιερεὺς
2655 909 2894 972 ἀναστὰς
2929 908 3084 976 ἔλεγε
3115 907 3253 978 πρὸς
3303 906 3465 959 αὐτόν
3497 921 3513 935 ⁸
3560 904 3843 972 Ἐξορκίζω

2283 1020 2357 1058 σε
2381 1004 2532 1058 κατὰ
2552 1002 2661 1058 τοῦ
2695 1002 2845 1057 Θεοῦ
2871 1001 2979 1056 τοῦ
3001 999 3221 1066 ζῶντος
3245 1040 3260 1066 ,
3288 999 3390 1053 ἵνα
3420 996 3568 1069 ἡμῖν
3594 996 3779 1062 sum,
3800 1000 3840 1047 ει

2268 1097 2364 1150 ’σὺ
2395 1098 2452 1151 εἷ
2496 1100 2529 1152 ό
2566 1095 2825 1164 Χριστὸς
2854 1097 2886 1148 ὀ
2927 1093 3060 1159 Υἱὸς
3081 1092 3189 1147 τοῦ
3225 1092 3393 1147 Θεοῦ.
3427 1091 3567 1144 Οὐδὲ
3604 1088 3712 1159 γὰρ
3736 1088 3839 1158 βου-

2283 1189 2501 1260 λόμενοι
2528 1187 2737 1259 μαθεῖν,
2756 1184 2895 1239 ἀλλά
2913 1184 3293 1255 βλασφημίας,
3313 1182 3389 1245 ὡς
3409 1181 3655 1247 ἐδόκουν,
3674 1180 3842 1248 E11111-

2285 1300 2366 1353 μα.
2398 1282 2617 1346 πλέξαι,
2646 1279 2872 1334 τοιαῦτα
2910 1278 3236 1332 ἐπύνθανον.

2360 1394 2379 1426 ι
2425 1374 2571 1427 ’Λντὶ
2599 1371 2695 1426 τοῦ
2726 1372 2949 1443 ἀγαπᾷν
2987 1388 3056 1442 με
3110 1366 3455 1423 ἐνδιέϐαλλόν
3478 1381 3573 1435 με.
3620 1382 3641 1414 ι

2351 1554 2572 1608 Δίκαιον
2594 1551 2704 1622 γάρ
2731 1550 2895 1604 αὐτὸν
2918 1550 3165 1619 ἀγαπᾷν,
3184 1546 3327 1618 ύπέρ
3348 1538 3423 1599 ὧν
3449 1542 3640 1599 αὐτῶν
3662 1540 3755 1604 τὰς
3774 1540 3843 1592 νό-

2288 1666 2413 1711 σους
2460 1647 2684 1707 ἰάσατο,
2739 1642 3046 1704 πεινῶντας
3108 1639 3379 1703 πολλάκις
3431 1635 3703 1707 ἔθρεψεν
3747 1632 3842 1689 ἀλλ’

2288 1742 2448 1794 ἆτινα
2499 1738 2776 1808 παρέσχεν
2803 1735 3127 1807 εὐεργεσίας
3161 1733 3397 1803 ἐνέχυρα
3417 1731 3578 1785 αὐτοὶ
3608 1728 3740 1800 πρὸς
3770 1727 3841 1782 τιν

2221 1795 2260 1849 Β
2288 1833 2520 1886 Πιλᾶτον
2543 1795 2810 1885 δίὲϐειλον.

2360 2028 2379 2061 ι
2419 2006 2775 2075 Κατάστησον
2805 2003 2893 2058 ἐπ’
2922 2001 3085 2056 αὐτὸν
3119 2000 3467 2072 ἀμαρτωλόν.
3509 2018 3529 2052 ι

2355 2101 2610 2170 Ὢσπερό
2635 2098 2767 2160 Θεὸς
2790 2096 3001 2160 δίκαιος
3032 2094 3506 2166 προσηγόρευται,
3540 2090 3639 2144 καὶ
3657 2088 3843 2160 χαίρειν

2285 2192 2603 2263 δικαιοσύνῃ
2648 2190 2870 2259 λέγεται
2915 2189 3173 2260 (Δίκαιος
3214 2186 3328 2258 γὰρ
3366 2187 3609 2253 Κύριος,
3640 2182 3735 2236 καί
3770 2182 3841 2235 διο

2286 2287 2617 2351 καιοσύνας
2655 2282 2980 2353 ἠγάπησεν
2998 2285 3042 2349 )·
3079 2280 3255 2343 οὓτως
3284 2276 3616 2349 ἁμαρτωλὸς
3638 2279 3667 2330 ὁ
3693 2275 3843 2328 διάϐο-

2290 2382 2402 2446 λος,
2434 2381 2509 2443 ὼς
2537 2378 2978 2449 φιλαμαρτήμων
3011 2391 3025 2406 ο
3061 2375 3158 2429 καὶ⁸
3198 2374 3262 2427 οὐ
3305 2373 3468 2443 μόνον
3494 2370 3660 2433 αὐτὸς
3687 2370 3842 2439 ἀμαρ-

2289 2471 2466 2525 τάνων
2489 2508 2504 2534 ,
2559 2465 2696 2519 ἀλλά
2746 2466 2840 2519 καὶ
2883 2467 2995 2527 τοῖς
3048 2461 3404 2533 ἀνεχομένοις
3449 2457 3838 2527 εἰσηγούμενος.

2289 2560 2493 2615 Τοῦτον
2522 2560 2618 2613 ἐπὶ
2652 2558 2745 2612 τὸν
2792 2556 2998 2611 Ἰούδαν
3039 2554 3380 2624 καταστῆναι
3427 2550 3696 2623 βούλεται,
3724 2550 3839 2603 ὥστε

2290 2656 2479 2726 ἄρχειν
2531 2648 2697 2704 αὐτοῦ
2750 2648 3004 2718 καθάπερ
3048 2646 3148 2700 καὶ
3190 2643 3301 2697 τῶν
3339 2641 3653 2713 δαιμόνωνο
3682 2637 3842 2705 ἐπειδὴ

2289 2746 2388 2817 τῆς
2417 2742 2584 2799 αὐτοῦ
2621 2740 2839 2813 μερίδος
2884 2737 3137 2809 καθάπερ
3164 2735 3392 2790 ἐκείνων
3415 2735 3445 2787 ό
3466 2731 3729 2804 προδότης
3748 2727 3843 2796 ἐγί-

2291 2855 2433 2893 νετο.

2369 2949 2388 2982 ι
2422 2928 2534 2983 Καὶ
2555 2923 2803 2987 διάϐολος
2827 2921 3010 2992 στήτω
3040 2920 3107 2973 ἐκ
3136 2913 3327 2981 δεξιῶν
3356 2912 3547 2967 αὐτοῦ.
3577 2930 3596 2962 ι

2360 3024 2435 3078 Οὐ
2477 3022 2639 3093 μόνον
2685 3016 2935 3089 μαθητὴς
2967 3012 3044 3066 ὢν
3089 3009 3371 3082 προέδωκε
3396 3005 3490 3059 τὸν
3526 2998 3841 3059 διδάσκαλον.

603 3121 860 3196 prodidit,
916 3118 1011 3173 sed
1060 3130 1238 3184 neque
1286 3091 1547 3168 aﬂ'ectum
1598 3108 1844 3182 pecuniae
1888 3114 2189 3177 praetexere

2295 3117 2407 3171 ἀλλ’
2454 3091 2576 3169 οὐδέ
2615 3112 2714 3183 τῆς
2758 3105 3127 3180 φιλαργυρίας
3172 3097 3547 3171 προϐαλέσθαι
3591 3094 3653 3148 τὸ
3695 3091 3844 3151 πάθος

604 3216 781 3287 potuit
813 3231 825 3265 ε
854 3227 977 3267 nam
1003 3209 1256 3265 Christus
1279 3204 1580 3261 inﬁrmitati
1601 3204 1719 3274 ejus
1746 3200 2194 3258 condescendens

607 3306 942 3376 marsupium
964 3304 1067 3373 ipsi
1127 3299 1563 3362 concrediderat,
1602 3296 1676 3352 ita
1709 3307 1767 3350 ut
1807 3295 2054 3367 proditor
2100 3310 2196 3349 ne-

605 3409 877 3467 quaquam
908 3391 1155 3464 pccuniaa
1181 3389 1411 3461 penuria
1439 3388 1731 3443 laboraret.

676 3573 844 3628 Vens.
866 3570 918 3625 8.
958 3589 976 3621 ι
1010 3567 1167 3622 Fiant
1190 3566 1307 3621 dies
1329 3563 1450 3634 ejus
1480 3560 1659 3632 pauci.
1700 3578 1719 3613 ι

680 3665 815 3719 Cum
840 3662 985 3717 enim
1018 3660 1372 3729 inauguratus
1401 3661 1550 3709 esset
1578 3659 1638 3706 ut
1667 3650 1720 3705 in
1757 3648 2016 3704 saeculum
2048 3646 2190 3715 Δρο-

610 3757 783 3812 stolus
820 3754 959 3809 foret
985 3752 1125 3807 sicut
1154 3759 1209 3804 et
1262 3746 1446 3803 caeteri
1478 3742 1727 3814 apostoli,
1771 3740 1957 3811 paucis
2005 3738 2198 3793 diebus

612 3862 786 3915 usque
815 3844 881 3898 ad
908 3841 1269 3914 proditionem
1299 3836 1538 3901 servavit
1567 3833 1912 3905 dignitatem.

682 3940 846 3995 Vens.
877 3937 963 3991 10.
994 3954 1013 3987 ι
1049 3932 1313 3988 Nutantes
1344 3928 1763 3986 transferantur.
1801 3944 1820 3977 ›

681 4030 729 4085 Α
778 4028 962 4084 divina
1008 4026 1153 4081 enim
1205 4021 1511 4095 cognitione
1544 4027 1820 4082 nutantes,
1845 4015 1914 4071 ab
1975 4015 2197 4084 antiqua

614 4138 711 4178 sua
738 4121 908 4192 patria
933 4116 1320 4187 Hierosolymis
1345 4112 1562 4169 exsules
1594 4110 1718 4166 facti
1742 4117 1899 4175 sunt;
1926 4115 1980 4162 et
1999 4106 2199 4175 ubique

616 4222 882 4269 terrarum
953 4208 1286 4273 mendicant,
1330 4206 1513 4261 locum
1570 4200 1922 4259 habitationis
1974 4197 2199 4253 minime

614 4308 951 4381 reperientes
980 4323 995 4362 :
1026 4302 1171 4375 quod
1200 4300 1479 4374 proprium
1519 4308 1604 4355 est
1631 4296 2006 4352 mendicorum

685 4502 849 4560 Vens.
878 4501 965 4555 12.
1003 4518 1023 4551 ι
1051 4497 1163 4554 Nec
1184 4497 1254 4552 sit
1278 4494 1371 4567 qui
1391 4494 1738 4550 misereatur.
1777 4510 1798 4544 ι

686 4597 799 4652 Deo
826 4595 974 4650 enim
1002 4591 1320 4646 miseratore
1348 4589 1497 4658 ipsos
1533 4594 1823 4641 aversante
1849 4592 1908 4639 ct
1937 4582 2191 4638 dicente:

615 4688 828 4755 Quoties
884 4684 1023 4739 volui
1062 4696 1378 4752 congregare
1405 4678 1541 4748 ﬁlios
1565 4686 1702 4741 tuos,
1752 4673 2194 4746 quemadmodum

2295 3210 2529 3281 ἠδύνατο
2570 3221 2585 3237 ·
2664 3201 2814 3273 αὐτῷ
2887 3200 2998 3270 γὰρ
3070 3196 3133 3250 τὸ
3209 3189 3599 3263 γλωσσόκομον
3650 3186 3678 3238 ό
3732 3184 3844 3252 Χρι·

2297 3276 2421 3365 στος
2476 3293 2932 3366 συγκαταϐαίνων
2974 3286 3143 3343 αὐτοῦ
3192 3287 3260 3357 τῇ
3323 3281 3576 3351 ἀσθενείᾳ
3623 3276 3844 3331 iniimu-

2297 3410 2421 3459 σεν,
2469 3391 2613 3446 ὥστε
2642 3386 2766 3442 οὔτε
2793 3384 2981 3456 ἐνδεὴς
3026 3379 3329 3454 χρημάτων
3357 3377 3385 3430 ό
3424 3373 3686 3446 προδότης
3711 3367 3843 3435 ἐτύγ-

2333 3503 2450 3541 ανε.

2296 3507 2832 3644 xarei‘ev‘qeﬁtmaav
2870 3569 2926 3621 ai
2951 3563 3161 3637 ἡμέραι
3182 3558 3350 3617 αὐτοῦ
3373 3557 3571 3626 ὀλίγαι.
3606 3570 3625 3606 ι

2367 3640 2786 3735 Χειροτονηίεὶς
2825 3661 2933 3731 γὰρ
2982 3657 3048 3712 δι’
3102 3655 3300 3715 αἰῶνος
3346 3648 3641 3707 ἀπόστολος
3682 3640 3841 3735 ὥσπερ

2297 3762 2393 3816 καὶ
2443 3732 2495 3812 oi.
2536 3732 2717 3810 λοιποὶ
2763 3751 3076 3812 ἀπόστολοι,
3120 3746 3337 3817 ἡμέρας
3363 3742 3555 3811 ὀλίγας
3577 3736 3669 3800 τὰς
3706 3732 3840 3806 μέχρι

2295 3853 2399 3922 τῆς
2430 3847 2727 3921 προδοσίας
2749 3843 2989 3916 ἐφύλαξε
3029 3840 3090 3893 τὸ
3121 3838 3363 3908 ἀξίωμα.

2379 3964 2397 3997 ι
2436 3943 2794 4011 Σαλευόμενοι
2835 3933 3356 4007 μεταναστήτωσαν.
3401 3944 3420 3977 ι

2363 4033 2720 4096 Σαλευθέντες
2741 4030 2851 4099 γάρ
2880 4027 2987 4081 ἀπὸ
3013 4027 3114 4096 τῆς
3150 4021 3246 4076 τοῦ
3274 4017 3411 4074 Θεοῦ
3436 4014 3699 4086 γνώσεως,
3726 4024 3836 4078 μετ’

2299 4132 2528 4186 ανάσται
2603 4127 2704 4195 τῆς
2770 4119 3009 4191 ἀρχαίας
3073 4110 3440 4185 Ἰερουσαλὴμ
3514 4106 3609 4176 τῆς
3659 4099 3837 4195 ἑαυτῶν

2300 4221 2562 4293 πατρίδος
2610 4190 2864 4286 ἐγένοντο
2890 4229 2906 4244 ο
2954 4210 3050 4265 καὶ
3087 4203 3365 4275 πανταχοῦ
3412 4204 3520 4273 γῆς
3571 4190 3834 4293 ἐπαιτοῦςε.

2299 4286 2461 4387 τόπον
2506 4307 2744 4381 οὐδαμοῦ
2786 4300 3074 4364 κατοικίας
3109 4297 3464 4371 εὑρίσκοντες
3488 4308 3502 4321 ·
3554 4290 3678 4358 ὅπερ
3704 4286 3835 4337 ἐπαι-

2298 4405 2407 4460 τῶν
2433 4405 2585 4459 ἴδιον.

2376 4516 2396 4551 ι
2436 4495 2589 4564 Μηδέ
2609 4490 2894 4563 γενηθήτω
2923 4484 3243 4555 οἰκτίρμων.
3275 4496 3295 4531 ι

2369 4560 2651 4657 Θεοῦ-γὰρ
2680 4560 2882 4644 αὐτοὺς
2919 4572 3370 4645 ἀποστραφέντος
3411 4565 3510 4622 τοῦ
3532 4560 3833 4657 οἰκτίρμονες

2300 4682 2396 4737 καὶ
2416 4644 2662 4739 εἰπόντος
2684 4692 2702 4707 ο
2720 4671 2985 4735 Ποσάκις
3008 4644 3288 4734 ἠθέλησα
3316 4650 3757 4722 ἐπισυναγαγεῖν
3776 4644 3831 4739 τὰ

846 4784 1127 4847 congregat
1159 4738 1344 4844 pnite:
1386 4738 1507 4826 suos
1534 4770 1627 4825 sub
1658 4738 1797 4833 atlas,
1835 4776 1885 4823 et
1928 4765 2144 4822 noluisti
2173 4764 2189 4818 .1

2302 4773 2483 4829 τέκνα
2498 4784 2637 4831 σου,
2650 4738 2728 4820 δν
2747 4764 2973 4832 τρόπον
2995 4760 3161 4828 ὅρνις
3185 4750 3541 4821 ἐπισυνάγει
3563 4747 3629 4800 τὰ
3645 4738 3831 4853 τοσσιά

618 4874 751 4930 Ecce
814 4870 1140 4940 relinquetur
1200 4865 1341 4920 vobis
1387 4863 1573 4917 domus
1628 4869 1802 4914 vestra
1861 4859 2064 4913 deserta
2124 4857 2193 4911 ”.

618 4965 753 5031 Quis
800 4962 1044 5032 ipsorum
1093 4956 1327 5029 amplius
1376 4953 1647 5021 misereri,
1681 4952 1808 5021 quis
1856 4949 1923 5005 iis
1959 4947 2196 5020 compati

620 5056 820 5130 poterit
837 5056 860 5109 '!
1530 5070 1535 5073 -

695 5148 853 5203 Vens.
890 5145 978 5201 15.
1010 5163 1029 5196 ι
1056 5144 1124 5199 Et
1150 5143 1426 5213 dispereat
1453 5139 1522 5194 de
1550 5147 1714 5193 terra.
1754 5154 1774 5187 ι

692 5239 851 5306 Quali
879 5248 1023 5292 terra
1038 5237 1063 5289 Ἰ
1089 5236 1279 5305 utique
1300 5230 1602 5288 viventium
1628 5248 1643 5284 :
1668 5227 1737 5282 de
1762 5240 1867 5297 qua
1891 5221 2057 5277 David
2082 5220 2199 5290 ipse

624 5334 799 5391 dixit:
821 5330 988 5388 Credo
1018 5329 1191 5384 videre
1218 5327 1353 5382 bona
1371 5323 1585 5379 Domini
1602 5322 1657 5377 in
1679 5330 1822 5376 terra
1846 5316 2129 5373 viventium
2156 5313 2196 5367 '.

693 5513 857 5573 Vens.
889 5510 976 5566 l6.
1006 5527 1025 5562 ι
1055 5507 1159 5564 Pro
1180 5521 1247 5564 eo
1271 5502 1417 5577 quod
1446 5516 1558 5558 non
1578 5508 1663 5555 est
1682 5494 1999 5554 recordatus
2021 5493 2203 5548 facere

627 5599 1079 5663 misericordiam.
1123 5616 1141 5649 ι

2302 4861 2525 4931 ἑαυτῆς
2567 4858 2686 4914 ὑπὸ
2713 4858 2823 4921 τὰς
2871 4850 3193 4920 πτέρυγας,
3219 4842 3320 4899 καί
3352 4832 3827 4931 οὑκ-ᾔθεαήσατες

2315 4916 2722 5015 ἧδοὺιίφίεται
2751 4916 3158 5006 ὀοίκοςϋύμῶν
3177 4934 3420 5003 ἕρημος.
3448 4927 3545 4993 Τίς
3572 4920 3742 4983 αὐτοὺς
3764 4916 3829 4969 οἱ·

2309 5041 2542 5112 κτείρειν
2574 5037 2677 5099 ἐτι,
2708 5034 2794 5099 τίς
2825 5030 3176 5103 συμπάσχειν
3214 5022 3442 5096 ἔμελλεν
3477 5036 3494 5087 ;

2377 5151 2397 5185 ι
2435 5131 2547 5185 Καὶ
2574 5122 2993 5196 ἐξολοθρευθείη
3024 5121 3088 5173 ἐκ
3116 5118 3239 5188 γῆς.
3286 5134 3304 5168 ι

2379 5222 2548 5284 Ποίας
2580 5219 2686 5289 γῆς
2719 5233 2735 5283 ;
2760 5217 2861 5286 τῆς
2884 5212 2996 5268 τῶν
3023 5209 3265 5276 ζώντων·
3294 5205 3425 5276 περὶ⁵
3446 5198 3515 5276 ἧς
3544 5198 3685 5260 αὐτὸς
3703 5195 3827 5289 ὁδα-

2305 5315 2395 5371 6ὶδ
2423 5284 2609 5383 ελεγεί
2643 5284 2930 5364 ⁷Πιστεύω
2969 5302 3077 5358 τοῦ
3111 5301 3264 5357 ίδεῒν
3314 5297 3386 5352 τὰ
3431 5291 3615 5366 ἀγαθὰ
3644 5284 3829 5353 Κυρίου

2306 5410 2380 5467 ἐν
2402 5407 2479 5481 τῇ
2505 5404 2754 5468 ζώντων.

2388 5523 2407 5556 ι
2460 5497 2601 5556 Ἀνθ⁹
2639 5491 2715 5550 ὧν
2743 5492 2844 5548 οὐκ
2866 5488 3117 5563 ἐμνήσθη
3144 5484 3372 5557 ποιῆσαι
3401 5481 3565 5543 ἔλεος.
3600 5492 3617 5527 ι

702 5808 743 5840 ’³
774 5802 967 5861 Matth.
1002 5813 1149 5866 xxvi,
1184 5795 1275 5855 65.
1352 5793 1398 5826 ”
1426 5793 1568 5852 Psal.
1596 5809 1649 5865 ι,
1680 5793 1735 5852 8.
1810 5792 1855 5824 ⁵⁸
1881 5788 2073 5847 Matth.
2102 5801 2189 5842 xxi

2296 5786 2386 5841 57.
2468 5787 2481 5816 ’
2522 5783 2662 5838 Psal.
2700 5779 2933 5847 xxvi,i5.
