4032 6418
237 378 375 452 131⁸7

1398 366 1860 430 FRAGMENTA
1903 363 1983 424 IN
2023 362 2383 424 PSALMOS.

3397 357 3532 421 1313

307 492 464 557 Τίνις
518 489 674 560 δῆλον
701 485 778 550 ὡς
833 483 1046 556 ἐαυτῷ·
1077 479 1200 535 οὑδέ
1250 477 1361 550 γάρ
1404 479 1486 541 εἰς
1538 477 1829 549 μετάνοιαν

2003 469 2148 524 Cui?
2204 469 2390 540 utique
2448 467 2799 524 manifestum
2849 469 2993 540 quod
3029 468 3130 524 sibi
3179 467 3531 540 ipsizneque

239 579 404 648 εἶδεν,
429 583 555 637 ὅθεν
584 582 767 643 ἐλέους
795 580 978 648 τυχεῖν
1002 575 1100 629 καὶ⁵
1125 570 1545 644 φιλανθρωπίας
1582 567 1828 624 ἀπολαῦ-

241 693 336 730 σαι
358 673 612 746 ἠδύνατο.
628 674 689 726 '0
715 673 772 726 δέ
804 670 997 725 ἐαυτδν
1020 668 1096 740 μὴ
1125 667 1378 738 ἐλεήσας,
1417 665 1536 728 πῶς
1564 664 1714 736 παρὰ
1735 661 1829 716 τοῦ

241 768 450 840 Κριτοῦ
475 766 768 838 ἐλεηθῆναι
795 764 1022 818 δύναται
1050 779 1066 829 ;

323 963 342 998 ι
381 945 492 1000 Kal
521 942 848 1008 κατεδίωξεν
877 941 1166 1013 ἄνθρωπον
1205 938 1436 1008 πένητα.
1468 955 1487 988 ›

313 1039 492 1108 Πένης
518 1038 613 1090 καὶ
639 1036 858 1106 πτωχὸς
884 1037 913 1089 ὀ
944 1035 1154 1104 Κύριος
1176 1049 1190 1064 ο
1227 1030 1418 1101 ἐπειδὴ
1446 1027 1704 1092 πλούσιος
1732 1026 1830 1093 ὢν,

243 1130 388 1201 ὑπὲρ
427 1129 584 1200 ὴμῶν
624 1129 972 1198 ἐπτώχευσεν
997 1143 1011 1157 ⁸
1057 1127 1117 1179 οὐ
1155 1125 1313 1197 μόνον
1358 1123 1416 1176 δέ
1453 1120 1831 1192 ἐπτώχευσεν,

247 1220 390 1274 ἀλλὰ
433 1218 530 1273 καὶ
578 1220 656 1282 είς
693 1216 952 1271 τοσοῦτον
997 1217 1086 1270 διὰ
1136 1217 1235 1286 τὴν
1272 1215 1384 1268 τῶν
1430 1213 1696 1267 Ἰουδαίων
1737 1212 1832 1262 ἀν-

249 1310 448 1380 ηκοΐαν
497 1308 667 1380 πένης
727 1309 968 1377 ἐγένετο,
1022 1308 1162 1360 ὥστε
1202 1306 1491 1375 λέγεινοΑι
1524 1303 1832 1366 ἀλώπεκες

243 1399 520 1469 φωλεοὺς
571 1399 808 1468 ἔχουσι,
870 1398 968 1452 καὶ
1013 1398 1087 1451 τὰ
1137 1396 1376 1450 πετεινὰ
1413 1393 1522 1449 τοῦ
1567 1392 1832 1462 οὐρανοῦ

243 1490 769 1558 κατασκηνώσεις
835 1493 869 1544 ὀ
915 1489 984 1541 δὲ
1038 1491 1167 1555 Υἱὸς
1214 1489 1320 1543 τοῦ
1369 1487 1683 1558 ἀνθρώπου
1719 1487 1832 1538 οὐκ

245 1588 374 1654 ἔχει
419 1583 536 1637 ποῦ
567 1582 683 1652 τὴν
706 1581 987 1652 κεφαλὴν
1036 1582 1243 1651 κλίνῃ.
1282 1581 1464 1652 Ὅπερ
1491 1579 1609 1634 ἐστὶ⁷
1642 1577 1834 1641 πενίας

247 1674 696 1749 ὑπερὸαλλούσης
718 1674 1015 1739 ἀπόδειξις.

321 1789 340 1822 ι
379 1771 490 1824 Καὶ
519 1770 997 1841 κατανενυγμένον
1027 1772 1092 1841 τῇ
1115 1769 1335 1840 καρδίᾳ.
1383 1787 1402 1820 ι

333 1862 392 1916 Ὀ
420 1863 475 1917 δέ
499 1863 668 1926 αὐτὸς
696 1827 884 1933 καὶ
914 1827 1116 1934 καρδίᾷ
1144 1827 1210 1915 δέ
1253 1827 1402 1932 ἡμᾶς
1429 1862 1835 1934 κατανενυγμέ-
1869 1827 1910 1880 Β

245 1971 340 2018 νος
373 1970 386 1983 ⁸
420 1953 611 2024 διόπερ
649 1953 805 2022 ἔλεγε
833 1970 847 1984 ο
877 1953 1221 2021 Περίλυπός
1243 1953 1414 2006 ἐστιν
1447 1953 1486 2022 ή
1511 1954 1683 2023 ψυχή
1713 1973 1832 2024 μου

246 2046 361 2112 ἕως
390 2045 678 2100 θανάτου.

327 2160 348 2192 ι
379 2140 489 2192 Kal
511 2139 766 2209 ἠγάπησε
787 2136 1062 2208 κατάραν.
1105 2153 1123 2188 ι

322 2230 490 2284 Ποίαν
543 2227 642 2298 τὴν
684 2226 781 2280 τοῦ
830 2225 1170 2294 Μονογενοῦς
1218 2225 1471 2296 ἤκουσεν,
1525 2225 1688 2295 ἡνίκα
1733 2223 1835 2294 τὴν

249 2321 544 2391 προδοσίαν
599 2319 896 2389 ἐμελέτησε
944 2317 1232 2386 λέγοντοςο
1277 2317 1341 2369 '0
1380 2315 1500 2384 μὲν
1544 2317 1678 2381 Υίὸς
1726 2316 1833 2370 τοῦ

249 2413 568 2481 ἀνθρώπου
605 2409 994 2479 παραδίδοται
1019 2425 1033 2438 ·
1073 2407 1268 2462 καλὸν
1304 2403 1385 2478 ἦν
1415 2407 1597 2472 αὐτῷ,
1639 2410 1692 2461 εἰ
1723 2411 1834 2464 οὐκ

248 2505 544 2575 ἐγεννήθη
574 2507 606 2558 ό
633 2504 946 2572 ἄνθρωπος
976 2501 1228 2568 ἐκεῖνος.

331 2617 351 2648 ς
387 2597 494 2650 Kal
527 2597 628 2648 οὐκ
654 2595 919 2665 ἠθέλησεν
949 2593 1225 2662 εὐλογίαν.
1257 2613 1275 2646 ι

325 2688 592 2756 Εὑλογίαν
626 2687 728 2756 τὴν
773 2687 883 2739 τῶν
925 2685 1246 2741 ἀποστόλων
1279 2685 1451 2755 λέγει,
1493 2686 1560 2757 ἣν
1598 2686 1780 2750 αὐτοῖς
1807 2687 1835 2741 ὀ

251 2778 487 2846 Χριστὸς
520 2776 864 2846 ἐξεφώνησεν
897 2791 912 2807 ·
957 2775 1139 2844 Ἀμὴν
1185 2775 1342 2844 λέγω
1390 2775 1552 2845 ὑμῖν,
1585 2777 1755 2845 ὑμεῖς
1779 2780 1835 2831 οι

250 2865 792 2933 ἀκολουθήσαντές
811 2883 932 2935 μοι,
965 2866 1292 2922 καθίσεσθε
1319 2866 1416 2920 ἐπὶ
1449 2866 1677 2921 δώδεκα
1700 2871 1836 2936 θρό-

251 2976 400 3024 νους
418 2999 434 3022 ,
473 2958 781 3026 κρίνοντες
808 2957 916 3023 τὰς
943 2956 1171 3010 δώδεκα
1202 2957 1402 3025 φυλὰς
1429 2957 1535 3011 τοῦ
1572 2958 1832 3026 Ἰσραήλ.

335 3071 355 3103 ι
397 3052 507 3104 Kal
530 3049 822 3103 ἐνεδύσατο
856 3049 1120 3119 κατάραν.
1159 3068 1177 3102 ›

329 3141 521 3196 Ταῦτα
557 3140 666 3212 γὰρ
705 3141 799 3194 τοῦ
834 3140 1126 3212 ἀνθρώπου
1167 3141 1426 3211 τυγχάνει
1454 3141 1523 3195 τὰ
1545 3141 1792 3195 ἐνδόσθια
1817 3159 1830 3172 ·

253 3231 398 3285 ὥστε
445 3232 542 3285 καὶ
588 3231 846 3301 δυνάμεις
879 3229 980 3298 τῆς
1016 3229 1195 3300 ψυχῆς
1231 3226 1370 3284 εἶναι
1401 3231 1470 3283 τὰ
1501 3231 1598 3299 μὲν
1630 3231 1838 3299 ἔγκατα

252 3325 354 3387 τὰς
392 3323 634 3392 λογικὰς,
669 3322 856 3393 ἐπειδὴ
879 3323 948 3376 τά
968 3322 1176 3390 ἔγκατα
1199 3323 1258 3375 οὑ
1291 3324 1390 3394 τὴν
1416 3323 1587 3395 αὐτὴν
1617 3324 1838 3394 κατέχει

251 3416 489 3486 τροφὴν,
527 3415 664 3468 ἀλλὰ
693 3415 788 3468 καὶ
819 3414 913 3468 νῦν
943 3415 1042 3485 μὲν
1069 3415 1304 3485 δέχεται,
1340 3414 1434 3468 νῦν
1462 3415 1518 3468 δέ
1542 3415 1796 3468 ἐκϐάλλει
1821 3432 1836 3448 ο

253 3506 447 3577 ὥσπερ
472 3506 569 3559 xal
601 3507 650 3558 oi
667 3505 920 3575 λογισμοὶ
941 3508 1042 3560 οὐκ
1073 3507 1168 3559 ἐπὶ
1192 3505 1300 3559 τῶν
1323 3507 1506 3560 αὐτῶν
1535 3507 1799 3576 ἐστήκασι
1819 3524 1833 3540 ο

254 3599 501 3669 συνεχῶς
539 3598 646 3671 γὰρ
685 3598 1136 3670 μεταϐάλλονται.
1169 3601 1251 3654 Τὰ
1281 3600 1338 3653 δέ
1367 3601 1501 3654 ὀστᾶ
1521 3640 1536 3664 ,
1570 3599 1670 3663 τὰς
1699 3618 1840 3670 πρα-

254 3692 479 3756 κτικὰς,
523 3693 598 3754 ὠς
647 3691 862 3763 ἰσχυρὰ,
913 3692 1219 3762 νοήσωμεν.
1265 3692 1484 3763 Ἐπειδὴ
1531 3692 1588 3745 δέ
1637 3693 1698 3745 τὸ
1739 3694 1838 3764 μὲν

256 3785 408 3855 ὕδωρ
454 3787 566 3848 τοῖς
614 3786 869 3854 ἐγκάτοις
912 3784 1006 3856 (ὡς
1047 3786 1106 3838 ἐν
1151 3785 1410 3857 ὑγρότητι
1458 3787 1839 3856 τρεφομένοις)

255 3873 619 3944 κατάλληλον,
658 3873 721 3926 τὸ
753 3873 812 3927 δὲ
856 3874 1034 3927 ἔλαιον
1070 3876 1184 3937 τοῖς
1219 3874 1430 3938 ὀστέοις
1469 3876 1696 3948 (σφόδρα
1731 3878 1839 3949 γὰρ

252 3967 442 4038 χαίρει
474 3969 540 4037 τῇ
573 3966 640 4020 δι’
675 3966 856 4020 ἐλαίου
907 3967 1128 4036 ἀλοιφῇ)
1153 3983 1168 3998 ο
1203 3967 1431 4032 είκότως
1451 3969 1514 4021 τὸ
1553 3969 1697 4040 ὕδωρ
1723 3972 1839 4033 τοῖς

252 4059 537 4124 ἐγκάτοις,
569 4058 630 4110 τὸ
658 4057 836 4111 ἔλαιον
859 4061 973 4122 τοῖς
1001 4059 1208 4121 ὀστέοις
1231 4059 1591 4123 ἀποδέδωκεν,
1623 4061 1699 4125 ώς
1731 4062 1839 4115 δεῖ·

253 4148 350 4212 ξαι
370 4147 560 4217 ὅτιπερ
583 4147 824 4218 αὑτῷ-τὰ
850 4150 950 4220 τῆς
972 4151 1221 4220 κατάρας
1250 4150 1515 4221 ἥρμοσεν,
1541 4152 1616 4215 ώς
1637 4154 1840 4207 κατάλ-

254 4237 421 4308 ληλον
453 4237 590 4308 αὐτῇ
628 4238 894 4309 πονηρίαν
927 4239 1341 4308 μεταδιώξαντι.

338 4344 356 4380 ι
405 4328 518 4381 Kal
550 4328 853 4400 σὺ,Κύριε,
893 4329 1116 4400 ποίησον
1150 4331 1269 4400 μετ’
1297 4329 1455 4401 ἐμοῦ.
1498 4349 1517 4384 ι

337 4420 562 4490 Εἴρηται
599 4419 882 4486 πολλάκις,
913 4422 996 4475 ὅτι
1035 4422 1113 4494 τῷ
1145 4423 1425 4494 προσώπῳ
1471 4422 1567 4478 τοῦ
1598 4424 1837 4496 Χριστοῦ

1934 567 2086 623 enim
2117 567 2183 620 ad
2207 567 2588 637 paenitentiam
2616 565 2879 636 respexit,
2927 565 3073 620 unde
3097 564 3529 644 misericordiam

1935 671 2099 731 atque
2126 661 2475 716 clementiam
2498 660 2762 728 consequi
2796 659 3093 730 potuisset.
3119 658 3294 724 Quem
3345 667 3529 712 autem

1935 752 2020 807 sui
2062 751 2233 822 ipsius
2261 767 2371 805 non
2403 752 2651 815 miseret,
2688 751 2963 820 quomodo
3003 766 3034 805 a
3080 749 3274 804 Judice
3309 750 3531 804 miseri-

1936 845 2182 899 cordiam
2225 843 2486 914 consequi
2519 843 2738 913 possit?

2005 935 2168 990 Vens.
2206 936 2289 990 ΓΙ.
2319 953 2338 986 ι
2368 937 2436 990 Et
2465 946 2789 1005 persecutus
2819 945 2902 989 est
2929 934 3208 988 hominem
3247 933 3523 1003 inopem.»

2006 1029 2227 1100 Egenus
2267 1037 2323 1082 et
2358 1028 2516 1098 inops
2556 1027 2817 1082 Dominus
2843 1045 2857 1093 ;
2889 1028 3012 1098 quia
3035 1043 3158 1081 cum
3180 1036 3324 1080 esset
3355 1025 3526 1089 dives.

1934 1136 2035 1192 pro
2067 1121 2226 1174 nobis
2267 1136 2472 1190 egenus
2505 1120 2682 1175 factus
2707 1130 2791 1174 est
2821 1139 2833 1173 :
2865 1130 2920 1175 et
2958 1135 3065 1173 non
3103 1120 3277 1173 solum
3321 1134 3529 1189 pauper

1934 1210 2057 1273 fuit,
2093 1225 2282 1263 verum
2325 1210 2489 1264 etiam
2525 1221 2746 1280 propter
2766 1210 3081 1265 Juda'orum
3122 1210 3524 1265 contumaciam

1934 1305 2002 1359 ad
2035 1314 2240 1359 tantam
2281 1304 2534 1358 redactus
2562 1313 2646 1358 est
2664 1313 2983 1374 egestatem,
3018 1313 3074 1356 ut
3105 1303 3313 1357 diceret
3347 1321 3360 1357 :
3402 1303 3527 1356 Vul-

1935 1411 2022 1465 pes
2053 1396 2226 1464 foveas
2247 1394 2437 1447 habent
2463 1403 2512 1447 et
2547 1393 2779 1447 volucres
2815 1394 2929 1448 ειυίί
2963 1394 3147 1455 nidos;
3189 1393 3356 1447 Filius
3408 1410 3528 1447 vero

1935 1488 2158 1540 hominis
2181 1503 2283 1539 non
2313 1487 2466 1541 habet
2495 1488 2584 1540 ubi
2612 1496 2771 1556 caput
2807 1486 3021 1540 reclinet
3062 1488 3104 1539 ’.
3139 1487 3294 1552 Quod
3313 1486 3527 1556 signum

1935 1584 2018 1630 est
2043 1584 2300 1630 extremae
2326 1577 2603 1646 egestatis.

2012 1772 2032 1806 ι
2063 1753 2129 1808 Ει
2161 1765 2552 1825 compunctum
2579 1752 2766 1808 corde.
2806 1773 2823 1803 ι

2011 1845 2158 1900 Idem
2195 1859 2377 1900 autem
2415 1854 2640 1916 propter
2674 1861 2776 1899 nos
2807 1860 3026 1914 quoque
3057 1845 3220 1899 corde
3261 1860 3530 1915 compun-

1940 1947 2060 1990 ctus
2084 1936 2217 2002 fuit;
2255 1948 2591 2007 quapropter
2624 1937 2798 1992 dixit:
2836 1937 3020 1990 Tristis
3075 1947 3151 1991 est
3187 1937 3368 1990 anima
3412 1953 3527 1990 mea

1940 2045 2105 2097 usque
2130 2030 2200 2082 ad
2225 2039 2444 2083 mortem
2467 2030 2508 2084 ³.

2014 2120 2176 2175 Vsus.
2203 2122 2288 2174 18.
2337 2141 2356 2172 ‹
2389 2120 2455 2176 Et
2487 2120 2677 2176 dilexit
2710 2121 3172 2176 maledictionem.
3211 2139 3229 2173 ι

2012 2212 2239 2279 Qualem
2273 2227 2469 2282 nempe
2496 2212 2726 2276 audivit,
2757 2213 2978 2282 quando
3009 2212 3112 2283 ipsi
3161 2211 3526 2281 proditionem

1941 2307 2222 2361 meditanti
2253 2305 2582 2377 Unigenitus
2630 2305 2788 2372 dixit,
2832 2306 3002 2359 Filius
3050 2307 3259 2375 quidem
3305 2307 3528 2359 hominis

1943 2399 2210 2451 truditur:
2235 2396 2425 2449 bonum
2443 2405 2622 2449 autem
2639 2397 2835 2459 eratei,
2853 2396 2899 2448 si
2918 2403 3074 2448 nutus
3104 2411 3204 2448 non
3231 2395 3412 2466 fuisset
3433 2395 3530 2448 ho-

1943 2507 2029 2543 mo
2055 2490 2144 2543 ille
2167 2489 2210 2542 δ.

2019 2601 2037 2633 ‹
2070 2583 2133 2635 Et
2160 2580 2330 2634 noluit
2349 2579 2817 2636 benedictionem.
2869 2599 2888 2632 ι

2012 2674 2454 2728 Benedictionem
2476 2673 2730 2745 intelligit
2758 2673 3155 2743 apostolorum,
3177 2688 3339 2741 quam
3369 2670 3530 2726 Chri-

1943 2773 2058 2818 stus
2082 2763 2214 2832 ipsis
2240 2763 2527 2833 promisit:
2570 2764 2734 2816 Amen
2767 2763 2882 2815 dico
2915 2763 3074 2826 vobis,
3106 2762 3243 2832 quod
3303 2779 3407 2826 vos,
3439 2763 3529 2832 qui

1941 2858 2102 2910 secuti
2124 2858 2247 2910 estis
2281 2873 2382 2920 me,
2406 2857 2650 2910 sedebitis
2671 2873 2828 2925 super
2867 2858 3009 2909 sedes
3057 2856 3351 2920 duodecim,
3375 2857 3530 2925 judi-

1944 2958 2118 3002 cantes
2147 2948 2417 3002 duodecim
2447 2949 2612 3001 tribus
2647 2947 2822 3002 Israel
2850 2949 2893 3003 '.

2020 3061 2038 3093 ‹
2080 3042 2145 3095 Ει
2172 3041 2351 3095 induit
2377 3041 2842 3096 maledictionem.
2878 3061 2898 3094 ι

2016 3134 2141 3190 Haec
2169 3135 2314 3188 enim
2342 3134 2581 3190 hominis
2611 3133 2866 3188 interiora
2905 3141 3033 3188 sunt
3058 3152 3072 3198 ;
3114 3134 3185 3188 ita
3213 3143 3272 3188 ut
3306 3133 3528 3188 intesti-

1941 3245 2008 3283 na
2040 3228 2258 3298 quidem
2290 3229 2398 3282 siut
2423 3228 2715 3282 rationales
2762 3229 2961 3282 anima:
3004 3229 3254 3292 virtutes,
3286 3227 3532 3298 quando-

1941 3323 2158 3392 quidem
2183 3322 2442 3376 intestina
2474 3337 2584 3374 non
2617 3320 2870 3375 eumdem
2912 3321 3093 3376 cibum
3145 3321 3404 3380 retinent,
3436 3319 3530 3373 sed

1941 3414 2102 3468 modo
2133 3413 2354 3482 quidem
2379 3413 2530 3466 illum
2559 3412 2884 3481 suscipiunt,
2919 3412 3081 3466 modo
3109 3427 3238 3466 vero
3268 3411 3528 3481 ejiciuut;

1941 3507 2081 3562 sicut
2109 3507 2272 3560 etiam
2304 3505 2664 3576 cogitationes
2695 3504 2888 3558 iisdem
2921 3505 3086 3558 rebus
3130 3503 3356 3558 minime
3392 3503 3530 3557 insi-

1940 3607 2112 3662 stunt,
2141 3597 2234 3651 sed
2277 3597 2493 3651 assidue
2518 3602 2821 3650 mutantur.
2850 3593 2982 3649 Ossa
3013 3611 3162 3657 vero,
3196 3604 3380 3663 utpote
3411 3610 3530 3664 qua:

1941 3690 2094 3744 ﬁrma
2126 3691 2255 3754 sint,
2289 3691 2517 3744 virtutes
2539 3689 2806 3758 practicas
2841 3687 3227 3757 intelligemus.
3259 3686 3527 3751 Quoniam

1941 3798 2078 3852 aqua
2106 3783 2325 3852 quidem
2353 3781 2628 3835 intestinis
2653 3782 2734 3851 (ut
2763 3795 2884 3848 qua:
2934 3779 3160 3833 humore
3191 3777 3528 3848 nutriantur)

1941 3874 2120 3928 oleum
2175 3890 2302 3928 vero
2340 3873 2553 3928 ossibus
2589 3873 2818 3942 quadrat
2872 3871 3008 3941 (lucc
3053 3870 3198 3924 enim
3257 3870 3361 3924 olei
3421 3887 3528 3924 uu-

1941 3968 2122 4020 ctioue
2153 3966 2446 4035 plurimum
2477 3964 2777 4036 gaudent);
2821 3964 3016 4018 merito
3061 3979 3254 4033 aquam
3307 3963 3529 4018 intesti-

1940 4059 2045 4122 uis,
2081 4058 2260 4112 oleum
2291 4073 2420 4112 vero
2449 4058 2666 4112 ossibus
2700 4057 2968 4120 attribuit,
3003 4055 3070 4110 ad
3120 4055 3522 4110 ostendendum

1940 4150 2040 4218 ipsi
2079 4159 2388 4218 competere
2438 4148 2862 4211 exsecrationes,
2895 4158 3082 4218 utpote
3113 4148 3265 4204 hisce
3323 4164 3524 4204 conve-

1941 4243 2186 4297 nientem
2211 4243 2478 4296 malitiam
2502 4241 2862 4297 cousectanti.

2010 4335 2172 4389 Vens.
2207 4335 2297 4390 21.
2339 4351 2356 4385 ι
2389 4335 2456 4388 Et
2484 4343 2564 4398 tu,
2600 4332 2844 4394 Domine,
2873 4331 2956 4386 l'ac
2987 4347 3222 4389 mecum.
3255 4349 3274 4384 ι

2010 4425 2396 4496 διερεηυιηετο
2424 4425 2628 4479 dictum
2661 4433 2763 4488 est,
2797 4439 3045 4494 persona».
3070 4423 3275 4477 Christi
3301 4423 3526 4480 humilia

252 4515 523 4584 ἁρμόττει
555 4513 624 4567 τὰ
668 4515 902 4568 ταπεινὰ
951 4515 1038 4568 διὰ
1075 4517 1175 4585 τὴν
1213 4515 1611 4587 ἀνθρωπότητα
1647 4534 1661 4548 ο
1702 4519 1839 4572 ἀλλὰ

1953 4533 2241 4589 congruere
2287 4525 2512 4587 propter
2559 4515 2996 4580 humanitatem;
3031 4523 3409 4568 verumtamen
3467 4520 3527 4565 ut

254 4607 360 4660 καὶ
385 4606 528 4661 οὕτω
552 4607 620 4661 τὰ
653 4606 833 4678 ὑψηλὰ
875 4611 988 4672 τοῖς
1016 4611 1297 4674 ταπεινοῖς
1325 4609 1704 4672 συνέζευκται.
1744 4611 1838 4663 Ei-

1941 4610 2020 4664 sic
2057 4611 2220 4664 etiam
2248 4608 2501 4664 sublimia
2531 4624 2656 4662 cum
2705 4606 3005 4661 humilibus
3036 4606 3328 4674 conjuncta
3374 4615 3522 4660 sunt.

252 4696 381 4750 πὼν
424 4699 553 4769 γὰρ,
609 4699 882 4766 Ποίησον
915 4699 1046 4768 μετ’
1066 4699 1236 4769 ἐμοῦ,
1267 4700 1610 4772 προσέθηκεν
1634 4701 1839 4755 ἕνεκεν

1953 4701 2071 4756 ηοω
2099 4717 2223 4756 cum
2245 4701 2470 4755 dixisset
2507 4700 2616 4754 Fac
2641 4716 2864 4760 mecum,
2898 4698 3146 4767 adjunxit
3173 4709 3386 4766 prapter
3427 4713 3524 4749 no-

251 4788 368 4841 τοῦ
399 4790 691 4857 ὀνόματός
721 4804 838 4844 σου
867 4829 881 4852 ,
915 4791 1103 4844 ἕνεκεν
1128 4793 1228 4861 τῆς
1256 4791 1398 4861 ἐμῆς
1418 4791 1596 4856 ἀξίας.
1632 4793 1842 4864 Ὀνομα

251 4877 372 4952 γὰρ
400 4881 493 4933 τοῦ
526 4882 740 4952 ’Πατρδς
773 4884 801 4936 ὀ
825 4882 952 4946 rw;
976 4898 990 4912 °
1023 4883 1214 4953 διόπερ
1258 4884 1371 4947 καὶ,
1415 4885 1840 4954 Εὐλογημένος

252 4976 293 5028 ό
325 4973 644 5042 ἐρχόμενος
680 4975 751 5028 ἐν
780 4975 1023 5044 ὀνόματι
1051 4976 1274 5043 Κυρίου
1305 4976 1524 5046 λέγεται
1543 5018 1576 5049 ,_
1607 4978 1684 5041 ώς
1727 4979 1840 5040 tuo;

251 5064 414 5134 αὐτῷ
462 5067 747 5136 τυγχάνων
802 5067 896 5120 καὶ
947 5067 1388 5140 ἀπαράλλακτος,
1435 5070 1528 5122 καὶ
1563 5069 1649 5123 διὰ
1678 5070 1838 5124 τοῦτο

252 5154 356 5208 τοῦ
404 5156 616 5227 Πατρδς
646 5156 1051 5228 ἀναλαμϐάνων
1098 5159 1160 5211 τὺ
1198 5159 1389 5228 ὄνομα.
1431 5161 1542 5214 Kal
1581 5163 1630 5214 εί
1661 5161 1840 5226 οὓτως

252 5247 418 5311 ἀξίας
439 5247 646 5318 ἔχεται,
662 5250 807 5313 τίνος
837 5250 995 5322 χάριν
1013 5250 1373 5322 προσεύχεται
1391 5253 1533 5316 ςὌτι
1549 5252 1838 5320 χρηστὸν,

256 5341 421 5408 φησὶ,
455 5341 524 5394 τὸ
547 5340 720 5407 ἔλεός
753 5359 869 5395 σου
902 5359 917 5374 ο
959 5342 1108 5405 ἔλεος
1139 5343 1304 5396 πάλιν
1331 5343 1427 5396 τοῦ
1458 5343 1670 5414 Πατρὸς
1711 5344 1838 5396 ἐαυ-

253 5430 356 5484 τὸν
402 5431 584 5484 καλῶν
616 5447 630 5462 ⁸
665 5431 812 5495 ἔλεος
846 5433 947 5502 μὲν
981 5431 1169 5503 ἐπειδὴ
1202 5432 1291 5485 διὰ
1320 5433 1418 5503 τῆς
1445 5431 1608 5484 αὑτοῦ
1633 5449 1835 5505 παρουο

259 5522 388 5586 σίας
415 5522 730 5594 ἠλεήθημεν
751 5539 765 5554 °
802 5524 946 5587 ἕλεος
969 5524 1024 5577 δὲ
1048 5523 1142 5576 τοῦ
1169 5525 1381 5594 Πατρὸς
1416 5525 1661 5587 είκότωςο
1690 5524 1837 5593 γνώ-

259 5631 342 5685 μῃ
368 5615 478 5685 γὰρ
508 5615 675 5670 αὐτοῦ
705 5618 738 5688 ἡ
771 5618 1018 5689 σωτηρία
1049 5616 1206 5688 ἡμῶν
1235 5618 1574 5690 πέπρακται.
1615 5617 1834 5689 Ἐπειδὴ

331 5751 354 5782 ⁹
389 5747 579 5807 Matth.
611 5767 730 5821 vut,
755 5751 827 5806 20
858 5761 911 5808 et
935 5749 1092 5807 Lucae
1124 5767 1198 5817 Ix,
1235 5751 1323 5806 58.
1400 5752 1641 5822 '_Matth.
1673 5767 1785 5819 XXI,
1812 5751 1904 5808 58.

258 5836 417 5887 nm,
449 5822 535 5876 34.

1938 4811 2056 4849 men
2087 4803 2254 4857 tuum,
2290 4799 2509 4863 propter
2537 4803 2717 4846 meam
2743 4790 3081 4861 dignitatem.
3125 4789 3332 4842 Nomen
3364 4789 3512 4843 enim

1946 4885 2127 4940 Patris
2151 4897 2235 4940 est
2259 4884 2429 4939 Filius
2457 4902 2472 4944 ;
2499 4892 2832 4953 quapropter
2866 4883 3028 4936 etiam
3071 4883 3301 4948 dicitur,
3352 4881 3523 4936 Bene-

1945 4979 2115 5032 dictus
2178 4977 2266 5047 qui
2302 4978 2440 5030 venit
2499 4976 2555 5028 in
2585 4975 2792 5028 nomine
2837 4973 3050 5027 Domini
3083 4975 3140 5041 ⁶;
3175 4983 3359 5044 utpote
3419 4975 3523 5046 ipsi

1943 5069 2169 5140 aequalis
2197 5078 2252 5123 et
2290 5066 2748 5123 incommutabilis
2780 5067 3070 5129 exsistens,
3108 5078 3272 5137 atque
3317 5069 3525 5124 idcirco

1945 5161 2121 5217 Patris
2155 5177 2353 5216 nomen
2385 5177 2689 5217 assumens.
2728 5163 2890 5230 Atqui
2951 5161 2992 5215 si
3024 5170 3187 5215 tanta:
3243 5162 3525 5232 dignitatis

1949 5251 2040 5318 sit,
2073 5269 2173 5306 cur
2203 5254 2366 5307 orat?
2410 5252 2571 5317 Quia,
2613 5253 2810 5321 inquit,
2837 5253 3010 5305 suavis
3036 5262 3109 5308 est
3164 5251 3524 5310 misericordia

1946 5350 2035 5394 tua
2067 5358 2086 5395 :
2118 5358 2308 5396 rursus
2348 5344 2703 5412 semetipsum
2737 5342 2912 5396 Patris
2944 5342 3382 5396 misericordiam
3424 5359 3524 5412 ap-

1943 5434 2186 5504 pellans;
2211 5433 2644 5489 miscricordiam
2677 5434 2919 5504 quidem,
2952 5434 3080 5503 quia
3104 5449 3200 5504 per
3235 5434 3356 5502 ejus
3381 5449 3523 5502 prac-

1943 5526 2170 5581 sentiam
2199 5528 2480 5581 consecuti
2509 5542 2699 5582 sumus
2719 5526 3148 5580 misericordiam
3174 5543 3188 5588 ;
3223 5523 3396 5578 Patris
3423 5539 3522 5577 au-

1947 5629 2052 5674 tem
2109 5619 2557 5684 miscricordiam,
2598 5620 2724 5690 quia
2780 5619 3038 5673 nimirum
3100 5618 3217 5688 ejus
3244 5617 3523 5673 voluntate

1999 5751 2021 5784 ⁸
2049 5752 2240 5810 Matth.
2276 5771 2423 5822 m1,
2462 5756 2551 5809 9.4.
2657 5759 2677 5788 ⁵
2708 5754 2896 5810 Matth.
2938 5752 3171 5819 x1x,28.
3272 5757 3292 5788 ‘
3332 5754 3518 5815 Matth.
