4032 6416
609 323 750 388 1319

1806 334 2174 395 HESYCHII
2214 336 2691 401 PRESBYTERI

3715 358 3815 428 1320

603 439 754 495 salus
781 448 968 494 nostra
1001 448 1219 511 peracta
1249 450 1352 497 est.
1384 440 1523 498 Cum
1567 443 1733 515 igitur
1762 455 1870 501 tam
1935 447 2183 518 benignus

2304 452 2490 506 τοίνυν
2534 453 2682 510 οὕτω
2731 459 2970 530 χρηστός
3010 462 3149 531 εἰμι,
3192 462 3333 516 ὥστε
3364 462 3462 517 καὶ
3484 466 3731 539 ἅνθρωπος
3754 478 3820 533 tsi

606 524 825 593 situ,'ut
852 530 1016 585 etiam
1048 541 1273 602 propter
1306 532 1595 590 hominum
1660 539 2199 597 conuniserationem

607 617 773 672 homo
814 616 991 674 factus
1013 620 1230 686 fuerim,
1259 621 1345 677 fac
1374 638 1610 679 mecum.
1645 625 1812 683 Decet
1832 629 1980 685 enim
2014 631 2200 689 incar-

604 717 797 762 natum
822 710 1226 781 quodammodo
1259 727 1436 777 orare,
1471 723 1526 768 et
1577 716 1839 773 auxilium
1871 702 1917 774 ad
1945 721 2056 776 Deo
2104 740 2200 793 po-

606 801 833 867 stulare,
878 791 1043 873 atque
1098 804 1324 860 humilia
1364 821 1669 873 assumere,
1700 826 1823 880 quae
1876 791 2201 885 competunt

609 892 960 951 humanitati.

682 986 847 1043 Vens.
884 988 973 1043 22.
1048 1008 1067 1042 ι
1107 989 1301 1047 Libera
1328 1006 1437 1059 me,
1485 993 1612 1064 quia
1656 1009 1865 1068 egenus
1902 1007 1959 1053 et
1993 1016 2200 1071 pauper

607 1095 752 1134 sum.
792 1099 811 1133 ι

678 1170 984 1240 Egestatcm
1036 1186 1188 1225 suam
1240 1172 1604 1228 voluntariam
1662 1177 1896 1246 appellat
1926 1220 1941 1244 ,
1991 1180 2199 1236 scilicet

607 1260 1082 1329 humiliatiuncm;
1124 1275 1502 1335 paupertatem
1532 1284 1724 1324 rursus
1773 1272 2075 1341 propriam,
2100 1273 2197 1329 Ju-

605 1354 847 1410 dazorum
902 1355 1524 1415 inohedientiam.‘Cunt
1556 1362 1704 1416 enim
1745 1362 1918 1432 ipsius
1965 1363 2195 1436 ﬁgmen-

608 1455 723 1499 tum
752 1457 936 1501 essent
966 1463 1189 1519 propter
1215 1466 1436 1506 carnem
1468 1467 1535 1507 ex
1589 1452 1656 1507 iis
1684 1465 2050 1525 assumptum,
2097 1473 2195 1513 ne-

605 1539 844 1594 cessario
889 1540 1105 1596 illorum
1162 1558 1403 1597 errorem
1435 1559 1590 1599 suam
1630 1555 1851 1616 reputat
1902 1560 2197 1619 pauperta-

608 1638 738 1684 tem.

676 1720 839 1777 Vens.
873 1721 962 1776 23.
1002 1741 1021 1774 ι
1058 1722 1210 1779 Sicut
1244 1725 1433 1780 umbra
1462 1740 1587 1781 cum
1617 1727 1874 1783 declinat.
1917 1747 1937 1782 ι

679 1810 805 1866 Sole
836 1813 903 1867 ad
939 1827 1191 1870 occasum
1224 1827 1503 1887 vergente,
1528 1818 1720 1873 umbra
1751 1820 1870 1889 ejus
1892 1820 2188 1890 plurimum
2222 1796 2265 1852 Β

604 1905 873 1984 declinat;
903 1906 1022 1977 ipso
1073 1917 1257 1963 autem
1320 1913 1701 1979 occunnhente,
1745 1912 1862 1967 haec
1892 1914 2058 1968 etiam
2110 1915 2190 1969 si-

605 1998 718 2051 mul
748 1998 879 2051 abit.
908 1998 1138 2064 Quando
1182 2001 1346 2071 igitur
1385 2004 1589 2059 malitia
1622 2004 1972 2071 redundavit,
2003 2007 2077 2062 ita
2133 2016 2193 2062 ut

604 2105 776 2159 genus
807 2091 1106 2148 humanum
1139 2094 1302 2149 etiam
1333 2096 1599 2152 adversus
1623 2097 1802 2167 ipsum
1858 2099 2051 2165 Deum,
2087 2102 2192 2155 sci-

604 2180 732 2237 licet
769 2182 1069 2248 Christum,
1136 2203 1333 2242 manus
1362 2190 1623 2255 elevaret,
1659 2198 1790 2246 tunc
1844 2190 2095 2246 Christus
2157 2209 2190 2248 e

602 2274 783 2329 medio
834 2277 1060 2344 tollitur,
1086 2286 1142 2334 et
1198 2290 1426 2335 mortem
1489 2281 1747 2349 sustinet,
1779 2291 1841 2338 ut
1888 2283 2092 2339 malitia
2134 2293 2191 2340 et

602 2376 883 2434 peccatum
918 2370 1356 2438 mortiﬁcaretur,
1395 2382 1455 2426 ut
1482 2370 1684 2429 Paulus
1710 2373 1827 2440 ait;
1864 2372 2002 2440 Quia
2041 2384 2188 2432 vetus

600 2458 752 2512 homo
773 2473 943 2515 uoster
971 2462 1131 2516 simul
1150 2466 1429 2533 cruciﬁxus
1464 2467 1600 2532 est",
1634 2474 1740 2522 etc.

672 2548 833 2606 Vens.
856 2552 947 2607 ει.
985 2573 1003 2605 ι
1026 2552 1212 2609 Genua
1245 2572 1360 2610 mea
1389 2556 1665 2615 inﬁrmata
1686 2565 1836 2612 sunt.
1867 2574 1887 2609 ι

669 2642 806 2697 Cum
834 2643 1089 2716 fatigatus
1119 2661 1185 2700 ex
1212 2648 1408 2702 itinere
1441 2649 1483 2713 ⁸,
1515 2658 1575 2703 ιιι
1598 2648 1775 2719 inquit
1797 2648 2061 2716 Joannes,
2095 2665 2186 2706 se-

598 2735 742 2791 derit
763 2735 1034 2805 Christus,
1067 2739 1145 2794 nil
1162 2739 1383 2807 mirum,
1420 2742 1463 2795 si
1489 2743 1652 2796 etiam
1682 2758 1749 2798 ex
1772 2742 1985 2812 jejunio
2010 2759 2184 2814 genua

598 2829 719 2899 ejus
779 2830 1171 2888 inﬁrmentur:
1229 2833 1297 2887 ad
1350 2835 1534 2889 carnis
1598 2835 1745 2890 enim
1771 2851 1934 2904 quam
1972 2851 2186 2891 assum—

599 2932 785 2992 pserat
816 2924 1193 2993 probationem
1224 2926 1465 2983 humana
1494 2927 1757 2982 sustinuit
1795 2927 2001 2998 absque
2054 2944 2184 2999 pec-

598 3022 720 3069 cato
754 3015 799 3069 ⁸.

670 3105 833 3163 Vens.
860 3107 952 3164 25.
1015 3126 1036 3162 ι
1063 3108 1133 3165 Ει
1174 3124 1276 3181 ego
1326 3108 1505 3166 l'actus
1556 3124 1679 3166 sum
1723 3110 2083 3182 approbrium
2112 3111 2180 3167 il-

598 3194 688 3253 lis.
726 3216 745 3250 ι

669 3290 796 3345 llaec
839 3290 909 3346 ad
956 3290 1194 3346 litteram
1251 3291 1520 3347 accidisse
1568 3291 1861 3350 Matthaeus
1914 3296 2178 3367 tradidit:

596 3380 974 3437 Praetereunles
1007 3393 1186 3438 autem
1240 3383 1678 3452 blasphemabant
1726 3402 1867 3453 eum,
1919 3399 2180 3443 moventes

594 3475 772 3541 capita
802 3491 921 3541 sua,
951 3484 999 3528 et
1026 3476 1253 3529 dicentes
1278 3491 1297 3529 :
1347 3474 1451 3529 Vah
1508 3476 1598 3546 qui
1648 3477 1876 3531 destruis
1932 3479 2181 3545 templum

594 3563 715 3626 Dei,
740 3573 787 3617 et
812 3568 865 3617 in
892 3565 1066 3618 triduo
1088 3564 1223 3618 illud
1244 3565 1557 3633 retudi/iens,
1606 3566 1756 3620 salva
1797 3568 2127 3637 temetipsum
2159 3586 2179 3625 :

593 3653 653 3708 Si
688 3653 860 3708 Filius
886 3654 981 3709 Dei
1016 3671 1089 3722 es,
1133 3654 1385 3709 descende
1432 3656 1497 3709 de
1521 3672 1694 3723 cruce,
1729 3666 1785 3710 ut
1814 3658 2108 3727 videamus,
2129 3669 2178 3713 et

592 3747 866 3802 credamus
902 3748 967 3802 η.

663 3840 827 3897 Vens.
856 3842 947 3896 26.
988 3860 1007 3894 ι
1032 3842 1239 3912 Adjuva
1273 3856 1380 3907 me,
1407 3839 1659 3908 Domine,
1694 3841 1840 3897 Deus
1865 3857 2042 3899 meus.
2082 3860 2100 3894 ι

661 3934 914 3989 Nostram
935 3950 1095 4005 opem
1124 3950 1189 3988 ac
1229 3934 1464 3989 salutem
1516 3950 1670 3989 suam
1707 3942 1945 4007 reputat,
1987 3943 2177 4005 utpote

590 4026 859 4082 mediator
910 4035 967 4081 et
1025 4027 1270 4097 pontifex
1322 4036 1511 4082 uoster
1559 4027 1629 4082 ad
1681 4024 1896 4081 Patrem
1952 4026 2175 4082 iactus:

589 4130 921 4190 quapropter
951 4120 1167 4175 Patrem
1197 4130 1355 4176 vocat
1386 4119 1553 4175 etiam
1589 4118 1878 4175 Dominum
1907 4135 1971 4174 ac
2005 4117 2176 4175 Deum

588 4227 750 4268 suum
777 4229 791 4266 :
823 4212 971 4283 quod
999 4212 1202 4268 nostris
1249 4213 1415 4268 etiam
1475 4211 1730 4283 personis
1755 4210 2029 4283 congruit.
2062 4210 2177 4267 Hoc

584 4312 769 4358 autem
800 4303 1115 4360 mediatoris
1156 4313 1318 4375 atque
1341 4303 1619 4376 pontilicis
1644 4304 1926 4375 proprium
1967 4314 2071 4369 est,
2116 4312 2176 4359 ut

584 4405 825 4452 assumat
848 4411 1107 4469 personas
1131 4412 1322 4453 eorum
1353 4413 1453 4470 pro
1478 4396 1678 4468 quibus
1706 4396 1979 4453 sacriﬁcat
1997 4406 2054 4452 et
2083 4395 2172 4451 in-

643 4489 771 4544 rdit.

585 4496 771 4545 terdit.

651 4578 817 4635 Vens.
851 4579 942 4636 27.
980 4600 999 4633 ι
1035 4578 1101 4634 Et
1130 4578 1307 4635 sciant
1331 4578 1456 4650 quia
1487 4594 1688 4633 munus
1710 4587 1800 4633 tua
1830 4579 1968 4636 haec.
2003 4597 2023 4632 ι

530 4706 531 4709 η
646 4672 874 4739 Qualem
903 4689 1032 4728 vero
1060 4688 1281 4727 manum
1311 4670 1485 4726 dicit?
1548 4668 1750 4742 Utique
1788 4671 2168 4741 dispensatio-

577 4777 705 4817 nem
743 4763 925 4818 crucis
954 4778 1018 4818 ac
1047 4760 1469 4818 resurrectionis
1499 4776 1598 4832 per
1655 4776 1879 4815 manum
1913 4761 2018 4816 hoc
2047 4762 2166 4817 loco

577 4852 865 4924 signiﬁcat.
893 4854 1029 4909 Cum
1060 4854 1207 4909 enim
1235 4870 1432 4926 magna
1482 4853 1747 4909 miracula
1783 4853 2165 4923 soleatappel-

576 4945 690 5000 lare
715 4945 944 5015 digitum
975 4946 1093 5012 Dei,
1130 4955 1187 5003 et
1231 4945 1645 5018 comparatione
1700 4960 1893 5000 eorum
1928 4960 2050 5014 quae
2078 4943 2163 5000 di-

575 5047 663 5091 cta
686 5048 834 5105 sunt,
857 5051 1001 5095 cum“
1037 5040 1333 5095 maximum
1404 5041 1478 5097 sit
1524 5039 1849 5094 miraculum
1877 5037 2054 5092 crucis
2101 5052 2165 5092 ac

574 5133 1018 5197 resurrectionis,
1044 5134 1359 5189 necessario
1386 5132 1518 5187 illud
1546 5146 1771 5186 manum
1789 5131 1964 5202 ipsam
1986 5139 2162 5185 vocat.

577 5218 695 5276 lloc
722 5221 911 5291 utique
941 5222 1055 5276 vult
1077 5223 1240 5277 etiam
1269 5224 1523 5278 homines
1547 5236 1867 5294 agnoscere,
1906 5229 1965 5274 ut
1985 5220 2164 5275 sciant

575 5312 836 5383 quoniam
867 5313 984 5385 ipse
1016 5314 1146 5370 fecit
1167 5330 1287 5372 eam
1321 5335 1335 5371 :
1361 5318 1413 5373 id
1469 5328 1574 5386 est,
1601 5320 1747 5389 quod
1791 5318 2076 5372 voluntate
2106 5326 2162 5372 et

574 5406 919 5477 neneplacito
949 5410 1068 5480 ejus
1099 5407 1237 5465 facta
1258 5409 1350 5476 sit,
1372 5408 1629 5465 utPatris
1661 5409 1894 5501 Fili‘ique
1924 5423 2159 5463 consen-

573 5498 783 5553 tionem
841 5499 1138 5568 discentes,
1195 5499 1398 5557 divina:
1433 5498 1777 5574 cognitionis
1835 5499 2157 5571 mysterium

571 5591 898 5663 percipiant.

2300 543 2403 616 τὴν
2429 546 2567 618 πρὸς
2591 549 2916 622 ἀνθρώπους
2940 555 3243 626 γενομένην
3273 557 3627 628 συμπάθειαν,
3647 567 3823 638 iming

2303 639 2424 709 μετ’
2451 640 2610 712 ἐμοῦ.
2643 643 2855 717 Πρέπει
2884 645 2993 718 γάρ
3020 666 3137 712 πως
3159 651 3498 721 σαρκωθέντι
3526 654 3615 706 καὶ
3641 662 3827 726 προσεύ-

2301 731 2515 802 χεσθαι,
2547 734 2646 789 καὶ
2683 736 2947 810 βοήθειαν
2975 741 3151 796 αἰτεῖν
3175 743 3330 814 παρὰ
3354 743 3494 797 Θεοῦ
3513 785 3529 811 ,
3554 748 3639 802 καὶ
3665 751 3722 805 τά
3752 770 3828 808 τα-

2301 824 2466 879 πεινὰ
2523 827 2971 900 ἀναλαμὸάνειν,
3039 835 3145 890 ὅσα
3192 838 3259 908 τῇ
3318 834 3688 910 ἀνθρωπότητι
3727 847 3829 915 πρέ.

2300 933 2498 971 ποντα.

2375 1025 2394 1059 ι
2444 1007 2637 1064 Ῥῦσαί
2673 1028 2763 1081 με,
2793 1012 2877 1073 ὅτι
2899 1014 3119 1085 πτωχὸς
3149 1017 3245 1070 καὶ
3274 1018 3450 1091 πένης
3470 1020 3603 1090 εἰμί.
3643 1041 3663 1075 ι

2372 1100 2658 1171 Πτωχείαν
2689 1103 2859 1158 αὐτοῦ
2884 1105 2985 1177 τὴν
3014 1108 3264 1164 ἑκούσιον
3317 1114 3734 1184 προσαγορεύει,
3759 1116 3832 1189 δη-

2299 1187 2476 1244 λονότι
2520 1192 2853 1249 ταπείνωσιν
2886 1212 2901 1226 °
2952 1198 3148 1252 πενίαν
3192 1200 3356 1256 πάλιν
3410 1203 3581 1270 ἰδίαν,
3628 1206 3717 1276 τὴν
3750 1212 3833 1260 τῶν

2312 1280 2583 1336 Ἰουδαίων
2632 1289 2941 1359 παρακοήν.
2999 1290 3063 1343 Εἰ
3108 1292 3216 1364 γάρ
3258 1293 3429 1346 αὐτοῦ
3481 1296 3693 1365 πλάσμα
3726 1293 3832 1369 ἦσαν

2296 1371 2387 1425 διὰ
2428 1373 2527 1443 τὴν
2578 1373 2640 1439 ἐξ
2688 1377 2871 1433 αὐτῶν
2924 1380 3226 1449 ληφθεῖσαν
3287 1384 3513 1456 σάρκα,
3571 1388 3832 1456 ἀναγκαίως

2296 1461 2464 1516 αὐτοῦ
2497 1468 2689 1520 πενίαν
2716 1469 2816 1540 τὴν
2849 1472 3077 1526 ἐκείνων
3107 1474 3316 1541 πλάνην
3337 1477 3634 1546 λογίζεται.

2374 1574 2393 1607 ι
2442 1555 2587 1610 Ὧσεὶ
2626 1560 2756 1614 σκιὰ
2785 1563 2844 1617 έν
2871 1563 2950 1635 τῷ
2974 1565 3228 1621 ἐκκλῖναι
3256 1568 3457 1641 αὐτήν.
3494 1588 3513 1623 ι

2382 1647 2445 1701 Ἦ
2476 1648 2573 1703 τοῦ
2605 1651 2756 1722 ἡλίου
2789 1656 2918 1710 σκιὰ
2946 1657 3086 1729 πρὸς
3111 1658 3345 1727 δυσμαῖς
3378 1662 3548 1715 αὐτοῦ
3576 1666 3830 1731 γεγονότος,

2296 1741 2387 1793 ἐπὶ
2420 1742 2554 1797 πολὺ
2583 1744 2846 1801 κλίνεται·
2872 1749 3135 1816 δύναντος
3159 1753 3215 1806 δὲ
3253 1754 3451 1821 αὐτοῦ,
3479 1758 3573 1810 καὶ
3598 1759 3719 1827 αὐτὴ
3740 1777 3832 1813 συν·

2299 1835 2623 1907 απέρχεται.
2680 1840 2808 1895 Ὅτε
2852 1843 3096 1915 τοίνυνζὴ
3130 1846 3302 1902 κακία
3334 1848 3692 1915 ἐπλεόνασεν,
3722 1850 3830 1906 ὥστε

2297 1926 2392 1979 καὶ
2420 1929 2540 1981 κατ’
2569 1930 2734 1984 αὐτοῦ
2772 1932 2866 1987 τοῦ
2889 1934 3050 2001 Θεοῦ,
3077 1937 3283 2011 δηλαδὴ
3312 1940 3411 1995 τοῦ
3472 1941 3717 2011 Χριστοῦ.
3743 1947 3831 2012 χεῖ·

2300 2033 2401 2089 ρας
2448 2021 2653 2092 ἐπᾶραι
2694 2024 2755 2077 τὸ
2790 2026 2948 2093 γένος
2973 2026 3035 2080 τὸ
3058 2029 3431 2099 ἀνθρώπινον,
3467 2032 3588 2086 τότε
3614 2034 3828 2089 ἀνταναι-

2296 2111 2472 2179 ρεῖται
2503 2113 2533 2164 ὁ
2560 2113 2818 2183 Χριστὸς.
2850 2117 2945 2169 καὶ
2989 2118 3253 2188 ὑπομένει
3282 2120 3556 2189 θάνατον,
3597 2122 3678 2179 ίνα
3704 2127 3733 2194 ἡ
3756 2144 3825 2177 xa-

2295 2201 2391 2255 κία
2412 2203 2506 2258 καὶ
2527 2205 2561 2274 ἡ
2585 2205 2833 2277 ἁμαρτία
2863 2209 3135 2281 νεκρωθῇ,
3161 2212 3423 2285 καθάπερ
3450 2214 3659 2279 Παῦλος
3682 2232 3828 2285 φησιν·

2296 2294 2431 2348 Ὅτι
2452 2298 2487 2350 ό
2525 2299 2785 2366 παλαιὸς
2814 2300 2983 2371 ἡμῶν
3025 2301 3339 2372 ἄνθρωπος
3386 2309 3826 2377 συνεσταυρώθη,

2294 2395 2392 2441 καὶ
2416 2389 2487 2442 τά
2515 2388 2666 2460 ὲχῆς.

2370 2498 2390 2533 ι
2426 2482 2508 2535 Τὰ
2541 2484 2746 2552 γόνατά
2777 2502 2879 2557 μου
2918 2487 3250 2558 ὴσθένησαν.
3290 2508 3310 2544 ι

2368 2573 2431 2628 Ei
2459 2576 2815 2642 κεκοπιακὼς
2844 2580 2909 2633 ὲκ
2935 2579 3038 2649 τῆς
3066 2581 3412 2653 ὁδοιπορίας,
3437 2584 3658 2657 ὦςφησι
3686 2588 3825 2642 Ίωάμ

2290 2682 2412 2737 νης,
2451 2667 2690 2740 κάθηται
2727 2671 2756 2724 ὁ
2786 2672 3044 2742 Χριστὸς,
3087 2673 3241 2729 οὐδὲν
3268 2675 3612 2747 θαυμαστὸν,
3639 2681 3720 2734 καὶ
3748 2682 3825 2734 ὑτό

2289 2760 2546 2829 νηστείας
2579 2762 2745 2817 αὑτοῦ
2779 2764 3077 2838 ἀσθενῆσαι
3101 2766 3172 2821 τά
3204 2768 3448 2836 γόνατα·
3486 2772 3565 2835 είς
3588 2772 3825 2842 βεϐαίωσιν

2290 2848 2399 2919 γάρ
2428 2852 2524 2922 τῆς
2553 2852 2758 2923 σαρκὸς
2785 2854 2855 2925 ἢν
2877 2854 3168 2929 έσαρκώθη
3202 2858 3476 2931 ὑπέμεινε
3500 2862 3662 2934 χωρὶς
3683 2863 3822 2933 ἁμαρ-

2288 2940 2414 3006 τίας
2445 2943 2518 2996 τὰ
2546 2944 2885 3017 ἀνθρώπινα.

2366 3051 2385 3085 ι
2420 3033 2592 3105 Κάγὼ
2618 3039 2893 3112 ἐγενήθην
2921 3040 3125 3109 ὄνειδος
3158 3044 3367 3108 αὐτοῖς.
3409 3063 3431 3098 ι

2361 3126 2403 3178 Τ
2408 3126 2552 3183 αὔτα
2581 3132 2649 3201 τῇ
2675 3129 2819 3198 λέξει
2844 3136 3108 3202 γεγονότα
3134 3136 3426 3201 Ματθαῖος
3448 3139 3820 3209 παραδέδωκεν

2278 3219 2344 3272 Oi
2376 3217 2445 3271 δὲ
2490 3225 3046 3293 παραπορευόμενοι
3083 3228 3536 3300 ἐϐλασφήμουν
3561 3230 3821 3295 adtonsu-

2281 3309 2533 3377 νοῦν-τες
2563 3313 2670 3379 τὰς
2698 3317 2968 3383 κεφαλὰς
2997 3318 3201 3373 αὐτῶν
3219 3358 3235 3382 ,
3265 3321 3364 3373 καί
3398 3322 3691 3391 λέγοντεθ
3707 3324 3815 3376 Οὐαί

2285 3403 2319 3454 ό
2344 3403 2665 3457 καταιύων
2708 3405 2818 3459 τὸν
2854 3410 3010 3463 ναὸν
3052 3409 3159 3463 τοῦ
3192 3410 3343 3465 Θεοῦ
3366 3452 3386 3476 ,
3437 3411 3538 3465 καί
3574 3406 3653 3465 ἐν’
3669 3412 3820 3481 τρισίν

2281 3491 2533 3560 ἡμέραις
2571 3494 2904 3565 οἰκοδομῶν
2944 3501 3169 3565 αὐτὸν,
3209 3502 3425 3557 σῶσον
3461 3508 3734 3560 σεαυτόν·
3768 3509 3816 3560 ει

2291 3582 2425 3648 mc
2449 3580 2509 3639 εἷ
2533 3585 2642 3641 τοῦ
2665 3587 2836 3652 Θεοῦ,
2860 3592 3149 3661 κατάϐηθι
3173 3594 3295 3650 ἀπὸ
3317 3595 3434 3651 τοῦ
3462 3597 3727 3667 σταυροῦ,
3745 3598 3817 3651 ira

2280 3674 2502 3746 ῑδωμεν
2522 3677 2623 3732 καί
2652 3681 3095 3753 πιστεύσωμεν.

2356 3869 2375 3904 ι
2423 3852 2701 3923 Βοήθησόν
2730 3871 2844 3927 μοι,
2866 3856 3061 3928 Κύριε,
3090 3860 3118 3912 ὀ
3142 3858 3274 3925 Θεός
3309 3877 3440 3934 μου.
3490 3881 3511 3915 ι

2366 3943 2595 3999 Ἑαυτοῦ
2661 3947 2918 4019 βοήθειαν
2964 3944 3059 4005 καὶ
3120 3955 3401 4024 σωτηρίαν
3446 3955 3547 4028 τὴν
3587 3955 3812 4026 ἡμετέραν

2277 4032 2505 4102 τίθεται,
2558 4038 2634 4101 ὡς
2662 4039 2891 4112 μεσίτης
2928 4042 3088 4112 ἡμῶν
3127 4045 3222 4098 καὶ
3258 4047 3557 4118 ἀρχιερεὺς
3601 4048 3719 4119 πρὸς
3741 4049 3811 4101 τὸν

2278 4126 2499 4199 Πατέρα
2525 4128 2816 4200 γενόμενος
2839 4147 2855 4163 ο
2879 4132 3072 4205 διόπερ
3099 4135 3266 4204 φησὶν
3291 4137 3497 4192 ἑαυτοῦ
3535 4140 3625 4193 καὶ
3650 4139 3808 4210 Κύριον

2277 4218 2375 4274 καὶ
2411 4219 2544 4273 Θεὸν
2592 4221 2685 4275 τὸν
2730 4223 2951 4294 Πατέρα
2980 4241 2997 4258 α
3026 4226 3055 4279 ὃ
3097 4229 3210 4291 τοῖς
3236 4230 3560 4298 προσώποις
3597 4233 3808 4303 ἁρμόττει

2275 4313 2388 4376 τοῖς
2413 4312 2726 4386 ἡμετέροις.
2768 4314 2943 4370 Τοῦτο
2977 4317 3037 4371 δὲ
3068 4319 3295 4390 μεσίτου
3324 4322 3425 4376 καὶ
3456 4325 3729 4394 ἀρχιερέως
3746 4325 3806 4375 οἰ-

2276 4406 2422 4458 κεῖον
2449 4406 2878 4477 ἀναλαμϐάνειν,
2910 4410 3121 4465 τούτων
3153 4413 3299 4486 ὑπὲρ
3334 4407 3415 4469 ὧν
3465 4417 3716 4490 ίερουργεί
3737 4418 3805 4470 καὶ

2204 4512 2249 4570 D
2280 4498 2561 4566 μεσιτεύει
2583 4499 2655 4553 τὰ
2674 4500 2967 4573 πρόσωπα.

2347 4605 2370 4639 ι
2402 4587 2515 4642 Καὶ
2544 4590 2841 4657 γνώτωσαν
2866 4592 3010 4665 ὁτιή
3041 4594 3168 4665 χείρ
3196 4613 3291 4650 σου
3310 4597 3478 4672 αὕτη.
3520 4619 3540 4654 ι

2344 4678 2513 4733 Ποίαν
2544 4679 2603 4733 δὲ
2631 4682 2794 4752 χεῖρα
2825 4682 3013 4752 λέγεις
3049 4685 3223 4755 Δῆλον
3278 4689 3363 4743 ὅτι
3404 4691 3508 4762 τὴν
3538 4690 3803 4761 οἰκονομίαν

2269 4767 2364 4822 τοῦ
2397 4770 2636 4842 σταυροῦ
2667 4773 2762 4825 καὶ
2793 4774 2895 4844 τῆς
2925 4777 3280 4843 ἀναστάσεως
3302 4780 3395 4835 διὰ
3421 4784 3524 4854 τῆς
3556 4784 3717 4855 χειρὸς
3736 4784 3801 4835 tv-

2265 4858 2444 4914 ταῦθα
2475 4862 2756 4931 σημαίνει.
2800 4864 3019 4937 Ἐπειδὴ
3060 4869 3172 4941 γάρ
3210 4870 3282 4924 τά
3328 4874 3545 4942 μεγάλα
3574 4875 3673 4927 τῶν
3698 4874 3800 4926 θαυ·

2273 4952 2459 5025 μάτων
2489 4952 2609 5017 ἔθος
2645 4953 2910 5011 δάκτυλον
2947 4957 3087 5012 Θεοῦ
3117 4962 3637 5034 προσαγορεύεσθαι,
3670 4963 3801 5032 ἀναγ-

2269 5045 2442 5110 καίως
2499 5042 2639 5114 πρὸς
2670 5044 2959 5117 σύγκρισιν
2977 5048 3088 5102 τῶν
3114 5050 3447 5122 εἰρημένων,
3472 5054 3647 5124 ἐπειδὴ
3676 5054 3799 5122 μέτι-

2274 5152 2398 5189 στον
2428 5135 2643 5207 ὑπῆρχε
2671 5135 2732 5190 τὸ
2760 5136 2947 5209 θαῦμα
2973 5139 3069 5194 τοῦ
3098 5143 3337 5213 σταυροῦ
3373 5146 3468 5199 καὶ
3499 5148 3593 5217 τῆς
3611 5143 3797 5200 ἀναστά-

2272 5244 2431 5292 σεως,
2486 5230 2647 5301 χεῖρα
2694 5229 2867 5300 αὐτὴν
2896 5232 3073 5288 καλεῖ.
3126 5236 3192 5289 ’0
3224 5235 3290 5308 δὴ
3349 5241 3443 5292 καὶ
3476 5239 3665 5307 γνῶναι
3699 5238 3795 5297 τοὺς

2268 5316 2594 5390 ἀνθρώπους
2616 5317 2892 5390 βούλεται,
2927 5324 3023 5377 καὶ
3055 5325 3137 5380 ὃτι
3198 5329 3372 5399 αὐτὴν
3406 5330 3648 5401 ἐποίησε’
3676 5344 3795 5381 τουτ-

2269 5408 2607 5476 έστιν,αὺτοῦ
2628 5410 2822 5484 γνώμῃ
2850 5414 2946 5467 καὶ
2969 5414 3189 5489 εὐδοκία
3220 5418 3557 5489 πέπρακται,
3587 5421 3661 5473 ἵνα
3681 5433 3789 5486 συμ-

2268 5499 2475 5567 φωνίαν
2508 5500 2723 5570 Πατρὸς
2758 5503 2853 5554 καὶ
2888 5503 3020 5557 Υίοῦ
3074 5505 3360 5576 μαθόντες,
3386 5509 3447 5563 τὸ
3484 5510 3574 5587 τῆς
3604 5508 3789 5576 θειιγνιιιλ⁹

2272 5592 2395 5657 σίας
2426 5591 2768 5647 παιδευθῶσι
2801 5597 3120 5668 μυστήριον.

640 5767 662 5799 τ
688 5765 845 5823 Boni].
897 5783 969 5834 vn,
995 5768 1048 5824 θ.
1125 5768 1324 5825 'Joan.
1368 5787 1442 5835 Iv,
1482 5772 1534 5828 6.
1609 5772 1631 5803 '
1662 5771 1928 5842 Hehr.1v,
1962 5773 2045 5831 l5.
2127 5774 2169 5805 ¹⁰
2194 5771 2388 5829 Matth.
2420 5792 2589 5844 xxv",
2615 5779 2705 5834 59.
