4032 6410
196 435 331 502 1321

273 574 291 605 ι
327 548 748 623 Καταράσονται
769 545 944 601 αὐτοί.
968 563 985 596 ι

269 646 535 715 Κατάραν
581 639 820 697 ἐνταῦθα
871 639 964 693 τὸν
1014 638 1248 708 σταυρόν
1275 636 1466 690 καλεῖ·
1504 636 1695 706 ἐπειδὴ
1725 636 1785 689 ἐν

193 740 276 812 τῷ
301 740 454 810 νόμῳ
491 735 886 807 γεγραμμένον
933 727 1002 804 ἦν
1024 748 1039 764 ο
1084 729 1551 800 Ἐπικατάρατος
1596 727 1718 794 πᾶς
1752 730 1786 782 ὀ

192 830 578 902 κρεμάμενος
624 827 725 882 ἐπὶ
770 826 987 891 ξύλου.
1016 825 1216 895 Διόπερ
1244 821 1408 879 αὐτὸν
1449 822 1572 877 ούδέ
1608 820 1787 884 ἄλλως

194 923 581 995 ἀναιρεθῆναι,
610 919 748 975 ἀλλά
797 918 887 972 διά
919 916 1014 971 τοῦ
1046 915 1282 988 σταυροῦ
1317 915 1610 987 ἐζήτησαν,
1635 912 1790 985 ὑϐρί-

197 1035 293 1072 σαι
326 1019 392 1089 τῇ
417 1015 636 1086 κατάρᾳ⁸
661 1015 730 1085 τῇ
770 1011 1137 1086 γεγραμμένῃ
1166 1012 1224 1063 ἐν
1247 1008 1325 1081 τῷ
1348 1007 1502 1079 νόμῳ
1529 1007 1787 1079 βουλόμεσ-

194 1124 311 1163 νοι·
343 1108 461 1162 ἀλλ’
490 1108 640 1177 ὅμως
666 1106 696 1158 6
725 1104 913 1175 Πατὴρ
943 1103 1078 1157 αὐτὸ
1109 1103 1190 1166 εἰς
1228 1099 1482 1169 εὐλογίαν
1507 1097 1784 1166 ἐξέλαϐεν.

196 1202 336 1256 οὐδὲ
362 1201 473 1271 γάρ
494 1198 670 1261 ἄλλως
699 1199 749 1251 εἰ
775 1197 850 1269 μὴ
881 1195 973 1249 διὰ
998 1193 1233 1266 σταυροῦ
1262 1194 1519 1264 ἀνέχεται
1548 1206 1789 1263 προσκυ-

194 1293 435 1355 νεῖσθαι,
464 1292 498 1363 ἢ
532 1291 671 1354 ὅλως
702 1287 1078 1344 πιστεύεσθαι.

276 1407 296 1441 ι
328 1388 392 1440 Oi
423 1380 853 1455 ἐπανιστάμενοι
886 1398 978 1453 μοι
1009 1378 1491 1453 αἰσχυνθήτωσαν.
1522 1398 1542 1433 ι

270 1477 757 1550 Δίσχυνθήτωσαν,
793 1474 981 1546 φησὶν,
1012 1476 1060 1527 οἰ
1120 1472 1382 1533 Ἰουδαῖοι.
1416 1473 1507 1526 τὸν
1531 1472 1664 1544 παρ’
1691 1470 1791 1526 αὐ-

193 1573 311 1626 τῶν
338 1569 725 1639 σταυρωθέντα
757 1569 911 1639 παρά
934 1567 1153 1621 πάντων
1183 1565 1419 1638 ὁρῶντες
1450 1564 1790 1637 προσκυνού-

196 1680 391 1733 μενον.
430 1661 605 1724 Atho;
631 1659 691 1713 δὲ
718 1659 782 1713 οὐ
816 1656 1074 1712 τοσοῦτον
1097 1656 1187 1711 διά
1223 1655 1327 1728 τὴν
1357 1656 1469 1710 τῶν
1517 1654 1790 1709 Ἰουδαίων

192 1756 489 1828 αἰσχύνην,
539 1754 666 1808 ὅσον
708 1751 799 1806 διά
853 1750 956 1822 τὴν
1004 1747 1280 1822 σωτηρίαν
1312 1747 1413 1817 τῆς
1457 1746 1789 1818 οἰκουμένης

192 1851 577 1921 εὐφραίνεται.

1340 424 1806 489 FRAGMENTA
1840 424 1923 484 ΙΝ
1971 424 2104 485 PSA
2113 426 2333 488 LMOS.

1817 546 1858 601 A
1959 539 2124 598 Vsus.
2156 543 2248 598 28.
2289 563 2307 596 ι
2346 542 2670 599 Maledicent
2706 546 2801 600 illi.
2844 565 2861 598 ι

3338 432 3471 498 1322

1962 631 2309 690 Maledictum
2342 636 2445 691 hoc
2475 638 2595 694 loco
2626 638 2866 709 appellat
2924 654 3181 707 crucem;
3222 644 3473 712 quando-

1887 728 2108 799 quidem
2143 730 2197 784 in
2230 732 2347 802 lege
2377 735 2643 805 scriptum
2697 744 2818 790 erat
2870 752 2885 791 :
2939 735 3252 792 Maledicta:
3304 740 3474 794 omnis

1887 822 1977 892 qui
2006 824 2194 892 pendet
2238 826 2294 878 in
2348 826 2491 897 ligno
2523 827 2589 883 “.
2652 828 2861 884 Idcirco
2902 828 3083 899 ipsum
3142 845 3254 886 non
3311 831 3475 888 aliter

1888 928 2051 982 quam
2084 929 2183 984 per
2208 914 2414 986 lignum
2448 918 2769 973 interimere
2796 921 3138 990 quaerebant,
3175 921 3473 977 maledicto

1890 1005 1947 1061 in
1977 1007 2095 1079 lege
2118 1010 2325 1079 scripto
2356 1009 2534 1080 ipsum
2583 1010 2801 1067 allicere
2840 1013 3129 1069 volentes:
3188 1024 3474 1071 verumtae

1887 1115 2014 1156 men
2044 1099 2204 1158 Pater
2243 1101 2375 1158 illud
2407 1102 2464 1158 in
2491 1104 2936 1160 benedictionem
2963 1106 3255 1162 ordinavit.
3283 1106 3473 1178 Neque

1888 1193 2036 1249 enim
2068 1194 2227 1250 aliter
2252 1211 2416 1265 quam
2472 1214 2573 1268 per
2601 1213 2821 1254 crucem
2863 1200 3102 1257 sustinet
3130 1201 3369 1269 adorari,
3387 1201 3475 1257 vel

1889 1286 2117 1342 omnino
2143 1288 2316 1343 credi.

1965 1394 1984 1428 ι
2018 1375 2122 1444 Qui
2184 1378 2475 1452 insurgunt
2532 1383 2797 1440 adversus
2857 1400 2953 1443 me
2972 1386 3399 1444 confundantur.
3448 1406 3468 1440 ι

1941 1455 2843 1546 ¹(Ξοῐιίιιῐιιίειιιιιιιι,ἱιιψιίιμίιιόωί,
2894 1494 3022 1534 eum
3076 1482 3169 1551 qui
3211 1481 3279 1536 ab
3340 1482 3475 1552 ipsis

1889 1565 2182 1622 cruciﬁxus
2213 1565 2391 1621 fuerat
2422 1569 2491 1623 ab
2521 1570 2781 1625 omnibus
2813 1571 3103 1627 adoratum
3151 1582 3469 1629 cernentes.

1892 1657 2015 1728 Ipse
2046 1665 2230 1712 autem
2260 1673 2373 1712 non
2400 1669 2611 1714 tantum
2647 1673 2873 1732 propter
2902 1660 3216 1719 Judzeorum
3274 1665 3472 1720 conlu-

1891 1748 2125 1816 sionem,
2186 1759 2452 1820 quantum
2509 1752 2581 1807 ob
2630 1754 2799 1809 totius
2828 1755 2979 1811 orbis
3030 1756 3260 1811 salutem
3318 1758 3473 1813 laeta-

1891 1851 1948 1896 ῑυ
1955 1858 2001 1898 1⁵.

277 1908 786 1996 ιιἚνδυσάσθωσαν
814 1938 863 1991 οἱ
890 1933 1330 1998 ἐνδιαϐάλλοντές
1365 1948 1434 2005 με
1456 1932 1780 2006 ἐντροπὴν.»

1964 1927 2128 1988 Vens.
2159 1932 2250 1989 29.
2295 1950 2315 1985 ι
2351 1933 2657 1991 Induantur
2701 1936 2794 2007 qui
2823 1937 3123 1995 detrahunt
3185 1940 3322 1995 mihi
3368 1957 3475 2013 pu-

281 2122 583 2196 Ἐντροπὴν
615 2122 768 2191 λέγει
796 2120 908 2174 τῶν
949 2116 1223 2173 Ἰουδαίων
1255 2115 1365 2170 τῶν
1385 2114 1793 2179 διαόαλλόντων

193 2219 296 2273 καί
338 2214 812 2290 βλασφημούντων
847 2214 939 2268 τὸν
968 2211 1227 2284 Χριστὸν,
1266 2211 1346 2264 ὅτι
1378 2209 1471 2263 τὸν
1502 2209 1561 2276 ἐξ
1612 2208 1793 2263 αὐτῶν

195 2312 335 2367 ὄντα
368 2311 512 2367 κατά
539 2311 742 2381 σάρκα,
775 2309 873 2362 καὶ
911 2309 1086 2361 σῶσαι
1110 2304 1311 2369 αὐτοὺς
1341 2302 1566 2357 ἐλθόντα
1600 2300 1794 2357 έσταύυ

199 2423 410 2478 ρωσαν.
444 2403 588 2458 Ἀλλ’
619 2404 771 2475 ὅμως
799 2400 1008 2469 ταύτην
1032 2400 1134 2471 τὴν
1160 2397 1431 2469 ἐντροπὴν
1474 2396 1790 2452 ἐνδύονται·

195 2498 325 2553 οὐδὲ
368 2494 481 2569 γάρ
526 2494 822 2568 ἀρνοῦνται
862 2493 925 2546 τὸ
971 2489 1219 2561 γεγονὸς,
1255 2488 1391 2543 ἀλλά
1447 2488 1544 2542 καὶ
1586 2485 1793 2557 σφόδρα

196 2588 535 2644 οἰκιιοῦνται
557 2585 654 2641 τοῦ
682 2584 921 2657 σταυροῦ
944 2583 1005 2637 τὸ
1024 2582 1307 2655 τόλμημα.
1341 2581 1455 2653 Τὴν
1481 2580 1615 2650 γοῦν
1639 2581 1793 2650 εἰρη-

200 2684 378 2756 μένην
403 2682 671 2752 αἰσχύνην
695 2679 771 2741 rb;
796 2676 1048 2733 διπλοΐδα
1072 2674 1499 2748 περιϐάλλονται
1524 2690 1539 2707 ο
1567 2675 1661 2729 ἐπὶ
1684 2672 1794 2744 γὰρ

193 2775 280 2847 τῷ
308 2774 617 2845 τολμήματι
654 2770 751 2825 τοῦ
783 2768 1044 2841 σταυροῦ,
1077 2768 1216 2839 ὅπερ
1247 2765 1463 2839 ἱμάτιον
1505 2765 1792 2836 κέκληται,

194 2868 497 2940 ἀρνοῦνται
529 2866 624 2920 τὸν
655 2864 745 2919 διὰ
789 2862 891 2933 τῆς
923 2860 1136 2929 οἰκείας
1167 2861 1439 2931 ἐγέρσεως
1478 2856 1578 2930 τὴν
1619 2859 1795 2910 οἰκου-

200 2962 377 3031 μένην
398 2960 714 3030 ἐγείραντα.
748 2954 920 3008 Τοῦτο
950 2954 1007 3008 δὲ
1030 2953 1217 3016 αὐτοῖς
1239 2952 1315 3016 ὠς
1344 2949 1578 3021 αἰσχύνη
1631 2947 1793 3018 διπλῆ

195 3052 473 3115 διπλοΐδος
507 3051 693 3113 αὐτοῖς
722 3046 952 3109 εἰκότως
980 3061 1046 3099 πε
1055 3043 1328 3116 ρι6όλαιον
1360 3042 1596 3112 γίνεται.

280 3164 302 3199 ι
339 3143 841 3216 Ἐξομολογήσομαι
879 3136 959 3209 τῷ
1010 3136 1202 3209 Κυρίῳ
1229 3135 1438 3208 σφόδρα
1483 3136 1544 3189 ἐν
1574 3132 1653 3205 τῷ
1677 3131 1797 3186 στό-

200 3237 583 3401 μαὲὶόῗιοέτέῦ
608 3324 909 3399 Χριστοῦή
953 3306 1288 3395 Ἐκκλησία·
1325 3320 1518 3393 ἐπειδὴ
1555 3321 1653 3375 και
1690 3321 1790 3376 αὐ-

194 3425 296 3489 τὸς
328 3424 496 3495 αὐτῆς
518 3421 730 3493 κεφαλὴ
757 3416 1071 3489 ἀναγκαίως
1099 3416 1409 3489 καθέστηκε
1428 3432 1443 3447 ⁶
1461 3415 1554 3471 διά
1583 3415 1792 3490 ταύτης

194 3515 390 3570 τοίνυν
446 3509 952 3586 ἐξομολογήσασθαι
1002 3507 1083 3580 τῷ
1140 3508 1320 3580 Πατρί
1365 3506 1788 3578 ἐπαγγέλλεται.

196 3605 378 3661 Τοῦτο
399 3606 510 3677 γάρ
529 3606 611 3668 εἰς
648 3603 952 3674 σαφήνειαν
984 3600 1237 3671 ἐπήγαγε
1270 3599 1333 3652 τὸ
1358 3599 1647 3671 ἑπόμενον.

280 3715 302 3750 ι
340 3696 430 3749 Ἑν
460 3695 613 3766 μέσῳ
638 3692 853 3747 πολλῶν
883 3692 1084 3748 αἰνέσω
1115 3688 1304 3745 αὐτόν.
1332 3706 1353 3742 ι

273 3788 487 3843 οὐκοῦν
514 3788 615 3859 τὴν
652 3786 931 3858 ἡμετέραν
981 3783 1315 3853 δοξολογίαν,
1359 3782 1569 3837 οἰκείαν
1600 3781 1793 3854 ἐξομο-

195 3881 454 3953 λόγησιν,
519 3880 799 3934 τουτέστιν
849 3875 1225 3949 εὐχαριστίαν,
1279 3874 1599 3944 ἀναγκαίως
1650 3875 1792 3930 κατά

197 3972 367 4042 λόγον
391 3971 467 4035 ὼς
505 3969 712 4041 ποιμὴν
743 3968 1003 4040 ποίμνης,
1034 3965 1130 4021 καὶ
1168 3965 1244 4029 ὡς
1275 3964 1501 4037 ἀπαρχὴ
1532 3965 1792 4037 φυράμα-

199 4083 299 4130 τος
328 4063 561 4119 τίθεται.

281 4175 303 4211 ι
331 4158 457 4211 Ὅτι
490 4157 737 4229 παρέστη
766 4156 831 4208 ἐκ
858 4152 1047 4220 δεξιῶν
1076 4152 1331 4223 πένητος.
1358 4169 1377 4202 ι

290 4249 383 4305 Ἐν
414 4249 525 4322 γὰρ
576 4251 690 4314 τοῖς
737 4246 1016 4311 Ἰουδαίοις
1061 4245 1227 4300 αὐτὸν
1278 4243 1368 4298 διὰ
1414 4243 1515 4316 τὴν
1563 4243 1790 4299 ἐκείνων

201 4344 470 4399 ἀπιστίαν
516 4342 821 4413 πενόμενον
884 4340 1138 4394 πλουτεῖν
1193 4337 1499 4409 πεποίηκεν
1571 4340 1630 4391 ἐν
1678 4338 1792 4401 τοῖς

199 4437 438 4503 ἔθνεσιν,
486 4436 553 4489 ἐκ
591 4434 784 4500 δεξιῶν
836 4432 1004 4489 αὑτοῦ
1061 4432 1388 4505 παραστᾶς’
1420 4431 1558 4500 ὅπερ
1586 4430 1653 4483 σὺ
1690 4428 1791 4498 μέν

200 4531 383 4594 δοκεῖς
412 4523 556 4583 εἶναι
606 4526 884 4593 ταπεινὸν,
929 4525 1047 4579 ἐστι
1082 4524 1141 4577 δέ
1191 4522 1399 4593 σφόδρα
1439 4521 1664 4593 ὑψηλὸν,
1694 4521 1791 4575 καὶ

1892 2022 2045 2079 dore.
2088 2042 2106 2077 ι

1966 2118 2236 2175 Pudorem
2262 2121 2335 2176 ait
2363 2121 2679 2179 Judmorum
2706 2125 3111 2184 detrahentium
3139 2138 3195 2185 et
3246 2131 3476 2187 maledi-

1894 2208 2133 2263 centium
2162 2211 2403 2277 Christo,
2423 2215 2570 2284 quod
2602 2215 2864 2271 nimirum
2910 2218 3086 2289 ipsum
3113 2221 3262 2276 cruci
3284 2222 3475 2277 allixe-

1894 2300 2025 2363 rint,
2048 2301 2139 2370 qui
2172 2319 2237 2356 ex
2265 2303 2373 2358 illis
2403 2314 2520 2360 erat
2551 2308 2856 2363 secundum
2888 2325 3132 2377 carnem,
3166 2314 3302 2369 etad
3326 2314 3475 2385 ipsos

1895 2394 2193 2449 servandos
2231 2395 2552 2453 advenerat.
2584 2397 2975 2458 Verumtamen
3023 2404 3171 2460 hunc
3206 2408 3476 2477 pudorem

1895 2483 2162 2553 induunt;
2194 2503 2302 2543 non
2320 2490 2468 2546 enim
2500 2491 2704 2548 factum
2729 2506 2948 2566 negant,
2985 2498 3081 2553 sed
3117 2501 3302 2555 crucis
3340 2501 3473 2557 faci-

1896 2588 2002 2632 nus
2030 2577 2132 2633 sibi
2156 2582 2438 2650 proprium
2474 2584 2780 2641 vindicant.
2808 2588 3025 2644 Dictum
3087 2590 3272 2663 itaque
3299 2596 3477 2665 pudo-

1896 2684 2013 2725 rem
2046 2679 2303 2742 tanquam
2328 2675 2625 2746 diploidem
2665 2679 2903 2735 induunt
2941 2697 3106 2738 :nam
3136 2700 3301 2756 supra
3336 2688 3475 2743 faci-

1894 2781 2002 2821 nus
2028 2768 2230 2835 erucis,
2253 2771 2399 2839 quod
2431 2774 2599 2828 vestis
2662 2786 3035 2846 nuncupatur,
3062 2789 3262 2851 negant
3324 2782 3477 2837 illum

1894 2872 1993 2926 per
2025 2859 2304 2929 propriam
2367 2862 2825 2919 resurrectionem
2910 2867 3228 2925 universum
3283 2873 3477 2928 orbem

1896 2949 2187 3008 excitasse.
2221 2951 2336 3007 Hoc
2359 2962 2541 3009 autem
2597 2964 2859 3026 tanquam
2880 2958 3080 3030 duplex
3137 2963 3313 3032 pudor
3354 2965 3479 3035 jure

1896 3045 2094 3100 merito
2116 3045 2248 3116 ipsis
2277 3047 2535 3117 diploidis
2561 3049 2947 3106 indumentum
2978 3054 3215 3112 exsistit.

1970 3135 2135 3191 Vens.
2192 3138 2282 3194 '50.
2319 3156 2338 3190 ι
2393 3138 2714 3196 Conﬁtebor
2782 3144 3013 3200 Domino
3062 3147 3227 3203 nimis
3287 3149 3343 3205 in
3386 3166 3480 3206 ore

1819 3249 1870 3314 c
1898 3243 2042 3284 meo.
2076 3247 2095 3282 ι

1964 3320 2039 3378 Os
2059 3323 2263 3380 Christi
2287 3335 2371 3381 est
2402 3325 2675 3393 Ecclesia;
2721 3330 3165 3402 quandoquidem
3200 3334 3317 3406 ipse
3347 3352 3483 3405 quo-

1896 3430 2005 3486 que
2034 3419 2350 3475 necessario
2375 3420 2496 3491 ejus
2517 3431 2682 3494 caput
2711 3425 3052 3481 constitutus
3067 3435 3153 3482 est
3185 3444 3197 3481 :
3230 3443 3325 3499 per
3338 3430 3479 3487 hanc

1899 3508 2064 3580 igitur
2084 3509 2230 3567 Patri
2258 3512 2504 3569 conﬁteri
2531 3516 2877 3585 perhibetur.
2921 3518 3036 3575 Hoc
3064 3521 3213 3577 enim
3248 3523 3302 3579 id
3332 3523 3478 3594 quod

1897 3603 2144 3673 sequitur
2171 3604 2489 3662 declaravit.

1977 3711 1997 3746 ι
2036 3693 2098 3748 In
2120 3696 2303 3751 medio
2324 3698 2620 3753 multorum
2649 3699 2885 3759 laudabo
2914 3718 3062 3759 eum.
3096 3725 3116 3759 ι

1968 3784 2221 3843 Nostram
2240 3788 2407 3860 igitur
2430 3790 2902 3867 gloriﬁcationem,
2934 3797 3213 3868 propriam
3258 3800 3485 3858 confes.

1898 3880 2131 3945 sionem,
2161 3882 2213 3936 id
2236 3892 2323 3937 est
2342 3883 2636 3954 gratiarum
2656 3886 2950 3955 actionem,
2978 3890 3136 3961 juxta
3165 3907 3479 3950 sermonem

1899 3972 2047 4027 hunc
2066 3975 2380 4031 necessario
2408 3977 2566 4047 ponit
2618 3986 2880 4051 tanquam
2921 3993 3109 4054 pastor
3160 3986 3362 4059 gregis,
3427 3996 3482 4043 et

1898 4072 2156 4134 tanquam
2182 4066 2439 4135 primitiae
2470 4072 2898 4141 conspersionis.

1974 4153 2131 4211 Vens.
2159 4156 2249 4211 51.
2273 4175 2292 4207 ι
2330 4156 2466 4223 Quia
2504 4160 2676 4215 astitit
2703 4177 2733 4216 a
2764 4162 2971 4219 dextris
2996 4168 3273 4236 pauperis.
3300 4187 3319 4220 ι

1971 4246 2153 4319 Ipsum
2175 4250 2325 4304 enim
2348 4251 2492 4307 inter
2517 4251 2740 4309 Judaaos
2791 4256 2865 4311 ob
2892 4256 3109 4313 illorum
3132 4260 3481 4318 incredulita-

1901 4351 2009 4397 tem
2034 4341 2263 4413 penuria
2287 4343 2623 4400 laborantem
2645 4345 2924 4403 abundare
2945 4347 3072 4404 fecit
3092 4350 3235 4406 inter
3265 4363 3479 4424 gentes,

1898 4448 1930 4489 a
1955 4434 2162 4489 dextris
2194 4435 2367 4505 ipsius
2402 4437 2667 4492 assistens
2701 4454 2715 4491 :
2751 4439 2895 4508 quod
2924 4448 2979 4493 tu
3013 4441 3234 4510 quidem
3273 4445 3480 4501 humile

1899 4541 2023 4583 esse
2047 4527 2354 4595 arbitraris,
2387 4530 2484 4585 sed
2520 4540 2606 4585 est
2649 4531 2809 4586 valde
2864 4531 3116 4599 sublime,
3172 4544 3228 4590 et
3248 4536 3317 4591 de
3363 4537 3480 4592 solo

201 4624 339 4696 περί
366 4622 528 4694 μόνου
564 4619 697 4674 Υἰοῦ
738 4620 815 4684 ὡς
866 4617 1004 4672 Θεοῦ
1034 4617 1132 4672 καὶ
1176 4614 1468 4687 ὁμοουσίου
1495 4614 1789 4685 δυνάμενον

1899 4618 2037 4673 Filio
2068 4627 2329 4689 tanquam
2362 4621 2473 4675 Deo
2512 4628 2568 4675 et
2610 4622 3061 4677 consubstantiali
3111 4625 3219 4679 dici
3274 4636 3477 4697 potest.

202 4714 488 4785 λέγεσθαι.
515 4714 732 4784 Ὠσπερ
764 4710 875 4783 γάρ
907 4710 1036 4774 Υἰὺς
1062 4709 1124 4763 οὐ
1170 4708 1332 4779 μόνον
1361 4708 1426 4761 ἐκ
1449 4705 1641 4771 δεξιῶν
1663 4706 1794 4760 κάθο

202 4824 338 4880 ηται
383 4806 483 4861 τοῦ
532 4805 773 4878 Πατρός,
822 4802 958 4858 ἀλλά
1006 4803 1103 4856 καὶ⁸
1154 4801 1218 4854 ἐκ
1281 4798 1473 4865 δεξιῶν
1546 4800 1783 4853 ἵσταται.

198 4900 366 4972 (φησί
386 4897 497 4970 γάρ
518 4898 548 4952 6
575 4897 867 4967 Στέφανος·
911 4892 1060 4950 Ἰδοὺ
1092 4889 1288 4961 θεωρῶ
1322 4890 1464 4957 τοὺς
1489 4889 1789 4958 οὐρανοὺς

194 4989 641 5061 ἀνεῳγμένους,
665 4988 766 5043 καί
810 4987 1045 5057 Ἰησοῦν
1082 4984 1315 5041 ἑστῶτα
1340 4984 1409 5037 ἐκ
1436 4981 1653 5047 δεξιῶν
1674 4980 1788 5049 τῆς

194 5082 558 5154 ὅυνὰμεως)·
594 5080 742 5136 οὕτω
767 5081 863 5135 καὶ
905 5082 935 5134 6
994 5077 1187 5149 Πατὴρ
1216 5078 1283 5130 ἐκ
1316 5074 1505 5142 δεξιῶν
1534 5074 1789 5129 ἵστασθαι

195 5175 423 5245 λέγεται
452 5175 549 5229 τοῦ
598 5173 753 5239 Υἰοῦ,
788 5162 875 5229 ἵνα
926 5171 1059 5245 μίαν
1103 5173 1263 5242 ἡμεῖς
1315 5167 1474 5233 ἀξίαν
1525 5165 1661 5221 Υἰοῦ
1692 5166 1788 5220 καὶ

193 5267 415 5341 Πατρός
440 5267 722 5341 μάθωμεν.

766 5360 1063 5413 ΨΑΛΜΟΣ
1100 5356 1223 5413 PG’.

275 5472 296 5507 ι
320 5449 492 5507 Εἰπεν
519 5454 549 5508 6
580 5450 786 5524 Κύριος
814 5452 893 5522 τῷ
926 5453 1117 5523 Κυρίῳ
1151 5469 1274 5523 μου.
1303 5471 1320 5504 ι

271 5544 393 5599 Ἵνα
430 5544 616 5616 δειχθῇ
657 5543 753 5598 τοῦ
782 5543 996 5618 Πατρδς
1024 5545 1119 5597 καὶ
1148 5542 1242 5597 τοῦ
1275 5541 1406 5596 Υἰοῦ
1440 5540 1501 5595 τὸ
1528 5543 1587 5595 ἐν
1618 5540 1782 5592 πᾶσιν

191 5636 483 5709 ὁμότιμον,
512 5636 610 5691 καί⁵
653 5637 737 5691 ὅτι
773 5637 874 5691 οὐκ
902 5636 1067 5700 αὐτὸς
1099 5636 1279 5707 ἐαυτῷ
1303 5637 1333 5690 6
1362 5636 1493 5699 Υίὸς
1540 5632 1784 5704 ἁρπάζει

196 5729 483 5803 βασιλείας
524 5729 559 5802 ἢ
596 5732 851 5796 θεότητος
903 5728 1059 5794 ἀξίαν
1097 5729 1199 5800 (διό
1244 5744 1411 5799 φησιν
1460 5730 1490 5781 ό
1544 5724 1776 5790 Παῦλος,

268 5912 312 5945 ⁸⁸
334 5908 494 5969 Deut.
520 5924 632 5975 xxi,
654 5907 745 5964 23.

520 6006 794 6068 PATROL.
836 6006 955 6065 Gn.
998 6001 1180 6064 XCIII

1898 4709 2369 4778 Quemadmodum
2390 4712 2536 4768 enim
2582 4712 2754 4770 Filius
2778 4731 2889 4771 non
2912 4717 3086 4772 solum
3110 4719 3266 4774 sedet
3287 4736 3317 4775 a
3344 4722 3480 4775 dex-

1903 4801 2001 4857 tris
2032 4802 2230 4869 Patris,
2252 4820 2445 4860 verum
2467 4794 2634 4861 etiam
2659 4822 2691 4861 a
2731 4806 2937 4863 dextris
3007 4818 3137 4865 stat.
3168 4811 3261 4866 Ait
3329 4813 3476 4871 enim

1898 4891 2259 4963 Stephanus:
2315 4895 2450 4950 Ecce
2509 4899 2657 4952 video
2711 4898 2863 4953 εωίοδ
2931 4909 3161 4970 apertos,
3192 4910 3241 4956 et
3293 4900 3478 4959 Iesum

1896 4993 2130 5039 stantem
2158 5003 2190 5039 a
2219 4987 2418 5040 dextris
2446 4989 2678 5045 virtutis.
2708 4988 2801 5046 Sic
2832 4991 2996 5047 etiam
3016 4992 3183 5056 Pater
3205 5012 3235 5050 a
3265 4997 3477 5052 dextris

1897 5076 2018 5132 Filii
2041 5091 2188 5133 stare
2214 5080 2437 5143 dicitur,
2462 5090 2522 5136 ut
2549 5098 2651 5138 nos
2686 5084 2965 5141 discamus
3010 5103 3177 5144 unam
3204 5091 3471 5147 eamdem-

1898 5184 2006 5239 que
2029 5184 2152 5226 esse
2182 5168 2360 5227 Patris
2412 5170 2647 5244 Filiique
2676 5176 3023 5249 dignitatem.

2446 5356 2767 5417 PSALMUS
2804 5361 2941 5419 CIX.

1973 5442 2135 5501 Vens.
2166 5448 2218 5503 1.
2249 5469 2267 5502 ι
2303 5450 2444 5506 Dixit
2473 5451 2736 5508 Dominus
2766 5453 2998 5512 Domino
3020 5473 3165 5513 meo.
3206 5476 3226 5510 ι

1967 5535 2041 5591 Ut
2067 5538 2244 5595 Patris
2282 5541 2513 5613 Filiique
2538 5545 2593 5598 in
2618 5547 2873 5603 omnibus
2909 5551 3191 5619 aequalitas
3220 5551 3475 5607 ostende-

1894 5637 2066 5695 retur,
2086 5640 2143 5686 et
2171 5643 2233 5688 ut
2262 5651 2372 5690 non
2405 5636 2521 5707 ipse
2552 5638 2656 5693 sibi
2690 5639 2795 5710 ipsi
2823 5640 2994 5697 Filius
3026 5644 3176 5714 regni
3210 5652 3304 5697 aut
3333 5644 3477 5699 divi-

1894 5719 2081 5777 nitatis
2108 5725 2285 5796 rapiat
2318 5728 2637 5800 dignitatem
2693 5732 2941 5804 (propter
2977 5736 3123 5804 quod
3151 5733 3354 5791 Paulus
3376 5734 3474 5792 ait:

3044 6009 3120 6072 42
