3962 6410
561 418 697 485 1323

1749 420 2113 482 HESYCHII
2164 420 2645 483 PRESBYTER]

3705 414 3825 479 1324

554 533 677 591 Non
699 532 947 602 rapinam
976 532 1269 586 arbitratus
1298 540 1372 587 est
1400 545 1509 586 esse
1538 546 1594 585 se
1618 530 1879 602 (aqualem
1917 532 2027 587 Deo
2046 533 2137 602 “),

2258 534 2373 601 Οὐχ
2407 532 2726 602 ἁρπαγμὸν
2752 529 3029 609 ἡγήσατο
3069 530 3136 583 τὸ
3167 525 3323 584 εἶναι
3355 530 3462 582 ῑσα
3506 527 3689 598 Θεῷ)ο
3724 531 3826 583 an:

552 626 650 683 sed
667 624 843 681 Patris
872 624 940 679 de
983 623 1106 678 Filii
1144 622 1411 695 dignitate
1463 622 1754 694 gaudentis
1792 624 2141 694 bcneplacito

553 719 763 790 aequale
835 732 961 773 cum
1018 717 1181 773 Patre
1246 732 1475 789 regnum
1540 717 1805 772 obtineat.
1870 717 2141 773 Caeterum

554 829 680 870 cum
711 812 918 868 istuda
983 811 1182 866 dextris
1238 816 1469 881 prapter
1519 810 1648 880 ‘ejus
1709 810 1777 866 ad
1845 826 1949 866 nos
2009 825 2143 864 con-

556 903 972 961 descensionem
1031 900 1246 956 dicatur
1286 901 1436 970 (nam
1495 900 1543 955 si
1598 900 1744 955 Deus
1790 900 1981 955 dextra
2045 900 2144 955 ha-

555 997 731 1061 beret,
774 994 1003 1048 haberet
1031 1002 1086 1048 et
1116 992 1407 1064 sinistra);
1438 993 1559 1048 haec
1590 1003 1773 1047 autem
1822 993 1891 1049 de
1945 992 2144 1048 indivi-

557 1089 668 1145 duo
707 1097 763 1143 et
804 1086 1136 1159 inﬁgurabili
1187 1086 1482 1156 omniaque
1538 1086 1783 1157 replente
1832 1095 2142 1157 opportune

557 1183 665 1239 dici
687 1189 999 1252 nequeant;
1024 1182 1279 1236 dicantur
1325 1189 1530 1244 autem,
1560 1179 1689 1249 quia
1718 1194 1819 1235 nos
1850 1178 2018 1235 modo
2044 1178 2143 1234 ali-

557 1287 641 1334 ter
669 1277 737 1333 de
775 1276 959 1331 Patris
991 1274 1223 1346 Filiiquc
1246 1274 1417 1347 gloria
1446 1273 1656 1329 erudiri
1688 1273 1922 1328 minime
1942 1288 2143 1344 possu-

557 1387 700 1437 mus,
732 1369 1047 1426 necessario
1073 1368 1327 1439 adjunxit
1358 1384 1373 1422 :
1414 1366 1594 1422 Donec
1650 1383 1847 1438 ponam
1905 1367 2148 1421 inimicos

558 1473 674 1523 tuos
688 1460 970 1516 scabellum
1000 1460 1191 1529 pedum
1222 1467 1456 1513 tuorum.
1476 1458 1536 1513 Id
1566 1466 1670 1525 est,
1699 1458 1889 1513 Donec
1907 1472 2149 1528 praesens

558 1555 675 1610 haec
705 1554 814 1608 vita
839 1552 1005 1607 fuerit
1033 1563 1439 1607 consummata.
1463 1549 1601 1606 Nam
1642 1551 1701 1606 in
1723 1550 1983 1621 praesenti
2034 1550 2148 1606 vita

557 1655 613 1701 et
638 1645 798 1701 Pater
823 1644 1046 1717 subjicit
1074 1643 1235 1708 Filio,
1270 1652 1325 1700 et
1355 1643 1530 1700 Filius
1571 1643 1800 1715 subjicit
1852 1642 2002 1698 Patri
2052 1643 2152 1698 hu-

557 1739 897 1793 manitatem.
932 1736 1067 1792 Cum
1100 1744 1285 1791 autem
1316 1749 1561 1805 praesens
1593 1734 1697 1792 hoc
1725 1734 1991 1791 saeculum
2022 1734 2149 1790 fue-

559 1830 631 1885 rit
661 1829 1035 1893 terminatum,
1068 1836 1124 1883 et
1158 1826 1305 1882 Deus
1341 1826 1397 1881 in
1426 1827 1687 1883 omnibus
1719 1826 2148 1898 proﬁcientibus

2243 624 2593 688 εὐδοκοῦντος
2624 623 2723 678 τοῦ
2769 624 2983 694 [ἰατρὸς
3023 624 3117 676 καὶ
3147 623 3433 694 χαίροντος
3480 626 3549 693 τῇ
3588 622 3682 675 τοῦ
3713 623 3830 677 Υἱοῦ

2241 718 2368 788 ἀξίᾳ
2396 718 2497 789 τὴν
2541 716 2828 788 βασιλείαν
2866 716 2966 787 τὴν
3007 716 3274 787 ὁμότιμον
3319 715 3459 787 πρὸς
3484 715 3580 769 τὸν
3624 716 3831 784 Πατέρα

2244 811 2532 881 κέκτηται.
2581 810 2804 879 Ἐπειδὴ
2834 809 2898 863 τὸ
2953 810 3023 863 ἐκ
3079 808 3296 874 δεξιῶν
3351 810 3453 875 τῆς
3503 808 3647 877 πρὸς
3697 810 3833 877 ἡμᾶς

2245 902 2906 973 ἕνεκασυγκατασάσεως
2966 902 3187 971 λέγεται
3239 902 3312 973 (εἰ
3349 902 3460 973 γάρ
3497 902 3617 972 εχει
3646 900 3833 964 δεξιάό

2243 996 2398 1062 Θεὸς,
2427 997 2545 1069 ἔχει
2573 998 2668 1051 καὶ
2692 996 3013 1068 ἁριστερά)’
3041 994 3216 1049 ταῦτα
3248 995 3306 1049 δὲ
3333 996 3429 1048 ἐπὶ
3456 994 3557 1049 τοῦ
3604 994 3832 1065 ἀμεροῦς

2246 1091 2345 1145 καὶ
2378 1091 2797 1163 ἀσχηματίστου
2823 1092 2919 1145 καὶ
2949 1091 3131 1145 πάντα
3155 1088 3499 1159 πληροῦντος
3528 1090 3725 1160 καιρὸν
3746 1090 3834 1143 οὐκ

2246 1181 2360 1252 ἔχει
2389 1181 2651 1253 λέγεσθαι
2674 1199 2689 1214 ⁸
2720 1182 2942 1252 λέγεται
2981 1182 3060 1245 δὲ,
3097 1181 3403 1253 ἐπειδήπερ
3431 1180 3531 1234 νῦν
3562 1182 3725 1252 ἡμεῖς
3748 1182 3834 1235 άλ-

2245 1272 2354 1337 λως
2384 1273 2610 1327 ἀκούειν
2651 1273 2748 1327 καὶ
2793 1272 3153 1328 παιδεύεσθαι
3179 1272 3279 1345 τὴν
3318 1273 3445 1343 περὶ
3490 1273 3712 1342 Πατρὸς
3754 1275 3834 1327 καὶ

2247 1362 2382 1416 Υἱοῦ
2432 1362 2746 1433 δοξολογιαν
2779 1364 2842 1417 οὐ
2868 1363 3172 1434 δυνάμεθα,
3204 1363 3523 1433 ἀναγκαίως
3578 1362 3835 1431 προσέθη·

2247 1472 2344 1509 κεν
2365 1472 2382 1486 ι
2409 1455 2558 1522 Ἕως
2588 1454 2666 1510 ἂν
2699 1454 2782 1512 θῶ
2838 1455 2984 1522 τοὺς
3024 1456 3290 1525 ἐχθρούς
3345 1471 3464 1509 σου
3510 1453 3833 1509 ὑποπόδιον

2246 1546 2369 1602 τῶν
2413 1547 2621 1603 ποδῶν
2670 1564 2811 1604 σου.
2864 1548 3152 1612 Τουτέστι,
3181 1547 3396 1618 Μέχρις
3442 1547 3513 1601 ἂν
3564 1547 3597 1600 ό
3659 1547 3835 1617 παρὼν

2254 1639 2587 1712 συντελεσθῇ
2628 1640 2764 1711 βίος.
2802 1642 2892 1695 Ἐν
2930 1642 3041 1713 γὰρ
3091 1640 3171 1710 τῷ
3226 1640 3459 1711 παρόντι
3513 1639 3617 1710 βίῳ
3676 1641 3766 1693 καὶ
3809 1642 3833 1693 ό

2216 1733 2449 1806 ’Πατὴρ
2479 1732 2770 1787 ὑποτάττει
2799 1733 2879 1804 τῷ
2916 1734 3050 1805 Υἱῷ,
3085 1734 3180 1788 καὶ
3215 1735 3244 1787 ό
3279 1732 3409 1798 Υἱὸς
3442 1733 3743 1787 ὑποτάττει
3767 1732 3833 1801 τῷ

2253 1824 2432 1895 Πατρὶ
2485 1823 2583 1896 τὴν
2646 1824 3066 1896 ἀνθρωπότητα.
3126 1825 3297 1879 Ἐπὰν
3340 1824 3400 1879 δὲ
3455 1818 3618 1886 οὗτος
3647 1824 3677 1875 ὁ
3716 1824 3833 1877 αἰὼν

559 1919 743 1974 omnia
769 1918 947 1973 factus
977 1916 1163 1983 fuerit,
1192 1926 1325 1973 tunc
1363 1918 1431 1972 ad
1463 1916 1764 1988 perfectam
1798 1918 2149 1988 contempla-

2258 1915 2613 1989 συντελεσθῇ,
2648 1916 2745 1971 καὶ
2782 1918 2811 1971 ό
2851 1915 2983 1978 Θεὸς
3017 1916 3198 1972 πάντα
3223 1919 3280 1971 ἐν
3306 1918 3446 1971 πᾶσι
3473 1917 3833 1987 προκόπτουσι

561 2012 767 2065 tionem
802 2018 858 2065 et
880 2008 1133 2065 notitiam
1163 2008 1568 2080 pervenientes,
1594 2006 1815 2064 Patrem
1858 2009 1915 2064 in
1983 2008 2145 2077 Filio,

562 2113 616 2159 et
673 2102 871 2157 Filium
918 2102 973 2156 in
1009 2102 1175 2156 Patre
1227 2099 1927 2172 videbimus.Quapropter
1982 2101 2146 2156 etiam

562 2192 829 2249 Dominus
858 2191 999 2248 dixit
1027 2206 1087 2247 sc
1108 2200 1238 2246 tunc
1291 2188 1346 2244 in
1393 2190 1565 2262 gloria
1620 2188 1800 2246 Patris
1853 2200 2150 2246 venturum

563 2301 709 2341 (βεδε.

643 2400 801 2454 Vens.
834 2397 890 2454 2.
929 2418 948 2450 ι
991 2397 1208 2471 Virgam
1239 2397 1456 2455 virtutis
1476 2397 1711 2453 emittet.
1752 2416 1770 2449 ι

638 2489 800 2562 Virga
841 2490 1059 2545 virtutis
1086 2500 1171 2545 est
1203 2489 1452 2546 Salvator
1493 2507 1505 2544 :
1544 2491 1613 2545 de
1649 2506 1762 2561 quo
1829 2491 1996 2545 etiam
2019 2490 2150 2546 alibi

566 2583 847 2653 subjungit
874 2598 887 2636 :
925 2581 1085 2654 Reges
1110 2600 1195 2638 eos
1227 2584 1283 2637 in
1310 2583 1457 2654 virga
1481 2586 1655 2654 ferrea
1696 2583 1762 2637 ".
1794 2583 1933 2639 Cum
1967 2593 2149 2640 autem

565 2677 717 2748 virga
750 2677 951 2748 duplex
979 2691 1184 2732 munus
1204 2676 1386 2743 obeat,
1410 2676 1678 2747 siquidem
1733 2685 1787 2731 et
1815 2677 2047 2748 castigat
2097 2686 2153 2733 et

566 2785 732 2826 manu
750 2768 933 2836 ducit;
962 2785 1097 2825 crux
1128 2784 1259 2824 vero
1280 2783 1382 2823 nos
1402 2783 1624 2839 quoque
1674 2784 1841 2823 manu
1871 2769 2055 2836 ducat,
2097 2778 2153 2825 et

567 2863 845 2918 daemones
872 2861 1097 2931 plectat,
1130 2860 1448 2916 necessario
1502 2860 1671 2915 etiam
1718 2860 1871 2931 virga
1932 2861 2153 2917 virtutis

567 2955 716 3011 dicta
743 2963 847 3017 est,
878 2962 1070 3024 utpote
1096 2952 1405 3008 istiusmodi
1434 2951 1747 3023 pet-ﬁciens.
1792 2953 1947 3008 Hanc
1967 2964 2151 3009 autem

571 3048 717 3104 unde
740 3046 962 3103 Christo
1018 3045 1351 3101 emisit?Ex
1392 3045 1526 3101 Sion
1588 3044 1784 3117 inquit.
1840 3044 1957 3102 Illic
2005 3047 2151 3103 enim

570 3140 927 3211 semetipsum
950 3137 1277 3209 Unigenitus
1305 3137 1609 3194 immolavit
1663 3155 1678 3191 :
1746 3138 1855 3194 illic
1911 3139 2154 3209 passioni

2250 2010 2502 2082 γένηται,
2538 2012 2663 2065 τότε
2697 2012 2777 2075 εἰς
2821 2010 3029 2065 τέλειον
3078 2011 3318 2082 θεωρίας
3366 2010 3700 2073 ἀνελθόντες
3752 2011 3834 2064 καὶ

2251 2103 2531 2173 γνώσεως,
2552 2104 2646 2159 τὸν
2674 2104 2897 2176 Πατέρα
2921 2106 2979 2157 ὲν
2997 2103 3075 2175 τῷ
3105 2104 3243 2176 Υἰῷ,
3277 2103 3372 2158 καὶ
3400 2103 3497 2158 τὸν
3523 2103 3660 2157 Υζὸν
3689 2104 3744 2155 έν
3769 2102 3833 2171 τῷ

2253 2198 2432 2269 Πατρὶ
2488 2196 2752 2267 ὀψόμεθα.
2806 2195 3008 2266 Διόπερ
3056 2194 3154 2247 καὶ
3205 2194 3331 2248 τότε
3383 2195 3443 2250 ὲν
3494 2196 3563 2267 τῇ
3601 2192 3833 2267 δόξῃτοῦ

2253 2287 2467 2358 Πατρὸς
2503 2287 2655 2358 ἥξειν
2679 2286 2875 2340 ἑαυτὸν
2904 2289 2932 2340 ό
2965 2284 3174 2356 Κύριος
3204 2284 3419 2354 ἔλεγεν.

2329 2398 2349 2431 ι
2393 2379 2617 2434 Ῥάϐδον
2651 2380 2936 2450 δυνάμεως
2968 2376 3341 2445 ὲξαποστελεῖ.
3371 2394 3393 2428 ι

2334 2469 2559 2533 Ῥάϐδος
2590 2469 2874 2540 δυνάμεως
2894 2471 2923 2523 ό
2954 2468 3108 2522 Σωτὴ
3119 2485 3150 2539 ρ
3173 2484 3187 2498 ·
3221 2468 3351 2537 περὶ
3380 2460 3446 2521 οὗ
3490 2465 3589 2519 καὶ.
3614 2465 3829 2535 ἀλλαχοῦ

2253 2563 2496 2632 ἐπάγει·
2562 2561 2886 2632 Ποιμανεῖς
2939 2559 3165 2626 αὐτοὺς
3229 2559 3300 2613 ἐν
3351 2557 3559 2628 ῥάϐδῳ
3605 2556 3828 2626 σιδηρᾷ.

2268 2653 2490 2726 Ἐπειδὴ
2524 2654 2585 2707 δὲ
2636 2655 2669 2725 ἡ
2726 2653 2923 2724 ῥάϐδος
2960 2651 3157 2722 διπλῆν
3201 2650 3492 2722 ἐνέργειαν
3540 2649 3826 2721 κέκτηται·

2256 2749 2353 2802 καὶ⁵
2390 2750 2500 2818 γὰρ
2538 2746 2793 2820 μαστιζει
2819 2745 2918 2801 καὶ
2943 2748 3307 2818 χειραγωγεῖο
3347 2745 3444 2797 καί
3471 2747 3499 2798 ό
3531 2745 3758 2815 σταυρὸς
3783 2743 3829 2795 δὲ

2254 2843 2403 2913 ἡμᾶς
2457 2842 2828 2913 χειραγωγεί,
2886 2839 2983 2893 καλ⁸
3034 2837 3289 2909 μαστίζει
3344 2836 3475 2900 τοὺς
3534 2836 3830 2906 δαίμοναςσ

2254 2938 2570 3007 ἀναγκαίως
2604 2937 2701 2993 καὶ
2736 2936 2934 3007 ῥάϐδος
2975 2935 3284 3005 δυνάμεως,
3328 2936 3405 2998 ὡς
3438 2931 3670 2987 τοιαῦτα
3699 2935 3832 3001 ἐνερ-

2255 3032 2477 3103 γήσασα
2508 3030 2746 3101 εἴρηται.
2793 3029 3013 3099 Ταύτην
3057 3027 3114 3081 δὲ
3159 3028 3236 3098 τῷ
3284 3027 3510 3098 Χριστῷ
3569 3026 3732 3079 πόθεν
3760 3024 3831 3091 ἐξ·

2254 3122 2607 3189 απέστειλεν;
2653 3122 2747 3175 Ἐκ
2772 3119 2876 3189 τῆς
2918 3118 3077 3185 Σιὼν,
3113 3118 3301 3188 φησιν.
3330 3118 3481 3171 Ἐκεῖ
3507 3117 3616 3186 γὰρ
3663 3115 3831 3170 ἑαυτὸν

571 3205 788 3287 initium
828 3230 1025 3287 dedit:
1060 3205 1172 3287 illic
1226 3231 1295 3287 ab
1352 3231 1471 3301 ipso
1530 3232 1585 3286 in
1642 3205 2155 3287 rememorationern

2259 3215 2288 3269 ό
2316 3213 2631 3285 Μονογενὴς
2651 3212 2846 3265 ἔθυσεν
2866 3224 2881 3240 ·
2912 3210 3031 3263 ἐκεῖ
3058 3208 3137 3279 τῷ
3165 3206 3330 3262 πάθει
3362 3206 3599 3260 δέδωκεν
3633 3205 3793 3276 ἀρχήν
3813 3220 3827 3234 ·

570 3322 841 3395 passionis
875 3322 1071 3380 tradita
1097 3332 1227 3381 sunt
1251 3323 1529 3395 mysteria.

647 3496 815 3554 Vens.
849 3499 903 3554 5.
940 3518 959 3551 ι
997 3498 1227 3565 Tecum,
1251 3498 1589 3569 principium
1640 3499 1696 3553 in
1715 3498 1805 3555 dic
1852 3499 2094 3556 virtutis.
2136 3519 2154 3554 ι

644 3588 1022 3660 Principatum
1047 3590 1269 3661 quidem
1300 3590 1505 3646 Christi
1566 3591 1673 3646 hoc
1730 3592 1854 3647 loco
1896 3576 2162 3663 (appellat

576 3696 829 3747 crucem;
864 3688 1055 3751 utpote
1081 3680 1137 3735 in
1157 3695 1264 3751 qua
1296 3681 1556 3751 princeps
1584 3691 1641 3737 et
1672 3696 1768 3737 rex
1786 3681 1950 3752 hujus
1966 3683 2161 3738 mundi

574 3784 868 3847 superatus
916 3774 1020 3830 fuit
1045 3791 1058 3829 :
1084 3774 1231 3831 diem
1270 3789 1404 3830 vero
1426 3774 1651 3831 virtutis
1702 3775 1824 3846 ejus
1852 3776 2053 3831 merito
2082 3777 2164 3831 in-

578 3870 771 3943 telligit
791 3870 936 3925 diem
964 3868 1181 3934 crucis;
1228 3867 1392 3939 idque
1420 3876 1646 3939 propter
1674 3867 1830 3939 signa
1862 3867 1917 3923 in
1943 3883 2008 3923 ea
2038 3884 2165 3940 per-

576 3971 722 4029 acta,
754 3970 816 4017 ut
866 3970 1075 4017 motum
1110 3970 1291 4027 terrae,
1340 3961 1475 4016 solis
1542 3975 1841 4028 recessum,
1911 3962 2166 4018 tenebras

576 4056 646 4112 ab
672 4055 803 4111 hora
830 4065 984 4110 sexta
1015 4068 1187 4122 usque
1217 4051 1285 4108 ad
1308 4067 1509 4108 nonam
1551 4069 1566 4107 :
1608 4052 1811 4108 deinde
1841 4053 1991 4123 quod
2018 4054 2075 4107 in
2101 4068 2166 4109 ea

578 4147 796 4205 diabolo
824 4146 1099 4203 debellato
1116 4145 1504 4201 obumbratum
1533 4144 1605 4200 sit
1625 4154 1938 4216 peccatum.
1971 4144 2033 4200 In
2065 4145 2169 4201 hac

579 4240 748 4312 igitur
784 4239 875 4296 die
916 4240 1312 4312 principatum,
1339 4238 1395 4294 id
1426 4248 1513 4294 est
1541 4252 1787 4305 crucem,
1826 4253 2017 4295 secum
2070 4237 2171 4293 ha-

576 4333 717 4400 buit,
773 4349 884 4390 non
941 4333 1117 4389 solum
1159 4340 1220 4388 ut
1254 4332 1310 4386 in
1368 4347 1432 4387 ea
1456 4330 1706 4398 sulIixus,
1754 4346 1947 4386 verum
2005 4330 2169 4386 etiam

580 4436 837 4496 tanquam
883 4424 1029 4480 illam
1058 4424 1304 4481 humeris
1342 4431 1582 4496 gestans.
1640 4425 1760 4479 Hoc
1789 4422 1936 4478 enim
1970 4420 2173 4478 clarius

577 4532 862 4589 exponens
884 4516 1049 4573 Isaias
1070 4517 1209 4573 dixit
1240 4537 1252 4573 :
1282 4514 1453 4586 Cujus
1507 4515 1837 4585 principatus
1857 4530 2016 4585 super
2069 4513 2171 4567 Im-

583 4629 786 4668 merum
824 4611 958 4681 ejus.

647 4813 809 4869 Vens.
845 4814 899 4869 5.
938 4830 956 4865 ι
988 4811 1302 4867 Dominusa
1328 4808 1539 4866 dextris
1573 4807 1705 4863 tuis.
1743 4826 1760 4858 ι

654 4903 819 4960 Vides
840 4902 972 4958 illud
1009 4901 1143 4958 Sede
1177 4919 1210 4956 a
1240 4902 1439 4955 dextris
1488 4900 1618 4954 meis
1662 4914 1771 4953 non
1812 4900 1991 4954 locum
2061 4899 2162 4953 ali-

579 5010 741 5066 quem
759 4994 1155 5058 demonstrare,
1188 4992 1283 5047 sed
1304 4990 1427 5045 Filii
1449 5006 1574 5045 cum
1604 4988 1765 5045 Patre
1804 4990 2091 5057 unitatem,
2114 4996 2166 5045 et

581 5085 885 5143 secundum
908 5086 1089 5139 omnia
1145 5084 1532 5155 aequalitatem.
1598 5082 1655 5138 Si
1710 5083 1858 5138 enim
1910 5083 2080 5138 Filius
2134 5100 2163 5138 a

582 5176 789 5235 dextris
826 5176 1034 5239 sedeat,
1065 5174 1339 5243 quomodo
1369 5188 1562 5229 rursus
1615 5172 1777 5227 Pater
1807 5173 2009 5229 dicitur
2042 5191 2163 5231 esse

583 5285 611 5325 a
635 5268 843 5325 dextris
872 5265 1083 5337 ipsius?
1115 5264 1211 5320 llic
1239 5264 1295 5318 in
1325 5264 1416 5319 die
1442 5264 1537 5318 ira:
1556 5279 1669 5319 suae
1693 5263 2005 5335 confringet
2074 5281 2160 5319 rc-

583 5379 678 5436 ges
703 5372 882 5426 terrae,
935 5367 990 5413 et
1020 5356 1299 5428 principes
1345 5355 1440 5426 qui
1476 5363 1857 5412 convenerunt
1898 5356 1952 5409 in
1994 5372 2163 5411 unum

581 5457 847 5512 adversus
878 5451 1170 5508 Dominum
1201 5457 1257 5505 et
1300 5448 1565 5503 adversus
1612 5446 1889 5502 Christum
1941 5447 2061 5518 ejus
2094 5450 2167 5518 ”;

587 5550 853 5606 Herodem
914 5554 969 5602 et
996 5544 1253 5608 Pilatum,
1284 5540 1501 5596 Annam
1534 5549 1589 5596 ct
1621 5539 1943 5611 Caiapham,
1972 5550 2029 5597 et
2078 5557 2172 5599 eos

586 5644 828 5715 quicum
868 5639 1002 5711 ipsis
1037 5645 1194 5694 erant
1221 5634 1400 5706 Reges
1433 5632 1743 5705 appellans.

670 5898 713 5930 η
748 5896 886 5953 Phil.
921 5912 984 5965 ιι,
1018 5897 1074 5955 6.
1151 5859 1447 5963 "earn,
1479 5891 1533 5949 9.
1609 5890 1657 5924 ιι
1682 5888 1827 5948 Psal.
1854 5904 1917 5957 ιι,
1947 5888 2004 5945 2.

2260 3311 2380 3362 ἐκεῖ
2400 3309 2471 3363 τὰ
2501 3307 2633 3377 παρ’
2664 3303 2831 3361 αὐτοῦ
2863 3302 3000 3375 πρὸς
3026 3303 3336 3375 ἀνάμνησιν
3368 3300 3467 3354 τοῦ
3494 3299 3700 3364 πάθους
3739 3314 3829 3351 κα-

2259 3403 2555 3475 ραδοθέντα
2597 3400 2894 3471 μυστήρια.

2339 3516 2359 3549 ι
2385 3496 2545 3552 Μετὰ
2577 3495 2673 3549 σοῦ
2694 3495 2729 3565 ἡ
2750 3491 2897 3565 ἀρχὴ
2923 3492 2980 3545 ἐν
3005 3488 3196 3562 ἡμέρᾳ
3224 3489 3322 3561 τῆς
3357 3488 3671 3560 δυνάμεως.
3695 3508 3714 3543 ι

2346 3588 2549 3661 Ἀρχὴν
2605 3591 2705 3660 μὲν
2754 3591 2994 3647 ἐνταῦθα
3049 3591 3145 3646 τοῦ
3201 3589 3446 3664 Χριστοῦ
3488 3591 3582 3646 τὸν
3614 3589 3827 3662 σταυρὸν

2263 3683 2422 3738 καλεῖ
2444 3700 2458 3714 -
2486 3684 2563 3748 ὡς
2594 3686 2654 3739 ὲν
2687 3684 2840 3758 αὐτῷ
2868 3686 2970 3757 τῆς
2998 3685 3329 3758 οἰκουμένης
3353 3684 3616 3758 ἄρχοντος
3633 3686 3724 3739 καὶ
3747 3683 3826 3756 βα-

2265 3775 2574 3842 σιλεύοντος
2607 3777 2937 3849 ἡττηθέντος
2959 3794 2976 3809 ·
3012 3778 3229 3849 ἡμέραν
3273 3778 3333 3833 δὲ
3365 3778 3652 3849 δυνάμεως
3682 3776 3824 3832 αὐτοῦ

2263 3869 2365 3942 τὴν
2398 3869 2618 3941 ἡμέραν
2668 3870 2898 3935 εἰκότως
2929 3870 3025 3925 τοῦ
3054 3870 3292 3943 σταυροῦ
3313 3887 3329 3901 ·
3362 3871 3523 3925 τοῦτο
3553 3872 3609 3926 δὲ
3649 3871 3731 3925 διὰ
3769 3871 3824 3924 τὰ

2267 3964 2328 4017 ὲν
2374 3963 2513 4035 αὐτῇ
2579 3963 2899 4034 πραχθέντα
2961 3965 3191 4035 σημεῖα,
3227 3964 3322 4018 τὸν
3356 3964 3522 4019 σάλον
3577 3963 3676 4034 τῆς
3715 3964 3823 4032 γῆς.

2265 4055 2365 4125 τὴν
2395 4053 2750 4124 ἀναχώρησιν
2797 4053 2892 4107 τοῦ
2926 4053 3107 4125 ἡλίου,
3139 4054 3202 4108 τὸ
3230 4053 3343 4108 ἀπὸ
3372 4053 3525 4125 ὥρας
3554 4052 3715 4123 έκτης
3743 4051 3825 4121 μέ-

2268 4164 2394 4220 χρις
2420 4147 2653 4217 ὲννάτης
2681 4149 2874 4210 σκότος
2898 4164 2912 4178 ·
2950 4146 3146 4201 ἔπειτα
3177 4145 3255 4209 ὡς
3300 4147 3361 4199 ὲν
3388 4144 3529 4215 αὐτῇ
3550 4145 3650 4215 τῆς
3674 4143 3826 4214 ἁμαρ-

2268 4240 2389 4304 τιας
2416 4238 2774 4309 σκιασθείσης
2801 4238 2895 4293 τοῦ
2923 4238 3172 4293 διαδόλου
3205 4238 3722 4307 καταγωνισθέντος.
3754 4235 3825 4289 Ἐν

2270 4332 2444 4404 ταύτῃ
2474 4333 2657 4387 τοίνυν
2682 4332 2782 4404 τὴν
2826 4332 3023 4407 ἀρχὴν,
3049 4331 3297 4386 τουτέστι
3321 4331 3415 4387 τὸν
3445 4331 3690 4404 σταυρὸν,
3721 4327 3825 4402 μεθ’

2272 4425 2470 4483 ἑαυτοῦ
2518 4421 2683 4497 εἶχεν,
2736 4426 2801 4480 οὐ
2857 4426 3018 4498 μόνον
3050 4426 3128 4490 ὠς
3177 4425 3237 4479 ὲν
3295 4424 3450 4497 αὒτῷ
3495 4424 3823 4493 καταπατεὶς.

2273 4519 2411 4574 ἀλλὰ
2460 4521 2555 4572 καὶ
2602 4519 2679 4583 ὡς
2728 4520 2821 4572 ὲπὶ
2874 4518 2984 4572 τῶν
3013 4516 3182 4589 ὤμων
3212 4516 3517 4588 βαστάσας.
3547 4515 3710 4569 Τοῦτο
3734 4512 3823 4582 γὰρ

2194 4620 2245 4679 ι)
2274 4613 2607 4683 σαφέστερον
2648 4613 2877 4676 Ἡσαΐας
2905 4611 3201 4683 ἐκθέμενος
3249 4608 3440 4679 ἔλεγεν
3462 4626 3477 4642 ·
3503 4604 3587 4667 Οὔ
3615 4608 3653 4677 ἠ
3691 4602 3820 4675 ἁρχὴ

2261 4702 2363 4757 ἐπὶ
2390 4703 2499 4758 τοῦ
2528 4703 2689 4772 ὤμου
2711 4703 2922 4758 αὑτοῦ.

2341 4815 2360 4847 ι
2391 4794 2597 4866 Κύριος
2624 4795 2690 4849 ὲκ
2714 4794 2907 4862 δεξιῶν
2944 4810 3063 4851 σου,
3096 4812 3115 4843 ι

2350 4888 2515 4960 Ὁρᾷς
2565 4889 2647 4940 ὅτι
2698 4888 2779 4953 τὸ,
2824 4886 3024 4942 Κάθου
3068 4886 3138 4941 ἐκ
3188 4887 3407 4951 δεξιῶν
3432 4904 3575 4957 μου,
3599 4886 3658 4939 οὐ
3682 4883 3818 4937 τόπου

2272 4983 2417 5046 τινός
2446 4981 2562 5034 ἐστι
2591 4980 2908 5051 δηλωτικὸν,
2941 4979 3077 5033 ἀλλὰ
3102 4982 3201 5050 τῆς
3226 4980 3366 5051 πρὸς
3393 4980 3487 5033 τὸν
3519 4980 3721 5047 Πατέρα
3742 4974 3818 5028 τοῦ

2279 5073 2410 5129 Υἱοῦ
2451 5072 2719 5138 ὲνώσεως,
2756 5076 2854 5130 καὶ
2899 5074 3043 5128 κατὰ
3074 5074 3255 5130 πάντα
3298 5074 3565 5145 ἰσότητος.
3590 5074 3650 5127 Ei
3675 5070 3818 5141 τὰρὸ

2273 5166 2400 5230 Υἱὸς
2428 5168 2493 5219 ὲκ
2512 5165 2700 5231 δεξιῶν
2728 5166 3042 5231 καθέζεται,
3079 5164 3198 5229 πῶς
3223 5166 3390 5220 αὑτοῦ
3423 5166 3585 5220 πάλιν
3610 5167 3635 5219 ό
3661 5161 3816 5230 Πατὴρ

2272 5253 2412 5311 εἶναι
2461 5258 2528 5311 ὲκ
2565 5257 2675 5311 τῶν
2726 5256 2917 5323 δεξιῶν
2969 5258 3220 5325 λέγεται;
3268 5260 3365 5321 Ὃς
3393 5260 3453 5311 ὲν
3482 5257 3657 5329 ἡμέρᾳ
3676 5253 3817 5325 ὀργῆς

2273 5351 2440 5403 αὑτοῦ
2481 5349 2635 5404 συνθ)
2649 5350 2773 5405 άσει
2814 5351 3053 5422 βασιλεῖς
3082 5351 3183 5421 τῆς
3217 5351 3340 5421 γῆς,
3376 5353 3471 5405 καὶ
3500 5352 3619 5414 τοὺς
3653 5348 3817 5418 ἄρχον·-

2275 5460 2376 5507 τας
2399 5444 2449 5497 οἳ
2480 5442 2827 5515 συνήχθησαν
2861 5443 2954 5497 ἐπὶ
2981 5444 3043 5496 τὸ
3080 5444 3212 5497 αὐτὸ
3240 5445 3383 5497 κατὰ
3410 5443 3506 5497 τοῦ
3532 5442 3716 5513 Κυρίου
3743 5438 3817 5491 καὶ

2273 5536 2418 5591 κατὰ
2461 5537 2556 5591 τοῦ
2616 5536 2857 5608 Χριστοῦ
2910 5536 3112 5591 αὐτοῦ’
3168 5535 3418 5609 Ἡρώδην
3466 5538 3560 5591 καὶ
3605 5533 3811 5590 Πιλᾶτον.

2275 5630 2477 5684 Ἀνναν
2520 5629 2616 5685 καὶ
2645 5628 2926 5701 Καϊάφαν,
2958 5630 3056 5687 καὶ
3100 5632 3228 5696 τοὺς
3259 5630 3359 5685 σὺν
3394 5630 3577 5694 αὐτοῖς
3613 5624 3815 5699 βασιλεῖς

2274 5722 2472 5791 λέγων.
