4032 6418
237 448 379 513 1325

318 582 338 616 ι
364 565 562 637 Κρινεῖ
588 565 646 618 έν
671 566 784 629 τοῖς
815 564 1017 619 ἔθνεσι.
1036 583 1055 617 ι

316 657 434 710 Οὐκ
462 651 603 722 εἷπε,
647 657 841 726 Κρινεῖ
866 657 933 709 τά
964 654 1116 725 ἔθνη,
1150 652 1308 715 ἀλλὰ,
1333 650 1539 721 Κρινεῖ
1559 646 1827 719 (τουτέστι

242 748 595 819 κατακρινεῖ)
627 745 697 799 ἐν
724 745 852 812 τοῖς
889 746 1117 806 ἔθνεσι,
1168 742 1374 814 δηλαδὴ
1396 742 1489 795 τὸν
1533 739 1785 795 διάδολον
1809 752 1825 768 ·

1396 444 1855 511 FRAGMENTA
1881 444 1962 505 ῘΝ
1996 447 2358 511 PSALMOS.

1850 562 1896 618 Α
1996 557 2159 618 Vens.
2194 560 2247 615 6.
2284 579 2303 614 ι
2335 558 2610 617 Judicabit
2639 560 2693 615 in
2727 559 3059 616 nationibus.
3107 579 3126 612 υ

3375 452 3506 517 1326

2000 649 2119 706 Non
2159 651 2616 716 dixit,.ludicabit
2639 654 2986 724 gentes,sed,
3010 652 3280 707 Judicabit
3313 653 3389 723 (id
3425 664 3512 711 est

1928 745 2343 817 condemnabit)
2376 748 2432 800 in
2477 747 2736 818 gentibus,
2773 746 2983 802 scilicet
3042 745 3319 802 diabolum
3375 764 3388 801 :
3442 749 3512 805 de

243 840 378 910 περὶ
420 832 484 894 οὗ
526 838 692 903 αὐτὸς
735 840 763 892 ὁ
804 837 1013 907 Κύριος
1063 835 1276 906 μέλλων
1316 832 1683 904 σταυροῦσθαι
1714 832 1830 893 τοῖς

1941 852 2040 907 quo
2066 838 2185 908 ipse
2213 840 2477 895 Dominus
2501 855 2627 895 cum
2654 839 2803 895 cruci
2824 838 3126 911 afﬁgendus
3142 849 3263 895 erat
3284 850 3512 911 aposto-

240 932 571 996 ἀποστόλοις
593 930 782 1001 ἔλεγεν
802 948 817 963 ο
854 932 977 985 Ὅτι
1004 933 1037 985 ό
1063 930 1267 998 ἄρχων
1296 926 1404 981 τοῦ
1428 926 1663 993 κόσμου
1701 922 1829 976 τού-

1930 929 1995 984 lis
2018 929 2269 985 dicebat:
2309 929 2446 997 Quia
2480 934 2722 1002 princeps
2758 932 2919 1002 hujus
2944 932 3126 987 mundi
3152 933 3272 1003 jam
3290 932 3509 1004 judica-

240 1043 353 1081 του
380 1026 661 1095 κέκριται.
678 1024 983 1097 Κατέκρινε
1003 1022 1185 1077 τοίνυν
1202 1020 1386 1082 αὐτὸν,
1407 1014 1636 1085 ἐλέγξας
1661 1011 1827 1068 αὐτοῦ

1941 1030 2013 1075 tus
2031 1020 2397 1093 est".lpsum
2443 1023 2627 1094 itaque
2686 1025 3074 1082 condemnavit
3127 1042 3362 1098 arguens
3408 1042 3514 1098 po-

242 1118 345 1189 τὴν
388 1116 621 1189 δύναμιν
665 1118 725 1170 ιν
748 1118 863 1181 τοῖς
890 1115 1069 1169 ἔθνεσι
1094 1131 1110 1146 ο
1147 1112 1244 1167 καὶ
1277 1109 1567 1181 ἐπλήρωσε
1597 1103 1829 1177 πτώμα-

241 1227 312 1263 τα
346 1208 456 1263 τῶν
482 1208 753 1279 δαιμόνων
772 1224 787 1238 ·
816 1208 915 1261 σῦν
935 1204 1084 1276 αὐτῷ
1102 1203 1209 1274 γὰρ
1234 1202 1332 1255 καὶ⁸
1351 1200 1451 1272 τὴν
1476 1195 1645 1252 αὑτοῦ
1664 1213 1828 1267 στρα-

1930 1113 2155 1168 tentiam
2178 1114 2299 1185 ejus
2336 1115 2391 1170 in
2430 1116 2688 1189 gentibus
2722 1135 2735 1172 :
2764 1126 2824 1173 et
2852 1118 3162 1174 daemonum
3195 1118 3385 1173 ruinas
3410 1119 3513 1173 im-

1932 1204 2149 1274 plevit:
2209 1223 2334 1262 nam
2391 1223 2513 1265 cum
2544 1209 2663 1280 ipso
2712 1210 3017 1265 exercitum
3080 1227 3297 1282 quoque
3344 1210 3514 1280 ipsius

241 1302 367 1356 τιὰν
392 1301 824 1373 καταϐέόληκεν.
862 1301 1161 1373 Γενόμενος
1196 1300 1307 1371 γὰρ
1351 1298 1433 1360 εἰς
1475 1295 1581 1365 γῆν
1614 1293 1702 1348 διὰ
1734 1290 1825 1345 τοῦ

1941 1297 2148 1368 deiecit.
2181 1298 2317 1355 Cum
2340 1302 2486 1359 enim
2515 1303 2571 1357 in
2601 1312 2745 1358 terra
2770 1312 2939 1367 esset,
2960 1320 3056 1374 per
3076 1305 3349 1375 propriam
3368 1319 3515 1358 mor-

241 1394 451 1448 οἰκείου
479 1393 739 1461 θανάτου,
765 1394 864 1447 καὶ
901 1394 1266 1465 καταργήσας
1287 1391 1380 1444 τὸν
1414 1389 1672 1453 θάνατον,
1716 1384 1827 1439 τῶν

244 1486 454 1556 νοητῶν
482 1485 795 1557 δρακόντων
823 1484 924 1550 τὰς
958 1486 1204 1555 κεφαλὰς
1238 1482 1588 1538 συνέθλασεν.

814 1578 1111 1634 ΨΔΛΜΟΣ
1149 1576 1253 1635 Pl'.

324 1690 346 1725 ι
380 1671 716 1741 ’Μληλούῖω
743 1690 763 1725 ι

318 1764 565 1837 Λαμπρά
596 1766 698 1836 μὲν
738 1766 833 1819 καὶ
857 1767 892 1838 ή
914 1765 1009 1820 τοῦ
1048 1764 1266 1836 ψαλμοῦ
1290 1762 1598 1835 ἐπιγραφή.
1622 1760 1695 1815 Τὸ
1720 1762 1838 1833 γὰρ·

1934 1397 2321 1451 tem,mortem
2349 1391 2520 1461 ipsam
2563 1393 2753 1450 delens
2808 1394 3172 1465 spiritualium
3214 1396 3513 1451 draconum

1929 1480 2106 1551 capita
2160 1482 2446 1555 confregit.

2484 1574 2815 1634 PSALMUS
2865 1578 2980 1635 CX.

2010 1687 2028 1719 ι
2068 1670 2315 1728 Alleluia.
2366 1688 2385 1722 ι

2006 1760 2238 1819 lllustris
2288 1768 2509 1837 quidem
2539 1779 2595 1825 et
2621 1769 2743 1824 hac
2772 1767 2968 1840 psalmi
3020 1767 3332 1838 inscriptio.
3378 1768 3510 1822 Nam

255 1858 619 1925 ’Δλληλούῖα
649 1880 667 1910 ι
692 1858 827 1913 Θεοῦ
868 1854 1018 1922 αἶνος
1049 1879 1066 1912 ι
1097 1856 1483 1931 ἑρμηνεύεται.
1516 1857 1668 1927 Ἔχει
1688 1854 1745 1908 δέ
1779 1871 1831 1907 τι

1941 1866 2038 1906 vox
2096 1856 2326 1913 Alleluia
2377 1860 2471 1916 Dei
2518 1862 2634 1915 laus
2687 1862 3097 1932 interpretatur.
3153 1860 3329 1916 Habet
3382 1875 3515 1915 vero

243 1952 346 2004 καὶ
390 1951 519 2006 ἄλλο
559 1950 964 2024 λαμπρότερον,
1014 1952 1098 2006 ὅτι
1148 1951 1291 2005 κατὰ
1318 1951 1557 2020 στοιχεῖα
1585 1951 1695 2013 τοῖς
1735 1947 1833 2001 ἀν-

244 2040 493 2114 θρώποις
552 2045 664 2108 τοῖς
702 2043 980 2116 Ἑϐραίοις
1039 2043 1495 2116 συγγέγραπται’
1544 2042 1836 2113 τοιγαροῦν

243 2138 430 2192 εἰκοσι
467 2138 561 2191 καὶ
588 2137 681 2191 δύο
713 2136 989 2209 στίχοιτῷ
1018 2136 1242 2209 ψαλμῷ,
1278 2136 1381 2191 ὅσα
1420 2133 1665 2207 Ἑϐραῖοι
1693 2152 1835 2188 στοι-

244 2232 395 2301 χεῖα,
423 2231 892 2302 παραδεδώκασιν.

325 2426 347 2459 ι
384 2406 891 2479 Ἐξομολογήσομαί
916 2424 1020 2472 σοι,
1049 2407 1244 2479 Κύριε.
1267 2426 1286 2460 ι

317 2498 442 2553 Ἵνα
465 2499 542 2570 μὴ
568 2498 789 2561 πάντως
815 2498 876 2551 τὸ
908 2498 1005 2569 μὲν
1035 2497 1192 2569 ἡμῶν
1236 2496 1651 2569 ὲξομολογῆται,
1690 2496 1750 2550 τὸ
1778 2497 1835 2551 δὲ

248 2589 399 2663 ῥέπῃ
417 2590 551 2662 πρὸς
568 2589 865 2661 ἁμαρτίαν,
880 2589 971 2659 ἀφ’
993 2582 1061 2661 ἦς
1077 2588 1568 2659 ἐξομολογούμεθα,
1591 2589 1725 2662 μηδὲ
1742 2590 1834 2643 τὸν

244 2682 351 2735 ενα
400 2682 537 2736 πόδα
575 2680 678 2753 τῆς
709 2681 888 2753 ψυχῆς
927 2683 1065 2754 πρὸς
1096 2681 1442 2752 δικαιοσύνην
1484 2684 1831 2752 κινήσαντες,

243 2774 345 2828 τδν
372 2775 561 2846 ἕτερον
586 2775 643 2828 ὲν
672 2772 752 2843 τῷ
784 2772 1033 2846 βορϐόρῳ
1074 2775 1178 2845 τῆς
1226 2773 1508 2844 ἁμαρτίας
1542 2774 1796 2844 ἐάσωμεν
1815 2790 1831 2806 ο

242 2864 383 2936 ὅλην
403 2865 461 2919 δὲ
480 2864 579 2936 τὴν
605 2865 831 2937 καρδίαν
855 2864 1005 2936 αὐτῷ
1036 2864 1329 2936 ἀναθῶμεν
1349 2865 1479 2937 ὅλης
1503 2863 1833 2937 Δημιουργῷ

244 2957 352 3012 καὶ
397 2959 606 3029 Ποιητῇ
643 2958 989 3029 τυγχάνοντι,
1043 2958 1140 3012 καὶ
1198 2957 1372 3030 δῶρον
1425 2958 1681 3030 ἡμιτελὲς
1731 2958 1831 3011 οὐκ

242 3049 495 3116 ἀξιοῦντι
519 3050 795 3117 δέξασθαι.

330 3163 350 3197 ι
389 3143 805 3215 Ἐξομολόγησις
827 3142 922 3197 καὶ
952 3141 1417 3215 μεγαλοπρέπεια.
1448 3162 1466 3194 ι

1937 1943 2101 1999 etiam
2127 1947 2274 2003 aliud
2309 1950 2510 2020 aliquid
2537 1951 2823 2018 illustrius,
2846 1951 2988 2022 quod
3020 1951 3280 2006 nimirum
3315 1968 3515 2007 secun-
3608 2000 3615 2005 .

1936 2035 2068 2090 dum
2094 2037 2364 2095 elementa
2385 2043 2455 2097 ab
2499 2043 2816 2098 hominibus
2879 2043 3123 2099 Hebraeis
3168 2046 3514 2115 conscriptus

1936 2131 2006 2185 sit
2039 2148 2052 2184 :
2088 2132 2353 2202 siquidem
2386 2136 2575 2206 viginti
2605 2145 2661 2189 ct
2683 2137 2821 2191 duos
2847 2137 3173 2200 versiculos,
3209 2147 3345 2207 quot
3366 2139 3512 2209 apud

1937 2224 2198 2282 Hehrmos
2233 2227 2541 2284 litterarum
2604 2230 2873 2285 elementa
2922 2240 3069 2298 sunt,
3121 2231 3249 2288 huic
3305 2234 3515 2303 psalmo

1937 2318 2312 2390 assignarunt.

2008 2408 2173 2467 Vens.
2208 2414 2258 2467 l.
2298 2433 2316 2465 ι
2344 2413 2662 2470 Conﬁtebor
2691 2416 2811 2482 tibi,
2836 2416 3088 2472 Domine.
3131 2438 3150 2470 ο

2001 2501 2083 2558 Ne
2107 2504 2333 2559 omnino
2355 2520 2480 2575 pars
2501 2506 2720 2577 quidem
2762 2517 2943 2563 nostra
3001 2508 3345 2575 conﬁteatur,
3390 2525 3517 2581 pars

1938 2610 2067 2650 vero
2096 2597 2364 2668 vergatad
2384 2607 2690 2669 peccatum,
2715 2599 2844 2654 dum
2880 2600 3225 2665 conﬁtemur,
3252 2618 3320 2655 ne
3346 2618 3515 2656 unum

1934 2691 2130 2760 pedem
2198 2692 2395 2749 anima:
2440 2694 2507 2749 ad
2550 2695 2817 2765 justitiam
2881 2707 3187 2763 moventes,
3238 2699 3407 2753 alium
3461 2702 3516 2755 in

1934 2798 2093 2838 caeno
2110 2784 2315 2854 peccati
2355 2785 2763 2856 relinquamus;
2789 2787 2885 2842 sed
2913 2797 3085 2842 totum
3121 2804 3215 2843 cor
3240 2788 3344 2859 ipsi
3375 2790 3514 2844 oﬁe-

1934 2894 2119 2934 ramus
2145 2880 2236 2950 qui
2269 2880 2436 2936 totius
2456 2882 2717 2936 Conditor
2754 2891 2811 2937 et
2836 2882 3062 2938 Creator
3085 2894 3191 2951 est,
3226 2894 3284 2940 et
3315 2900 3516 2941 munus

1934 2972 2185 3027 mutilum
2215 2989 2325 3028 non
2358 2974 2611 3046 dignatur
2639 2984 2945 3047 acceptare.

2004 3158 2169 3215 Vens.
2194 3162 2248 3216 '5.
2280 3181 2299 3213 ι
2333 3161 2624 3218 Confessio
2654 3172 2711 3219 et
2745 3164 3166 3235 magnificentia.
3208 3184 3226 3217 ι

325 3238 529 3310 Ἔργον
554 3235 649 3290 τοῦ
687 3234 825 3289 Θεοῦ
859 3237 893 3307 ή
923 3235 1173 3307 ήμετέρα
1216 3236 1461 3307 σωτηρία
1500 3234 1828 3307 καθέστηκε.

2007 3250 2159 3324 Opus
2182 3253 2276 3309 Dei
2324 3263 2445 3309 erat
2476 3257 2622 3312 salus
2651 3234 2857 3311 nostra.
2886 3256 2959 3309 De
2988 3272 3098 3327 quo
3141 3257 3393 3313 Christus
3445 3256 3513 3313 ad

240 3329 395 3401 napi.
426 3322 489 3383 οῦ
516 3330 544 3382 ὁ
570 3328 807 3399 Χριστὸς
843 3326 978 3399 πρὸς
1007 3328 1099 3381 τὸν
1133 3327 1357 3399 Πατέρα
1405 3327 1597 3397 ἔλεγεν
1623 3342 1637 3357 ⁸
1682 3327 1832 3400 Ἐγώ

242 3440 329 3477 σε
356 3421 620 3487 ἐδόξασα
651 3421 748 3474 ἐπὶ
783 3420 895 3488 τῆς
926 3420 1067 3491 γῆς’
1103 3421 1169 3475 τὸ
1207 3421 1388 3490 ἔργον
1432 3420 1756 3475 ἐτελείωσα
1801 3420 1831 3474 ὃ

243 3513 483 3581 ἔδωκάς
531 3530 632 3583 μοι
679 3514 780 3567 ἵνα
816 3514 1071 3580 ποιήσω.
1114 3512 1286 3565 Τοῦτο
1337 3512 1399 3566 τὸ
1449 3512 1609 3585 ἔργον
1638 3512 1834 3584 διπλῆν

241 3626 377 3662 τινα
424 3609 525 3681 τὴν
567 3607 936 3679 κατασκευὴν,
964 3608 1064 3678 τὴν
1113 3606 1215 3678 μὲν
1272 3607 1378 3660 ἀπὸ
1421 3608 1521 3677 τῆς
1559 3606 1835 3677 ἡμετέρας

244 3698 589 3771 προθέσεως,
621 3700 723 3771 τὴν
752 3700 810 3753 δὲ
835 3700 947 3753 ἀπὸ
974 3700 1070 3771 τῆς
1114 3698 1209 3753 τοῦ
1253 3698 1390 3752 Θεοῦ
1423 3698 1833 3769 φιλανθρωπίας

245 3793 538 3864 κέκτηται.
582 3792 770 3861 Ἦμῶν
816 3792 925 3863 γὰρ
956 3792 1017 3845 τὸ
1053 3792 1297 3863 αἰτῆσαι,
1332 3789 1498 3844 αὐτοῦ
1533 3790 1589 3843 δὲ
1636 3791 1698 3844 τὸ
1721 3790 1836 3844 δοῦ-

245 3903 374 3940 ναιο
411 3885 569 3957 ἡμῶν
598 3886 661 3940 τὸ
693 3886 942 3957 κροῦσαι,
972 3884 1141 3939 αὐτοῦ
1176 3886 1234 3939 δὲ
1267 3884 1329 3938 τὸ
1354 3885 1588 3951 ἀνοῖξαι.
1621 3884 1835 3938 Οὐκοῦν

244 3981 284 4047 ἠ
327 3979 425 4049 μὲν
461 3978 853 4049 ἐξομολόγησις
887 3976 1046 4049 ήμῶν
1072 3994 1085 4008 ·
1122 3976 1203 4046 τῷ
1239 3976 1349 4046 γὰρ
1390 3974 1835 4045 ἐξομολογεῖσθαι

245 4070 609 4143 ἀναχώρησιν
638 4070 738 4141 τῆς
784 4070 1028 4141 πονηρᾶς
1074 4067 1375 4131 πολιτείας,
1434 4065 1731 4136 ἐπιθυμίαν
1777 4064 1834 4117 δὲ

246 4164 357 4234 τῆς
384 4164 599 4234 ἀγαθῆς
645 4164 1067 4236 ὲνδεικνύμεθα·
1097 4165 1130 4235 ὴ
1170 4162 1618 4235 μεγαλοπρέπεια
1648 4162 1703 4217 δὲ
1738 4160 1834 4216 τοῦ

247 4254 413 4310 Θεοῦ.
471 4255 712 4327 Μεγάλῳ
745 4257 855 4328 γὰρ
886 4258 1003 4311 ὄντι
1052 4257 1260 4328 πρέπει
1304 4257 1432 4320 τοῦς
1473 4258 1705 4329 μικροὺς
1758 4257 1837 4310 oi-

247 4350 493 4420 κτεῖραι,
534 4350 628 4403 καὶ
658 4350 786 4414 τοὺς
818 4350 1108 4413 ταπεινοὺς
1135 4348 1370 4419 ὑψῶσαι,
1393 4350 1488 4403 καὶ
1533 4349 1659 4412 τοὺς
1702 4349 1837 4402 πλα-

249 4440 518 4514 νηθέντας
552 4440 972 4514 προσδέξασθαι.
1013 4441 1180 4495 ’Ὥστε
1212 4441 1271 4508 ἐξ
1300 4439 1561 4511 ἐκατέρου
1586 4440 1646 4493 τὸ
1676 4439 1837 4511 ἔργον

244 4533 353 4588 τοῦ
381 4532 543 4598 Θεοῦ,
578 4534 689 4588 ἀπὸ
736 4534 839 4603 τῆς
886 4532 1051 4587 αὑτοῦ
1101 4532 1579 4603 μεγαλοπρεπείας
1611 4532 1833 4602 δηλαδὴ,

247 4627 352 4680 καὶ
375 4626 476 4695 τῆς
510 4625 951 4697 ὲξομολογήσεως
972 4625 1070 4694 τῆς
1092 4624 1366 4695 ἡμετέρας
1395 4624 1622 4692 γίνεται.

335 4734 354 4768 ι
392 4717 572 4785 ’ἰσχὺν
604 4714 782 4786 ἔργων
820 4714 989 4769 αὐτοῦ
1024 4713 1317 4785 ἀνήγγειλε
1346 4713 1424 4783 τῷ
1448 4711 1585 4783 λαῷ.
1614 4732 1633 4765 ι

326 4806 517 4880 Ταύτῃ
548 4806 613 4878 δή
645 4810 713 4878 τῇ
761 4807 907 4878 ίσχύῖ
935 4806 1309 4878 θαρρήσαντες
1333 4805 1381 4858 oi
1413 4804 1722 4871 ἀπόστολοι,
1756 4806 1837 4869 είς

249 4894 439 4951 πάντα
472 4896 544 4949 τὰ
586 4895 714 4967 ἔθνη
757 4894 1123 4966 κηρύττοντες
1189 4893 1540 4966 ἐπορεύοντο,
1572 4895 1667 4946 καὶ
1704 4892 1838 4963 κλη-

252 4988 518 5062 ρονομίαν
563 4989 663 5060 τὴν
710 4988 817 5058 γῆν
865 4988 995 5060 ὃλην
1048 4987 1478 5059 ἐπιστρέψασαν,
1512 4986 1693 5055 λόγοις
1724 4983 1838 5050 τοῖς

250 5081 440 5139 αὐτῶν
470 5082 565 5136 καὶ
600 5082 785 5145 πόνοις
813 5081 1079 5146 ἐδέξαντο.

334 5276 355 5311 ι
380 5258 665 5330 Λῦτρωσιν
688 5257 975 5311 ἀπέστειλε
1006 5256 1084 5328 τῷ
1113 5255 1230 5327 λαῷ
1257 5254 1447 5310 αὐτοῦ.
1477 5273 1498 5308 ο

330 5350 442 5422 Τὴν
464 5350 552 5405 διὰ
574 5350 672 5405 τοῦ
700 5350 951 5421 Σωτῆρος
980 5348 1302 5421 γενομένην,
1325 5346 1564 5419 εὔδηλον.
1597 5347 1734 5419 Περὶ
1769 5340 1836 5419 ἧς

254 5442 357 5498 καὶ
376 5441 673 5514 Ζαχαρίας,
697 5442 799 5513 ήδη
818 5441 914 5495 τοῦ
935 5440 1171 5512 Χριστοῦ
1194 5439 1607 5510 συλληφθέντος,
1624 5457 1838 5512 προφη-

254 5532 438 5588 τεύων
466 5532 633 5586 αὐτοῦ
662 5534 763 5604 τὴν
790 5532 1043 5601 γέννησιν
1083 5530 1269 5599 ἔλεγεν
1289 5546 1304 5562 ⁸
1331 5529 1676 5600 Εὐλογητὸς
1720 5530 1840 5583 Κύ-

248 5644 390 5696 ριος
418 5629 453 5681 ό
507 5625 653 5693 Θεὸς
709 5624 816 5679 τοῦ
855 5622 1124 5691 Ἰσραὴλ,
1180 5623 1267 5675 ὅτι
1310 5622 1692 5692 ἐπεσκέψατο
1739 5621 1838 5676 καὶ

256 5719 515 5789 ἐποίησε
547 5720 849 5788 λύτρωσιν
868 5714 949 5782 τῷ
967 5714 1095 5781 λαῷ
1124 5714 1333 5770 αὑτοῦ.

339 5915 382 5947 ⁸⁸
411 5914 567 5978 Joan,
605 5931 715 5982 xvr,
738 5915 823 5970 11.
901 5912 945 5946 ⁸⁸
977 5910 1135 5967 Joan.
1165 5926 1291 5975 xvn,
1321 5910 1375 5964 4.
1453 5910 1495 5941 ¹¹
1528 5908 1686 5963 Luca:
1721 5925 1757 5974 ι,
1787 5908 1875 5963 68.

1937 3343 2151 3400 Patrem
2183 3346 2400 3403 dicebat
2428 3364 2443 3401 :
2476 3350 2589 3419 Ego
2650 3357 2699 3401 te
2719 3347 3009 3416 clariﬁcavi
3042 3364 3198 3417 super
3266 3340 3514 3404 terram:

1936 3453 2064 3506 opus
2116 3440 2474 3493 consummavi
2516 3441 2659 3509 quod
2702 3440 2895 3493 dedisti
2947 3440 3074 3493 mihi
3127 3453 3182 3493 ut
3218 3441 3417 3510 faciant
3447 3441 3509 3495 ¹⁶.

1937 3528 2053 3582 Iloc
2101 3543 2239 3598 Opus
2295 3530 2571 3599 duplicem
2621 3531 2913 3601 quamdam
2939 3547 3264 3604 compagem
3324 3534 3513 3596 habet.

1939 3635 2105 3673 unam
2138 3619 2362 3689 quidem
2384 3637 2412 3675 a
2445 3630 2635 3677 nostro
2656 3624 2961 3694 proposito,
3009 3624 3234 3680 alteram
3290 3640 3421 3679 vero
3481 3640 3514 3681 a

1935 3714 2227 3771 clementia
2255 3714 2371 3770 Dei.
2407 3714 2664 3771 Nostrum
2714 3719 2861 3773 enim
2886 3727 2971 3773 est
2999 3717 3294 3788 postulare,
3342 3718 3515 3788 ipsius

1935 3816 2119 3861 autem
2194 3815 2279 3861 est
2333 3806 2467 3862 dare
2520 3826 2534 3862 :
2582 3820 2830 3863 nostrum
2873 3818 2960 3863 est
3021 3808 3273 3879 pulsare,
3340 3808 3515 3878 ipsius

1936 3913 2066 3952 vero
2086 3898 2324 3968 aperire.
2354 3899 2541 3970 Itaque
2568 3900 2844 3955 confessio
2888 3900 3108 3971 quidem
3172 3910 3361 3955 nostra
3409 3910 3512 3966 est;

1935 4004 2060 4042 nam
2096 3990 2223 4043 dum
2258 3991 2582 4046 confitemur
2608 4007 2884 4046 recessum
2911 3992 3131 4061 quidem
3158 4007 3187 4046 a
3216 4008 3386 4063 pravo
3434 3993 3517 4049 vi-

1936 4081 2100 4136 vendi
2133 4081 2407 4146 instituto,
2442 4084 2626 4153 probae
2678 4099 2811 4138 vero
2841 4084 2967 4139 vitae
3021 4084 3357 4139 desiderium
3416 4087 3516 4141 de—

1936 4182 2313 4229 monstramus
2348 4190 2363 4229 :
2400 4175 2803 4245 magniﬁcentia
2827 4191 2959 4230 vero
3008 4176 3102 4230 Dei
3162 4187 3287 4243 est;
3326 4194 3513 4232 revera

1936 4266 2082 4319 enim
2110 4281 2363 4336 magnum
2392 4266 2549 4320 decet
2584 4282 2875 4335 parvorum
2908 4268 3173 4335 misereri,
3204 4278 3260 4323 et
3283 4270 3517 4325 humiles

1936 4358 2199 4421 exaltare,
2232 4366 2288 4413 et
2311 4357 2651 4413 errabundus
2707 4358 3008 4429 suscipere.
3046 4357 3233 4428 Itaque
3270 4376 3333 4414 ex
3362 4369 3517 4415 utro-

1936 4467 2044 4521 que
2071 4451 2163 4506 Dei
2188 4466 2329 4521 opus
2367 4450 2603 4515 exsistit,
2640 4450 2851 4505 scilicet
2872 4466 2938 4505 ex
2968 4450 3140 4521 ipsius
3163 4452 3516 4522 rnagniﬁcen--

1898 4562 1902 4566 δ
1941 4543 2015 4597 tia
2049 4552 2106 4598 et
2138 4559 2205 4598 ex
2229 4550 2414 4598 nostra
2439 4540 2809 4596 confessione.

2012 4701 2175 4762 Vens.
2210 4701 2262 4756 ﬁ.
2292 4718 2312 4753 ι
2350 4700 2619 4755 Virtutem
2651 4714 2880 4770 operum
2896 4713 3123 4754 suorum
3165 4698 3517 4755 annuntiavit

1942 4795 2163 4867 populo.
2205 4814 2225 4847 ι

1996 4886 2121 4957 λΗαο
2145 4887 2334 4956 utique
2360 4886 2563 4940 virtute
2595 4884 2716 4939 freti
2746 4882 2997 4953 apostoli,
3027 4882 3093 4938 ad
3148 4899 3338 4939 omnes
3382 4900 3515 4956 gen-

1943 4987 2024 5032 tes
2043 4976 2390 5048 praedicando
2424 4974 2655 5044 profecti
2684 4982 2831 5039 sunt,
2858 4983 3022 5042 atque
3060 4974 3369 5027 universam
3408 4984 3515 5028 ter-

1942 5085 2057 5123 ram
2081 5076 2411 5137 acceperunt
2432 5067 2486 5119 in
2515 5065 2914 5131 hmreditatem,
2958 5063 3200 5134 ipsorum
3245 5066 3516 5119 sermoni-

1936 5158 2041 5213 bus
2066 5156 2446 5226 laboribusque
2471 5172 2811 5211 conversam.

2018 5248 2172 5303 Vens.
2198 5250 2253 5304 9.
2289 5267 2307 5299 ι
2346 5247 2798 5317 Redemptionem
2823 5246 2970 5301 misit
2994 5247 3197 5317 populo
3226 5261 3347 5300 suo.
3384 5264 3403 5297 ι

2006 5343 2156 5397 Illam
2188 5355 2387 5410 nempe
2417 5355 2539 5410 qua:
2569 5354 2669 5409 per
2699 5338 3042 5393 Salvatorem
3098 5339 3241 5394 facta
3272 5350 3355 5393 est
3385 5354 3397 5390 :
3446 5336 3515 5392 de

1941 5450 2048 5505 qua
2086 5434 2249 5489 etiam
2277 5432 2590 5495 Zacharias,
2622 5430 2842 5486 Christo
2858 5432 3183 5501 jampridem
3225 5438 3511 5499 concepto,

1944 5526 2278 5581 nativitatem
2311 5524 2431 5595 ejus
2459 5523 2765 5580 vaticinans
2783 5522 2958 5578 dixit:
2993 5522 3299 5576 Benedictus
3330 5518 3515 5571 Domi-

1945 5634 2044 5671 nus
2072 5618 2210 5671 Deus
2242 5616 2431 5682 Israel,
2459 5618 2583 5686 quia
2616 5614 2850 5669 visitavit
2883 5622 2933 5668 et
2960 5613 3079 5683 fecit
3107 5609 3515 5679 redemptionem

1942 5711 2107 5781 plebis
2136 5725 2246 5765 sua:
2285 5711 2347 5764 ".
