3962 6414
548 437 684 501 1327
914 434 921 435 ί
1734 420 2097 487 HESYCHII

2212 414 2623 480 RESBYTEBI
3662 397 3776 462 tm

624 568 641 598 ι
672 546 936 600 Sanctum
970 548 1025 595 et
1045 540 1289 596 terribile
1332 552 1534 592 nomen
1575 534 1715 605 ejus.
1752 555 1770 585 ι
2158 543 2188 591 Α

2158 543 2211 591 Α
2308 544 2326 578 ι
2362 526 2553 591 ’Ἄγιον
2597 523 2690 575 καὶ
2721 517 2947 588 φοϐερὸν
2979 515 3039 569 τὸ
3064 513 3235 585 ὄνομα
3261 508 3444 565 αὐτοῦ.
3484 527 3500 558 ι

619 640 883 694 Sanctum
912 633 1159 705 quidem,
1181 632 1310 702 quia
1357 638 1589 684 unctus.
1624 627 1960 683 nominatur.
2013 622 2119 677 lsta

2296 621 2488 687 ’Ἀγιον
2539 616 2658 687 μὲν,
2711 616 2792 667 ὅτι
2843 610 3074 684 Χριστὸς
3120 604 3468 677 ὀνομάζεται.
3503 602 3575 655 Τὸ
3615 601 3666 654 6':
3695 601 3771 654 τοῦ

546 739 729 788 autem
763 727 975 785 Domini
1008 725 1196 780 unctio
1220 732 1303 779 est
1332 721 1513 778 omnis
1553 717 1931 775 sanctimonia:
1990 731 2110 771 con-

2226 711 2431 781 Κυρίου
2461 708 2694 780 χρίσμα,
2724 707 2904 775 πάσης
2963 704 3112 755 ἐστὶν
3157 697 3473 767 ἁγιωσύνης
3506 695 3774 766 πλήρωμα.

547 820 859 886 summatio,
898 819 965 874 de
988 833 1097 888 quo
1115 815 1358 870 Joannes
1382 814 1459 867 ait
1492 830 1506 866 :
1562 810 1633 867 Et.
1680 827 1768 864 vos
1822 808 2111 862 unctionem

2223 804 2360 873 Περί
2396 796 2456 856 οὗ
2492 818 2662 873 φησιν
2716 798 2974 867 Ἰωάννης
3002 812 3015 826 ’
3047 792 3159 850 Καὶ
3189 790 3361 861 ὑμεῖς
3384 789 3611 859 χρίσμα
3638 788 3784 853 ἔχετε

547 915 748 970 habetis
792 929 825 966 a
880 877 1064 965 sancio
1092 908 1157 963 ιδ.
1217 906 1482 963 Terribile
1524 912 1729 967 autem,
1775 901 1904 971 quia
1958 899 2111 954 etiam

2222 889 2341 945 ἀπὸ
2364 889 2471 943 τοῦ
2498 889 2696 960 ἁγίου.
2728 884 2970 957 Φοὸερὸν
2999 884 3080 947 δὲ,
3114 883 3199 936 ὅτι
3230 880 3323 936 καὶ
3355 877 3549 949 κριτὴς
3570 878 3781 943 λέγεται.

546 1007 721 1063 Judex
741 1006 958 1071 dicitur,
985 1003 1063 1059 ait
1083 1001 1229 1058 enim
1264 1018 1278 1055 :
1336 999 1499 1055 Pater
1560 1013 1664 1052 non
1701 966 1913 1066 judicat
1936 1009 2110 1064 quem-

2223 981 2360 1051 Φησὶ
2382 981 2489 1052 γάρ
2510 996 2524 1011 ’
2558 980 2613 1032 '0
2634 978 2836 1046 Πατὴρ
2861 974 3083 1030 οὐδένα
3107 974 3294 1043 κρίνει
3315 989 3327 1002 ο
3351 969 3520 1025 ἀλλὰ
3550 966 3659 1035 τὴν
3678 969 3787 1034 κρί-

549 1097 851 1169 quam;sed
884 1065 1034 1149 omne
1057 1092 1312 1162 iudicium
1347 1091 1493 1145 dedit
1518 1089 1657 1143 Filio
1689 1088 1753 1139 ⁸³.

1518 1089 1657 1143 Filio
1689 1088 1753 1139 ‘9.
2223 1091 2331 1129 σιν
2349 1073 2557 1132 πᾶσαν
2579 1072 2802 1126 δέδωκε
2824 1068 2903 1135 τῷ
2942 1065 3070 1133 ne.

1095 1184 1417 1241 PSALMUS
1454 1182 1593 1238 CXI.

2754 1159 3051 1215 ΨΑΛΜΟΣ
3120 1156 3235 1210 PlA
3257 1193 3273 1209 .

619 1282 793 1338 Etiam
834 1282 926 1337 hic
971 1280 1215 1351 psalmus
1256 1277 1561 1334 secundum
1606 1271 1962 1343 alphabetum
2011 1267 2124 1323 ele-

2298 1259 2409 1315 Καὶ
2446 1251 2600 1321 οὗτος
2661 1258 2690 1311 6
2736 1254 2951 1325 ψαλμὸς
2983 1250 3127 1305 κατὰ
3171 1247 3442 1317 στοιχεῖον
3479 1241 3786 1315 γέγραπται.

551 1385 795 1431 mentare
835 1334 1179 1443 conscriptus
1228 1380 1335 1426 est.
1384 1368 1492 1425 Sed
1544 1365 1858 1438 praecedens
1907 1362 2115 1434 quidem

2240 1349 2381 1403 Ἀλλ’
2408 1351 2436 1402 6
2488 1348 2587 1419 μὲν
2642 1345 2877 1415 φθάσας,
2931 1340 3242 1409 δοξολογίας
3292 1338 3406 1407 ἔχει
3458 1334 3788 1404 στοιχείωσιν,

550 1466 866 1538 doxologite,
921 1465 1010 1519 hic
1061 1478 1193 1518 vero
1221 1461 1424 1532 politiae
1464 1456 1946 1514 elementationem
1992 1468 2114 1509 eon-

2229 1439 2504 1502 πολιτείας
2554 1439 2608 1493 δὲ
2639 1432 2823 1502 οὗτος⁶
2878 1436 3068 1503 ὥσπερ
3109 1450 3167 1487 τε
3194 1427 3518 1500 ἀναγκαίως
3570 1424 3791 1497 ἐκατέρῳ

553 1560 718 1624 tinet;
765 1557 845 1613 sic
886 1565 947 1610 ut
999 1553 1213 1609 Hebraei
1248 1550 1562 1609 necessario
1610 1550 1828 1619 utrique
1858 1547 2117 1602 elementa

1912 1554 2129 1601 emema
2230 1536 2418 1599 παῖδες
2457 1533 2725 1603 Ἐϐραίων
2755 1531 2823 1586 τὰ
2859 1530 3101 1602 στοιχεῖα
3132 1527 3472 1599 ὲνήρμοσαν.

550 1649 1101 1707 accommodaverint.

620 1742 786 1796 Vens.
827 1740 880 1795 1.
915 1758 933 1792 ι
982 1740 1181 1796 Beatus
1207 1739 1289 1793 vir
1317 1736 1409 1808 qui
1434 1737 1595 1792 timet
1618 1732 1929 1789 Dominum.
1962 1748 1982 1782 ι

2309 1731 2327 1764 ι
2364 1709 2654 1781 Μακάριος
2678 1706 2818 1779 ἀνὴρ
2846 1709 2875 1760 6
2898 1704 3233 1777 φοϐούμενος
3262 1700 3353 1754 τὸν
3378 1696 3611 1769 Κύριον.
3641 1713 3659 1746 ι

641 1789 786 1796 .__---
836 1789 880 1795 -_
921 1789 932 1792 -
982 1789 1179 1796 --ηπ
1323 1789 1409 1808 Γ-

620 1832 756 1898 Quia
785 1831 878 1901 qui
923 1831 1095 1885 Deum
1136 1829 1292 1884 timet
1334 1843 1552 1882 omnem
1596 1832 1819 1879 exercet
1862 1822 2129 1877 malorum

2318 1802 2540 1873 Ἐπειδὴ
2588 1802 2678 1855 τὸν
2701 1800 2834 1854 Θεὸν
2858 1801 2885 1852 ὁ
2936 1796 3268 1867 φοὸούμενος
3300 1794 3488 1846 πᾶσαν
3532 1789 3688 1843 ἀσκεῖ
3714 1804 3793 1839 κσ-

626 1878 756 1898 ιι---
788 1878 878 1901 νι--
924 1878 1095 1885 -τ--η
1606 1878 1619 1879 κ
1684 1878 1689 1879 κ

552 1925 959 1990 abstinentiam,
997 1938 1110 1977 non
1140 1922 1427 1992 subjicitur
1456 1932 1803 1979 mammona,
1836 1914 2116 1970 amicitian

2238 1896 2350 1949 κῶν
2372 1894 2607 1965 ἁποχὴν,
2650 1893 2753 1964 οὐχ
2812 1891 3171 1945 ὑποτάττεται
3197 1885 3272 1957 τῷ
3307 1881 3614 1956 μαμμωνᾷ,
3644 1878 3793 1946 φιλίαν

553 1970 959 1990 ----...-.--.-.--,
998 1970 1110 1977 __---
1140 1970 1419 1992 --Ἵππη
1674 1970 1685 1971 η

553 2033 677 2072 cum
733 2016 938 2071 mundo
989 2014 1215 2069 minime
1263 2011 1631 2083 amplectitur,
1685 2008 1927 2078 judicem
1977 2019 2115 2074 quas

2239 1988 2375 2059 πρὸς
2420 1988 2511 2041 τὸν
2561 1985 2763 2056 κόσμον
2798 1985 2896 2038 οὐκ
2927 1982 3257 2046 ἀσπάζεται,
3315 1976 3389 2040 ὡς
3442 1972 3687 2044 παρόντα
3721 1970 3794 2021 τὸν

555 2110 655 2165 sibi
690 2117 1014 2178 praesentem
1045 2106 1231 2161 habet.
1265 2106 1343 2160 Ac
1386 2103 1583 2158 merito
1628 2102 1826 2155 beatus
1858 2097 2119 2153 invenitut

2239 2083 2433 2154 κριτὴν
2464 2080 2602 2151 ἔχει.
2635 2080 2745 2133 Kal.
2785 2079 3052 2149 μακάριος
3102 2072 3329 2134 εἰκότως
3377 2068 3503 2123 ὅλον
3546 2064 3794 2121 αὐτοῦτὺν

555 2202 643 2271 qui
679 2202 789 2255 Deo
808 2199 1150 2271 gubernante
1176 2205 1344 2251 totam
1367 2195 1535 2249 vitam
1569 2206 1725 2246 suam
1751 2189 1957 2260 dirigit.

1798 2189 1957 2260 irigit.
2241 2173 2354 2243 βίον
2388 2172 2481 2226 τοῦ
2505 2170 2637 2225 Θεοῦ
2662 2168 2994 2231 διοικοῦντος
3024 2164 3362 2238 εὑρίσκεται.

634 2251 710 2255 __
766 2251 1035 2271 quem”,
1861 2251 1888 2260 _

632 2291 790 2345 Vnus.
822 2288 875 2341 2.
900 2307 918 2339 t
960 2289 1161 2343 Potens
1191 2286 1245 2339 in
1273 2294 1419 2339 terra
1447 2283 1551 2338 erit
1582 2296 1771 2337 semen
1800 2280 1939 2349 ejus.
1975 2296 1995 2330 ι

2318 2284 2337 2315 ι
2373 2263 2609 2317 Δυνατὸν
2637 2264 2695 2315 ὲν
2728 2264 2794 2332 τῇ
2824 2264 2894 2332 γῇ
2933 2259 3083 2312 ἔσται
3113 2258 3173 2310 τὸ
3201 2256 3427 2327 σπέρμα
3448 2251 3643 2307 αὐτοῦ.
3672 2268 3687 2302 ι

632 2383 831 2436 Semen
869 2381 1144 2450 justorum
1186 2386 1317 2431 sunt
1365 2376 1418 2431 Ιιί
1456 2375 1551 2445 qui
1592 2372 1911 2442 disciplinas
1946 2384 2137 2425 eorum

2311 2356 2543 2427 Σπέρμα
2564 2354 2673 2407 τῶν
2705 2352 2929 2407 δικαίων
2950 2351 3001 2403 οἰ
3023 2352 3122 2414 τὰς
3155 2347 3336 2403 αὐτῶν
3360 2344 3662 2417 paenula;
3678 2345 3794 2411 λαμ-

558 2474 882 2544 suscipiunt,
912 2472 1028 2529 sive
1058 2469 1361 2527 secundum
1385 2482 1607 2524 carnem
1632 2463 1840 2536 proprii
1865 2462 1994 2529 sint,
2022 2461 2122 2516 sivt

2242 2448 2521 2514 ϐάνοντες,
2553 2447 2654 2501 κᾶν
2696 2445 2889 2499 οἰκεῖοί
2915 2461 3058 2508 τινες
3088 2436 3190 2496 ὦσι
3218 2441 3316 2512 τὴν
3350 2441 3559 2511 σάρκα,
3588 2438 3685 2492 κᾶν
3721 2435 3794 2492 ἁλο

557 2567 746 2622 alieni.

2242 2543 2464 2612 λότριοι.

630 2660 788 2714 Vens.
829 2660 882 2712 4.
920 2678 937 2710 ι
975 2659 1234 2714 Exortum
1270 2667 1355 2710 est
1386 2655 1440 2709 in
1472 2652 1711 2708 tenebris
1740 2652 1947 2708 lumen.
1974 2671 1992 2705 ι

1706 2672 1711 2705 ι
1740 2652 1947 2708 lumen.
1974 2671 1992 2705 ι
2328 2657 2345 2689 ι
2398 2634 2766 2704 Ἐξανέτειλεν
2786 2634 2842 2685 ὲν
2876 2630 3056 2684 σκότει
3086 2628 3222 2698 φῶς.
3253 2646 3270 2679 ι

630 2752 709 2806 Ad
732 2751 862 2821 quid
891 2758 1075 2805 autem
1091 2748 1243 2802 rectis
1260 2746 1437 2811 ?Quia
1454 2745 1545 2815 qui
1564 2744 1705 2798 male
1719 2752 1887 2815 agunt
1908 2742 2142 2798 oderunt

2311 2728 2411 2782 Διὰ
2434 2728 2487 2781 τί
2518 2727 2574 2779 δὲ
2593 2728 2706 2789 τοῖς
2729 2725 3012 2785 εὐθέσιν;
3039 2720 3229 2793 ἐπειδὴ
3257 2721 3308 2775 οἱ
3335 2720 3405 2775 τὰ
3438 2718 3622 2791 φαῦλα
3649 2717 3792 2789 πράτ-

560 2810 767 2909 luccm:
786 2856 853 2897 eo
875 2841 1020 2913 quod
1050 2840 1119 2894 ab
1149 2839 1241 2893 illa
1273 2810 1573 2908 arguantur
1600 2834 1671 2901 ’°,
1704 2810 1807 2890 nec
1852 2832 1929 2888 illi
1952 2832 2124 2889 oculos

2241 2839 2428 2884 τοντες
2471 2817 2693 2891 μισοῦσι
2727 2816 2789 2869 τὸ
2830 2816 2965 2885 φῶς,
2999 2814 3074 2877 ὼς
3107 2814 3199 2866 ὑπ’
3240 2812 3408 2865 αὐτοῦ
3451 2810 3789 2881 ἐλεγχόμενοι,

561 2947 691 2987 suos
726 2938 985 3001 praestare
1018 2926 1211 2982 velint.

2242 2916 2337 2967 καὶ
2376 2911 2641 2984 παρέχειν
2668 2906 2819 2979 αὐτῷ
2851 2908 2978 2970 τοὺς
3002 2905 3317 2975 ὀφθαλμοὺς
3352 2906 3414 2959 οὐ
3443 2903 3732 2975 βούλονται.

638 2997 803 3080 Vens.
864 3021 917 3074 5.
967 3037 987 3073 ‹
1041 3016 1241 3072 Suavis
1271 3015 1354 3070 vir
1411 3014 1504 3085 qui
1565 3012 1856 3069 miseretur
1913 3020 1969 3068 et
1999 3024 2142 3067 com-

2046 3024 2142 3065 )m-
2318 3024 2337 3058 ι
2376 3003 2626 3075 Χρηστὸς
2654 3002 2795 3071 ἀνὴρ
2820 3002 2849 3054 6
2879 2998 3163 3068 οἰκτείρων
3191 2998 3286 3050 καὶ
3313 2997 3551 3067 κιχρῶν.
3591 3014 3610 3048 ι

563 3118 769 3177 modat.
808 3133 827 3166 ι

630 3210 752 3265 Non
779 3220 905 3262 eum
934 3201 1028 3273 qui
1060 3196 1381 3270 simpliciter
1407 3194 1735 3261 commodat,
1770 3192 1865 3249 sed
1896 3193 1952 3247 in
1977 3190 2140 3247 mise-
2176 3267 2194 3273 _

2315 3186 2387 3240 Οὐ
2408 3185 2500 3239 τὸν
2522 3183 2710 3247 ἁπλῶς
2751 3182 3049 3254 κιχρῶντα,
3073 3179 3188 3234 ἀλλ’
3211 3181 3269 3233 ὲν
3300 3177 3380 3250 τῷ
3400 3178 3574 3249 οἴκτῳ
3594 3176 3792 3249 χρηστὸν

562 3302 733 3358 rendo
763 3267 1058 3368 benignum
1088 3267 1286 3348 merito
1319 3287 1594 3360 Propheta
1631 3284 1906 3357 exposuit.
1946 3282 2126 3354 Siqui-

2242 3278 2468 3341 εἰκότως
2512 3279 2542 3331 6
2592 3278 2885 3348 Προφήτης
2941 3272 3175 3339 ἐξέθετο.
3235 3272 3295 3327 Ὀ
3342 3272 3443 3343 μὲν
3485 3272 3601 3343 γὰρ
3647 3270 3791 3324 ἐλπίδι

563 3392 685 3445 dem
738 3387 829 3442 ille
871 3363 1009 3439 lucri
1049 3396 1162 3452 spe,
1206 3380 1298 3435 hic
1322 3394 1454 3435 vero
1494 3377 1613 3449 lege
1647 3373 2127 3430 commiserationit

2244 3372 2492 3443 κέρδους,
2523 3373 2552 3426 6
2581 3370 2638 3424 δὲ
2669 3370 2819 3441 νόμῳ
2845 3366 3191 3439 συμπαθείας
3220 3366 3390 3437 κιχρᾷ
3412 3366 3508 3418 καὶ
3535 3363 3792 3437 μεταδίδω-

564 3485 873 3537 commodat
921 3474 1242 3544 tribuitque.
1292 3470 1587 3540 Perspicue
1642 3468 1807 3541 igitur
1865 3467 1971 3522 hoc
2024 3465 2128 3520 loct

2246 3483 2320 3519 σι.
2354 3465 2547 3535 Σαφῶς
2599 3465 2781 3519 τοίνυν
2820 3462 3055 3518 ἐνταῦθα
3085 3459 3398 3530 ὑπογράφει
3424 3459 3520 3515 τὸν
3552 3458 3789 3529 φιλόπτω-

565 3568 829 3627 describit
866 3582 1170 3638 pauperum
1228 3572 1549 3619 amatorem.
1598 3561 1697 3616 Hic
1758 3560 1871 3614 Deo
1935 3558 2129 3613 fenera

2244 3576 2358 3629 χον.
2393 3553 2560 3621 Οὗτος
2603 3556 2837 3620 δανείζει
2886 3552 3040 3624 Θεῷ,
3079 3553 3370 3624 οἰκτείρων
3422 3551 3520 3605 τὸν
3561 3550 3788 3621 πτωχόν·

562 3674 678 3728 tur,
736 3661 865 3717 dum
910 3658 1170 3730 pauperis
1227 3656 1522 3711 miseretur
1560 3655 1643 3720 ";
1677 3652 1755 3708 uti
1798 3649 2053 3706 Salomon
2088 3648 2126 3703 it

1689 3652 1755 3708 ttl
1798 3649 2053 3706 Salomon
2088 3648 2142 3703 in
2243 3653 2317 3717 ὼς
2347 3651 2597 3722 Σολομῶν
2627 3651 2685 3703 ὲν
2720 3646 3053 3719 Παροιμίαις
3084 3645 3253 3715 λέγει.

568 3752 882 3807 Proverbiis
921 3750 1016 3805 ait.

641 3843 809 3898 Vens.
844 3844 895 3896 7.
945 3861 962 3893 ι
1004 3839 1065 3894 In
1098 3838 1360 3894 memoria
1395 3847 1599 3893 aeterna
1628 3836 1754 3892 erit.
1804 3854 1821 3886 ι

1804 3854 1821 3886 ι
2327 3852 2344 3883 ι
2375 3832 2466 3897 Εἰς
2496 3830 2842 3902 μνημόσυνον
2872 3827 3090 3885 αἰώνιον
3118 3827 3294 3884 ἔσται.
3332 3845 3352 3882 ι

635 3936 772 3991 Cum
809 3935 1060 3998 divitum,
1118 3935 1199 3987 vel
1234 3948 1443 4004 regum,
1484 3931 1572 3987 vel
1627 3930 1787 3985 aliam
1833 3928 2143 3999 quampiam

2328 3925 2547 3995 Ἐπειδὴ
2589 3924 2699 3977 τῶν
2741 3921 2982 3977 ἐνταῦθα
3011 3921 3479 3995 πλουτούντων,ῆ
3516 3920 3792 3993 βασιλευόνο

568 4025 623 4080 in
685 4023 789 4079 hac
838 4022 947 4077 vita
995 4021 1316 4092 dignitatem
1372 4019 1692 4074 habentium
1741 4018 2021 4072 memoria:
2058 4015 2132 4070 hit

2246 4034 2375 4082 των,
2420 4016 2454 4087 ἢ
2484 4016 2576 4072 καί
2598 4015 2769 4087 ἄλλην
2803 4015 3169 4086 κτησαμένων
3197 4013 3292 4068 τοῦ
3321 4013 3440 4084 βίου
3474 4014 3792 4087 περιφάνειαν

567 4115 675 4169 sint
702 4112 1082 4183 tetrtptirariw.
1123 4109 1422 4165 declaravit
1447 4122 1558 4163 non
1598 4108 1672 4162 ita
1714 4121 1836 4162 esse
1872 4106 2131 4177 justorutr

2247 4109 2573 4181 πρόσκαιροί
2620 4125 2765 4172 τινες
2800 4109 2854 4161 αἰ
2907 4109 3088 4178 μνεῑαι
3121 4104 3489 4178 τυγχάνουσιν
3519 4123 3536 4138 ο
3564 4107 3793 4179 ἐδήλωσεν

568 4204 879 4268 memorias,
908 4203 1004 4258 sed
1037 4201 1139 4257 has
1172 4211 1406 4257 aeternas
1436 4200 1718 4256 exsistere.

2246 4203 2328 4255 ὅτι
2357 4201 2466 4255 τῶν
2495 4200 2721 4256 δικαίων
2748 4201 2849 4271 οὐχ
2898 4199 3093 4265 οὕτως,
3122 4199 3237 4253 ἀλλ’
3276 4198 3510 4255 αἰώνιοι.

641 4314 659 4348 ι
705 4294 789 4351 Ab
818 4295 1100 4350 auditione
1124 4295 1267 4349 mala
1298 4309 1405 4349 non
1442 4293 1679 4350 timebit.
1725 4312 1743 4344 ι

2323 4314 2341 4347 t
2391 4294 2524 4347 Ἀπὸ
2556 4294 2727 4364 ἀκοῆς
2755 4294 2998 4365 πονηρᾶς
3027 4293 3088 4346 οὑ
3124 4290 3522 4363 φοσηθήσεται.
3566 4309 3585 4343 ι

637 4388 765 4443 Sive
788 4386 854 4443 de
885 4394 1063 4441 morte
1085 4386 1312 4451 dixeris,
1343 4386 1461 4441 sive
1496 4394 1849 4456 cognatorum
1886 4396 1978 4440 aut
2006 4385 2146 4440 libe-

2318 4387 2444 4441 Εἴτε
2463 4390 2589 4459 περὶ
2620 4386 2850 4440 θανάτου
2879 4385 3054 4455 λέγοις
3087 4427 3102 4452 ,
3125 4384 3238 4437 εἴτε
3260 4383 3544 4454 συγγενῶν
3566 4382 3600 4455 ἢ
3620 4381 3792 4436 τέκνων

567 4494 753 4535 rorum
794 4478 1123 4549 perditione,
1172 4477 1289 4532 sive
1333 4477 1656 4533 facultatum
1695 4478 1930 4548 jactura,
1982 4478 2131 4543 nihil1

2247 4481 2455 4552 ἀπολῆς
2486 4520 2500 4547 ,
2551 4481 2659 4534 εἴτε
2713 4480 3013 4550 χρημάτων
3051 4478 3384 4542 ἐκπτώσεως
3410 4518 3426 4542 ,
3463 4477 3631 4541 οὐδὲν,
3665 4472 3790 4545 φησι,

566 4574 764 4644 inquit,
798 4572 994 4627 horum
1021 4572 1392 4642 pertimescet.
1427 4569 1744 4626 Testabitur
1772 4572 1873 4627 hoc
1898 4570 2021 4638 Job,
2052 4587 2124 4641 qu

2248 4573 2356 4627 τῶν
2401 4573 2711 4644 εἰρημένων
2758 4571 3150 4642 φοϐηθήσεται.
3182 4572 3547 4643 Μαρτυρήσει
3575 4571 3630 4624 δὲ
3664 4567 3790 4631 Ἰὼϐ,

564 4665 622 4721 in
647 4664 904 4720 omnibus
923 4664 1139 4718 dicebat
1170 4682 1184 4716 :
1219 4661 1413 4717 Nudus
1452 4679 1688 4734 egressus
1730 4680 1847 4717 sum
1890 4664 1953 4718 de
1996 4671 2128 4718 utert

2250 4668 2345 4720 ἐπὶ
2396 4666 2600 4731 πάσαις
2658 4665 2851 4720 εἰπών’
2884 4665 3127 4735 Γυμνὸς
3191 4664 3462 4734 ἐξῆλθον
3501 4665 3568 4719 ἐκ
3601 4664 3793 4724 κοιλίας

564 4758 752 4811 matris
782 4772 931 4822 mete,
955 4765 1001 4809 et
1026 4760 1195 4809 nudus
1226 4764 1463 4809 revertar
1494 4755 1622 4809 illuc
1652 4757 1719 4820 ²²,
1752 4766 1869 4817 (δια,

2245 4758 2473 4828 μητρός
2511 4776 2632 4829 μου
2658 4797 2673 4824 ,
2704 4758 2933 4828 γυμνὸς
2982 4757 3084 4812 καί
3125 4756 3574 4827 ἀπελεύσομαι,
3626 4756 3708 4809 καὶ
3740 4755 3792 4805 τὰ

1175 4860 1185 4868 '
2248 4848 2394 4900 ἑξῆς.

632 4935 794 4991 Vens.
836 4938 889 4992 9.
936 4953 956 4986 ι
1002 4934 1285 5008 Dispersit,
1317 4934 1467 4991 dedit
1506 4936 1860 5006 pauperibus.
1894 4954 1913 4989 ι

2248 4848 2274 4900 ὲ
2348 4862 2394 4909 ς.

1894 4954 1913 4989 ι
2280 4847 2348 4992 εἲ
2399 4938 2778 5009 Ἐσκόρπισεν,
2803 4939 2972 4995 ἔδωκε
2999 4942 3113 5003 τοῖς
3140 4940 3389 5011 πένησιν.
3420 4960 3438 4993 ι

636 5028 915 5098 Pauperes
938 5029 1043 5084 hoc
1076 5029 1197 5083 loco
1226 5029 1390 5084 etiam
1425 5028 1699 5099 intelliges
1725 5043 1822 5084 eos
1850 5028 1944 5098 qui
1977 5026 2147 5083 divini

2323 5030 2570 5101 Πένητας
2608 5028 2892 5084 κάνταῦθα
2931 5032 3058 5095 τοὺς
3086 5030 3286 5095 ἐνδεεῖς
3315 5032 3532 5104 νοήσεις
3562 5028 3651 5084 τοῦ
3676 5027 3787 5082 θείου

572 5118 732 5174 Verbi
777 5121 1005 5190 penuria
1058 5121 1341 5184 laborant,
1398 5120 1611 5175 scilicet
1666 5130 1896 5193 gentes,
1951 5120 2136 5190 quiqu

2248 5122 2444 5190 Λόγου,
2467 5122 2537 5187 τὰ
2581 5120 2710 5192 ἔθνη
2730 5122 3017 5192 κδηλονότι,
3040 5115 3123 5188 οἷς
3166 5125 3214 5176 οἰ
3244 5124 3535 5179 ἀπόστολοι
3567 5119 3788 5194 γεωργῶν

568 5211 797 5282 apostoli
824 5211 1188 5284 agricolarum
1235 5212 1408 5267 instar
1433 5212 1679 5283 spiritale
1715 5214 1942 5269 verbum
1970 5213 2132 5268 disse-

2246 5214 2405 5284 δίκην
2431 5214 2522 5268 τὸν
2547 5213 2738 5287 νοητὸν
2771 5216 3139 5287 κατέσπειραν
3169 5215 3353 5285 λόγον.
3389 5218 3555 5273 Οὐδὲν
3578 5216 3677 5288 γὰρ
3703 5231 3787 5269 κω-

569 5304 867 5360 minarunt.
892 5302 1043 5357 Nihil
1072 5303 1216 5358 enim
1253 5303 1508 5374 prohibet
1552 5305 1658 5360 hoc
1683 5305 1850 5359 etiam
1883 5304 2133 5360 historict

2243 5304 2361 5359 λύει
2394 5306 2487 5360 κα.)⁵
2519 5306 2809 5378 ἰστορικῶς
2840 5306 2972 5360 αὐτὸ
2996 5305 3291 5372 δέξασθαι.
3312 5307 3521 5379 Σπόρον
3551 5303 3680 5361 εἶναι
3710 5303 3786 5373 τήν

566 5397 833 5468 πείρετε.
868 5395 1282 5466 Eleemosynam
1314 5394 1556 5450 insinuat
1576 5410 1698 5455 esse
1724 5406 2062 5464 sementem;
2093 5413 2130 5452 ε

2246 5395 2622 5469 ἐλεημοσύνην
2662 5398 2958 5453 αἰνίττεται
2984 5414 3000 5428 ·
3042 5400 3137 5452 καὶ
3178 5399 3267 5454 διὰ
3295 5399 3457 5455 τοῦτό
3488 5417 3616 5469 φησι
3652 5412 3787 5467 σκορ-

562 5488 767 5545 idcirco
799 5485 933 5543 dicit
952 5485 1379 5541 misericordiam
1411 5484 1673 5557 dispergi,
1701 5494 1763 5541 ut
1798 5486 1994 5543 messis
2031 5489 2126 5543 col-

2254 5489 2410 5543 πίσαι
2439 5488 2529 5543 τὸν
2548 5488 2719 5557 ἔλεον,
2752 5491 2839 5546 ἵνα
2869 5491 2966 5562 τὴν
2998 5493 3322 5562 συναγωγὴν
3354 5492 3451 5547 τοῦ
3481 5492 3660 5563 θέρους
3681 5491 3787 5544 ἀνσρ

564 5580 857 5636 lectionem
885 5578 1117 5635 sementi
1162 5578 1586 5650 respondentem
1615 5578 1965 5650 accipiamus.
2009 5580 2128 5636 Nan

2253 5580 2426 5651 λόγως
2473 5581 2554 5653 τῷ
2602 5584 2791 5656 σπόρῳ
2820 5584 3130 5655 δεχώμεθα.
3180 5584 3242 5638 '0
3273 5584 3383 5658 γὰρ
3434 5586 3680 5655 σπείρων
3712 5581 3783 5635 ἐπ’

568 5672 656 5740 qui
690 5674 915 5727 seminat
942 5672 999 5725 in
1038 5671 1502 5740 benedictionibus,
1537 5673 1600 5727 de
1631 5673 2069 5728 benedictionibus
2097 5690 2132 5727 et

2251 5674 2579 5745 εὐλογίαις,
2629 5674 2726 5727 ἐπ’
2769 5676 3077 5745 εὐλογίαις
3118 5676 3216 5731 καί
3247 5679 3491 5748 θερίσει.
3514 5679 3682 5742 Ὀστις
3711 5675 3782 5726 καὶ

639 5873 682 5905 ⁸⁸
722 5874 742 5929 l
774 5871 929 5931 Joan.
962 5891 1023 5941 ιι,
1050 5875 1142 5932 20.
1194 5879 1262 5911 θη
1300 5877 1456 5935 Joan.
1496 5896 1550 5950 v,
1576 5880 1666 5935 ἓξ.
1745 5883 1789 5913 ὐ
1817 5881 1973 5937 Joan.
1999 5896 2079 5946 Ill,
2116 5880 2203 5938 20.

1745 5883 1789 5913 "
1817 5881 1973 5937 Joan.
1999 5896 2079 5946 Ill,
2116 5880 2207 5938 20.
2285 5882 2327 5914 ²¹
2361 5881 2523 5939 Prov.
2555 5898 2665 5952 nx,
2703 5883 2790 5939 17.
2867 5885 2911 5918 ³⁸
2940 5882 3045 5940 Job
3081 5901 3120 5953 ι,
3146 5885 3236 5940 21.
