3962 6416
138 363 305 428 1329
1320 371 1779 432 FRAGMENTA
1816 370 1899 430 IN
1935 370 2292 432 PSALMOS.
3303 363 3438 429 I330
3494 443 3509 451 _

138 482 489 552 σκορπίζειν
533 482 757 546 είκότως
800 483 1041 552 λέγεται,
1084 484 1181 555 τῆς
1225 484 1405 551 δεξιᾶς
1446 484 1745 556 φιλοτίμως

1882 495 2003 538 tete!
2046 485 2117 538 ".
2157 482 2261 549 Qui
2292 482 2459 537 etiam
2502 479 2698 535 merito
2731 478 2930 535 dicitur
2952 479 3284 552 dispergere,
3311 496 3439 537 cum

138 571 508 642 προϊεμένης
550 573 646 625 τὸν
698 572 866 627 ἔλεον.
930 574 1113 645 Κέρας
1161 574 1270 627 τῶν
1321 575 1547 629 δικαίων
1587 577 1625 645 ἡ
1670 576 1749 637 είς

1882 577 1971 645 jus
2027 577 2254 631 dextera
2320 572 2621 628 liberaliter
2679 572 3109 627 misericordiam
3180 570 3437 644 porrigat.

132 659 298 714 Θεὸν
331 662 661 734 πεποίθησις
680 680 692 693 ⁸
737 664 910 737 ταύτῃ
950 666 1058 737 γὰρ
1085 666 1341 730 ἐπιόντας
1369 667 1493 731 τοὺς
1520 666 1750 738 ἐχθροὺς

1882 669 2035 722 lornu
2081 668 2359 735 iustorum
2394 676 2481 722 est
2533 666 2732 721 liducia
2781 664 2835 719 in
2895 664 3063 719 Deum
3098 680 3115 715 :
3149 665 3252 719 hac
3289 665 3437 720 enim

139 755 550 827 κερατίζομεν.
584 758 755 811 Τοῦτο
785 761 881 812 καὶ
927 758 1019 812 νῦν
1048 760 1147 829 μέν
1174 759 1323 813 ἐστιν
1351 759 1576 831 ὑψηλὸν,
1612 758 1750 813 ἀλλὰ

1882 770 2198 831 nsurgentes
2226 760 2417 814 hostes
2454 774 2627 814 cornu
2659 756 3012 812 ventilamns.
3046 756 3193 811 Illud
3215 757 3437 826 quidem

137 848 291 911 τοὺς
334 848 565 913 πολλοὺς
592 850 839 921 λέληθεν.
859 851 1118 921 ’Υψοῦται
1140 853 1317 906 τοίνυν
1347 853 1405 906 ὲν
1431 853 1579 925 δόξῃ,
1603 852 1749 907 κατὰ

1888 851 2150 904 tiamnum
2198 849 2433 905 sublime
2481 857 2585 912 est,
2626 848 2724 903 sed
2767 847 3039 916 plurimos
3083 846 3236 900 latet.
3279 846 3441 900 Exal-

136 939 250 994 τὸν
278 940 455 994 αίῶνα
487 941 732 1012 δηλονότι
771 943 863 997 τὸν
900 942 1166 1013 μέλλοντα
1206 944 1322 1009 πῶς
1342 944 1453 1015 ἔχει
1488 944 1752 1014 μεγέθους

1882 950 2001 995 atur
2035 941 2200 1012 igitur
2248 941 2304 995 in
2343 940 2536 1011 gloria,
2574 939 2794 1008 quando
2839 938 3100 992 nimirum
3158 936 3214 991 in
3254 935 3439 991 futuro

143 1033 257 1085 καὶ
300 1032 463 1104 δόξης
492 1035 916 1109 φανερούμενον.

241 1230 263 1263 ι
322 1211 672 1285 Ἀμαρτωλδς
705 1214 915 1284 ὄψεται,
943 1216 1042 1269 καὶ
1069 1216 1481 1289 όργισθήσεται.
1514 1239 1532 1270 ι

233 1303 445 1377 Βρὺχει
498 1307 625 1372 τοὺς
677 1309 889 1373 ὀδόντας
938 1311 967 1362 ό
1017 1310 1293 1372 διάϐολος·
1340 1311 1506 1365 αὑτοῦ
1545 1311 1656 1383 γὰρ
1695 1310 1755 1364 τὸ

152 1395 475 1467 βρύχεσθαι
514 1400 679 1466 ἴδιον,
721 1401 797 1465 ὡς
844 1402 1122 1474 ἀνημέρου
1164 1403 1373 1468 λέοντος
1404 1422 1416 1433 ·
1470 1404 1607 1459 ἁλλὰ
1663 1405 1757 1457 καὶ

150 1484 325 1556 οὗτος
370 1496 669 1559 τακήσεται
714 1494 793 1565 τῷ
823 1497 959 1567 πυρὶ
1005 1495 1107 1565 τῆς
1150 1496 1397 1566 γεέννης,
1456 1490 1610 1568 ᾧπερ
1653 1497 1755 1550 ἁπο

150 1580 461 1653 εκληρώθη
495 1584 813 1654 τηκόμενος.
849 1586 1036 1640 Ἔνθα
1071 1587 1103 1638 ὁ
1136 1585 1409 1654 βρυγμὸς
1429 1586 1548 1639 τῶν
1579 1586 1752 1641 ὀδόν-

152 1690 312 1741 των,
346 1675 424 1739 ὡς
457 1677 486 1731 ό
514 1678 718 1749 Κύριος
742 1678 919 1746 ἔλεγε.

724 1795 1018 1849 ΨΔΛΜΟΣ
1064 1798 1216 1854 PIB'.

245 1921 268 1955 ι
293 1902 530 1975 ’Υψηλδς
552 1904 644 1959 ἐπὶ
671 1906 849 1962 πάντα
873 1908 944 1962 τὰ
968 1908 1115 1981 ἔθνη,
1144 1913 1172 1965 ό
1196 1911 1420 1984 Κύριος.
1451 1932 1469 1964 ι

236 2081 368 2134 Κᾶν
396 2084 502 2155 γὰρ
534 2083 768 2138 ἐνταῦθα
796 2084 1111 2157 δοξάζηται,
1149 2090 1266 2143 ἀλλ’
1298 2092 1378 2153 είς
1420 2093 1509 2144 τὸν
1531 2092 1759 2163 οὐρανὸν

157 2170 196 2240 ὴ
234 2170 369 2235 δόξα
396 2175 610 2243 τρέχει,
644 2173 773 2243 ἔνθα
804 2174 864 2227 τὸ
898 2177 1313 2249 ἀχειροποίητον
1359 2182 1747 2253 θυσιαστήριον

161 2260 463 2333 κέκτηται,
493 2265 622 2319 ἔνθα
649 2266 915 2338 διηνεκῶς
949 2271 1114 2325 αὐτὸν
1150 2274 1205 2326 αἱ
1238 2274 1488 2345 στρατιαὶ
1517 2275 1625 2327 τῶν
1654 2277 1757 2342 ἁγ-

160 2350 359 2419 γέλων
386 2354 702 2420 δοξάζουσιν
728 2373 741 2388 ·
793 2351 868 2414 ὧν
888 2361 969 2425 εἰς
1000 2362 1237 2435 μίμησιν
1259 2366 1423 2435 ἡμεῖς
1450 2364 1758 2434 δοξολογίαν

162 2444 487 2515 ἐμάθομεν.

249 2554 269 2586 ε
304 2536 403 2600 Τίς
428 2538 504 2602 ὼς
524 2540 729 2610 Κύριος
759 2545 788 2597 ό
826 2544 959 2610 Θεὸς
989 2547 1147 2619 ἡμῶν
1169 2589 1185 2613 ,
1218 2567 1236 2601 ι

260 2629 352 2681 Ἐν
386 2630 611 2702 ὑψηλοῖς
637 2634 665 2685 ό
685 2635 816 2701 Θεὸς
849 2642 1118 2703 κατοικεῖ,
1149 2642 1211 2694 οὐ
1244 2642 1406 2711 μόνον
1427 2642 1517 2697 διὰ
1548 2644 1639 2698 τὸν
1666 2645 1760 2700 οὐ-

168 2721 347 2791 ρανὸν
386 2722 464 2787 ὡς
490 2724 695 2797 ὑψηλὸν
722 2728 855 2785 ὄντα
878 2769 893 2794 ,
923 2732 1020 2787 καὶ
1065 2734 1229 2788 αὑτοῦ
1261 2737 1576 2808 οἰκητήριον
1610 2739 1764 2809 λεγό-

171 2829 348 2880 μενον
373 2856 389 2879 ,
431 2815 548 2868 ἁλλ’
580 2818 771 2890 ἐπειδὴ
811 2822 924 2885 τοῖς
954 2822 1132 2890 ἁγίοις
1184 2825 1404 2879 ἐνοικεῖ.
1454 2825 1678 2898 Ὑψηλοὶ
1704 2827 1762 2883 δὲ

167 2898 350 2973 οὗτοι,
378 2906 467 2961 διὰ
488 2907 549 2961 τὸ
585 2910 749 2980 μηδὲν
780 2914 970 2984 γήϊνον
1000 2915 1355 2986 μεταδιώκειν
1377 2918 1710 2989 τυγχάνουσι
1744 2936 1760 2951 '

169 2997 309 3065 περὶ
337 2992 413 3053 ὧν
454 2999 680 3066 Ἡσαΐας
713 3004 878 3075 φησίν
902 3021 916 3035 ·
948 3006 1141 3076 Ἄγιος
1190 3010 1403 3077 Κύριος
1434 3012 1468 3064 ό
1502 3011 1572 3063 ἐν
1602 3013 1764 3081 ὑψη-

172 3088 317 3156 ⁵λοῖς
346 3091 645 3147 κατοικῶν
678 3110 691 3123 ·
739 3096 980 3166 ὑψηλοὺς
1006 3099 1132 3162 τοὺς
1166 3099 1355 3166 ἁγίους
1394 3100 1583 3155 είπών.

256 3201 277 3234 σ
330 3181 390 3235 Ὀ
420 3184 753 3252 κατοικίζων
786 3189 1008 3260 στείραν
1039 3191 1096 3243 ὲν
1128 3190 1282 3262 οἴκῳ.
1324 3211 1343 3245 ι

253 3275 483 3343 Στείραν
524 3278 634 3332 εἴτε
674 3280 774 3351 τὴν
822 3280 983 3350 φύσιν
1020 3282 1185 3353 ὃλην,
1216 3284 1326 3337 εἴτε
1367 3285 1466 3355 τὴν
1497 3284 1556 3350 ἐξ
1598 3286 1769 3340 ἐθνῶν

191 3366 526 3437 Ἐκκλησίαν
554 3369 765 3440 λέγοις,
794 3374 879 3443 ἐφ’
900 3374 1166 3445 ἑκατέρας
1198 3377 1429 3447 ἁρμόσει
1450 3378 1511 3430 τὸ
1542 3378 1771 3449 λεγόμε-

179 3475 276 3512 νον
304 3475 319 3487 °
348 3460 436 3513 διὰ
466 3461 575 3533 γὰρ
604 3463 703 3533 τὴν
735 3465 1152 3537 είδωλολατρίαν
1172 3469 1517 3539 ὲστείρωντο.
1552 3471 1770 3541 Ταύτην

178 3550 370 3601 τοίνυν
416 3551 521 3615 ἔξω
553 3554 903 3624 ρεμϐομένην
926 3558 1005 3619 είς
1036 3557 1122 3609 τὸν
1150 3554 1300 3611 οἶκον
1330 3560 1421 3612 τὸν
1452 3560 1648 3614 ἑαυτοῦ
1680 3561 1771 3614 τὸν

182 3643 353 3710 νόμον
368 3644 623 3715 ἐξήγαγε,
648 3649 740 3702 καὶ
768 3648 980 3721 μητέρα
1001 3651 1207 3705 τέκνων
1223 3652 1331 3705 τῶν
1354 3653 1772 3723 υἱοθετηθέντων

182 3734 266 3804 τῷ
296 3735 416 3805 Θεῷ
445 3738 876 3812 εὐφραινομένην
934 3740 1152 3807 ἔδειξεν·
1185 3740 1251 3816 ἦς
1300 3744 1474 3810 οὕτως
1506 3748 1693 3817 σαφῶς
1712 3749 1772 3803 τὸ

186 3826 486 3893 πρόσωπον
512 3829 780 3895 ὀἨσαΐας
802 3831 1096 3903 ἐξήγαγενο
1120 3836 1306 3903 Ἐρεῖς
1340 3837 1468 3910 γὰρ,
1492 3841 1677 3909 φησιν,
1703 3842 1774 3895 ἐν

186 3917 265 3985 τῇ
284 3919 499 3988 καρδίᾳ
528 3937 665 3977 aov’
702 3925 796 3990 Τίς
809 3924 1102 3995 ἐγέννησέ
1110 3945 1211 3996 μοι
1242 3929 1673 4002 τούτους;Ἐγὼ
1704 3932 1772 3987 δὲ

188 4011 464 4078 ἄτεκνος,
496 4013 593 4067 καὶ
622 4012 778 4084 χήρα.
802 4015 1088 4084 πάροικος
1131 4019 1227 4073 καί
1278 4021 1771 4093 ἐγκεκλεισμένη.

189 4104 305 4159 Καὶ
362 4106 611 4174 τούτους
644 4110 735 4174 τίς
779 4110 1065 4181 ἐξέτρεψέ
1107 4130 1253 4182 μοι;
1304 4114 1454 4185 Ἐγὼ
1508 4114 1573 4169 δὲ
1635 4133 1777 4170 κατ-

190 4200 481 4269 ελείερθην
503 4203 682 4271 μόνη*
712 4198 878 4259 οὗτοι
911 4203 978 4258 δέ
1007 4223 1109 4274 μοι
1147 4207 1265 4261 ποῦ
1294 4204 1495 4278 ἦσαν;

742 4317 839 4370 ΨΑ
850 4319 1035 4372 ΛΜΟΣ
1065 4321 1212 4375 PII".

274 4422 293 4454 ι
347 4401 413 4456 Ἦ
444 4403 723 4461 θάλλασσα
752 4404 890 4474 εἶδε,
926 4412 1022 4463 καὶ
1049 4410 1269 4480 ἔφυγεν.
1314 4432 1333 4465 ι

1852 1034 2052 1089 saeculo
2074 1044 2291 1103 quantm
2321 1031 2715 1103 magnitudinis
2741 1029 3038 1102 gloriaeque
3066 1028 3233 1082 fuerit
3264 1028 3439 1082 mani-

1855 1127 2163 1182 testabitur.

1927 1221 2090 1276 Vsus.
2145 1220 2232 1275 lO.
2262 1239 2279 1271 ι
2309 1220 2573 1275 Peccator
2595 1218 2825 1283 videbit,
2850 1226 2907 1272 et
2926 1218 3212 1271 irascetur.
3254 1233 3271 1265 ι

1929 1309 2182 1365 Diabolus
2204 1310 2386 1365 fremit
2414 1310 2671 1365 dentibus
2709 1327 2720 1363 :
2764 1308 2938 1377 ipsius
2974 1308 3119 1361 enim
3158 1304 3437 1376 proprium

1856 1410 1939 1457 est
1971 1402 2224 1464 fremere,
2262 1412 2450 1471 utpote
2485 1401 2664 1456 leonis
2688 1400 2984 1455 truculenti
3012 1413 3025 1451 :
3060 1406 3436 1453 verumtamen

1856 1493 1977 1563 ipse
2028 1492 2191 1547 etiam
2248 1492 2603 1561 colliquescet
2653 1492 2777 1561 igne
2805 1490 3101 1561 gehennae;
3135 1488 3225 1541 cui
3265 1488 3440 1556 depu-

1858 1594 2005 1639 tatus
2033 1593 2116 1639 est
2150 1585 2455 1640 tabescens.
2493 1584 2586 1639 Ubi
2630 1584 2729 1637 erit
2758 1582 2955 1636 stridor
2989 1581 3224 1635 dentium
3272 1578 3337 1639 “.
3381 1586 3441 1632 ut

1861 1678 2123 1733 Dominus
2153 1678 2248 1732 ait.

2390 1788 2714 1845 PSALMUS
2750 1786 2914 1844 CXII.

1936 1906 2093 1962 Vnus.
2136 1905 2189 1959 4.
2250 1924 2268 1956 ι
2308 1905 2570 1960 Excelsus
2624 1918 2791 1975 super
2843 1915 3038 1959 omnes
3098 1907 3290 1972 gentes
3339 1898 3444 1952 Do-

1863 1999 2066 2054 minus.
2107 2018 2127 2049 ι

1933 2090 2045 2145 Etsi
2086 2090 2234 2144 enim
2281 2088 2371 2143 hic
2422 2086 2782 2160 gloriﬁcetur,
2834 2096 3076 2141 attamen
3136 2084 3193 2138 in
3244 2082 3443 2138 cmluni

1860 2186 2031 2257 gloria
2062 2183 2256 2249 tendit,
2300 2180 2393 2236 ubi
2442 2179 2607 2234 habet
2640 2179 2810 2233 altare
2856 2192 2965 2232 non
3014 2191 3179 2231 manu
3216 2174 3442 2236 factum,

1861 2279 1917 2333 in
1947 2292 2057 2348 quo
2084 2276 2359 2332 exercitus
2397 2273 2717 2345 angelorum
2751 2278 3017 2341 perpetuo
3058 2270 3236 2339 ipsum
3276 2264 3445 2339 glori-

1864 2370 2063 2432 ﬁcant;
2094 2368 2164 2424 ad
2193 2381 2429 2439 quorum
2461 2363 2825 2420 imitationem
2850 2377 2952 2415 nos
2976 2359 3279 2431 gloriﬁcare
3306 2357 3446 2414 didio

1866 2462 2065 2534 cintus.

1933 2532 2097 2609 Vens.
2129 2552 2184 2607 5.
2232 2569 2250 2602 ι
2272 2548 2405 2615 Quis
2434 2548 2576 2603 sicut
2604 2544 2867 2601 Dominus
2888 2543 3033 2598 Deus
3055 2548 3245 2595 noster
3262 2539 3286 2593 τ
3302 2532 3333 2590 ἰ

1932 2648 1993 2702 In
2022 2645 2253 2702 excelsis
2308 2643 2453 2699 Deus
2504 2640 2738 2705 habitat,
2800 2654 2912 2693 non
2977 2636 3154 2691 solum
3221 2640 3447 2704 propter

1862 2739 2061 2797 omium
2108 2735 2254 2808 quod
2317 2733 2598 2790 excelsum
2631 2740 2735 2795 est,
2786 2730 3016 2800 ejusque
3072 2722 3445 2781 habitaculum

1864 2839 2233 2902 nuncupatur,
2271 2828 2369 2885 sed
2414 2827 2542 2897 quia
2577 2825 2631 2880 in
2654 2825 2859 2879 sanctis
2894 2820 3122 2876 habitat.
3164 2817 3231 2873 Hi
3261 2824 3445 2870 autem

1865 2928 2029 2983 etiam
2064 2924 2267 2982 excelsi
2302 2932 2453 2985 sunt,
2485 2936 2553 2976 eo
2577 2918 2724 2990 quod
2764 2916 2901 2971 nihil
2933 2925 3211 2971 terrenum
3249 2924 3447 2965 consc-

1865 3028 2084 3076 ctentur
2109 3035 2123 3071 :
2154 3016 2224 3072 de
2248 3014 2446 3087 quibus
2471 3012 2640 3069 Isaias
2662 3011 2780 3066 ait:
2811 3008 3038 3064 Sanctus
3068 3003 3326 3058 Dominus
3357 3001 3447 3071 qui

1869 3115 1923 3167 in
1961 3110 2174 3167 excelsis
2201 3108 2407 3162 habitat
2436 3107 2579 3169 ""7,
2608 3105 2855 3161 excelsos
2896 3097 3177 3171 appellans
3205 3103 3445 3152 sanctos.

1948 3203 2113 3258 Vsus.
2152 3202 2204 3257 9.
2244 3220 2263 3253 ‹
2302 3198 2405 3266 Qui
2435 3198 2684 3254 habitare
2713 3195 2842 3251 facit
2871 3193 3111 3250 sterilem
3142 3190 3195 3245 in
3229 3188 3444 3244 domo.»

1940 3294 2066 3349 Sive
2094 3302 2350 3347 naturam
2378 3290 2712 3352 universam,
2751 3287 2864 3341 sive
2898 3284 3193 3339 Ecclesiam
3221 3296 3291 3336 ex
3315 3294 3448 3350 gen—

1871 3386 2015 3442 tibus
2045 3383 2285 3440 sterilem
2332 3381 2557 3445 dixeris,
2602 3378 2819 3448 utrique
2866 3373 3156 3446 quadrabit
3206 3371 3257 3425 id
3302 3366 3449 3439 quod

1870 3479 2073 3534 dictum
2106 3484 2208 3538 est,
2243 3473 2500 3544 quoniam
2533 3488 2631 3542 per
2673 3469 3033 3526 idololatriam
3072 3464 3289 3520 steriles
3320 3477 3450 3516 eva-

1871 3578 2072 3626 serant.
2100 3569 2251 3623 lllam
2281 3569 2425 3623 enim
2452 3566 2583 3622 foris
2610 3574 2898 3637 vagantem
2921 3563 2991 3629 .in
3016 3561 3239 3617 domum
3271 3571 3448 3619 suam.

1873 3662 2080 3720 scilicet
2104 3662 2280 3733 legem
2304 3658 2629 3725 introduxit,
2662 3666 2718 3713 et
2746 3664 2975 3711 matrem
3016 3653 3248 3708 ﬁliorum
3278 3665 3309 3703 a
3340 3648 3452 3733 Deo

1872 3728 2253 3826 adoptatorum
2284 3753 2558 3807 laetantem
2596 3748 2989 3806 demonstravit
3017 3766 3029 3801 :
3071 3746 3230 3816 cujus
3260 3728 3452 3815 perso-

1873 3864 1997 3902 nam
2027 3848 2131 3901 hoc
2150 3845 2312 3900 modo
2334 3844 2477 3899 clare
2516 3843 2819 3898 introduxit
2854 3840 3021 3895 Isaias
3054 3856 3067 3890 :
3103 3838 3253 3891 Dices
3279 3835 3449 3899 enim,

1874 3940 2067 4011 inquit,
2114 3941 2169 3993 in
2205 3939 2357 3994 corde
2396 3946 2485 3991 tuo
2510 3953 2528 3990 .'
2572 3934 2698 4001 Quis
2736 3935 2913 4004 genuit
2966 3932 3092 3986 mihi
3134 3931 3298 3985 istos?
3340 3925 3470 3998 Ego'

1873 4042 2050 4086 autem
2085 4032 2274 4102 absque
2314 4030 2509 4093 liberis,
2546 4038 2595 4083 et
2634 4030 2794 4082 vidua
2831 4025 3215 4094 transmigrata
3256 4030 3303 4075 et
3330 4034 3453 4087 cap-

1874 4124 2000 4175 tiva.
2045 4120 2112 4174 Et
2152 4121 2279 4174 istos
2307 4120 2425 4190 quis
2461 4118 2706 4172 enutrivit
2751 4116 2920 4169 mihi?
2954 4114 3063 4185 Ego
3089 4121 3266 4167 autem
3302 4111 3453 4164 dere-

1874 4216 1998 4270 licta
2031 4231 2144 4268 sum
2165 4214 2278 4268 sola
2295 4228 2314 4279 ;
2341 4223 2389 4268 et
2413 4213 2509 4267 isti
2531 4212 2659 4265 mihi
2686 4211 2774 4265 ubi
2803 4220 2954 4264 erant
2984 4208 3086 4260 "1’.

2391 4325 2713 4382 PSALMUS
2748 4324 2932 4381 CXIII.

1947 4419 2104 4474 Vsus.
2144 4418 2200 4472 5.
2243 4437 2261 4470 ι
2300 4414 2448 4471 Mare
2485 4414 2645 4481 vidit,
2678 4425 2733 4469 et
2765 4413 2917 4485 fugit.
2958 4432 2987 4463 ι»

263 4494 455 4550 Ταῦτα
493 4498 590 4568 μὲν
628 4501 757 4564 ἴσως
785 4502 926 4557 κατὰ
957 4503 1019 4557 τὸ
1056 4504 1314 4575 αἰσθητὸν
1348 4507 1441 4560 ἐπὶ
1463 4506 1559 4578 τῆς
1590 4508 1768 4575 ἐξόδου

1947 4510 2075 4564 Haec
2118 4509 2258 4563 forte
2300 4507 2522 4577 quidem
2566 4505 2871 4561 secundum
2923 4517 3146 4558 sensum
3198 4500 3252 4554 in
3302 4499 3463 4553 exitu»

193 4588 289 4643 τοῦ
324 4588 459 4643 λαοῦ
489 4592 597 4643 τῶν
642 4594 910 4649 Ἰουδαίων
940 4596 1176 4665 ἐγένετο,
1206 4598 1385 4653 καίτοι
1423 4600 1542 4653 οὐδὲ
1571 4602 1773 4671 φυγοῦ-

197 4696 299 4733 σαν
370 4681 486 4733 ἐκεῖ
542 4682 640 4751 τὴν
702 4683 999 4750 θάλασσαν,
1061 4686 1199 4741 ἁλλὰ
1256 4689 1365 4759 γὰρ
1411 4690 1775 4762 διαιρεθεῖσαν

195 4772 466 4841 ἔγνωμεν.
494 4774 555 4827 El
593 4774 650 4828 δὲ
690 4776 786 4829 καὶ
824 4775 996 4832 ταῦτα
1019 4780 1335 4851 γεγένηται,
1358 4783 1473 4835 ἁλλ’
1495 4785 1679 4839 οὐκέτι
1708 4787 1778 4841 τὰ

199 4864 464 4933 ἑπόμενα.
512 4866 649 4920 Πότε
690 4868 798 4940 γὰρ
847 4869 946 4941 ὅρη
1001 4871 1285 4941 ὑψωθέντα
1338 4877 1469 4947 παρ’
1518 4878 1701 4942 αὐτοῖς
1743 4879 1776 4950 ἢ

199 4955 426 5027 βουνοὺς
472 4959 828 5033 ήκούσαμενς
862 4963 1002 5019 ὥστε
1034 4966 1215 5036 δῆλον,
1252 4968 1334 5021 ὅτι
1372 4969 1467 5021 καὶ
1492 4970 1633 5042 ἅπερ
1678 4972 1778 5023 αὐ-

196 5051 310 5111 τοῖς
340 5050 623 5104 συνέϐαινε
646 5052 903 5124 θαύματα
922 5098 935 5118 ,
963 5058 1166 5128 μερικὰ
1198 5059 1298 5129 μὲν
1316 5055 1404 5130 ἦν,
1432 5062 1513 5124 είς
1530 5062 1780 5116 ἐκτόπω-

201 5158 287 5194 σιν
324 5141 381 5194 δὲ
418 5143 526 5197 τῶν
567 5146 853 5219 ἡμετέρων
880 5149 1182 5206 συνέϐαινε.
1224 5151 1512 5206 Θάλασσαν
1546 5155 1657 5224 γὰρ
1680 5155 1780 5226 τὴν

199 5234 450 5303 πονηρὰν
478 5234 572 5288 τοῦ
605 5235 721 5305 βίου
771 5237 1067 5304 πολιτείαν,
1105 5240 1180 5305 ὡς
1216 5243 1449 5297 ἄστατον
1473 5284 1489 5309 ,
1534 5246 1774 5315 ναυάγιὰ

1880 4600 2063 4672 populi
2084 4597 2393 4654 Iudaeorum
2450 4596 2814 4667 contigerunt,
2866 4594 2993 4649 licet
3018 4594 3125 4647 illic
3170 4604 3319 4645 mare
3346 4606 3461 4643 non

1882 4692 2104 4763 fugisse,
2137 4692 2233 4746 sed
2281 4689 2548 4747 dillissnm
2578 4688 2748 4743 fuisse
2774 4686 3215 4757 cognoverimus.
3256 4684 3457 4736 Verum

1883 4794 1943 4839 ut
1985 4783 2093 4839 ista
2125 4783 2290 4838 etiam
2329 4782 2678 4854 contigerint,
2731 4793 3073 4849 nequaquam
3130 4786 3311 4832 tamen
3366 4790 3457 4830 se-

1884 4874 2124 4944 quentia.
2163 4873 2265 4929 Ubi
2307 4873 2454 4929 enim
2500 4872 2642 4943 apud
2680 4872 2827 4942 ipsos
2883 4877 3098 4924 montes
3152 4867 3239 4921 vel
3290 4867 3459 4922 colles

1884 4965 2147 5019 exaltatos
2178 4963 2343 5019 fuisse
2377 4963 2781 5019 intelleximus?
2808 4961 2952 5016 unde
2983 4958 3334 5015 manifestum
3375 4960 3455 5021 ιιι.

1881 5061 1971 5114 illa
2030 5059 2291 5113 miracula
2351 5074 2471 5128 quae
2530 5059 2660 5128 ipsis
2714 5065 3043 5123 evenerunt,
3107 5054 3458 5126 particularia

1882 5152 2100 5223 quidem
2129 5150 2320 5216 fuisse,
2351 5150 2446 5205 sed
2484 5151 2554 5205 ad
2587 5150 2856 5205 nostratia
2894 5150 3249 5220 exprimenda
3277 5148 3457 5205 conti-

1882 5245 2044 5315 gisse.
2097 5242 2241 5298 Mare
2292 5242 2438 5297 enim
2488 5242 2917 5297 existimandum
2966 5251 3051 5297 est
3102 5256 3327 5312 pravum
3378 5238 3458 5294 vi-

196 5344 261 5379 τε
296 5327 557 5381 ποιοῦσαν
610 5331 703 5383 καὶ
738 5332 982 5401 χειμῶνα
1017 5337 1129 5396 τοῖς
1156 5336 1215 5388 ὲν
1243 5336 1379 5407 αὑτῇ
1417 5337 1681 5408 προσήκει
1705 5356 1768 5391 νο

1887 5334 2044 5390 vendi
2082 5336 2415 5399 institutum,
2455 5344 2646 5405 utpote
2688 5335 3027 5399 inconstans,
3065 5332 3458 5403 naufragiaque

204 5419 464 5489 μίξεσθαι
486 5438 498 5451 ·
538 5421 814 5494 Ἰορδάνην
843 5422 899 5475 δέ
930 5416 993 5492 γε
1018 5425 1117 5496 τὴν
1148 5426 1306 5497 χάριν
1336 5428 1428 5480 τοῦ
1465 5426 1781 5499 βαπτίσμα-

200 5526 317 5575 τος.
342 5510 540 5580 Φεύγει
576 5512 755 5566 τοίνυν
784 5515 817 5585 η
844 5514 939 5567 τοῦ
973 5516 1089 5587 βίου
1119 5518 1363 5572 θάλασσα
1395 5519 1487 5572 τὸν
1529 5520 1781 5590 ἐξομολο-

203 5603 494 5673 γούμενον,
536 5604 755 5677 ἁλμυρὰ
794 5623 880 5671 τις
906 5602 1040 5662 οὖσα
1064 5649 1078 5675 ,
1113 5612 1204 5664 καὶ
1232 5610 1307 5682 μὴ
1337 5609 1613 5682 δυναμένη
1647 5614 1783 5676 ποὺς

280 5803 326 5834 ’³
358 5803 401 5858 ll
431 5804 556 5860 Cor.
592 5821 666 5872 IX,
699 5804 751 5861 6.
826 5806 869 5836 "
893 5804 1081 5861 Matth.
1114 5821 1228 5872 νιιι,
1267 5804 1347 5861 12.

1890 5441 1955 5481 ac
1986 5434 2337 5495 tempestates
2382 5426 2438 5479 in
2467 5441 2541 5480 eo
2566 5426 2910 5481 versantibus
2948 5425 3232 5490 excitans;
3262 5420 3458 5479 Iorda-

1887 5532 2012 5571 nem
2053 5533 2185 5571 vero
2222 5532 2344 5571 esse
2384 5518 2611 5587 gratiam
2661 5518 3022 5589 baptismatis.
3073 5513 3245 5586 Hujus
3293 5511 3458 5583 igitur

1890 5608 2011 5663 vitae
2036 5624 2182 5663 mare
2214 5608 2349 5681 fugit
2373 5624 2497 5663 eum
2533 5610 2624 5680 qui
2650 5608 2961 5673 conﬁtetur,
2992 5623 3118 5662 cum
3144 5606 3213 5662 sit
3231 5605 3455 5669 salsum,

1418 5806 1533 5838 ’5'"
1557 5804 1707 5859 Isaiae
1742 5820 1868 5869 Lvu,
1904 5805 1985 5859 15.
2068 5806 2111 5837 ²¹¹
2146 5807 2246 5860 lsa.
2282 5821 2426 5874 XLIX,
2453 5806 2555 5863 2L,
