3962 6418
528 349 657 413 1331
1716 366 2078 431 lIESYCHII
2132 372 2605 439 PRESBYTERI
3650 387 3764 451 1332

518 476 575 523 et
604 485 712 525 non
743 470 914 541 possit
944 489 1068 529 cum
1099 478 1191 533 illo
1231 483 1577 538 commisceri
1605 486 1695 556 qui
1719 489 1891 542 semel
1951 489 2086 545 dese!

2210 495 2304 546 τὸν
2364 494 2514 561 ἅπαξ
2573 498 3010 570 ἀναχωρήσαντα
3070 498 3175 568 τῆς
3232 499 3342 552 τῶν
3384 501 3767 571 ἁμαρτημάτων

518 564 627 617 ruit
661 564 991 637 salsuginem
1034 582 1408 641 peccatorum.
1461 577 1719 634 Jordanis
1770 590 1955 635 autem
1999 598 2086 636 nm

2215 587 2399 658 ἅλμης
2424 564 2960 660 ὲγκαταμίλίνυσθαι.
3008 591 3065 646 Ὀ
3111 564 3383 663 ’ίορδάνης
3578 564 3766 663 ξεὺγει,

518 656 681 728 fugit,
719 660 814 713 sed
837 664 1225 723 confitentibus
1259 677 1561 725 retrorsum
1606 672 1859 735 vertitur,
1882 674 2013 728 dum
2041 691 2086 730 at

2210 678 2328 732 ἀλλ’
2355 656 2443 743 είς
2466 656 2535 733 τὸ
2562 656 2738 736 ὀπίσω
2792 684 2904 746 τοῖς
2940 656 3454 754 ὲξομολοῆουμένοις
3481 656 3766 754 στρέφεται,

516 749 860 815 poenitentiae
888 754 1151 827 laerymas
1191 770 1591 816 convertuntur
1617 780 1631 829 ;
1663 766 2086 836 quandoquiden

2210 770 2291 832 είς
2347 772 2411 825 τὸ
2450 772 2553 841 τῆς
2611 774 2903 844 μετανοίας
2955 749 3453 845 μεταϐαλλομένοις
3515 749 3766 844 δᾶκρυονέ

518 841 570 895 in
605 844 804 913 virtute
836 849 1174 919 baptismatis
1210 854 1535 923 ptenitentia
1570 868 1852 927 operetur,
1894 870 1949 914 et
1978 861 2086 914 nul-

2208 862 2400 933 ἐπειδὴ
2449 867 2515 935 τῇ
2567 841 2798 936 δυνάμει
2839 841 3362 936 τοῦνβαπτίσματος
3411 841 3701 936 ἐνεργεῖται
3740 869 3768 939 ἡ

518 936 628 988 lum
662 936 901 993 fructum
930 941 1268 1010 pmnitentiw
1300 945 1582 1017 percipere
1609 950 1735 1018 quis
1772 951 1968 1021 possit,
1996 953 2083 1007 nis

2210 956 2491 1024 μετάνοια,
2535 958 2626 1011 καὶ
2655 958 2809 1011 οὐδὲν
2835 958 3145 1029 ὠφεληθείη
3179 975 3264 1021 τις
3308 956 3607 1027 μετανοῶν,
3634 959 3678 1011 εί
3707 936 3770 1028 μη

515 1027 666 1096 prius
711 1030 876 1085 fuerit
924 1033 1253 1103 baptizatus,
1291 1039 1378 1093 vel
1415 1040 1609 1095 saltem
1658 1043 1760 1097 sub
1792 1042 1935 1098 idem
1976 1054 2083 1099 tem

2204 1047 2361 1117 τύχοι
2419 1050 2680 1121 πρότερον
2721 1027 3065 1121 βαπτισθεὶς,
3201 1050 3297 1104 καὶ
3339 1053 3462 1105 κατ’
3507 1050 3662 1105 αὐτὸν

514 1135 617 1188 pus
648 1124 987 1191 paenitentiae
1026 1127 1356 1197 baptizetur.
1393 1130 1741 1204 Quapropter
1762 1136 1851 1190 lex
1882 1152 2086 1192 omnen

2205 1141 2395 1210 καιρὸν
2420 1142 2517 1211 τῆς
2562 1144 2855 1213 μετανοίας
2888 1141 3315 1214 βαπτιζόμενος.
3352 1144 3557 1214 Διόπερ
3580 1146 3608 1196 6
3628 1144 3770 1213 νόμος

512 1214 756 1270 sordium
786 1218 1169 1276 liberationem
1202 1239 1303 1294 per
1332 1240 1526 1295 aquam
1559 1230 1874 1297 praestabat.
1918 1230 2023 1286 Sed
2048 1248 2086 1289 e‘

2204 1232 2387 1285 πᾶσαν
2444 1232 2740 1305 μολυσμῶν
2797 1234 3123 1306 ἀπαλλαγὴν
3168 1233 3236 1289 δι’
3255 1234 3451 1297 ὓδατος
3502 1234 3769 1305 ἔπραττεν.

511 1303 751 1362 Joannes
794 1324 918 1364 cum
961 1313 1341 1382 penitentiam
1388 1320 1737 1388 praedicaret,
1784 1323 1946 1378 simul
1975 1341 2099 1381 cum

512 1397 835 1466 pcenitentia
873 1402 1210 1473 baptismum
1239 1407 1642 1465 subinl‘erebat.

584 1509 742 1570 Vens.
774 1516 830 1570 4.
871 1534 890 1568 ι
932 1516 1145 1577 Montes
1174 1524 1586 1580 exsultaverunt
1612 1526 1756 1582 sicut
1788 1529 2011 1586 arietes.
2040 1550 2059 1583 ι

580 1603 867 1677 Propheta:
924 1627 1163 1683 namque
1224 1630 1418 1670 omnes
1491 1619 1728 1688 gaudent
1805 1631 2098 1679 cernentes

508 1699 926 1758 conversionem
951 1706 1261 1762 conﬁtentis
1296 1726 1309 1762 :
1351 1724 1585 1779 quorum
1628 1711 1715 1765 alii
1760 1714 1979 1782 quidem
2009 1716 2094 1770 di-

509 1796 710 1840 cuntur
759 1802 971 1846 montes
1021 1802 1076 1848 et
1117 1796 1340 1861 arietes,
1390 1806 1579 1866 utpote
1629 1799 1855 1869 majoris
1906 1803 2092 1871 gratiae

510 1880 838 1951 participes;
898 1884 990 1939 alii
1043 1902 1173 1942 vero
1222 1888 1390 1945 colles
1436 1898 1494 1944 et
1535 1890 1680 1960 agni,
1717 1901 1775 1945 ut
1830 1893 2092 1950 minorem

508 1972 750 2039 quidem,
788 1976 883 2031 sed
920 1978 1168 2047 ejusdem
1206 1990 1389 2037 tamen
1427 1983 1645 2054 generis
1689 1987 1917 2057 gratiam
1967 2004 2093 2043 cum

508 2063 814 2133 majoribus
836 2070 1254 2140 participantes.

581 2154 737 2211 Vens.
783 2158 835 2213 5.
884 2179 903 2210 c
942 2160 1081 2226 Quid
1113 2172 1197 2219 est
1222 2164 1341 2232 tibi,
1381 2183 1553 2235 mare,
1575 2169 1719 2241 quod
1758 2169 1988 2243 fugisti?
2032 2192 2053 2228 ι

575 2247 852 2318 Propheta
876 2254 1179 2310 admiratur
1200 2257 1254 2311 in
1277 2259 1475 2329 spiritu
1504 2264 1815 2332 praevidens
1838 2266 2091 2336 mysteria

504 2356 629 2409 quae
660 2343 715 2397 in
743 2360 905 2401 cruce
938 2350 1314 2420 contigerunt,
1347 2368 1582 2410 cernens
1608 2356 1830 2425 quidem
1856 2359 2094 2429 prophe-

507 2444 588 2487 tas
610 2437 845 2506 gaudere
874 2450 929 2495 et
956 2442 1248 2510 exsultare,
1289 2445 1381 2515 qui
1421 2446 1573 2516 prius
1616 2449 1917 2505 humanam
1964 2468 2092 2505 sor-

506 2534 612 2581 tem
653 2527 1011 2601 deﬂeverant,
1048 2542 1103 2587 et
1146 2535 1350 2591 idcirco
1403 2538 1885 2598 lamentationibus
1928 2560 2089 2600 suum

503 2619 820 2676 vaticinium
862 2625 1241 2695 repleverant;
1288 2628 1583 2685 Jordanem
1623 2648 1754 2688 vero
1786 2644 2088 2692 retrorsum

502 2728 623 2768 esse
660 2729 1013 2785 conversum,
1056 2730 1116 2775 ut
1145 2722 1479 2791 paenitentiae
1516 2725 1783 2797 lacrymas
1827 2730 2089 2801 suppedi-

504 2812 663 2860 taret.
690 2807 774 2862 Ad
797 2809 928 2879 quid
957 2821 1141 2867 autem
1178 2823 1482 2869 retrorsum
1515 2818 1789 2873 vertitur?
1828 2820 1965 2888 Quia
2001 2823 2089 2877 ni-

502 2896 699 2952 mirum
743 2899 793 2955 is
827 2902 925 2971 qui
966 2914 1289 2973 peccaverat
1338 2918 1489 2963 retro
1542 2911 1798 2977 recurrit,
1845 2913 2086 2984 priorem

503 3005 728 3047 cursum
757 2992 1042 3052 deserens.

576 3103 740 3163 Vens.
781 3110 833 3164 7.
860 3127 880 3161 ι
922 3112 957 3163 Α
998 3110 1135 3168 facie
1168 3112 1383 3171 Domini
1423 3128 1567 3174 mota
1606 3129 1692 3175 est
1722 3129 1886 3176 terra.
1920 3139 1940 3174 ι

572 3193 672 3251 Hic
710 3196 913 3253 iterum
958 3204 1415 3272 commotionem,
1468 3211 1967 3266 consternationem
2028 3210 2153 3269 etC

501 3286 827 3344 miraculum
876 3294 1116 3349 exstasin
1158 3298 1415 3366 appellat,
1466 3308 1525 3354 ut
1574 3319 1757 3357 rerum
1812 3315 2087 3376 gestarum

504 3384 929 3455 magnitudinem
994 3392 1332 3447 ostenderet.
1423 3392 1630 3450 Deinde
1702 3396 2091 3455 demonstrans

502 3487 705 3545 quanta
751 3478 821 3532 sit
855 3479 958 3533 viri
1010 3482 1175 3538 unius
1226 3484 1422 3552 virtus,
1472 3502 1502 3539 a
1545 3501 1706 3545 servo
1749 3488 1960 3559 (Iacob,
2009 3488 2091 3543 in-

502 3569 685 3640 quam)
729 3572 1015 3627 Dominum
1046 3576 1402 3645 nuncupavit.
1453 3577 1704 3635 Christus
1734 3582 2089 3651 semetipsum

502 3652 557 3727 in
595 3669 786 3733 stagna
834 3662 1124 3734 fontesque
1177 3682 1444 3736 aquarum
1484 3671 1794 3733 immntavit
1830 3685 1846 3724 :
1899 3672 2087 3728 lancea

500 3753 646 3807 enim
676 3753 818 3809 latus
864 3757 1119 3825 aperiens
1149 3757 1238 3821 ’⁸’,
1282 3775 1348 3814 ex
1394 3777 1462 3817 eo
1505 3771 1696 3834 stagna
1744 3764 2088 3834 baptismatis

500 3852 665 3913 atque
720 3846 946 3917 insuper
1002 3850 1245 3919 mySterii
1313 3851 1492 3907 fontes
1543 3855 1770 3910 eduxit:
1820 3857 2086 3927 quoniam

500 3921 639 4005 aqua
671 3947 726 3992 et
777 3939 1019 4011 sanguis,
1077 3941 1164 3995 hic
1207 3943 1427 4012 quidem
1467 3946 1777 4017 symbolum
1816 3921 2085 4021 mysterii,

502 4027 587 4081 illa
614 4045 743 4084 vero
765 4030 1053 4087 character
1081 4032 1451 4105 baptismatis,
1474 4037 1705 4096 eﬂluxit.

578 4141 738 4197 Vens.
772 4144 823 4198 9.
862 4164 880 4196 ι
911 4145 1030 4202 Non
1056 4148 1239 4212 nobis,
1270 4149 1517 4219 Domine,
1545 4170 1653 4208 non
1693 4156 1874 4211 nobis.
1920 4173 1938 4208 ι
2014 4144 2015 4147 “

571 4233 743 4307 Super
770 4238 1131 4294 misericordia
1166 4251 1280 4308 tua,
1314 4243 1515 4316 inquit,
1544 4247 1595 4301 id
1647 4258 1731 4303 est
1753 4250 1808 4303 in
1837 4249 2080 4306 Christo.

499 4324 653 4391 Quod
678 4328 822 4382 enim
861 4330 1058 4385 veritas
1080 4332 1152 4387 sit
1177 4333 1408 4403 ipsemet
1448 4337 1563 4392 ait:
1606 4339 1713 4408 Ego
1737 4358 1855 4395 sum
1881 4343 1992 4404 via,
2033 4351 2083 4397 et

498 4420 711 4486 veritas,
748 4432 796 4476 et
825 4423 936 4477 vita
968 4424 1036 4477 ’³.
1067 4422 1219 4490 Quod
1259 4442 1387 4481 vera
1432 4429 1826 4495 misericordia,
1865 4433 1946 4489 sic
1989 4449 2081 4489 ce.-

495 4512 631 4567 cinit
678 4512 963 4570 PSalmista
1005 4532 1020 4572 :
1049 4516 1290 4585 Ostende,
1311 4520 1479 4586 nobis,
1502 4521 1744 4587 Domine,
1787 4526 2081 4581 misericor-

494 4607 638 4660 diam
689 4618 839 4663 tuam
879 4611 946 4664 ³⁰.
986 4609 1224 4666 Gloriam
1266 4613 1428 4685 igitur
1459 4616 1561 4671 sibi
1594 4617 1695 4688 ipsi
1726 4619 1877 4677 dedit
1906 4622 1961 4676 in
1992 4623 2079 4677 in-

495 4701 812 4758 carnatione
840 4702 1142 4775 Unigeniti,
1175 4721 1297 4760 cum
1332 4723 1429 4776 per
1453 4709 1626 4779 ipsum
1656 4711 1989 4782 gloriﬁcatus
2024 4724 2078 4770 et

494 4792 876 4850 manifestatus
899 4795 989 4850 sit.
1023 4794 1137 4851 Hoc
1164 4807 1246 4852 est
1285 4799 1431 4853 enim
1486 4801 1630 4870 quod
1678 4802 1731 4856 in
1769 4803 2078 4877 Evangeliis

492 4887 757 4944 Dominus
793 4889 930 4944 dixit
963 4909 976 4945 :
1013 4890 1193 4959 Pater,
1220 4893 1456 4962 clari/ica
1499 4912 1685 4951 nomen
1717 4907 1865 4951 tuum
1921 4916 2079 4969 super

494 4989 695 5034 terram
731 4982 799 5035 ”.
831 4981 1120 5049 Quomodo
1150 4992 1333 5040 autem
1367 4989 1723 5046 clariﬁcavit?
1752 4992 1939 5063 utique
1972 5008 2074 5049 nos

492 5070 784 5125 servando.

567 5162 724 5217 Vrsas.
761 5162 849 5220 Η.
886 5183 907 5217 ‹
936 5162 1080 5222 Deus
1110 5176 1292 5224 autem
1328 5180 1515 5226 noster
1553 5171 1607 5226 in
1639 5173 1799 5229 coelo.
1839 5193 1858 5226 ι

560 5253 654 5310 Est
690 5264 872 5312 autem
936 5259 993 5314 in
1044 5262 1184 5318 caelo
1233 5272 1290 5317 et
1340 5263 1396 5318 in
1447 5274 1591 5320 terra
1634 5282 1744 5320 non
1790 5267 1966 5323 solum
2014 5279 2075 5324 ut

490 5348 674 5402 omnia
704 5349 962 5420 implens,
996 5369 1185 5410 verum
1209 5355 1372 5410 etiam
1404 5366 1663 5427 tanquam
1712 5359 1766 5413 in
1798 5369 1939 5415 terra
1975 5376 2075 5430 per

489 5455 710 5496 carnem
763 5453 946 5512 natus,
990 5463 1100 5502 non
1139 5448 1371 5517 simplici
1429 5460 1616 5505 autem
1685 5452 1915 5519 ratione,
1974 5455 2068 5509 sed

490 5532 767 5593 d;emones
788 5539 1116 5608 subjiciens;
1138 5550 1443 5595 creaturam
1463 5558 1589 5597 vere
1618 5542 2066 5614 ingemiscentem

496 5624 751 5695 liberans,
791 5645 949 5685 suam
991 5631 1217 5703 gloriam
1257 5632 1636 5701 manifestans,
1681 5646 1737 5691 et
1776 5648 1903 5691 ante
1954 5640 2070 5693 haec

2215 1310 2376 1378 Ἀλλὰ
2405 1325 2513 1398 μὴν
2537 1327 2632 1381 καὶ
2647 1328 2903 1400 Ἰωάννης
2939 1330 3232 1401 μετάνοιαν
3256 1327 3527 1400 κηρύξας,
3557 1328 3769 1398 ἐπέφερε

2199 1418 2265 1487 τῇ
2312 1419 2584 1492 μετανοίᾳ
2608 1419 2670 1473 τὸ
2702 1419 3012 1491 βάπτισμα.

2275 1548 2295 1583 ι
2328 1531 2411 1585 Τὰ
2438 1531 2542 1605 ὅρη
2572 1533 2909 1606 ὲσκίρτησαν
2932 1533 3069 1588 ὡσεὶ
3101 1533 3277 1607 κριοί.
3310 1551 3329 1585 s

2279 1626 2547 1697 Χαίρουσι
2571 1626 2678 1699 γὰρ
2704 1628 2980 1698 προφῆται
3010 1627 3210 1688 πάντες
3232 1624 3328 1678 τοῦ
3356 1623 3763 1696 ὲξομολογουμὲ⁴

2197 1739 2288 1775 νου
2324 1721 2424 1791 τὴν
2468 1721 2811 1791 ἐπιστροφὴν
2853 1719 3180 1791 βλέποντες’
3225 1713 3302 1772 ὧν
3348 1721 3399 1772 οί
3439 1717 3543 1789 μὲν
3569 1718 3764 1788 omni

2198 1818 2363 1887 κριοὶ,
2386 1816 2462 1879 ὡς
2490 1814 2739 1885 μείζονος
2762 1813 2984 1885 χάριτος
3026 1810 3463 1884 μεταλαϐόντεςο
3498 1811 3551 1863 οἱ
3579 1810 3636 1864 δὲ
3659 1810 3767 1881 βου-

2198 1911 2276 1963 νοὶ
2306 1910 2400 1963 καὶ
2423 1906 2605 1979 ἀρνία,
2634 1906 2709 1970 ὡς
2730 1906 3012 1969 ἐλάττονος
3036 1906 3160 1977 μὲν,
3182 1903 3322 1961 ἀλλὰ
3346 1902 3649 1973 συγγενοῦς
3669 1904 3765 1969 τοῖς

2199 2001 2462 2073 μεγάλοις
2490 1999 2896 2072 μετεσχηκότες
2918 1997 3197 2069 λέγονται.

2271 2194 2292 2229 ι
2332 2176 2399 2229 Τί
2427 2176 2513 2229 σοί
2533 2178 2671 2240 ἐστι,
2698 2175 2968 2242 θάλασσα,
3000 2175 3085 2230 ὅτι
3112 2174 3349 2246 ἔφυγεςς
3390 2195 3414 2229 ι

2264 2270 2548 2341 Θαυμάςει
2597 2269 2929 2341 προθεωρῶν
2969 2269 2999 2321 6
3044 2270 3341 2342 Προφήτης
3386 2268 3465 2339 τῷ
3513 2266 3761 2337 πνεῦματι

2191 2363 2262 2418 τὰ
2290 2364 2383 2417 ἐπὶ
2418 2362 2515 2417 τοῦ
2561 2363 2801 2435 σταυροῦ
2842 2362 3108 2431 γεγονότα
3146 2363 3447 2432 μυστήρια,
3490 2360 3762 2431 χαίροντας

2196 2458 2294 2530 μὲν
2353 2458 2480 2520 τοὺς
2538 2456 2829 2527 προφήτας
2884 2455 3027 2526 ὁρῶν
3087 2458 3182 2511 καὶ
3242 2454 3629 2526 σκιρτῶντας,
3690 2454 3758 2505 οἱ·

2195 2567 2342 2614 τινες
2394 2547 2657 2603 ἐπένθουν
2704 2538 3100 2619 ἁνθρώπότητα
3146 2547 3455 2619 πρότερον,
3502 2547 3600 2599 καὶ
3668 2542 3760 2596 τῶν

2190 2645 2278 2699 ἐπ’
2320 2645 2508 2708 αὐτοῖς
2545 2643 2761 2714 θρήνων
2789 2641 2889 2712 τὴν
2926 2643 3265 2713 προφητείαν
3289 2641 3660 2712 ἐπλήρωσαν
3681 2638 3761 2691 τὸν

2203 2738 2477 2807 Ἰορδάνην
2572 2736 2631 2789 δὲ
2692 2736 2773 2799 είς
2832 2734 2902 2788 τὰ
2976 2734 3155 2789 ὀπίσω
3217 2735 3635 2805 στρεφόμενον,
3686 2733 3759 2786 ἵνα

2188 2834 2472 2904 χορηγήσῃ
2521 2832 2587 2900 τῇ
2653 2830 2915 2901 μετανοίᾳ
2962 2828 3219 2898 δάκρυον.
3270 2827 3369 2881 Διὰ
3406 2827 3461 2881 τί
3504 2826 3564 2881 δὲ
3599 2827 3674 2889 είς
3701 2827 3758 2880 τὶ

2189 2925 2369 2978 ὀπίσω
2409 2924 2747 2993 στρέφεταις
2808 2921 3030 2993 Ἐπειδὴ
3062 2923 3092 2974 6
3144 2922 3488 2993 ἡμαρτηκὼς
3547 2924 3624 2983 εἰς
3662 2918 3761 2973 τοῦ·

2190 3018 2335 3072 πίσω
2388 3018 2597 3087 τρέχει,
2629 3016 2722 3069 τὸν
2748 3016 2952 3087 δρόμον
2987 3015 3303 3069 καταλιπὼν
3326 3017 3421 3069 τὸν
3440 3013 3753 3086 ἔμπροσθεν.

2265 3152 2283 3185 ι
2332 3132 2465 3186 Ἀπὸ
2494 3131 2790 3205 προσώπου
2820 3133 3028 3206 Κυρίου
3071 3133 3337 3203 ἐσαλεύθη
3374 3135 3409 3204 η
3442 3133 3545 3203 γῆ.
3585 3151 3604 3183 ι

2270 3224 2535 3279 Ἐνταῦθα
2574 3227 2737 3281 πάλιν
2801 3226 2962 3281 σάλον
3012 3225 3110 3298 τὴν
3164 3225 3428 3297 ἔκπληξιν
3474 3225 3645 3294 λέγει,
3680 3226 3759 3279 καὶ

2188 3319 2249 3373 τὸ
2280 3317 2465 3389 θαῦμα
2494 3319 2593 3389 τὴν
2620 3318 2901 3383 ἔκστασιν,
2934 3319 3077 3374 ὥστε
3110 3319 3283 3386 δεῖξαι
3315 3320 3378 3373 τὸ
3408 3319 3642 3391 μέγεθος
3666 3320 3759 3374 τῶν

2190 3412 2604 3484 γεγενημένων.
2647 3410 2781 3467 Εἶτα
2818 3413 3037 3473 δεικνὺς
3083 3416 3205 3468 ὅσον
3235 3416 3384 3469 ἐστὶν
3431 3414 3555 3480 ἐνὸς
3589 3414 3757 3484 ἀνδρὸς

2190 3503 2383 3575 ἀρετὴ,
2414 3503 2523 3557 ἀπὸ
2564 3503 2659 3558 τοῦ
2689 3503 2902 3570 δούλου,
2959 3506 3123 3574 φημὶ,
3155 3503 3250 3558 τοῦ
3284 3502 3507 3567 Ἰακὼϐ,
3562 3504 3649 3558 τὸν
3678 3507 3757 3556 Δε-

2191 3597 2397 3668 σπότην
2447 3597 2696 3652 ἐκάλεσε.
2731 3597 2826 3660 Ei;
2872 3597 3066 3668 λίμνας
3100 3597 3293 3652 ἑαυτὸν
3330 3599 3426 3651 καὶ
3464 3598 3551 3662 είς
3596 3595 3756 3667 πηγὰς

2189 3690 2398 3744 ὑδάτων
2429 3690 2729 3760 μετέϐαλεν
2760 3692 2788 3744 6
2811 3690 3066 3762 Χριστός·
3100 3689 3321 3755 ἀνοίξας
3368 3689 3480 3761 γὰρ
3506 3692 3575 3761 τῇ
3606 3688 3756 3759 λόγχῃ

2187 3780 2287 3852 τὴν
2330 3781 2599 3853 πλευρὰν,
2651 3783 2922 3853 ἐξήγαγεν
2970 3782 3029 3849 ἐξ
3074 3781 3272 3835 ἑαυτοῦ
3298 3780 3399 3847 τὰς
3444 3782 3640 3854 λίμνας
3673 3778 3753 3833 τοῦ

2191 3874 2592 3946 βαπτίσματος,
2622 3875 2703 3929 ἔτι
2726 3876 2781 3928 δὲ
2817 3875 2912 3930 καὶ
2957 3878 3056 3936 τὰς
3094 3874 3189 3929 τοῦ
3218 3875 3523 3947 μυστηρίου
3554 3873 3752 3946 πηγάς.

2188 3966 2379 4039 ἐπειδὴ
2415 3966 2561 4039 ὕδωρ
2587 3967 2684 4020 καὶ
2712 3961 2872 4040 αἷμα,
2909 3969 2970 4020 τὸ
3007 3968 3106 4039 μὲν
3138 3967 3412 4039 συμϐολον
3441 3967 3538 4021 τοῦ
3569 3981 3755 4038 μυστη-

2192 4060 2331 4130 ρίου,
2366 4060 2428 4114 τὸ
2457 4060 2514 4113 δὲ
2540 4061 2831 4134 χαρακτὴρ
2854 4061 2945 4115 τοῦ
2980 4061 3384 4135 βαπτίσματος,
3416 4061 3694 4134 ἐρρευσεν.

2266 4191 2284 4224 ι
2319 4174 2408 4244 Μὴ
2447 4174 2598 4246 ἡμῖν,
2630 4175 2830 4246 Κύριε,
2862 4175 2938 4247 μὴ
2958 4177 3114 4247 ἡμῖν.
3153 4195 3175 4229 ι

2268 4264 2401 4320 Ἐπί
2427 4263 2506 4331 τῷ
2534 4265 2692 4321 ἐλέει
2717 4284 2855 4333 σου,
2888 4267 3020 4338 φησί
3051 4284 3065 4295 ·
3088 4264 3379 4322 τουτέστιν
3403 4267 3500 4321 ἐπὶ
3527 4266 3606 4340 τῷ
3633 4266 3749 4338 Χρι-

2184 4357 2315 4430 στῷ.
2352 4360 2475 4412 Ὀτι
2519 4360 2620 4430 μὲν
2660 4361 2767 4433 γάρ
2815 4362 2933 4414 ἐστι
2964 4360 3059 4415 καὶ
3093 4359 3348 4432 ἀλήθεια,
3382 4362 3549 4425 αὐτός
3574 4377 3744 4431 φησιν·

2195 4448 2344 4519 Ἐγώ
2369 4452 2486 4514 εἰμι
2512 4451 2549 4519 ἡ
2586 4450 2747 4518 ὁδὸς,
2785 4452 2883 4506 καί
2904 4453 2941 4522 ἡ
2970 4451 3243 4518 ἀλήθεια,
3266 4452 3366 4507 καί
3402 4454 3442 4522 ἠ
3470 4450 3604 4523 ζωή.
3639 4452 3747 4505 Ὀτι

2113 4562 2155 4617 ι)
2182 4542 2240 4595 δὲ
2272 4542 2442 4608 ἔλεος,
2463 4542 2637 4608 οὕτως
2668 4546 2696 4598 6
2724 4543 3031 4615 Ψαλμῳδὸς
3064 4544 3294 4616 ἔψαλλεν
3316 4563 3330 4577 ο
3363 4546 3573 4611 Δεῖξον
3592 4545 3745 4615 ἡμῖν,

2190 4636 2388 4703 Κύριε,
2430 4634 2496 4690 τὸ
2541 4637 2715 4702 ἔλεός
2763 4650 2903 4690 σου.
2934 4635 3103 4701 Δόξαν
3147 4636 3331 4691 τοίνυν
3372 4636 3551 4707 ὲαυτῷ
3582 4637 3667 4690 ἐπὶ
3687 4637 3746 4705 τῇ

2186 4725 2463 4797 σαρκώσει
2488 4725 2582 4779 τοῦ
2608 4726 2950 4795 Μονογενοῦς
2979 4725 3169 4790 ἔδωκε,
3200 4726 3476 4792 δοξασθεὶς
3500 4727 3568 4781 δι’
3597 4724 3743 4780 αὐτοῦ

2186 4817 2279 4870 καὶ
2300 4816 2733 4887 ὲμφανερωθείς.
2764 4816 2936 4871 Τοῦτο
2969 4818 3077 4889 γὰρ
3103 4819 3162 4871 ὲν
3190 4819 3549 4889 Εὑαγτελίοις
3582 4822 3609 4874 6
3642 4818 3741 4871 Κύ-

2186 4925 2301 4979 ριος
2330 4908 2482 4976 ἔλεγε
2505 4924 2518 4937 ⁸
2550 4908 2761 4977 Πάτερ,
2790 4908 3059 4975 δόξασόν
3081 4928 3199 4965 σου
3226 4912 3291 4965 τὸ
3314 4912 3503 4983 ὄνομα
3523 4912 3618 4966 ἐπὶ
3644 4907 3741 4980 τῆς

2184 4998 2317 5069 τῆς.
2347 4999 2472 5062 Πῶς
2501 4998 2558 5051 δὲ
2589 4999 2873 5068 ὲδόξασεν;
2915 5001 3092 5072 Ἦμᾶς
3117 5001 3322 5067 σώσας.

2256 5196 2275 5229 ι
2319 5177 2380 5232 Ὀ
2409 5177 2466 5232 δὲ
2494 5178 2626 5243 Θεὸς
2646 5181 2680 5251 ἡ
2691 5179 2807 5249 μῶν
2834 5182 2894 5235 ὲν
2922 5180 2999 5252 τῷ
3024 5181 3259 5254 οὐρανῷ.
3291 5201 3310 5235 ι

2252 5271 2410 5325 Ἐστι
2458 5271 2514 5324 δὲ
2557 5273 2616 5325 ὲν
2655 5271 2734 5343 τῷ
2772 5274 2990 5345 οὐρανῷ
3026 5275 3120 5328 καὶ
3166 5278 3230 5347 τῇ
3258 5277 3329 5347 γῇ
3374 5276 3437 5330 οὐ
3480 5277 3634 5347 μόνον
3671 5274 3737 5338 ὡς

2177 5359 2358 5414 πάντα
2406 5360 2653 5432 πληρῶν,
2695 5362 2834 5417 ἀλλὰ
2880 5364 2974 5417 καὶ
3018 5364 3095 5429 ὠς
3124 5367 3183 5419 ὲν
3220 5368 3286 5437 τῇ
3319 5369 3391 5437 γῇ
3435 5368 3522 5421 διὰ
3553 5365 3734 5439 σαρκὸς

2178 5455 2490 5525 γενόμενος,
2537 5457 2637 5528 οὐχ
2686 5457 2871 5522 ἁπλῶς
2904 5458 2984 5523 δὲ,
3030 5459 3145 5513 ἀλλ’
3176 5460 3451 5528 ὑποτάξας
3479 5464 3599 5526 τοὺς
3630 5459 3733 5515 δαί-

2179 5565 2378 5617 μονας·
2421 5550 2798 5624 ἐλευθερώσας
2828 5552 3005 5626 δὲτὴν
3030 5555 3207 5608 κτίσιν
3237 5555 3612 5621 στενάζουσαν,
3643 5554 3732 5624 τὴν

2174 5640 2369 5695 ἑαυτοῦ
2392 5642 2551 5709 δόξαν
2595 5643 2941 5715 φανερώσας,
2980 5646 3075 5700 καὶ
3099 5646 3204 5719 πρό
3227 5663 3291 5714 γε
3327 5646 3529 5702 τούτων
3548 5643 3728 5701 διασώ-

548 5834 612 5866 ¹³·
646 5833 801 5890 Joan.
840 5854 951 5903 XIX,
978 5840 1069 5895 5i.
1151 5844 1195 5874 ³⁹
1227 5843 1384 5899 Joan.
1419 5860 1526 5911 xw,
1553 5848 1584 5899 6
1682 5849 1727 5878 δυ
1762 5848 1902 5901 l‘sal.
1937 5850 2224 5916 LX.\M\’,3.
2298 5851 2337 5879 ³¹
2365 5848 2522 5905 Joan.
2553 5868 2630 5917 at,
2661 5852 2753 5907 28.
