4032 6454
249 347 275 411 1
288 348 413 414 333Ϊ

1391 350 1855 414 FRAGMENTA
1893 349 1975 409 IN
2008 350 2365 412 PSALMOS.

3396 346 3531 411 1334

249 476 354 525 σας
377 461 470 514 τὸν
497 459 802 532 ἄνθρωπον.
827 460 997 514 Τοῦτο
1027 461 1135 533 γὰρ
1161 462 1301 533 ὑπὲρ
1323 461 1535 525 πάντας
1554 461 1630 525 ὡς
1652 462 1845 533 φιλάν-

1977 460 2227 517 ιοηιὶιιεω
2284 474 2532 515 servans.
2592 457 2706 513 Hoc
2757 457 2903 514 enim
2976 466 3233 529 tanquam
3286 459 3529 515 hominis

249 551 480 624 Ορωπος
512 552 785 623 βούλεται.

335 665 354 698 ι
386 647 593 719 Κύριος
629 647 892 719 μνησθεὶς
923 648 1104 720 ἡμῶν.
1149 666 1169 701 ι

338 737 473 792 Πότε
506 734 616 807 γὰρ
647 738 677 790 ό
708 738 841 804 Θεδς
872 738 1043 810 λήθην
1070 738 1376 810 ἀνθρώπων
1405 738 1626 805 ἐδέξατο
1648 735 1842 805 ;⁹Αλλά

252 828 421 881 τοῦτό
452 831 603 883 ἐστιν
630 828 660 882 δ
685 829 775 884 διὰ
804 829 916 884 τῶν
942 831 1254 903 εἰρημένων
1283 830 1608 885 αἰνίττεται.
1626 827 1845 899 Ἐπειδὴ

256 918 373 988 γάρ
399 919 504 973 ὑπὸ
524 920 771 992 κατάραν
798 920 968 988 ὄντες,
987 922 1087 976 οὒκ
1109 921 1283 985 ἄλλως
1304 922 1474 992 αὐτῆς
1508 919 1846 990 ἀπολυθῆναι

258 1012 362 1063 καὶ
410 1010 593 1065 λαδείν
626 1012 879 1082 εὐλογίαν
909 1013 1242 1087 ἠδυνάμεθα,
1286 1015 1336 1067 εί
1380 1012 1456 1084 μὴ
1487 1011 1723 1082 Χριστὸς
1753 1011 1849 1064 ἐπὶ

262 1098 428 1165 ξύλου
446 1104 782 1175 κρεμασθεὶς
808 1107 910 1178 τὴν
934 1107 1185 1179 κατάραν
1198 1105 1297 1176 τὴν
1319 1102 1596 1178 ἡμετέραν
1616 1102 1850 1158 ἐϐάστα-

261 1209 363 1246 σεν
384 1232 402 1259 ,
432 1195 660 1260 είκότως
704 1198 1013 1270 μνησθῆναι
1049 1200 1142 1254 τὸν
1174 1197 1379 1269 Κύριον
1415 1195 1723 1267 πρότερον,
1754 1192 1851 1249 καὶ

260 1286 442 1352 οὕτως
462 1290 610 1359 ἡμᾶς
644 1290 936 1360 εὐλογῆσαί
962 1308 1121 1362 φησι.

349 1396 371 1431 ι
394 1379 453 1432 '0
486 1380 715 1450 οὐρανὸς
742 1381 838 1435 τοῦ
867 1381 1098 1454 ούρανοῦ
1127 1380 1205 1451 τῷ
1230 1381 1440 1453 Κυρίῳ.
1482 1399 1503 1434 ι

337 1472 581 1544 Θεωρεῖς
618 1474 769 1539 ὅπως
810 1474 909 1547 τὴν
944 1475 1313 1547 δημιουργίαν
1360 1476 1389 1528 ὁ
1430 1471 1671 1544 Ποιητὴς
1715 1470 1853 1543 πρὸς

260 1564 420 1635 ἡμᾶς
448 1566 730 1637 μερίζεται
757 1583 772 1599 ·
805 1568 901 1621 καὶ
943 1567 1132 1640 ὥσπερ
1183 1566 1348 1630 αὐτὸς
1378 1566 1613 1637 ἀόρατος
1637 1562 1713 1617 ὢν
1738 1562 1851 1634 ἔχει

265 1657 365 1713 τδν
400 1659 631 1730 οὐρανὸν
685 1659 781 1714 τοῦ
821 1661 1052 1733 οὐρανοῦ
1083 1661 1176 1716 τὸν
1220 1660 1472 1733 ἀόρατον,
1516 1658 1687 1721 οὓτως
1718 1659 1854 1729 ἡμῖν

264 1752 371 1823 τὴν
400 1750 579 1806 κτίσιν
601 1752 701 1825 τὴν
721 1755 926 1826 ὀρατὴν
962 1753 1280 1824 ἀπένειμεν.

824 1845 1119 1899 ΨΑΛΜΟΣ
1148 1843 1292 1899 Ρ1Δ’.

350 1952 371 1987 ι
420 1932 714 2005 Ἠγάπησα
737 1977 751 2001 ,
779 1934 861 1988 ὅτι
889 1936 1271 1990 είσακούσεται
1295 1935 1521 2007 Κύριος.
1567 1953 1585 1985 ι

355 2020 414 2076 '0
449 2023 618 2078 πάλαι
659 2024 997 2097 φοϐούμενος
1030 2026 1124 2080 τὸν
1155 2025 1360 2098 Κύριον
1380 2065 1398 2094 ,
1431 2026 1531 2097 ήδη
1575 2023 1857 2097 προκόψας

268 2113 386 2168 ἀπὸ
442 2114 540 2169 τοῦ
596 2116 785 2185 φόϐου,
822 2118 921 2171 καὶ
974 2117 1220 2189 μεταϐὰς
1260 2117 1354 2171 ἐπὶ
1376 2116 1475 2188 τὴν
1520 2117 1743 2188 ἀγάπην
1761 2115 1856 2169 τοῦ

264 2203 432 2270 Θεοῦ,
470 2206 615 2259 είποι
647 2207 737 2271 ἂν,
766 2207 1083 2277 Ἠγάπησα
1107 2224 1124 2241 ·
1167 2207 1291 2279 τίνα
1316 2207 1375 2261 δέ
1395 2247 1411 2273 ,
1440 2207 1474 2279 ἢ
1508 2207 1712 2280 δηλαδὴ
1742 2207 1859 2261 Κύ-

265 2306 393 2361 ριον
419 2291 510 2344 τὸν
548 2292 682 2346 Θεὸν
715 2293 774 2359 ἐξ
821 2294 951 2365 ὅλης
981 2295 1229 2368 καρδίας,
1264 2296 1362 2351 καὶ
1407 2296 1717 2367 δυνάμεως,
1764 2298 1860 2351 καὶ

264 2381 477 2454 ψυχῆς,
506 2382 651 2438 ὥστε
679 2383 867 2439 ἐνεκεν
900 2385 1070 2440 αὑτοῦ
1111 2387 1204 2441 καὶ
1238 2386 1400 2458 μέχρι
1444 2387 1676 2443 θανάτου
1709 2389 1859 2457 ἀγω-

266 2475 523 2539 νίζεσθαι
594 2476 736 2548 ὑπὲρ
810 2476 1069 2549 ἀληθείας
1101 2519 1116 2545 ,
1183 2479 1363 2534 πάντα
1428 2498 1488 2534 τε
1568 2482 1860 2553 ὑπομείναι

270 2567 607 2639 πειρασμὸν,
629 2567 726 2621 καὶ
753 2568 932 2623 πάντα
964 2569 1212 2625 κίνδυνον
1239 2571 1542 2642 ὑποστῆναι
1564 2571 1863 2644 προθύμως

267 2658 368 2713 διὰ
392 2657 493 2731 τὴν
522 2659 662 2731 πρὸς
690 2658 822 2714 Θεὸν
855 2661 1104 2730 ἀγάπην;

357 2769 378 2803 ι
415 2751 522 2805 Καὶ
547 2753 605 2805 ἐν
628 2754 752 2817 ταῖς
780 2752 1020 2824 ἡμέραις
1056 2771 1158 2823 μου
1186 2753 1609 2825 ἐπικαλέσομαι.
1640 2773 1658 2807 ι

354 2843 632 2910 Τουτέστι,
677 2844 848 2898 Παντὶ
872 2843 951 2916 τῷ
980 2845 1160 2916 χρόνῳ
1189 2846 1288 2917 τῆς
1322 2846 1472 2916 ζωῆς
1507 2861 1610 2917 μου
1657 2848 1863 2899 ἐπεκα-

273 2936 559 3009 λεσάμηνο
606 2938 666 2991 ἐν
693 2939 815 3002 ταῖς
847 2939 1087 3009 ἡμέραις
1127 2956 1231 3009 μου
1262 2939 1367 2993 ὑπὸ
1405 2940 1499 2994 τοῦ
1544 2940 1728 2995 Ἠλίου
1766 2941 1866 3012 τῆς

275 3030 632 3103 δικαιοσύνης
673 3032 1019 3104 γενομέναις,
1056 3032 1143 3088 ἀεὶ
1173 3034 1591 3105 πεφωτισμένος
1616 3034 1692 3089 ὢν
1724 3074 1741 3103 ,
1767 3038 1866 3090 ἐπ-

277 3122 662 3194 εκα).εσάμην.

364 3235 384 3269 ι
418 3215 608 3286 Θλίψιν
632 3216 729 3271 καὶ
755 3216 949 3290 ὀδύνην
987 3211 1168 3290 εὗρον.
1208 3238 1228 3272 ι

318 3333 322 3336 ι
356 3307 549 3379 Θλίψιν
591 3309 687 3363 καὶ
716 3308 911 3382 ὀδύνην
945 3311 1173 3365 ἐκάλεσε
1202 3310 1302 3383 τὴν
1334 3314 1657 3383 μετάνοιαν·
1692 3313 1870 3385 θλίψιν

284 3401 415 3470 μὲν,
450 3402 526 3466 ὡς
572 3403 881 3472 ἀνάμνησιν
920 3406 1021 3473 τῆς
1060 3405 1337 3476 ἁμαρτίας
1362 3404 1595 3477 ἔχουσαν
1626 3422 1641 3437 ⁸
1677 3407 1871 3480 ὀδύνην

278 3494 366 3560 δέ,
401 3494 566 3549 ἕνεκα
597 3493 705 3547 τῶν
726 3493 903 3549 πόνων
937 3489 1149 3564 μεθ’ὧν
1179 3495 1604 3567 κατορθοῦσθαι,
1637 3498 1870 3565 σάκκου,

279 3589 469 3659 τυχὸν,
499 3588 596 3642 καὶ
616 3588 813 3642 σποδοῦ
877 3590 974 3643 καὶ
1001 3591 1336 3662 ἀγρυπνίας,
1378 3592 1617 3661 πέφυκε.
1654 3593 1873 3663 Ταύτην

282 3680 485 3751 εὑρὼν,
513 3680 815 3742 τουτέστιν,
840 3681 1160 3753 ἐπιδραμὼν
1180 3683 1342 3754 αὐτῇ,
1372 3684 1437 3736 τὸ
1466 3683 1637 3754 ὄνομα
1662 3683 1871 3755 Κυρίου

280 3774 513 3838 εἰκότως
535 3774 878 3829 ἐπεκαλεῖτο.
921 3774 1075 3847 eam
1118 3775 1249 3847 γὰρ,
1286 3776 1387 3847 τῆς
1425 3775 1715 3847 μετανοίας
1741 3778 1878 3832 ὑπό-

286 3883 504 3930 στασις.

367 3978 386 4009 ι
418 3959 711 4013 Φυλάσσων
747 3957 817 4012 τὰ
845 3958 1017 4029 νήπια
1038 3960 1067 4012 ὁ
1096 3958 1328 4029 Κύριος.
1379 3977 1400 4010 ι

359 4051 475 4104 Οὐκ
502 4050 809 4115 εἶπεν,⁹’οτι
835 4050 936 4105 οὐκ
963 4050 1150 4104 εῐασεν
1172 4050 1253 4114 είς
1276 4048 1560 4114 κινδύνους
1588 4049 1874 4121 ἐμπεσεῖν,

283 4144 447 4212 ἀλλὰ,
480 4143 620 4214 μετά
649 4143 714 4197 τὸ
744 4143 1029 4215 ἐμπεσεῖν,
1057 4142 1338 4199 διέσωσεν.

842 4235 1136 4290 ΨΑΛΜΟΣ
1180 4237 1329 4291 PIE'.

365 4345 385 4379 ι
424 4328 692 4398 Ποτήριον
715 4327 991 4398 σωτηρίου
1022 4326 1296 4400 λήψομαι.
1331 4347 1353 4381 ι

360 4421 639 4491 Σωτηρίου
678 4420 785 4492 γὰρ
805 4419 973 4484 ὅντως
1004 4420 1121 4475 ἐστὶ
1144 4422 1441 4492 ποτήριον,
1474 4420 1534 4476 τὸ
1563 4422 1881 4494 ὑμνολογεϊν

1897 3147 1947 3208 6

1941 561 2154 608 amator
2182 553 2300 608 vult
2338 567 2506 623 super
2535 550 2740 606 omnia.

2016 643 2177 699 Vens.
2203 644 2295 699 ‘20.
2335 662 2353 697 ι
2391 644 2656 700 Dominus
2694 655 2905 697 memor
2926 639 3031 697 fuit
3061 641 3259 697 nostri.
3300 659 3319 694 ι

2015 732 2248 800 Quando
2280 735 2427 788 enim
2476 735 2621 789 Deus
2658 732 2942 788 hominum
2992 731 3196 788 oblitus
3238 730 3381 788 fuit?
3423 732 3531 789 Sed

1947 828 2051 884 hoc
2079 834 2163 883 est
2214 826 2358 898 quod
2405 842 2505 898 per
2550 827 2695 882 dicta
2746 825 3015 881 innuitur.
3077 823 3533 895 Quandoquidem

1947 919 2093 976 enim
2117 919 2219 976 sub
2249 918 2540 975 maledicto
2563 918 2912 985 exsistentes,
2961 917 3107 973 haud
3139 916 3302 972 aliter
3333 916 3403 972 ab
3438 915 3533 972 illo

1951 1014 2161 1071 absolvi
2202 1022 2258 1071 et
2284 1012 2728 1070 benedictionem
2772 1012 3019 1086 recipere
3052 1020 3389 1083 poteramus,
3424 1010 3535 1068 nisi

1948 1107 2200 1163 Christus
2248 1108 2304 1163 in
2352 1107 2501 1179 ligno
2543 1121 2843 1179 suspensus
2884 1104 3235 1162 maledictum
3281 1113 3530 1160 nostrum

1950 1199 2284 1267 abstulisset,
2311 1200 2510 1257 merito
2542 1199 2674 1256 dicit
2708 1199 3000 1255 Dominum
3031 1197 3185 1270 prius
3218 1197 3395 1253 nostri
3420 1210 3533 1252 me—

1951 1292 2200 1359 minisse,
2232 1304 2393 1363 atque
2424 1293 2498 1349 ita
2525 1293 2744 1349 demum
2775 1290 2936 1349 nobis
2961 1291 3328 1349 benedixisse.

2021 1382 2189 1439 Vens.
2229 1383 2320 1438 25.
2360 1403 2380 1437 ι
2417 1383 2633 1440 Caelum
2663 1383 2787 1440 οωιί
2822 1383 3072 1441 Domino.
3109 1402 3128 1437 ι

2028 1475 2190 1531 Vides
2221 1475 2496 1545 quomodo
2541 1491 2725 1532 rerum
2755 1475 2959 1532 Auctor
2988 1483 3214 1548 propter
3240 1488 3343 1529 nos
3382 1487 3535 1528 crea-

1956 1580 2130 1626 turam
2168 1569 2475 1639 partiatur:
2511 1579 2568 1624 et
2610 1568 2753 1624 sicut
2797 1568 2917 1640 ipse
2956 1565 3363 1639 inaspectabilis
3395 1564 3537 1621 exsi-

1954 1672 2106 1720 stens
2158 1661 2326 1719 habet
2368 1662 2567 1719 coelum
2613 1662 2737 1719 coeli
2789 1662 3202 1734 inaspectabile,
3253 1660 3333 1717 sic
3373 1659 3536 1716 nobis

1957 1762 2266 1811 creaturam
2304 1753 2571 1809 visibilem
2601 1753 2902 1808 distribuit.

2473 1842 2796 1899 PSALMUS
2832 1841 3019 1899 CXIV.

2028 1935 2192 1993 Vsus.
2223 1938 2276 1991 1.
2314 1955 2333 1989 ι
2373 1935 2568 1999 Dilexi,
2600 1936 2859 2006 quoniam
2900 1934 3155 1990 exaudiet
3186 1931 3468 1990 Dominus.
3505 1952 3524 1985 ι

2023 2022 2128 2089 Qui
2157 2023 2288 2077 olim
2336 2023 2629 2079 Dominum
2676 2022 2955 2089 timuerat,
2988 2022 3082 2078 ubi
3131 2022 3244 2093 jam
3286 2037 3316 2077 a
3344 2023 3540 2077 timore

1958 2115 2271 2187 profecerit,
2301 2123 2359 2172 et
2404 2114 2470 2172 ad
2517 2115 2863 2173 dilectionem
2911 2115 3008 2172 Dei
3051 2114 3352 2179 transierit,
3390 2123 3539 2171 recte

1959 2207 2161 2264 dixerit
2188 2205 2368 2261 Dilexi
2388 2221 2407 2260 :
2436 2220 2599 2277 quem
2627 2214 2831 2270 autem,
2872 2204 2978 2261 nisi
3004 2203 3211 2260 scilicet
3252 2203 3542 2259 Dominum

1964 2298 2132 2355 Deum
2162 2314 2230 2355 ex
2276 2306 2394 2354 toto
2429 2297 2616 2361 corde,
2673 2312 2741 2353 ac
2777 2297 2977 2353 virtute
3026 2307 3190 2369 atque
3229 2297 3435 2363 anima,
3483 2305 3545 2352 ut

1961 2401 2187 2464 propter
2223 2390 2401 2463 ipsum
2423 2390 2594 2446 etiam
2610 2390 2677 2446 ad
2705 2397 2937 2446 mortem
2970 2405 3143 2460 usque
3172 2389 3415 2446 decertet
3440 2404 3543 2460 pro

1962 2485 2212 2550 veritate,
2237 2497 2569 2553 omnemque
2598 2482 2866 2538 sustineat
2896 2482 3275 2547 tentationem,
3301 2491 3356 2536 et
3380 2496 3543 2536 omne

1962 2574 2267 2647 periculum
2304 2572 2470 2628 alacri
2518 2573 2702 2628 animo
2739 2571 2932 2627 subeat
2973 2586 3074 2643 per
3121 2584 3364 2627 amorem
3416 2584 3547 2642 erga

1965 2671 2157 2726 Deum.

2036 2763 2200 2817 Vens.
2229 2761 2285 2817 2.
2322 2780 2341 2814 ι
2371 2759 2439 2815 Et
2462 2760 2520 2816 in
2551 2759 2744 2816 diebus
2764 2759 2903 2816 meis
2933 2760 3219 2817 invocabo.
3252 2779 3271 2814 ι

2033 2856 2090 2911 id
2121 2865 2225 2920 est,
2255 2852 2415 2910 Omni
2450 2863 2695 2924 tempore
2741 2854 2867 2909 vita:
2895 2868 3031 2909 meae
3078 2853 3399 2909 invocabam
3435 2870 3450 2906 :
3489 2850 3544 2905 in

1968 2948 2161 3003 diebus
2191 2947 2326 3002 meis
2371 2946 2473 3001 sub
2504 2945 2630 3001 Sole
2656 2943 2881 3015 iustitiae
2910 2944 3218 3010 transactis,
3251 2959 3377 3000 cum
3404 2958 3549 3000 sem-

1969 3055 2065 3111 per
2095 3039 2449 3106 illuminarer,
2473 3037 2742 3094 invocavi.

2043 3218 2205 3275 Vens.
2240 3219 2293 3274 5.
2338 3237 2356 3271 ι
2386 3218 2816 3275 Tribulationem
2847 3226 2905 3274 et
2940 3216 3186 3273 dolorem
3211 3217 3417 3272 inveni.
3457 3237 3477 3270 ι

2043 3313 2476 3369 Tribulationem
2535 3322 2591 3369 et
2636 3313 2879 3368 dolorem
2930 3309 3227 3381 appellavit
3276 3308 3552 3379 pmniten-

1975 3403 2102 3459 tiam
2139 3423 2152 3460 :
2200 3405 2606 3461 tribulationem
2651 3403 2896 3475 quidem,
2946 3410 3139 3473 utpote
3182 3416 3304 3471 quae
3355 3398 3554 3454 habeat

1973 3497 2182 3569 peccati
2207 3498 2641 3554 recordationem
2672 3497 2951 3563 ;dolorem
2988 3509 3117 3551 vero
3142 3501 3366 3564 propter
3398 3491 3554 3546 labo-

1976 3606 2063 3647 res
2098 3593 2296 3663 quibus
2318 3592 2504 3663 peragi
2531 3592 2690 3657 solet,
2710 3590 2859 3646 verbi
2890 3589 3084 3662 gratia,
3111 3602 3269 3651 sacco
3299 3586 3556 3643 etcincre

1975 3691 2138 3753 atque
2181 3684 2384 3754 vigilia.
2420 3683 2577 3739 Hanc
2605 3682 2696 3753 qui
2728 3682 2954 3751 reperit,
2987 3680 3038 3735 id
3089 3687 3193 3744 est,
3220 3676 3311 3748 qui
3339 3675 3407 3732 ad
3433 3691 3556 3731 eam

1974 3776 2228 3841 accurrit,
2261 3791 2461 3830 nomen
2496 3774 2708 3830 Domini
2728 3775 2852 3844 jure
2882 3771 3083 3828 merito
3114 3767 3557 3826 invocet.0ratio

1976 3868 2122 3922 enim
2152 3878 2234 3923 est
2260 3867 2561 3923 substantia
2596 3865 2955 3938 pmnilentim.

2046 3961 2211 4017 Vens.
2242 3961 2295 4016 6.
2334 3981 2353 4014 ι
2390 3960 2717 4017 Custodiens
2741 3959 2999 4031 parvulos
3026 3955 3313 4012 Dominus.
3355 3972 3385 4006 ι

2049 4052 2169 4110 Non
2195 4053 2350 4122 dixit,
2374 4053 2513 4121 Quia
2534 4069 2641 4109 non
2667 4050 2988 4124 permisit‘in
3021 4047 3263 4121 pericula
3296 4044 3561 4111 incidere,

1979 4147 2076 4203 sed
2105 4154 2395 4218 postquam
2422 4146 2477 4201 in
2506 4161 2570 4200 ea
2600 4145 2922 4207 incideram,
2954 4141 3216 4197 servavit.

2502 4234 2823 4290 PSALMUS
2862 4233 3023 4291 CXV.

2052 4330 2218 4388 Vens.
2259 4330 2314 4385 4.
2356 4348 2375 4383 ι
2422 4328 2659 4384 Calicem
2692 4329 2948 4384 salutaris
2982 4329 3265 4400 accipiam.
3301 4349 3317 4380 ι

2053 4426 2188 4481 Nam
2236 4424 2377 4481 calix
2417 4437 2607 4479 revera
2631 4421 2884 4477 salutaris
2909 4430 3012 4486 est,
3041 4422 3256 4492 hymnis
3282 4417 3567 4475 celebrare

287 4514 384 4568 τὸν
421 4514 531 4567 τῶν
563 4514 701 4568 ὅλων
734 4513 969 4584 Σωτῆρα
1001 4512 1156 4567 Θεόν.
1191 4513 1382 4584 Τούτῳ
1409 4513 1542 4578 Θεὸς
1588 4515 1867 4587 ἐφήδεται1

1984 4518 2153 4573 Deum
2199 4515 2523 4572 salvatorem
2567 4511 2976 4567 universorum.
3032 4509 3142 4566 lsto
3210 4509 3355 4563 Deus
3412 4507 3560 4563 dele-

290 4603 454 4658 τοῦτο
476 4604 691 4674 δέχεται
718 4604 851 4675 παρ’
880 4605 914 4673 ἡ
925 4602 1041 4672 μῶν
1066 4601 1127 4656 τὸ
1149 4600 1422 4674 θυμίαμα.
1448 4604 1539 4667 Ὠς
1573 4605 1683 4676 γὰρ
1716 4606 1880 4669 αὐτὸς

294 4696 403 4766 ἔφη
440 4695 676 4766 Χριστός
699 4711 713 4726 ·
751 4693 997 4763 Πνεῦμα
1022 4696 1056 4749 ὁ
1093 4696 1238 4762 Θεός
1263 4710 1278 4726 °
1309 4695 1409 4750 καί
1446 4695 1590 4763 τοὺς
1618 4714 1881 4766 προσκυ-

293 4789 559 4855 νοῦντας
603 4786 791 4842 αὐτὸν
819 4828 836 4853 ,
886 4785 957 4840 ἐν
1002 4786 1299 4857 πνεύματι
1347 4787 1447 4841 καί
1474 4786 1743 4858 δάληθείᾳ
1790 4789 1887 4843 δεῖ

294 4878 691 4948 προσκυνεῖν.

373 4991 394 5026 ι
432 4974 524 5027 Σοὶ
547 4972 695 5026 θύσω
729 4971 921 5025 θυσίαν
950 4968 1241 5034 αἰνέσεως.
1292 4989 1329 5023 ι.

384 5065 604 5135 Ἐπειδὴ
644 5064 743 5128 τὰς
791 5062 901 5117 τῶν
928 5062 1140 5133 ἀλόγων
1167 5061 1361 5127 θυσίας
1389 5065 1417 5117 ὁ
1456 5064 1693 5134 Χριστὸς
1725 5065 1883 5137 ἐνδη-

302 5161 488 5231 μήσας
528 5159 873 5224 κατέπαυσε,
898 5160 1000 5229 τὴν
1050 5158 1279 5230 λογικὴν
1318 5159 1377 5212 δὲ
1403 5160 1567 5224 αὐτὸς
1607 5159 1683 5225 ὼς
1709 5162 1883 5231 Λόγος

302 5254 600 5325 εἰσήγαγεν
621 5268 640 5284 ο
685 5250 914 5314 είκότως
940 5249 1042 5322 τὴν
1078 5250 1144 5303 δι’
1182 5250 1445 5313 αἰνέσεως
1492 5252 1825 5324 προσφέρειν
1855 5255 1884 5306 ὁ

302 5348 603 5417 Προφήτης
635 5346 903 5415 ὑπέσχετο
927 5383 941 5407 ,
981 5343 1317 5415 προσφέρειν
1358 5344 1414 5397 δὲ
1450 5344 1621 5413 αὐτὴν
1668 5348 1729 5400 ἐν
1765 5346 1885 5401 ὀνό-

310 5459 445 5512 ματι
475 5440 681 5512 Κυρίου
705 5479 719 5503 ,
753 5436 955 5509 δηλαδὴ
988 5438 1047 5490 ἐν
1092 5436 1170 5507 τῷ
1223 5436 1465 5508 Χριστῷ.
1521 5439 1740 5510 Ἐπειδὴ
1789 5439 1887 5494 καὶ

302 5532 450 5586 οὕτω
472 5530 871 5603 προσεύχεσθαι
897 5531 1012 5592 τοῖς
1038 5528 1356 5591 ἀποστόλοις
1377 5528 1702 5583 ἐντέλλεται’
1748 5530 1886 5583 Ἐάν

306 5642 363 5677 τι
394 5621 683 5689 αἰτήσητε
714 5620 821 5675 τὸν
852 5617 1084 5687 Πατέρα
1128 5618 1198 5671 ἐν
1227 5616 1307 5683 τῷ
1335 5617 1584 5689 ὀνόματὶ
1610 5636 1751 5689 μου,
1782 5617 1890 5671 δώ-

308 5731 407 5770 σει
448 5715 608 5781 ὑμῖν.

384 5831 428 5861 ³⁸
449 5827 603 5885 Joan.
633 5844 707 5895 tv,
737 5827 827 5883 25.
940 5828 982 5859 ³³
1012 5824 1168 5882 Joan.
1196 5840 1306 5885 xvi.
1334 5824 1424 5879 23.

1980 4618 2182 4673 elatur,
2208 4606 2355 4662 istud
2384 4606 2669 4662 incensum
2695 4620 2725 4660 a
2749 4604 2910 4660 nobis
2941 4602 3162 4672 accipit.
3194 4598 3561 4666 Quemadmo-

1979 4703 2110 4756 dum
2143 4699 2288 4755 enim
2334 4698 2578 4769 ipsemet
2612 4696 2862 4751 Christus
2911 4695 3169 4751 dicebat:
3212 4690 3439 4759 Spiritus
3487 4699 3562 4743 est

1985 4793 2168 4847 Deus:
2196 4800 2246 4844 et
2284 4806 2370 4844 eos
2412 4788 2501 4859 qui
2537 4788 2762 4842 adorant
2794 4802 2934 4853 eum,
2966 4785 3021 4837 in
3050 4782 3237 4854 spiritu
3268 4790 3316 4834 et
3345 4779 3566 4835 ueritate

1984 4890 2184 4951 oportet
2216 4881 2440 4933 adorare
2469 4878 2537 4931 “.

2062 4974 2227 5029 Vens.
2263 4975 2351 5029 17.
2394 4990 2414 5025 ι
2452 4971 2575 5026 Tibi
2602 4967 2917 5024 sacriﬁcabo
2947 4964 3179 5020 hostiam
3203 4961 3398 5017 laudis.
3433 4978 3461 5013 ν

2059 5064 2507 5135 Quandoquidem
2546 5043 3127 5118 brutorum'sacrilicia
3163 5055 3417 5111 Christus
3460 5052 3567 5108 huc

1989 5157 2289 5214 adveniens
2333 5154 2665 5219 aboleverat,
2694 5151 2809 5221 ipse
2854 5163 2986 5205 vero
3024 5157 3283 5217 tanquam
3323 5144 3563 5199 Verbum

1992 5249 2255 5306 rationale
2276 5245 2599 5303 sacrificium
2620 5243 2926 5307 induxerat;
2940 5241 2995 5311 jn
3005 5255 3062 5294 re
3079 5238 3277 5294 merito
3292 5236 3566 5307 Propheta

1993 5340 2243 5413 promisit
2295 5354 2355 5394 se
2404 5336 2637 5392 hostiam
2687 5332 2864 5388 laudis
2912 5331 3244 5392 oblaturum,
3298 5328 3460 5397 idque
3511 5327 3563 5379 in

1994 5432 2212 5488 nomine
2257 5428 2491 5495 Domini,
2539 5426 2747 5482 scilicet
2796 5423 2851 5477 in
2899 5420 3140 5476 Christo.
3186 5418 3452 5484 Quoniam
3490 5414 3567 5467 sic

1994 5526 2156 5579 etiam
2189 5522 2445 5593 apostolis
2473 5519 2755 5575 intimatur
2786 5523 2845 5569 ut
2874 5520 3055 5567 orent:
3090 5509 3147 5565 Si
3169 5509 3294 5580 quid
3315 5504 3572 5577 petieritis

1998 5617 2211 5670 Patrem
2233 5615 2286 5669 in
2318 5613 2523 5668 nomine
2551 5626 2683 5673 meo,
2708 5605 2853 5661 dabit
2878 5603 3018 5657 vobis
3053 5601 3120 5656 ³³.
