3962 6476
451 323 589 388 1335
1638 324 2001 386 HESYCHII
2051 327 2526 388 PRESBYTER!
3602 311 3733 379 1335

969 431 1297 490 PSALMUS
1323 430 1509 488 CXVI.

2658 434 2955 489 ΨΔΛΜΟΣ
3010 431 3175 503 υπς’.

520 523 685 580 Vens.
717 522 773 578 2.
811 541 830 575 ι
869 522 1139 591 Quoniam
1173 525 1493 581 conﬁrmata
1542 532 1627 581 est
1653 525 2028 584 misericordia

2211 547 2229 580 ι
2273 531 2395 582 Ὅτι
2426 527 2781 601 ὲκραταιώθη
2814 528 2877 582 τὸ
2907 527 3058 592 ἔλεος
3088 525 3278 582 αὐτοῦ.
3317 543 3339 580 ι

449 633 593 691 ειυς.
626 636 645 670 ι

524 707 897 765 Misericordia
930 709 1143 766 scilicet
1178 725 1345 781 super
1371 726 1472 767 nos
1518 710 1840 768 conﬁrmata
1866 710 2025 767 simul

450 817 576 860 Cum
608 802 837 857 veritate
886 810 1249 871 perennantc.
1296 802 1635 873 Frequenter
1681 814 1865 859 autem
1912 804 2029 859 haec

448 893 693 957 nomina,
730 892 1091 946 misericordia
1140 892 1253 961 ejus
1293 900 1342 947 et
1384 894 1602 960 veritas,
1648 893 1716 949 de
1745 894 2027 949 Salvatore

451 985 744 1043 dicuntur:
784 986 861 1040 uti
903 985 1068 1041 etiam
1100 986 1154 1040 in
1198 987 1341 1042 isto:
1380 984 1527 1041 Misit
1557 986 1701 1042 Deus
1730 988 2026 1042 misericor-

450 1080 596 1133 diam
638 1096 792 1133 suam
837 1089 885 1133 et
930 1080 1205 1134 veritatem
1247 1096 1425 1147 suam,
1466 1091 1514 1135 et
1561 1081 1755 1151 eripuit
1788 1083 2028 1137 animam

451 1188 623 1225 meam
666 1172 731 1225 de
775 1173 942 1225 medio
983 1172 1281 1226 catulorum
1326 1173 1534 1228 leonum
1559 1171 1625 1227 ³⁸.
1677 1172 1800 1229 llaec
1829 1189 2029 1245 nempe

451 1260 651 1314 veritas
681 1270 799 1315 erat
818 1260 979 1315 etiam
1011 1264 1326 1333 exspectatio
1353 1264 1586 1332 gentium
1616 1264 1660 1296 ³⁵
1686 1281 1701 1329 ;
1748 1280 2027 1337 quaprop-

454 1360 538 1405 ter
564 1352 727 1406 etiam
758 1352 999 1408 humano
1027 1355 1213 1425 generi
1246 1355 1591 1422 illucescens,
1616 1370 1808 1412 omnes
1837 1366 2028 1428 gentes

450 1457 752 1513 omnesque
789 1444 1019 1515 populos
1050 1445 1117 1501 ad
1169 1446 1384 1501 laudem
1411 1446 1627 1512 invitat,
1655 1449 1856 1503 docens
1904 1463 2026 1518 gra-

454 1535 559 1590 tias
591 1534 796 1592 rel‘erre
845 1536 995 1594 Patri
1039 1539 1129 1609 qui
1184 1540 1530 1597 conﬁrmavit
1590 1540 2025 1596 misericordiam

2200 703 2708 769 Συνδιαιωνίζοντος
2726 704 2929 777 δηλαδὴ
2959 708 3027 777 τῇ
3049 703 3286 777 ἀληθείᾳ
3314 722 3423 760 του
3457 719 3746 776 κραταιω-

2130 800 2315 864 θέντος
2362 800 2449 870 ἐφ’
2481 799 2631 869 ἡμᾶς
2677 797 2884 861 ἐλέους.
2925 796 3204 868 Πολλαχοῦ
3249 797 3309 852 δὲ
3357 797 3442 851 τὰ
3495 795 3747 865 ὀνόματα

2128 892 2324 954 ταῦτα,
2365 890 2433 945 τὸ
2478 890 2650 956 ἕλεος
2695 889 2883 954 αὐτοῦ
2925 888 3026 943 καὶ
3068 887 3108 957 ἡ
3151 888 3443 958 ἀλήθεια,
3496 886 3601 942 ἐπὶ
3654 884 3747 941 τοῦ

2129 984 2382 1055 Σωτῆρος
2403 981 2648 1052 λέγεταιο
2678 979 2870 1053 ὥσπερ
2896 981 2991 1035 καὶ
3015 981 3075 1035 ὲν
3102 981 3204 1052 τῷ*
3244 978 3750 1047 Ἑξαπέστειλεγ

2129 1082 2162 1133 ὁ
2185 1080 2329 1146 Θεὸς
2359 1078 2425 1132 τὸ
2448 1079 2622 1144 ἕλεος
2664 1077 2853 1134 αὑτοῦ
2891 1078 2990 1132 καί
3028 1076 3149 1145 τὴν
3172 1075 3490 1144 ἀλήθειαν
3524 1072 3747 1141 αὐτοῦ,

2128 1170 2227 1227 καί
2260 1171 2559 1243 ἐῤῥύσατο
2586 1169 2701 1238 τὴν
2720 1170 2933 1240 ψυχήν
2951 1189 3072 1240 μου
3091 1170 3161 1224 ἐκ
3172 1169 3373 1240 μέσου
3406 1169 3746 1237 σκύμνων.

2127 1264 2277 1333 Αὕτη
2309 1263 2486 1316 τοίνυν
2519 1264 2553 1333 ἡ
2582 1262 2811 1333 ἀλήθεια
2844 1263 2938 1316 καὶ
2964 1262 3303 1330 προσδοκία
3347 1259 3491 1319 τῶν
3547 1256 3746 1313 ἐθνῶν

2126 1347 2227 1423 ἦν·
2273 1350 2353 1404 διὸ
2413 1351 2510 1405 καὶ
2558 1350 2917 1421 ἐπιλάμψασα
2950 1350 3027 1420 τῷ
3054 1350 3164 1403 τῶν
3206 1350 3540 1421 ἀνθρώπων
3569 1348 3744 1416 γένει.

2129 1446 2208 1507 είς
2239 1442 2387 1497 αἶνον
2409 1445 2585 1499 πάντα
2601 1443 2668 1498 τά
2688 1443 2816 1515 ἔθνη
2840 1445 2936 1498 καὶ
2966 1444 3177 1507 πάντας
3199 1444 3325 1507 τοὺς
3345 1443 3536 1507 λαοὺς
3562 1441 3743 1504 καλεῖ,

2130 1539 2472 1609 εὐχαριστεῖν
2498 1536 2829 1592 διδάσκουσα
2874 1536 2953 1607 τῷ
2982 1537 3162 1607 Ilath
3200 1535 3276 1607 τῷ
3308 1535 3744 1607 κραταιὼσαντι

452 1644 628 1695 suam,
666 1637 723 1684 et
765 1644 1088 1700 permanere
1132 1631 1261 1687 fecit
1300 1632 1587 1689 veritatem
1630 1648 1802 1703 usque
1832 1632 1887 1689 iu
1922 1649 2027 1690 sae-

450 1721 656 1778 culum.

961 1817 1278 1874 PSALMUS
1305 1818 1515 1876 CXVII.

527 1906 688 1964 Vens.
723 1910 774 1964 1.
810 1927 828 1962 t
863 1909 1210 1967 Conﬁtemini
1245 1911 1475 1967 Domino
1510 1913 1764 1984 quoniam
1791 1914 2022 1970 bOHUSJ

522 2000 693 2059 David
749 2001 968 2059 assidue
1010 2004 1158 2058 canit
1212 2004 1637 2070 confessionem,
1688 2006 1870 2063 sciens
1924 2007 2031 2062 hoc

451 2093 751 2148 maximum
771 2108 892 2149 esse
914 2096 1228 2165 prazsidium
1245 2098 1647 2169 peccatoribus,
1669 2108 1726 2156 et
1742 2099 2029 2155 vulnerum

453 2181 652 2239 animae
677 2184 1024 2241 medicinam.

524 2275 689 2333 Vens.
723 2276 811 2333 10.
848 2296 869 2331 ι
899 2277 1105 2336 Omnes
1137 2289 1332 2353 gentes
1357 2282 1839 2341 circumdederunt
1864 2300 1973 2339 me.
2004 2302 2025 2336 ι

521 2364 594 2421 Et
637 2368 910 2437 quomodo
953 2385 1123 2425 unum
1168 2385 1359 2426 omnes
1404 2381 1597 2442 gentes
1651 2370 2032 2427 circumdent?

454 2452 562 2511 Sed
617 2474 811 2514 omnes
859 2466 1051 2530 gentes
1099 2461 1392 2532 appellavit
1446 2462 1690 2519 diversas
1746 2461 2029 2516 hominum

452 2546 615 2611 vitas,
642 2552 1089 2624 quandoquidem
1137 2554 1393 2626 gentibus
1438 2556 1551 2610 sint
1583 2555 1802 2611 vivendi
1832 2571 2032 2628 genera

454 2640 689 2708 diversa,
720 2644 923 2713 quibus
972 2656 1027 2702 et
1070 2647 1140 2703 ab
1174 2648 1408 2703 invicem
1475 2650 1906 2722 distinguuntur.
1937 2649 2033 2705 Ju-

454 2744 598 2790 stum
618 2736 780 2807 igitur
798 2739 963 2794 etiam
981 2740 1105 2795 mali
1124 2741 1485 2809 circumdant,
1506 2752 1564 2801 ut
1580 2744 1750 2810 avari,
1767 2753 1823 2798 et
1838 2744 2030 2809 invidi,

454 2837 512 2884 et
558 2830 799 2900 superbi,
855 2840 911 2888 et
968 2833 1284 2904 hypocritaa,
1340 2850 1688 2892 communem
1748 2837 2033 2893 inimicum

459 2917 635 2993 ipsum
685 2930 1031 2991 reputantes,
1077 2933 1306 2995 propter
1349 2927 1836 2997 reprehensionem
1871 2943 2051 2998 quam

460 3030 522 3067 ex
551 3012 723 3083 ipsius
750 3014 919 3083 proba
952 3015 1063 3069 vita
1111 3016 1383 3074 sustinent
1410 3035 1423 3072 :
1452 3027 1825 3074 verumtamen
1857 3019 1946 3074 hic
1975 3035 2036 3075 se

2129 1630 2188 1682 τὸ
2226 1630 2374 1693 ἔλεος
2403 1629 2591 1697 αὑτοῦ,
2628 1630 2722 1685 καὶ
2765 1628 2946 1700 μένειν
2977 1628 3265 1698 ποιήσαντι
3305 1628 3405 1698 τὴν
3462 1624 3746 1695 ἀληθειαν

2130 1720 2233 1784 ἓως
2265 1720 2359 1773 τοῦ
2394 1721 2607 1785 αἰῶνος.

2680 1810 2976 1864 ΨΑΛΜΟΣ
3005 1812 3151 1867 Ρ1Ζ’.

2210 1921 2229 1953 ι
2265 1900 2713 1972 Ἐξομολογείοθε
2741 1905 2819 1974 τῷ
2852 1904 3043 1975 Κυρίῳ
3072 1905 3153 1957 ὅτι
3176 1902 3404 1972 ἀγαθός.
3448 1920 3475 1955 ι

2201 1995 2453 2065 Συνεχῶς
2506 1994 2625 2067 ᾄδει
2676 1996 2775 2067 τὴν
2834 1994 3227 2068 ἐξομολόγησιν
3266 1999 3294 2050 ὁ
3327 1993 3547 2057 Δαδὶδ,
3582 1990 3743 2054 είδὼς

2130 2092 2216 2145 ὅτι
2265 2090 2423 2144 τοῦτο
2460 2089 2717 2159 μέγιστον
2766 2091 2880 2152 τοῖς
2930 2089 3279 2161 ἁμαρτωλοῖς
3322 2089 3403 2150 εἰς
3438 2085 3739 2157 βοήθειαν,

2131 2184 2225 2237 καὶ
2252 2181 2585 2253 τραυμάτων
2618 2180 2728 2234 τῶν
2774 2180 2915 2235 κατά
2937 2181 3118 2251 ψυχὴν
3147 2182 3471 2253 φάρμακον.

2212 2293 2229 2324 ι
2271 2274 2457 2327 Πάντα
2494 2272 2563 2326 τά
2605 2272 2733 2344 ἔθνη
2775 2260 3098 2326 ἐιιύκλωσάν
3132 2289 3219 2341 με.
3259 2290 3278 2324 ι

2207 2367 2317 2421 Καὶ
2339 2366 2457 2431 πῶς
2506 2365 2598 2419 τὸν
2648 2364 2745 2419 ἕνα
2786 2366 2966 2421 πάντα
3016 2365 3205 2420 κυκλοῖ
3248 2363 3318 2417 τά
3364 2362 3544 2432 ἐθνης
3600 2358 3737 2414 ά).λά

2132 2463 2311 2516 πάντα
2331 2460 2460 2531 ἔθνη
2489 2460 2613 2522 τοὺς
2632 2458 2924 2530 διαφόρους
2950 2456 3097 2527 βίους
3122 2456 3231 2511 τῶν
3253 2454 3576 2526 ἀνθρώπων
3604 2452 3732 2507 ἑκάο

2132 2555 2309 2620 λεσεν,
2364 2552 2555 2624 ἐπειδὴ
2608 2552 2859 2624 διάφοροι
2896 2551 3002 2621 βίοι
3051 2552 3165 2613 τοῖς
3213 2550 3469 2616 ἔθνεσιν,
3505 2548 3641 2601 ὅθεν
3670 2544 3733 2615 δὴ

2134 2650 2228 2703 καὶ
2268 2648 2365 2703 ἀπ’
2392 2646 2641 2717 ἀλλήλων
2670 2645 3006 2717 μερίζονται.
3041 2645 3147 2698 Τὸν
3176 2645 3389 2700 δίκαιον
3418 2642 3618 2697 τοίνυν
3639 2641 3731 2694 καὶ

2133 2744 2181 2795 oi
2224 2741 2453 2813 πονηροὶ
2483 2739 2765 2804 κυκλοῦσι,
2798 2738 2892 2792 καὶ
2920 2739 2968 2792 οἱ
3004 2739 3333 2809 φιλάργυροι
3356 2778 3371 2800 ,
3403 2738 3505 2791 καὶ
3538 2737 3595 2788 οἱ
3631 2734 3729 2804 βά.

2137 2851 2325 2889 σκανοι
2352 2874 2367 2897 ,
2424 2834 2518 2887 καὶ
2568 2833 2953 2902 ὑπερήφανοι,
3026 2833 3121 2886 καὶ
3177 2830 3499 2901 ὑποκριταὶ,
3549 2826 3728 2881 κοινὸν

2136 2925 2332 2996 ἐχθρὸν
2377 2926 2467 2980 τὸν
2509 2924 2598 2979 διὰ
2634 2924 2726 2978 τὸν
2766 2924 3008 2995 ἔλεγχον,
3039 2925 3132 2977 τὸν
3162 2924 3227 2976 ὲκ
3253 2922 3354 2993 τῆς
3386 2922 3613 2974 ἐκείνου
3639 2919 3731 2973 εύ-

2138 3019 2328 3083 ζωῖας,
2365 3018 2700 3088 νομίζοντες·
2725 3016 2842 3071 ἀλλ’
2880 3011 3038 3080 οὗτος
3058 3014 3218 3069 τοῦτο
3251 3014 3314 3067 τὸ
3343 3012 3560 3082 πλῆθος
3583 3009 3725 3081 apa-

458 3105 527 3159 de
563 3106 720 3159 turba
744 3106 833 3160 illa
863 3107 1107 3163 vindicat
1126 3124 1226 3179 per
1254 3125 1454 3165 nomen
1475 3112 1593 3165 Dei.
1616 3110 1822 3167 Nomen
1850 3123 2031 3168 autem

2148 3127 2289 3163 νεται
2322 3108 2399 3180 τῷ
2427 3109 2651 3179 ὀνόματι
2678 3107 2774 3162 τοῦ
2809 3106 2966 3161 Θεοῦ.
3002 3108 3216 3176 Ὄνομα
3257 3104 3316 3158 δὲ
3344 3102 3500 3173 αὐτῷ
3523 3105 3556 3157 ὁ
3590 3102 3724 3173 Χρι-

459 3199 562 3269 ipsi
591 3197 861 3267 Christus,
890 3201 1034 3270 quod
1059 3201 1127 3256 ad
1176 3217 1368 3257 omnes
1408 3203 1635 3260 insidias
1681 3206 2036 3264 vindicandas

2148 3205 2286 3271 στδς,
2311 3206 2450 3274 ὅπερ
2472 3207 2553 3268 είς
2582 3204 2797 3276 ἄμυναν
2836 3204 3020 3275 πάσης
3045 3200 3343 3270 ἐπιϐουλῆς
3369 3201 3560 3273 ἀρκεῖ·
3596 3196 3723 3250 αὐτὸ

459 3288 592 3343 satis
647 3297 760 3346 est:
814 3289 948 3345 illud
993 3290 1138 3346 enim
1183 3299 1239 3348 et
1278 3301 1577 3361 armatura,
1623 3303 1679 3351 et
1725 3304 1939 3351 scutum
1981 3306 2038 3351 et

460 3383 708 3439 custodia
739 3392 826 3439 est
856 3383 932 3439 illi
961 3384 1054 3453 qui
1083 3385 1224 3456 gerit
1253 3386 1453 3456 ipsum.

532 3471 695 3530 Vens.
736 3475 826 3531 15.
860 3492 881 3528 ι
919 3474 1191 3546 lmpulsus
1212 3492 1440 3533 eversus
1468 3496 1588 3535 sum
1619 3489 1679 3536 ut
1702 3480 1978 3536 caderem.
2014 3499 2033 3532 ι

532 3566 828 3636 lmpellunt
859 3583 961 3623 nos
984 3569 1038 3622 in
1067 3577 1354 3639 peccatum
1393 3572 1754 3643 cogitationes
1778 3588 2041 3642 quaecun-

463 3674 571 3729 que
606 3660 923 3730 verguntad
952 3661 1278 3737 voluptates,
1313 3672 1367 3717 et
1395 3678 1425 3717 a
1450 3663 1602 3717 ﬁrma
1638 3662 1768 3734 legis
1805 3663 2041 3718 statione

464 3760 798 3819 avertentes,
827 3753 1114 3822 expeditos
1141 3770 1243 3811 nos
1273 3756 1512 3811 reddunt
1542 3766 1600 3813 ut
1629 3772 1660 3813 a
1701 3757 2043 3813 daemonibus

464 3843 802 3912 dejiciamur.
828 3844 1026 3901 Verum
1055 3847 1097 3903 si
1132 3846 1297 3905 sobrii
1330 3848 1721 3919 vigilantesque
1752 3848 2039 3913 fuerimus,

466 3935 792 3993 habebimus
836 3935 1009 3992 Deum
1044 3946 1446 4009 protectorem:
1484 3940 1601 4010 ipse
1636 3940 1784 3996 enim
1821 3949 1877 3995 et
1920 3941 2041 3995 ani-

467 4042 612 4081 mam
644 4038 888 4083 nostram
914 4030 1240 4089 conﬁrmare
1269 4048 1500 4104 eamque
1529 4034 1769 4106 dejicere
1794 4034 2044 4090 volentes

468 4118 723 4187 persequi
748 4127 948 4187 potest.

540 4207 704 4263 Vens.
740 4208 827 4264 15.
864 4227 883 4261 ι
918 4209 1034 4264 Vox
1063 4210 1441 4266 exsultationis
1468 4220 1523 4268 et
1551 4212 1796 4268 salutis.»

540 4300 775 4366 Quando
813 4301 960 4355 enim
1004 4302 1150 4357 Deus
1194 4303 1509 4359 universum
1558 4307 2041 4370 consummaverit,

471 4393 528 4448 hi
556 4393 647 4463 qui
678 4393 903 4448 victoria
934 4393 1192 4449 fruuntur
1221 4396 1493 4466 gaudent,
1526 4398 2041 4469 exsultant,duplici

472 4485 658 4541 laetitia
705 4485 912 4550 aﬁ‘ecti,
946 4496 1001 4541 et
1056 4487 1201 4557 quod
1243 4488 1442 4543 servati
1476 4489 1606 4555 sint,
1656 4498 1712 4544 et
1758 4490 1905 4561 quod
1950 4506 2047 4561 per

472 4577 645 4635 Deum
692 4579 919 4635 servati.
949 4578 1176 4634 Laetitiae
1216 4594 1381 4634 causa
1411 4587 1496 4635 est
1525 4580 1572 4635 is
1613 4580 1706 4651 qui
1740 4583 2044 4653 trophaeum

472 4672 667 4729 erexit.
702 4671 911 4728 Deinde
956 4673 1254 4728 ostendens
1294 4672 1551 4742 quidnam
1596 4687 1722 4728 eum
1772 4674 2048 4744 impulerit

475 4765 542 4819 ad
564 4762 669 4820 hoc
698 4765 963 4820 auxilium
994 4764 1280 4819 ferendum
1309 4765 1611 4834 subiunxit,
1640 4766 1704 4819 In
1730 4767 2049 4823 tabernacu-

477 4854 541 4908 lis
556 4854 846 4923 justorum.
872 4855 992 4910 Non
1026 4855 1163 4911 dixit
1186 4856 1243 4910 in
1272 4856 1544 4923 domibus,
1580 4858 1677 4912 sed
1702 4859 1757 4912 in
1790 4859 2046 4915 taberna-

477 4947 636 5011 culis,
664 4947 853 5004 volens
887 4948 1183 5005 ostendere
1213 4948 1641 5020 extemporalem
1673 4965 1865 5006 eorum
1894 4953 2049 5008 habi-

482 5040 770 5094 tationem.

554 5131 719 5188 Vens.
757 5133 842 5187 l6.
881 5152 899 5185 ι
941 5134 1141 5191 Dextra
1173 5134 1385 5191 Domini
1421 5136 1849 5193 fecitvirtutem.
1891 5159 1909 5192 ι

553 5223 667 5279 Hoc
703 5234 787 5280 est
818 5227 1053 5281 maxime
1087 5227 1196 5283 vita
1236 5229 1414 5298 ipsum
1445 5229 1689 5297 laudare,
1718 5240 1773 5285 et
1800 5231 2057 5287 omnibus

482 5316 812 5372 annuntiare
852 5318 1116 5374 miracula
1144 5319 1285 5390 ejus.
1313 5321 1502 5388 Qualia
1530 5337 1718 5393 opera,
1750 5323 1839 5379 dic
1882 5323 2051 5378 mihi?

482 5408 611 5464 llaec
635 5425 758 5480 quae
782 5419 1139 5467 enarraturus
1163 5422 1270 5468 est.

557 5500 721 5558 Vens.
748 5502 837 5562 20.
877 5523 895 5557 ι
928 5504 1055 5559 Haec
1078 5513 1235 5576 porta
1267 5506 1503 5562 Domini.
1543 5525 1562 5557 ι

559 5592 736 5651 Porta:
773 5596 902 5652 olim
952 5607 1111 5654 erant
1162 5598 1249 5657 lex
1297 5608 1354 5654 et
1412 5598 1712 5668 prophetae,
1772 5614 1866 5669 per
1922 5616 2059 5669 quas

600 5774 643 5804 ”'
674 5772 818 5829 Psal.
852 5792 957 5839 Lvl,
992 5775 1043 5829 5.
1158 5776 1200 5809 ³⁵
1239 5770 1376 5830 Gen.
1421 5788 1566 5838 χιιι.
1606 5773 1687 5830 10.

2138 3295 2248 3365 γάρ
2276 3294 2440 3349 ὅπλον
2474 3295 2571 3350 καὶ
2622 3295 2791 3361 ἀσπὶς
2828 3294 2925 3350 καὶ
2964 3295 3227 3367 φρούριον
3276 3290 3374 3346 τοῦ
3424 3289 3723 3362 φοροῦντος

2138 3389 2273 3444 αὐτὸ
2304 3389 2537 3458 γίνεται.

2214 3498 2234 3533 ι
2278 3478 2488 3542 Ὠσθεὶς
2518 3478 2835 3551 ἀνετράπην
2861 3476 2956 3532 τοῦ
2994 3479 3202 3534 πεσεῖν.
3234 3496 3254 3531 ι

2223 3570 2470 3626 Ὦθοῦσιν
2517 3572 2665 3642 ἡμᾶς
2710 3571 2790 3635 εἰς
2836 3570 3112 3642 ἁμαρτίαν
3155 3570 3272 3624 ὅσοι
3298 3569 3413 3623 τῶν
3438 3564 3725 3637 λογισμῶν

2143 3667 2278 3739 πρὸς
2309 3667 2410 3731 τάς
2438 3664 2631 3737 ἡδονὰς
2672 3663 2918 3734 ῥέπουσι,
2952 3661 3048 3718 καὶ
3088 3662 3201 3717 ἀπὸ
3243 3661 3346 3729 τῆς
3380 3659 3607 3733 ἑδραίας
3625 3657 3721 3727 τῆς

2143 3760 2201 3813 ὲν
2233 3758 2311 3829 τῷ
2351 3758 2503 3827 νόμῳ
2528 3756 2773 3818 στάσεως
2811 3754 3243 3826 ἀνατρέψαντες,
3276 3754 3529 3825 εὐχερεῖς
3563 3750 3721 3815 εἰςτδ

2144 3850 2552 3921 καταόληθῆναι
2587 3848 2740 3920 παρὰ
2768 3847 3038 3918 δαιμόνων
3062 3846 3411 3918 ἐργάζονται.
3458 3843 3603 3899 Ἀλλ’
3628 3842 3718 3895 ὲάν

2144 3943 2421 4016 νήψωμεν,
2457 3941 2654 4011 ἕξομεν
2681 3940 2771 3993 τὸν
2800 3939 2935 3993 Θεὸν
2964 3941 3044 4003 είς
3080 3937 3389 4009 ἀντίληψιν·
3426 3930 3587 4000 οὗτος
3618 3934 3719 4005 γὰρ

2145 4036 2301 4108 ἡμῶν
2341 4035 2438 4089 καὶ
2479 4037 2579 4104 τὴν
2625 4030 2803 4103 ψυχὴν
2832 4029 3110 4102 στηρίξαι,
3134 4031 3231 4084 καὶ
3266 4031 3395 4094 τοὺς
3440 4028 3717 4089 ἐθέλοντας

2147 4126 2494 4190 καταϐαλεῖν,
2513 4124 2813 4190 ἀποδιῶξαι
2840 4124 3085 4181 δύναται.

2225 4240 2244 4273 ι
2276 4220 2432 4292 Φωνὴ
2459 4218 2836 4288 ἀγαλλιάσεως
2864 4216 2961 4271 καὶ
2991 4214 3287 4291 σωτηρίας.
3324 4231 3344 4266 ι

2220 4312 2391 4364 Ὅταν
2438 4309 2546 4381 γάρ
2576 4308 2707 4371 Θεὸς,
2739 4305 3065 4379 κατορθώσῃ
3095 4307 3158 4360 τὸ
3186 4308 3315 4370 πᾶν,
3347 4306 3399 4359 οί
3441 4305 3543 4377 τῆς
3570 4304 3714 4364 νίκης

2148 4402 2511 4467 ἀπολαύοντες
2544 4401 2819 4473 χαίρουσι,
2861 4400 3145 4472 σκιρτῶσι,
3170 4397 3332 4469 διπλῇ
3373 4396 3713 4467 γαννύμενοι,

2081 4475 2123 4528 D
2151 4497 2247 4551 καὶ
2286 4495 2382 4550 τοῦ
2424 4493 2782 4564 διασωθῆναι,
2830 4493 2928 4548 καὶ
2980 4491 3077 4545 τοῦ
3127 4490 3217 4545 διὰ
3276 4488 3416 4543 Θεοῦ
3467 4489 3712 4558 σωθῆναι.

2153 4589 2325 4645 Τοῦτο
2347 4587 2610 4659 ποιεῖτὴν
2634 4586 2978 4659 εὐφροσύνην
3007 4585 3096 4639 ὅτε
3124 4584 3186 4638 τὸ
3209 4583 3473 4654 τρόπαιον
3502 4582 3710 4651 στήσας.

2154 4678 2286 4737 Εἶτα
2307 4681 2518 4742 δεικνὺς
2542 4678 2641 4747 τῆς
2670 4676 2993 4748 συμμαχίας
3021 4676 3120 4747 τῆς
3146 4674 3404 4745 τοιαύτης
3430 4672 3532 4745 τὴν
3561 4675 3715 4741 ἀφορ-

2158 4776 2288 4845 μὴν,
2310 4790 2384 4843 φη
2393 4770 2604 4836 σίν,Ἑν
2622 4769 2882 4837 σκηναῖς
2905 4770 3170 4824 δικαίων.
3197 4768 3312 4827 υύκ
3331 4762 3487 4821 εἶπεν
3507 4766 3710 4826 οίκίαις.

2156 4866 2290 4920 ἀλλά
2322 4866 2569 4936 σκηναῖς,
2619 4862 2680 4916 τὸ
2732 4861 3149 4933 ἐσχεδιασμένον
3187 4861 3288 4931 τῆς
3316 4861 3584 4932 οἰκήσεως
3628 4856 3713 4912 αὐ-

2153 4958 2262 5013 τῶν
2295 4956 2651 5029 παραστῆσαι
2675 4954 3025 5025 βουλόμενος.

2229 5158 2248 5192 ι
2285 5139 2445 5204 Δεξια
2476 5137 2685 5207 Κυριου
2717 5133 2939 5202 ἐποίησε
2978 5130 3230 5200 δύναμιν.
3275 5146 3299 5184 ι

2223 5232 2396 5288 Τοῦτο
2424 5229 2660 5302 μάλιστα
2705 5226 2819 5297 ζωὴ
2870 5226 2932 5279 τὸ
2978 5225 3074 5278 καὶ
3104 5223 3268 5277 αὐτὸν
3306 5223 3499 5285 αἰνεῖν,
3524 5220 3618 5274 καὶ
3641 5218 3710 5278 είς

2157 5326 2401 5388 ἅπαντας
2421 5322 2770 5391 ἐξαγγέλλειν
2799 5318 2965 5373 αὑτοῦ
2991 5318 3060 5372 τὰ
3087 5315 3366 5386 θαύματα.
3398 5316 3533 5370 Ποῖα
3566 5312 3709 5384 ἔργα.

2158 5417 2281 5470 είπέ
2307 5432 2433 5487 μοις
2462 5412 2652 5467 Ταῦτα
2678 5412 2715 5466 ἃ.
2747 5410 2930 5482 μέλλει
2957 5406 3286 5480 διηγεῖσθαι.

2235 5526 2255 5560 ι
2285 5505 2436 5577 Αὕτη
2463 5507 2497 5576 ἡ
2533 5503 2676 5575 πύλη
2709 5502 2803 5558 τοῦ
2833 5500 3058 5571 Κυρίου.
3093 5519 3113 5553 ι

2238 5597 2413 5652 Πύλαι
2436 5596 2602 5654 πάλαι
2635 5598 2663 5651 ὸ
2688 5594 2850 5665 νόμος
2883 5591 2978 5648 καὶ
3008 5591 3058 5644 οἱ
3098 5589 3401 5661 ποοφῆται,
3429 5587 3496 5642 δι’
3520 5578 3593 5643 ὧν
3615 5585 3708 5638 εἰσι
