3962 6414
135 305 289 369 1337

127 412 237 509 ρει
271 418 410 489 πρὸς
439 420 569 475 Θεὸν
598 423 627 476 ὁ
666 428 908 503 Ἰσραήλ.
937 436 1086 509 Πύλη

125 503 579 616 ⁴ἧςῇοίκειότερον
599 520 697 575 νῦν
717 503 1131 603 προσαγόμεθα,
1157 503 1601 616 μαρτυρούμενοί
1613 503 1732 602 ἐξδ

127 604 241 659 τοῦ
271 608 442 680 νόμου
470 616 565 668 καὶ
592 623 913 691 προφητῶν.

214 699 413 794 σ-Θεὺς
447 706 674 777 Κύριος,
710 713 805 767 καὶ
834 717 1111 789 ὲπέφανεν
1143 724 1296 794 ἡμῖν.
1335 746 1354 779 ι

222 788 702 890 Ῥνταῦθαμτοίνυν
735 807 763 856 ό
809 788 1105 883 Προφήτης
1302 819 1581 890 σάρκωσιν
1613 822 1745 876 θαυ-

129 878 330 970 μάζει,
362 882 446 936 ὃτι
475 885 609 952 Θεὸς
646 889 725 944 ῶν
756 878 865 947 καὶν
899 878 1103 970 Κύριος
1154 878 1253 970 ὢν,

124 969 388 1077 faselum,
449 978 788 1050 κατηξίωσεν
849 990 1205 1065 ἐπιφανῆναι.
1240 969 1428 1056 νὍταν
1477 969 1538 1057 ξε
1580 969 1733 1077 εἴπῃ,

141 1061 477 1166 :E-Jzégpare,
512 1072 610 1144 τὴν
639 1078 954 1149 οἰκονομίαν
995 1061 1166 1153 λέξει,
1196 1087 1257 1142 τὸ
1285 1092 1365 1155 είς
1395 1094 1611 1166 μήτραν

126 1152 258 1258 θεῖν
292 1159 650 1234 παρθενικὴν,
690 1172 785 1222 καὶ
840 1176 955 1237 τοῖς
1002 1176 1311 1248 ἀνθρώποις
1346 1152 1732 1258 ⁷συναναστροιει

128 1246 333 1350 φῆναι.
356 1253 459 1350 Δια
479 1254 543 1325 δὴ
558 1259 752 1350 τοῦτο,
780 1246 1212 1341 Εὐλογήκαμεν
1229 1274 1403 1345 ὑμᾶς,
1432 1278 1619 1350 φησὶν,
1635 1246 1731 1334 ’ὅτι

125 1340 405 1441 τοιαύξης
437 1346 788 1418 ἀπηλαύσατε
816 1356 1049 1430 δωρεᾶς·
1092 1363 1121 1417 ὃ
1160 1340 1310 1420 καὶτὸ
1346 1340 1733 1441 Χγρίστὸςτέλε-

127 1437 504 1533 τξξηῗλζίολ
567 1446 872 1515 προφῆται
925 1454 1021 1507 καὶ
1070 1454 1291 1513 δίκαιοι
1338 1437 1735 1533 ἐπεθύμησαν

128 1523 294 1578 ἰδεῖν
312 1526 350 1581 d
372 1529 582 1599 εἴδετε,
607 1537 702 1590 καὶ
728 1540 839 1593 οὐκ
858 1538 1047 1613 εἶδον,
1072 1548 1170 1602 καὶ
1190 1550 1450 1607 ἀκοῦσαι
1468 1523 1734 1609 dilatatis-

128 1631 223 1680 τε,
257 1619 358 1671 καὶ
402 1624 511 1676 οὐκ
550 1623 849 1693 ἤκουσαν.

211 1729 232 1762 s
280 1713 635 1785 Συστήσασθε
669 1721 862 1795 ἑορτὴν
893 1726 952 1779 ἐν
978 1730 1087 1793 τοῖς
1122 1731 1481 1797 πυκάζουσιν.
1522 1754 1541 1788 ι

206 1803 307 1871 Τὸ,
330 1805 402 1858 ἐν
425 1808 547 1875 τοῖς
582 1812 980 1886 πυκάζουσιν,
1008 1820 1127 1874 ἀντὶ
1152 1822 1246 1875 τοῦ
1278 1828 1729 1900 πεπυκνωμένοις

126 1895 377 1951 τέθεικεο
396 1899 456 1952 τὸ
480 1902 590 1972 γὰρ
621 1909 1067 1978 πεπυκασμένον,
1097 1919 1529 1989 πεπυκνωμένον
1549 1895 1646 1979 καὶ
1676 1895 1727 1977 oi

125 1986 244 2052 ἔξω
284 1989 381 2043 τοῦ
413 1991 537 2045 καθ’
560 1994 707 2064 ἡμᾶς
750 1995 912 2066 λόγου
950 2000 1229 2059 καλοῦσιν.

210 2100 230 2131 1
278 2080 415 2145 Θεός
448 2101 550 2153 μου
590 2080 641 2138 εἰ
666 2088 753 2153 σὺ,
791 2091 885 2144 καὶ
910 2092 1382 2171 ὲξομολογήσομαί
1416 2120 1517 2157 σοι.
1553 2124 1573 2157 ι

203 2172 331 2275 Τίινι
362 2174 633 2275 δὲ-ταῦτα
658 2179 836 2275 λέγει,
882 2185 915 2255 ἢ
960 2186 1038 2257 τῷ
1070 2189 1326 2262 ἀνωτέρω
1366 2194 1724 2275 δεδηλωμένῳ

128 2261 332 2333 Κυρίῳ
354 2279 372 2329 ;
397 2265 474 2336 τῷ
494 2269 559 2319 ὲκ
584 2267 817 2340 θλίψεως
842 2275 1133 2351 ῥυσαμένῳ
1158 2282 1340 2347 αὐτὸν,
1370 2285 1448 2357 τῷ
1469 2261 1561 2343 καὶ
1578 2261 1723 2357 ’τοὺς

128 2352 375 2423 ἐχθροὺς
401 2356 568 2411 αὐτοῦ
603 2362 1027 2436 ταπεινώσαντι,
1078 2369 1158 2442 τῷ
1203 2373 1297 2428 καὶ
1325 2352 1592 2436 τὸν-λίθον
1629 2352 1722 2439 τὸν

128 2445 523 2545 ἀποϐληθέντα
550 2452 687 2523 πρὸς
718 2456 826 2509 τῶν
861 2459 1162 2533 οἰκοδόμων
1192 2464 1491 2537 opacam,
1525 2474 1601 2545 τῷ
1627 2479 1720 2530 καὶ

130 2536 469 2594 εὐοδώσαντι
508 2544 603 2597 καὶ
645 2545 881 2603 σώσαντι
940 2553 1066 2618 τοὺς
1113 2557 1193 2621 είς
1232 2560 1397 2616 αὐτὸν
1435 2567 1720 2623 πιστεύον.

128 2645 261 2693 τας.

209 2739 231 2771 s
280 2722 724 2796 Ἐξομολογετσθε
750 2731 829 2802 τῷ
860 2733 1052 2808 Κυρίῳ
1080 2738 1164 2793 ὅτι
1195 2742 1419 2812 ἀγαθός.
1461 2765 1480 2798 ι

204 2812 379 2913 ’ἰοθεν
408 2819 439 2870 ὁ
466 2820 759 2893 Προφήτης
794 2825 890 2879 τοῦ
918 2828 1013 2881 νῦν
1044 2830 1263 2903 ψαλμοῦ
1302 2836 1404 2907 τῆς
1447 2839 1718 2913 μελῳδίας

126 2905 364 2974 ἤρξατο,
391 2911 601 2967 ἐκεῖθεν
655 2915 806 2987 αὐτῷ
847 2919 944 2973 καὶ
993 2921 1055 2974 τὸ
1095 2924 1247 2990 τέλος
1281 2905 1579 3001 ἐπέθηκεν,
1625 2905 1715 2991 ἵνα

126 2997 234 3068 τὴν
264 3001 654 3078 ἐξομολόγησιν
702 3008 870 3083 μέχρι
917 3015 1119 3082 παντὸς
1170 3018 1262 3073 τοῦ
1310 2997 1712 3095 βίου-φυλάξω-

130 3107 200 3161 με
209 3110 257 3147 ν.

681 3192 976 3250 ΨΔΛΜΟΣ
1009 3198 1165 3257 PIH'.

206 3295 231 3328 ι
267 3277 545 3350 Μακάριοι
577 3281 627 3335 oi
653 3281 1041 3356 ἐξερευνῶντες
1082 3293 1151 3347 τὰ
1181 3299 1476 3370 μαρτύρια.
1512 3320 1532 3356 ι

202 3371 269 3422 Ol
300 3369 567 3443 δεύτεροι,
599 3374 674 3439 ὡς
712 3378 807 3431 ἐπὶ
832 3382 1117 3450 κρείττονα
1151 3388 1245 3440 καὶ
1276 3369 1547 3464 ἀνώτερον
1584 3397 1717 3451 ἀνα-

125 3462 411 3529 σαίνοντες
460 3465 690 3539 βαθμὸν,
720 3469 900 3537 ἄλλως
936 3474 1177 3543 γίνονται
1206 3462 1490 3556 μακάριοι,
1521 3487 1609 3542 διὰ
1657 3489 1717 3543 τὸ

127 3554 213 3626 μὴ
264 3556 429 3625 μόνον
473 3560 775 3631 κατορθοῦν
822 3565 917 3620 τὸν
960 3568 1152 3637 ἠθικὸν
1189 3554 1419 3644 τρόπον,
1469 3578 1585 3632 ἀλλ’
1615 3581 1713 3654 ήδη

124 3654 229 3708 καὶ
254 3652 548 3728 ὲξερευνᾷν
575 3657 643 3712 τὰ
674 3659 811 3731 βάθη
840 3662 950 3717 τῶν
995 3669 1315 3741 μαρτυρίων
1347 3673 1536 3730 αὐτοῦ.

208 3767 228 3801 ι
275 3749 367 3801 Ἐν
394 3749 498 3803 τίνι
528 3753 863 3825 κατορθώσει
899 3757 1166 3830 νεώτερος
1188 3761 1286 3831 τὴν
1317 3763 1436 3818 ὁδόν
1461 3783 1477 3832 ;
1515 3785 1534 3819 ι

204 3837 494 3909 Νεώτερος
538 3843 566 3894 ὁ
604 3842 711 3896 ἀπὸ
753 3844 864 3898 τῶν
907 3844 1077 3901 ἐθνῶν
1106 3848 1253 3915 λαὸς,
1288 3853 1316 3906 ό
1349 3853 1579 3921 σκολιῶς
1610 3858 1717 3929 πρὸ

121 3930 226 3999 τῆς
260 3930 498 3996 πίστεως
528 3932 783 4003 ὁδεύσας,
815 3937 875 3990 ὲν
907 3936 1014 3992 τίνι
1043 3943 1382 4014 κατορθώσει
1430 3948 1529 4017 τὴν
1577 3948 1714 4016 ὁδὸν,

122 4021 159 4092 ἧ
188 4020 268 4092 τῷ
301 4023 669 4091 φυλάσσεσθαι
698 4030 825 4094 τοὺς
846 4030 1038 4101 λόγους
1058 4034 1154 4087 τοῦ
1186 4034 1359 4103 Θεοῦ;
1401 4038 1466 4092 Ἦ
1487 4039 1597 4110 γὰρ
1627 4040 1715 4095 ἔν-

124 4128 252 4165 νοια
280 4110 376 4165 τοῦ
410 4112 556 4167 θείου
583 4117 751 4188 νόμου
781 4119 1089 4195 καθαρτικὴ
1120 4124 1216 4179 καὶ
1247 4129 1555 4203 φυλακτικὴ
1585 4130 1716 4185 πὰνο

124 4220 241 4257 των
287 4205 426 4262 ἐστί.
477 4204 574 4273 Τὸ,
622 4208 725 4264 Ἐν
760 4210 880 4265 τίνι
930 4212 987 4267 δὲ
1026 4216 1391 4285 κατορθώσει
1430 4221 1717 4292 νεώτερος

124 4294 247 4363 τὴν
278 4295 427 4350 ὁδὸν
460 4300 685 4365 αὐτοῦς
738 4304 767 4356 ό
820 4304 1118 4377 Σύμμαχος
1158 4308 1348 4365 τοῦτον
1400 4313 1714 4386 ἡρμήνευσε

123 4386 222 4442 τὸν
266 4389 472 4461 τρόπον
494 4409 509 4424 ο
534 4392 638 4448 Διὰ
668 4395 834 4463 τινος
868 4401 1215 4469 λαμπρυνεῖ
1246 4403 1385 4471 νέος
1421 4404 1536 4475 τὴν
1568 4408 1715 4463 ὁδὸν

1246 336 1711 403 FRAGMENTA
1747 345 1831 409 IN
1868 351 2232 420 PSALMOS.

1129 441 1188 496 δὲ
1231 444 1327 499 νῦν
1355 449 1387 518 ἡ
1421 450 1627 518 πίστις,
1657 454 1718 508 δι’

1842 460 1993 519 lsrael
2027 467 2098 522 ad
2138 467 2311 525 Deum
2345 467 2780 544 ingrediebatur.
2814 476 2974 536 Hodo
3023 490 3207 539 autem
3255 496 3413 556 porta

1741 3158 1789 3221 C

3276 369 3415 439 i338

1847 566 1930 610 est
1951 556 2107 625 ﬁdes,
2140 576 2238 630 per
2256 578 2421 633 quam
2452 568 2624 639 magis
2652 571 2873 641 proprie
2896 587 3045 628 nunc
3065 574 3412 643 adducimur,

1843 648 1979 721 legis
2012 668 2077 708 ac
2111 656 2503 726 prophetarum
2541 664 2856 720 testimonio
2882 665 3111 722 sullulti.

1915 744 2073 801 Vens.
2110 747 2200 803 27.
2229 766 2248 802 ι
2280 749 2421 807 Deus
2446 754 2729 821 Dominus,
2757 767 2813 813 et
2837 758 3012 814 illuxit
3041 760 3222 816 nobis.
3251 779 3270 814 ι

1913 835 2026 893 Hoc
2077 840 2197 896 loco
2249 843 2417 913 igitur
2446 848 2722 919 Propheta
2768 851 3205 909 incarnationem
3239 855 3417 911 admi-

1301 909 1397 961 ναὶ
1423 910 1523 981 τῆς
1552 913 1718 968 οὐσία

1842 938 2015 996 ratur,
2046 934 2191 1002 quod
2230 909 2357 990 enm
2402 909 2716 996 Deusesset
2761 958 2824 998 ac
2853 945 3135 1009 Dominus.
3167 955 3222 1001 et
3270 946 3416 1002 illius

1841 1030 2052 1079 natura:
2071 1027 2377 1097 exsisteret,
2399 1030 2651 1104 dignatus
2677 1034 2843 1091 fuerit
2871 1052 3159 1109 apparere.
3183 1039 3417 1107 Quando

1838 1122 2020 1169 autem
2069 1117 2203 1173 dicit
2247 1119 2453 1188 Illuxit,
2506 1125 2970 1196 dispensationem
3029 1131 3319 1203 intelligit,
3354 1143 3415 1189 ut

1833 1207 1976 1276 quod
2004 1207 2062 1262 in
2093 1220 2309 1267 uterum
2342 1214 2645 1287 virgineum
2676 1221 2910 1286 venerit,
2933 1230 2991 1277 et
3013 1239 3138 1278 cum
3173 1225 3415 1280 homini-

1832 1301 1933 1351 bus
1985 1311 2347 1360 conversatus
2378 1306 2468 1361 sit.
2519 1307 2789 1375 Quocirca
2834 1312 2988 1380 dicit,
3041 1313 3415 1372 Benediximus

1828 1385 1989 1451 vobis,
2021 1390 2167 1459 quod
2204 1392 2308 1448 tale
2337 1395 2547 1452 donum
2579 1400 2700 1456 sitis
2730 1406 3034 1460 consecuti.
3078 1404 3195 1463 Hoc
3237 1409 3411 1464 etiam

1829 1476 2083 1535 Christus
2133 1482 2300 1539 dixit:
2357 1486 2517 1544 Multi
2547 1493 2815 1561 propheta:
2863 1505 2913 1550 et
2949 1497 3086 1567 justi
3131 1502 3410 1570 cupierunt

1829 1568 2005 1624 videre
2044 1587 2163 1641 qua:
2210 1575 2397 1633 videtis
2436 1590 2484 1635 et
2525 1597 2627 1636 non
2657 1584 2921 1653 viderunt,
2969 1597 3018 1643 et
3054 1568 3242 1647 audire
3293 1609 3412 1665 qua:

1829 1661 2027 1716 auditis
2049 1672 2097 1717 et
2120 1680 2222 1719 non
2249 1668 2533 1724 audierunt
2555 1672 2622 1729 ⁸⁸.

1904 1770 1923 1805 ι
1959 1752 2288 1814 Constituite
2314 1761 2460 1817 diem
2495 1766 2798 1823 solemnem
2832 1769 2886 1824 in
2921 1771 3242 1829 condensis.
3276 1791 3296 1825 ι

1899 1839 2034 1898 Illud
2078 1845 2133 1899 in
2189 1852 2460 1907 condensis
2510 1855 2693 1924 posuit
2746 1872 2846 1926 pro
2889 1861 3407 1932 constipatisznam

1827 1934 1971 2002 quod
2002 1938 2395 1997 condensatum
2440 1954 2545 2013 est,
2579 1946 2635 2001 hi
2666 1964 2887 2020 quoque
2934 1953 3030 2022 qui
3074 1970 3104 2008 a
3153 1970 3408 2012 sermone

1826 2034 2016 2081 nostro
2044 2032 2288 2086 extranei
2319 2043 2450 2089 sunt
2472 2039 2838 2109 constipatum
2861 2056 3079 2101 vocant.

1896 2114 2062 2173 Vens.
2089 2120 2211 2175 284
2246 2122 2392 2180 Deus
2423 2141 2579 2182 meus
2611 2145 2671 2184 es
2696 2142 2776 2199 tu,
2808 2143 2865 2189 et
2898 2134 3199 2193 conﬁtebor
3225 2138 3345 2195 tibi.
3378 2156 3401 2191 ι

1893 2208 1993 2266 Cui
2035 2227 2199 2282 porro
2247 2213 2366 2271 haec
2413 2218 2565 2285 dicit,
2602 2222 2710 2277 nisi
2749 2224 2980 2282 Domino
3018 2229 3272 2299 superius
3309 2230 3407 2287 de-

1823 2301 2060 2359 clarato?
2086 2306 2178 2375 qui
2227 2307 2295 2363 de
2342 2309 2696 2369 tribulatione
2741 2315 2918 2385 ipsum
2970 2318 3317 2387 liberaverat,
3348 2330 3406 2377 et

1824 2393 2075 2452 inimicos
2118 2397 2240 2469 ejus
2289 2400 2714 2460 humiliaverat:
2767 2408 2861 2477 qui
2913 2408 3148 2480 lapidem
3182 2426 3403 2481 quoque

1821 2487 1890 2542 ab
1922 2489 2320 2549 aedificantibus
2372 2496 2724 2566 reprobatum
2751 2499 3030 2565 exaltavit,
3054 2501 3149 2571 qui
3178 2511 3234 2558 et
3258 2502 3403 2558 bene

1820 2581 2184 2652 prosperavit,
2212 2592 2269 2639 et
2298 2587 2538 2643 servavit
2561 2589 2848 2647 credentes
2869 2591 2926 2645 in
2952 2591 3155 2663 ipsum.

1891 2763 2057 2822 Vens.
2082 2766 2174 2823 29.
2200 2785 2219 2819 ι
2249 2766 2600 2824 Conﬁtemini
2621 2768 2856 2825 Domino
2882 2771 3140 2842 quoniam
3160 2772 3395 2829 bonus.»

1890 2858 2047 2915 Unde
2092 2859 2365 2929 Propheta
2430 2861 2596 2933 hujus
2641 2862 2835 2932 psalmi
2888 2863 3182 2920 melodiani
3241 2879 3403 2921 orsus

1816 2952 2017 3019 fuerat,
2070 2952 2370 3009 identidem
2402 2970 2620 3025 quoque
2670 2955 2749 3010 illi
2797 2955 2961 3011 tinem
3013 2956 3297 3028 imposuit,
3342 2968 3404 3015 ut

1815 3046 2220 3108 confessionem
2248 3063 2347 3119 per
2370 3062 2593 3105 omnem
2621 3047 2788 3104 vitam
2817 3048 3217 3107 custodiamus.

2309 3224 2629 3284 PSALMUS
2669 3225 2901 3284 CXVI".

1888 3317 2051 3373 Vens.
2088 3317 2144 3373 2.
2182 3335 2203 3369 ι
2234 3316 2386 3373 Beati
2409 3318 2503 3389 qui
2532 3326 2852 3374 scrutantur
2874 3319 3211 3375 testimonia.
3245 3337 3265 3372 ι

1852 3460 1855 3461 ν
1888 3405 2130 3461 Secundi
2163 3414 2419 3477 tanquam
2454 3407 2521 3461 ad
2557 3409 2995 3478 praestantiorem
3029 3419 3085 3464 et
3112 3409 3400 3466 sublimio-

1816 3512 1933 3552 rem
1960 3497 2187 3568 gradum
2214 3498 2580 3553 ascendentes
2609 3497 2769 3554 aliter
2790 3500 2934 3554 beati
2958 3499 3114 3565 ﬁunt,
3132 3500 3257 3571 quia
3286 3517 3398 3557 non

1815 3590 1991 3645 solum
2040 3589 2303 3645 moralem
2348 3589 2568 3644 modum
2620 3599 2768 3646 recte
2818 3600 3064 3658 teneant,
3095 3593 3191 3649 sed
3230 3592 3397 3651 etiam

1816 3681 2254 3737 testimoniorum
2283 3681 2406 3753 ejus
2434 3681 2705 3752 profunda
2733 3683 3022 3739 rimentur.

1882 3772 2046 3829 Vens.
2079 3773 2133 3829 9.
2168 3794 2186 3826 ι
2219 3772 2281 3829 in
2307 3789 2417 3844 quo
2443 3774 2684 3847 corriget
2713 3774 3115 3833 adolescentior
3141 3776 3283 3833 viam
3308 3776 3332 3832 ἵ
3370 3796 3393 3831 ι

1885 3865 2302 3921 Adulescentior
2347 3866 2439 3921 ille
2481 3868 2718 3937 populus
2743 3884 2810 3925 ex
2845 3869 3122 3941 gentibus,
3144 3870 3239 3941 qui
3266 3880 3398 3926 ante

1816 3956 1977 4014 ﬁdem
2025 3958 2247 4028 oblique
2301 3959 2639 4025 ambulabat,
2699 3962 2754 4015 in
2804 3977 2913 4031 quo
2957 3962 3194 4033 corriget
3251 3962 3398 4019 viam

1815 4066 1994 4115 suam,
2012 4051 2117 4106 nisi
2148 4051 2509 4108 custodiendo
2539 4067 2824 4108 sermones
2846 4053 2983 4109 Dei?
3012 4053 3219 4110 Divina:
3246 4054 3397 4110 enim

1814 4140 1948 4213 legis
1978 4140 2347 4196 consideratio
2375 4143 2651 4214 purgatrix
2683 4152 2740 4199 et
2762 4143 3137 4200 conservatrix
3166 4154 3250 4200 est
3272 4160 3397 4199 om-

1814 4231 1990 4287 nium.
2039 4229 2177 4285 illud
2226 4240 2431 4295 autem,
2482 4231 2547 4286 In
2592 4248 2694 4303 quo
2740 4235 2961 4305 corriget
3012 4235 3398 4289 adolescentior

1816 4322 1957 4375 viam
2006 4324 2208 4377 suam?
2244 4320 2605 4392 Symmachus
2651 4322 2758 4379 hoc
2789 4324 2953 4379 modo
2999 4323 3399 4397 interpretatus

1815 4420 1920 4476 cst,
1949 4411 2014 4467 In
2044 4428 2145 4483 quo
2174 4412 2447 4466 mundabit
2477 4412 2777 4470 adolescens
2804 4415 2945 4469 viam
2970 4416 3166 4470 suam?
3196 4415 3397 4473 Docuit

124 4481 353 4548 οὐτοῦ;
400 4482 669 4551 Ἐδίδαξεν
710 4487 768 4543 δὲ
814 4490 897 4567 ὅτι
949 4493 1151 4566 πολλῆς
1185 4496 1335 4551 ἐστιν
1366 4499 1710 4575 ἀκαθαρσίας

1842 4518 2011 4574 nempe
2045 4481 2234 4558 multis
2259 4503 2512 4559 sordibus
2539 4504 2964 4561 adolescentiam
2986 4522 3111 4563 esse
3133 4508 3396 4578 plenam?

127 4572 229 4627 καὶ
262 4576 538 4647 ῥυπαρίας
564 4580 597 4650 ἡ
626 4580 817 4654 νεότης
863 4587 1057 4658 μεστήο
1087 4586 1169 4643 διδ
1191 4591 1285 4644 καὶ
1305 4591 1480 4649 δεῖται
1505 4572 1714 4670 καθάρ-

1842 4572 2146 4667 ,ιιυρτοριει-
2177 4597 2342 4652 etiam
2375 4596 2585 4669 indiget
2634 4597 2985 4670 purgatione.
3038 4572 3176 4656 Cum
3226 4601 3396 4674 igitur

127 4682 289 4731 σεως.
347 4667 518 4724 Τοῦτο
569 4667 663 4727 οὖν
703 4674 1063 4748 ἐπιζητήσας,
1088 4683 1385 4754 εὑρηκέναι
1437 4687 1575 4760 φησὶ
1619 4667 1712 4745 τον

1842 4704 1915 4745 loc
1962 4689 2289 4760 inquireret,
2312 4688 2389 4744 ait
2418 4704 2479 4745 se
2511 4690 2735 4747 modum
2770 4692 3068 4763 reperisse,
3102 4691 3171 4748 In
3221 4704 3394 4750 custo-

126 4760 355 4829 τρόπον,
400 4762 503 4816 Ἐν
530 4764 610 4830 τῷ
646 4767 1033 4836 φυλάξασθαι
1068 4774 1213 4842 τοὺς
1233 4779 1459 4850 λόγους
1498 4797 1640 4838 σου.

208 4869 228 4902 ι
270 4851 396 4905 ’Ὁτι
422 4853 493 4908 τὰ
524 4858 803 4931 μαρτύριά
841 4879 936 4916 σου
964 4863 1288 4939 ὲξεζήτησα.
1324 4890 1343 4923 ι

202 4943 306 5002 Διὰ
334 4945 496 5001 τοῦτο
530 4951 729 5032 μηκέτι
766 4972 832 5025 με
865 4957 1060 5030 κρίνῃς
1108 4959 1258 5026 ἄξιον
1303 4962 1399 5017 τοῦ
1448 4965 1711 5032 ὀνειδίζε-

128 5037 258 5092 σθαι
298 5040 395 5092 καὶ
441 5030 985 5109 τοῢξὲξουδενεῐσθαι·
1033 5053 1129 5106 καὶ
1172 5055 1285 5127 γὰρ
1333 5058 1402 5112 τὰ
1432 5030 1712 5132 μαρτύριά

128 5148 224 5183 σου
260 5130 565 5205 ἑξεζήτησα
589 5153 604 5169 ο
637 5138 765 5210 περὶ
792 5132 869 5193 ὧν
889 5141 1045 5214 ἔφην,
1082 5148 1377 5216 Μακάριοι
1408 5153 1463 5205 οἱ
1484 5130 1715 5221 ἐξερευ-

124 5222 355 5289 νῶντες
390 5224 463 5278 τὰ
482 5230 776 5299 μαρτύρια
809 5234 1019 5290 αὐτοῦ.

200 5333 220 5365 ι
277 5315 599 5383 Ἑνύσταξεν
628 5320 661 5391 ἡ
686 5319 833 5393 ψυχή
869 5340 994 5393 μου.
1025 5342 1045 5376 ι

199 5406 416 5478 Ὠσπερ
446 5410 589 5481 ἀρχὴ
638 5413 948 5483 κοιμῆσεώς
996 5418 1117 5472 ἐστι
1164 5424 1497 5495 νυσταγμὸς,
1530 5424 1706 5491 οὕτως

122 5495 262 5550 ποτὲ
312 5498 406 5551 καὶ
438 5499 472 5569 ἡ
514 5499 663 5572 ψυχὴ
708 5503 766 5555 ὲν
797 5504 941 5576 ἀρχῇ
973 5509 1241 5582 γενομένη
1276 5512 1700 5585 ἁμαρτημάτων

120 5586 349 5657 λέγεται
393 5591 721 5657 νυστάζειν,
777 5596 1154 5673 καθελκομένη
1209 5603 1309 5674 μὶν
1373 5606 1564 5681 ὥσπερ
1621 5611 1705 5675 είς

232 5763 279 5796 ⁸⁸
300 5763 489 5825 Matth.
518 5782 638 5833 χιιι,
675 5768 761 5824 l7.
870 5773 915 5805 "
944 5772 1143 5831 Psalm.
1176 5793 1361 5845 cxvut,
1389 5780 1445 5838 2.

1807 4781 1995 4835 diendo
2026 4796 2288 4835 sermones
2321 4791 2459 4836 tuos.

1880 4872 2043 4929 Vens.
2064 4873 2155 4928 22.
2187 4892 2206 4926 ι
2235 4873 2371 4939 Quia
2403 4873 2713 4931 testimonia
2736 4882 2830 4930 tua
2858 4876 3157 4945 exquisivi.
3200 4896 3220 4932 ι

1882 4964 2089 5021 Idcirco
2118 4982 2187 5021 ne
2216 4966 2452 5037 amplius
2472 4982 2561 5022 me
2588 4966 2804 5037 iudices
2833 4968 3058 5041 dignum
3094 4970 3396 5040 opprobrio

1811 5066 1867 5112 et
1887 5066 2224 5128 contemptu,
2263 5059 2467 5113 etenim
2500 5060 2815 5115 testimonia
2844 5067 2934 5114 tua
2968 5061 3270 5131 exquisivi;
3322 5062 3393 5118 de

1809 5150 2009 5220 quibus
2059 5151 2330 5217 dicebam,
2385 5150 2537 5206 Beati
2587 5154 2677 5222 qui
2723 5164 3036 5209 scrutantur
3087 5157 3389 5212 testimonia

1809 5243 1926 5315 ejus
1958 5243 2025 5299 ³⁷.

1884 5333 2051 5392 Vens.
2081 5336 2172 5393 28.
2212 5355 2231 5390 ι
2272 5337 2800 5397 Dormitavitanima
2827 5356 2969 5397 mea.
3011 5360 3031 5394 ι

1882 5427 2350 5495 Quemadmodum
2398 5433 2715 5489 dormitatio
2764 5433 3099 5504 principium
3155 5441 3237 5488 est
3288 5432 3389 5487 ob-

1810 5519 2179 5589 dormitionis,
2217 5522 2297 5577 sic
2344 5523 2508 5579 etiam
2554 5524 2736 5579 anima
2786 5524 3115 5595 quandoque
3163 5524 3292 5579 dum
3330 5522 3388 5578 in

1813 5612 2085 5686 principio
2111 5624 2476 5685 peccatorum
2531 5625 2785 5673 versatur
2813 5616 3111 5673 dormitare
3159 5615 3385 5687 dicitur,
