3962 6416
571 349 711 415 1339

1752 348 2113 410 HESYCHII
2168 352 2635 415 PRESBYTERI

3672 348 3785 412 13k)

565 470 796 519 attracta
823 456 1044 534 quidem
1095 458 1255 530 quasi
1309 459 1365 517 in
1409 473 1663 515 somnum
1716 473 2023 531 peccatum,
2056 480 2142 519 re-

2254 466 2415 521 ὗπνον
2448 467 2509 521 τὸ
2539 467 2866 539 ἁμάρτημα,
2918 464 3221 520 ἀνανέοὖσα
3260 463 3319 518 δὲ
3350 457 3444 519 xii
3492 465 3792 536 ὲγειρομένη

568 564 767 610 novata
807 570 937 611 vero
966 562 1024 610 et
1065 552 1299 609 excitata
1329 568 1427 625 per
1452 553 1771 609 memoriam
1808 571 1991 611 rerum
2026 572 2140 611 me-

569 650 793 705 iiorum.

640 739 804 795 Vsus.
835 738 925 794 59.
956 757 974 792 ι
1008 740 1244 808 Amputa
1267 738 1622 809 opprobrium
1644 754 1847 795 meum.
1884 760 1903 793 ι

639 831 831 888 Omnis
860 831 943 887 vir
981 831 1166 900 justus
1197 842 1484 901 suspectos
1519 832 1685 887 habet
1733 843 2048 901 peccatores
2076 834 2149 890 de

570 923 865 995 upprobrio
892 938 1000 992 quo
1029 923 1208 978 solent
1264 922 1397 992 ipsis
1422 924 1773 992 exprobrare,
1805 926 2026 994 quando
2059 927 2145 981 vel

572 1015 857 1070 minimum
887 1013 1015 1084 quid
1041 1030 1071 1068 a
1100 1015 1303 1068 virtute
1336 1013 1730 1069 aberraverint.
1772 1015 1966 1070 Verum
2000 1017 2147 1072 Deus

572 1106 933 1161 clementibus
980 1121 1044 1160 ac
1095 1106 1355 1177 benignis
1406 1104 1632 1175 iudiciis
1675 1114 1874 1173 utens,
1921 1109 2147 1164 minime

572 1199 803 1269 despicit
852 1198 1206 1268 opprobrium
1260 1212 1497 1263 eorum,
1564 1198 1658 1254 sed
1717 1199 1848 1253 illud
1902 1210 2149 1270 amputat

571 1290 918 1361 corrigendo,
945 1291 988 1344 si
1021 1290 1151 1359 quid
1180 1289 1346 1344 etiam
1375 1290 1653 1345 modicum
1677 1289 2074 1347 aberraverint.

644 1382 805 1437 Vsus.
839 1382 925 1438 68.
957 1401 974 1433 ‹
1013 1380 1197 1436 Bonus
1221 1396 1282 1435 es
1308 1388 1390 1445 tu,
1421 1381 1665 1436 Domine.
1692 1400 1711 1432 ι

642 1473 791 1544 Opus
811 1474 942 1543 justi
965 1481 1070 1536 est,
1108 1473 1162 1527 in
1193 1472 1450 1528 omnibus
1475 1488 1596 1540 quae
1628 1473 1887 1528 accidunt
1924 1483 2151 1530 conten-

577 1576 691 1623 tum
714 1581 742 1619 a
774 1565 1115 1636 providentia
1146 1564 1391 1619 hilariter
1420 1563 1760 1633 accipiendo,
1790 1566 1955 1621 ctiam
1991 1566 2045 1619 in
2081 1566 2151 1621 iis

577 1672 700 1729 qua:
730 1655 1005 1711 acerbiora
1052 1664 1373 1725 reputantur
1424 1655 1534 1709 Deo
1576 1656 1760 1710 dicere
1786 1656 1940 1719 illud,
1974 1656 2150 1714 Bonus

579 1766 634 1802 σε
657 1757 736 1813 tu;
763 1748 890 1802 item
914 1746 1066 1812 illud,
1102 1744 1420 1801 Benedicam
1454 1745 1737 1801 Dominum
1769 1749 1823 1802 in
1847 1751 1991 1804 omni
2019 1760 2153 1805 tem-

576 1855 704 1909 pore
730 1839 796 1906 ³⁸,
826 1838 969 1894 idem
1000 1837 1167 1892 animi
1193 1836 1532 1908 propositum
1560 1837 1864 1895 retinendo.

687 2045 731 2077 ³⁸
760 2043 959 2099 Psalm.
992 2058 1190 2108 χχχιιι,
1216 2045 1268 2099 l.

2241 563 2333 616 διὰ
2363 562 2465 633 τῆς
2494 561 2604 615 τῶν
2634 560 2959 631 κρειττόνων
2991 560 3235 630 μνήμης.

2322 759 2342 793 ι
2378 739 2608 810 Περίελε
2644 739 2736 794 τὸν
2765 738 3071 807 ὁνειδισμόν
3100 755 3224 808 μου.
3268 755 3286 788 ι

2323 830 2657 902 Ὀνειδισμδν
2704 831 2796 886 τὸν
2830 830 2935 884 ὑπὸ
2980 830 3089 884 τῶν
3135 827 3477 901 ἁμαρτωλῶν
3534 825 3799 880 ὑποπτεύει

2245 925 2355 987 πᾶς
2402 923 2632 988 δίκαιος,
2666 923 2836 995 ὅνπερ
2879 923 3078 985 αὐτοὺς
3115 920 3418 985 ὀνειδίζειν,
3450 920 3584 972 ὅταν
3632 936 3679 972 τι
3724 921 3802 971 καὶ

2251 1015 2448 1086 μικρὸν
2495 1013 2854 1085 ἁποσφαλῶσι
2905 1015 3006 1084 τῆς
3036 1014 3259 1085 ἀρετῆς,
3292 1011 3576 1065 εἰώθασιν.
3628 1010 3803 1062 Ἀλλίδ

2246 1109 2377 1172 Θεὸς
2403 1109 2662 1178 χρηστοῖς
2689 1106 2920 1176 κρίμασι
2958 1106 3050 1158 καὶ
3083 1101 3491 1174 φιλανθρώποις
3519 1099 3800 1171 χρώμενος,

2247 1203 2308 1254 οὐ
2340 1201 2575 1273 περιορᾷ
2600 1199 2691 1252 τὸν
2715 1196 3016 1268 ὀνειδισμὸν
3040 1196 3244 1260 αὐτῶν,
3272 1196 3557 1264 περιαιρεί
3585 1193 3641 1246 δὲ
3672 1193 3799 1265 διορο

2250 1294 2531 1364 θούμενος,
2564 1291 2619 1345 εῐ
2645 1310 2699 1346 τι
2724 1291 2818 1345 καὶ
2850 1289 3048 1361 μικρὸν
3081 1287 3489 1357 ἀποσφαλέντες
3522 1286 3727 1355 ἔτυχον.

2325 1405 2344 1437 ι
2376 1384 2625 1455 Χρηστὺς
2662 1378 2711 1436 εί
2740 1385 2825 1449 σὺ,
2858 1382 3053 1453 Κύριε.
3092 1400 3111 1433 ι

2318 1476 2539 1531 Δικαίου
2570 1476 2733 1548 ἔργον
2781 1477 2953 1541 ἐστὶν,
2993 1474 3086 1528 ἐπὶ
3128 1473 3263 1527 πᾶσι
3314 1472 3705 1543 συμϐαίνουσιν
3738 1471 3807 1525 εὑ-

2250 1569 2649 1639 αρεστούμενον
2681 1568 2791 1621 ἀπὸ
2846 1568 2945 1638 τῆς
2993 1567 3256 1638 Προνοίας
3291 1565 3496 1636 ἱλαρῶς
3547 1564 3808 1634 δεχόμενον

2251 1661 2452 1730 λέγειν,
2483 1659 2579 1713 καὶ
2605 1659 2699 1712 ἐπὶ
2726 1660 2840 1722 τοῖς
2875 1658 3225 1729 πικροτέροις
3261 1654 3402 1709 εἶναι
3450 1654 3806 1725 νομιζομένοις

2251 1749 2329 1821 τῷ
2347 1748 2466 1821 Θεῷ
2495 1749 2579 1813 τὸ,
2608 1747 2877 1818 Χρηστὸς
2897 1743 2954 1802 εἷ
2994 1748 3096 1801 σύ·
3130 1746 3226 1801 καὶ
3258 1746 3339 1810 τὸ,
3361 1744 3693 1814 Salapiam
3724 1747 3811 1797 τὸν

2176 1838 2221 1893 Β
2253 1840 2473 1908 Κύριον
2507 1840 2577 1895 ἐν
2600 1838 2779 1895 παντὶ
2798 1838 3000 1909 καιρῷ,
3023 1838 3123 1909 τῆς
3153 1838 3323 1907 αὐτῆς
3354 1838 3618 1909 ἐχόμενον
3646 1853 3808 1905 προαι-

2257 1932 2484 2005 ρέσεως.

600 2190 3789 2225 mm

1597 2212 2030 2224 F—_

1004 2381 1507 2469 ΗΣΥΧΙΟΥ
1595 2376 2382 2466 ΠΡΕΣΒΥΤΕΡΟΥ
2472 2376 3261 2465 ΙΕΡΟΣΟΛΥΜΩΝ
3301 2368 3381 2438 (¹)

1048 2546 1053 2547 ί
1134 2563 1487 2617 ΣτιχιιροΝ
1516 2565 1594 2636 (2)
1622 2563 1760 2618 TDN
1791 2560 1870 2616 IB'
1920 2562 2151 2616 npoon

2254 2560 2312 2627 Ν,
2361 2559 2479 2612 κΑι
2521 2560 2775 2613 umor
2816 2558 2962 2632 [KAl
3009 2559 3318 2632 AANIHA],

1032 2681 1220 2738 ΕλΟΝ
1269 2682 1359 2736 EN
1410 2680 1838 2736 ΠΑΡΑΘΕΣΕΣΙ
1896 2678 2030 2732 TA):
2083 2676 2219 2731 ΤΩΝ
2269 2674 2856 2731 ΔΥΣΧΕΡΕΣΤΕΡΩΝ
2908 2673 3375 2729 ΕΡΜΗΝΕΙΔΣ⁶.

941 3026 1511 3117 HESYCHII
1588 3023 2199 3116 PRESBYTE
2221 3026 2334 3115 BI
2410 3024 2541 3113 JE
2564 3020 3473 3114 ROSOLYMITANI

1102 3216 1406 3273 EPITOME
1450 3212 1803 3273 DUODECIM
1842 3210 2363 3273 PROPHETARUM
2404 3210 2492 3266 ET
2534 3208 2739 3264 ISAIAEZ
2780 3207 2847 3264 1N
2890 3207 3324 3265 VERSICULOS

923 3331 1249 3401 DIGESTA,
1314 3331 1672 3390 APPOSITIS
1732 3328 2252 3389 DIFFICILIORUM
2304 3326 2642 3385 LOCORUM
2706 3323 3500 3383 INTERPBETATIONIBUS.

662 3692 796 3748 lllud
820 3690 1041 3763 quidem
1072 3690 1357 3759 antiquum
1404 3699 1491 3745 est
1535 3688 1677 3757 apud
1703 3698 1858 3744 vates
1887 3688 2150 3760 studium,
2181 3693 2229 3755 ο

591 3786 799 3841 scilicet
828 3784 883 3837 in
913 3781 1204 3837 versiculis
1224 3823 1239 3848 ,
1267 3789 1327 3834 ut
1355 3780 1649 3850 plurimum
1672 3819 1687 3843 ,
1718 3780 1784 3834 ad
1817 3795 1997 3834 rerum
2028 3795 2150 3849 quae

592 3883 895 3931 tractantur
916 3872 1385 3932 dilucidationem,
1408 3870 1725 3940 prophetias
1749 3886 2048 3940 exponere.
2079 3872 2152 3926 lta

590 3969 739 4023 enim
765 3966 948 4021 videas
974 3965 1193 4035 quidem
1230 3963 1392 4018 David
1421 3961 1629 4016 cithara
1667 3971 1956 4017 canentem
1984 4000 2000 4025 ,
2052 3978 2151 4017 au-

591 4070 800 4114 ctorem
830 4057 1252 4113 Proverbiorum
1308 4070 1434 4110 suas
1465 4055 1772 4125 parabolas,
1800 4064 1855 4110 et
1884 4054 2153 4111 Ecclesia-

592 4165 730 4210 stem
765 4168 891 4208 suas
920 4152 1234 4223 prophetias
1279 4159 1687 4220 exponentem;
1752 4150 1825 4205 ita
1887 4151 2152 4221 scriptum

589 4247 658 4301 de
684 4245 785 4301 Job
819 4245 1038 4309 librum,
1080 4244 1152 4298 ita
1184 4245 1239 4299 in
1266 4243 1563 4299 versiculos
1584 4243 1756 4298 divisa
1788 4243 2009 4299 Cantica
2030 4259 2156 4299 can-

592 4341 841 4394 ticorum.
878 4336 1107 4407 Insuper
1136 4347 1191 4392 et
1232 4336 1590 4407 apostolicum
1646 4336 1845 4391 librum
1902 4352 2028 4393 cum
2079 4336 2152 4391 ita

589 4446 619 4484 a
653 4429 890 4500 quodam
936 4427 1305 4497 conscriptum
1348 4427 1702 4493 invenissem,
1742 4441 1851 4482 non
1884 4427 2155 4481 immerito

592 4519 645 4572 in
676 4518 966 4573 duodecim
1000 4517 1153 4572 libris
1202 4517 1593 4587 prophetarum
1646 4526 1701 4572 et
1752 4532 1852 4589 ego
1884 4518 2000 4586 ipse
2033 4533 2153 4572 sum

590 4619 831 4664 secutus.
863 4608 971 4664 Sed
1003 4608 1261 4679 quoniam
1286 4608 1457 4662 multa
1484 4608 1704 4677 quidem
1738 4608 1967 4663 obscura
2029 4609 2155 4663 illu-

591 4707 725 4753 strat
749 4698 1143 4753 versiculorum
1183 4696 1379 4752 divisio
1402 4736 1417 4761 ,
1444 4697 1605 4751 docet
1634 4707 1817 4751 autem
1846 4706 1902 4752 et
1933 4697 2024 4753 ubi
2064 4714 2152 4752 or-

590 4793 827 4847 dinanda
860 4793 971 4847 sint
1000 4792 1257 4861 pleraque
1296 4798 1625 4859 punctorum
1660 4790 1969 4857 dubiorum,
2008 4802 2071 4846 ut
2102 4801 2157 4847 et

593 4883 801 4939 inscius
853 4882 1059 4953 pariter
1120 4890 1176 4935 et
1225 4881 1434 4949 peritus
1466 4880 1703 4949 aliquam
1762 4881 1986 4936 omnino
2043 4881 2156 4936 sive

594 4990 815 5045 parvam
842 4974 956 5030 sive
995 4987 1240 5045 magnam
1277 4970 1583 5042 percipiant
1608 4970 1809 5027 laboris
1845 4972 2154 5040 utilitatem,

2336 3688 2491 3743 Ἐστι
2519 3686 2618 3759 μὲν
2647 3688 2874 3759 ἀρχαῖον
2917 3687 3076 3743 τοῦτο
3124 3690 3236 3755 τοῖς
3283 3689 3566 3763 θεοφόροις
3587 3693 3646 3746 τὸ
3670 3690 3809 3746 σπού-

2253 3779 2456 3851 δασμα,
2489 3781 2740 3850 στιχηδδν
2789 3781 2866 3843 ὡς
2902 3781 2970 3835 τὰ
3004 3781 3209 3847 πολλὰ,
3246 3783 3385 3854 πρὸς
3417 3784 3516 3856 τὴν
3546 3785 3651 3837 τῶν
3678 3785 3808 3856 μελε-

2251 3872 2512 3944 τωμένων
2559 3873 2898 3942 σαφήνειαν,
2950 3872 3052 3937 τὰς
3100 3875 3440 3944 προφητείας
3501 3876 3803 3930 ἐκτίθεσθαι.

2254 3964 2409 4018 Οὕτω
2437 3964 2725 4035 τοιγαροῦν
2774 3964 2895 4034 ὄψει
2927 3965 3024 4035 μὲν
3048 3965 3137 4019 τὸν
3160 3967 3322 4020 Δαυῒδ
3352 3968 3712 4039 κιθαρίζοντα,
3734 3969 3807 4021 τὸν

2254 4058 2672 4129 Παροιμιαστὴν
2699 4058 2755 4111 δὲ
2778 4058 2878 4122 τὰς
2902 4058 3241 4130 παραϐολὰς,
3267 4061 3360 4113 καὶ
3383 4060 3474 4114 τὸν
3514 4060 3805 4130 Ἐκκλησιαο

2256 4147 2387 4221 στὴν
2423 4149 2522 4213 τὰς
2562 4150 2905 4221 προφητείας
2956 4151 3273 4222 ἐκθέμενον.
3308 4152 3466 4206 Οὕτω
3507 4154 3806 4225 συγγραφεῖο

2256 4258 2356 4295 σαν
2383 4241 2480 4312 τὴν
2501 4242 2596 4295 ἐπὶ
2620 4241 2699 4313 τῷ
2736 4242 2857 4296 Ἰὼϐ
2898 4243 3083 4314 βίῦλον
3110 4262 3125 4276 ⁸
3176 4243 3320 4298 οὕτω
3358 4247 3680 4318 μερισθέντα
3715 4247 3805 4306 τάς

2256 4331 2459 4404 στίχοις
2481 4332 2550 4387 τὰ
2565 4333 2673 4387 τῶν
2702 4334 2961 4405 ᾀσμάτων
2988 4335 3263 4409 ’ᾼσματω
3284 4338 3424 4409 πλὴν
3452 4340 3587 4393 ἀλλὰ
3618 4338 3704 4393 καὶ
3726 4338 3805 4407 τὴν

2254 4423 2617 4497 ἀποστολικὴν
2647 4425 2830 4496 βίϐλον
2869 4427 3010 4481 οὓτω
3057 4430 3168 4482 τινὶ
3198 4435 3606 4500 ωγγραφείοαν
3635 4431 3801 4501 εὑρὼν.

2255 4517 2316 4571 οὐ
2342 4520 2521 4589 μάτην
2549 4520 2609 4573 ὲν
2645 4523 2763 4584 ταῖς
2784 4520 3011 4574 δυόδεκα
3047 4522 3249 4593 βίϐλοις
3281 4522 3389 4576 τῶν
3412 4525 3696 4596 προφητῶν
3730 4525 3803 4576 καὶ

2255 4608 2417 4671 αὐτὸς
2442 4609 2815 4682 ἠκολούθησαο
2849 4611 2967 4665 ἀλλ’
2998 4613 3185 4685 ἐπειδὴ
3212 4615 3383 4668 πολλὰ
3413 4616 3514 4686 μὲν
3548 4616 3651 4669 τῶν
3691 4617 3801 4669 ἀσα-

2257 4699 2372 4770 φῶν
2393 4702 2427 4772 ἡ
2463 4701 2571 4755 τῶν
2604 4705 2802 4775 στίχων
2853 4706 3145 4777 σαφηνίζει
3174 4707 3465 4781 διαίρεσις,
3496 4708 3719 4762 διδάσκει
3756 4705 3801 4757 δὲ

2257 4792 2352 4846 καὶ
2384 4793 2492 4847 τῶν
2526 4795 2770 4865 στιγμῶν
2808 4796 2919 4850 τῶν
2971 4798 3195 4870 ἀπόρων
3223 4799 3326 4853 ποῦ
3367 4801 3450 4854 δεῖ
3488 4803 3693 4854 τάττειν
3722 4798 3800 4858 τὰς

2257 4882 2529 4950 πλείονας,
2561 4886 2701 4940 ὥστε
2725 4888 2931 4941 καὶτὸν
2958 4890 3174 4959 ἰδιώτην
3207 4893 3298 4943 καὶ
3326 4892 3417 4945 τὸν
3438 4892 3581 4960 ἄγαν
3613 4889 3794 4956 ἐπιστή-

2260 4992 2398 5047 μονα
2419 4978 2690 5052 τρυγῆσαῑ
2734 4996 2787 5034 τι
2813 4981 3033 5047 πάντως
3062 4983 3096 5056 ἢ
3130 4983 3326 5057 μικρὸν
3360 4985 3394 5058 ἢ
3430 4985 3579 5057 μέγα
3612 4982 3695 5038 τοῦ
3721 4997 3800 5034 πο-

2084 5143 2315 5203 NOTAE.

669 5278 753 5358 (l_)_
786 5276 1090 5358 'Hgvzlou.
1113 5277 1388 5358 Presbyter
1416 5275 2155 5358 Hierosolymitariusdicitur

2330 5284 2405 5355 (2)
2462 5286 2777 5355 Στιχηρὸν.
2812 5283 2951 5342 llinc
3003 5296 3230 5358 apparet
3286 5287 3436 5341 illam
3477 5286 3531 5342 in
3573 5286 3730 5358 capita
3751 5293 3794 5339 et

594 5347 993 5407 ad'discrimen
1025 5348 1247 5404 alterius
1273 5347 1885 5417 Constantinopolitani.
1940 5347 2158 5404 Utrius-

595 5426 703 5491 iiue
748 5427 929 5473 autem
966 5421 1025 5491 ιιι
1058 5422 1260 5491 mentio
1291 5420 1343 5491 in
1381 5417 1557 5475 Photii
1592 5416 1762 5491 nostri
1784 5416 2123 5491 “Myriobiblo
2145 5459 2160 5482 ,

598 5488 743 5546 illius
772 5491 937 5545 etiam
970 5489 1025 5542 in
1071 5488 1133 5544 F.
1167 5490 1305 5545 Sixti
1355 5490 1619 5545 Senensis
1683 5488 2037 5553 Bibliotheca,
2072 5491 2165 5545 ubi

596 5559 842 5631 Gregorii
883 5560 1011 5614 Naz.
1052 5560 1269 5615 auditor
1317 5560 1485 5631 fuisse
1529 5569 1585 5615 et
1616 5576 1761 5614 anno
1793 5557 2011 5613 Domini
2040 5561 2167 5628 400,

601 5632 705 5688 sub
722 5633 987 5700 Augusto,
1011 5631 1272 5686 claruisse
1296 5630 1575 5685 scribitur.

680 5747 697 5769 ‘
728 5742 928 5799 Joann.
971 5743 1314 5812 Psausost,
1345 5743 1529 5802 Critici
1564 5744 1739 5809 Sacri,
1776 5753 1818 5799 t.
1849 5742 1984 5810 VIII,
2016 5744 2122 5800 col.
2153 5745 2245 5802 25.

2264 5371 2456 5410 versus
2479 5372 2574 5410 seu
2600 5358 2966 5426 paragrapbos
2991 5356 3397 5412 distinctionem
3419 5374 3527 5412 non
3549 5359 3615 5413 ita
3638 5356 3798 5412 recen-

2269 5434 2378 5496 tem
2407 5442 2549 5491 esse,
2578 5435 2638 5480 ut
2660 5426 2881 5496 quidam
2913 5436 3043 5482 sunt
3083 5427 3354 5491 arbitrati,
3387 5445 3513 5482 cum
3546 5426 3803 5496 antiquilus

2272 5495 2404 5551 viris
2454 5495 3025 5567 sanctis’usurpatam
3082 5498 3386 5570 Hesychius
3425 5515 3633 5570 quoque
3663 5495 3799 5554 tcstc~

2281 5575 2393 5621 tur.
