3962 6414
104 390 256 457 1341

1178 396 1261 456 ΙΝ
1319 396 1437 456 XII
1485 394 1931 455 PROPIIETAS
1981 395 2347 457 MINORES.

3270 391 3405 457 1342

106 513 371 578 νήματος
402 484 692 577 χρήσιμον.
722 504 1028 568 Δεδωκότος
1047 505 1104 558 δὲ
1134 506 1229 559 καὶ
1262 505 1391 575 παρ’
1433 503 1592 571 ἀξίαν
1621 502 1706 557 τοῖ

1816 500 2044 573 iuvante
2094 514 2279 559 autem
2338 503 2476 558 ultra
2536 502 2792 559 meritum
2839 503 3071 576 Spiritu,
3126 507 3273 577 quod
3323 517 3407 565 est

104 600 469 671 Ιῐνεύματος,
520 598 656 671 ὅπερ
704 599 852 653 ἐστὶν
910 598 1050 667 ἄγαν
1095 599 1396 667 ἀναγκαῖον
1426 599 1506 669 τῷ
1544 598 1705 669 μελε-

101 690 309 760 τῶντι,
364 691 678 764 προσέθηκα
720 690 983 762 σύντομον
1008 692 1140 760 ὅσην
1164 692 1264 763 τὴν
1288 691 1399 745 τῶν
1426 691 1647 763 ἀπόρων
1672 690 1706 761 ἢ

105 784 286 855 τυχὸν
320 781 545 851 ἀσαφῶν
574 780 607 851 ἢ
638 781 735 834 καὶ
761 781 900 843 ὅλως
928 780 1245 849 ἀμφιϐόλων
1289 779 1574 851 ἐξήγησιν,
1605 794 1711 831 πα-

110 875 320 945 ραθεὶς
352 873 522 943 αὑτὴν
547 874 664 935 τοῖς
709 871 933 941 στίχοις,
965 870 1104 924 ῶστε
1138 872 1254 941 ἅμα
1282 874 1350 942 τῇ
1404 869 1707 939 ἀναγνώσει

108 965 481 1020 ἐπιλαϐέσθαι
512 964 610 1034 τῆς
640 960 929 1032 γνώσεως⁸
973 962 1055 1015 ὅτι
1081 961 1138 1014 δὲ
1183 962 1250 1015 τὰ
1294 962 1523 1015 πλεῖστα
1570 962 1707 1032 πρὸς

106 1059 422 1131 ἀναγωγὴν
457 1059 693 1129 εἴρηται,
744 1056 1047 1127 θαυμάζειν
1092 1055 1154 1109 οὐ
1199 1057 1341 1128 χρή·
1399 1056 1708 1127 προφητεία

108 1154 236 1222 γὰρ
264 1152 329 1204 τὸ
374 1150 738 1220 σύγγραμμα.
791 1149 961 1203 Μέλει
995 1148 1053 1202 δὲ
1094 1150 1210 1212 τοῖς
1258 1149 1585 1219 προφήταις,
1629 1147 1708 1218 τῷ

108 1242 377 1297 λαλοῦντι
404 1241 460 1294 δὲ
492 1241 691 1311 μᾶλλον
719 1241 778 1295 ἐν
800 1240 985 1302 αὐτοῖς
1003 1280 1017 1305 ,
1051 1240 1221 1310 μηδὲν
1249 1240 1447 1307 λέγειν,
1479 1236 1591 1294 οἷον
1612 1240 1707 1293 καὶ

108 1337 239 1399 τοῖς
286 1335 469 1399 ἄλλοις
504 1334 725 1405 εὐχερὲς
765 1334 1021 1403 ὑπάρχει.
1068 1335 1181 1396 τοῖς
1237 1334 1313 1404 μὴ
1349 1332 1710 1402 τετυχηκόσιν

112 1430 284 1498 ἁγίου
319 1428 457 1482 Πνεύ
468 1445 655 1498 ματος,
678 1426 1019 1495 διαλέγεσθαι
1039 1442 1052 1456 ⁸
1080 1425 1180 1489 τὰς
1205 1426 1333 1497 περὶ
1359 1426 1495 1479 Θεοῦ
1516 1425 1573 1478 δὲ
1595 1423 1707 1497 [Ῐσ.

110 1520 212 1593 δὴ]
243 1523 604 1593 προρρήσεις,
664 1519 758 1572 καὶ
783 1511 857 1572 ὧν
892 1519 1170 1587 οἰκονομεῖ
1200 1516 1710 1588 συγγεγραμμένων

113 1614 429 1684 θαυμάτων
458 1613 557 1684 τὴν
584 1611 846 1682 ἐξήγησιν
866 1627 880 1641 ⁸
918 1611 1014 1664 καὶ
1046 1612 1340 1681 μυστήρια,
1395 1610 1465 1663 τὰ
1495 1608 1710 1680 χρόνοις

114 1707 347 1770 πολλοῖς
379 1706 559 1759 αὐτῶν
589 1704 816 1775 ὕστερον
842 1704 950 1758 τῶν
978 1704 1120 1757 αὑτά
1174 1702 1564 1773 φθεγγομένων
1590 1701 1709 1755 ἐσό-

118 1819 271 1871 μενα
292 1818 309 1833 ⁸
342 1799 487 1871 ᾇπερ
506 1798 569 1852 ού
593 1798 699 1869 χρὴ
723 1797 991 1861 ταπεινῶς
1006 1799 1169 1851 νοεῖν.
1198 1796 1397 1867 ’Υϐρις
1413 1794 1522 1866 γὰρ
1548 1794 1713 1849 τοῦτο

114 1896 304 1963 δήπου
351 1889 448 1947 τοῦ
471 1891 839 1964 γνωρίσαντος
865 1890 1177 1961 πνεύματος
1196 1904 1211 1921 ⁸
1239 1889 1355 1943 ἀλλ’
1380 1887 1501 1941 οὐδὲ
1551 1886 1711 1941 δυνα-

114 1988 224 2059 τὴν
252 1988 507 2057 εὑρήσεις
529 1984 638 2039 τῶν
662 1983 958 2056 προφητῶν
978 1984 1078 2055 τὴν
1107 1983 1391 2054 ἐξήγησιν,
1424 1980 1712 2051 γυμνῶσαι

115 2079 332 2149 ταύτην
362 2077 653 2148 ἐπιχειρῶν
680 2076 781 2146 τῆς
805 2075 1040 2146 θεωρίας
1067 2075 1162 2129 τοῦ
1182 2073 1590 2144 πνεύματος.Τί
1615 2072 1712 2143 μὲν

116 2172 233 2243 γάρ
258 2173 410 2242 ἐρεῖς
445 2168 605 2239 Ὠσηὲ
634 2167 807 2221 ταῦτα
838 2168 1122 2238 βούλεσθαι
1142 2167 1209 2221 τὰ
1246 2166 1487 2237 ῥήματα,
1518 2184 1537 2216 ι
1570 2164 1630 2217 '0
1654 2162 1712 2217 δὲ

131 2263 425 2334 Ἐφραῖμ,
488 2261 726 2331 πονηρὸν
794 2260 1047 2330 πνεῦμας
1086 2279 1105 2312 ι
1168 2258 1314 2322 τίνος
1376 2258 1540 2328 χάριν
1591 2256 1706 2321 καὶ,

125 2354 390 2408 «Ἐλαιον
409 2354 489 2415 είς
511 2352 783 2421 Αἴγυπτον
805 2350 1158 2421 ἐνεπορεύετο
1178 2365 1224 2415 ς»
1249 2350 1341 2401 καὶ
1362 2346 1523 2409 ποίας
1546 2344 1709 2399 τοῦτο

120 2447 415 2517 μέμψεως,
442 2444 587 2509 τίνος
614 2443 959 2513 ἐγκλήματος
985 2443 1134 2507 ἄξιον
1157 2458 1172 2508 ;
1204 2441 1261 2493 τί
1287 2440 1343 2494 δὲ
1371 2439 1467 2493 τοῦ
1495 2436 1707 2505 ίξευτοῢ

115 2540 180 2593 τὸ
206 2540 406 2607 ἄγγος,
438 2538 573 2608 ὅπερ
616 2534 796 2606 Ἀμὼς
848 2535 1175 2607 παρέδωκε;
1212 2532 1265 2586 τί
1297 2531 1390 2585 τὸν
1437 2531 1587 2584 λίθον
1615 2529 1707 2584 τὸν

115 2632 527 2703 κασσιτέρινον,
558 2629 698 2683 ἑπτά
732 2626 1063 2697 ὀφθαλμοὺς,
1095 2625 1171 2689 ὡς
1206 2623 1478 2695 Ζαχαρίας
1500 2623 1705 2694 γέγρα-

116 2737 222 2786 φεν
266 2720 295 2772 6
329 2718 639 2788 προφήτης,
689 2715 1066 2786 βαστάζοντα;
1121 2713 1215 2767 καὶ
1273 2713 1447 2766 πολλά
1492 2712 1706 2776 τούτοις

115 2814 288 2882 ἕτερα
314 2810 673 2882 παραπλήσια
691 2826 703 2839 ⁸
736 2808 824 2878 ἐφ’
850 2804 932 2870 οἷς
981 2806 1143 2870 αὐτὸς
1171 2806 1200 2859 6
1244 2805 1417 2861 ταῦτα
1444 2806 1561 2869 τοῖς
1606 2821 1704 2857 καο

115 2903 320 2974 λάμοις
348 2900 458 2955 τῶν
486 2899 780 2972 προφητῶν
797 2899 1196 2970 φθεγξάμενος,
1224 2899 1396 2951 εἰπεῖν
1418 2896 1589 2952 ταῦτα
1611 2896 1705 2949 τὸν

128 2994 297 3063 Ὠσηὲ
336 2992 701 3065 προϐάλλεται
729 3008 743 3024 ⁸
782 3010 801 3045 ι
837 2990 981 3061 Ἐγὼ
1017 2991 1237 3063 ὁράσεις
1282 2988 1580 3061 ἐπλήθυνα,
1609 2988 1703 3043 καὶ

114 3091 176 3142 ἐν
195 3090 361 3159 χερσὶ
402 3084 698 3158 προφητῶν
743 3084 1053 3157 ὡμοιώθην.
1092 3105 1111 3137 ι
1174 3084 1380 3139 Τούτου
1420 3082 1477 3137 δὲ
1530 3082 1704 3142 οὕτως

114 3185 301 3235 ἐκεῖνο
351 3180 632 3251 συντόμως
682 3180 711 3233 6
755 3178 913 3248 λόγος
955 3177 1341 3249 παραδίδωσιν,
1368 3176 1443 3239 ὠς
1475 3176 1524 3229 οἱ
1556 3174 1701 3239 τινὲς

114 3273 233 3327 τῶν
262 3271 560 3343 προφητῶν
610 3270 736 3334 τοὺς
770 3268 1030 3339 βασιλεῖς,
1070 3270 1156 3338 ἐφ’
1189 3261 1265 3323 ὧν
1314 3266 1561 3333 ἐξέθεντο
1604 3264 1702 3333 τὴν

118 3364 489 3435 προφητείαν,
518 3361 765 3434 ἔκρυψαν
791 3380 804 3395 ⁸
839 3360 873 3432 ἢ
900 3361 1033 3431 παρ’
1074 3359 1252 3412 ἔθνεσι
1292 3354 1706 3429 προφητεύσαν-

116 3454 293 3525 τες,ἢ
326 3453 386 3520 ἐξ
428 3452 595 3505 ἐθνῶν
638 3452 971 3524 ὁρμηθέντες
1007 3450 1334 3520 ἐτύγχανον·
1392 3450 1440 3502 εί
1468 3448 1578 3517 γὰρ
1610 3446 1705 3499 καὶ

116 3544 502 3616 πρωτοτύπως
522 3546 554 3614 ἡ
582 3544 890 3616 προφητεία
908 3543 989 3613 τῷ
1002 3541 1217 3612 Ἰσραὴλ
1236 3540 1563 3601 ἀπέσταλτο,
1587 3537 1705 3591 ἀλλ’

115 3638 273 3708 ὅμως
326 3636 623 3707 προφητῶν
671 3653 834 3690 τινων
891 3635 1014 3689 τινα
1074 3635 1185 3687 τῶν
1232 3633 1402 3686 ἐθνῶν
1462 3629 1706 3702 ὑπῆρξεν

114 3728 534 3798 ἀκροάσασθαι⁸
590 3723 778 3799 ἦούχὶ
824 3727 984 3781 τοῦτο
1049 3727 1231 3788 Ἰωνᾶς
1286 3727 1421 3795 ἡμῖν
1470 3722 1706 3795 μάλιστα

115 3821 537 3893 παρασκευάζει
599 3819 983 3889 στοχάσασθαι,
1026 3819 1188 3881 αὑτός
1215 3835 1274 3871 τε
1309 3817 1367 3882 ἐξ
1412 3816 1583 3869 ἐθνῶν
1613 3830 1706 3884 γε·

115 3913 323 3983 γονὼς,
356 3914 450 3966 καὶ
473 3913 857 3985 προφητεύσας
886 3914 944 3965 ἐν
993 3911 1207 3977 ἐθνεσις
1258 3909 1572 3971 Νινευῖταις
1605 3907 1706 3978 μὲν

116 4007 233 4078 γὰρ
259 4006 561 4077 κηρύξωνό
588 4008 873 4076 προφήτης
894 4003 1224 4068 ἀπέσταλτο,
1274 4002 1383 4055 ἀπὸ
1402 4001 1459 4054 δὲ
1478 4004 1577 4072 τῆς
1603 4000 1703 4053 Γὲθ

117 4100 291 4153 αὑτὸν
317 4099 425 4151 τῶν
466 4096 763 4151 Βασιλειῶν
809 4098 841 4167 ή
874 4096 1073 4165 βίϐλος,
1107 4096 1227 4165 ἦτις
1275 4088 1344 4164 ἦν
1372 4093 1468 4163 μία
1503 4092 1609 4145 τῶν
1647 4091 1704 4143 ἐν

118 4196 235 4257 τοῖς
288 4191 608 4259 ἀλλοφύλοις
640 4189 991 4259 σατραπιῶν,
1031 4187 1315 4240 ἐκδίδωσι⁸
1361 4185 1497 4255 φησί⁵
1553 4185 1701 4254 γάρ’

123 4304 146 4337 ι
183 4285 373 4355 Ῥῆμα
404 4283 608 4353 Κυρίου
654 4281 792 4334 Θεοῦ
845 4278 1082 4350 Ἰσραὴλ,
1110 4278 1139 4332 6
1162 4278 1430 4345 ἐλάλησεν
1460 4278 1517 4330 ὲν
1561 4275 1704 4346 χειρὶ

116 4381 311 4437 δούλου
342 4376 509 4432 αὑτοῦ
542 4376 715 4439 Ἰωνᾶ,
755 4372 874 4427 υίοῦ
901 4371 1137 4443 Ἀμαθὶ,
1185 4369 1281 4423 τοῦ
1314 4369 1589 4438 προφήτου
1640 4367 1705 4419 ἐκ

119 4472 225 4525 Γέθ
253 4470 460 4541 Χοφέρ.
485 4488 504 4521 ι
538 4468 647 4523 Καὶ
676 4466 864 4520 τούτου
883 4464 1045 4536 χάριν
1068 4462 1295 4534 ἄχρονον
1322 4461 1428 4532 ἄρα
1453 4458 1551 4530 τὴν
1574 4475 1706 4529 προ-

1808 597 2057 665 operanti
2130 611 2478 666 summopere
2556 596 2928 651 necessarium
2970 639 2985 662 ,
3039 598 3213 668 adieci
3278 600 3406 655 bre—

1810 702 1932 741 vem
1983 688 2380 757 aliquantulam
2450 685 2744 742 dubiorum
2826 698 2922 743 aut
2993 689 3135 745 forte
3191 690 3404 745 obscu-

1808 794 2035 844 rorum,
2087 787 2183 834 aut
2246 780 2411 834 etiam
2475 780 2703 834 omnino
2759 780 3138 852 ambiguorum
3219 782 3406 853 expla-

1810 872 2127 936 nationem,
2170 888 2330 943 quam
2385 873 2644 943 subiunxi
2682 873 3109 940 versiculis,ita
3174 886 3235 932 ut
3286 877 3402 947 ipsa

1808 964 2041 1021 lectione
2100 966 2411 1036 acquiratur
2483 966 2645 1019 simul
2714 975 2769 1020 et
2828 968 3206 1039 intelligentia.
3278 969 3403 1026 Plu-

1808 1053 1943 1107 rima
1983 1062 2168 1107 autem
2240 1052 2473 1123 mystico
2521 1068 2687 1107 sensu
2732 1054 2875 1109 dicta
2934 1072 3057 1112 esse
3116 1073 3225 1113 non
3298 1060 3403 1113 mi-

1811 1146 1989 1201 reris:
2044 1146 2334 1216 prophetia
2396 1145 2542 1199 enim
2596 1156 2680 1202 est
2734 1147 2825 1202 ille
2880 1148 3037 1203 liber.
3076 1150 3172 1205 Est
3218 1160 3399 1206 autem

1816 1240 2209 1311 prophetarum
2237 1281 2250 1303 ,
2276 1253 2376 1294 seu
2404 1241 2593 1310 potius
2621 1241 2895 1310 loquentis
2934 1241 2987 1295 in
3043 1242 3175 1312 ipsis
3200 1285 3215 1309 ,
3260 1245 3401 1300 nihil

1816 1333 1999 1389 dicere
2025 1332 2169 1402 quod
2198 1332 2321 1387 aliis
2364 1334 2609 1403 pervium
2638 1334 2730 1400 sit,
2754 1334 2962 1389 scilicet
3007 1334 3241 1406 Spiritus
3268 1352 3398 1392 san-

1810 1427 1887 1482 cti
1927 1426 2242 1496 expertibus
2266 1466 2283 1492 ,
2329 1435 2563 1481 tractare
2589 1442 2787 1496 nempe
2826 1428 2893 1482 de
2932 1428 3044 1483 Deo
3088 1429 3399 1499 praedictio-

1814 1534 1913 1573 nes
1937 1558 1951 1582 ,
1988 1526 2042 1572 et
2075 1518 2447 1573 narrationem
2471 1520 2859 1574 miraculorum
2917 1536 3039 1590 quae
3090 1521 3395 1592 dispensat,

1812 1618 1868 1665 et
1904 1610 2157 1681 mysteria
2188 1610 2347 1681 longe
2377 1620 2501 1681 post
2525 1614 2866 1667 narrantium
2916 1620 3131 1667 aetatem
3185 1614 3393 1681 futura;

1812 1716 1933 1770 qua:
1969 1716 2083 1754 non
2137 1709 2265 1756 sunt
2312 1702 2517 1773 vulgari
2562 1701 2729 1757 modo
2776 1703 3103 1774 cogitanda;
3139 1705 3191 1759 id
3243 1707 3392 1760 enim

1812 1801 1959 1849 esset
2009 1792 2307 1848 revelantis
2362 1793 2599 1864 Spiritus
2636 1795 2996 1850 contumelia.
3043 1795 3394 1867 Nequaquam

1814 1893 1995 1939 autem
2063 1886 2454 1955 pr0phetarum
2506 1886 2945 1956 explanationem
3020 1890 3234 1960 assequi
3295 1905 3393 1960 po-

1817 1978 1961 2042 terit,
1993 1976 2085 2046 qui
2120 1992 2241 2031 eam
2285 1994 2315 2032 a
2368 1976 2604 2048 Spiritus
2660 1978 2875 2033 visione
2904 1995 3187 2050 segregare
3215 1988 3397 2035 tenta-

1814 2068 1975 2123 verit.
2029 2066 2170 2133 Quid
2228 2068 2375 2122 enim
2430 2069 2585 2123 dices
2638 2070 2779 2125 velle
2835 2070 2939 2125 ista
3009 2070 3149 2126 Osee
3187 2072 3391 2126 verba:

1818 2175 1836 2208 ι
1871 2157 2151 2225 Ephraim,
2177 2158 2353 2211 malus
2377 2158 2652 2228 spiritus,»
2679 2159 2745 2213 ad
2761 2159 2891 2228 quid
2916 2181 2931 2209 ι
2952 2159 3130 2214 oleum
3157 2160 3212 2215 in
3237 2159 3398 2231 Egy-

1811 2258 1965 2319 ptum
2005 2248 2236 2305 ferebat.
2278 2268 2298 2302 ›
2329 2248 2591 2316 Quaenam
2622 2250 2724 2305 ista
2753 2251 3094 2322 obiurgatio?
3123 2252 3254 2322 quid
3307 2252 3397 2309 hic

1815 2342 2251 2410 reprehensione
2306 2343 2581 2413 dignum?
2646 2343 2777 2413 quid
2832 2345 2938 2401 hoc
2988 2346 3199 2415 aucipis
3253 2362 3391 2413 vas,

1808 2432 1954 2503 quod
1983 2434 2150 2489 Amos
2191 2433 2402 2488 tradit?
2429 2434 2558 2504 quid
2590 2434 2738 2490 dices
2768 2435 2915 2491 hunc
2978 2438 3215 2507 lapidem
3243 2448 3395 2493 stan-

1808 2541 1972 2580 neum
1994 2566 2008 2592 ,
2047 2534 2257 2596 septem
2302 2527 2492 2581 oculos
2521 2527 2812 2596 ferentem,
2846 2536 2906 2584 ut
2936 2531 3158 2601 scripsit
3182 2530 3393 2586 Zacha-

1808 2617 1917 2673 rias
1944 2619 2213 2689 pr0pheta
2243 2618 2268 2673 ’ί
2296 2628 2353 2675 et
2380 2620 2484 2674 alia
2526 2622 2698 2676 multa
2738 2622 2828 2677 his
2870 2622 3069 2677 similia
3100 2641 3115 2689 ;
3146 2624 3216 2679 de
3267 2624 3391 2695 qui-

1808 2710 1913 2766 bus
1954 2711 2046 2768 ille
2092 2712 2209 2783 ipse
2255 2713 2347 2783 qui
2378 2714 2494 2769 haec
2538 2730 2636 2785 per
2677 2716 3067 2786 prophetarum
3122 2718 3392 2773 calamum

1806 2803 2019 2860 locutus
2076 2814 2162 2860 est
2210 2822 2225 2860 :
2270 2806 2522 2876 perhibet
2571 2808 2687 2863 haec
2735 2807 2877 2864 Osee
2929 2808 3187 2866 dixisse:
3230 2830 3248 2863 ι
3280 2812 3394 2883 Ego

1808 2896 2051 2952 visiones
2120 2899 2475 2969 multiplicavi
2511 2940 2525 2967 ,
2561 2908 2617 2955 et
2660 2901 2715 2954 in
2787 2901 3041 2957 manibus
3096 2902 3395 2973 propheta-

1808 3003 1929 3042 rum
1958 2988 2289 3044 assimilatus
2330 3005 2474 3046 sum.
2504 3009 2524 3042 ι
2565 2989 2741 3060 Huius
2782 2999 2966 3047 autem
3005 2992 3231 3047 verbum
3260 2991 3392 3050 illud

1802 3080 2041 3136 breviter
2083 3081 2286 3148 tradit,
2319 3082 2530 3138 scilicet
2571 3084 2834 3153 quosdam
2876 3084 3264 3155 prophetarum
3307 3101 3395 3141 re-

1802 3189 1895 3245 ges
1970 3173 2191 3229 latuisse
2214 3214 2229 3240 ,
2264 3176 2463 3245 quibus
2522 3177 2881 3248 regnantibus
2923 3178 3240 3248 prophetias
3271 3179 3394 3235 edi-

1804 3263 2049 3328 derunt,
2079 3266 2195 3320 sive
2239 3266 2385 3336 quod
2440 3268 2587 3338 apud
2656 3276 2848 3339 gentes
2898 3270 3390 3339 prophetaverunt,

1806 3356 1925 3412 sive
1954 3356 2099 3426 quod
2149 3358 2218 3412 de
2248 3359 2508 3430 gentibus
2562 3360 2665 3430 ipsi
2719 3362 3086 3432 prodierunt.
3123 3362 3180 3418 Si
3240 3364 3389 3420 enim

1805 3451 2079 3522 praecipue
2105 3452 2395 3522 prophetia
2426 3452 2495 3508 ad
2526 3451 2692 3508 Israel
2734 3454 2942 3510 directa
2998 3463 3119 3521 est,
3181 3456 3391 3511 nihilo-

1805 3543 1991 3598 minus
2025 3544 2290 3613 quosdam
2342 3545 2641 3615 prophetas
2696 3546 2926 3618 contigit
2978 3562 3009 3601 a
3061 3547 3390 3617 quibusdam

1805 3631 2061 3702 gentibus
2116 3632 2334 3688 auditos
2385 3632 2576 3690 fuisse.
2627 3632 2821 3690 Nonne
2877 3636 2982 3693 hoc
3023 3636 3189 3693 Jonas
3230 3636 3391 3693 nobis

1806 3726 2111 3795 prasertim
2175 3727 2420 3783 indicare
2484 3728 2742 3793 videtur,
2820 3744 2943 3784 cum
2983 3729 3099 3800 ipse
3142 3740 3289 3786 esset
3321 3746 3389 3787 ex

1806 3815 2061 3884 gentibus
2119 3824 2177 3872 et
2223 3818 2367 3887 apud
2399 3826 2592 3889 gentes
2649 3823 3052 3889 prophetaret:
3126 3821 3389 3878 Ninivitis

1806 3910 1951 3963 enim
1976 3911 2375 3979 praedicaturus
2411 3914 2677 3983 propheta
2702 3916 2902 3969 missus
2937 3925 3057 3971 est:
3115 3916 3258 3972 liber
3284 3933 3387 3972 au-

1808 4006 1918 4053 tem
1965 3999 2175 4071 Regum
2209 4002 2361 4056 illum
2391 4003 2462 4058 de
2491 4002 2631 4059 Geth
2653 4045 2671 4070 ,
2708 4021 2831 4075 qua:
2859 4016 2942 4061 est
2991 4023 3096 4061 una
3139 4024 3207 4063 ex
3254 4010 3388 4065 alie-

1804 4093 1891 4146 nis
1926 4094 2201 4163 satrapiis,
2232 4095 2416 4151 tradit.
2456 4097 2603 4151 Dixit
2633 4100 2779 4152 enim
2807 4117 2819 4152 :
2858 4119 2875 4151 ι
2904 4099 3143 4155 Verbum
3176 4104 3386 4158 Domini

1806 4183 1903 4237 Dei
1949 4183 2114 4238 Israel
2150 4226 2165 4251 ,
2226 4186 2371 4253 quod
2399 4186 2614 4241 locutus
2651 4196 2735 4242 est
2792 4188 2847 4242 in
2902 4206 3067 4244 manu
3111 4192 3253 4247 servi
3302 4193 3386 4249 sui

1803 4272 1988 4341 Jonaa,
2046 4274 2119 4329 ﬁli
2164 4274 2411 4338 Amathi,
2441 4276 2721 4345 propheta:
2750 4278 2818 4331 de
2846 4277 2982 4333 Geth
3034 4288 3089 4334 et
3116 4279 3320 4351 Opher,
3360 4301 3380 4334 ι

1807 4367 1874 4421 Ει
1902 4377 2189 4436 propterea
2235 4366 2441 4435 absque
2463 4373 2709 4437 tempore
2730 4369 3070 4437 prophetiam
3096 4375 3382 4442 exposuit.

1804 4457 1910 4513 Sed
1937 4468 1995 4514 et
2019 4459 2157 4523 .loel,
2183 4474 2307 4513 cum
2358 4458 2671 4527 scripsisset
2695 4461 2775 4515 sic
2809 4460 2925 4531 ipse
2951 4476 3171 4531 quoque
3199 4481 3387 4535 prom-

119 4566 355 4635 φητείαν
385 4562 673 4632 ἐκθέμενος
694 4576 708 4590 ⁸
736 4557 873 4613 ἀλλὰ
897 4558 991 4612 καὶ
1010 4554 1184 4626 Ἰωὴλ,
1215 4554 1430 4624 γράψας
1444 4552 1589 4605 οὕτω
1611 4553 1704 4605 καὶ

1809 4552 2009 4607 mium:
2046 4572 2064 4603 ι
2096 4551 2293 4607 Audite
2334 4553 2439 4608 hoc
2465 4591 2481 4617 ,
2534 4568 2716 4619 senes,
2750 4562 2805 4608 et
2835 4556 3059 4612 auribus
3092 4559 3381 4628 percipite,

120 4658 291 4722 αὐτὸς
322 4656 384 4709 τὺ
412 4654 697 4727 προοίμιον
717 4668 731 4682 ⁸
773 4670 791 4704 ι
818 4650 1116 4705 Ἀκούσατε
1145 4648 1339 4713 ταῦτα,
1371 4648 1419 4700 οί
1459 4645 1705 4717 πρεσϐύο

119 4767 297 4823 τεροι,
330 4749 426 4802 καὶ
470 4745 821 4811 ἐνωτίσασθε,
859 4745 1065 4807 πάντες
1096 4744 1146 4797 οί
1191 4740 1574 4803 κατοικοῦντες
1607 4738 1707 4811 τήν

120 4844 249 4913 γῆν.
283 4861 301 4891 ι
322 4841 397 4893 T6
410 4840 467 4893 δὲ
500 4838 629 4893 αὐτὸ
663 4837 759 4891 καὶ
784 4836 1000 4889 Ἀϐδιού
1024 4852 1039 4867 ⁸
1076 4836 1304 4905 ιἈκοὴν
1327 4835 1537 4905 ήκουσα
1557 4830 1709 4902 παρὰ

122 4932 358 5003 Κυρίου,
389 4931 484 4984 καὶ
530 4930 794 5000 περιοχὴν
835 4930 915 4990 είς
948 4927 1019 4980 τά
1066 4926 1191 4997 ἔθνη
1239 4925 1643 4992 ἐξαπέστειλεν.
1682 4943 1701 4977 ι

126 5024 257 5079 Ἔτι
284 5024 382 5077 καὶ
405 5020 632 5091 Ναούμ⁸
672 5040 690 5072 ι
718 5022 927 5091 Λῆμμα
952 5017 1143 5071 Νινευῒ
1173 5016 1369 5085 λέγων,
1394 5018 1556 5086 ὃμοια
1588 5033 1710 5069 στο-

123 5115 391 5187 χάζεσθαι
416 5112 546 5184 περὶ
573 5112 724 5181 σφῶν
744 5110 1161 5179 ἀναγκάζουσιν.
1188 5128 1206 5161 ι
1234 5108 1559 5178 Ἀμϐακοὺμ
1578 5107 1706 5176 γὰρ,

124 5212 175 5263 εί
204 5209 304 5280 μὲν
333 5200 487 5269 οὗτός
525 5206 673 5257 ἐστιν
704 5202 764 5256 δν
793 5204 851 5265 ἐς
892 5201 992 5274 τὴν
1038 5200 1400 5254 Βαϐυλωνίων
1454 5200 1710 5271 ἁρπάσας

126 5299 469 5370 ἀπεκόμισεν
495 5296 745 5365 ἄγγελος,
774 5295 948 5348 είπεῖν
970 5293 1032 5347 τὸ
1066 5294 1235 5362 σαφὲς
1269 5293 1368 5347 ούκ
1398 5292 1536 5363 ἔχω’
1569 5291 1711 5362 πλὴν

125 5394 250 5447 οὐδὲ
285 5392 449 5454 αὐτὸς
495 5392 552 5442 ἐν
600 5387 873 5460 προοιμίῳ
916 5386 1016 5457 τῆς
1046 5386 1253 5456 βίϐλου,
1289 5386 1389 5456 τῆς
1422 5384 1708 5448 Ἰουδαίας,

126 5486 311 5558 τυχὸν,
335 5484 369 5555 ἢ
397 5480 709 5554 Σαμαρείας
728 5520 743 5546 ,
769 5480 804 5551 ἢ
850 5478 945 5533 τοῦ
996 5478 1217 5551 Ἰσραὴλ
1246 5477 1544 5549 μέμνηται,
1575 5476 1711 5529 ἀλλὰ

132 5578 276 5651 [καὶ]
298 5578 399 5648 τῆς
428 5576 532 5646 γῆς
560 5574 723 5645 ὃλης⁹
754 5574 875 5643 οὐχὶ
905 5573 1014 5644 γὰρ
1044 5572 1211 5643 μόνης
1239 5571 1338 5642 τῆς
1373 5569 1634 5633 Ἰουδαίας
1654 5570 1713 5622 ἐν

130 5674 227 5744 ὅλῃ
250 5674 319 5742 τῇ
355 5669 669 5739 προφητικῇ
697 5665 863 5736 βίϐλῳ
896 5664 1229 5735 κατηγορίαν
1250 5663 1555 5734 είσέρχεται
1574 5678 1588 5693 ⁸
1617 5661 1713 5731 ζη-

132 5764 241 5815 τῶν
264 5762 324 5814 δὲ
344 5760 437 5814 τὸν
461 5757 770 5828 Μαλαχιηλ,
805 5756 1061 5825 εὑρήσεις
1095 5756 1206 5816 τοῖς
1248 5753 1428 5807 ἔθνεσι
1450 5752 1512 5804 τὸ
1543 5751 1688 5815 κεφά

134 5857 283 5913 λαιον
306 5853 405 5923 τῆς
451 5849 786 5923 προφητείας
812 5847 1063 5916 νέμοντα.
1115 5848 1211 5911 Ὃς
1259 5847 1309 5900 εί
1350 5846 1446 5901 καὶ
1482 5846 1712 5915 ἄγγελος

1807 4660 1998 4700 omnes
2018 4646 2390 4700 inhabitantes
2414 4657 2668 4700 terram.)
2702 4646 2849 4701 Idem
2873 4656 3057 4703 autem
3078 4660 3136 4705 et
3158 4651 3382 4709 Abdias:

1814 4754 1833 4788 ι
1864 4736 2121 4790 Auditum
2154 4736 2340 4790 audivi
2373 4752 2402 4791 a
2432 4736 2668 4790 Domino
2713 4746 2769 4791 et
2796 4739 3031 4810 legatum
3082 4742 3151 4796 ad
3194 4753 3387 4814 gentes

1808 4826 1977 4881 misit.
2018 4845 2036 4879 ι
2071 4828 2139 4881 Ει
2171 4828 2339 4882 etiam
2383 4827 2597 4882 Nahum
2650 4828 2848 4885 Ninive
2897 4832 3113 4887 titulum
3146 4834 3337 4890 dicens
3367 4854 3384 4892 :

1808 4916 2011 4973 Omnes
2037 4918 2234 4972 similia
2268 4920 2553 4976 intendere
2598 4922 2667 4975 de
2711 4922 2846 4992 ipsis
2884 4934 3105 4995 cogunt.
3152 4926 3228 4981 De
3279 4927 3389 4983 Ha-

1808 5009 1981 5065 bacuc
2006 5010 2179 5075 enim,
2214 5010 2260 5065 si
2313 5011 2402 5065 ille
2435 5013 2653 5082 quidem
2706 5022 2790 5067 est
2835 5030 2997 5085 quem
3052 5017 3106 5072 in
3161 5018 3390 5092 Babylo-

1808 5104 1956 5156 niam
1989 5111 2202 5172 raptum
2226 5105 2524 5173 reportavit
2549 5104 2811 5176 Angelus.
2838 5123 2947 5163 non
2971 5118 3056 5165 est
3083 5110 3216 5167 mihi
3246 5114 3391 5183 quod

1810 5194 1987 5249 dicam
2024 5194 2253 5257 clarum,
2282 5194 2384 5249 nisi
2417 5195 2561 5265 quod
2597 5196 2712 5265 ipse
2739 5196 2794 5250 in
2834 5200 3101 5268 prooemio
3126 5202 3250 5258 libri
3280 5220 3391 5261 non

1810 5286 1973 5340 modo
2002 5287 2069 5339 de
2099 5285 2285 5340 Judaza
2307 5328 2322 5351 ,
2373 5288 2487 5341 sive
2522 5288 2589 5342 de
2626 5288 2893 5357 Samaria,
2945 5291 3057 5347 sive
3108 5295 3176 5350 de
3230 5295 3392 5352 Israel

1817 5378 2158 5433 mentionem
2186 5378 2336 5445 facit,
2370 5379 2465 5434 sed
2499 5380 2660 5435 etiam
2684 5382 2752 5437 de
2773 5392 2883 5438 tota
2908 5392 3071 5441 terra.
3102 5386 3220 5441 Non
3247 5391 3392 5444 enim

1811 5470 1981 5525 solius
2003 5470 2205 5526 Judaeze
2236 5472 2290 5526 in
2332 5482 2445 5527 toto
2476 5474 2796 5544 prophetico
2826 5477 2964 5532 libro
2992 5480 3393 5537 accusationem

1812 5560 2125 5619 introducit.
2159 5564 2477 5620 Malachiam
2498 5576 2678 5622 autem
2705 5570 2749 5623 si
2771 5585 3014 5639 quaeras,
3044 5572 3287 5630 invenies
3314 5575 3403 5631 di—

1815 5654 2171 5710 stribuentem
2201 5657 2452 5725 gentibus
2482 5659 2811 5729 praecipuam
2830 5662 3127 5731 prophetiae
3161 5674 3395 5733 partem,

1813 5748 1930 5816 qni,
1961 5763 2084 5801 cum
2130 5749 2355 5817 angelus
2382 5748 2592 5803 Domini
2645 5750 2976 5817 nominetur,
3022 5753 3184 5811 homo
3217 5765 3395 5814 tamen

1814 5839 2075 5895 eratchi
2126 5839 2271 5895 enim
2322 5843 2496 5912 angeli
2542 5841 2817 5914 propheta:
2854 5846 3220 5918 dicebantur;
3252 5852 3399 5925 quod
