3962 6404
615 348 753 418 1343
1793 359 2155 421 HESYCHII
2213 358 2687 422 PRESBYTERI
3705 356 3813 415 13“

613 464 951 521 demonstrat
992 462 1221 538 Aggaaus
1261 464 1341 523 sic
1374 465 1595 536 quidem
1634 467 1872 539 seipsum
1915 470 1997 526 sic
2025 470 2174 524 etian

2291 469 2428 523 Θεοῦ
2461 471 2848 543 ἑρμηνεύεται,
2881 468 3163 542 ἄνθρωπος
3193 467 3342 537 ὅμως
3369 460 3453 535 ἦν.
3480 463 3713 533 Ἄγγελοι
3729 469 3815 536 γαρ

611 568 669 614 et
690 556 830 612 alios
848 557 1146 629 prophetas
1157 572 1380 623 vocans,
1410 558 1608 629 quibus
1621 560 1922 629 prophetiae
1944 576 2057 616 suae
2087 561 2174 615 mi-

2295 562 2431 617 Θεοῦ
2464 565 2515 616 οἱ
2538 563 2818 635 προφῆται
2866 563 3141 631 ἐλέγοντο·
3176 560 3326 630 δηλοῖ
3355 559 3409 612 δὲ
3437 560 3678 626 ’Δγγαίος
3704 557 3817 612 οὕτω

611 648 799 704 nistris
817 649 1091 704 utebatur.
1116 648 1253 704 Dicit
1268 649 1434 705 enim:
1457 669 1476 702 ‹
1496 649 1562 705 Et
1576 650 1950 723 dixitAggzeus
1966 653 2174 724 angelus

2296 657 2396 727 μὲν
2432 656 2647 718 ἑαυτὸν,
2696 655 2839 710 οὕτω
2872 656 2928 710 δὲ
2952 655 3049 708 καὶ
3071 654 3199 717 τοὺς
3245 652 3435 713 ἄλλους
3468 651 3730 720 προφήτας
3750 666 3821 702 κε-

567 786 570 789 ,
610 739 825 795 Domini
852 741 994 797 inter
1014 742 1236 814 angelos
1259 742 1468 799 Domini
1521 744 1741 813 populo.
1773 764 1792 797 ι
1826 745 1989 802 Forte
2021 747 2174 802 etiam

2293 747 2508 819 κληκὼς
2535 741 2616 812 οἷς
2632 747 2932 819 ὑπηρέταις
2948 748 3046 817 τῆς
3066 744 3261 799 ἑαυτοῦ
3285 741 3615 814 προφητείας
3636 741 3821 809 ἐκέχρη-

611 843 668 889 et
703 836 807 891 hoc
846 850 1044 890 nomen
1074 837 1355 907 proprium
1396 838 1662 908 prOpheta
1703 838 1928 894 sortitus
1950 848 2051 895 est.
2076 838 2174 894 Sed

2289 857 2372 897 το.
2398 842 2535 911 Φησὶ
2566 841 2675 912 γάρ
2699 857 2712 870 ”
2753 860 2772 891 ι
2804 840 2913 893 Καὶ
2942 833 3098 893 εἶπεν
3129 837 3381 906 Ἀγγαῖος
3410 833 3631 902 ἄγγελος
3651 831 3820 902 Κυρίοδ

612 926 834 996 insuper
864 928 992 982 illud
1022 929 1391 999 adjiciendum
1427 939 1483 985 et
1523 930 1588 984 ad
1624 931 1980 987 sinceriorem
2014 932 2174 988 libro-

2291 934 2349 985 ἐν
2370 933 2622 1002 ἀγγέλοις
2659 932 2865 1004 Κυρίου
2898 932 2976 1003 τῷ
3020 930 3154 1001 λαῷ.
3186 949 3205 982 ι
3252 929 3411 990 Ἴσως
3441 926 3498 979 δὲ
3548 926 3638 977 καὶ
3685 924 3821 992 om

610 1035 731 1075 rum
792 1021 1234 1091 propheticorum
1288 1022 1725 1094 intelligentiam,
1780 1022 1987 1079 scilicet
2040 1025 2185 1079 anti-

608 1127 772 1182 quam
810 1127 931 1168 esse
959 1114 1261 1183 prophetia:
1290 1115 1554 1185 gratiam:
1588 1115 1793 1185 quippe
1820 1132 1942 1185 qua:
1967 1116 2036 1171 ab
2064 1115 2179 1186 ipsa

607 1204 861 1272 primitus
895 1205 1178 1260 hominum
1211 1208 1490 1262 creatione
1524 1207 1777 1278 incipiat;
1815 1208 1890 1263 ita
1921 1218 1981 1263 ut
2008 1208 2180 1265 Adam

606 1294 676 1351 de
730 1294 837 1351 Eva
889 1295 1090 1352 dixerit
1122 1298 1443 1367 prophetico
1485 1298 1645 1368 plane
1677 1298 1858 1354 dono:
1902 1319 1920 1350 ι
1955 1297 2181 1370 Propter

608 1387 715 1443 hoc
771 1388 1117 1460 derelinquet
1178 1392 1343 1448 homo
1381 1401 1589 1461 patrem
1645 1408 1805 1460 suum
1854 1400 1911 1447 et
1952 1401 2178 1447 matrem

606 1494 782 1543 suam,
809 1488 864 1535 et
896 1482 1199 1536 adhaerebit
1227 1483 1291 1537 ad
1322 1500 1553 1538 uxorem
1574 1499 1728 1539 suam
1756 1501 1770 1550 ;
1797 1494 1853 1539 et
1883 1494 2045 1539 erunt
2070 1486 2178 1541 duo

604 1570 659 1624 in
696 1586 916 1626 carnem
947 1590 1132 1629 unam.
1170 1594 1189 1626 ι
1214 1575 1488 1630 Abraham
1519 1577 1785 1647 propheta
1813 1577 1881 1633 ab
1910 1577 2029 1647 ipso
2065 1578 2177 1634 Deo

603 1662 719 1719 hzec
739 1664 954 1720 dicente
980 1667 1047 1720 ad
1074 1666 1412 1731 Abimelech,
1447 1678 1797 1738 nuncupatus
1847 1678 1958 1724 est:
1989 1688 2006 1721 ι
2032 1668 2178 1725 Red-

602 1754 670 1808 de
706 1770 927 1810 uxorem
981 1757 1117 1823 viro,
1150 1758 1275 1827 quia
1309 1748 1573 1827 propheta
1604 1769 1708 1815 est.
1741 1758 1860 1815 Non
1909 1760 2075 1830 igitur
2116 1762 2171 1816 hi

2288 1024 2448 1078 τοῦτο
2471 1023 2659 1096 κύριον
2680 1027 2712 1079 ό
2763 1026 3051 1096 προφήτης
3076 1023 3363 1092 ἐκέκτητο.
3410 1018 3576 1072 Ἀλλὰ
3605 1015 3702 1087 μὴν
3742 1018 3820 1068 κά-

2289 1123 2436 1174 κεῖνο
2463 1120 2780 1192 προσθεῖναι
2803 1121 2938 1192 πρὸς
2964 1118 3364 1191 ἀκριϐεστέραν
3403 1115 3605 1183 γνῶσιν
3633 1112 3730 1164 τῶν
3759 1112 3821 1180 βία

2288 1211 2427 1265 ϐλων
2452 1213 2561 1266 τῶν
2588 1212 2942 1285 προφητικῶν
2970 1212 3140 1277 ἄξιον,
3164 1209 3240 1274 ὡς
3286 1209 3513 1279 ἀρχαῖον
3546 1206 3640 1275 μὲν
3668 1199 3728 1273 ἦν
3747 1206 3822 1273 τῆς

2286 1303 2626 1374 προφητείας
2676 1304 2736 1358 τὸ
2762 1304 3028 1374 χάρισμα,
3070 1302 3130 1369 ἐξ
3158 1300 3333 1371 αὐτῆς
3361 1296 3571 1354 ἄνωθεν
3604 1298 3699 1364 τῆς
3739 1294 3822 1346 τῶν

2284 1394 2589 1464 ἀνθρώπων
2621 1394 2992 1463 δημιουργίας
3018 1392 3349 1463 ἀρξάμενον.
3378 1390 3539 1441 Ὥστε
3571 1386 3658 1438 τὸν
3684 1384 3823 1451 ’Δδὰμ

2284 1487 2413 1554 περὶ
2439 1485 2539 1556 τῆς
2573 1484 2716 1549 Εὔας
2742 1474 2943 1553 λέγειν,
2965 1483 3289 1557 προφητικῷ
3317 1479 3563 1550 δηλονότι
3591 1477 3820 1547 χαρίσμα-

2282 1593 2354 1631 τιο
2380 1577 2634 1630 (Ἕνεκεν
2660 1578 2850 1632 τούτου
2873 1576 3189 1646 καταλείψει
3219 1575 3505 1645 ἄνθρωπος
3538 1569 3625 1621 τὸν
3651 1568 3821 1633 πατέρα

2280 1668 2468 1734 αὑτοῦ,
2502 1671 2595 1725 καὶ
2621 1672 2721 1743 τὴν
2756 1670 2967 1741 μητέρα
3015 1669 3204 1735 αὑτοῦ,
3260 1668 3354 1720 καὶ
3388 1659 3821 1733 προσκολληθήσε-

2278 1778 2367 1817 ται
2400 1763 2539 1833 πρὸς
2567 1763 2664 1835 τὴν
2690 1767 2923 1833 γυναῖκα
2961 1762 3157 1827 αὑτοῦ,
3197 1761 3291 1814 καὶ
3321 1759 3540 1811 ἔσονται
3570 1754 3617 1808 oi
3658 1752 3739 1806 δύο
3762 1753 3820 1813 εἰς

601 1844 701 1899 soli
761 1847 1041 1916 prepbeta:
1092 1857 1244 1912 sunt,
1308 1863 1543 1918 quorum
1589 1849 1810 1905 nomine
1850 1850 2173 1907 inscribitur

2278 1855 2458 1926 σάρκα
2486 1856 2634 1926 μίαν.
2679 1875 2697 1908 ι
2736 1854 2990 1927 Ἀϐραὰμ
3008 1854 3065 1908 δὲ
3100 1853 3387 1925 προφήτης
3418 1847 3552 1919 παρ’
3585 1843 3730 1899 αὑτοῦ
3749 1842 3820 1895 τοῦ

600 1936 908 2006 prophetia.
931 1936 1064 1993 Nam
1099 1940 1373 2009 quomodo
1405 1939 1623 1995 Samuel
1654 1942 1906 2012 princeps
1934 1944 2176 2014 prophe-

602 2038 777 2088 tarum
811 2034 1105 2089 vocabatur
1133 2036 1156 2089 ί
1186 2036 1471 2102 Quomodo
1503 2036 1598 2092 lilii
1649 2038 2041 2109 prophetarum
2089 2041 2175 2095 di-

597 2124 864 2179 cebamur
909 2127 1001 2196 qui
1035 2129 1189 2198 juxta
1233 2128 1401 2184 Eliam
1464 2131 1987 2201 congregabantur?
2044 2131 2177 2190 Pro-

600 2216 785 2285 phetia
833 2218 977 2272 enim
1023 2219 1132 2274 ulla
1162 2235 1265 2276 nec
1320 2221 1515 2276 horum
1549 2236 1648 2276 nec
1701 2222 1918 2279 illorum
1953 2225 2176 2281 nomine

599 2307 861 2379 inscripta
892 2310 1147 2366 refertur.
1178 2310 1455 2383 Quotquot
1487 2314 1650 2385 igitur
1709 2325 1865 2372 erant
1929 2317 2174 2387 philoso-

597 2400 742 2471 phiae
775 2401 958 2458 forsan
985 2412 1112 2459 ante
1137 2404 1272 2458 alios
1304 2405 1485 2475 periti,
1519 2406 1572 2461 hi
1607 2422 1823 2477 quoque
1854 2410 2175 2479 prophetico

597 2493 779 2549 studio
809 2494 1048 2552 illustres
1080 2495 1209 2551 facti
1237 2535 1254 2561 ,
1309 2498 1426 2552 sive
1468 2499 1613 2569 quod
1682 2498 1958 2557 historicis
2019 2502 2175 2558 libris

597 2586 876 2659 inspirata
917 2587 1213 2660 Scriptura:
1238 2606 1577 2661 quaecunque
1628 2592 1951 2663 prophetico
1977 2594 2171 2665 spiritu

596 2678 853 2735 dixerunt
904 2689 999 2737 aut
1026 2682 1274 2737 fecerunt
1318 2684 1625 2755 conscripta
1682 2695 1845 2751 sunt,
1892 2686 2036 2742 sicut
2071 2688 2174 2743 Sa-

597 2772 776 2837 muel,
812 2771 954 2829 Elias
1004 2784 1062 2830 et
1099 2775 1361 2843 Elizaeus;
1388 2777 1504 2833 sive
1524 2779 1668 2847 quod
1702 2779 1872 2835 libros
1924 2780 2024 2850 ipsi
2048 2796 2175 2850 pro-

597 2867 889 2936 pheticos,
932 2867 1149 2924 alliante
1206 2870 1413 2939 Spiritu
1452 2912 1467 2935 ,
1512 2871 1876 2927 condiderunt
1908 2916 1924 2938 ,
1982 2875 2174 2943 quales

596 2957 751 3029 fuere
783 2959 1071 3015 duodecim
1100 3002 1115 3026 ,
1176 2970 1232 3017 et
1262 2961 1429 3018 Isaias
1458 3005 1473 3029 ,
1530 2972 1585 3019 et
1617 2962 1883 3020 Jeremias
1903 3006 1917 3031 ,
1952 2976 2008 3021 et
2040 2965 2174 3023 Eze-

596 3049 765 3116 chiel,
797 3061 852 3106 et
885 3052 1094 3108 Daniel.
1132 3053 1279 3109 Inter
1296 3071 1433 3125 quos
1462 3056 1712 3112 Ezechiel
1743 3057 1962 3128 quidem
1985 3067 2040 3113 et
2067 3059 2173 3115 Da-

2275 1946 2434 2012 Θεοῦ,
2469 1947 2643 2001 ταῦτα
2672 1949 2807 2019 πρὸς
2838 1947 2931 2000 τὸν
2959 1946 3255 2016 Ἀϐιμέλεχ
3286 1942 3559 2003 εἰπόντος,
3589 1936 3821 2009 προσηγὸ-

2277 2058 2464 2113 ρευται
2481 2056 2499 2073 θ
2530 2060 2548 2094 ι
2572 2041 2795 2105 Ἀπόδος
2822 2040 2920 2111 τὴν
2939 2040 3174 2109 γυναῖκα
3200 2035 3279 2106 τῷ
3298 2031 3597 2104 ἀνθρώπῳ,
3620 2030 3695 2083 ὅτι
3720 2043 3821 2095 προ-

2276 2136 2453 2207 φήτης
2497 2134 2669 2189 ἐστίν.
2703 2152 2722 2187 ι
2782 2133 2858 2188 Ού
2892 2132 3043 2204 μόνοι
3107 2130 3287 2184 τοίνυν
3318 2126 3599 2197 προφῆται
3635 2121 3820 2188 γεγόνα-

2276 2244 2396 2293 σιν,
2428 2220 2503 2280 ῶν
2534 2225 2812 2298 ἔγγραφος
2841 2226 2875 2297 ἡ
2920 2222 3229 2295 προφητεία
3283 2220 3547 2290 φέρεται·
3580 2215 3693 2268 ἐπεὶ
3734 2211 3818 2274 πῶς

2278 2320 2375 2391 μὲν
2409 2318 2712 2390 ὁΣαμουὴλ
2744 2315 3040 2389 προφητῶν
3069 2314 3297 2385 ἔξαρχος
3328 2308 3708 2378 ὲπωνόμαστος
3732 2304 3819 2365 πῶς

2273 2412 2329 2466 δέ
2367 2412 2474 2465 υἱοὶ
2508 2409 2806 2481 προφητῶν
2837 2409 2886 2461 οί
2912 2407 3268 2477 συναγόμενοι
3296 2401 3448 2473 παρὰ
3472 2399 3567 2453 τὸν
3599 2397 3821 2449 Ἐλισαῖον

2274 2502 2556 2571 ἐλέγοντο;
2590 2501 2902 2574 Προφητεία
2949 2498 3059 2570 γάρ
3108 2499 3384 2569 ἔγγραφος
3415 2493 3475 2546 ού
3523 2489 3715 2543 τούτων
3744 2485 3816 2556 μὲν

2272 2591 2387 2657 οὖν,
2416 2592 2542 2647 ούδέ
2575 2593 2798 2648 ἐκείνων
2829 2590 3075 2664 φέρεται.
3096 2590 3253 2643 Ὅσοι
3278 2587 3452 2641 τοίνυν
3480 2579 3623 2655 ἦσαν
3642 2580 3728 2649 τὴν
3748 2596 3817 2647 φι-

2272 2685 2528 2754 λοσοφίαν
2559 2685 2691 2747 ίσως
2719 2682 2862 2753 ὑπὲρ
2885 2682 3013 2746 τοὺς
3039 2681 3231 2743 ἄλλους
3261 2676 3559 2747 ἐξαίρετοι,
3580 2665 3713 2726 οὗτοι
3746 2670 3816 2721 καὶ

2270 2777 2371 2849 τὴν
2395 2776 2742 2849 προφητικὴν
2776 2776 3011 2847 θεωρίαν
3031 2773 3316 2843 γεγονότες
3342 2768 3629 2838 ἐπίσημοι.
3661 2765 3691 2835 ἢ
3724 2763 3815 2822 ταῖς

2276 2872 2574 2940 ίστορικαίς
2626 2869 2827 2938 βίϐλοις
2864 2867 2964 2937 τῆς
3028 2864 3389 2919 θεοπνεύστου
3436 2859 3692 2931 Γραφῆς.
3740 2856 3819 2907 ὅσα

2273 2959 2603 3032 προφητικῷ
2630 2958 2912 3029 Πνεύματι
2935 2957 3181 3020 εἰπόντες
3209 2952 3573 3027 ἢπράξαντες
3595 2948 3819 3016 ὑπῆρχον»

2271 3050 2683 3121 ἀνεγράφησαν,
2705 3048 2892 3120 ὥσπερ
2928 3046 3202 3118 Σαμουὴλ,
3239 3045 3427 3106 Ἠλίας
3462 3059 3524 3095 τε
3557 3041 3646 3095 καὶ
3677 3037 3815 3091 ’ί-Ἆισ-

597 3138 728 3202 niel,
764 3142 991 3211 Aggaaus
1017 3151 1073 3197 et
1094 3142 1405 3208 Zacharias,
1440 3145 1742 3214 captivitati
1773 3148 1954 3216 populi
1979 3146 2170 3202 Iudai-

2276 3145 2421 3207 σαίος
2441 3159 2455 3173 ’
2488 3142 2522 3214 ἢ
2548 3141 2788 3212 βίϐλους,
2815 3140 3210 3211 ἐπιτραπέντες
3228 3137 3378 3207 παρὰ
3403 3133 3498 3189 τοῦ
3523 3132 3819 3238 Πνεύματος,

596 3230 645 3285 ci
674 3232 819 3302 apud
850 3231 1105 3304 Assyrios
1139 3235 1473 3304 posteriores
1504 3237 1854 3306 prophetant.
1906 3238 2173 3296 Jcremias

2277 3237 2430 3291 αὐτοὶ
2480 3234 2826 3306 προφητικὰς
2862 3231 3190 3297 συνέταξαν*
3233 3224 3335 3283 οἷοί
3366 3246 3511 3292 τινες
3546 3228 3595 3280 οί
3626 3224 3815 3283 δώδεκα,

594 3330 778 3378 autem
812 3323 953 3378 hanc
988 3324 1159 3394 ipsam
1189 3326 1561 3395 captivitatem
1586 3328 1935 3384 vaticinatur.
1962 3328 2173 3401 Sopho.

596 3414 718 3470 nias
764 3430 875 3470 non
931 3424 1047 3471 toto
1077 3426 1325 3487 tempore
1379 3433 1493 3473 sua:
1526 3420 1852 3489 prophetiae,
1892 3422 1988 3476 sed
2022 3432 2175 3491 parte

597 3515 851 3573 tantum,
900 3505 1083 3561 ﬂoruit
1133 3516 1393 3579 regnante
1466 3508 1651 3577 Josia;
1709 3528 1821 3581 quo
1857 3512 2023 3567 etiam
2085 3529 2174 3569 re-

596 3608 800 3669 gnante
830 3596 1102 3655 Jeremias
1120 3600 1405 3657 vaticinari
1438 3601 1752 3672 incipiebat.
1774 3605 1970 3659 Caeteri
1991 3614 2174 3661 autem

598 3689 752 3747 Isaia:
802 3692 1022 3761 quidem
1052 3694 1536 3764 contemporanei,
1589 3696 1684 3751 sed
1727 3697 1979 3752 Samuele
2004 3738 2019 3760 ,
2060 3699 2174 3754 Elia

596 3790 654 3837 et
686 3781 879 3838 Eliszeo
912 3784 1265 3840 recentiores.
1300 3783 1356 3840 ιδ
1390 3802 1456 3841 ex
1479 3801 1546 3841 eo
1594 3795 1747 3858 patet
1796 3789 1941 3858 quod
1981 3790 2175 3846 Elisao

596 3876 852 3931 morienti
881 3876 1053 3932 adfuit
1102 3877 1251 3945 Joas,
1276 3895 1374 3934 rex
1422 3879 1608 3934 Israel.
1652 3881 1708 3935 I—n
1737 3881 1931 3937 diebus
1989 3893 2172 3939 autem

596 3967 923 4033 Jeroboam,
955 3985 1065 4025 non
1096 3970 1191 4025 ﬁlii
1247 3971 1461 4026 Nabath
1488 4011 1504 4037 ,
1539 3973 1634 4028 sed
1685 3972 1780 4029 lilii
1824 3972 1986 4041 Joas,
2035 3976 2175 4031 Osee

596 4061 938 4130 prophetiam
968 4061 1100 4117 edit.
1140 4063 1314 4127 Simul
1338 4079 1463 4118 cum
1493 4081 1559 4120 eo
1621 4063 1925 4121 ﬂoruerunt
1982 4068 2172 4130 Amos.

597 4150 855 4208 IIichteas
888 4162 944 4208 et
967 4152 1171 4219 Isaias;
1219 4155 1364 4211 sicut
1401 4158 1704 4212 enumerati
1746 4158 1801 4212 in
1833 4158 2014 4214 l‘ronte
2061 4160 2173 4214 sin-

595 4244 846 4313 gulorum
875 4246 1177 4315 prophetiae
1206 4260 1365 4319 reges
1390 4249 1636 4304 studiose
1661 4251 1923 4319 quaerenti
1941 4260 1996 4307 et
2022 4267 2175 4308 scru-

597 4336 733 4392 tanti
767 4337 1012 4394 indicare
1080 4348 1332 4409 possunt.
1368 4339 1522 4406 Quod
1551 4352 1735 4398 autem
1770 4344 1927 4399 deest
1951 4345 2174 4415 prologo

594 4430 910 4486 necessario
961 4431 1258 4486 addemus:
1302 4432 1537 4498 scilicet,
1570 4433 1738 4489 Amos
1769 4442 1825 4490 et
1856 4433 1996 4489 Osee
2029 4435 2174 4504 apud

2286 3329 2517 3393 Ἡσαΐας
2548 3345 2627 3392 τε,
2651 3328 2745 3382 καὶ
2776 3326 3063 3397 Ἱερεμίας.
3100 3324 3195 3379 καὶ
3217 3322 3502 3391 Ἰεζεκιὴλ,
3539 3319 3631 3372 καὶ
3656 3312 3817 3383 Δανιὴλ

2274 3422 2562 3490 γεγόνασιν
2582 3437 2597 3450 ⁸
2624 3413 2699 3473 ὦν
2717 3418 2979 3487 Ἰεζεκιὴλ
3011 3417 3107 3487 μὲν
3146 3416 3239 3470 καὶ
3265 3414 3483 3485 Δανιὴλ,
3518 3409 3749 3479 Ἀγγᾶιός
3769 3422 3813 3457 τε

2275 3515 2369 3567 καὶ
2402 3513 2700 3583 Ζαχαρίας,
2736 3512 2833 3581 τῆς
2893 3508 3145 3572 ἁλώσεως
3190 3507 3287 3578 τῆς
3345 3506 3406 3571 ἐξ
3435 3503 3728 3574 Ἀσσυρίων
3757 3498 3813 3566 τῲ

2274 3605 2388 3677 λαῷ
2414 3605 2700 3675 συμϐάσης
2730 3603 2841 3657 τῶν
2870 3602 3160 3665 Ἰουδαίων,
3204 3598 3422 3668 ὕστεροι
3477 3592 3812 3669 προφητεύου·

2277 3715 2382 3751 σιν.
2426 3696 2696 3766 Ἱερεμίας
2723 3695 2780 3748 δὲ
2804 3694 3012 3765 ταύτην
3044 3691 3378 3764 προφητεύει
3413 3690 3514 3760 τὴν
3565 3684 3816 3742 illustri

2276 3787 2535 3856 Σοφονίας
2563 3788 2622 3841 ού
2653 3787 2830 3840 πάντα
2865 3788 2955 3840 τὸν
2989 3786 3181 3856 καιρὸν
3211 3785 3311 3853 τῆς
3343 3785 3695 3853 προφητείας,
3726 3775 3811 3829 ἀλλ’

2275 3878 2383 3931 ἀπὸ
2416 3878 2617 3947 μέρους
2650 3880 3020 3948 συνήκμασεν,
3084 3875 3176 3927 ἐπὶ
3203 3874 3303 3944 τῆς
3326 3871 3537 3926 Ἰωσίου
3584 3866 3811 3941 βασιλείας

2277 3970 2700 4042 προφητεύσαςο
2754 3970 2840 4039 ἐφ’
2895 3962 2958 4022 οὗ
3017 3967 3115 4038 τῆς
3173 3966 3517 4037 προφητείας
3589 3959 3813 4030 Ἱερεμίας

2274 4063 2504 4135 ἤρξαθ’
2531 4064 2579 4117 οί
2596 4062 2772 4116 λοιποὶ
2800 4062 2857 4116 δέ
2886 4062 3105 4115 Ἡσαΐου
3131 4060 3228 4130 μὲν
3259 4058 3572 4127 σύγχρονοι,
3599 4052 3717 4107 ἀλλὰ
3742 4048 3813 4101 καὶ

2275 4154 2551 4225 Σαμουὴλ,
2577 4155 2669 4207 καὶ
2688 4153 2895 4218 Ἠλίου,
2919 4151 3013 4205 καὶ
3045 4149 3352 4204 Ἐλισσαίου
3380 4147 3651 4218 νεώτεροι.
3674 4143 3809 4239 animi

2276 4247 2385 4317 γὰρ
2412 4247 2507 4315 ἀφ’
2559 4239 2633 4302 ὧν
2671 4244 2748 4314 τῷ
2784 4245 2883 4315 μὲν
2928 4242 3220 4312 Ἐλισσαίῳ
3252 4240 3436 4312 παρῆν
3493 4238 3644 4300 Ἰωᾶς
3684 4236 3811 4287 ὀτοῠ

2276 4337 2489 4410 Ἰσραὴλ
2519 4338 2794 4408 βασιλεὺς,
2820 4337 2911 4390 τὸν
2944 4336 3057 4407 βίον
3091 4334 3481 4406 μεταλλάττει·
3512 4334 3570 4384 ἐν
3615 4326 3809 4399 ἡμέραις

2274 4432 2332 4486 δὲ
2363 4432 2741 4504 Ἰεροϐοὰμ,ού
2763 4430 2859 4484 τοῦ
2885 4430 3001 4483 υίοῦ
3025 4429 3235 4491 Ναυὰτ,
3262 4426 3398 4481 ἀλλὰ
3418 4424 3515 4479 τοῦ
3539 4423 3652 4478 υίοῧ
3670 4420 3804 4478 Ἰωᾶς.

591 4522 837 4579 Judaeum
886 4532 941 4578 et
1000 4521 1301 4578 Samariam
1355 4524 1823 4594 pr0phetaverunt
1868 4544 1883 4582 :
1944 4537 2001 4582 et
2049 4528 2173 4584 ideo

2288 4524 2451 4594 Ὠσηέ
2501 4524 2603 4593 τὴν
2660 4523 3002 4595 προφητείαν
3056 4522 3370 4575 ἐκτίθεται⁸
3428 4518 3605 4589 τούτῳ
3648 4515 3699 4567 δὲ
3739 4510 3807 4563 καὶ

594 4616 735 4671 inter
800 4630 957 4687 reges
1028 4613 1185 4671 Judze
1246 4614 1583 4682 Jeroboam,
1652 4618 1745 4688 qui
1807 4618 1997 4675 decem
2071 4623 2170 4676 tri-

590 4706 760 4763 buum
798 4708 962 4763 Israel
1008 4717 1381 4778 separatarum
1430 4710 1605 4766 tenuit
1640 4720 1939 4782 sceptrum.
1987 4730 2162 4769 annu-

595 4805 829 4852 merant.
868 4797 1022 4852 Patet
1050 4806 1235 4853 autem
1266 4799 1541 4853 Amasiam
1602 4801 1939 4857 sacerdotem
1974 4803 2167 4860 Bethel

591 4885 712 4943 haec
741 4888 808 4943 ad
835 4887 1003 4944 Amos
1025 4888 1260 4945 dixisse:
1298 4910 1315 4942 ι
1340 4889 1650 4960 Trasmigra
1708 4892 1762 4945 in
1807 4901 2003 4950 terram
2028 4897 2167 4952 Juda

594 4986 652 5033 et
696 4977 768 5033 ibi
807 4979 927 5032 vive
955 5020 971 5045 ,
1004 4988 1060 5035 et
1087 4980 1163 5035 ibi
1230 4982 1619 5052 prophetabis:
1653 4982 1711 5038 In
1750 4983 1937 5042 Bethel
1986 4999 2165 5043 autem

598 5084 709 5123 non
737 5070 984 5140 adjicias.
1019 5092 1038 5125 ι
1077 5068 1354 5142 Quotquot
1379 5082 1561 5129 autem
1584 5074 1783 5131 futurae
1815 5065 2015 5133 Iudaea:
2036 5096 2166 5149 pro-

599 5161 842 5231 phetiam
899 5164 1367 5234 praedicaverunt,
1403 5167 1458 5222 hi
1485 5168 1663 5223 solum
1721 5185 1878 5242 reges
1943 5172 1999 5226 in
2042 5190 2163 5228 eam

594 5265 887 5326 regnantes
916 5268 1360 5314 commemorant.

594 5349 817 5423 Ἰσραὴλ
849 5351 1123 5421 βασιλείας
1172 5353 1446 5424 ἐσχηκότα
1483 5340 1815 5421 συνέταξανθ
1844 5332 2004 5426 δῆλον
2044 5357 2101 5412 δὲ
2129 5358 2210 5413 ὅτι

2289 4614 2470 4688 Ἀμὼς
2495 4618 2589 4671 καὶ
2615 4616 2854 4687 Μιχαίας
2885 4616 2979 4670 καὶ
3018 4614 3245 4678 Ἡσαΐας
3281 4614 3665 4685 συνήκμασαν·
3692 4606 3752 4666 ὡς
3769 4601 3809 4653 οἱ

2275 4710 2712 4780 προτεταγμένοι
2770 4712 2872 4778 τῆς
2932 4708 3164 4762 ἑκάστου
3218 4703 3557 4776 προφητείας
3608 4696 3805 4771 βασιλεῖς

2275 4802 2563 4856 παιδεῦσαι
2594 4802 2684 4855 τὸν
2716 4802 2824 4856 ἀπὸ
2854 4800 3089 4869 σπουδῆς
3129 4797 3442 4870 μελετῶντά
3468 4813 3528 4849 τε
3564 4795 3651 4848 καὶ
3665 4790 3802 4858 ψηλα-

2274 4895 2460 4964 φῶντα
2482 4895 2759 4951 δύνανται.
2793 4896 2971 4966 Ὅπερ
3001 4895 3057 4947 δὲ
3087 4893 3274 4946 λοιπόν
3303 4893 3422 4944 ἐστι
3460 4890 3539 4959 τῷ
3575 4883 3804 4956 προλόγῳ,

2272 4988 2586 5057 ἀναγκαίως
2621 4987 3002 5059 προσθήσομεν
3025 5003 3039 5017 ο
3077 4984 3151 5048 ὡς
3176 4981 3359 5055 Ἀμὼς
3389 4982 3483 5035 καὶ
3519 4979 3666 5046 Ὠσηὲ
3696 4971 3801 5027 κατὰ

2271 5078 2369 5150 τὴν
2394 5078 2654 5134 Ἰουδαίαν
2678 5080 2772 5131 καὶ
2803 5078 3115 5148 Σαμάρειαν
3135 5074 3609 5145 προφητεύσαντες
3630 5069 3797 5133 έτυκθνο

2271 5174 2366 5227 καὶ
2400 5176 2592 5228 τούτου
2645 5173 2805 5245 χάριν
2851 5175 2961 5234 τοῖς
2997 5169 3279 5241 βασιλεῦσι
3319 5167 3417 5237 τῆς
3456 5164 3703 5222 Ἰουδαίας
3733 5156 3803 5255 τδγ

2283 5267 2564 5339 Ὶεροϐοὰμ
2591 5268 2683 5320 τὸν
2704 5266 2770 5320 τὰ
2789 5265 2923 5318 δέκα
2951 5264 3207 5332 σκῆπτρα
3240 5261 3339 5328 τῆς
3362 5255 3728 5328 ἀφορισθείσης
3744 5264 3801 5313 τῖε)

2253 5362 2523 5431 Ἀμασίας
2553 5363 2582 5415 ό
2632 5362 2811 5429 ἱερεὺς
2842 5359 3043 5429 Βαιοὴλ
3090 5356 3317 5410 τοιαῦτα
3359 5354 3495 5424 πρὸς
3542 5352 3623 5404 τὸν
3652 5340 3796 5413 Ἀμὼς

592 5440 895 5511 ἐφθέγξατο
922 5454 940 5470 ⁸
980 5440 1365 5513 «Ἐκχὼρησον
1400 5447 1480 5508 εἰς
1523 5446 1627 5514 γῆν
1667 5444 1874 5509 Ἰούδα,
1935 5448 2027 5502 καὶ
2073 5451 2189 5503 ἐκεῖ
2240 5452 2536 5518 καταϐίου,
2590 5453 2682 5505 καὶ
2714 5454 2831 5505 ὲκεί
2887 5448 3309 5521 προφητεύσεις.
3344 5468 3365 5498 ι
3415 5446 3509 5509 El;
3552 5444 3600 5496 δὲ
3631 5432 3794 5501 Bal”)

593 5536 776 5593 οὐκέτι
811 5536 1055 5608 προσθῇς
1080 5554 1095 5570 ο
1126 5542 1240 5594 ὅσοι
1270 5537 1326 5591 δὲ
1370 5538 1471 5610 τῆς
1508 5538 1773 5604 ἰουδαίας
1804 5541 2067 5614 ἐσομένης
2109 5544 2208 5615 τὴν
2248 5546 2582 5618 προφητείαν
2627 5544 2921 5617 ἐκήρυξαν,
2954 5537 3098 5597 οὗτοι
3123 5542 3284 5614 μόνον
3304 5540 3415 5595 τῶν
3431 5542 3489 5593 ἐν
3519 5537 3645 5607 αὐτῇ
3670 5532 3790 5601 βασι·

592 5629 901 5686 λευσάντων
932 5631 1262 5700 μέμνηνται.
