4032 6444
242 407 380 474 1345

492 549 842 608 ΚΕΦΛΛΑΙᾹ
877 556 955 627 (5)
990 558 1165 613 ΩΣΗΕ
1195 560 1586 617 ΠΡΟΦΗΤΟΥ.

307 668 378 719 α’.
404 662 583 721 Εἰκὼν
620 669 719 739 τῆς
742 669 849 724 τῶν
900 671 1172 728 Ἰουδαίων
1218 675 1566 746 συναγωγῆς,
1620 675 1680 742 ἐξ
1706 670 1773 750 ἧς
1800 676 1830 729 ὁ

237 757 476 829 Χριστὸς
493 759 551 813 τὸ
568 764 708 815 κατά
742 763 919 835 σάρκα
947 765 1191 821 τίκτεται
1212 784 1226 798 ’
1254 769 1348 821 καὶ
1382 768 1512 823 λαοῦ
1544 769 1603 823 τὸ
1634 769 1731 840 μὲν
1770 770 1828 823 ἐν

237 853 469 1007 Ξπιστίᾳ
509 853 744 925 ἔμεινεν,
775 857 834 911 τὸ
856 858 912 913 δὲ
966 859 1191 933 ὕστερον
1219 862 1538 934 ἐπιστρέφει
1583 864 1676 918 καὶ
1721 863 1828 917 σώ-

274 962 413 1001 εται.

274 962 413 1001 εται.

321 1056 386 1129 β’.
415 1060 642 1132 ’Δπειλὴ
666 1062 807 1116 κατά
832 1063 933 1135 τῆς
972 1065 1297 1137 συναγωγῆς
1317 1105 1332 1130 ,
1362 1067 1443 1123 ὅτι
1470 1067 1689 1123 πάντων
1718 1070 1827 1125 τῶν

234 1151 501 1207 δοθέντων
525 1154 664 1225 αὐτῇ
692 1154 843 1226 παρά
867 1156 1004 1210 Θεοῦ
1035 1157 1276 1226 ἀγαθῶν,
1324 1159 1463 1215 ἀλλά
1485 1162 1580 1215 καὶ
1612 1156 1688 1216 ὧν
1709 1164 1825 1217 ἔδοι

234 1242 333 1311 ξεν
359 1245 424 1299 ἐκ
446 1245 556 1299 τῶν
584 1246 820 1301 εἰδώλων
856 1248 1024 1320 ἔχειν,
1057 1251 1504 1323 γυμνωθήσεται.

308 1342 378 1405 γ’.
400 1338 733 1411 Πρόρρησις,
760 1341 909 1405 ὅπως
933 1344 966 1413 ή
987 1342 1088 1413 μὲν
1109 1343 1409 1418 Συναγωγή
1427 1346 1535 1400 τῶν
1554 1347 1825 1402 Ἰουδαίων

230 1428 606 1494 ταπεινοῦται,
632 1432 726 1485 καὶ
741 1433 839 1503 τῆς
868 1433 1114 1498 δουλείας
1132 1435 1232 1505 τῆς
1252 1435 1362 1490 τῶν
1394 1436 1630 1492 εἰδώλων
1651 1439 1826 1493 παύε-

231 1538 327 1574 ται
347 1537 361 1550 ·
388 1521 439 1574 οἰ
479 1521 538 1589 ἐξ
557 1523 731 1594 αὐτῆς
760 1524 818 1578 δὲ
873 1525 1267 1593 πιστεύσαντες
1309 1532 1703 1601 κοινωνήσουσι
1729 1534 1826 1603 τῆς

230 1613 368 1677 νέας
398 1612 685 1686 διαθήκης,
719 1617 814 1672 καὶ
843 1617 953 1670 τῶν
979 1619 1039 1673 ἐν
1063 1619 1285 1692 Χριστῷ
1337 1624 1658 1695 μυστηρίων
1711 1628 1825 1690 τοῖς

230 1704 436 1761 ἔθνεσι.

306 1820 369 1875 δ’.
399 1823 719 1896 Κατηγορία
739 1828 838 1898 τῆς
866 1828 1319 1900 Συναγωγῆς,δτι
1348 1831 1503 1902 παρά
1525 1832 1660 1887 Θεοῦ
1687 1834 1823 1903 ἀγα.

232 1912 466 1984 σπωμένη
494 1919 607 1980 τοῖς
645 1917 890 1983 εἰδώλοις
943 1922 1296 1995 προσέδραμε
1316 1941 1332 1957 ·
1363 1926 1459 1979 καὶ
1490 1925 1816 1999 πρόρρησις,
1852 1904 1894 1960 Β

230 2004 388 2069 ὅπως
416 2005 729 2079 ὁλοκλήρως
755 2010 894 2083 αὐτῇ
926 2014 997 2069 τὰ
1032 2014 1132 2085 τῆς
1163 2015 1398 2087 ἀρχαίας
1419 2017 1692 2083 πολιτείας
1716 2021 1817 2093 ἀρ-

229 2096 403 2170 γήσῃ,
427 2099 562 2170 αὐτὴ
586 2100 644 2154 δέ
676 2103 980 2178 ἐπιστρέψῃ
1015 2107 1151 2179 πρὸς
1181 2108 1271 2163 τὸν
1294 2110 1531 2180 Χριστὸν
1552 2114 1633 2176 εἰς
1662 2112 1819 2168 ὓστε-

235 2204 353 2259 ρον.

305 2312 366 2361 εν.
400 2308 664 2379 Διήγησις
701 2304 776 2364 ὧν
795 2313 823 2365 ό
849 2312 975 2378 λαὸς
1006 2314 1117 2367 τῶν
1145 2315 1416 2372 Ἰουδαίων
1442 2321 1535 2374 καὶ
1555 2319 1603 2373 οἱ
1631 2320 1819 2375 τούτου

235 2397 404 2467 ἱερεῖς
424 2399 660 2468 ἠσέϐουν
686 2403 779 2455 καὶ
802 2403 1146 2475 ἡμάρτανον.

310 2490 384 2555 ς’.
412 2492 733 2566 Κατηγορία
758 2498 867 2549 τῶν
895 2497 1203 2553 Ἰουδαϊκῶν
1228 2502 1508 2573 ἀρχόντων
1528 2521 1540 2534 ·
1564 2506 1642 2560 ὅτι
1670 2506 1822 2579 παρά

230 2582 337 2653 τὴν
365 2584 548 2639 αὐτῶν
576 2588 755 2640 αἰτίαν
783 2590 810 2641 ὀ
858 2588 987 2653 λαὸς
1035 2590 1414 2664 ἐξημάρτανεο
1444 2597 1538 2650 καὶ
1581 2597 1821 2667 γνησίως

236 2676 340 2746 μὲν
358 2678 494 2748 πρὸς
519 2679 612 2732 τδν
640 2679 774 2733 Θεὸν
825 2682 926 2735 οὐκ
955 2684 1312 2756 ἐπέστρεφον,
1363 2690 1501 2758 μετά
1531 2688 1736 2745 θυσιῶν
1767 2691 1824 2745 δὲ

231 2768 399 2821 αὑτὸν
422 2769 633 2840 ἀλόγων
668 2771 876 2842 ἐζήτει,
908 2775 1001 2828 καὶ
1022 2770 1109 2830 διά
1133 2776 1292 2831 τοῦτο
1318 2779 1416 2850 οὐχ
1446 2778 1699 2854 ηὕρισκε.

308 2880 375 2946 ζ’.
404 2884 762 2957 Πρόσταγμα,
814 2889 1157 2960 κηρυχθῆναι
1206 2888 1296 2946 οἷα
1342 2894 1370 2945 δ
1424 2892 1551 2960 λαδς
1584 2895 1684 2967 μὲν
1716 2896 1825 2951 τῶν

230 2972 510 3031 Ἰουδαίων
540 2979 878 3053 ἐξήμαρτεν
930 2984 959 3036 ό
990 2984 1225 3054 Χριστὸς
1256 2984 1314 3038 δὲ
1356 2984 1444 3038 διὰ
1473 2985 1572 3039 τοῦ
1610 3005 1824 3060 μυστη-

236 3064 359 3138 ρίου
392 3069 487 3122 καί
510 3070 610 3140 τῆς
642 3072 997 3139 ἀναστάσεως
1025 3075 1121 3130 καὶ
1144 3076 1246 3148 τῆς
1279 3076 1600 3150 ἀναλήψεως
1630 3081 1728 3153 τῆς
1746 3083 1825 3148 εἰς

230 3158 498 3231 οὐρανοὺς
528 3161 782 3233 ἔπραξεν.
1794 3167 1799 3171 ’

306 3282 379 3344 η’.
422 3277 687 3343 Ἔνδειξις
707 3279 805 3351 τῆς
841 3279 937 3334 τοῦ
960 3279 1097 3345 Θεοῦ
1129 3283 1565 3355 φιλανθρωπίας,
1602 3287 1700 3342 καὶ
1727 3289 1827 3361 τῆς

233 3367 350 3420 τῶν
380 3370 653 3425 Ἰουδαίων
711 3372 1145 3445 ἀγνωμοσύνης
1187 3376 1282 3430 καὶ
1317 3380 1641 3450 παραίνεσις
1691 3382 1827 3453 πρὸς

235 3460 461 3528 αὐτοὺς,
487 3462 704 3529 ἴνατοῖς
743 3464 921 3520 ἔθνεσι
942 3467 1043 3537 τῆς
1078 3469 1421 3540 ἐπιστροφῆς
1450 3472 1545 3525 καί⁵
1584 3472 1685 3543 τῆς
1735 3473 1827 3539 ἐξ·

236 3551 623 3626 ομολογήσεως
649 3555 729 3629 τῷ
747 3557 918 3631 λῃστῇ
932 3559 1010 3631 τῷ
1039 3560 1184 3616 κατά
1204 3562 1296 3616 τδν
1318 3563 1517 3636 καιρὸν
1540 3566 1635 3619 τοῦ
1660 3584 1826 3622 σταυ-

239 3646 339 3719 ροῦ
368 3648 597 3703 σωθέντι
622 3652 1018 3722 κοινωνήσωσι.

310 3739 377 3797 θ’.
404 3742 731 3814 Κατηγορία
778 3744 873 3798 τοῦ
900 3744 1159 3816 αἰσθητοῦ
1206 3745 1447 3821 Ἰσραὴλ,
1487 3750 1590 3805 ὅσα
1621 3753 1703 3816 εἰς
1735 3752 1828 3809 τὸν

236 3835 478 3905 Χριστὸν
497 3836 771 3909 διαφόρως
804 3835 1114 3910 ἐξήμαρτεο
1162 3842 1257 3894 καὶ
1296 3843 1378 3897 δτι
1414 3844 1828 3918 παλαιωθείσης

239 3925 425 3979 αὐτῶν
446 3928 546 3991 τῆς
570 3926 847 3992 πολιτείας
862 3927 962 3981 οὐκ
987 3929 1310 3999 ᾐσθάνοντο,
1333 3931 1616 4002 ἐζήλωσαν
1638 3934 1698 3988 δὲ
1720 3934 1830 3988 τῶν

236 4017 414 4072 ἐθνῶν
455 4019 554 4090 τὴν
584 4019 819 4091 ἀρχαίαν
850 4020 1130 4091 ἀσέϐειαν,
1184 4022 1300 4076 ἀνθ’
1325 4016 1402 4078 ὧν
1427 4025 1612 4089 αὐτοῖς
1639 4025 1832 4079 ταπεί-

235 4127 409 4165 νωσιν
435 4112 723 4183 ἠπείλησε.
894 4124 897 4125 ⁷

318 4211 368 4259 ι’.
409 4205 622 4277 Θρῆνος
649 4206 747 4260 τοῦ
778 4206 907 4260 λαοῦ
937 4206 1045 4261 τῶν
1080 4207 1372 4271 Ἰουδαίων,
1392 4206 1481 4264 οἷα
1516 4210 1613 4280 μὲν
1639 4211 1721 4276 εἰς
1739 4211 1832 4266 τὸν

236 4296 377 4349 Θεὸν
415 4295 745 4369 ἐξήμαρτεν,
780 4291 870 4351 οἷα
913 4297 971 4351 δὲ
1012 4299 1142 4371 παρ’
1165 4300 1337 4353 αὑτοῦ
1384 4300 1789 4373 ἐπαιδεύθησαν
1813 4319 1828 4334 °

238 4389 343 4443 καὶ
365 4390 513 4453 ὅπως
543 4390 634 4445 διά
657 4391 759 4463 τήν
785 4390 998 4464 πλάνην
1029 4392 1135 4446 τῶν
1162 4391 1396 4447 εἰδώλων
1426 4394 1699 4466 ἀπόληται
1737 4396 1835 4450 αὑ-

234 4479 354 4534 τῶν
384 4482 413 4534 ὁ
436 4480 560 4544 ναὸς
606 4481 699 4535 καὶ
744 4481 778 4553 ή
822 4479 1005 4553 χώρα·
1033 4482 1127 4534 καὶ
1171 4480 1316 4552 ἅπερ
1342 4481 1533 4536 ἐλαϐον
1564 4484 1715 4556 παρὰ
1737 4484 1832 4539 τοῦ

236 4572 381 4627 Θεοῦ
406 4574 636 4646 νόμιμα.

318 4694 409 4743 ια’.
446 4688 781 4757 Ἀπόγνωσις
809 4688 908 4760 τῆς
941 4689 1239 4761 Ἰουδαϊκῆς
1269 4691 1465 4763 χαρᾶς,
1495 4690 1610 4745 ἀνθ’
1638 4684 1712 4745 ὧν
1736 4710 1829 4763 μι-

241 4782 557 4854 μησάμενοι
582 4781 692 4837 τῶν
719 4782 890 4836 ἐθνῶν
924 4782 1024 4855 τὴν
1065 4781 1343 4849 ἀσέϐειαν,
1370 4782 1469 4847 τάς
1513 4782 1705 4847 θυσίας
1732 4786 1828 4837 τοῦ

237 4874 384 4928 Θεοῦ
414 4875 509 4929 καὶ
533 4876 630 4940 τάς
655 4875 889 4939 σπονδὰς
911 4874 1198 4945 ἐμόλυναν,
1223 4875 1319 4929 καὶ
1342 4874 1443 4946 τήν
1462 4874 1574 4929 τῶν
1592 4872 1829 4930 εἰδώλων

242 4969 461 5043 πλάνην
489 4970 570 5035 εἰς
597 4969 688 5023 τὸν
720 4969 849 5023 ναὸν
877 4969 1193 5041 εἰσήγαγον.

317 5081 407 5152 ιβ’.
432 5081 623 5145 Ὀπως
638 5080 733 5136 τὸν
764 5080 982 5152 Ἰσραὴλ
1009 5080 1308 5152 ἀγαπητῶς
1330 5080 1504 5147 δΘεὺς
1529 5081 1830 5150 ἐξελέξατο,

241 5170 404 5226 αὐτοὶ
427 5171 485 5225 δέ
504 5171 747 5237 εἰδώλοις
774 5171 1174 5244 προσέδραμον,
1202 5170 1408 5226 καὶτοῦ
1429 5171 1564 5225 Θεοῦ
1588 5171 1687 5243 τῆς
1709 5172 1832 5226 δου-

240 5263 398 5327 λείας
424 5264 764 5335 ἀπέστησαν,
795 5264 891 5317 καὶ
910 5263 1031 5317 οὐδὲ
1051 5262 1110 5329 ἐξ
1132 5262 1312 5316 αὐτῶν
1339 5263 1431 5317 τὸν
1447 5264 1684 5334 Χριστὸν
1709 5282 1836 5336 σαρ-

242 5356 497 5413 διωθεῖντα
524 5358 861 5429 ᾐδέσθησαν·
893 5357 1017 5410 ὅθεν
1047 5356 1230 5420 αὐτοῖς
1263 5354 1375 5426 ἀρά
1402 5355 1708 5428 ἀκαρπίας,
1737 5357 1833 5411 καὶ

241 5450 347 5521 τῆς
378 5452 459 5516 εἰς
487 5452 557 5505 τὰ
587 5450 718 5524 ἔθνη
745 5450 1047 5522 διασπορᾶς
1079 5449 1371 5519 ἐπάγεται.

1306 418 1389 479 ΙΝ
1426 419 1542 482 ΧΠ
1581 418 2030 483 PROI‘HETAS
2068 420 2435 485 MINORES.

1853 546 1901 602 Α

3374 418 3512 487 1346

2285 564 2536 621 CAPITA
2568 563 2747 621 OSEE
2788 562 3200 620 ΡΒΟΡΗΕΤᾸΞ.

1998 678 2041 734 i.
2085 677 2299 751 Etligies
2324 680 2615 753 Synagogae
2641 679 2955 737 Judaeorum
2995 697 3057 736 ex
3110 696 3216 750 qua
3253 680 3507 737 Christus

1928 772 2229 827 secundum
2266 787 2489 828 carnem
2540 774 2807 835 nascitur,
2844 782 2900 828 et
2926 773 3112 845 populi
3146 769 3166 846 [
3198 772 3290 843 qui
3325 771 3344 845 ]
3393 771 3509 843 pri-

1929 880 2077 919 mum
2123 865 2343 936 quidem
2396 864 2451 920 in
2504 866 2890 922 incredulitate
2952 865 3272 937 permansit,
3319 873 3509 937 postea

1926 972 2058 1012 vero
2095 974 2155 1012 se
2192 959 2463 1014 convertit
2489 968 2544 1014 et
2581 959 2841 1015 salvatur.

1998 1067 2065 1124 ll.
2111 1068 2270 1125 Mina:
2330 1071 2597 1126 adversus
2640 1069 3001 1143 Synagogam,
3057 1069 3268 1125 scilicet
3324 1069 3508 1125 omni-

1925 1161 2030 1216 bus
2090 1176 2119 1216 a
2173 1162 2282 1218 Deo
2314 1164 2556 1235 acceptis
2585 1164 2748 1220 bonis
2771 1204 2789 1230 ,
2824 1163 2955 1234 quin
2983 1163 3152 1219 etiam
3198 1162 3268 1217 iis
3290 1177 3412 1233 qua:
3436 1161 3507 1217 ab

1926 1254 2086 1311 idolis
2112 1256 2361 1313 obtinere
2390 1258 2492 1314 sibi
2507 1259 2620 1314 visa
2648 1267 2753 1325 est,
2788 1259 3046 1315 nudatam
3066 1258 3151 1314 iri.

1999 1348 2087 1404 Ill.
2135 1350 2430 1409 Praedictio
2487 1353 2763 1423 quomodo
2836 1352 3153 1409 Judaeorum
3224 1351 3507 1423 Synagoga

1927 1440 2266 1505 humiliatur,
2295 1454 2353 1498 et
2386 1458 2419 1499 a
2453 1445 2718 1500 servitute
2772 1445 3037 1500 idolorum
3087 1445 3368 1500 liberatur.
3402 1442 3507 1511 Qui

1926 1549 1993 1588 ex
2023 1549 2088 1589 ea
2117 1534 2454 1590 crediderint
2512 1536 3000 1593 communicabunt
3067 1552 3194 1593 cum
3253 1536 3508 1609 gentibus

1926 1642 2123 1682 novum
2158 1627 2338 1683 foedus
2368 1636 2425 1683 et
2474 1628 2529 1682 in
2565 1628 2784 1684 Christo
2826 1629 3105 1700 mysteria.

1997 1839 2089 1895 IV.
2130 1839 2423 1895 Arcusatio
2463 1838 2782 1912 Syuagogaa,
2814 1838 2980 1910 quod.
3018 1853 3140 1894 cum
3178 1855 3208 1895 a
3240 1838 3351 1895 Deo
3379 1839 3506 1895 dili-

1923 1940 2141 2004 geretur
2169 1974 2183 1996 ,
2224 1933 2291 1987 ad
2333 1932 2476 1987 idola
2520 1947 2581 1987 se
2634 1930 2952 1987 contulerit.
2970 1931 3038 1986 Et
3060 1932 3339 2001 praedictio
3366 1947 3504 2001 quo-

1922 2025 2086 2080 modo
2116 2040 2275 2080 suum
2328 2025 2401 2079 illi
2430 2026 2711 2095 antiquum
2757 2024 2998 2096 regimen
3037 2024 3260 2079 omnino
3293 2023 3505 2079 irritum

1923 2120 2055 2186 ﬁet;
2091 2119 2206 2190 ipsa
2239 2132 2373 2173 vero
2409 2132 2466 2173 se
2495 2126 2779 2174 convertet
2808 2124 2993 2188 postea
3032 2117 3099 2172 ad
3140 2116 3447 2172 Christum.

1992 2306 2059 2361 ν.
2099 2304 2359 2361 Narratio
2387 2321 2579 2361 eorum
2607 2305 2663 2360 in
2697 2305 2898 2375 quibus
2920 2304 3235 2361 Judzeorum
3270 2305 3507 2376 populus

1922 2408 1977 2454 et
2003 2400 2123 2469 ejus
2150 2398 2461 2453 sacerdotes
2497 2396 2662 2467 impie
2685 2405 2911 2468 egerun'
2940 2406 2996 2451 et
3024 2406 3407 2466 peccaverunt.

1994 2491 2081 2547 VI.
2134 2490 2427 2546 Accusatio
2469 2488 2784 2545 Judmorum
2840 2487 3150 2558 principum
3176 2529 3190 2554 ,
3228 2488 3371 2558 quod
3413 2504 3509 2558 per

1924 2600 2113 2640 eorum
2156 2585 2375 2654 culpam
2401 2582 2636 2653 populus
2666 2582 2947 2651 peccavit,
2984 2596 3087 2634 nec
3118 2582 3355 2651 ingenue
3387 2581 3509 2649 qui-

1924 2679 2045 2733 dem
2081 2677 2147 2733 ad
2185 2677 2357 2732 Deum
2423 2691 2481 2730 se
2514 2675 2808 2740 convertit;
2840 2674 2937 2729 sed
2970 2689 3094 2727 eum
3156 2688 3279 2728 cum
3333 2672 3507 2744 illegi-

1926 2770 2073 2825 limis
2118 2769 2354 2825 victimis
2405 2767 2603 2840 quaerit
2657 2775 2714 2822 et
2739 2774 3028 2837 propterea
3061 2781 3171 2819 non
3206 2765 3434 2820 invenit.

1995 2886 2107 2941 Vll.
2147 2884 2330 2942 Jussio
2356 2895 2415 2941 ut
2470 2885 2828 2940 denuntietur
2864 2897 2985 2952 qua:
3014 2882 3250 2952 populus
3289 2879 3509 2938 Judaeu-

1927 2994 2046 3035 rum
2095 2977 2440 3050 peccaverit;
2472 2992 2593 3047 qu:e
2651 2985 2836 3032 autem
2892 2976 3153 3032 Christus
3197 2990 3296 3047 per
3328 2988 3511 3029 resur-

1926 3073 2189 3130 rectionis
2220 3081 2276 3128 et
2302 3069 2637 3127 ascensionis
2654 3069 2972 3143 mysterium
2995 3068 3261 3125 eﬂ‘ecerit.

1850 3242 1896 3301 θ
1999 3278 2140 3334 vui.
2184 3278 2596 3335 Demonstratio
2664 3278 2834 3334 divini
2876 3276 2931 3332 in
2999 3276 3252 3332 homines
3306 3275 3512 3331 amoris

1926 3369 2351 3441 Judaeorumque
2402 3369 2741 3426 immemoris
2775 3368 2965 3425 animi.
3013 3367 3080 3423 Et
3112 3369 3179 3423 ad
3228 3368 3371 3439 ipsos
3415 3383 3513 3423 ex-

1928 3462 2166 3519 hortatio
2198 3471 2259 3517 ut
2281 3462 2526 3536 gentium
2544 3460 2925 3518 conversionis
2954 3470 3011 3516 et
3031 3458 3261 3516 latronis
3290 3460 3347 3517 in
3373 3470 3513 3515 tem-

1928 3570 2062 3626 pore
2084 3553 2264 3609 crucis
2288 3552 2481 3610 salvati
2510 3552 2810 3624 participes
2837 3550 2991 3607 ﬁant.

1999 3742 2093 3798 IX.
2133 3741 2427 3799 Accusatio
2456 3741 2723 3798 adversus
2767 3739 3080 3796 sensualem
3115 3737 3282 3795 Israel
3303 3739 3516 3796 scilicet

1928 3846 2062 3907 quot
2095 3845 2153 3891 et
2204 3843 2411 3906 quanta
2459 3834 2514 3890 in
2557 3833 2838 3890 Christum
2899 3834 3236 3904 peccaverit,
3272 3841 3330 3888 et
3365 3832 3514 3903 quod

1929 3924 2273 3994 antiquatum
2301 3938 2462 3980 suum
2490 3923 2736 3995 regimen
2789 3937 2901 3978 non
2935 3922 3192 3987 senserit,
3223 3922 3321 3978 sed
3342 3937 3517 3978 armu-

1930 4016 2073 4072 latus
2106 4015 2175 4070 sit
2202 4014 2448 4086 gentium
2480 4014 2766 4093 antiquam
2797 4013 3132 4084 impietatem
3158 4055 3173 4081 ,
3238 4029 3339 4083 pro
3391 4012 3516 4084 qui-

1931 4108 2035 4165 bus
2081 4107 2405 4163 criminibus
2443 4106 2877 4162 humiliationem
2926 4105 3067 4176 ipsis
3099 4107 3369 4161 minatur.

2003 4199 2073 4254 X.
2116 4197 2460 4254 Lamentatio
2488 4199 2674 4269 pOpuli
2694 4196 3032 4262 Judaeorum,
3066 4207 3271 4269 quanta
3292 4198 3514 4269 quidem

1933 4294 1991 4348 in
2024 4293 2196 4348 Deum
2232 4290 2563 4363 peccaverit,
2600 4290 2823 4361 quantis
2850 4305 2984 4346 vero
3010 4290 3083 4346 ab
3140 4291 3263 4361 ipso
3316 4291 3518 4347 multa-

1935 4395 2023 4440 tus
2070 4385 2162 4451 sit,
2215 4392 2272 4439 et
2302 4383 2578 4453 quomodo
2632 4390 2856 4452 propter
2914 4381 3236 4438 idololatriae
3272 4397 3517 4438 errorem

1934 4479 2203 4553 perierint
2228 4493 2420 4533 eorum
2456 4477 2722 4549 templum
2752 4486 2807 4533 et
2838 4477 3040 4544 locum,
3065 4484 3123 4533 et
3170 4492 3296 4548 qua
3324 4492 3354 4531 a
3406 4477 3519 4532 Deo

1863 4598 1909 4655 ι)
1937 4571 2251 4642 acceperint
2280 4568 2491 4641 lcgalia.

2006 4685 2101 4741 XI.
2143 4681 2391 4740 Deiectio
2422 4680 2737 4737 Iudaeorum
2770 4679 2975 4753 gaudii,
3014 4690 3069 4734 et
3097 4695 3163 4734 es
3194 4678 3340 4749 quod
3381 4692 3517 4749 gen-

1939 4778 2074 4834 tium
2110 4775 2449 4847 impietatem
2481 4773 2725 4836 imitati,
2780 4772 2876 4827 Dei
2911 4769 3199 4826 sacriliicia
3256 4777 3314 4824 et
3368 4768 3519 4824 obla-

1938 4874 2115 4929 tiones
2138 4868 2631 4927 contaminaverint
2655 4875 2712 4921 et
2740 4865 3009 4921 idolorum
3033 4878 3276 4918 errorem
3305 4863 3361 4916 in
3388 4870 3523 4916 tem-

1935 4965 2088 5036 plum
2129 4961 2554 5018 introduxerint.

2008 5077 2123 5134 XII.
2171 5078 2457 5146 Quomodo
2492 5076 2656 5133 Israel
2712 5076 2855 5132 Deus
2886 5074 3048 5131 unice
3104 5073 3210 5129 sibi
3242 5069 3466 5144 elegerit
3497 5085 3514 5138 ;

1932 5173 2036 5243 ipsi
2102 5188 2235 5228 vero
2317 5173 2387 5229 ad
2435 5171 2727 5227 simulacra
2792 5176 3157 5225 cucurrerunt
3238 5174 3294 5220 et
3345 5179 3375 5218 a
3418 5162 3515 5218 Dei

1932 5266 2198 5325 servitute
2215 5264 2586 5327 desciverunt,
2606 5278 2708 5317 nec
2737 5263 2879 5316 inter
2902 5276 2996 5315 eos
3018 5258 3302 5315 Christum
3334 5257 3514 5311 incar-

1932 5366 2121 5413 natum
2156 5358 2379 5414 reveriti
2407 5366 2577 5422 sunt;
2610 5354 2755 5412 unde
2787 5354 2923 5427 ipsis
2951 5353 3277 5425 imprecatio
3310 5348 3515 5406 sterili-

1932 5450 2058 5506 tatis
2093 5460 2151 5507 et
2187 5450 2243 5505 in
2273 5459 2464 5523 gentes
2492 5449 2855 5521 dispersionis
2889 5447 3188 5503 inducitur.

1782 5620 2017 5684 NOTAE.

320 5770 398 5845 (5)
449 5750 771 5843 Raeti/tata.
805 5769 947 5827 Cum
1011 5768 1097 5826 his
1145 5766 1384 5826 conferri
1424 5777 1659 5842 possunt
1710 5767 1801 5825 illa
1841 5769 2089 5841 Eusebii,
2129 5785 2251 5844 quae
2301 5770 2569 5844 Procopio
2600 5769 2827 5828 Parisiis
2878 5768 3025 5826 edito
3073 5767 3128 5824 in
3171 5764 3364 5825 lsaiam
3386 5772 3515 5845 sunt

245 5860 489 5916 przuxa.
