  <div class='ocr_page' id='page_1' title='image "/cluster/home/n/w/nwhite01/storage/ocr_20150623/93/hvd.32044019208040/681.png"; bbox 0 0 3962 6456; ppageno 0'>
   <div class='ocr_carea' id='block_1_1' title="bbox 544 414 690 482">
    <p class='ocr_par' dir='ltr' id='par_1_1' title="bbox 544 414 690 482">
     <span class='ocr_line' id='line_1_1' title="bbox 544 414 690 482; baseline -0.021 0"><span class='ocrx_word' id='word_1_1' title='bbox 544 414 690 482; x_wconf 72' lang='grc'><strong>1341</strong></span> 
     </span>
    </p>
   </div>
   <div class='ocr_carea' id='block_1_2' title="bbox 623 535 2203 607">
    <p class='ocr_par' dir='ltr' id='par_1_2' title="bbox 623 535 2203 607">
     <span class='ocr_line' id='line_1_2' title="bbox 623 535 2203 607; baseline 0.001 -16"><span class='ocrx_word' id='word_1_2' title='bbox 623 536 764 593; x_wconf 83' lang='lat' dir='ltr'><strong>XIII.</strong></span> <span class='ocrx_word' id='word_1_3' title='bbox 800 535 1093 594; x_wconf 78' lang='lat' dir='ltr'><strong>Accusatio</strong></span> <span class='ocrx_word' id='word_1_4' title='bbox 1121 536 1389 593; x_wconf 87' lang='lat' dir='ltr'><strong>sensualis</strong></span> <span class='ocrx_word' id='word_1_5' title='bbox 1418 535 1605 602; x_wconf 85' lang='lat' dir='ltr'><strong>Israel,</strong></span> <span class='ocrx_word' id='word_1_6' title='bbox 1637 537 1943 606; x_wconf 87' lang='lat' dir='ltr'><strong>quod,cum</strong></span> <span class='ocrx_word' id='word_1_7' title='bbox 1974 535 2128 607; x_wconf 91' lang='lat' dir='ltr'><strong>prius</strong></span> <span class='ocrx_word' id='word_1_8' title='bbox 2158 538 2203 593; x_wconf 83' lang='lat' dir='ltr'><strong>A</strong></span> 
     </span>
    </p>
   </div>
   <div class='ocr_carea' id='block_1_3' title="bbox 555 626 2131 702">
    <p class='ocr_par' dir='ltr' id='par_1_3' title="bbox 555 626 2131 702">
     <span class='ocr_line' id='line_1_3' title="bbox 555 626 2131 702; baseline -0.003 -21"><span class='ocrx_word' id='word_1_9' title='bbox 555 628 814 702; x_wconf 73' lang='lat' dir='ltr'><strong>pietatem</strong></span> <span class='ocrx_word' id='word_1_10' title='bbox 872 628 1124 691; x_wconf 88' lang='lat' dir='ltr'><strong>coluerit,</strong></span> <span class='ocrx_word' id='word_1_11' title='bbox 1166 637 1355 698; x_wconf 87' lang='lat' dir='ltr'><strong>postea</strong></span> <span class='ocrx_word' id='word_1_12' title='bbox 1399 642 1509 680; x_wconf 89' lang='lat' dir='ltr'><strong>non</strong></span> <span class='ocrx_word' id='word_1_13' title='bbox 1551 626 1726 681; x_wconf 91' lang='lat' dir='ltr'><strong>solum</strong></span> <span class='ocrx_word' id='word_1_14' title='bbox 1795 626 1955 681; x_wconf 87' lang='lat' dir='ltr'><strong>idolis</strong></span> <span class='ocrx_word' id='word_1_15' title='bbox 1994 626 2131 695; x_wconf 89' lang='lat' dir='ltr'><strong>(ser-</strong></span> 
     </span>
    </p>
   </div>
   <div class='ocr_carea' id='block_1_4' title="bbox 557 721 2134 794">
    <p class='ocr_par' dir='ltr' id='par_1_4' title="bbox 557 721 2134 794">
     <span class='ocr_line' id='line_1_4' title="bbox 557 721 2134 794; baseline -0.002 -14"><span class='ocrx_word' id='word_1_16' title='bbox 557 726 717 780; x_wconf 89' lang='lat' dir='ltr'><strong>vierit</strong></span> <span class='ocrx_word' id='word_1_17' title='bbox 738 728 779 792; x_wconf 87' lang='lat'><strong>),</strong></span> <span class='ocrx_word' id='word_1_18' title='bbox 809 726 904 780; x_wconf 89' lang='lat' dir='ltr'><strong>sed</strong></span> <span class='ocrx_word' id='word_1_19' title='bbox 943 724 1105 780; x_wconf 87' lang='lat' dir='ltr'><strong>etiam</strong></span> <span class='ocrx_word' id='word_1_20' title='bbox 1133 723 1337 779; x_wconf 82' lang='lat' dir='ltr'><strong>Christi</strong></span> <span class='ocrx_word' id='word_1_21' title='bbox 1370 738 1597 794; x_wconf 78' lang='lat' dir='ltr'><strong>regnum</strong></span> <span class='ocrx_word' id='word_1_22' title='bbox 1626 721 2034 777; x_wconf 80' lang='lat' dir='ltr'><strong>detrectaverit.</strong></span> <span class='ocrx_word' id='word_1_23' title='bbox 2067 721 2134 777; x_wconf 84' lang='lat' dir='ltr'><strong>Et</strong></span> 
     </span>
    </p>
   </div>
   <div class='ocr_carea' id='block_1_5' title="bbox 550 807 1654 886">
    <p class='ocr_par' dir='ltr' id='par_1_5' title="bbox 550 807 1654 886">
     <span class='ocr_line' id='line_1_5' title="bbox 550 807 1654 886; baseline -0.004 -15"><span class='ocrx_word' id='word_1_24' title='bbox 550 807 722 871; x_wconf 68' lang='lat' dir='ltr'><strong>mina:</strong></span> <span class='ocrx_word' id='word_1_25' title='bbox 753 817 804 870; x_wconf 92' lang='lat' dir='ltr'><strong>in</strong></span> <span class='ocrx_word' id='word_1_26' title='bbox 850 832 947 871; x_wconf 80' lang='lat' dir='ltr'><strong>eos</strong></span> <span class='ocrx_word' id='word_1_27' title='bbox 976 815 1195 886; x_wconf 87' lang='lat' dir='ltr'><strong>quantis</strong></span> <span class='ocrx_word' id='word_1_28' title='bbox 1225 815 1486 885; x_wconf 86' lang='lat' dir='ltr'><strong>puniendi</strong></span> <span class='ocrx_word' id='word_1_29' title='bbox 1521 815 1654 868; x_wconf 83' lang='lat' dir='ltr'><strong>sint.</strong></span> 
     </span>
    </p>
   </div>
   <div class='ocr_carea' id='block_1_6' title="bbox 629 903 2133 975">
    <p class='ocr_par' dir='ltr' id='par_1_6' title="bbox 629 903 2133 975">
     <span class='ocr_line' id='line_1_6' title="bbox 629 903 2133 975; baseline -0.001 -16"><span class='ocrx_word' id='word_1_30' title='bbox 629 904 774 960; x_wconf 78' lang='lat' dir='ltr'><strong>XIV.</strong></span> <span class='ocrx_word' id='word_1_31' title='bbox 815 904 1055 974; x_wconf 84' lang='lat' dir='ltr'><strong>Antiquo</strong></span> <span class='ocrx_word' id='word_1_32' title='bbox 1107 904 1307 975; x_wconf 90' lang='lat' dir='ltr'><strong>populo</strong></span> <span class='ocrx_word' id='word_1_33' title='bbox 1353 903 1663 958; x_wconf 79' lang='lat' dir='ltr'><strong>exhortatio</strong></span> <span class='ocrx_word' id='word_1_34' title='bbox 1703 903 1769 958; x_wconf 87' lang='lat' dir='ltr'><strong>ad</strong></span> <span class='ocrx_word' id='word_1_35' title='bbox 1830 903 2133 974; x_wconf 82' lang='lat' dir='ltr'><strong>pietatem;</strong></span> 
     </span>
    </p>
   </div>
   <div class='ocr_carea' id='block_1_7' title="bbox 562 995 2135 1067">
    <p class='ocr_par' dir='ltr' id='par_1_7' title="bbox 562 995 2135 1067">
     <span class='ocr_line' id='line_1_7' title="bbox 562 995 2135 1067; baseline -0.003 -14"><span class='ocrx_word' id='word_1_36' title='bbox 562 1006 621 1053; x_wconf 92' lang='lat' dir='ltr'><strong>et</strong></span> <span class='ocrx_word' id='word_1_37' title='bbox 654 998 815 1053; x_wconf 69' lang='lat' dir='ltr'><strong>mina:</strong></span> <span class='ocrx_word' id='word_1_38' title='bbox 848 1007 1034 1052; x_wconf 86' lang='lat' dir='ltr'><strong>contra</strong></span> <span class='ocrx_word' id='word_1_39' title='bbox 1069 1012 1164 1051; x_wconf 89' lang='lat' dir='ltr'><strong>eos</strong></span> <span class='ocrx_word' id='word_1_40' title='bbox 1217 1011 1317 1067; x_wconf 89' lang='lat' dir='ltr'><strong>pro</strong></span> <span class='ocrx_word' id='word_1_41' title='bbox 1367 1011 1433 1051; x_wconf 90' lang='lat' dir='ltr'><strong>eo</strong></span> <span class='ocrx_word' id='word_1_42' title='bbox 1458 997 1602 1066; x_wconf 86' lang='lat' dir='ltr'><strong>quod</strong></span> <span class='ocrx_word' id='word_1_43' title='bbox 1633 995 1913 1051; x_wconf 88' lang='lat' dir='ltr'><strong>Christum</strong></span> <span class='ocrx_word' id='word_1_44' title='bbox 1952 995 2135 1050; x_wconf 79' lang='lat' dir='ltr'><strong>incar—</strong></span> 
     </span>
    </p>
   </div>
   <div class='ocr_carea' id='block_1_8' title="bbox 563 1085 2137 1158">
    <p class='ocr_par' dir='ltr' id='par_1_8' title="bbox 563 1085 2137 1158">
     <span class='ocr_line' id='line_1_8' title="bbox 563 1085 2137 1158; baseline 0.001 -16"><span class='ocrx_word' id='word_1_45' title='bbox 563 1102 750 1143; x_wconf 88' lang='lat' dir='ltr'><strong>natum</strong></span> <span class='ocrx_word' id='word_1_46' title='bbox 773 1088 1089 1158; x_wconf 86' lang='lat' dir='ltr'><strong>abjecerint.</strong></span> <span class='ocrx_word' id='word_1_47' title='bbox 1122 1086 1189 1140; x_wconf 86' lang='lat' dir='ltr'><strong>Et</strong></span> <span class='ocrx_word' id='word_1_48' title='bbox 1210 1086 1525 1142; x_wconf 85' lang='lat' dir='ltr'><strong>vaticinium</strong></span> <span class='ocrx_word' id='word_1_49' title='bbox 1550 1087 1822 1157; x_wconf 84' lang='lat' dir='ltr'><strong>quomodo</strong></span> <span class='ocrx_word' id='word_1_50' title='bbox 1876 1102 1941 1141; x_wconf 82' lang='lat' dir='ltr'><strong>ex</strong></span> <span class='ocrx_word' id='word_1_51' title='bbox 1967 1085 2137 1157; x_wconf 66' lang='lat' dir='ltr'><strong>Egy-</strong></span> 
     </span>
    </p>
   </div>
   <div class='ocr_carea' id='block_1_9' title="bbox 565 1177 2135 1249">
    <p class='ocr_par' dir='ltr' id='par_1_9' title="bbox 565 1177 2135 1249">
     <span class='ocr_line' id='line_1_9' title="bbox 565 1177 2135 1249; baseline 0.001 -18"><span class='ocrx_word' id='word_1_52' title='bbox 565 1187 681 1249; x_wconf 90' lang='lat' dir='ltr'><strong>pto,</strong></span> <span class='ocrx_word' id='word_1_53' title='bbox 712 1180 968 1249; x_wconf 84' lang='lat' dir='ltr'><strong>parvulus</strong></span> <span class='ocrx_word' id='word_1_54' title='bbox 994 1193 1118 1233; x_wconf 91' lang='lat' dir='ltr'><strong>cum</strong></span> <span class='ocrx_word' id='word_1_55' title='bbox 1153 1186 1362 1246; x_wconf 87' lang='lat' dir='ltr'><strong>esset,a</strong></span> <span class='ocrx_word' id='word_1_56' title='bbox 1390 1177 1549 1234; x_wconf 83' lang='lat' dir='ltr'><strong>Patre</strong></span> <span class='ocrx_word' id='word_1_57' title='bbox 1574 1194 1675 1234; x_wconf 93' lang='lat' dir='ltr'><strong>suo</strong></span> <span class='ocrx_word' id='word_1_58' title='bbox 1697 1186 1923 1233; x_wconf 83' lang='lat' dir='ltr'><strong>vocatus</strong></span> <span class='ocrx_word' id='word_1_59' title='bbox 1950 1179 2135 1243; x_wconf 74' lang='lat' dir='ltr'><strong>fuerit,</strong></span> 
     </span>
    </p>
   </div>
   <div class='ocr_carea' id='block_1_10' title="bbox 636 1269 2138 1342">
    <p class='ocr_par' dir='ltr' id='par_1_10' title="bbox 636 1269 2138 1342">
     <span class='ocr_line' id='line_1_10' title="bbox 636 1269 2138 1342; baseline 0.002 -18"><span class='ocrx_word' id='word_1_60' title='bbox 636 1269 755 1325; x_wconf 81' lang='lat' dir='ltr'><strong>XV.</strong></span> <span class='ocrx_word' id='word_1_61' title='bbox 796 1272 1080 1327; x_wconf 78' lang='lat' dir='ltr'><strong>Accusatio</strong></span> <span class='ocrx_word' id='word_1_62' title='bbox 1112 1273 1428 1329; x_wconf 67' lang='lat' dir='ltr'><strong>idololatria:</strong></span> <span class='ocrx_word' id='word_1_63' title='bbox 1476 1273 1789 1329; x_wconf 71' lang='lat' dir='ltr'><strong>.ludzeorum</strong></span> <span class='ocrx_word' id='word_1_64' title='bbox 1816 1316 1830 1337; x_wconf 95' lang='lat'><strong>,</strong></span> <span class='ocrx_word' id='word_1_65' title='bbox 1851 1282 1906 1327; x_wconf 89' lang='lat' dir='ltr'><strong>et</strong></span> <span class='ocrx_word' id='word_1_66' title='bbox 1951 1272 2095 1342; x_wconf 92' lang='lat' dir='ltr'><strong>quod</strong></span> <span class='ocrx_word' id='word_1_67' title='bbox 2120 1310 2138 1338; x_wconf 88' lang='lat'><strong>,</strong></span> 
     </span>
    </p>
   </div>
   <div class='ocr_carea' id='block_1_11' title="bbox 565 1364 2137 1434">
    <p class='ocr_par' dir='ltr' id='par_1_11' title="bbox 565 1364 2137 1434">
     <span class='ocr_line' id='line_1_11' title="bbox 565 1364 2137 1434; baseline 0.003 -20"><span class='ocrx_word' id='word_1_68' title='bbox 565 1375 688 1415; x_wconf 94' lang='lat' dir='ltr'><strong>cum</strong></span> <span class='ocrx_word' id='word_1_69' title='bbox 726 1377 755 1416; x_wconf 89' lang='lat' dir='ltr'><strong>a</strong></span> <span class='ocrx_word' id='word_1_70' title='bbox 802 1364 914 1418; x_wconf 89' lang='lat' dir='ltr'><strong>Deo</strong></span> <span class='ocrx_word' id='word_1_71' title='bbox 947 1366 1180 1434; x_wconf 89' lang='lat' dir='ltr'><strong>correpti</strong></span> <span class='ocrx_word' id='word_1_72' title='bbox 1212 1365 1461 1431; x_wconf 80' lang='lat' dir='ltr'><strong>fuissent,</strong></span> <span class='ocrx_word' id='word_1_73' title='bbox 1499 1383 1609 1421; x_wconf 89' lang='lat' dir='ltr'><strong>non</strong></span> <span class='ocrx_word' id='word_1_74' title='bbox 1645 1381 1704 1420; x_wconf 88' lang='lat' dir='ltr'><strong>se</strong></span> <span class='ocrx_word' id='word_1_75' title='bbox 1741 1365 2137 1431; x_wconf 83' lang='lat' dir='ltr'><strong>converterint,</strong></span> 
     </span>
    </p>
   </div>
   <div class='ocr_carea' id='block_1_12' title="bbox 568 1454 2143 1525">
    <p class='ocr_par' dir='ltr' id='par_1_12' title="bbox 568 1454 2143 1525">
     <span class='ocr_line' id='line_1_12' title="bbox 568 1454 2143 1525; baseline 0.003 -19"><span class='ocrx_word' id='word_1_76' title='bbox 568 1454 663 1507; x_wconf 87' lang='lat' dir='ltr'><strong>sed</strong></span> <span class='ocrx_word' id='word_1_77' title='bbox 703 1464 1015 1525; x_wconf 91' lang='lat' dir='ltr'><strong>contempta</strong></span> <span class='ocrx_word' id='word_1_78' title='bbox 1069 1458 1213 1512; x_wconf 92' lang='lat' dir='ltr'><strong>illius</strong></span> <span class='ocrx_word' id='word_1_79' title='bbox 1262 1458 1710 1522; x_wconf 83' lang='lat' dir='ltr'><strong>denuntiatione,</strong></span> <span class='ocrx_word' id='word_1_80' title='bbox 1757 1474 1879 1513; x_wconf 88' lang='lat' dir='ltr'><strong>eum</strong></span> <span class='ocrx_word' id='word_1_81' title='bbox 1916 1458 1982 1512; x_wconf 88' lang='lat' dir='ltr'><strong>ad</strong></span> <span class='ocrx_word' id='word_1_82' title='bbox 2032 1457 2143 1512; x_wconf 89' lang='lat' dir='ltr'><strong>ira-</strong></span> 
     </span>
    </p>
   </div>
   <div class='ocr_carea' id='block_1_13' title="bbox 556 1527 2070 1619">
    <p class='ocr_par' dir='ltr' id='par_1_13' title="bbox 556 1527 2070 1619">
     <span class='ocr_line' id='line_1_13' title="bbox 556 1527 2070 1619; baseline 0.005 -23"><span class='ocrx_word' id='word_1_83' title='bbox 556 1527 824 1608; x_wconf 62' lang='lat' dir='ltr'><strong>cundiam</strong></span> <span class='ocrx_word' id='word_1_84' title='bbox 864 1545 919 1600; x_wconf 94' lang='lat' dir='ltr'><strong>in</strong></span> <span class='ocrx_word' id='word_1_85' title='bbox 947 1546 1223 1602; x_wconf 86' lang='lat' dir='ltr'><strong>civitatem</strong></span> <span class='ocrx_word' id='word_1_86' title='bbox 1250 1556 1305 1603; x_wconf 90' lang='lat' dir='ltr'><strong>et</strong></span> <span class='ocrx_word' id='word_1_87' title='bbox 1337 1549 1601 1619; x_wconf 85' lang='lat' dir='ltr'><strong>templum</strong></span> <span class='ocrx_word' id='word_1_88' title='bbox 1634 1548 2070 1619; x_wconf 86' lang='lat' dir='ltr'><strong>provocavcrint.</strong></span> 
     </span>
    </p>
   </div>
   <div class='ocr_carea' id='block_1_14' title="bbox 641 1723 2140 1798">
    <p class='ocr_par' dir='ltr' id='par_1_14' title="bbox 641 1723 2140 1798">
     <span class='ocr_line' id='line_1_14' title="bbox 641 1723 2140 1798; baseline 0.006 -20"><span class='ocrx_word' id='word_1_89' title='bbox 641 1723 780 1779; x_wconf 82' lang='lat' dir='ltr'><strong>XVI.</strong></span> <span class='ocrx_word' id='word_1_90' title='bbox 819 1724 952 1792; x_wconf 76' lang='lat' dir='ltr'><strong>Quae</strong></span> <span class='ocrx_word' id='word_1_91' title='bbox 1006 1724 1209 1783; x_wconf 70' lang='lat' dir='ltr'><strong>Judaeis</strong></span> <span class='ocrx_word' id='word_1_92' title='bbox 1241 1729 1490 1785; x_wconf 84' lang='lat' dir='ltr'><strong>Christus</strong></span> <span class='ocrx_word' id='word_1_93' title='bbox 1524 1730 1789 1786; x_wconf 85' lang='lat' dir='ltr'><strong>beneﬁcia</strong></span> <span class='ocrx_word' id='word_1_94' title='bbox 1821 1732 2140 1798; x_wconf 86' lang='lat' dir='ltr'><strong>contulerit,</strong></span> 
     </span>
    </p>
   </div>
   <div class='ocr_carea' id='block_1_15' title="bbox 558 1816 2143 1897">
    <p class='ocr_par' dir='ltr' id='par_1_15' title="bbox 558 1816 2143 1897">
     <span class='ocr_line' id='line_1_15' title="bbox 558 1816 2143 1897; baseline 0.006 -25"><span class='ocrx_word' id='word_1_95' title='bbox 558 1816 675 1888; x_wconf 81' lang='lat' dir='ltr'><strong>ipsi</strong></span> <span class='ocrx_word' id='word_1_96' title='bbox 713 1834 844 1875; x_wconf 89' lang='lat' dir='ltr'><strong>vero</strong></span> <span class='ocrx_word' id='word_1_97' title='bbox 883 1818 943 1875; x_wconf 92' lang='lat' dir='ltr'><strong>in</strong></span> <span class='ocrx_word' id='word_1_98' title='bbox 992 1836 1091 1876; x_wconf 87' lang='lat' dir='ltr'><strong>sua</strong></span> <span class='ocrx_word' id='word_1_99' title='bbox 1132 1821 1415 1892; x_wconf 85' lang='lat' dir='ltr'><strong>impietate</strong></span> <span class='ocrx_word' id='word_1_100' title='bbox 1444 1824 1823 1894; x_wconf 87' lang='lat' dir='ltr'><strong>perstiterunt.</strong></span> <span class='ocrx_word' id='word_1_101' title='bbox 1851 1825 2143 1897; x_wconf 82' lang='lat' dir='ltr'><strong>Propterea</strong></span> 
     </span>
    </p>
   </div>
   <div class='ocr_carea' id='block_1_16' title="bbox 571 1909 2141 1980">
    <p class='ocr_par' dir='ltr' id='par_1_16' title="bbox 571 1909 2141 1980">
     <span class='ocr_line' id='line_1_16' title="bbox 571 1909 2141 1980; baseline 0.006 -17"><span class='ocrx_word' id='word_1_102' title='bbox 571 1909 719 1979; x_wconf 89' lang='lat' dir='ltr'><strong>ipsos</strong></span> <span class='ocrx_word' id='word_1_103' title='bbox 737 1910 1061 1980; x_wconf 89' lang='lat' dir='ltr'><strong>puniendos,</strong></span> <span class='ocrx_word' id='word_1_104' title='bbox 1084 1911 1359 1968; x_wconf 88' lang='lat' dir='ltr'><strong>Christum</strong></span> <span class='ocrx_word' id='word_1_105' title='bbox 1385 1930 1511 1970; x_wconf 87' lang='lat' dir='ltr'><strong>vero</strong></span> <span class='ocrx_word' id='word_1_106' title='bbox 1531 1932 1561 1970; x_wconf 92' lang='lat' dir='ltr'><strong>a</strong></span> <span class='ocrx_word' id='word_1_107' title='bbox 1576 1916 1733 1971; x_wconf 82' lang='lat' dir='ltr'><strong>Patre</strong></span> <span class='ocrx_word' id='word_1_108' title='bbox 1758 1916 2141 1973; x_wconf 86' lang='lat' dir='ltr'><strong>vindicandum</strong></span> 
     </span>
    </p>
   </div>
   <div class='ocr_carea' id='block_1_17' title="bbox 570 1998 2142 2072">
    <p class='ocr_par' dir='ltr' id='par_1_17' title="bbox 570 1998 2142 2072">
     <span class='ocr_line' id='line_1_17' title="bbox 570 1998 2142 2072; baseline 0.006 -18"><span class='ocrx_word' id='word_1_109' title='bbox 570 1998 689 2055; x_wconf 80' lang='lat' dir='ltr'><strong>fore</strong></span> <span class='ocrx_word' id='word_1_110' title='bbox 721 2016 789 2055; x_wconf 91' lang='lat' dir='ltr'><strong>eo</strong></span> <span class='ocrx_word' id='word_1_111' title='bbox 827 2002 972 2071; x_wconf 86' lang='lat' dir='ltr'><strong>quod</strong></span> <span class='ocrx_word' id='word_1_112' title='bbox 1025 2004 1176 2059; x_wconf 87' lang='lat' dir='ltr'><strong>illum</strong></span> <span class='ocrx_word' id='word_1_113' title='bbox 1231 2021 1342 2059; x_wconf 90' lang='lat' dir='ltr'><strong>non</strong></span> <span class='ocrx_word' id='word_1_114' title='bbox 1383 2007 1700 2072; x_wconf 91' lang='lat' dir='ltr'><strong>audierint,</strong></span> <span class='ocrx_word' id='word_1_115' title='bbox 1765 2008 2142 2064; x_wconf 88' lang='lat' dir='ltr'><strong>denuntiatur.</strong></span> 
     </span>
    </p>
   </div>
   <div class='ocr_carea' id='block_1_18' title="bbox 643 2090 2143 2168">
    <p class='ocr_par' dir='ltr' id='par_1_18' title="bbox 643 2090 2143 2168">
     <span class='ocr_line' id='line_1_18' title="bbox 643 2090 2143 2168; baseline 0.009 -25"><span class='ocrx_word' id='word_1_116' title='bbox 643 2090 807 2147; x_wconf 80' lang='lat' dir='ltr'><strong>XVII.</strong></span> <span class='ocrx_word' id='word_1_117' title='bbox 850 2092 1173 2152; x_wconf 80' lang='lat' dir='ltr'><strong>Exhortatio</strong></span> <span class='ocrx_word' id='word_1_118' title='bbox 1229 2100 1503 2168; x_wconf 90' lang='lat' dir='ltr'><strong>quomodo</strong></span> <span class='ocrx_word' id='word_1_119' title='bbox 1567 2098 1635 2153; x_wconf 91' lang='lat' dir='ltr'><strong>ad</strong></span> <span class='ocrx_word' id='word_1_120' title='bbox 1685 2098 1854 2154; x_wconf 87' lang='lat' dir='ltr'><strong>Deum</strong></span> <span class='ocrx_word' id='word_1_121' title='bbox 1898 2102 2143 2157; x_wconf 85' lang='lat' dir='ltr'><strong>converti</strong></span> 
     </span>
    </p>
   </div>
   <div class='ocr_carea' id='block_1_19' title="bbox 574 2190 2147 2264">
    <p class='ocr_par' dir='ltr' id='par_1_19' title="bbox 574 2190 2147 2264">
     <span class='ocr_line' id='line_1_19' title="bbox 574 2190 2147 2264; baseline 0.01 -31"><span class='ocrx_word' id='word_1_122' title='bbox 574 2191 843 2252; x_wconf 89' lang='lat' dir='ltr'><strong>oporteat,</strong></span> <span class='ocrx_word' id='word_1_123' title='bbox 874 2195 931 2241; x_wconf 91' lang='lat' dir='ltr'><strong>et</strong></span> <span class='ocrx_word' id='word_1_124' title='bbox 959 2190 1238 2244; x_wconf 89' lang='lat' dir='ltr'><strong>accusatio</strong></span> <span class='ocrx_word' id='word_1_125' title='bbox 1283 2206 1472 2245; x_wconf 87' lang='lat' dir='ltr'><strong>eorum</strong></span> <span class='ocrx_word' id='word_1_126' title='bbox 1515 2207 1637 2260; x_wconf 67' lang='lat' dir='ltr'><strong>qua:</strong></span> <span class='ocrx_word' id='word_1_127' title='bbox 1681 2190 1992 2247; x_wconf 64' lang='lat' dir='ltr'><strong>Iudaeorum</strong></span> <span class='ocrx_word' id='word_1_128' title='bbox 2049 2209 2147 2264; x_wconf 89' lang='lat' dir='ltr'><strong>po-</strong></span> 
     </span>
    </p>
   </div>
   <div class='ocr_carea' id='block_1_20' title="bbox 576 2271 2145 2351">
    <p class='ocr_par' dir='ltr' id='par_1_20' title="bbox 576 2271 2145 2351">
     <span class='ocr_line' id='line_1_20' title="bbox 576 2271 2145 2351; baseline 0.01 -27"><span class='ocrx_word' id='word_1_129' title='bbox 576 2271 735 2338; x_wconf 89' lang='lat' dir='ltr'><strong>pulus</strong></span> <span class='ocrx_word' id='word_1_130' title='bbox 763 2278 1210 2347; x_wconf 76' lang='lat' dir='ltr'><strong>transgrediendo</strong></span> <span class='ocrx_word' id='word_1_131' title='bbox 1249 2280 1542 2351; x_wconf 83' lang='lat' dir='ltr'><strong>c0gitabat.</strong></span> <span class='ocrx_word' id='word_1_132' title='bbox 1572 2283 1640 2337; x_wconf 89' lang='lat' dir='ltr'><strong>Et</strong></span> <span class='ocrx_word' id='word_1_133' title='bbox 1685 2284 1928 2339; x_wconf 85' lang='lat' dir='ltr'><strong>narratio</strong></span> <span class='ocrx_word' id='word_1_134' title='bbox 1955 2299 2145 2339; x_wconf 91' lang='lat' dir='ltr'><strong>eorum</strong></span> 
     </span>
    </p>
   </div>
   <div class='ocr_carea' id='block_1_21' title="bbox 574 2369 2147 2446">
    <p class='ocr_par' dir='ltr' id='par_1_21' title="bbox 574 2369 2147 2446">
     <span class='ocr_line' id='line_1_21' title="bbox 574 2369 2147 2446; baseline 0.01 -31"><span class='ocrx_word' id='word_1_135' title='bbox 574 2377 696 2430; x_wconf 83' lang='lat' dir='ltr'><strong>quae</strong></span> <span class='ocrx_word' id='word_1_136' title='bbox 727 2372 838 2419; x_wconf 89' lang='lat' dir='ltr'><strong>tum</strong></span> <span class='ocrx_word' id='word_1_137' title='bbox 870 2383 965 2437; x_wconf 87' lang='lat' dir='ltr'><strong>per</strong></span> <span class='ocrx_word' id='word_1_138' title='bbox 1017 2369 1186 2441; x_wconf 87' lang='lat' dir='ltr'><strong>legem</strong></span> <span class='ocrx_word' id='word_1_139' title='bbox 1220 2381 1276 2426; x_wconf 91' lang='lat' dir='ltr'><strong>et</strong></span> <span class='ocrx_word' id='word_1_140' title='bbox 1308 2375 1626 2443; x_wconf 86' lang='lat' dir='ltr'><strong>prophetas,</strong></span> <span class='ocrx_word' id='word_1_141' title='bbox 1668 2384 1782 2429; x_wconf 88' lang='lat' dir='ltr'><strong>tum</strong></span> <span class='ocrx_word' id='word_1_142' title='bbox 1841 2391 1940 2446; x_wconf 88' lang='lat' dir='ltr'><strong>per</strong></span> <span class='ocrx_word' id='word_1_143' title='bbox 1992 2391 2147 2431; x_wconf 90' lang='lat' dir='ltr'><strong>suam</strong></span> 
     </span>
    </p>
   </div>
   <div class='ocr_carea' id='block_1_22' title="bbox 575 2452 1739 2522">
    <p class='ocr_par' dir='ltr' id='par_1_22' title="bbox 575 2452 1739 2522">
     <span class='ocr_line' id='line_1_22' title="bbox 575 2452 1739 2522; baseline 0.012 -16"><span class='ocrx_word' id='word_1_144' title='bbox 575 2452 748 2522; x_wconf 86' lang='lat' dir='ltr'><strong>ipsius</strong></span> <span class='ocrx_word' id='word_1_145' title='bbox 775 2460 1115 2521; x_wconf 69' lang='lat' dir='ltr'><strong>praesentiam</strong></span> <span class='ocrx_word' id='word_1_146' title='bbox 1153 2460 1405 2517; x_wconf 89' lang='lat' dir='ltr'><strong>Christus</strong></span> <span class='ocrx_word' id='word_1_147' title='bbox 1444 2464 1739 2520; x_wconf 87' lang='lat' dir='ltr'><strong>beneIecit.</strong></span> 
     </span>
    </p>
   </div>
   <div class='ocr_carea' id='block_1_23' title="bbox 646 2544 2149 2628">
    <p class='ocr_par' dir='ltr' id='par_1_23' title="bbox 646 2544 2149 2628">
     <span class='ocr_line' id='line_1_23' title="bbox 646 2544 2149 2628; baseline 0.012 -30"><span class='ocrx_word' id='word_1_148' title='bbox 646 2544 831 2602; x_wconf 82' lang='lat' dir='ltr'><strong>XVIII.</strong></span> <span class='ocrx_word' id='word_1_149' title='bbox 872 2548 1154 2614; x_wconf 85' lang='lat' dir='ltr'><strong>Quomodo</strong></span> <span class='ocrx_word' id='word_1_150' title='bbox 1181 2554 1494 2612; x_wconf 72' lang='lat' dir='ltr'><strong>Judaeorum</strong></span> <span class='ocrx_word' id='word_1_151' title='bbox 1537 2559 1790 2628; x_wconf 90' lang='lat' dir='ltr'><strong>populus,</strong></span> <span class='ocrx_word' id='word_1_152' title='bbox 1817 2575 1939 2614; x_wconf 90' lang='lat' dir='ltr'><strong>cum</strong></span> <span class='ocrx_word' id='word_1_153' title='bbox 1987 2559 2149 2616; x_wconf 87' lang='lat' dir='ltr'><strong>Chri-</strong></span> 
     </span>
    </p>
   </div>
   <div class='ocr_carea' id='block_1_24' title="bbox 576 2640 2149 2720">
    <p class='ocr_par' dir='ltr' id='par_1_24' title="bbox 576 2640 2149 2720">
     <span class='ocr_line' id='line_1_24' title="bbox 576 2640 2149 2720; baseline 0.008 -27"><span class='ocrx_word' id='word_1_154' title='bbox 576 2645 664 2693; x_wconf 77' lang='lat' dir='ltr'><strong>sto</strong></span> <span class='ocrx_word' id='word_1_155' title='bbox 688 2640 1026 2697; x_wconf 90' lang='lat' dir='ltr'><strong>conviciatus</strong></span> <span class='ocrx_word' id='word_1_156' title='bbox 1066 2643 1294 2708; x_wconf 79' lang='lat' dir='ltr'><strong>fuisset,</strong></span> <span class='ocrx_word' id='word_1_157' title='bbox 1321 2646 1495 2702; x_wconf 87' lang='lat' dir='ltr'><strong>vicem</strong></span> <span class='ocrx_word' id='word_1_158' title='bbox 1554 2651 1843 2720; x_wconf 88' lang='lat' dir='ltr'><strong>receperit,</strong></span> <span class='ocrx_word' id='word_1_159' title='bbox 1883 2660 1939 2705; x_wconf 91' lang='lat' dir='ltr'><strong>et</strong></span> <span class='ocrx_word' id='word_1_160' title='bbox 1976 2651 2149 2705; x_wconf 85' lang='lat' dir='ltr'><strong>idolo-</strong></span> 
     </span>
    </p>
   </div>
   <div class='ocr_carea' id='block_1_25' title="bbox 577 2732 2150 2812">
    <p class='ocr_par' dir='ltr' id='par_1_25' title="bbox 577 2732 2150 2812">
     <span class='ocr_line' id='line_1_25' title="bbox 577 2732 2150 2812; baseline 0.008 -28"><span class='ocrx_word' id='word_1_161' title='bbox 577 2747 699 2786; x_wconf 91' lang='lat' dir='ltr'><strong>rum</strong></span> <span class='ocrx_word' id='word_1_162' title='bbox 758 2732 1008 2788; x_wconf 80' lang='lat' dir='ltr'><strong>servituti</strong></span> <span class='ocrx_word' id='word_1_163' title='bbox 1048 2735 1308 2792; x_wconf 88' lang='lat' dir='ltr'><strong>insistens</strong></span> <span class='ocrx_word' id='word_1_164' title='bbox 1376 2740 1589 2795; x_wconf 85' lang='lat' dir='ltr'><strong>deletus</strong></span> <span class='ocrx_word' id='word_1_165' title='bbox 1616 2740 1800 2796; x_wconf 79' lang='lat' dir='ltr'><strong>fuerit.</strong></span> <span class='ocrx_word' id='word_1_166' title='bbox 1841 2741 1906 2797; x_wconf 86' lang='lat' dir='ltr'><strong>Et</strong></span> <span class='ocrx_word' id='word_1_167' title='bbox 1946 2754 2150 2812; x_wconf 86' lang='lat' dir='ltr'><strong>quanta</strong></span> 
     </span>
    </p>
   </div>
   <div class='ocr_carea' id='block_1_26' title="bbox 577 2821 2152 2903">
    <p class='ocr_par' dir='ltr' id='par_1_26' title="bbox 577 2821 2152 2903">
     <span class='ocr_line' id='line_1_26' title="bbox 577 2821 2152 2903; baseline 0.009 -28"><span class='ocrx_word' id='word_1_168' title='bbox 577 2821 795 2892; x_wconf 88' lang='lat' dir='ltr'><strong>quidem</strong></span> <span class='ocrx_word' id='word_1_169' title='bbox 846 2838 877 2878; x_wconf 90' lang='lat' dir='ltr'><strong>a</strong></span> <span class='ocrx_word' id='word_1_170' title='bbox 929 2822 1039 2878; x_wconf 84' lang='lat' dir='ltr'><strong>Deo</strong></span> <span class='ocrx_word' id='word_1_171' title='bbox 1073 2825 1337 2882; x_wconf 74' lang='lat' dir='ltr'><strong>beneficia</strong></span> <span class='ocrx_word' id='word_1_172' title='bbox 1404 2832 1717 2900; x_wconf 88' lang='lat' dir='ltr'><strong>acceperit,</strong></span> <span class='ocrx_word' id='word_1_173' title='bbox 1775 2841 1963 2903; x_wconf 88' lang='lat' dir='ltr'><strong>postea</strong></span> <span class='ocrx_word' id='word_1_174' title='bbox 2023 2849 2152 2889; x_wconf 86' lang='lat' dir='ltr'><strong>vero</strong></span> 
     </span>
    </p>
   </div>
   <div class='ocr_carea' id='block_1_27' title="bbox 570 2910 1433 2988">
    <p class='ocr_par' dir='ltr' id='par_1_27' title="bbox 570 2910 1433 2988">
     <span class='ocr_line' id='line_1_27' title="bbox 570 2910 1433 2988; baseline 0.007 -23"><span class='ocrx_word' id='word_1_175' title='bbox 570 2910 870 2967; x_wconf 85' lang='lat' dir='ltr'><strong>immemor</strong></span> <span class='ocrx_word' id='word_1_176' title='bbox 896 2912 1072 2969; x_wconf 81' lang='lat' dir='ltr'><strong>factus</strong></span> <span class='ocrx_word' id='word_1_177' title='bbox 1120 2916 1433 2988; x_wconf 88' lang='lat' dir='ltr'><strong>corripitur.</strong></span> 
     </span>
    </p>
   </div>
   <div class='ocr_carea' id='block_1_28' title="bbox 648 3004 2151 3089">
    <p class='ocr_par' dir='ltr' id='par_1_28' title="bbox 648 3004 2151 3089">
     <span class='ocr_line' id='line_1_28' title="bbox 648 3004 2151 3089; baseline 0.008 -30"><span class='ocrx_word' id='word_1_178' title='bbox 648 3004 792 3063; x_wconf 77' lang='lat' dir='ltr'><strong>XIX.</strong></span> <span class='ocrx_word' id='word_1_179' title='bbox 832 3004 1151 3079; x_wconf 80' lang='lat' dir='ltr'><strong>Objurgatio</strong></span> <span class='ocrx_word' id='word_1_180' title='bbox 1179 3009 1234 3063; x_wconf 91' lang='lat' dir='ltr'><strong>in</strong></span> <span class='ocrx_word' id='word_1_181' title='bbox 1256 3009 1494 3077; x_wconf 64' lang='lat' dir='ltr'><strong>Iudaeos,</strong></span> <span class='ocrx_word' id='word_1_182' title='bbox 1521 3013 1665 3083; x_wconf 89' lang='lat' dir='ltr'><strong>quod</strong></span> <span class='ocrx_word' id='word_1_183' title='bbox 1693 3012 1896 3070; x_wconf 91' lang='lat' dir='ltr'><strong>Christi</strong></span> <span class='ocrx_word' id='word_1_184' title='bbox 1926 3032 2151 3089; x_wconf 80' lang='lat' dir='ltr'><strong>regnum</strong></span> 
     </span>
    </p>
   </div>
   <div class='ocr_carea' id='block_1_29' title="bbox 582 3093 2151 3166">
    <p class='ocr_par' dir='ltr' id='par_1_29' title="bbox 582 3093 2151 3166">
     <span class='ocr_line' id='line_1_29' title="bbox 582 3093 2151 3166; baseline 0.01 -17"><span class='ocrx_word' id='word_1_185' title='bbox 582 3094 687 3165; x_wconf 82' lang='lat' dir='ltr'><strong>ipsi</strong></span> <span class='ocrx_word' id='word_1_186' title='bbox 751 3093 1222 3166; x_wconf 89' lang='lat' dir='ltr'><strong>detrectaverint;</strong></span> <span class='ocrx_word' id='word_1_187' title='bbox 1297 3100 1389 3156; x_wconf 92' lang='lat' dir='ltr'><strong>ille</strong></span> <span class='ocrx_word' id='word_1_188' title='bbox 1443 3116 1574 3158; x_wconf 86' lang='lat' dir='ltr'><strong>vero</strong></span> <span class='ocrx_word' id='word_1_189' title='bbox 1609 3104 1888 3161; x_wconf 89' lang='lat' dir='ltr'><strong>diabolum</strong></span> <span class='ocrx_word' id='word_1_190' title='bbox 1937 3107 2151 3164; x_wconf 88' lang='lat' dir='ltr'><strong>irritum</strong></span> 
     </span>
    </p>
   </div>
   <div class='ocr_carea' id='block_1_30' title="bbox 1748 411 2617 478">
    <p class='ocr_par' dir='ltr' id='par_1_30' title="bbox 1748 411 2617 478">
     <span class='ocr_line' id='line_1_30' title="bbox 1748 411 2617 478; baseline -0.007 0"><span class='ocrx_word' id='word_1_191' title='bbox 1748 416 2105 478; x_wconf 77' lang='lat' dir='ltr'><strong>IIESYCIIII</strong></span> <span class='ocrx_word' id='word_1_192' title='bbox 2142 411 2617 476; x_wconf 77' lang='lat' dir='ltr'><strong>PRESBYTERI</strong></span> 
     </span>
    </p>
   </div>
   <div class='ocr_carea' id='block_1_31' title="bbox 3674 398 3795 463">
    <p class='ocr_par' dir='ltr' id='par_1_31' title="bbox 3674 398 3795 463">
     <span class='ocr_line' id='line_1_31' title="bbox 3674 398 3795 463; baseline 0.017 -2"><span class='ocrx_word' id='word_1_193' title='bbox 3674 398 3795 463; x_wconf 61' lang='lat' dir='ltr'><strong>I348</strong></span> 
     </span>
    </p>
   </div>
   <div class='ocr_carea' id='block_1_32' title="bbox 2302 518 3798 602">
    <p class='ocr_par' dir='ltr' id='par_1_32' title="bbox 2302 518 3798 602">
     <span class='ocr_line' id='line_1_32' title="bbox 2302 518 3798 602; baseline -0.01 -17"><span class='ocrx_word' id='word_1_194' title='bbox 2302 539 2392 602; x_wconf 84' lang='grc' dir='ltr'>ιγ’.</span> <span class='ocrx_word' id='word_1_195' title='bbox 2434 528 2668 601; x_wconf 84' lang='grc' dir='ltr'>Διαϐολὴ</span> <span class='ocrx_word' id='word_1_196' title='bbox 2705 526 2800 581; x_wconf 78' lang='grc' dir='ltr'>τοῦ</span> <span class='ocrx_word' id='word_1_197' title='bbox 2841 523 3106 596; x_wconf 75' lang='grc' dir='ltr'>αἰσθητοῦ</span> <span class='ocrx_word' id='word_1_198' title='bbox 3137 522 3374 594; x_wconf 77' lang='grc' dir='ltr'>Ἰσραὴλ,</span> <span class='ocrx_word' id='word_1_199' title='bbox 3419 522 3508 574; x_wconf 73' lang='grc' dir='ltr'>ὃτι</span> <span class='ocrx_word' id='word_1_200' title='bbox 3552 518 3798 589; x_wconf 69' lang='grc' dir='ltr'>πρᾶτερον</span> 
     </span>
    </p>
   </div>
   <div class='ocr_carea' id='block_1_33' title="bbox 2232 608 3801 691">
    <p class='ocr_par' dir='ltr' id='par_1_33' title="bbox 2232 608 3801 691">
     <span class='ocr_line' id='line_1_33' title="bbox 2232 608 3801 691; baseline -0.011 -15"><span class='ocrx_word' id='word_1_201' title='bbox 2232 622 2492 684; x_wconf 79' lang='grc' dir='ltr'>εὐσεϐῶν,</span> <span class='ocrx_word' id='word_1_202' title='bbox 2521 621 2647 674; x_wconf 83' lang='grc' dir='ltr'>ὓστε</span> <span class='ocrx_word' id='word_1_203' title='bbox 2655 636 2748 691; x_wconf 90' lang='grc' dir='ltr'><strong>ρον</strong></span> <span class='ocrx_word' id='word_1_204' title='bbox 2776 617 2838 669; x_wconf 86' lang='grc' dir='ltr'><strong>ού</strong></span> <span class='ocrx_word' id='word_1_205' title='bbox 2873 616 3034 687; x_wconf 89' lang='grc' dir='ltr'>μόνον</span> <span class='ocrx_word' id='word_1_206' title='bbox 3060 617 3117 667; x_wconf 81' lang='grc' dir='ltr'>ὲν</span> <span class='ocrx_word' id='word_1_207' title='bbox 3143 616 3257 677; x_wconf 87' lang='grc' dir='ltr'>τοῖς</span> <span class='ocrx_word' id='word_1_208' title='bbox 3279 612 3547 673; x_wconf 81' lang='grc' dir='ltr'>εἰδώλοις,</span> <span class='ocrx_word' id='word_1_209' title='bbox 3568 608 3700 662; x_wconf 73' lang='grc' dir='ltr'>ἀλλὰ</span> <span class='ocrx_word' id='word_1_210' title='bbox 3720 609 3801 659; x_wconf 70' lang='grc' dir='ltr'>καὶ</span> 
     </span>
    </p>
   </div>
   <div class='ocr_carea' id='block_1_34' title="bbox 2232 700 3804 786">
    <p class='ocr_par' dir='ltr' id='par_1_34' title="bbox 2232 700 3804 786">
     <span class='ocr_line' id='line_1_34' title="bbox 2232 700 3804 786; baseline -0.011 -17"><span class='ocrx_word' id='word_1_211' title='bbox 2232 715 2326 768; x_wconf 73' lang='grc' dir='ltr'>τοῦ</span> <span class='ocrx_word' id='word_1_212' title='bbox 2342 712 2578 786; x_wconf 79' lang='grc' dir='ltr'>Χριστοῦ</span> <span class='ocrx_word' id='word_1_213' title='bbox 2599 711 2696 782; x_wconf 80' lang='grc' dir='ltr'>τὴν</span> <span class='ocrx_word' id='word_1_214' title='bbox 2724 706 3003 779; x_wconf 87' lang='grc' dir='ltr'>βασιλείαν</span> <span class='ocrx_word' id='word_1_215' title='bbox 3026 707 3329 779; x_wconf 75' lang='grc' dir='ltr'>ἠρνήσατο⁶</span> <span class='ocrx_word' id='word_1_216' title='bbox 3351 702 3449 757; x_wconf 82' lang='grc' dir='ltr'>καὶ</span> <span class='ocrx_word' id='word_1_217' title='bbox 3465 700 3667 771; x_wconf 78' lang='grc' dir='ltr'>ἀπειλὴ</span> <span class='ocrx_word' id='word_1_218' title='bbox 3686 700 3804 753; x_wconf 77' lang='grc' dir='ltr'>κατ’</span> 
     </span>
    </p>
   </div>
   <div class='ocr_carea' id='block_1_35' title="bbox 2234 797 3214 868">
    <p class='ocr_par' dir='ltr' id='par_1_35' title="bbox 2234 797 3214 868">
     <span class='ocr_line' id='line_1_35' title="bbox 2234 797 3214 868; baseline -0.01 -7"><span class='ocrx_word' id='word_1_219' title='bbox 2234 807 2413 862; x_wconf 81' lang='grc' dir='ltr'>αὐτῶν</span> <span class='ocrx_word' id='word_1_220' title='bbox 2435 807 2535 859; x_wconf 85' lang='grc' dir='ltr'><strong>ὅσα</strong></span> <span class='ocrx_word' id='word_1_221' title='bbox 2562 800 2909 857; x_wconf 77' lang='grc' dir='ltr'>παιδεύεσθαι</span> <span class='ocrx_word' id='word_1_222' title='bbox 2936 797 3214 868; x_wconf 84' lang='grc' dir='ltr'>μέλλουσι.</span> 
     </span>
    </p>
   </div>
   <div class='ocr_carea' id='block_1_36' title="bbox 2310 883 3804 970">
    <p class='ocr_par' dir='ltr' id='par_1_36' title="bbox 2310 883 3804 970">
     <span class='ocr_line' id='line_1_36' title="bbox 2310 883 3804 970; baseline -0.013 -15"><span class='ocrx_word' id='word_1_223' title='bbox 2310 897 2389 955; x_wconf 86' lang='grc' dir='ltr'>ιδ’.</span> <span class='ocrx_word' id='word_1_224' title='bbox 2434 898 2761 970; x_wconf 75' lang='grc' dir='ltr'><strong>Παραίνεσις</strong></span> <span class='ocrx_word' id='word_1_225' title='bbox 2806 892 2884 964; x_wconf 81' lang='grc' dir='ltr'><strong>τῷ</strong></span> <span class='ocrx_word' id='word_1_226' title='bbox 2927 892 3140 963; x_wconf 79' lang='grc' dir='ltr'>ἀρχαίῳ</span> <span class='ocrx_word' id='word_1_227' title='bbox 3184 887 3299 958; x_wconf 76' lang='grc' dir='ltr'><strong>λαῷ</strong></span> <span class='ocrx_word' id='word_1_228' title='bbox 3343 883 3695 947; x_wconf 83' lang='grc' dir='ltr'>θεοσεϐείας·</span> <span class='ocrx_word' id='word_1_229' title='bbox 3724 884 3804 937; x_wconf 75' lang='lat' dir='ltr'><strong>ui</strong></span> 
     </span>
    </p>
   </div>
   <div class='ocr_carea' id='block_1_37' title="bbox 2236 976 3806 1062">
    <p class='ocr_par' dir='ltr' id='par_1_37' title="bbox 2236 976 3806 1062">
     <span class='ocr_line' id='line_1_37' title="bbox 2236 976 3806 1062; baseline -0.013 -15"><span class='ocrx_word' id='word_1_230' title='bbox 2236 992 2436 1062; x_wconf 71' lang='grc' dir='ltr'>ἀπειλὴ</span> <span class='ocrx_word' id='word_1_231' title='bbox 2465 989 2609 1044; x_wconf 82' lang='grc' dir='ltr'>κατὰ</span> <span class='ocrx_word' id='word_1_232' title='bbox 2623 987 2732 1042; x_wconf 88' lang='grc' dir='ltr'><strong>τῶν</strong></span> <span class='ocrx_word' id='word_1_233' title='bbox 2754 984 2956 1048; x_wconf 81' lang='grc' dir='ltr'>αὐτῶν,</span> <span class='ocrx_word' id='word_1_234' title='bbox 2978 982 3097 1037; x_wconf 78' lang='grc' dir='ltr'><strong>ἀνθ’</strong></span> <span class='ocrx_word' id='word_1_235' title='bbox 3122 976 3197 1034; x_wconf 82' lang='grc' dir='ltr'>ὧν</span> <span class='ocrx_word' id='word_1_236' title='bbox 3226 978 3576 1050; x_wconf 72' lang='grc' dir='ltr'>τδνΧριστὸν</span> <span class='ocrx_word' id='word_1_237' title='bbox 3608 993 3806 1045; x_wconf 84' lang='grc' dir='ltr'>σαρκω-</span> 
     </span>
    </p>
   </div>
   <div class='ocr_carea' id='block_1_38' title="bbox 2239 1068 3805 1152">
    <p class='ocr_par' dir='ltr' id='par_1_38' title="bbox 2239 1068 3805 1152">
     <span class='ocr_line' id='line_1_38' title="bbox 2239 1068 3805 1152; baseline -0.011 -14"><span class='ocrx_word' id='word_1_238' title='bbox 2239 1085 2400 1138; x_wconf 82' lang='grc' dir='ltr'>θέντα</span> <span class='ocrx_word' id='word_1_239' title='bbox 2427 1079 2738 1152; x_wconf 68' lang='grc' dir='ltr'>ἀπέρριψαν</span> <span class='ocrx_word' id='word_1_240' title='bbox 2756 1094 2773 1111; x_wconf 87' lang='grc'><strong>·</strong></span> <span class='ocrx_word' id='word_1_241' title='bbox 2797 1078 2890 1131; x_wconf 76' lang='grc' dir='ltr'><strong>καὶ</strong></span> <span class='ocrx_word' id='word_1_242' title='bbox 2920 1072 3248 1147; x_wconf 75' lang='grc' dir='ltr'>προφητεία,</span> <span class='ocrx_word' id='word_1_243' title='bbox 3274 1071 3423 1134; x_wconf 77' lang='grc' dir='ltr'>ὅπως</span> <span class='ocrx_word' id='word_1_244' title='bbox 3456 1070 3520 1137; x_wconf 78' lang='grc' dir='ltr'><strong>ἐξ</strong></span> <span class='ocrx_word' id='word_1_245' title='bbox 3549 1068 3805 1137; x_wconf 74' lang='grc' dir='ltr'><strong>Αἰγύπτου</strong></span> 
     </span>
    </p>
   </div>
   <div class='ocr_carea' id='block_1_39' title="bbox 2242 1165 3393 1249">
    <p class='ocr_par' dir='ltr' id='par_1_39' title="bbox 2242 1165 3393 1249">
     <span class='ocr_line' id='line_1_39' title="bbox 2242 1165 3393 1249; baseline -0.013 -18"><span class='ocrx_word' id='word_1_246' title='bbox 2242 1177 2439 1249; x_wconf 71' lang='grc' dir='ltr'>βρέφος</span> <span class='ocrx_word' id='word_1_247' title='bbox 2467 1174 2544 1227; x_wconf 80' lang='grc' dir='ltr'>ὢν</span> <span class='ocrx_word' id='word_1_248' title='bbox 2575 1172 2726 1243; x_wconf 86' lang='grc' dir='ltr'>παρὰ</span> <span class='ocrx_word' id='word_1_249' title='bbox 2749 1168 2844 1225; x_wconf 79' lang='grc' dir='ltr'>τοῦ</span> <span class='ocrx_word' id='word_1_250' title='bbox 2876 1168 3088 1239; x_wconf 73' lang='grc' dir='ltr'>Πατρὸς</span> <span class='ocrx_word' id='word_1_251' title='bbox 3109 1165 3393 1233; x_wconf 81' lang='grc' dir='ltr'>κέκληται.</span> 
     </span>
    </p>
   </div>
   <div class='ocr_carea' id='block_1_40' title="bbox 2314 1251 3807 1336">
    <p class='ocr_par' dir='ltr' id='par_1_40' title="bbox 2314 1251 3807 1336">
     <span class='ocr_line' id='line_1_40' title="bbox 2314 1251 3807 1336; baseline -0.013 -12"><span class='ocrx_word' id='word_1_252' title='bbox 2314 1268 2396 1324; x_wconf 85' lang='grc' dir='ltr'>ιε’.</span> <span class='ocrx_word' id='word_1_253' title='bbox 2439 1263 2758 1336; x_wconf 78' lang='grc' dir='ltr'>Κατηγορία</span> <span class='ocrx_word' id='word_1_254' title='bbox 2784 1265 2885 1334; x_wconf 81' lang='grc' dir='ltr'>τῆς</span> <span class='ocrx_word' id='word_1_255' title='bbox 2915 1259 3203 1328; x_wconf 81' lang='grc' dir='ltr'>είδωλικῆς</span> <span class='ocrx_word' id='word_1_256' title='bbox 3236 1258 3347 1311; x_wconf 87' lang='grc' dir='ltr'><strong>τῶν</strong></span> <span class='ocrx_word' id='word_1_257' title='bbox 3383 1253 3666 1310; x_wconf 74' lang='grc' dir='ltr'>Ἰουδαίων</span> <span class='ocrx_word' id='word_1_258' title='bbox 3690 1251 3807 1306; x_wconf 70' lang='grc' dir='ltr'><strong>πλά-</strong></span> 
     </span>
    </p>
   </div>
   <div class='ocr_carea' id='block_1_41' title="bbox 2241 1346 3808 1432">
    <p class='ocr_par' dir='ltr' id='par_1_41' title="bbox 2241 1346 3808 1432">
     <span class='ocr_line' id='line_1_41' title="bbox 2241 1346 3808 1432; baseline -0.012 -17"><span class='ocrx_word' id='word_1_259' title='bbox 2241 1377 2373 1432; x_wconf 87' lang='grc' dir='ltr'>νης·</span> <span class='ocrx_word' id='word_1_260' title='bbox 2418 1357 2515 1413; x_wconf 74' lang='grc' dir='ltr'><strong>καὶ</strong></span> <span class='ocrx_word' id='word_1_261' title='bbox 2560 1359 2642 1411; x_wconf 82' lang='grc' dir='ltr'>ὅτι</span> <span class='ocrx_word' id='word_1_262' title='bbox 2691 1353 2840 1425; x_wconf 72' lang='grc' dir='ltr'>παρὰ</span> <span class='ocrx_word' id='word_1_263' title='bbox 2872 1351 2968 1405; x_wconf 81' lang='grc' dir='ltr'>τοῦ</span> <span class='ocrx_word' id='word_1_264' title='bbox 2999 1349 3138 1404; x_wconf 79' lang='grc' dir='ltr'>Θεοῦ</span> <span class='ocrx_word' id='word_1_265' title='bbox 3166 1348 3566 1422; x_wconf 81' lang='grc' dir='ltr'>διορθωθέντες</span> <span class='ocrx_word' id='word_1_266' title='bbox 3602 1346 3700 1397; x_wconf 70' lang='grc' dir='ltr'>οὒκ</span> <span class='ocrx_word' id='word_1_267' title='bbox 3728 1348 3808 1397; x_wconf 70' lang='grc' dir='ltr'><strong>ἔπ-</strong></span> 
     </span>
    </p>
   </div>
   <div class='ocr_carea' id='block_1_42' title="bbox 2242 1439 3807 1522">
    <p class='ocr_par' dir='ltr' id='par_1_42' title="bbox 2242 1439 3807 1522">
     <span class='ocr_line' id='line_1_42' title="bbox 2242 1439 3807 1522; baseline -0.012 -16"><span class='ocrx_word' id='word_1_268' title='bbox 2242 1450 2532 1522; x_wconf 76' lang='grc' dir='ltr'>έστρεψαν,</span> <span class='ocrx_word' id='word_1_269' title='bbox 2565 1446 2734 1519; x_wconf 81' lang='grc' dir='ltr'>ἀργὸν</span> <span class='ocrx_word' id='word_1_270' title='bbox 2762 1445 2820 1498; x_wconf 83' lang='grc' dir='ltr'>δὲ</span> <span class='ocrx_word' id='word_1_271' title='bbox 2846 1442 3009 1497; x_wconf 80' lang='grc' dir='ltr'>αὑτοῦ</span> <span class='ocrx_word' id='word_1_272' title='bbox 3040 1442 3406 1513; x_wconf 78' lang='grc' dir='ltr'>πεποιηκότες</span> <span class='ocrx_word' id='word_1_273' title='bbox 3442 1439 3508 1491; x_wconf 75' lang='grc' dir='ltr'><strong>τδ</strong></span> <span class='ocrx_word' id='word_1_274' title='bbox 3546 1439 3807 1507; x_wconf 63' lang='grc' dir='ltr'>κήρυγμα,</span> 
     </span>
    </p>
   </div>
   <div class='ocr_carea' id='block_1_43' title="bbox 2242 1528 3809 1618">
    <p class='ocr_par' dir='ltr' id='par_1_43' title="bbox 2242 1528 3809 1618">
     <span class='ocr_line' id='line_1_43' title="bbox 2242 1528 3809 1618; baseline -0.013 -19"><span class='ocrx_word' id='word_1_275' title='bbox 2242 1544 2563 1618; x_wconf 81' lang='grc' dir='ltr'>ὀργισθῆναι</span> <span class='ocrx_word' id='word_1_276' title='bbox 2606 1539 2747 1594; x_wconf 83' lang='grc' dir='ltr'>κατὰ</span> <span class='ocrx_word' id='word_1_277' title='bbox 2793 1537 2893 1610; x_wconf 81' lang='grc' dir='ltr'>τῆς</span> <span class='ocrx_word' id='word_1_278' title='bbox 2942 1534 3222 1598; x_wconf 74' lang='grc' dir='ltr'>πολιτείας</span> <span class='ocrx_word' id='word_1_279' title='bbox 3256 1532 3353 1587; x_wconf 75' lang='grc' dir='ltr'><strong>καὶ</strong></span> <span class='ocrx_word' id='word_1_280' title='bbox 3383 1530 3487 1586; x_wconf 80' lang='grc' dir='ltr'>τοῦ</span> <span class='ocrx_word' id='word_1_281' title='bbox 3526 1528 3659 1584; x_wconf 83' lang='grc' dir='ltr'>ναοῦ</span> <span class='ocrx_word' id='word_1_282' title='bbox 3686 1545 3809 1599; x_wconf 76' lang='grc' dir='ltr'>παρ-</span> 
     </span>
    </p>
   </div>
   <div class='ocr_carea' id='block_1_44' title="bbox 2244 1637 2571 1693">
    <p class='ocr_par' dir='ltr' id='par_1_44' title="bbox 2244 1637 2571 1693">
     <span class='ocr_line' id='line_1_44' title="bbox 2244 1637 2571 1693; baseline -0.012 0"><span class='ocrx_word' id='word_1_283' title='bbox 2244 1637 2571 1693; x_wconf 87' lang='grc' dir='ltr'>εσκεύασαν.</span> 
     </span>
    </p>
   </div>
   <div class='ocr_carea' id='block_1_45' title="bbox 2318 1711 3811 1794">
    <p class='ocr_par' dir='ltr' id='par_1_45' title="bbox 2318 1711 3811 1794">
     <span class='ocr_line' id='line_1_45' title="bbox 2318 1711 3811 1794; baseline -0.015 -10"><span class='ocrx_word' id='word_1_284' title='bbox 2318 1735 2415 1794; x_wconf 83' lang='grc' dir='ltr'>ις’.</span> <span class='ocrx_word' id='word_1_285' title='bbox 2456 1721 2558 1780; x_wconf 84' lang='grc' dir='ltr'>Οία</span> <span class='ocrx_word' id='word_1_286' title='bbox 2595 1725 2710 1789; x_wconf 76' lang='grc' dir='ltr'>τοῖς</span> <span class='ocrx_word' id='word_1_287' title='bbox 2744 1720 3019 1783; x_wconf 84' lang='grc' dir='ltr'>Ἰουδαίοις</span> <span class='ocrx_word' id='word_1_288' title='bbox 3046 1720 3074 1774; x_wconf 88' lang='lat'><strong>6</strong></span> <span class='ocrx_word' id='word_1_289' title='bbox 3100 1715 3335 1788; x_wconf 76' lang='grc' dir='ltr'>Χριστὸς</span> <span class='ocrx_word' id='word_1_290' title='bbox 3374 1711 3811 1785; x_wconf 75' lang='grc' dir='ltr'>φιλανθρωπεύε-</span> 
     </span>
    </p>
   </div>
   <div class='ocr_carea' id='block_1_46' title="bbox 2246 1805 3811 1885">
    <p class='ocr_par' dir='ltr' id='par_1_46' title="bbox 2246 1805 3811 1885">
     <span class='ocr_line' id='line_1_46' title="bbox 2246 1805 3811 1885; baseline -0.013 -9"><span class='ocrx_word' id='word_1_291' title='bbox 2246 1840 2355 1885; x_wconf 88' lang='grc' dir='ltr'>ται,</span> <span class='ocrx_word' id='word_1_292' title='bbox 2390 1819 2544 1875; x_wconf 77' lang='grc' dir='ltr'>αὐτοὶ</span> <span class='ocrx_word' id='word_1_293' title='bbox 2584 1818 2642 1871; x_wconf 84' lang='grc' dir='ltr'>δὲ</span> <span class='ocrx_word' id='word_1_294' title='bbox 2679 1813 3006 1875; x_wconf 80' lang='grc' dir='ltr'>ἀσεϐοῦντες</span> <span class='ocrx_word' id='word_1_295' title='bbox 3044 1811 3337 1882; x_wconf 77' lang='grc' dir='ltr'><strong>ἐπέμειναν</strong></span> <span class='ocrx_word' id='word_1_296' title='bbox 3358 1824 3373 1838; x_wconf 78' lang='grc'><strong><em>⁸</em></strong></span> <span class='ocrx_word' id='word_1_297' title='bbox 3401 1806 3603 1875; x_wconf 82' lang='grc' dir='ltr'>διόπερ</span> <span class='ocrx_word' id='word_1_298' title='bbox 3637 1805 3811 1866; x_wconf 65' lang='grc' dir='ltr'>αὐτοὺς</span> 
     </span>
    </p>
   </div>
   <div class='ocr_carea' id='block_1_47' title="bbox 2247 1898 3809 1987">
    <p class='ocr_par' dir='ltr' id='par_1_47' title="bbox 2247 1898 3809 1987">
     <span class='ocr_line' id='line_1_47' title="bbox 2247 1898 3809 1987; baseline -0.013 -18"><span class='ocrx_word' id='word_1_299' title='bbox 2247 1916 2348 1987; x_wconf 84' lang='grc' dir='ltr'><strong>μὲν</strong></span> <span class='ocrx_word' id='word_1_300' title='bbox 2373 1909 2806 1984; x_wconf 79' lang='grc' dir='ltr'>τιμωρήσεσθαι,</span> <span class='ocrx_word' id='word_1_301' title='bbox 2841 1905 3152 1976; x_wconf 82' lang='grc' dir='ltr'>ὲκδικήσειν</span> <span class='ocrx_word' id='word_1_302' title='bbox 3178 1903 3235 1956; x_wconf 82' lang='grc' dir='ltr'>δὲ</span> <span class='ocrx_word' id='word_1_303' title='bbox 3264 1902 3356 1955; x_wconf 78' lang='grc' dir='ltr'>τὸν</span> <span class='ocrx_word' id='word_1_304' title='bbox 3384 1898 3630 1972; x_wconf 79' lang='grc' dir='ltr'>Χριστὸν</span> <span class='ocrx_word' id='word_1_305' title='bbox 3659 1901 3687 1951; x_wconf 98' lang='lat'><strong>6</strong></span> <span class='ocrx_word' id='word_1_306' title='bbox 3712 1900 3809 1951; x_wconf 85' lang='grc' dir='ltr'>Πα-</span> 
     </span>
    </p>
   </div>
   <div class='ocr_carea' id='block_1_48' title="bbox 2242 1992 3749 2083">
    <p class='ocr_par' dir='ltr' id='par_1_48' title="bbox 2242 1992 3749 2083">
     <span class='ocr_line' id='line_1_48' title="bbox 2242 1992 3749 2083; baseline -0.015 -17"><span class='ocrx_word' id='word_1_307' title='bbox 2242 2011 2348 2083; x_wconf 76' lang='grc' dir='ltr'><strong>τὴρ</strong></span> <span class='ocrx_word' id='word_1_308' title='bbox 2377 2010 2452 2073; x_wconf 82' lang='grc' dir='ltr'>ὡς</span> <span class='ocrx_word' id='word_1_309' title='bbox 2487 2001 2942 2078; x_wconf 82' lang='grc' dir='ltr'>παρακουσθέντα</span> <span class='ocrx_word' id='word_1_310' title='bbox 2969 2000 3099 2070; x_wconf 76' lang='grc' dir='ltr'>παρ’</span> <span class='ocrx_word' id='word_1_311' title='bbox 3123 1995 3302 2050; x_wconf 86' lang='grc' dir='ltr'>αὐτῶν</span> <span class='ocrx_word' id='word_1_312' title='bbox 3330 1992 3749 2062; x_wconf 75' lang='grc' dir='ltr'>ἐπαγγέλλεται.</span> 
     </span>
    </p>
   </div>
   <div class='ocr_carea' id='block_1_49' title="bbox 2320 2087 3803 2171">
    <p class='ocr_par' dir='ltr' id='par_1_49' title="bbox 2320 2087 3803 2171">
     <span class='ocr_line' id='line_1_49' title="bbox 2320 2087 3803 2171; baseline -0.014 -14"><span class='ocrx_word' id='word_1_313' title='bbox 2320 2104 2406 2168; x_wconf 80' lang='grc' dir='ltr'><strong>ιζ’.</strong></span> <span class='ocrx_word' id='word_1_314' title='bbox 2448 2098 2778 2171; x_wconf 82' lang='grc' dir='ltr'>Παραίνεσις</span> <span class='ocrx_word' id='word_1_315' title='bbox 2795 2093 2912 2157; x_wconf 86' lang='grc' dir='ltr'><strong>πῶς</strong></span> <span class='ocrx_word' id='word_1_316' title='bbox 2931 2093 3014 2146; x_wconf 83' lang='grc' dir='ltr'>δεῖ</span> <span class='ocrx_word' id='word_1_317' title='bbox 3036 2090 3174 2162; x_wconf 80' lang='grc' dir='ltr'>πρὸς</span> <span class='ocrx_word' id='word_1_318' title='bbox 3190 2088 3429 2153; x_wconf 76' lang='grc' dir='ltr'>τδνΘεὸν</span> <span class='ocrx_word' id='word_1_319' title='bbox 3451 2087 3803 2156; x_wconf 72' lang='grc' dir='ltr'>ἐπιστρέφειν·</span> 
     </span>
    </p>
   </div>
   <div class='ocr_carea' id='block_1_50' title="bbox 2244 2177 3807 2262">
    <p class='ocr_par' dir='ltr' id='par_1_50' title="bbox 2244 2177 3807 2262">
     <span class='ocr_line' id='line_1_50' title="bbox 2244 2177 3807 2262; baseline -0.014 -13"><span class='ocrx_word' id='word_1_320' title='bbox 2244 2194 2342 2249; x_wconf 77' lang='grc' dir='ltr'>καὶ</span> <span class='ocrx_word' id='word_1_321' title='bbox 2364 2191 2669 2262; x_wconf 76' lang='grc' dir='ltr'>κατηγορία</span> <span class='ocrx_word' id='word_1_322' title='bbox 2694 2181 2771 2242; x_wconf 81' lang='grc' dir='ltr'>ὧν</span> <span class='ocrx_word' id='word_1_323' title='bbox 2811 2188 2839 2239; x_wconf 92' lang='lat'><strong>6</strong></span> <span class='ocrx_word' id='word_1_324' title='bbox 2873 2184 2981 2238; x_wconf 89' lang='grc' dir='ltr'><strong>τῶν</strong></span> <span class='ocrx_word' id='word_1_325' title='bbox 3011 2182 3283 2236; x_wconf 86' lang='grc' dir='ltr'>Ἰουδαίων</span> <span class='ocrx_word' id='word_1_326' title='bbox 3319 2179 3451 2243; x_wconf 69' lang='grc' dir='ltr'>λαὸς</span> <span class='ocrx_word' id='word_1_327' title='bbox 3496 2177 3807 2248; x_wconf 76' lang='grc' dir='ltr'>παρανομῶν</span> 
     </span>
    </p>
   </div>
   <div class='ocr_carea' id='block_1_51' title="bbox 2248 2267 3804 2355">
    <p class='ocr_par' dir='ltr' id='par_1_51' title="bbox 2248 2267 3804 2355">
     <span class='ocr_line' id='line_1_51' title="bbox 2248 2267 3804 2355; baseline -0.014 -14"><span class='ocrx_word' id='word_1_328' title='bbox 2248 2285 2540 2355; x_wconf 75' lang='grc' dir='ltr'>ἐλογίζετο.</span> <span class='ocrx_word' id='word_1_329' title='bbox 2564 2281 2675 2335; x_wconf 71' lang='grc' dir='ltr'>Καὶ</span> <span class='ocrx_word' id='word_1_330' title='bbox 2702 2278 2954 2349; x_wconf 84' lang='grc' dir='ltr'>διήγησις</span> <span class='ocrx_word' id='word_1_331' title='bbox 2977 2274 3078 2327; x_wconf 85' lang='grc' dir='ltr'><strong>ὅσα</strong></span> <span class='ocrx_word' id='word_1_332' title='bbox 3100 2273 3189 2327; x_wconf 79' lang='grc' dir='ltr'>διὰ</span> <span class='ocrx_word' id='word_1_333' title='bbox 3211 2270 3378 2341; x_wconf 79' lang='grc' dir='ltr'>νόμου</span> <span class='ocrx_word' id='word_1_334' title='bbox 3405 2270 3507 2323; x_wconf 78' lang='grc' dir='ltr'>καὶ</span> <span class='ocrx_word' id='word_1_335' title='bbox 3538 2267 3804 2338; x_wconf 77' lang='grc' dir='ltr'>προφητῶν</span> 
     </span>
    </p>
   </div>
   <div class='ocr_carea' id='block_1_52' title="bbox 2246 2362 3804 2447">
    <p class='ocr_par' dir='ltr' id='par_1_52' title="bbox 2246 2362 3804 2447">
     <span class='ocr_line' id='line_1_52' title="bbox 2246 2362 3804 2447; baseline -0.013 -14"><span class='ocrx_word' id='word_1_336' title='bbox 2246 2379 2342 2432; x_wconf 77' lang='grc' dir='ltr'><strong>καὶ</strong></span> <span class='ocrx_word' id='word_1_337' title='bbox 2365 2378 2454 2431; x_wconf 81' lang='grc' dir='ltr'>διὰ</span> <span class='ocrx_word' id='word_1_338' title='bbox 2472 2376 2568 2447; x_wconf 83' lang='grc' dir='ltr'>τῆς</span> <span class='ocrx_word' id='word_1_339' title='bbox 2595 2372 2804 2435; x_wconf 75' lang='grc' dir='ltr'>οἰκείας</span> <span class='ocrx_word' id='word_1_340' title='bbox 2833 2367 2997 2424; x_wconf 82' lang='grc' dir='ltr'>αὑτοῦ</span> <span class='ocrx_word' id='word_1_341' title='bbox 3027 2365 3331 2438; x_wconf 85' lang='grc' dir='ltr'>παρουσίας</span> <span class='ocrx_word' id='word_1_342' title='bbox 3351 2365 3380 2418; x_wconf 92' lang='lat'><strong>6</strong></span> <span class='ocrx_word' id='word_1_343' title='bbox 3401 2362 3641 2435; x_wconf 78' lang='grc' dir='ltr'>Χριστὸς</span> <span class='ocrx_word' id='word_1_344' title='bbox 3665 2363 3804 2431; x_wconf 74' lang='grc' dir='ltr'>εὐηρ-</span> 
     </span>
    </p>
   </div>
   <div class='ocr_carea' id='block_1_53' title="bbox 2248 2472 2503 2542">
    <p class='ocr_par' dir='ltr' id='par_1_53' title="bbox 2248 2472 2503 2542">
     <span class='ocr_line' id='line_1_53' title="bbox 2248 2472 2503 2542; baseline -0.004 -17"><span class='ocrx_word' id='word_1_345' title='bbox 2248 2472 2503 2542; x_wconf 86' lang='grc' dir='ltr'>γέτησεν.</span> 
     </span>
    </p>
   </div>
   <div class='ocr_carea' id='block_1_54' title="bbox 2324 2545 3804 2633">
    <p class='ocr_par' dir='ltr' id='par_1_54' title="bbox 2324 2545 3804 2633">
     <span class='ocr_line' id='line_1_54' title="bbox 2324 2545 3804 2633; baseline -0.013 -19"><span class='ocrx_word' id='word_1_346' title='bbox 2324 2567 2413 2633; x_wconf 82' lang='grc' dir='ltr'>ιη’.</span> <span class='ocrx_word' id='word_1_347' title='bbox 2438 2561 2624 2621; x_wconf 81' lang='grc' dir='ltr'>Ὅπως</span> <span class='ocrx_word' id='word_1_348' title='bbox 2657 2558 2685 2609; x_wconf 88' lang='lat'><strong>6</strong></span> <span class='ocrx_word' id='word_1_349' title='bbox 2712 2554 2819 2609; x_wconf 90' lang='grc' dir='ltr'><strong>τῶν</strong></span> <span class='ocrx_word' id='word_1_350' title='bbox 2852 2552 3124 2606; x_wconf 81' lang='grc' dir='ltr'>Ἰουδαίων</span> <span class='ocrx_word' id='word_1_351' title='bbox 3148 2548 3275 2613; x_wconf 80' lang='grc' dir='ltr'>λαὸς</span> <span class='ocrx_word' id='word_1_352' title='bbox 3304 2547 3397 2601; x_wconf 80' lang='grc' dir='ltr'>τὸν</span> <span class='ocrx_word' id='word_1_353' title='bbox 3419 2545 3662 2617; x_wconf 78' lang='grc' dir='ltr'>Χριστὸν</span> <span class='ocrx_word' id='word_1_354' title='bbox 3687 2545 3804 2597; x_wconf 79' lang='grc' dir='ltr'>ὀνει-</span> 
     </span>
    </p>
   </div>
   <div class='ocr_carea' id='block_1_55' title="bbox 2248 2636 3801 2721">
    <p class='ocr_par' dir='ltr' id='par_1_55' title="bbox 2248 2636 3801 2721">
     <span class='ocr_line' id='line_1_55' title="bbox 2248 2636 3801 2721; baseline -0.013 -14"><span class='ocrx_word' id='word_1_355' title='bbox 2248 2653 2401 2716; x_wconf 87' lang='grc' dir='ltr'>δίσας</span> <span class='ocrx_word' id='word_1_356' title='bbox 2426 2650 2525 2721; x_wconf 79' lang='grc' dir='ltr'><strong>τὴν</strong></span> <span class='ocrx_word' id='word_1_357' title='bbox 2548 2647 2780 2720; x_wconf 80' lang='grc' dir='ltr'>ἀμοιϐὴν</span> <span class='ocrx_word' id='word_1_358' title='bbox 2809 2643 3074 2708; x_wconf 83' lang='grc' dir='ltr'>ἀπέλαϐε,</span> <span class='ocrx_word' id='word_1_359' title='bbox 3104 2642 3200 2696; x_wconf 72' lang='grc' dir='ltr'><strong>καὶ</strong></span> <span class='ocrx_word' id='word_1_360' title='bbox 3220 2644 3290 2712; x_wconf 79' lang='grc' dir='ltr'>τῇ</span> <span class='ocrx_word' id='word_1_361' title='bbox 3309 2640 3530 2709; x_wconf 65' lang='grc' dir='ltr'>δουλείᾳ</span> <span class='ocrx_word' id='word_1_362' title='bbox 3550 2638 3657 2689; x_wconf 86' lang='grc' dir='ltr'><strong>τῶν</strong></span> <span class='ocrx_word' id='word_1_363' title='bbox 3678 2636 3801 2689; x_wconf 76' lang='grc' dir='ltr'>εἰδώ-</span> 
     </span>
    </p>
   </div>
   <div class='ocr_carea' id='block_1_56' title="bbox 2249 2726 3801 2811">
    <p class='ocr_par' dir='ltr' id='par_1_56' title="bbox 2249 2726 3801 2811">
     <span class='ocr_line' id='line_1_56' title="bbox 2249 2726 3801 2811; baseline -0.012 -14"><span class='ocrx_word' id='word_1_364' title='bbox 2249 2745 2357 2797; x_wconf 85' lang='grc' dir='ltr'><strong>λων</strong></span> <span class='ocrx_word' id='word_1_365' title='bbox 2396 2739 2686 2811; x_wconf 83' lang='grc' dir='ltr'>ὲπιμείνας</span> <span class='ocrx_word' id='word_1_366' title='bbox 2721 2736 3047 2807; x_wconf 76' lang='grc' dir='ltr'>ἠφάνισται·</span> <span class='ocrx_word' id='word_1_367' title='bbox 3080 2731 3175 2787; x_wconf 78' lang='grc' dir='ltr'>καὶ</span> <span class='ocrx_word' id='word_1_368' title='bbox 3205 2734 3305 2785; x_wconf 83' lang='grc' dir='ltr'>ὅσα</span> <span class='ocrx_word' id='word_1_369' title='bbox 3346 2730 3502 2802; x_wconf 82' lang='grc' dir='ltr'>παρὰ</span> <span class='ocrx_word' id='word_1_370' title='bbox 3556 2730 3649 2782; x_wconf 79' lang='grc' dir='ltr'>τοῦ</span> <span class='ocrx_word' id='word_1_371' title='bbox 3691 2726 3801 2781; x_wconf 74' lang='grc' dir='ltr'>Θεοῦ</span> 
     </span>
    </p>
   </div>
   <div class='ocr_carea' id='block_1_57' title="bbox 2251 2819 3799 2906">
    <p class='ocr_par' dir='ltr' id='par_1_57' title="bbox 2251 2819 3799 2906">
     <span class='ocr_line' id='line_1_57' title="bbox 2251 2819 3799 2906; baseline -0.011 -16"><span class='ocrx_word' id='word_1_372' title='bbox 2251 2831 2593 2906; x_wconf 78' lang='grc' dir='ltr'>εὐηργετήοη</span> <span class='ocrx_word' id='word_1_373' title='bbox 2633 2831 2897 2902; x_wconf 80' lang='grc' dir='ltr'>πρότερον</span> <span class='ocrx_word' id='word_1_374' title='bbox 2916 2868 2932 2895; x_wconf 91' lang='grc'><strong>,</strong></span> <span class='ocrx_word' id='word_1_375' title='bbox 2965 2827 3358 2899; x_wconf 84' lang='grc' dir='ltr'>ἀγνωμονήσας</span> <span class='ocrx_word' id='word_1_376' title='bbox 3390 2823 3448 2877; x_wconf 83' lang='grc' dir='ltr'>δὲ</span> <span class='ocrx_word' id='word_1_377' title='bbox 3490 2823 3629 2894; x_wconf 78' lang='grc' dir='ltr'>μετὰ</span> <span class='ocrx_word' id='word_1_378' title='bbox 3658 2819 3799 2874; x_wconf 73' lang='grc' dir='ltr'>ταῦτα</span> 
     </span>
    </p>
   </div>
   <div class='ocr_carea' id='block_1_58' title="bbox 2251 2926 2592 2984">
    <p class='ocr_par' dir='ltr' id='par_1_58' title="bbox 2251 2926 2592 2984">
     <span class='ocr_line' id='line_1_58' title="bbox 2251 2926 2592 2984; baseline 0 -2"><span class='ocrx_word' id='word_1_379' title='bbox 2251 2926 2592 2984; x_wconf 87' lang='grc' dir='ltr'>παιδεύεται.</span> 
     </span>
    </p>
   </div>
   <div class='ocr_carea' id='block_1_59' title="bbox 2324 3002 3799 3083">
    <p class='ocr_par' dir='ltr' id='par_1_59' title="bbox 2324 3002 3799 3083">
     <span class='ocr_line' id='line_1_59' title="bbox 2324 3002 3799 3083; baseline -0.012 -12"><span class='ocrx_word' id='word_1_380' title='bbox 2324 3017 2410 3071; x_wconf 75' lang='grc' dir='ltr'>ιον.</span> <span class='ocrx_word' id='word_1_381' title='bbox 2445 3012 2779 3083; x_wconf 77' lang='grc' dir='ltr'>Ὀνειδισμδς</span> <span class='ocrx_word' id='word_1_382' title='bbox 2805 3010 2953 3065; x_wconf 82' lang='grc' dir='ltr'>κατὰ</span> <span class='ocrx_word' id='word_1_383' title='bbox 2981 3008 3091 3063; x_wconf 90' lang='grc' dir='ltr'><strong>τῶν</strong></span> <span class='ocrx_word' id='word_1_384' title='bbox 3126 3007 3416 3071; x_wconf 85' lang='grc' dir='ltr'>Ἰουδαίων,</span> <span class='ocrx_word' id='word_1_385' title='bbox 3440 3006 3527 3059; x_wconf 83' lang='grc' dir='ltr'><strong>ὅτι</strong></span> <span class='ocrx_word' id='word_1_386' title='bbox 3566 3002 3658 3057; x_wconf 80' lang='grc' dir='ltr'><strong>τού</strong></span> <span class='ocrx_word' id='word_1_387' title='bbox 3692 3002 3799 3072; x_wconf 81' lang='grc' dir='ltr'>Χρι-</span> 
     </span>
    </p>
   </div>
   <div class='ocr_carea' id='block_1_60' title="bbox 2254 3092 3799 3179">
    <p class='ocr_par' dir='ltr' id='par_1_60' title="bbox 2254 3092 3799 3179">
     <span class='ocr_line' id='line_1_60' title="bbox 2254 3092 3799 3179; baseline -0.014 -15"><span class='ocrx_word' id='word_1_388' title='bbox 2254 3107 2380 3163; x_wconf 81' lang='grc' dir='ltr'>στοῦ</span> <span class='ocrx_word' id='word_1_389' title='bbox 2411 3108 2508 3179; x_wconf 84' lang='grc' dir='ltr'>μὲν</span> <span class='ocrx_word' id='word_1_390' title='bbox 2532 3104 2687 3161; x_wconf 70' lang='grc' dir='ltr'>αὐτοὶ</span> <span class='ocrx_word' id='word_1_391' title='bbox 2710 3103 2807 3175; x_wconf 79' lang='grc' dir='ltr'><strong>τὴν</strong></span> <span class='ocrx_word' id='word_1_392' title='bbox 2827 3098 3105 3174; x_wconf 80' lang='grc' dir='ltr'>βασιλείαν</span> <span class='ocrx_word' id='word_1_393' title='bbox 3126 3098 3453 3171; x_wconf 79' lang='grc' dir='ltr'>ἠρνήσαντο,</span> <span class='ocrx_word' id='word_1_394' title='bbox 3474 3095 3636 3158; x_wconf 79' lang='grc' dir='ltr'>αὐτὸς</span> <span class='ocrx_word' id='word_1_395' title='bbox 3654 3093 3706 3146; x_wconf 80' lang='grc' dir='ltr'>δὲ</span> <span class='ocrx_word' id='word_1_396' title='bbox 3727 3092 3799 3144; x_wconf 63' lang='grc' dir='ltr'><strong>τὸν</strong></span> 
     </span>
    </p>
   </div>
   <div class='ocr_carea' id='block_1_61' title="bbox 581 3185 2149 3274">
    <p class='ocr_par' dir='ltr' id='par_1_61' title="bbox 581 3185 2149 3264">
     <span class='ocr_line' id='line_1_61' title="bbox 581 3185 2149 3264; baseline 0.01 -23"><span class='ocrx_word' id='word_1_397' title='bbox 581 3185 800 3252; x_wconf 77' lang='grc' dir='ltr'>οίῐοοὶι,</span> <span class='ocrx_word' id='word_1_398' title='bbox 828 3191 1102 3262; x_wconf 87' lang='lat' dir='ltr'><strong>mortique</strong></span> <span class='ocrx_word' id='word_1_399' title='bbox 1128 3191 1291 3249; x_wconf 79' lang='lat' dir='ltr'><strong>linem</strong></span> <span class='ocrx_word' id='word_1_400' title='bbox 1341 3195 1618 3264; x_wconf 91' lang='lat' dir='ltr'><strong>imposuit,</strong></span> <span class='ocrx_word' id='word_1_401' title='bbox 1651 3199 2004 3256; x_wconf 87' lang='lat' dir='ltr'><strong>abolitionem</strong></span> <span class='ocrx_word' id='word_1_402' title='bbox 2049 3217 2149 3257; x_wconf 87' lang='lat' dir='ltr'><strong>au-</strong></span> 
     </span>
    </p>
   </div>
   <div class='ocr_carea' id='block_1_62' title="bbox 2257 3185 3796 3274">
    <p class='ocr_par' dir='ltr' id='par_1_62' title="bbox 2257 3187 3796 3274">
     <span class='ocr_line' id='line_1_62' title="bbox 2257 3187 3796 3274; baseline -0.012 -18"><span class='ocrx_word' id='word_1_403' title='bbox 2257 3202 2356 3274; x_wconf 84' lang='grc' dir='ltr'><strong>μὲν</strong></span> <span class='ocrx_word' id='word_1_404' title='bbox 2382 3199 2629 3255; x_wconf 84' lang='grc' dir='ltr'>διάϐολον</span> <span class='ocrx_word' id='word_1_405' title='bbox 2656 3196 2975 3267; x_wconf 81' lang='grc' dir='ltr'>κατήργησε</span> <span class='ocrx_word' id='word_1_406' title='bbox 2995 3232 3011 3259; x_wconf 93' lang='grc'><strong>,</strong></span> <span class='ocrx_word' id='word_1_407' title='bbox 3046 3191 3143 3246; x_wconf 78' lang='grc' dir='ltr'>καὶ</span> <span class='ocrx_word' id='word_1_408' title='bbox 3180 3190 3271 3243; x_wconf 83' lang='grc' dir='ltr'><strong>τὸν</strong></span> <span class='ocrx_word' id='word_1_409' title='bbox 3302 3189 3534 3243; x_wconf 80' lang='grc' dir='ltr'>Θάνατον</span> <span class='ocrx_word' id='word_1_410' title='bbox 3559 3187 3796 3240; x_wconf 81' lang='grc' dir='ltr'>ἔπαυσεν·</span> 
     </span>
    </p>
   </div>
   <div class='ocr_carea' id='block_1_63' title="bbox 582 3278 1972 3359">
    <p class='ocr_par' dir='ltr' id='par_1_63' title="bbox 582 3278 1972 3359">
     <span class='ocr_line' id='line_1_63' title="bbox 582 3278 1972 3359; baseline 0.012 -24"><span class='ocrx_word' id='word_1_411' title='bbox 582 3287 692 3335; x_wconf 86' lang='lat' dir='ltr'><strong>tem</strong></span> <span class='ocrx_word' id='word_1_412' title='bbox 725 3278 1024 3355; x_wconf 66' lang='lat' dir='ltr'><strong>Synagoga:</strong></span> <span class='ocrx_word' id='word_1_413' title='bbox 1050 3293 1108 3340; x_wconf 91' lang='lat' dir='ltr'><strong>et</strong></span> <span class='ocrx_word' id='word_1_414' title='bbox 1133 3285 1251 3356; x_wconf 82' lang='lat' dir='ltr'><strong>ejus</strong></span> <span class='ocrx_word' id='word_1_415' title='bbox 1292 3287 1574 3359; x_wconf 89' lang='lat' dir='ltr'><strong>regiminis</strong></span> <span class='ocrx_word' id='word_1_416' title='bbox 1596 3289 1833 3350; x_wconf 90' lang='lat' dir='ltr'><strong>minatus</strong></span> <span class='ocrx_word' id='word_1_417' title='bbox 1866 3302 1972 3350; x_wconf 89' lang='lat' dir='ltr'><strong>est.</strong></span> 
     </span>
    </p>
   </div>
   <div class='ocr_carea' id='block_1_64' title="bbox 653 3467 2155 3557">
    <p class='ocr_par' dir='ltr' id='par_1_64' title="bbox 653 3467 2155 3557">
     <span class='ocr_line' id='line_1_64' title="bbox 653 3467 2155 3557; baseline 0.015 -34"><span class='ocrx_word' id='word_1_418' title='bbox 653 3467 775 3525; x_wconf 79' lang='lat' dir='ltr'><strong>XX.</strong></span> <span class='ocrx_word' id='word_1_419' title='bbox 829 3469 1147 3530; x_wconf 79' lang='lat' dir='ltr'><strong>Exhortatio</strong></span> <span class='ocrx_word' id='word_1_420' title='bbox 1184 3476 1253 3532; x_wconf 86' lang='lat' dir='ltr'><strong>ad</strong></span> <span class='ocrx_word' id='word_1_421' title='bbox 1303 3477 1728 3549; x_wconf 81' lang='lat' dir='ltr'><strong>confessionem,</strong></span> <span class='ocrx_word' id='word_1_422' title='bbox 1763 3493 1819 3540; x_wconf 88' lang='lat' dir='ltr'><strong>et</strong></span> <span class='ocrx_word' id='word_1_423' title='bbox 1864 3488 2155 3557; x_wconf 89' lang='lat' dir='ltr'><strong>promissio</strong></span> 
     </span>
    </p>
   </div>
   <div class='ocr_carea' id='block_1_65' title="bbox 583 3562 2153 3647">
    <p class='ocr_par' dir='ltr' id='par_1_65' title="bbox 583 3562 2153 3647">
     <span class='ocr_line' id='line_1_65' title="bbox 583 3562 2153 3647; baseline 0.016 -35"><span class='ocrx_word' id='word_1_424' title='bbox 583 3562 762 3615; x_wconf 75' lang='lat' dir='ltr'><strong>venia:</strong></span> <span class='ocrx_word' id='word_1_425' title='bbox 807 3568 863 3616; x_wconf 91' lang='lat' dir='ltr'><strong>et</strong></span> <span class='ocrx_word' id='word_1_426' title='bbox 906 3564 1342 3635; x_wconf 88' lang='lat' dir='ltr'><strong>participationis</strong></span> <span class='ocrx_word' id='word_1_427' title='bbox 1392 3571 1773 3642; x_wconf 80' lang='lat' dir='ltr'><strong>mysteriorum</strong></span> <span class='ocrx_word' id='word_1_428' title='bbox 1800 3576 1998 3647; x_wconf 86' lang='lat' dir='ltr'><strong>quibus</strong></span> <span class='ocrx_word' id='word_1_429' title='bbox 2019 3595 2153 3645; x_wconf 69' lang='lat' dir='ltr'><strong>ren-</strong></span> 
     </span>
    </p>
   </div>
   <div class='ocr_carea' id='block_1_66' title="bbox 586 3649 1343 3725">
    <p class='ocr_par' dir='ltr' id='par_1_66' title="bbox 586 3649 1343 3725">
     <span class='ocr_line' id='line_1_66' title="bbox 586 3649 1343 3725; baseline 0.012 -21"><span class='ocrx_word' id='word_1_430' title='bbox 586 3649 723 3706; x_wconf 91' lang='lat' dir='ltr'><strong>tium</strong></span> <span class='ocrx_word' id='word_1_431' title='bbox 750 3654 983 3723; x_wconf 86' lang='lat' dir='ltr'><strong>populus</strong></span> <span class='ocrx_word' id='word_1_432' title='bbox 1006 3656 1212 3725; x_wconf 90' lang='lat' dir='ltr'><strong>potitus</strong></span> <span class='ocrx_word' id='word_1_433' title='bbox 1238 3667 1343 3714; x_wconf 89' lang='lat' dir='ltr'><strong>est.</strong></span> 
     </span>
    </p>
   </div>
   <div class='ocr_carea' id='block_1_67' title="bbox 654 3744 2154 3831">
    <p class='ocr_par' dir='ltr' id='par_1_67' title="bbox 654 3744 2154 3831">
     <span class='ocr_line' id='line_1_67' title="bbox 654 3744 2154 3831; baseline 0.014 -32"><span class='ocrx_word' id='word_1_434' title='bbox 654 3744 793 3801; x_wconf 87' lang='lat' dir='ltr'><strong>Osee</strong></span> <span class='ocrx_word' id='word_1_435' title='bbox 825 3747 1095 3818; x_wconf 81' lang='lat' dir='ltr'><strong>signiﬁcat</strong></span> <span class='ocrx_word' id='word_1_436' title='bbox 1136 3750 1392 3806; x_wconf 74' lang='lat' dir='ltr'><strong>salvatus.</strong></span> <span class='ocrx_word' id='word_1_437' title='bbox 1439 3753 1536 3809; x_wconf 88' lang='lat' dir='ltr'><strong>Ille</strong></span> <span class='ocrx_word' id='word_1_438' title='bbox 1564 3765 1683 3811; x_wconf 90' lang='lat' dir='ltr'><strong>erat</strong></span> <span class='ocrx_word' id='word_1_439' title='bbox 1723 3772 1791 3813; x_wconf 88' lang='lat' dir='ltr'><strong>ex</strong></span> <span class='ocrx_word' id='word_1_440' title='bbox 1836 3757 2113 3819; x_wconf 86' lang='lat' dir='ltr'><strong>Belemoth</strong></span> <span class='ocrx_word' id='word_1_441' title='bbox 2138 3806 2154 3831; x_wconf 95' lang='lat'><strong>,</strong></span> 
     </span>
    </p>
   </div>
   <div class='ocr_carea' id='block_1_68' title="bbox 586 3836 2157 3922">
    <p class='ocr_par' dir='ltr' id='par_1_68' title="bbox 586 3836 2157 3922">
     <span class='ocr_line' id='line_1_68' title="bbox 586 3836 2157 3922; baseline 0.014 -33"><span class='ocrx_word' id='word_1_442' title='bbox 586 3836 654 3892; x_wconf 88' lang='lat' dir='ltr'><strong>de</strong></span> <span class='ocrx_word' id='word_1_443' title='bbox 683 3838 830 3894; x_wconf 87' lang='lat' dir='ltr'><strong>tribu</strong></span> <span class='ocrx_word' id='word_1_444' title='bbox 860 3839 1137 3906; x_wconf 88' lang='lat' dir='ltr'><strong>Issachar;</strong></span> <span class='ocrx_word' id='word_1_445' title='bbox 1165 3851 1222 3898; x_wconf 91' lang='lat' dir='ltr'><strong>et</strong></span> <span class='ocrx_word' id='word_1_446' title='bbox 1266 3843 1418 3898; x_wconf 90' lang='lat' dir='ltr'><strong>dedit</strong></span> <span class='ocrx_word' id='word_1_447' title='bbox 1447 3845 1660 3917; x_wconf 88' lang='lat' dir='ltr'><strong>signum</strong></span> <span class='ocrx_word' id='word_1_448' title='bbox 1690 3860 1980 3908; x_wconf 87' lang='lat' dir='ltr'><strong>venturum</strong></span> <span class='ocrx_word' id='word_1_449' title='bbox 2006 3898 2021 3922; x_wconf 95' lang='lat'><strong>,</strong></span> <span class='ocrx_word' id='word_1_450' title='bbox 2050 3856 2157 3911; x_wconf 92' lang='lat' dir='ltr'><strong>Do-</strong></span> 
     </span>
    </p>
   </div>
   <div class='ocr_carea' id='block_1_69' title="bbox 587 3930 2159 4004">
    <p class='ocr_par' dir='ltr' id='par_1_69' title="bbox 587 3930 2159 4004">
     <span class='ocr_line' id='line_1_69' title="bbox 587 3930 2159 4004; baseline 0.012 -19"><span class='ocrx_word' id='word_1_451' title='bbox 587 3931 796 3985; x_wconf 91' lang='lat' dir='ltr'><strong>minum</strong></span> <span class='ocrx_word' id='word_1_452' title='bbox 843 3930 1049 3987; x_wconf 87' lang='lat' dir='ltr'><strong>scilicet</strong></span> <span class='ocrx_word' id='word_1_453' title='bbox 1084 3949 1207 3989; x_wconf 89' lang='lat' dir='ltr'><strong>cum</strong></span> <span class='ocrx_word' id='word_1_454' title='bbox 1244 3935 1561 3993; x_wconf 84' lang='lat' dir='ltr'><strong>hominibus</strong></span> <span class='ocrx_word' id='word_1_455' title='bbox 1627 3939 1683 3995; x_wconf 90' lang='lat' dir='ltr'><strong>in</strong></span> <span class='ocrx_word' id='word_1_456' title='bbox 1736 3949 1881 3999; x_wconf 89' lang='lat' dir='ltr'><strong>terra</strong></span> <span class='ocrx_word' id='word_1_457' title='bbox 1928 3961 2159 4004; x_wconf 84' lang='lat' dir='ltr'><strong>conver-</strong></span> 
     </span>
    </p>
   </div>
   <div class='ocr_carea' id='block_1_70' title="bbox 570 4024 2157 4111">
    <p class='ocr_par' dir='ltr' id='par_1_70' title="bbox 570 4024 2157 4111">
     <span class='ocr_line' id='line_1_70' title="bbox 570 4024 2157 4111; baseline 0.011 -32"><span class='ocrx_word' id='word_1_458' title='bbox 570 4032 786 4079; x_wconf 70' lang='lat' dir='ltr'><strong>satum.</strong></span> <span class='ocrx_word' id='word_1_459' title='bbox 806 4024 874 4080; x_wconf 83' lang='lat' dir='ltr'><strong>Et</strong></span> <span class='ocrx_word' id='word_1_460' title='bbox 891 4040 1127 4095; x_wconf 86' lang='lat' dir='ltr'><strong>quercus</strong></span> <span class='ocrx_word' id='word_1_461' title='bbox 1154 4027 1324 4084; x_wconf 89' lang='lat' dir='ltr'><strong>Silom</strong></span> <span class='ocrx_word' id='word_1_462' title='bbox 1344 4029 1615 4087; x_wconf 88' lang='lat' dir='ltr'><strong>dividetur</strong></span> <span class='ocrx_word' id='word_1_463' title='bbox 1641 4033 1696 4087; x_wconf 87' lang='lat' dir='ltr'><strong>in</strong></span> <span class='ocrx_word' id='word_1_464' title='bbox 1722 4035 2006 4094; x_wconf 90' lang='lat' dir='ltr'><strong>duodecim</strong></span> <span class='ocrx_word' id='word_1_465' title='bbox 2030 4056 2157 4111; x_wconf 86' lang='lat' dir='ltr'><strong>par-</strong></span> 
     </span>
    </p>
   </div>
   <div class='ocr_carea' id='block_1_71' title="bbox 588 4118 2160 4196">
    <p class='ocr_par' dir='ltr' id='par_1_71' title="bbox 588 4118 2160 4196">
     <span class='ocr_line' id='line_1_71' title="bbox 588 4118 2160 4196; baseline 0.011 -24"><span class='ocrx_word' id='word_1_466' title='bbox 588 4127 690 4184; x_wconf 89' lang='lat' dir='ltr'><strong>tes,</strong></span> <span class='ocrx_word' id='word_1_467' title='bbox 711 4125 768 4173; x_wconf 90' lang='lat' dir='ltr'><strong>et</strong></span> <span class='ocrx_word' id='word_1_468' title='bbox 784 4118 924 4173; x_wconf 86' lang='lat' dir='ltr'><strong>sicut</strong></span> <span class='ocrx_word' id='word_1_469' title='bbox 950 4118 1237 4176; x_wconf 83' lang='lat' dir='ltr'><strong>duodecim</strong></span> <span class='ocrx_word' id='word_1_470' title='bbox 1271 4138 1505 4193; x_wconf 89' lang='lat' dir='ltr'><strong>quercus</strong></span> <span class='ocrx_word' id='word_1_471' title='bbox 1564 4141 1686 4196; x_wconf 71' lang='lat' dir='ltr'><strong>qua:</strong></span> <span class='ocrx_word' id='word_1_472' title='bbox 1731 4130 1952 4187; x_wconf 88' lang='lat' dir='ltr'><strong>audiant</strong></span> <span class='ocrx_word' id='word_1_473' title='bbox 1984 4142 2039 4189; x_wconf 89' lang='lat' dir='ltr'><strong>et</strong></span> <span class='ocrx_word' id='word_1_474' title='bbox 2068 4149 2160 4190; x_wconf 89' lang='lat' dir='ltr'><strong>se-</strong></span> 
     </span>
    </p>
   </div>
   <div class='ocr_carea' id='block_1_72' title="bbox 585 4208 2160 4288">
    <p class='ocr_par' dir='ltr' id='par_1_72' title="bbox 585 4208 2160 4288">
     <span class='ocr_line' id='line_1_72' title="bbox 585 4208 2160 4288; baseline 0.01 -26"><span class='ocrx_word' id='word_1_475' title='bbox 585 4217 825 4278; x_wconf 90' lang='lat' dir='ltr'><strong>quantur</strong></span> <span class='ocrx_word' id='word_1_476' title='bbox 860 4208 1026 4264; x_wconf 90' lang='lat' dir='ltr'><strong>Deum</strong></span> <span class='ocrx_word' id='word_1_477' title='bbox 1058 4209 1113 4264; x_wconf 93' lang='lat' dir='ltr'><strong>in</strong></span> <span class='ocrx_word' id='word_1_478' title='bbox 1151 4211 1310 4267; x_wconf 91' lang='lat' dir='ltr'><strong>terris</strong></span> <span class='ocrx_word' id='word_1_479' title='bbox 1356 4212 1556 4269; x_wconf 88' lang='lat' dir='ltr'><strong>visum.</strong></span> <span class='ocrx_word' id='word_1_480' title='bbox 1583 4216 1647 4270; x_wconf 88' lang='lat' dir='ltr'><strong>Et</strong></span> <span class='ocrx_word' id='word_1_481' title='bbox 1663 4231 1761 4286; x_wconf 90' lang='lat' dir='ltr'><strong>per</strong></span> <span class='ocrx_word' id='word_1_482' title='bbox 1780 4217 1957 4288; x_wconf 87' lang='lat' dir='ltr'><strong>ipsum</strong></span> <span class='ocrx_word' id='word_1_483' title='bbox 1982 4221 2160 4276; x_wconf 87' lang='lat' dir='ltr'><strong>salva-</strong></span> 
     </span>
    </p>
   </div>
   <div class='ocr_carea' id='block_1_73' title="bbox 587 4300 2161 4379">
    <p class='ocr_par' dir='ltr' id='par_1_73' title="bbox 587 4300 2161 4379">
     <span class='ocr_line' id='line_1_73' title="bbox 587 4300 2161 4379; baseline 0.01 -24"><span class='ocrx_word' id='word_1_484' title='bbox 587 4300 733 4355; x_wconf 86' lang='lat' dir='ltr'><strong>bitur</strong></span> <span class='ocrx_word' id='word_1_485' title='bbox 764 4301 944 4357; x_wconf 89' lang='lat' dir='ltr'><strong>omnis</strong></span> <span class='ocrx_word' id='word_1_486' title='bbox 970 4310 1134 4357; x_wconf 88' lang='lat' dir='ltr'><strong>terra.</strong></span> <span class='ocrx_word' id='word_1_487' title='bbox 1154 4302 1220 4358; x_wconf 87' lang='lat' dir='ltr'><strong>Et</strong></span> <span class='ocrx_word' id='word_1_488' title='bbox 1246 4312 1495 4361; x_wconf 84' lang='lat' dir='ltr'><strong>mortuus</strong></span> <span class='ocrx_word' id='word_1_489' title='bbox 1533 4308 1780 4379; x_wconf 90' lang='lat' dir='ltr'><strong>sepultus</strong></span> <span class='ocrx_word' id='word_1_490' title='bbox 1813 4320 1896 4366; x_wconf 88' lang='lat' dir='ltr'><strong>est</strong></span> <span class='ocrx_word' id='word_1_491' title='bbox 1924 4311 1980 4367; x_wconf 92' lang='lat' dir='ltr'><strong>in</strong></span> <span class='ocrx_word' id='word_1_492' title='bbox 2017 4321 2161 4370; x_wconf 88' lang='lat' dir='ltr'><strong>terra</strong></span> 
     </span>
    </p>
   </div>
   <div class='ocr_carea' id='block_1_74' title="bbox 877 4504 1850 4571">
    <p class='ocr_par' dir='ltr' id='par_1_74' title="bbox 877 4504 1850 4571">
     <span class='ocr_line' id='line_1_74' title="bbox 877 4504 1850 4571; baseline 0.008 -8"><span class='ocrx_word' id='word_1_493' title='bbox 877 4504 1129 4563; x_wconf 82' lang='lat' dir='ltr'><strong>CAPITA</strong></span> <span class='ocrx_word' id='word_1_494' title='bbox 1166 4507 1400 4564; x_wconf 83' lang='lat' dir='ltr'><strong>JOELIS</strong></span> <span class='ocrx_word' id='word_1_495' title='bbox 1436 4509 1850 4571; x_wconf 66' lang='lat' dir='ltr'><strong>PROPHETE.</strong></span> 
     </span>
    </p>
   </div>
   <div class='ocr_carea' id='block_1_75' title="bbox 658 4621 2163 4706">
    <p class='ocr_par' dir='ltr' id='par_1_75' title="bbox 658 4621 2163 4706">
     <span class='ocr_line' id='line_1_75' title="bbox 658 4621 2163 4706; baseline 0.009 -29"><span class='ocrx_word' id='word_1_496' title='bbox 658 4621 704 4679; x_wconf 89' lang='grc'><strong>1.</strong></span> <span class='ocrx_word' id='word_1_497' title='bbox 734 4622 1023 4679; x_wconf 81' lang='lat' dir='ltr'><strong>Accusatio</strong></span> <span class='ocrx_word' id='word_1_498' title='bbox 1037 4623 1370 4692; x_wconf 68' lang='lat' dir='ltr'><strong>Iudaeorum,</strong></span> <span class='ocrx_word' id='word_1_499' title='bbox 1394 4637 1451 4683; x_wconf 91' lang='lat' dir='ltr'><strong>et</strong></span> <span class='ocrx_word' id='word_1_500' title='bbox 1480 4630 1801 4687; x_wconf 80' lang='lat' dir='ltr'><strong>vaticinium</strong></span> <span class='ocrx_word' id='word_1_501' title='bbox 1831 4649 2020 4689; x_wconf 85' lang='lat' dir='ltr'><strong>eorum</strong></span> <span class='ocrx_word' id='word_1_502' title='bbox 2042 4652 2163 4706; x_wconf 68' lang='lat' dir='ltr'><strong>quae</strong></span> 
     </span>
    </p>
   </div>
   <div class='ocr_carea' id='block_1_76' title="bbox 589 4711 2120 4790">
    <p class='ocr_par' dir='ltr' id='par_1_76' title="bbox 589 4711 2120 4790">
     <span class='ocr_line' id='line_1_76' title="bbox 589 4711 2120 4790; baseline 0.01 -24"><span class='ocrx_word' id='word_1_503' title='bbox 589 4711 833 4783; x_wconf 87' lang='lat' dir='ltr'><strong>gentium</strong></span> <span class='ocrx_word' id='word_1_504' title='bbox 865 4714 1103 4784; x_wconf 89' lang='lat' dir='ltr'><strong>populus</strong></span> <span class='ocrx_word' id='word_1_505' title='bbox 1161 4714 1404 4771; x_wconf 85' lang='lat' dir='ltr'><strong>facturus</strong></span> <span class='ocrx_word' id='word_1_506' title='bbox 1438 4728 1521 4773; x_wconf 88' lang='lat' dir='ltr'><strong>est</strong></span> <span class='ocrx_word' id='word_1_507' title='bbox 1560 4721 1759 4790; x_wconf 79' lang='lat' dir='ltr'><strong>papulo</strong></span> <span class='ocrx_word' id='word_1_508' title='bbox 1785 4722 2120 4781; x_wconf 73' lang='lat' dir='ltr'><strong>Judzeorum.</strong></span> 
     </span>
    </p>
   </div>
   <div class='ocr_carea' id='block_1_77' title="bbox 659 4803 2166 4886">
    <p class='ocr_par' dir='ltr' id='par_1_77' title="bbox 659 4803 2166 4886">
     <span class='ocr_line' id='line_1_77' title="bbox 659 4803 2166 4886; baseline 0.01 -29"><span class='ocrx_word' id='word_1_509' title='bbox 659 4803 726 4858; x_wconf 93' lang='grc'><strong>11.</strong></span> <span class='ocrx_word' id='word_1_510' title='bbox 766 4804 1106 4860; x_wconf 87' lang='lat' dir='ltr'><strong>Lamentatio</strong></span> <span class='ocrx_word' id='word_1_511' title='bbox 1157 4806 1466 4863; x_wconf 78' lang='lat' dir='ltr'><strong>Judaeorum</strong></span> <span class='ocrx_word' id='word_1_512' title='bbox 1528 4812 1877 4868; x_wconf 86' lang='lat' dir='ltr'><strong>sacerdotum</strong></span> <span class='ocrx_word' id='word_1_513' title='bbox 1943 4827 2166 4886; x_wconf 89' lang='lat' dir='ltr'><strong>pr0pter</strong></span> 
     </span>
    </p>
   </div>
   <div class='ocr_carea' id='block_1_78' title="bbox 572 4896 2167 4972">
    <p class='ocr_par' dir='ltr' id='par_1_78' title="bbox 572 4896 2167 4972">
     <span class='ocr_line' id='line_1_78' title="bbox 572 4896 2167 4972; baseline 0.008 -20"><span class='ocrx_word' id='word_1_514' title='bbox 572 4896 932 4952; x_wconf 48' lang='lat' dir='ltr'><strong>&#39;sterilitatem</strong></span> <span class='ocrx_word' id='word_1_515' title='bbox 966 4898 1192 4969; x_wconf 89' lang='lat' dir='ltr'><strong>populi,</strong></span> <span class='ocrx_word' id='word_1_516' title='bbox 1232 4910 1287 4956; x_wconf 89' lang='lat' dir='ltr'><strong>et</strong></span> <span class='ocrx_word' id='word_1_517' title='bbox 1346 4900 1598 4972; x_wconf 87' lang='lat' dir='ltr'><strong>legalium</strong></span> <span class='ocrx_word' id='word_1_518' title='bbox 1645 4905 2037 4962; x_wconf 78' lang='lat' dir='ltr'><strong>sacrificiorum</strong></span> <span class='ocrx_word' id='word_1_519' title='bbox 2070 4909 2167 4963; x_wconf 87' lang='lat' dir='ltr'><strong>dc-</strong></span> 
     </span>
    </p>
   </div>
   <div class='ocr_carea' id='block_1_79' title="bbox 591 4988 970 5043">
    <p class='ocr_par' dir='ltr' id='par_1_79' title="bbox 591 4988 970 5043">
     <span class='ocr_line' id='line_1_79' title="bbox 591 4988 970 5043; baseline 0.011 -4"><span class='ocrx_word' id='word_1_520' title='bbox 591 4988 970 5043; x_wconf 89' lang='lat' dir='ltr'><strong>structionem.</strong></span> 
     </span>
    </p>
   </div>
   <div class='ocr_carea' id='block_1_80' title="bbox 664 5074 2167 5159">
    <p class='ocr_par' dir='ltr' id='par_1_80' title="bbox 664 5074 2167 5159">
     <span class='ocr_line' id='line_1_80' title="bbox 664 5074 2167 5159; baseline 0.011 -31"><span class='ocrx_word' id='word_1_521' title='bbox 664 5074 751 5130; x_wconf 94' lang='lat' dir='ltr'><strong>lll.</strong></span> <span class='ocrx_word' id='word_1_522' title='bbox 793 5078 1117 5135; x_wconf 76' lang='lat' dir='ltr'><strong>Exhortatio</strong></span> <span class='ocrx_word' id='word_1_523' title='bbox 1163 5080 1347 5137; x_wconf 88' lang='lat' dir='ltr'><strong>Israeli</strong></span> <span class='ocrx_word' id='word_1_524' title='bbox 1390 5080 1456 5137; x_wconf 88' lang='lat' dir='ltr'><strong>ad</strong></span> <span class='ocrx_word' id='word_1_525' title='bbox 1516 5083 1897 5153; x_wconf 67' lang='lat' dir='ltr'><strong>paenitentiam</strong></span> <span class='ocrx_word' id='word_1_526' title='bbox 1943 5099 2167 5159; x_wconf 88' lang='lat' dir='ltr'><strong>propter</strong></span> 
     </span>
    </p>
   </div>
   <div class='ocr_carea' id='block_1_81' title="bbox 594 5164 2166 5246">
    <p class='ocr_par' dir='ltr' id='par_1_81' title="bbox 594 5164 2166 5246">
     <span class='ocr_line' id='line_1_81' title="bbox 594 5164 2166 5246; baseline 0.01 -27"><span class='ocrx_word' id='word_1_527' title='bbox 594 5164 735 5219; x_wconf 88' lang='lat' dir='ltr'><strong>mala</strong></span> <span class='ocrx_word' id='word_1_528' title='bbox 767 5166 1060 5237; x_wconf 67' lang='lat' dir='ltr'><strong>quaeipsis</strong></span> <span class='ocrx_word' id='word_1_529' title='bbox 1114 5184 1263 5225; x_wconf 88' lang='lat' dir='ltr'><strong>nunc</strong></span> <span class='ocrx_word' id='word_1_530' title='bbox 1313 5170 1591 5237; x_wconf 88' lang='lat' dir='ltr'><strong>accidunt,</strong></span> <span class='ocrx_word' id='word_1_531' title='bbox 1651 5183 1706 5229; x_wconf 93' lang='lat' dir='ltr'><strong>et</strong></span> <span class='ocrx_word' id='word_1_532' title='bbox 1757 5191 1879 5246; x_wconf 67' lang='lat' dir='ltr'><strong>qua:</strong></span> <span class='ocrx_word' id='word_1_533' title='bbox 1933 5188 2166 5235; x_wconf 88' lang='lat' dir='ltr'><strong>ventura</strong></span> 
     </span>
    </p>
   </div>
   <div class='ocr_carea' id='block_1_82' title="bbox 593 5256 1157 5330">
    <p class='ocr_par' dir='ltr' id='par_1_82' title="bbox 593 5256 1157 5330">
     <span class='ocr_line' id='line_1_82' title="bbox 593 5256 1157 5330; baseline 0.014 -21"><span class='ocrx_word' id='word_1_534' title='bbox 593 5266 723 5311; x_wconf 88' lang='lat' dir='ltr'><strong>sunt</strong></span> <span class='ocrx_word' id='word_1_535' title='bbox 746 5256 801 5311; x_wconf 91' lang='lat' dir='ltr'><strong>in</strong></span> <span class='ocrx_word' id='word_1_536' title='bbox 834 5258 922 5313; x_wconf 90' lang='lat' dir='ltr'><strong>die</strong></span> <span class='ocrx_word' id='word_1_537' title='bbox 946 5259 1157 5330; x_wconf 78' lang='lat' dir='ltr'><strong>iudicii.</strong></span> 
     </span>
    </p>
   </div>
   <div class='ocr_carea' id='block_1_83' title="bbox 580 5353 2171 5433">
    <p class='ocr_par' dir='ltr' id='par_1_83' title="bbox 580 5353 2171 5433">
     <span class='ocr_line' id='line_1_83' title="bbox 580 5353 2171 5433; baseline 0.008 -27"><span class='ocrx_word' id='word_1_538' title='bbox 580 5382 587 5389; x_wconf 71' lang='grc' dir='ltr'><strong><em>σ</em></strong></span> <span class='ocrx_word' id='word_1_539' title='bbox 666 5353 759 5411; x_wconf 87' lang='lat' dir='ltr'><strong>IV.</strong></span> <span class='ocrx_word' id='word_1_540' title='bbox 820 5356 1150 5412; x_wconf 82' lang='lat' dir='ltr'><strong>Vaticinium</strong></span> <span class='ocrx_word' id='word_1_541' title='bbox 1214 5361 1539 5433; x_wconf 62' lang='lat' dir='ltr'><strong>evangelica:</strong></span> <span class='ocrx_word' id='word_1_542' title='bbox 1613 5361 2057 5433; x_wconf 73' lang='lat' dir='ltr'><strong>prtedicationis,</strong></span> <span class='ocrx_word' id='word_1_543' title='bbox 2112 5374 2171 5420; x_wconf 84' lang='lat' dir='ltr'><strong>et</strong></span> 
     </span>
    </p>
   </div>
   <div class='ocr_carea' id='block_1_84' title="bbox 2252 3277 3796 3366">
    <p class='ocr_par' dir='ltr' id='par_1_84' title="bbox 2252 3277 3796 3366">
     <span class='ocr_line' id='line_1_84' title="bbox 2252 3277 3796 3366; baseline -0.013 -16"><span class='ocrx_word' id='word_1_544' title='bbox 2252 3293 2564 3366; x_wconf 83' lang='grc' dir='ltr'>ἀφανισμὸν</span> <span class='ocrx_word' id='word_1_545' title='bbox 2592 3291 2650 3344; x_wconf 83' lang='grc' dir='ltr'>δὲ</span> <span class='ocrx_word' id='word_1_546' title='bbox 2678 3290 2777 3360; x_wconf 80' lang='grc' dir='ltr'>τῆς</span> <span class='ocrx_word' id='word_1_547' title='bbox 2809 3285 3147 3357; x_wconf 81' lang='grc' dir='ltr'>Συναγωγῆς</span> <span class='ocrx_word' id='word_1_548' title='bbox 3177 3283 3398 3353; x_wconf 75' lang='grc' dir='ltr'>καὶτῆς</span> <span class='ocrx_word' id='word_1_549' title='bbox 3432 3284 3493 3336; x_wconf 71' lang='grc' dir='ltr'>ὲν</span> <span class='ocrx_word' id='word_1_550' title='bbox 3513 3282 3648 3351; x_wconf 80' lang='grc' dir='ltr'>αὐτῇ</span> <span class='ocrx_word' id='word_1_551' title='bbox 3672 3277 3796 3332; x_wconf 80' lang='grc' dir='ltr'>πολι-</span> 
     </span>
    </p>
   </div>
   <div class='ocr_carea' id='block_1_85' title="bbox 2251 3382 2722 3451">
    <p class='ocr_par' dir='ltr' id='par_1_85' title="bbox 2251 3382 2722 3451">
     <span class='ocr_line' id='line_1_85' title="bbox 2251 3382 2722 3451; baseline -0.017 -11"><span class='ocrx_word' id='word_1_552' title='bbox 2251 3385 2403 3449; x_wconf 82' lang='grc' dir='ltr'>τείας</span> <span class='ocrx_word' id='word_1_553' title='bbox 2439 3382 2635 3451; x_wconf 80' lang='grc' dir='ltr'>ἀπείλη</span> <span class='ocrx_word' id='word_1_554' title='bbox 2645 3396 2722 3434; x_wconf 81' lang='grc' dir='ltr'>σε.</span> 
     </span>
    </p>
   </div>
   <div class='ocr_carea' id='block_1_86' title="bbox 2323 3462 3794 3548">
    <p class='ocr_par' dir='ltr' id='par_1_86' title="bbox 2323 3462 3794 3548">
     <span class='ocr_line' id='line_1_86' title="bbox 2323 3462 3794 3548; baseline -0.01 -17"><span class='ocrx_word' id='word_1_555' title='bbox 2323 3486 2393 3533; x_wconf 84' lang='grc' dir='ltr'><strong>κ’.</strong></span> <span class='ocrx_word' id='word_1_556' title='bbox 2419 3476 2745 3548; x_wconf 86' lang='grc' dir='ltr'>Παραίνεσις</span> <span class='ocrx_word' id='word_1_557' title='bbox 2760 3471 3222 3543; x_wconf 74' lang='grc' dir='ltr'>ἱξομολογήσεως,</span> <span class='ocrx_word' id='word_1_558' title='bbox 3236 3468 3333 3522; x_wconf 74' lang='grc' dir='ltr'><strong>καὶ</strong></span> <span class='ocrx_word' id='word_1_559' title='bbox 3352 3462 3794 3537; x_wconf 79' lang='grc' dir='ltr'>συγγνώμηςύπό-</span> 
     </span>
    </p>
   </div>
   <div class='ocr_carea' id='block_1_87' title="bbox 2257 3555 3795 3643">
    <p class='ocr_par' dir='ltr' id='par_1_87' title="bbox 2257 3555 3795 3643">
     <span class='ocr_line' id='line_1_87' title="bbox 2257 3555 3795 3643; baseline -0.01 -17"><span class='ocrx_word' id='word_1_560' title='bbox 2257 3588 2461 3643; x_wconf 80' lang='grc' dir='ltr'>σχεσις,</span> <span class='ocrx_word' id='word_1_561' title='bbox 2479 3569 2575 3624; x_wconf 76' lang='grc' dir='ltr'>καὶ</span> <span class='ocrx_word' id='word_1_562' title='bbox 2597 3567 2914 3641; x_wconf 80' lang='grc' dir='ltr'>μυστηρίων</span> <span class='ocrx_word' id='word_1_563' title='bbox 2931 3565 3242 3628; x_wconf 87' lang='grc' dir='ltr'>κοινωνίας,</span> <span class='ocrx_word' id='word_1_564' title='bbox 3255 3555 3330 3617; x_wconf 80' lang='grc' dir='ltr'>ὧν</span> <span class='ocrx_word' id='word_1_565' title='bbox 3348 3562 3376 3615; x_wconf 92' lang='lat'><strong>6</strong></span> <span class='ocrx_word' id='word_1_566' title='bbox 3397 3561 3528 3625; x_wconf 79' lang='grc' dir='ltr'>λαὸς</span> <span class='ocrx_word' id='word_1_567' title='bbox 3541 3563 3568 3614; x_wconf 87' lang='lat'><strong>6</strong></span> <span class='ocrx_word' id='word_1_568' title='bbox 3583 3559 3639 3624; x_wconf 80' lang='grc' dir='ltr'>ἐξ</span> <span class='ocrx_word' id='word_1_569' title='bbox 3657 3556 3795 3612; x_wconf 72' lang='grc' dir='ltr'>ἐθνῶν</span> 
     </span>
    </p>
   </div>
   <div class='ocr_carea' id='block_1_88' title="bbox 2254 3663 2593 3734">
    <p class='ocr_par' dir='ltr' id='par_1_88' title="bbox 2254 3663 2593 3734">
     <span class='ocr_line' id='line_1_88' title="bbox 2254 3663 2593 3734; baseline -0.015 -15"><span class='ocrx_word' id='word_1_570' title='bbox 2254 3663 2474 3734; x_wconf 80' lang='grc' dir='ltr'>ἀπήλαυ</span> <span class='ocrx_word' id='word_1_571' title='bbox 2482 3679 2593 3715; x_wconf 88' lang='grc' dir='ltr'>σεν.</span> 
     </span>
    </p>
   </div>
   <div class='ocr_carea' id='block_1_89' title="bbox 2339 3738 3794 3824">
    <p class='ocr_par' dir='ltr' id='par_1_89' title="bbox 2339 3738 3794 3824">
     <span class='ocr_line' id='line_1_89' title="bbox 2339 3738 3794 3824; baseline -0.012 -15"><span class='ocrx_word' id='word_1_572' title='bbox 2339 3753 2498 3824; x_wconf 82' lang='grc' dir='ltr'>Ὠσηὲ</span> <span class='ocrx_word' id='word_1_573' title='bbox 2516 3753 2591 3823; x_wconf 70' lang='grc'><strong>(4)</strong></span> <span class='ocrx_word' id='word_1_574' title='bbox 2616 3749 2981 3823; x_wconf 83' lang='grc' dir='ltr'>ἑρμηνεύεται</span> <span class='ocrx_word' id='word_1_575' title='bbox 3002 3746 3367 3816; x_wconf 80' lang='grc' dir='ltr'>σωζόμενος·</span> <span class='ocrx_word' id='word_1_576' title='bbox 3390 3738 3547 3807; x_wconf 75' lang='grc' dir='ltr'>οὗτος</span> <span class='ocrx_word' id='word_1_577' title='bbox 3564 3738 3629 3814; x_wconf 72' lang='grc' dir='ltr'>ἦν</span> <span class='ocrx_word' id='word_1_578' title='bbox 3650 3742 3704 3794; x_wconf 79' lang='grc' dir='ltr'>ὲκ</span> <span class='ocrx_word' id='word_1_579' title='bbox 3722 3740 3794 3791; x_wconf 84' lang='grc' dir='ltr'><strong>Βε-</strong></span> 
     </span>
    </p>
   </div>
   <div class='ocr_carea' id='block_1_90' title="bbox 2254 3834 3789 3920">
    <p class='ocr_par' dir='ltr' id='par_1_90' title="bbox 2254 3834 3789 3920">
     <span class='ocr_line' id='line_1_90' title="bbox 2254 3834 3789 3920; baseline -0.013 -16"><span class='ocrx_word' id='word_1_580' title='bbox 2254 3848 2439 3920; x_wconf 79' lang='grc' dir='ltr'>λεμὼθ</span> <span class='ocrx_word' id='word_1_581' title='bbox 2466 3842 2800 3920; x_wconf 80' lang='grc' dir='ltr'>[Βελελεμὼθ</span> <span class='ocrx_word' id='word_1_582' title='bbox 2825 3838 3236 3912; x_wconf 81' lang='lat' dir='ltr'><strong>TheOphylact.]</strong></span> <span class='ocrx_word' id='word_1_583' title='bbox 3259 3838 3363 3908; x_wconf 82' lang='grc' dir='ltr'>τῆς</span> <span class='ocrx_word' id='word_1_584' title='bbox 3394 3837 3568 3909; x_wconf 81' lang='grc' dir='ltr'>φυλῆς</span> <span class='ocrx_word' id='word_1_585' title='bbox 3591 3834 3789 3904; x_wconf 75' lang='grc' dir='ltr'>Ίσάχαρ,</span> 
     </span>
    </p>
   </div>
   <div class='ocr_carea' id='block_1_91' title="bbox 2258 3929 3791 4008">
    <p class='ocr_par' dir='ltr' id='par_1_91' title="bbox 2258 3929 3791 4008">
     <span class='ocr_line' id='line_1_91' title="bbox 2258 3929 3791 4008; baseline -0.012 -11"><span class='ocrx_word' id='word_1_586' title='bbox 2258 3942 2355 3998; x_wconf 76' lang='grc' dir='ltr'>καὶ</span> <span class='ocrx_word' id='word_1_587' title='bbox 2375 3941 2543 3995; x_wconf 72' lang='grc' dir='ltr'>ἔδωκε</span> <span class='ocrx_word' id='word_1_588' title='bbox 2561 3938 2725 4008; x_wconf 82' lang='grc' dir='ltr'>τέρας</span> <span class='ocrx_word' id='word_1_589' title='bbox 2742 3935 2895 4007; x_wconf 73' lang='grc' dir='ltr'>ἥξειν</span> <span class='ocrx_word' id='word_1_590' title='bbox 2918 3933 3123 4004; x_wconf 82' lang='grc' dir='ltr'>Κύριον</span> <span class='ocrx_word' id='word_1_591' title='bbox 3141 3932 3235 3984; x_wconf 71' lang='grc' dir='ltr'><strong>ἐπὶ</strong></span> <span class='ocrx_word' id='word_1_592' title='bbox 3257 3932 3362 4003; x_wconf 82' lang='grc' dir='ltr'>γῆς</span> <span class='ocrx_word' id='word_1_593' title='bbox 3384 3929 3683 4002; x_wconf 79' lang='grc' dir='ltr'>ἀνθρώποις</span> <span class='ocrx_word' id='word_1_594' title='bbox 3706 3944 3791 3979; x_wconf 67' lang='grc' dir='ltr'>συν.</span> 
     </span>
    </p>
   </div>
   <div class='ocr_carea' id='block_1_92' title="bbox 2259 4022 3791 4103">
    <p class='ocr_par' dir='ltr' id='par_1_92' title="bbox 2259 4022 3791 4103">
     <span class='ocr_line' id='line_1_92' title="bbox 2259 4022 3791 4103; baseline -0.012 -14"><span class='ocrx_word' id='word_1_595' title='bbox 2259 4031 2732 4103; x_wconf 78' lang='grc' dir='ltr'>αναστρεφόμενον</span> <span class='ocrx_word' id='word_1_596' title='bbox 2747 4044 2760 4060; x_wconf 87' lang='grc'><strong>·</strong></span> <span class='ocrx_word' id='word_1_597' title='bbox 2779 4028 2874 4082; x_wconf 77' lang='grc' dir='ltr'><strong>καὶ</strong></span> <span class='ocrx_word' id='word_1_598' title='bbox 2893 4028 2927 4098; x_wconf 80' lang='grc' dir='ltr'>ἡ</span> <span class='ocrx_word' id='word_1_599' title='bbox 2950 4026 3081 4098; x_wconf 82' lang='grc' dir='ltr'>δρὺς</span> <span class='ocrx_word' id='word_1_600' title='bbox 3102 4026 3136 4097; x_wconf 83' lang='grc' dir='ltr'>ἡ</span> <span class='ocrx_word' id='word_1_601' title='bbox 3158 4025 3217 4078; x_wconf 84' lang='grc' dir='ltr'>ὲν</span> <span class='ocrx_word' id='word_1_602' title='bbox 3238 4023 3423 4093; x_wconf 83' lang='grc' dir='ltr'>Σιλὼμ</span> <span class='ocrx_word' id='word_1_603' title='bbox 3442 4022 3791 4095; x_wconf 70' lang='grc' dir='ltr'>μερισθήςεται</span> 
     </span>
    </p>
   </div>
   <div class='ocr_carea' id='block_1_93' title="bbox 2260 4112 3793 4201">
    <p class='ocr_par' dir='ltr' id='par_1_93' title="bbox 2260 4112 3793 4201">
     <span class='ocr_line' id='line_1_93' title="bbox 2260 4112 3793 4201; baseline -0.014 -19"><span class='ocrx_word' id='word_1_604' title='bbox 2260 4125 2388 4201; x_wconf 85' lang='grc' dir='ltr'>[είς]</span> <span class='ocrx_word' id='word_1_605' title='bbox 2413 4124 2620 4178; x_wconf 86' lang='grc' dir='ltr'>δώδεκα</span> <span class='ocrx_word' id='word_1_606' title='bbox 2657 4120 2828 4192; x_wconf 87' lang='grc' dir='ltr'>μέρη·</span> <span class='ocrx_word' id='word_1_607' title='bbox 2853 4118 2950 4172; x_wconf 73' lang='grc' dir='ltr'><strong>καὶ</strong></span> <span class='ocrx_word' id='word_1_608' title='bbox 2982 4117 3305 4189; x_wconf 79' lang='grc' dir='ltr'>γενήσονται</span> <span class='ocrx_word' id='word_1_609' title='bbox 3326 4114 3537 4169; x_wconf 86' lang='grc' dir='ltr'>δώδεκα</span> <span class='ocrx_word' id='word_1_610' title='bbox 3559 4115 3704 4185; x_wconf 77' lang='grc' dir='ltr'>δρύες</span> <span class='ocrx_word' id='word_1_611' title='bbox 3722 4112 3793 4162; x_wconf 76' lang='grc' dir='ltr'><strong>ὲπ-</strong></span> 
     </span>
    </p>
   </div>
   <div class='ocr_carea' id='block_1_94' title="bbox 2261 4205 3789 4279">
    <p class='ocr_par' dir='ltr' id='par_1_94' title="bbox 2261 4205 3789 4279">
     <span class='ocr_line' id='line_1_94' title="bbox 2261 4205 3789 4279; baseline -0.012 -7"><span class='ocrx_word' id='word_1_612' title='bbox 2261 4216 2492 4273; x_wconf 85' lang='grc' dir='ltr'>ακοῦσαι</span> <span class='ocrx_word' id='word_1_613' title='bbox 2529 4214 2627 4268; x_wconf 74' lang='grc' dir='ltr'><strong>καὶ</strong></span> <span class='ocrx_word' id='word_1_614' title='bbox 2661 4209 3026 4275; x_wconf 81' lang='grc' dir='ltr'>ἀκολουθῆσαι</span> <span class='ocrx_word' id='word_1_615' title='bbox 3048 4206 3198 4278; x_wconf 86' lang='grc' dir='ltr'>αύτῷ</span> <span class='ocrx_word' id='word_1_616' title='bbox 3220 4207 3315 4259; x_wconf 72' lang='grc' dir='ltr'><strong>ἐπὶ</strong></span> <span class='ocrx_word' id='word_1_617' title='bbox 3338 4205 3440 4279; x_wconf 81' lang='grc' dir='ltr'><strong>1τῷ</strong></span> <span class='ocrx_word' id='word_1_618' title='bbox 3463 4205 3578 4278; x_wconf 67' lang='grc' dir='ltr'><strong>ἐπὶ]</strong></span> <span class='ocrx_word' id='word_1_619' title='bbox 3602 4205 3692 4274; x_wconf 77' lang='grc' dir='ltr'>γῆς</span> <span class='ocrx_word' id='word_1_620' title='bbox 3709 4218 3789 4270; x_wconf 76' lang='grc' dir='ltr'><strong>φα-</strong></span> 
     </span>
    </p>
   </div>
   <div class='ocr_carea' id='block_1_95' title="bbox 2262 4292 3791 4376">
    <p class='ocr_par' dir='ltr' id='par_1_95' title="bbox 2262 4292 3791 4376">
     <span class='ocr_line' id='line_1_95' title="bbox 2262 4292 3791 4376; baseline -0.01 -12"><span class='ocrx_word' id='word_1_621' title='bbox 2262 4310 2404 4365; x_wconf 81' lang='grc' dir='ltr'>νέντι</span> <span class='ocrx_word' id='word_1_622' title='bbox 2432 4304 2571 4376; x_wconf 82' lang='grc' dir='ltr'><strong>Θεῷ,</strong></span> <span class='ocrx_word' id='word_1_623' title='bbox 2593 4304 2688 4358; x_wconf 75' lang='grc' dir='ltr'><strong>καὶ</strong></span> <span class='ocrx_word' id='word_1_624' title='bbox 2718 4303 2786 4357; x_wconf 82' lang='grc' dir='ltr'>δι’</span> <span class='ocrx_word' id='word_1_625' title='bbox 2807 4302 2974 4356; x_wconf 79' lang='grc' dir='ltr'>αὑτοῦ</span> <span class='ocrx_word' id='word_1_626' title='bbox 3012 4300 3319 4371; x_wconf 83' lang='grc' dir='ltr'>σωθήσεται</span> <span class='ocrx_word' id='word_1_627' title='bbox 3358 4300 3509 4353; x_wconf 78' lang='grc' dir='ltr'>πᾶσα</span> <span class='ocrx_word' id='word_1_628' title='bbox 3542 4300 3576 4370; x_wconf 79' lang='grc' dir='ltr'>ὴ</span> <span class='ocrx_word' id='word_1_629' title='bbox 3616 4300 3701 4367; x_wconf 82' lang='grc' dir='ltr'><strong>γῆ·</strong></span> <span class='ocrx_word' id='word_1_630' title='bbox 3720 4292 3791 4348; x_wconf 78' lang='grc' dir='ltr'>καὶ</span> 
     </span>
    </p>
   </div>
   <div class='ocr_carea' id='block_1_96' title="bbox 2261 4392 3544 4473">
    <p class='ocr_par' dir='ltr' id='par_1_96' title="bbox 2261 4392 3544 4473">
     <span class='ocr_line' id='line_1_96' title="bbox 2261 4392 3544 4473; baseline -0.008 -16"><span class='ocrx_word' id='word_1_631' title='bbox 2261 4402 2433 4466; x_wconf 77' lang='grc' dir='ltr'>οὕτως</span> <span class='ocrx_word' id='word_1_632' title='bbox 2456 4392 2656 4473; x_wconf 71' lang='grc' dir='ltr'>[οὗτος]</span> <span class='ocrx_word' id='word_1_633' title='bbox 2684 4395 2861 4452; x_wconf 85' lang='grc' dir='ltr'>θανὼν</span> <span class='ocrx_word' id='word_1_634' title='bbox 2889 4394 3064 4467; x_wconf 77' lang='grc' dir='ltr'>ἐτάφη</span> <span class='ocrx_word' id='word_1_635' title='bbox 3088 4395 3146 4449; x_wconf 78' lang='grc' dir='ltr'>ὲν</span> <span class='ocrx_word' id='word_1_636' title='bbox 3164 4397 3230 4466; x_wconf 78' lang='grc' dir='ltr'>τῇ</span> <span class='ocrx_word' id='word_1_637' title='bbox 3261 4396 3330 4467; x_wconf 76' lang='grc' dir='ltr'>γῇ</span> <span class='ocrx_word' id='word_1_638' title='bbox 3355 4393 3544 4448; x_wconf 78' lang='grc' dir='ltr'>αὑτοῦ.</span> 
     </span>
    </p>
   </div>
   <div class='ocr_carea' id='block_1_97' title="bbox 2480 4510 3625 4568">
    <p class='ocr_par' dir='ltr' id='par_1_97' title="bbox 2480 4510 3625 4568">
     <span class='ocr_line' id='line_1_97' title="bbox 2480 4510 3625 4568; baseline -0.002 0"><span class='ocrx_word' id='word_1_639' title='bbox 2480 4511 2832 4568; x_wconf 79' lang='grc' dir='ltr'><strong>ΚΕΦΔΛΑΙΑ</strong></span> <span class='ocrx_word' id='word_1_640' title='bbox 2869 4511 3031 4565; x_wconf 77' lang='grc' dir='ltr'><strong>ΙΩΠΛ</strong></span> <span class='ocrx_word' id='word_1_641' title='bbox 3062 4510 3201 4564; x_wconf 86' lang='grc' dir='ltr'><strong>ΤΟΥ</strong></span> <span class='ocrx_word' id='word_1_642' title='bbox 3237 4510 3625 4566; x_wconf 77' lang='grc' dir='ltr'><strong>ΠΡΟΦΗΤΟΥ.</strong></span> 
     </span>
    </p>
   </div>
   <div class='ocr_carea' id='block_1_98' title="bbox 2332 4612 3787 4697">
    <p class='ocr_par' dir='ltr' id='par_1_98' title="bbox 2332 4612 3787 4697">
     <span class='ocr_line' id='line_1_98' title="bbox 2332 4612 3787 4697; baseline -0.01 -14"><span class='ocrx_word' id='word_1_643' title='bbox 2332 4626 2403 4683; x_wconf 81' lang='grc' dir='ltr'><strong>α’.</strong></span> <span class='ocrx_word' id='word_1_644' title='bbox 2443 4624 2765 4697; x_wconf 82' lang='grc' dir='ltr'>Κατηγορία</span> <span class='ocrx_word' id='word_1_645' title='bbox 2798 4624 2910 4678; x_wconf 88' lang='grc' dir='ltr'><strong>τῶν</strong></span> <span class='ocrx_word' id='word_1_646' title='bbox 2932 4623 3224 4688; x_wconf 86' lang='grc' dir='ltr'>Ἰουδαίων,</span> <span class='ocrx_word' id='word_1_647' title='bbox 3250 4624 3348 4677; x_wconf 79' lang='grc' dir='ltr'>καὶ</span> <span class='ocrx_word' id='word_1_648' title='bbox 3368 4624 3665 4695; x_wconf 81' lang='grc' dir='ltr'>προφητεία</span> <span class='ocrx_word' id='word_1_649' title='bbox 3686 4612 3744 4673; x_wconf 82' lang='grc' dir='ltr'>ὧν</span> <span class='ocrx_word' id='word_1_650' title='bbox 3768 4618 3787 4670; x_wconf 75' lang='grc' dir='ltr'><strong>ί</strong></span> 
     </span>
    </p>
   </div>
   <div class='ocr_carea' id='block_1_99' title="bbox 2259 4713 3787 4789">
    <p class='ocr_par' dir='ltr' id='par_1_99' title="bbox 2259 4713 3787 4789">
     <span class='ocr_line' id='line_1_99' title="bbox 2259 4713 3787 4789; baseline -0.01 -13"><span class='ocrx_word' id='word_1_651' title='bbox 2259 4722 2320 4789; x_wconf 76' lang='grc' dir='ltr'><strong>ἐξ</strong></span> <span class='ocrx_word' id='word_1_652' title='bbox 2340 4720 2507 4776; x_wconf 75' lang='grc' dir='ltr'>ἐθνῶν</span> <span class='ocrx_word' id='word_1_653' title='bbox 2528 4720 2654 4783; x_wconf 83' lang='grc' dir='ltr'>λαὸς</span> <span class='ocrx_word' id='word_1_654' title='bbox 2683 4720 2861 4772; x_wconf 83' lang='grc' dir='ltr'>ποιεῖν</span> <span class='ocrx_word' id='word_1_655' title='bbox 2895 4716 2987 4770; x_wconf 83' lang='grc' dir='ltr'><strong>τὸν</strong></span> <span class='ocrx_word' id='word_1_656' title='bbox 3009 4716 3136 4770; x_wconf 83' lang='grc' dir='ltr'>λαὸν</span> <span class='ocrx_word' id='word_1_657' title='bbox 3156 4716 3267 4770; x_wconf 85' lang='grc' dir='ltr'><strong>τῶν</strong></span> <span class='ocrx_word' id='word_1_658' title='bbox 3293 4716 3565 4770; x_wconf 76' lang='grc' dir='ltr'>Ἰουδαίων</span> <span class='ocrx_word' id='word_1_659' title='bbox 3591 4713 3787 4787; x_wconf 77' lang='grc' dir='ltr'>ἔμελλεν.</span> 
     </span>
    </p>
   </div>
   <div class='ocr_carea' id='block_1_100' title="bbox 2335 4802 3786 4890">
    <p class='ocr_par' dir='ltr' id='par_1_100' title="bbox 2335 4802 3786 4890">
     <span class='ocr_line' id='line_1_100' title="bbox 2335 4802 3786 4890; baseline -0.01 -23"><span class='ocrx_word' id='word_1_660' title='bbox 2335 4812 2400 4883; x_wconf 82' lang='grc' dir='ltr'><strong>β’.</strong></span> <span class='ocrx_word' id='word_1_661' title='bbox 2444 4812 2652 4890; x_wconf 65' lang='grc' dir='ltr'>Θρῇνος</span> <span class='ocrx_word' id='word_1_662' title='bbox 2675 4810 2782 4864; x_wconf 88' lang='grc' dir='ltr'><strong>τῶν</strong></span> <span class='ocrx_word' id='word_1_663' title='bbox 2806 4808 3113 4862; x_wconf 81' lang='grc' dir='ltr'>Ἰουδαϊκῶν</span> <span class='ocrx_word' id='word_1_664' title='bbox 3136 4808 3326 4880; x_wconf 82' lang='grc' dir='ltr'>ίερέων</span> <span class='ocrx_word' id='word_1_665' title='bbox 3340 4807 3429 4860; x_wconf 80' lang='grc' dir='ltr'>διὰ</span> <span class='ocrx_word' id='word_1_666' title='bbox 3444 4807 3541 4878; x_wconf 81' lang='grc' dir='ltr'>τὴν</span> <span class='ocrx_word' id='word_1_667' title='bbox 3562 4802 3786 4876; x_wconf 78' lang='grc' dir='ltr'>ἀκαρπίαν</span> 
     </span>
    </p>
   </div>
   <div class='ocr_carea' id='block_1_101' title="bbox 2260 4899 3713 4973">
    <p class='ocr_par' dir='ltr' id='par_1_101' title="bbox 2260 4899 3713 4973">
     <span class='ocr_line' id='line_1_101' title="bbox 2260 4899 3713 4973; baseline -0.008 -12"><span class='ocrx_word' id='word_1_668' title='bbox 2260 4906 2355 4961; x_wconf 80' lang='grc' dir='ltr'>τοῦ</span> <span class='ocrx_word' id='word_1_669' title='bbox 2377 4904 2530 4971; x_wconf 79' lang='grc' dir='ltr'>λαοῦ,</span> <span class='ocrx_word' id='word_1_670' title='bbox 2555 4905 2651 4958; x_wconf 73' lang='grc' dir='ltr'><strong>καὶ</strong></span> <span class='ocrx_word' id='word_1_671' title='bbox 2667 4902 2775 4956; x_wconf 89' lang='grc' dir='ltr'><strong>τῶν</strong></span> <span class='ocrx_word' id='word_1_672' title='bbox 2796 4900 3038 4973; x_wconf 85' lang='grc' dir='ltr'>νομικῶν</span> <span class='ocrx_word' id='word_1_673' title='bbox 3056 4899 3256 4956; x_wconf 86' lang='grc' dir='ltr'>Θυσιῶν</span> <span class='ocrx_word' id='word_1_674' title='bbox 3275 4900 3375 4972; x_wconf 78' lang='grc' dir='ltr'><strong>τὴν</strong></span> <span class='ocrx_word' id='word_1_675' title='bbox 3392 4899 3713 4971; x_wconf 83' lang='grc' dir='ltr'>καθαίρεσιν.</span> 
     </span>
    </p>
   </div>
   <div class='ocr_carea' id='block_1_102' title="bbox 2333 5081 3771 5160">
    <p class='ocr_par' dir='ltr' id='par_1_102' title="bbox 2333 5081 3771 5160">
     <span class='ocr_line' id='line_1_102' title="bbox 2333 5081 3771 5160; baseline -0.005 -17"><span class='ocrx_word' id='word_1_676' title='bbox 2333 5096 2405 5159; x_wconf 83' lang='grc' dir='ltr'>γ’.</span> <span class='ocrx_word' id='word_1_677' title='bbox 2445 5086 2774 5160; x_wconf 89' lang='grc' dir='ltr'>Παραίνεσις</span> <span class='ocrx_word' id='word_1_678' title='bbox 2797 5085 2874 5157; x_wconf 85' lang='grc' dir='ltr'>τῷ</span> <span class='ocrx_word' id='word_1_679' title='bbox 2904 5084 3119 5157; x_wconf 82' lang='grc' dir='ltr'>Ἰσραὴλ</span> <span class='ocrx_word' id='word_1_680' title='bbox 3144 5084 3431 5157; x_wconf 86' lang='grc' dir='ltr'>μετανοίας</span> <span class='ocrx_word' id='word_1_681' title='bbox 3449 5086 3610 5138; x_wconf 72' lang='grc' dir='ltr'>ἕνεκα</span> <span class='ocrx_word' id='word_1_682' title='bbox 3630 5083 3719 5137; x_wconf 82' lang='grc' dir='ltr'><strong>τῶν</strong></span> <span class='ocrx_word' id='word_1_683' title='bbox 3730 5081 3771 5130; x_wconf 78' lang='grc' dir='ltr'>ἐν</span> 
     </span>
    </p>
   </div>
   <div class='ocr_carea' id='block_1_103' title="bbox 2263 5167 3772 5249">
    <p class='ocr_par' dir='ltr' id='par_1_103' title="bbox 2263 5167 3772 5249">
     <span class='ocr_line' id='line_1_103' title="bbox 2263 5167 3772 5249; baseline -0.005 -14"><span class='ocrx_word' id='word_1_684' title='bbox 2263 5180 2440 5235; x_wconf 83' lang='grc' dir='ltr'>ταῦοα</span> <span class='ocrx_word' id='word_1_685' title='bbox 2458 5178 2780 5249; x_wconf 83' lang='grc' dir='ltr'>συμϐάντων</span> <span class='ocrx_word' id='word_1_686' title='bbox 2802 5178 2983 5240; x_wconf 76' lang='grc' dir='ltr'>αὐτοῖς</span> <span class='ocrx_word' id='word_1_687' title='bbox 2996 5176 3203 5245; x_wconf 85' lang='grc' dir='ltr'>κακῶν,</span> <span class='ocrx_word' id='word_1_688' title='bbox 3221 5176 3317 5231; x_wconf 80' lang='grc' dir='ltr'>καὶ</span> <span class='ocrx_word' id='word_1_689' title='bbox 3335 5176 3442 5230; x_wconf 85' lang='grc' dir='ltr'><strong>τῶν</strong></span> <span class='ocrx_word' id='word_1_690' title='bbox 3465 5167 3772 5247; x_wconf 67' lang='grc' dir='ltr'>προσδοκωμέ</span> 
     </span>
    </p>
   </div>
   <div class='ocr_carea' id='block_1_104' title="bbox 2267 5269 3057 5342">
    <p class='ocr_par' dir='ltr' id='par_1_104' title="bbox 2267 5269 3057 5342">
     <span class='ocr_line' id='line_1_104' title="bbox 2267 5269 3057 5342; baseline -0.009 -15"><span class='ocrx_word' id='word_1_691' title='bbox 2267 5290 2372 5327; x_wconf 87' lang='grc' dir='ltr'><strong>νων</strong></span> <span class='ocrx_word' id='word_1_692' title='bbox 2397 5274 2454 5325; x_wconf 81' lang='grc' dir='ltr'>ὲν</span> <span class='ocrx_word' id='word_1_693' title='bbox 2476 5270 2661 5342; x_wconf 72' lang='grc' dir='ltr'>ἡμέρᾳ</span> <span class='ocrx_word' id='word_1_694' title='bbox 2682 5270 2780 5338; x_wconf 84' lang='grc' dir='ltr'>τῆς</span> <span class='ocrx_word' id='word_1_695' title='bbox 2800 5269 3057 5339; x_wconf 87' lang='grc' dir='ltr'>κρίσεως.</span> 
     </span>
    </p>
   </div>
   <div class='ocr_carea' id='block_1_105' title="bbox 2338 5346 3780 5433">
    <p class='ocr_par' dir='ltr' id='par_1_105' title="bbox 2338 5346 3780 5433">
     <span class='ocr_line' id='line_1_105' title="bbox 2338 5346 3780 5433; baseline -0.005 -15"><span class='ocrx_word' id='word_1_696' title='bbox 2338 5364 2402 5418; x_wconf 88' lang='grc' dir='ltr'><strong>δ’.</strong></span> <span class='ocrx_word' id='word_1_697' title='bbox 2444 5361 2759 5433; x_wconf 81' lang='grc' dir='ltr'>Προφητεία</span> <span class='ocrx_word' id='word_1_698' title='bbox 2800 5358 2891 5413; x_wconf 81' lang='grc' dir='ltr'>τοῦ</span> <span class='ocrx_word' id='word_1_699' title='bbox 2935 5359 3292 5429; x_wconf 82' lang='grc' dir='ltr'>εύαγγελικοῦ</span> <span class='ocrx_word' id='word_1_700' title='bbox 3329 5346 3780 5432; x_wconf 59' lang='grc' dir='ltr'>κηρύγματος,κα⁸</span> 
     </span>
    </p>
   </div>
   <div class='ocr_carea' id='block_1_106' title="bbox 2087 5500 2318 5558">
    <p class='ocr_par' dir='ltr' id='par_1_106' title="bbox 2087 5500 2318 5558">
     <span class='ocr_line' id='line_1_106' title="bbox 2087 5500 2318 5558; baseline 0.013 -3"><span class='ocrx_word' id='word_1_701' title='bbox 2087 5500 2318 5558; x_wconf 64' lang='lat' dir='ltr'><strong>NOTAE.</strong></span> 
     </span>
    </p>
   </div>
   <div class='ocr_carea' id='block_1_107' title="bbox 665 5590 2158 5665">
    <p class='ocr_par' dir='ltr' id='par_1_107' title="bbox 665 5590 2158 5665">
     <span class='ocr_line' id='line_1_107' title="bbox 665 5590 2158 5665; baseline 0.003 -19"><span class='ocrx_word' id='word_1_702' title='bbox 665 5591 741 5660; x_wconf 71' lang='grc'><strong>(4)</strong></span> <span class='ocrx_word' id='word_1_703' title='bbox 781 5591 973 5660; x_wconf 82' lang='grc' dir='ltr'>Ὠσηέ.</span> <span class='ocrx_word' id='word_1_704' title='bbox 1008 5590 1106 5665; x_wconf 83' lang='lat' dir='ltr'><strong>Illa</strong></span> <span class='ocrx_word' id='word_1_705' title='bbox 1157 5591 1212 5646; x_wconf 93' lang='lat' dir='ltr'><strong>in</strong></span> <span class='ocrx_word' id='word_1_706' title='bbox 1251 5592 1449 5665; x_wconf 84' lang='lat' dir='ltr'><strong>codice</strong></span> <span class='ocrx_word' id='word_1_707' title='bbox 1476 5594 1811 5665; x_wconf 81' lang='lat' dir='ltr'><strong>Augustano,</strong></span> <span class='ocrx_word' id='word_1_708' title='bbox 1842 5601 1898 5648; x_wconf 91' lang='lat' dir='ltr'><strong>et</strong></span> <span class='ocrx_word' id='word_1_709' title='bbox 1930 5603 1989 5648; x_wconf 90' lang='lat' dir='ltr'><strong>ut</strong></span> <span class='ocrx_word' id='word_1_710' title='bbox 2026 5596 2158 5651; x_wconf 87' lang='lat' dir='ltr'><strong>reli-</strong></span> 
     </span>
    </p>
   </div>
   <div class='ocr_carea' id='block_1_108' title="bbox 2260 5590 3778 5667">
    <p class='ocr_par' dir='ltr' id='par_1_108' title="bbox 2260 5590 3778 5667">
     <span class='ocr_line' id='line_1_108' title="bbox 2260 5590 3778 5667; baseline -0.005 -17"><span class='ocrx_word' id='word_1_711' title='bbox 2260 5596 2372 5650; x_wconf 89' lang='grc' dir='ltr'><strong>τῶν</strong></span> <span class='ocrx_word' id='word_1_712' title='bbox 2402 5595 2720 5667; x_wconf 82' lang='grc' dir='ltr'>προφητῶν,</span> <span class='ocrx_word' id='word_1_713' title='bbox 2753 5605 2808 5650; x_wconf 92' lang='lat' dir='ltr'><strong>et</strong></span> <span class='ocrx_word' id='word_1_714' title='bbox 2835 5594 2889 5648; x_wconf 94' lang='lat' dir='ltr'><strong>in</strong></span> <span class='ocrx_word' id='word_1_715' title='bbox 2936 5592 3327 5667; x_wconf 80' lang='lat' dir='ltr'><strong>Theophylacti</strong></span> <span class='ocrx_word' id='word_1_716' title='bbox 3357 5590 3688 5667; x_wconf 52' lang='lat' dir='ltr'><strong>Ilergneneia,</strong></span> <span class='ocrx_word' id='word_1_717' title='bbox 3712 5600 3778 5639; x_wconf 78' lang='lat' dir='ltr'><strong>ea-</strong></span> 
     </span>
    </p>
   </div>
   <div class='ocr_carea' id='block_1_109' title="bbox 594 5662 3777 5748">
    <p class='ocr_par' dir='ltr' id='par_1_109' title="bbox 594 5662 3777 5748">
     <span class='ocr_line' id='line_1_109' title="bbox 594 5662 3777 5748; baseline -0.002 -31"><span class='ocrx_word' id='word_1_718' title='bbox 594 5677 823 5748; x_wconf 36' lang='lat' dir='ltr'><strong>quoru‘m</strong></span> <span class='ocrx_word' id='word_1_719' title='bbox 870 5662 1256 5748; x_wconf 74' lang='lat' dir='ltr'><strong>prophetarum</strong></span> <span class='ocrx_word' id='word_1_720' title='bbox 1302 5680 1353 5717; x_wconf 73' lang='grc' dir='ltr'>χι</span> <span class='ocrx_word' id='word_1_721' title='bbox 1399 5662 1804 5748; x_wconf 49' lang='lat' dir='ltr'><strong>_vit3:.&#39;litt&#39;eris</strong></span> <span class='ocrx_word' id='word_1_722' title='bbox 1842 5665 2154 5733; x_wconf 87' lang='lat' dir='ltr'><strong>majusculis</strong></span> <span class='ocrx_word' id='word_1_723' title='bbox 2259 5667 2392 5748; x_wconf 41' lang='lat' dir='ltr'><strong>clem.</strong></span> <span class='ocrx_word' id='word_1_724' title='bbox 2422 5662 2704 5748; x_wconf 62' lang='lat' dir='ltr'><strong>legantur;</strong></span> <span class='ocrx_word' id='word_1_725' title='bbox 2761 5668 3016 5748; x_wconf 64' lang='lat' dir='ltr'><strong>pleraque</strong></span> <span class='ocrx_word' id='word_1_726' title='bbox 3047 5662 3210 5748; x_wconf 73' lang='lat' dir='ltr'><strong>etiam</strong></span> <span class='ocrx_word' id='word_1_727' title='bbox 3267 5665 3409 5748; x_wconf 69' lang='lat' dir='ltr'><strong>apud</strong></span> <span class='ocrx_word' id='word_1_728' title='bbox 3462 5662 3777 5748; x_wconf 54' lang='lat' dir='ltr'><strong>Dorotheutttrj</strong></span> 
     </span>
    </p>
   </div>
   <div class='ocr_carea' id='block_1_110' title="bbox 596 5724 3775 5806">
    <p class='ocr_par' dir='ltr' id='par_1_110' title="bbox 596 5724 3775 5806">
     <span class='ocr_line' id='line_1_110' title="bbox 596 5724 3775 5806; baseline 0 -21"><span class='ocrx_word' id='word_1_729' title='bbox 596 5724 834 5806; x_wconf 68' lang='lat' dir='ltr'><strong>exarata,</strong></span> <span class='ocrx_word' id='word_1_730' title='bbox 865 5724 1318 5806; x_wconf 51' lang='grc' dir='ltr'>ἐοᾴξάνωνύμως,</span> <span class='ocrx_word' id='word_1_731' title='bbox 1362 5724 1631 5806; x_wconf 83' lang='lat' dir='ltr'><strong>visuntur.</strong></span> <span class='ocrx_word' id='word_1_732' title='bbox 1662 5724 2019 5806; x_wconf 13' lang='lat' dir='ltr'><strong>iDcrauctore</strong></span> <span class='ocrx_word' id='word_1_733' title='bbox 2042 5752 2152 5790; x_wconf 89' lang='lat' dir='ltr'><strong>non</strong></span> <span class='ocrx_word' id='word_1_734' title='bbox 2258 5737 2427 5791; x_wconf 88' lang='lat' dir='ltr'><strong>Joelis</strong></span> <span class='ocrx_word' id='word_1_735' title='bbox 2460 5724 2588 5791; x_wconf 58' lang='lat' dir='ltr'><strong>item</strong></span> <span class='ocrx_word' id='word_1_736' title='bbox 2617 5724 2737 5791; x_wconf 79' lang='lat' dir='ltr'><strong>Vita</strong></span> <span class='ocrx_word' id='word_1_737' title='bbox 2761 5724 2818 5791; x_wconf 84' lang='lat' dir='ltr'><strong>in</strong></span> <span class='ocrx_word' id='word_1_738' title='bbox 2849 5724 3049 5806; x_wconf 70' lang='lat' dir='ltr'><strong>Cyrillo</strong></span> <span class='ocrx_word' id='word_1_739' title='bbox 3073 5724 3443 5791; x_wconf 79' lang='lat' dir='ltr'><strong>Alexandrino</strong></span> <span class='ocrx_word' id='word_1_740' title='bbox 3470 5749 3571 5789; x_wconf 90' lang='lat' dir='ltr'><strong>ms.</strong></span> <span class='ocrx_word' id='word_1_741' title='bbox 3600 5746 3696 5787; x_wconf 85' lang='lat' dir='ltr'><strong>non</strong></span> <span class='ocrx_word' id='word_1_742' title='bbox 3715 5724 3775 5780; x_wconf 66' lang='lat' dir='ltr'><strong>alr</strong></span> 
     </span>
    </p>
   </div>
   <div class='ocr_carea' id='block_1_111' title="bbox 598 5796 2172 5879">
    <p class='ocr_par' dir='ltr' id='par_1_111' title="bbox 598 5796 2172 5879">
     <span class='ocr_line' id='line_1_111' title="bbox 598 5796 2172 5879; baseline 0.003 -22"><span class='ocrx_word' id='word_1_743' title='bbox 598 5802 793 5872; x_wconf 87' lang='lat' dir='ltr'><strong>injuria</strong></span> <span class='ocrx_word' id='word_1_744' title='bbox 824 5796 829 5797; x_wconf 25' lang='grc' dir='ltr'><strong>ί</strong></span> <span class='ocrx_word' id='word_1_745' title='bbox 860 5803 1094 5870; x_wconf 86' lang='lat' dir='ltr'><strong>dubites,</strong></span> <span class='ocrx_word' id='word_1_746' title='bbox 1156 5796 1279 5859; x_wconf 80' lang='lat' dir='ltr'><strong>cum</strong></span> <span class='ocrx_word' id='word_1_747' title='bbox 1312 5814 1368 5859; x_wconf 93' lang='lat' dir='ltr'><strong>ct</strong></span> <span class='ocrx_word' id='word_1_748' title='bbox 1420 5804 1472 5859; x_wconf 91' lang='lat' dir='ltr'><strong>in</strong></span> <span class='ocrx_word' id='word_1_749' title='bbox 1520 5805 1806 5876; x_wconf 84' lang='lat' dir='ltr'><strong>Epiphanii</strong></span> <span class='ocrx_word' id='word_1_750' title='bbox 1852 5796 1989 5861; x_wconf 88' lang='lat' dir='ltr'><strong>libro</strong></span> <span class='ocrx_word' id='word_1_751' title='bbox 2027 5808 2172 5879; x_wconf 50' lang='grc' dir='ltr'>περὶ,</span> 
     </span>
    </p>
   </div>
   <div class='ocr_carea' id='block_1_112' title="bbox 2264 5806 3059 5877">
    <p class='ocr_par' dir='ltr' id='par_1_112' title="bbox 2264 5806 3059 5877">
     <span class='ocr_line' id='line_1_112' title="bbox 2264 5806 3059 5877; baseline -0.005 -15"><span class='ocrx_word' id='word_1_752' title='bbox 2264 5817 2345 5863; x_wconf 90' lang='lat' dir='ltr'><strong>ter</strong></span> <span class='ocrx_word' id='word_1_753' title='bbox 2378 5822 2540 5877; x_wconf 87' lang='lat' dir='ltr'><strong>quam</strong></span> <span class='ocrx_word' id='word_1_754' title='bbox 2581 5806 2670 5862; x_wconf 88' lang='lat' dir='ltr'><strong>hic</strong></span> <span class='ocrx_word' id='word_1_755' title='bbox 2697 5807 3059 5864; x_wconf 86' lang='lat' dir='ltr'><strong>describatur.</strong></span> 
     </span>
    </p>
   </div>
  </div>
