4032 6420
228 392 256 454 1
269 393 375 458 349

1307 395 1388 455 ΙΝ
1422 393 1539 454 XII
1587 388 2032 452 PROPHETAS
2076 393 2446 456 MINORES.

3363 389 3502 455 1350

223 513 334 582 τῆς
358 509 454 566 τοῦ
475 510 596 566 νέου
619 508 752 564 λαοῦ
775 511 1073 578 πολιτείας,
1097 513 1194 568 καὶ
1223 514 1333 568 τῶν
1357 513 1660 584 μελλόντων
1681 509 1820 563 κατὰ

1964 512 2047 566 ovi
2080 517 2265 584 populi
2290 513 2588 585 regiminis,
2607 522 2662 570 et
2690 513 2996 568 futurorum
3028 513 3082 568 in
3114 521 3358 584 tempore
3378 529 3505 567 con-

224 605 327 658 τδν
352 603 545 672 καιρὸν
567 602 668 672 τῆς
695 603 1009 668 συντελείας
1033 605 1274 659 ἔσεσθαι.

309 700 371 748 ε’.
416 692 745 747 Διδασκαλία
787 694 896 748 τῶν
937 697 1039 766 τῆς
1082 697 1374 767 μετανοίας
1429 695 1686 766 τρόπων,
1732 693 1826 746 καὶ

229 784 375 838 Θεοῦ
419 787 765 854 συμπαθείας
804 788 1120 858 ὑπόσχεσις,
1146 791 1242 842 καὶ
1283 787 1590 858 προφητεία
1617 803 1826 857 μυστη-

238 876 375 946 ρίων
399 876 466 929 δι’
489 871 564 930 ὧν
592 879 626 949 ἡ
652 878 941 932 δυναστεία
962 879 1053 932 τοῦ
1076 880 1324 933 διαϐόλου
1351 880 1647 932 πέπαυται.

315 967 390 1033 ς’.
432 971 747 1042 Πρόρῤησις
781 973 878 1041 τῆς
911 972 1002 1026 διὰ
1039 974 1276 1044 σταυροῦ
1297 973 1591 1044 σωτηρίας,
1619 969 1828 1038 καὶτῆς

235 1058 350 1112 τῶν
375 1061 690 1130 μυστηρίων
711 1061 820 1114 τῶν
842 1062 976 1115 νέων
995 1063 1368 1132 παραδόσεως,
1389 1062 1492 1116 ἀπε
1501 1078 1532 1132 ρ
1554 1063 1580 1113 ό
1596 1060 1828 1131 Χριστὸς

240 1153 673 1224 ὲνανθρωπὴσας
704 1155 783 1218 είς
821 1156 1139 1228 ἀποτροπὴν
1170 1155 1275 1208 τῶν
1315 1153 1625 1225 ἔμπροσθεν
1641 1152 1829 1206 κακῶν

238 1245 321 1314 τῷ
361 1245 577 1316 Ἰσραὴλ
604 1247 846 1317 μάλιστα
874 1247 948 1318 τῷ
972 1247 1148 1319 νοητῷ
1168 1247 1493 1317 δεδώρηται.

316 1338 383 1402 ζ’.
421 1339 747 1409 ’Υπόσχεσις
778 1339 876 1410 τῆς
904 1340 1201 1410 καθολικῆς
1230 1340 1437 1412 δωρεᾶς
1470 1338 1566 1392 καὶ
1599 1337 1829 1392 καθόλου

239 1427 342 1480 τοῦ
364 1429 500 1483 Πνεύ
510 1447 681 1500 ματος
698 1447 711 1460 ο
738 1431 833 1484 καὶ
854 1431 1160 1504 πρόρρησις
1183 1432 1306 1484 τίνα
1343 1436 1398 1483 ἐν
1432 1430 1510 1500 τῷ
1536 1429 1712 1500 καιρῷ
1733 1430 1831 1500 τῆς

244 1521 564 1586 συντελείας
587 1522 743 1575 ἔσται
764 1562 778 1586 ,
809 1524 904 1576 καὶ
944 1525 1087 1588 τίνες
1104 1525 1153 1577 οί
1177 1524 1298 1577 τότε
1321 1524 1641 1593 σωζόμενοι.

320 1618 391 1684 η’.
431 1613 656 1683 ’Δπειλὴ
680 1614 915 1684 κρίσεως
955 1615 1096 1667 κατά
1126 1613 1395 1684 δαιμόνων
1429 1613 1681 1683 μάλιστα,
1705 1609 1834 1665 ἀνθ’

243 1696 324 1755 ὧν
346 1705 439 1756 τοῦ
461 1703 596 1757 Θεοῦ
615 1703 705 1756 τὸν
737 1704 866 1757 λαὸν
885 1707 962 1769 είς
983 1704 1188 1776 ἡδονῶν
1203 1704 1446 1757 δουλείαν
1469 1704 1563 1757 καὶ
1579 1700 1834 1772 λατρείαν

248 1795 487 1848 εἰδώλων
521 1796 849 1866 Ἑλληνικῶν
883 1797 1182 1865 ἀπέδοντο,
1223 1798 1320 1851 καὶ
1359 1797 1456 1866 τῆς
1497 1793 1835 1864 ἐπιστροφῆς

248 1889 361 1939 τῶν
392 1886 606 1940 ἀσεϐῶν
646 1887 961 1958 ὑπόσχεσις.

323 1979 388 2032 θ’.
431 1978 726 2050 Προτροπὴ
754 1979 896 2032 θείου
930 1979 1117 2051 ζήλου,
1152 1979 1249 2032 καλ⁸
1279 1979 1475 2048 ἀπειλὴ
1507 1980 1604 2049 τῆς
1631 1994 1842 2043 παγκο-

254 2070 416 2142 σμίου
461 2071 697 2142 κρίσεως
729 2110 744 2136 ,

255 2179 417 2226 σεως.

329 2252 380 2309 ι’.
425 2254 742 2325 Προφητεία
770 2254 878 2307 τῶν
908 2253 1050 2307 κατά
1084 2254 1176 2307 τὸν
1200 2253 1393 2325 καιρὸν
1423 2254 1723 2323 γεγονότων
1749 2252 1842 2305 τοῦ

257 2347 517 2418 σταυροῦ,
535 2349 629 2400 καὶ
655 2347 927 2416 ἀγιασμοῦ
952 2348 1048 2418 τῆς
1074 2348 1200 2411 νέας
1226 2347 1602 2418 Ἰερουσαλὴμ,
1636 2348 1845 2416 καὶτῆς

253 2438 366 2490 τῶν
398 2439 708 2492 ἀποστόλων
736 2439 831 2490 καὶ
859 2440 1153 2510 προφητῶν
1180 2439 1499 2510 συμφωνίας
1529 2439 1622 2491 καὶ
1657 2454 1849 2507 μυστι-

256 2533 363 2601 κῆς
396 2533 602 2602 πηγῆς,
636 2533 757 2602 ἦτις
791 2532 850 2596 ἐξ
881 2533 1031 2585 οἴκου
1065 2532 1270 2602 Κυρίου
1312 2532 1412 2602 τῆς
1452 2531 1694 2602 πλευρᾶς
1748 2531 1848 2598 τῆς

257 2626 600 2694 Δεσποτικῆς
643 2625 905 2696 ἔρῤευσευ
943 2624 1037 2678 καὶ
1077 2623 1387 2695 ἀφανισμοῦ
1418 2625 1718 2694 δαιμόνων·
1755 2622 1848 2676 καὶ

258 2717 596 2788 ἐκδικήσεως
625 2717 721 2770 τοῦ
759 2718 931 2788 ’Δδάμ
950 2733 965 2748 ο
1010 2718 1102 2771 καὶ
1130 2718 1424 2788 ὑπόσχεσις
1453 2718 1699 2771 διαϐόλου
1729 2716 1850 2788 κρί-

258 2827 402 2872 σεως
422 2824 435 2838 '
472 2810 566 2862 καὶ
604 2810 702 2880 τῆς
728 2811 787 2862 ὲν
816 2813 881 2880 τῇ
923 2808 1061 2862 Σιὼν
1089 2812 1154 2880 τῇ
1183 2812 1346 2880 νοητῇ
1382 2811 1778 2877 κατοικήσεως.

334 2902 488 2972 Ἰωὴλ
510 2902 583 2972 (5)
612 2902 974 2973 ἑρμηνεύεται
1004 2903 1314 2972 ἀγαπητὸς
1348 2904 1588 2970 Κυρίου,
1607 2903 1639 2972 ἢ
1658 2899 1842 2970 ἀρχή.

257 2990 434 3055 Οὗτος
463 2989 530 3063 ἦν
571 2995 637 3046 ἐκ
678 2997 776 3064 τῆς
807 2993 981 3063 φυλῆς
1013 2993 1258 3064 Ῥουϐὴν,
1290 2994 1460 3065 ἀγροῦ
1494 2995 1846 3067 μεθομὸρων·

258 3089 322 3142 ἑν
357 3089 549 3160 είρήνῃ
578 3087 840 3152 ἀπέθανε,
873 3089 967 3141 καὶ
999 3089 1176 3157 ὲτάφη
1209 3089 1348 3141 ἐκεῖ.

544 3241 896 3328 ΚΕῩΑΔΑΙΑ
936 3241 1126 3295 ΔΜΩΣ
1169 3239 1563 3296 ΠΡΟΦΗΤΟΥ.

339 3354 409 3410 α’.
453 3354 769 3426 Προφητεία
796 3356 895 3424 τῆς
929 3353 1342 3427 ἀποφανθείσης
1384 3355 1537 3430 παρά
1574 3357 1668 3411 τοῦ
1711 3358 1850 3429 Χρι-

263 3448 396 3502 στοῦ
427 3450 538 3512 τοῖς
576 3447 850 3509 Ἰουδαίοις
874 3444 1236 3516 ἐρημώσεως.

341 3541 406 3610 β’.
446 3540 669 3611 Ἀπειλὴ
719 3539 862 3593 κατά
908 3538 1016 3592 τῶν
1069 3539 1459 3608 γειτονούντων
1507 3541 1586 3612 τῷ
1635 3539 1854 3614 Ἰσραὴλ

262 3632 466 3694 ἐθνῶν,
496 3631 611 3684 ἀνθ’
633 3623 708 3684 ὧν
733 3631 812 3692 είς
841 3630 1006 3683 αὐτόν
1027 3646 1087 3683 τε
1115 3630 1374 3694 ποικίλως
1396 3631 1850 3703 ἐπλημμέλησαν,

263 3727 364 3779 καὶ
399 3726 478 3787 είς
504 3723 638 3776 Θεὸν
671 3722 972 3793 ⁴ἠσέϐησαν.

341 3816 413 3884 γ’.
450 3814 676 3885 Ἀπειλὴ
709 3813 852 3866 κατὰ
881 3812 976 3865 τοῦ
1013 3811 1184 3865 Ἰούδα
1212 3810 1308 3866 καὶ
1335 3812 1428 3866 τοῦ
1457 3813 1694 3887 Ἰσραὴλ,
1725 3815 1856 3870 ἀνθ’

264 3904 347 3963 ὧν
371 3909 464 3961 τὸν
510 3908 608 3976 μὲν
648 3906 814 3976 νόμον
854 3903 1200 3976 παρέϐησαν,
1233 3904 1326 3956 καὶ
1367 3904 1458 3957 τὸν
1489 3905 1722 3977 Χριστὸν
1746 3908 1856 3960 ἀπ-

267 4003 470 4064 έδοντο,
501 4001 594 4054 καὶ
626 4001 705 4062 είς
742 3998 869 4062 τοὺς
899 3996 1065 4051 αὑτοῦ
1101 3997 1353 4068 μαθητὰς
1392 3997 1851 4070 ἐπλημμέλησαν-

266 4099 332 4151 ἐν
364 4094 443 4166 τῷ
473 4093 588 4164 ναῷ
613 4093 669 4146 δὲ
699 4091 1040 4160 ἠσέλγαινον,
1064 4090 1155 4143 καὶ
1179 4091 1423 4162 ἐνεργεῖν
1446 4090 1572 4154 τοὺς
1593 4092 1651 4145 ὲν
1675 4094 1858 4159 αὐτοῖς

268 4186 762 4257 πνευματοφόρους
792 4183 1055 4238 ὲκὼλυον.

344 4279 408 4334 δ’.
433 4281 556 4332 Ὀτι
585 4276 737 4350 παρά
764 4276 860 4330 τοῦ
894 4273 1031 4329 Θεοῦ
1067 4273 1284 4346 Ἰσραὴλ
1317 4275 1642 4346 ὲπιλεχθεὶς,
1664 4276 1862 4349 ἠθέτη-

275 4390 375 4428 σε·
412 4373 506 4427 καὶ
551 4371 640 4424 διὰ
683 4369 844 4424 τοῦτο
883 4367 1236 4439 μαστίζεται’
1273 4368 1369 4422 καὶ
1411 4369 1492 4422 ὅτι
1523 4371 1675 4423 πᾶσα
1711 4371 1862 4444 παρά

273 4465 413 4521 Θεοῦ
457 4464 677 4518 παιδεία
707 4463 1056 4533 ἐπιφέρεται,
1087 4460 1182 4513 καὶ
1212 4460 1344 4530 παρ’
1369 4459 1535 4514 αὑτοῦ
1571 4463 1683 4524 τοῖς
1724 4479 1860 4533 προ-

275 4560 481 4630 φήταις
508 4554 854 4627 γνωρίζεται.

351 4661 413 4708 ε’.
458 4652 777 4724 Κατηγορία
797 4651 904 4704 τῶν
935 4652 992 4704 ὲν
1022 4653 1087 4721 τῇ
1119 4650 1406 4722 Σαμαρείᾳ
1437 4651 1858 4724 πλημμεληθέν-

274 4765 410 4811 των,
451 4747 546 4800 καὶ
584 4744 782 4816 ἀπειλὴ
816 4743 918 4813 τῆς
947 4743 1144 4813 νοητῆς
1175 4742 1386 4813 Τύρου,
1417 4744 1510 4796 καὶ
1555 4744 1860 4816 πρόρρησις

276 4840 364 4894 ὅτι
392 4840 420 4892 ό
449 4837 663 4908 Ἰσραὴλ
696 4836 803 4889 ἀπὺ
835 4835 1035 4906 μέρους
1072 4833 1398 4904 σωθήσεται.

355 4930 431 4997 ς’.
471 4929 786 5001 Προφητεία
813 4928 920 4981 τῶν
953 4925 1382 4996 συμϐησομένων
1408 4929 1474 4998 τῇ
1509 4926 1865 4999 Ἰερουσαλὴμ

277 5025 380 5078 καὶ
406 5027 474 5095 τῇ
497 5021 658 5093 λοιπῇ
693 5021 944 5090 Ἰουδαίᾳ,
979 5020 1095 5074 ἀνθ’
1123 5037 1197 5075 συν
1226 5021 1316 5073 τὸν
1349 5021 1541 5089 νόμον,
1579 5020 1715 5091 πρὸς
1747 5023 1860 5083 τοῖς

279 5117 462 5180 ἄλλοις
515 5115 735 5179 θύοντες
786 5112 893 5179 ἔξω
938 5112 1034 5167 τοῦ
1075 5111 1242 5166 τόπου
1280 5110 1376 5166 τοῦ
1405 5111 1859 5184 προσταχθέντος,

281 5227 361 5264 πα
371 5209 640 5280 ρέϐαινον.

356 5303 422 5368 ζ’.
465 5305 728 5373 Διήγησις
757 5293 831 5353 ὧν
857 5298 1080 5371 ἔμελλεν
1105 5300 1132 5352 ὁ
1152 5297 1282 5363 λαὸς
1305 5299 1415 5352 τῶν
1451 5296 1722 5351 Ἰουδαίων
1744 5296 1864 5348 πεί-

286 5393 496 5458 σεσθαι,
514 5392 610 5446 καὶ
630 5385 706 5446 ὧν
729 5389 963 5443 πέπονθε
990 5388 1254 5462 πρότερον
1274 5403 1286 5418 ’
1322 5388 1419 5444 καὶ
1442 5387 1745 5460 προφητεία
1765 5386 1866 5457 τῆς

283 5485 383 5541 τοῦ
419 5487 667 5557 Σωτῆρος
693 5483 951 5553 ἀφίξεως.

792 2071 889 2125 καὶ
935 2071 1256 2143 παραίνεσις
1299 2071 1509 2143 ἀρετῶν
1562 2069 1857 2142 κατορθώ-’

1932 605 2330 660 summationis.

2004 695 2066 748 V.
2105 696 2502 752 Documentum
2539 697 2608 753 de
2636 696 2969 768 pmnitentize
3001 695 3306 750 rationibus
3337 702 3394 748 et
3423 693 3506 746 di-

1933 785 2072 841 vinae
2101 789 2497 858 compassionis
2527 789 2818 860 promissio
2841 799 2894 842 et
2918 787 3200 858 prophetia
3229 785 3509 856 mysterio-

1933 891 2054 930 rum
2095 893 2191 946 per
2223 894 2344 948 quae
2372 878 2658 948 imperium
2684 877 2884 932 diaboli
2924 876 3158 930 deletur.

2009 965 2094 1021 Vl.
2132 968 2424 1024 Prmdictio
2475 969 2668 1024 salutis
2701 985 2796 1038 per
2824 983 3074 1033 crucem,
3115 976 3169 1022 et
3203 965 3511 1022 traditionis

1935 1073 2200 1114 novorum
2229 1061 2618 1130 mysteriorum
2649 1075 2770 1130 quae
2793 1059 3046 1114 Christus
3095 1057 3273 1112 factus
3313 1058 3509 1122 homo,

1935 1151 2002 1205 ad
2032 1153 2324 1207 avertenda
2365 1154 2544 1223 priora
2595 1153 2768 1216 mala,
2803 1150 2986 1206 lsraeli
3041 1152 3344 1221 praesertim
3398 1151 3513 1220 spi-

1936 1244 2077 1298 ritali
2123 1245 2366 1300 donavit.

2007 1335 2118 1392 νη.
2163 1337 2458 1392 Promissio
2479 1339 2730 1394 catholici
2758 1338 2886 1394 doni
2913 1350 2969 1396 et
2989 1337 3226 1394 universi
3258 1337 3511 1407 spiritus,

1936 1439 1992 1483 et
2021 1429 2299 1499 prmdictio
2320 1429 2627 1485 futurorum
2652 1433 2705 1486 in
2729 1440 2972 1501 tempore
2996 1427 3512 1493 consummationis;

1937 1528 1993 1573 et
2018 1519 2110 1588 qui
2150 1519 2260 1573 sint
2288 1527 2416 1574 tunc
2455 1520 2673 1574 salvati.

2010 1609 2148 1666 Vill.
2201 1610 2355 1666 Minae
2391 1611 2581 1681 jndicii
2651 1611 2952 1682 praesertim
3009 1611 3062 1666 in
3109 1611 3417 1671 daemones,
3451 1623 3518 1664 eo

1939 1703 2084 1772 quod
2153 1703 2412 1774 populum
2483 1703 2577 1757 Dei
2640 1704 2962 1758 tradiderint
3042 1703 3098 1757 in
3179 1704 3516 1773 voluptatum

1942 1796 2284 1860 servitutem,
2310 1805 2365 1850 et
2406 1795 2687 1866 gentilium
2733 1797 3115 1850 simulacorum
3156 1796 3358 1849 cultum
3393 1811 3520 1849 ven-

1867 1875 1911 1930 Β
1940 1887 2199 1950 diderint,
2227 1895 2278 1941 et
2300 1885 2678 1941 conversionis
2713 1885 3002 1954 impiorum
3037 1884 3345 1954 promissio.

2015 1980 2106 2036 IX.
2148 1979 2638 2048 lncitationivinze
2682 1979 3065 2044 aemulationis,
3111 1988 3167 2032 et
3202 1979 3362 2031 mime
3401 1976 3522 2030 uni-

1941 2074 2172 2130 versalis
2224 2073 2462 2145 judicii;
2521 2081 2576 2129 et
2627 2072 2933 2128 exhortatio
2972 2072 3038 2128 ad
3097 2072 3354 2128 virtutum
3411 2071 3523 2125 cul-

1943 2177 2080 2223 tum.

2016 2258 2082 2312 Χ.
2125 2258 2455 2313 Vaticinium
2483 2273 2675 2312 eorum
2709 2273 2830 2328 qua:
2869 2257 3008 2313 facta
3043 2265 3170 2311 sunt
3193 2256 3246 2310 in
3280 2265 3524 2322 tempore

1944 2349 2162 2416 crucis;
2232 2360 2288 2404 et
2341 2349 2793 2404 sanctiﬁcationis
2866 2364 3022 2404 novze
3066 2348 3412 2411 Jerusalem;
3473 2353 3527 2400 et

1945 2443 2248 2498 concordia:
2318 2443 2689 2513 apostolorum
2755 2453 2810 2498 et
2844 2444 3268 2513 pr0phetarum;
3305 2451 3360 2496 et
3410 2457 3528 2511 my~

1950 2535 2078 2589 stici
2118 2535 2321 2597 fontis,
2353 2536 2446 2605 qui
2497 2551 2559 2589 ex
2601 2537 2764 2592 domo
2814 2534 3060 2604 Domini},
3096 2534 3264 2588 latere
3324 2533 3528 2587 scilicet

1948 2626 2267 2689 Dominico,
2315 2627 2560 2692 eﬁluxit;
2608 2635 2665 2682 et
2712 2627 3024 2682 abolitionis
3088 2627 3426 2688 dzemonum,
3475 2633 3530 2678 et

1949 2734 2123 2788 pinnae
2153 2720 2383 2782 Adami;
2415 2730 2474 2774 et
2513 2720 2808 2789 promissio
2834 2719 3024 2790 judicii
3053 2719 3257 2774 diaboli
3287 2727 3341 2772 et
3376 2716 3532 2771 habia

1951 2808 2173 2863 tationis
2207 2809 2262 2862 in
2289 2810 2517 2878 spiritali
2551 2809 2704 2865 Sion.

2018 2899 2134 2954 Joel
2162 2900 2429 2970 signiﬁcat
2453 2900 2676 2955 dilectus
2720 2900 2828 2955 Deo
2853 2900 2968 2956 sive
3030 2900 3367 2969 principium.
3404 2900 3533 2954 Erat

1951 3007 2015 3046 ex
2059 2992 2200 3046 tribu
2229 2991 2455 3056 Ruben,
2488 3009 2553 3047 ex
2586 3009 2716 3064 agro
2755 2993 3088 3048 vicinorum.
3132 2991 3189 3046 In
3223 3008 3355 3064 pace
3387 3007 3532 3046 mor-

1953 3091 2082 3139 tuus
2121 3093 2206 3140 est
2247 3093 2304 3139 et
2339 3084 2588 3154 sepultus
2621 3084 2846 3139 ibidem.

2271 3239 2522 3296 CAPITA
2561 3238 2746 3295 AMOS
2783 3235 3202 3293 PBOPHETA‘I.

2025 3354 2066 3410 l.
2112 3352 2449 3410 Vaticinium
2496 3352 2863 3408 manifestata;
2893 3367 2923 3406 a
2952 3350 3174 3406 Christo
3208 3348 3412 3405 Judzeis
3449 3363 3536 3403 va-

1954 3451 2230 3506 stationis.

2027 3542 2090 3598 ll.
2128 3543 2287 3598 Minae
2317 3541 2373 3597 in
2414 3541 2626 3597 vicinas
2684 3538 2872 3596 lsraeli
2910 3547 3136 3610 gentes,
3171 3551 3238 3591 eo
3281 3533 3424 3605 quod
3480 3534 3535 3588 in

1957 3637 2110 3691 illum
2163 3635 2312 3691 varie
2367 3635 2720 3706 peccaverint
2753 3643 2810 3689 et
2855 3633 2912 3688 in
2961 3635 3129 3687 Deum
3181 3629 3348 3700 impie
3411 3643 3540 3698 ege-

1955 3731 2087 3786 rint.

2027 3818 2114 3874 lll.
2152 3817 2311 3874 Minae
2357 3816 2622 3872 adversus
2675 3815 2872 3872 Judam
2901 3825 2956 3870 et
2993 3814 3249 3869 lsraelem
3283 3830 3349 3869 eo
3393 3813 3539 3885 quod

1955 3913 2128 3982 legem
2170 3909 2492 3982 transgressi
2533 3909 2665 3975 sint,
2691 3909 2972 3963 Christum
3005 3906 3348 3962 vendiderint
3385 3917 3441 3960 et
3485 3906 3540 3959 in

1957 4003 2130 4075 ipsius
2156 4002 2455 4072 discipulos
2501 4001 2874 4071 peccaverint,
2905 4008 2961 4053 et
2987 3999 3249 4070 templum
3275 3997 3544 4052 contami-

1957 4096 2230 4161 naverint,
2263 4105 2319 4150 et
2377 4095 2433 4149 in
2468 4094 2600 4164 ipsis
2653 4092 2848 4164 spiritu
2931 4092 3123 4162 plenos
3162 4090 3544 4162 prohibuerint

1957 4186 2090 4256 quin
2114 4194 2360 4256 agerent.

2032 4276 2119 4332 IV.
2156 4275 2312 4344 Quod
2359 4274 2524 4330 lsrael
2587 4289 2616 4328 a
2687 4273 2798 4329 Deo
2832 4274 3041 4328 electus
3081 4271 3378 4327 desciverit
3416 4311 3431 4336 ,
3488 4276 3545 4324 et

1960 4379 2248 4441 propterea
2311 4368 2640 4438 castigatur;
2695 4377 2752 4421 et
2799 4366 2944 4436 quod
2992 4365 3172 4420 omnis
3203 4366 3471 4419 correctio
3513 4379 3544 4418 a

1964 4462 2076 4517 Deo
2120 4462 2398 4517 inducitur
2441 4468 2496 4514 et
2525 4461 2594 4514 ab
2645 4460 2764 4529 ipso
2793 4457 3078 4529 pr0phetis
3108 4456 3470 4527 significatur.

2024 4647 2090 4701 ν.
2143 4645 2434 4700 Accusatio
2496 4654 2841 4715 peccatorum
2883 4643 2936 4695 in
2993 4640 3253 4696 Samaria:
3286 4639 3543 4694 eorumis—

1957 4754 2163 4801 sorum,
2192 4746 2248 4792 et
2295 4737 2455 4791 mina:
2501 4735 2756 4806 Spiritalis
2782 4734 2929 4805 Tyri,
2977 4743 3032 4790 et
3058 4730 3340 4803 praedictio
3371 4729 3546 4783 lsrae-

1959 4829 2064 4884 lem
2097 4837 2248 4898 parte
2280 4828 2542 4881 salvatum
2574 4825 2660 4879 iri.

2034 4924 2122 4978 Vl.
2160 4923 2487 4978 Vaticinium
2527 4934 2714 4974 eorum
2779 4933 2900 4986 quae
2957 4924 3353 4986 superventura
3417 4923 3547 4969 sunt

1966 5016 2265 5072 Jerusalem
2292 5025 2347 5070 et
2385 5015 2606 5082 reliqua:
2644 5011 2844 5065 Judaea:
2889 5025 2988 5080 pro
3027 5023 3096 5063 eo
3137 5007 3280 5077 quod
3329 5008 3500 5078 legem
3526 5047 3541 5072 ,

1970 5118 2168 5179 praeter
2202 5115 2398 5162 caetera
2449 5104 2822 5159 sacriﬁcantes
2875 5109 3028 5155 extra
3066 5100 3244 5153 locum
3296 5096 3545 5168 praescri-

1915 5197 1922 5204 ’
1969 5211 2125 5273 ptum
2166 5199 2487 5271 transgressi
2525 5204 2676 5252 sunt.

2047 5294 2155 5350 Vll.
2192 5292 2439 5347 Narratio
2495 5305 2683 5344 eorum
2713 5303 2832 5359 quae
2890 5301 3152 5357 passurus
3202 5295 3284 5339 est
3314 5283 3549 5354 populus

1970 5387 2311 5450 Iudaeorum,
2342 5392 2397 5438 et
2426 5399 2545 5453 qua:
2573 5398 2765 5452 passus
2794 5391 2878 5437 est
2908 5380 3079 5453 prius.
3119 5378 3184 5432 Et
3232 5375 3548 5433 vaticinium

1972 5481 2238 5536 adventus
2270 5476 2590 5533 Salvatoris.

1804 5677 2038 5735 NOTIE.

369 5837 448 5909 (5)
491 5835 647 5910 Ἰωήλ
677 5826 835 5902 οὗτος
857 5830 928 5908 ἦν
955 5833 1016 5900 ἐξ
1046 5833 1218 5905 ἀγροῦ
1249 5829 1468 5905 Βηθὼρ,
1496 5830 1695 5902 Epiph.
1722 5849 1737 5900 ;
1765 5833 1843 5890 vic

1964 5853 1968 5883 ς
2006 5850 2136 5904 agro
2170 5831 2453 5896 Bel/rorata,
2495 5829 2722 5885 Doroth.
