3962 6462
542 435 674 502 1351

1731 427 2060 490 HESYCHI
2069 429 2094 487 Ι
2137 426 2611 488 PRESBYTERI

3680 421 3795 484 135?.

612 545 749 604 VIII.
787 543 1115 600 Vaticinium
1150 540 1219 595 ad
1250 552 1576 612 synagogam
1606 535 1888 592 Judaicam
1917 535 2114 606 integri

2287 539 2359 604 η’.
2401 530 2716 603 Προφητεία
2743 532 2810 601 τῇ
2846 528 3109 600 Ἰουδαϊκῇ
3140 529 3448 599 Συναγωγῇ
3485 527 3587 598 τῆς
3620 545 3799 583 παντε-

540 654 720 696 casus.
775 636 841 691 Et
893 632 1202 690 exhortatio
1256 639 1316 683 ut
1347 629 1411 683 ad
1483 626 1652 681 Deum
1711 634 2114 692 convertatur;

541 742 598 788 et
639 731 932 804 prophetia
969 741 1158 783 eorum
1192 739 1312 793 quae
1352 724 1406 776 in
1431 719 1713 774 Christum
1742 720 2120 788 delinquentes

542 825 757 897 passuri
795 833 944 878 sunt.

614 916 706 970 IX.
763 915 1068 971 Consilium
1145 911 1213 966 de
1285 911 1434 966 culto
1503 909 1691 964 divino
1741 914 1798 960 et
1832 902 2122 975 promissio

544 1007 950 1063 lamentationis
987 1004 1323 1068 Judanruni,
1357 1013 1414 1057 et
1453 1016 1642 1056 eorum
1683 1014 1805 1069 quae
1859 1006 2122 1051 eventura

543 1110 675 1156 sunt
722 1099 1100 1171 peccatoribus
1140 1099 1195 1152 in
1220 1095 1308 1152 die
1338 1096 1548 1166 judicii.

615 1190 683 1245 Χ.
719 1191 1048 1260 Repudiatio
1108 1189 1502 1244 sacriﬁciorum
1601 1185 2003 1246 Judaicorum,
2070 1192 2126 1236 et

544 1284 817 1339 accusatio
847 1284 988 1354 quod
1021 1281 1311 1336 servierint
1340 1281 1497 1334 idolis
1526 1279 1828 1333 vicinarum
1857 1274 2124 1346 gentium.

547 1381 673 1436 licet
702 1394 933 1433 numero
963 1387 1018 1434 et
1046 1378 1253 1432 viribus
1292 1377 1527 1446 majores
1547 1419 1562 1443 ,
1598 1385 1653 1430 et
1679 1373 1955 1444 quomodo
2001 1388 2128 1442 pro-

546 1461 670 1542 pter
724 1469 1130 1524 multitudinem
1186 1469 1559 1539 voluptatum,
1590 1464 1841 1520 conversi
1895 1471 2024 1519 sunt
2062 1462 2128 1517 ad

549 1560 842 1616 luxuriam.

621 1651 711 1705 XI.
745 1651 901 1707 Minae
936 1651 1258 1705 vastationis
1322 1648 1513 1716 Israel,
1557 1657 1608 1702 et
1641 1646 1882 1701 narratio
1940 1660 2131 1700 eorum

549 1760 670 1814 quae
701 1745 961 1799 adversus
995 1744 1170 1815 legem
1212 1751 1266 1796 et
1295 1741 1465 1796 Deum
1494 1748 1877 1811 peccaverunt,
1911 1747 2133 1809 propter

552 1852 675 1906 quae
722 1835 1010 1906 Babylonis
1043 1851 1102 1890 se
1132 1835 1480 1889 inducturum
1547 1833 1804 1886 minatur.

2217 625 2342 689 λοῦς
2375 625 2708 686 ἐκπτώσεως
2727 639 2742 654 ·
2775 623 2872 676 καὶ
2896 621 3222 691 παραίνεσις
3253 623 3352 693 τῆς
3383 622 3530 692 πρὸς
3560 621 3648 673 τὸν
3686 621 3803 674 Θεὸν

2219 717 2587 785 ἐπιστροφῆς*
2623 715 2718 768 καὶ
2748 712 2947 783 ἀπειλὴ
2979 705 3053 766 ὧν
3086 712 3315 784 ἔμελλον
3340 715 3426 776 είς
3454 713 3555 765 τὸν
3593 714 3804 782 Χριστὸν

2221 806 2675 876 παρανομοῦντες
2712 805 3024 858 πείσεσθαι.

2294 899 2360 953 θ’.
2403 898 2692 971 Συμϐουλὴ
2725 898 3059 964 θεοσεϐείας,
3091 897 3187 950 καὶ
3216 898 3536 970 πρόρρησις
3570 899 3662 953 τοῦ
3692 901 3807 956 Ἰου-

2221 992 2409 1046 δαϊκοῦ
2441 993 2663 1064 θρήνου,
2689 997 2784 1046 καὶ
2814 991 2920 1045 τῶν
2949 990 3228 1063 ἐσομένων
3256 996 3363 1056 τοῖς
3395 993 3748 1064 ἁμαρτωλοῖς
3766 998 3810 1048 ἐν

2224 1087 2293 1155 τῇ
2332 1086 2517 1157 ἡμέρα
2548 1085 2649 1154 τῆς
2677 1085 2941 1155 κρίσεως.

2301 1173 2355 1226 ι’.
2395 1173 2740 1245 Ἀποστροφὴ
2769 1175 2878 1226 τῶν
2915 1174 3223 1229 Ἰουδαϊκῶν
3267 1174 3521 1229 θυσιῶν·
3568 1175 3664 1230 καὶ
3703 1195 3812 1229 κστ·

2226 1265 2426 1335 ηγορία
2459 1268 2542 1319 ὃτι
2589 1268 2703 1328 τοῖς
2746 1266 2985 1329 είδώλοις
3020 1267 3300 1320 ἐδούλευον
3335 1268 3452 1320 τῶν
3483 1269 3810 1339 ὁμορούντων

2228 1357 2420 1420 ἐθνῶν,
2455 1356 2632 1409 καίτοι
2667 1356 2912 1426 μείζονες
2939 1357 3159 1431 ἀριθμῷ
3205 1360 3300 1412 καὶ
3342 1360 3589 1429 δυνάμει
3638 1364 3812 1431 τυγχα-

2229 1467 2412 1513 νοντες
2434 1465 2446 1479 ·
2475 1451 2569 1503 καὶ
2598 1451 2746 1514 ὅπως
2770 1451 2875 1504 ὑπὸ
2901 1453 3140 1522 πλήθους
3161 1452 3378 1523 τρυφῆς
3400 1454 3729 1525 ἐτράπηςαν
3750 1460 3812 1518 εἰς

2231 1542 2544 1609 ἀσέλγειαν.

2304 1641 2393 1688 ια’.
2433 1634 2656 1706 Ἀπειλὴ
2693 1635 2792 1705 τῆς
2832 1633 3171 1706 ἐρημώσεως
3200 1637 3295 1690 τοῦ
3333 1636 3592 1707 Ἰσραὴλ,
3636 1639 3720 1692 καὶ
3747 1638 3812 1692 δι-

2234 1726 2435 1797 ήγησις
2482 1718 2556 1778 ὧν
2602 1725 2682 1787 είς
2723 1726 2816 1776 τὸν
2860 1725 3029 1795 νόμον
3076 1727 3170 1778 καὶ
3203 1727 3296 1779 τὸν
3323 1727 3464 1779 Θεὸν
3495 1728 3812 1798 ἡμάρτανον,

2237 1817 2379 1887 ὑπὲρ
2404 1811 2479 1869 ὧν
2505 1816 2878 1877 Βαϐυλωνίους
2909 1817 3202 1888 ἐπιφέρειν
3232 1818 3568 1888 ἠπείλησεν.

623 1929 739 1985 xu.
800 1893 1082 1984 Praedictio
1139 1926 1500 1998 expeditionis
1557 1922 2023 1994 Babyloniorum,
2077 1929 2133 1974 et

2313 1915 2399 1982 ιβ’.
2441 1912 2754 1983 Πρόρῤησις
2794 1913 2892 1982 τῆς
2926 1912 3286 1966 Βαϐυλωνίων
3327 1912 3811 1982 ἐπιστρατεύσεως,

556 2028 804 2072 venturae
864 2018 1065 2073 Judasis
1093 2031 1269 2088 pinnae
1312 2017 1366 2070 in
1399 2022 1644 2084 tempore
1678 2012 1886 2079 futuro,
1941 2021 1997 2066 et
2027 2013 2128 2066 ad-

557 2118 757 2163 ventus
789 2106 1086 2162 SaIvatons
1122 2108 1173 2160 in
1222 2121 1408 2171 carne,
1444 2113 1500 2160 et
1526 2119 1719 2159 eorum
1753 2119 1874 2174 qua:
1903 2119 1971 2159 ex
2017 2103 2136 2174 ipso

556 2198 738 2254 futura
785 2207 915 2254 sunt
942 2197 1163 2253 Judieis.

627 2380 770 2436 XIII.
801 2379 1051 2435 Narratio
1112 2380 1432 2436 insidiarum
1474 2382 1774 2438 sacerdmis
1837 2381 2028 2438 Bethel
2078 2381 2133 2437 in

559 2472 906 2541 prophetam,
941 2479 996 2524 et
1021 2484 1208 2524 eorum
1239 2484 1361 2539 quae
1391 2472 1659 2541 pr0pheta
1690 2472 1983 2538 sacerdoti,
2025 2472 2138 2527 Deo

557 2565 806 2634 jubente,
835 2564 1072 2616 minatus
1099 2572 1204 2616 est.

629 2654 770 2711 XIV.
799 2655 1124 2710 Vaticinium
1164 2656 1335 2709 ruina;
1383 2656 1570 2726 templi
1624 2671 1654 2710 a
1691 2655 1911 2712 Christo
1976 2657 2137 2711 indu-

559 2753 661 2800 ctae
688 2783 703 2808 ,
747 2754 803 2799 et
832 2743 1116 2813 praplietia
1134 2758 1324 2797 eorum
1363 2759 1484 2813 quae
1529 2745 1584 2798 in
1615 2745 1866 2800 Sabbatis
1895 2753 1950 2800 et
2000 2743 2143 2800 Neo-

561 2835 760 2890 meniis
799 2835 1037 2905 populus
1073 2834 1386 2889 Judzeorum
1434 2837 1701 2904 peccavit,
1742 2845 1967 2907 propter
1993 2836 2138 2906 quod

560 2938 754 2980 eorum
793 2932 939 2977 terra
967 2937 1093 2976 cum
1124 2922 1323 2976 incolis
1356 2923 1677 2993 castigatur.

632 3108 749 3164 XV.
783 3109 1077 3178 Prophetia
1105 3107 1494 3162 miraculorum
1523 3107 1581 3160 in
1611 3122 1774 3161 cruce
1823 3105 2137 3162 futurorum

2236 2007 2334 2061 xui
2381 2007 2481 2077 τῆς
2523 2005 2966 2075 ἐπελευσομένης
3000 2007 3113 2067 τοῖς
3149 2004 3428 2068 Ἰουδαίοις
3478 2004 3643 2074 δίκης
3674 2005 3723 2054 ἐν
3760 2006 3813 2071 τῷ

2237 2099 2393 2152 αἰῶνι
2435 2098 2514 2167 τῷ
2564 2095 2835 2167 μέλλοντι,
2871 2097 2967 2148 καὶ
3011 2096 3110 2165 τῆς
3154 2097 3211 2147 ἐν
3260 2095 3429 2165 σαρκὶ⁵
3459 2094 3560 2147 τοῦ
3595 2096 3812 2164 Σωτῆρος

2236 2189 2497 2259 ἀφίξεως,
2522 2189 2616 2241 καὶ
2645 2187 2754 2241 τῶν
2790 2186 3095 2258 μελλόντων
3118 2187 3177 2251 ἐξ
3206 2187 3376 2259 αὐτῆς
3404 2191 3526 2250 τοῖς
3568 2186 3812 2248 Ἰουδαίας

2237 2284 2479 2337 ἔσεσθαι.

2313 2383 2400 2444 ιγ’.
2441 2375 2704 2446 Διήγησις
2740 2373 2843 2442 τῆς
2887 2370 2981 2424 τοῦ
3033 2370 3226 2442 ἱερέως
3277 2367 3488 2438 Βαιθὴλ
3543 2367 3808 2436 ἐπιδουλῆς

2237 2469 2382 2522 κατὰ
2400 2467 2493 2520 τοῦ
2519 2468 2822 2537 προφήτου,
2841 2467 2935 2516 καὶ
2955 2456 3030 2517 ὧν
3057 2466 3084 2515 δ
3107 2463 3396 2533 προφήτης
3419 2463 3505 2532 τῷ
3532 2462 3665 2532 ίερεί
3685 2463 3806 2529 παρὰ

2235 2561 2330 2614 τοῦ
2361 2558 2496 2612 Θεοῦ
2531 2557 3010 2630 προστεταγμένος
3040 2555 3329 2625 ήπείλησε.

2312 2651 2393 2705 ιδ’.
2440 2649 2752 2721 Προφητεία
2812 2648 2911 2717 τῆς
2962 2646 3349 2717 ἐπενεχθείσης
3391 2645 3474 2716 τῷ
3528 2644 3640 2715 ναῷ
3684 2644 3803 2712 παρὰ

2239 2745 2479 2818 Χριστοῦ
2507 2744 2832 2815 πορθήσεως
2853 2761 2868 2774 ·
2896 2744 2992 2795 καὶ
3013 2741 3262 2812 διήγησις
3291 2736 3364 2792 ὧν
3388 2741 3447 2793 ὲν
3477 2743 3595 2802 τοῖς
3627 2738 3805 2791 Σαϐεὰ-

2239 2855 2352 2902 τοις
2386 2839 2479 2891 καὶ
2507 2839 2628 2900 ταῖς
2657 2834 2998 2906 Νουμηνίαις
3018 2835 3044 2887 ὁ
3070 2832 3197 2895 λαὸς
3216 2831 3323 2886 τῶν
3353 2831 3630 2885 Ἰουδαίων
3652 2831 3802 2901 ἡμάρ-

2241 2948 2424 2993 τανεν,
2449 2930 2566 2986 ἀνθ’
2590 2925 2665 2984 ὧν
2696 2928 2882 2992 αὐτοῖς
2912 2929 2945 2998 ή
2977 2927 3048 2997 γῆ
3086 2927 3227 2997 μετά
3253 2924 3362 2979 τῶν
3391 2925 3683 2977 οἰκούντων
3701 2941 3802 2977 ποι-

2241 3023 2482 3077 δεύεται.

2317 3123 2397 3170 ιε’.
2441 3115 2756 3188 Προφητεία
2801 3113 2909 3168 τῶν
2956 3113 3050 3166 ἐπί
3093 3111 3189 3166 τοῦ
3237 3108 3479 3181 σταυροῦ
3531 3104 3801 3176 γενομένων

563 3211 620 3257 et
657 3201 925 3256 malorum
957 3215 1078 3270 qua:
1105 3199 1327 3266 Iudaeis,
1353 3199 1524 3271 gratia
1547 3199 1616 3254 ab
1643 3199 1776 3270 ipsis
1801 3199 2138 3266 discedente,

2252 3210 2558 3280 θαυμάτων,
2597 3211 2692 3262 καὶ
2720 3207 2830 3263 τῶν
2861 3208 3049 3260 κακῶν
3073 3205 3111 3259 ἃ.
3140 3207 3256 3268 τοῖς
3291 3202 3570 3264 Ἰουδαίοις
3600 3195 3797 3266 συμϐαί-

563 3301 966 3364 superventura
1010 3297 1167 3345 sunt.
1270 3301 1274 3306 ’

635 3383 776 3440 XVI.
819 3383 1114 3455 Proplietia
1173 3397 1364 3439 eorum
1407 3399 1531 3455 quae
1563 3384 1818 3440 Christus
1871 3384 2143 3441 facturum

563 3492 622 3533 se
653 3477 858 3547 populo
904 3485 959 3532 et
991 3477 1194 3547 templo
1242 3477 1484 3531 minatus
1535 3487 1639 3543 est,
1684 3486 1740 3532 et
1793 3478 2018 3548 insuper
2050 3492 2146 3533 eos

566 3567 822 3639 obiurgat
852 3575 1112 3636 tanquam
1145 3581 1260 3621 non
1289 3566 1472 3621 minus
1504 3567 1716 3622 alienos
1741 3583 1906 3637 quam
1937 3577 2148 3624 aeterm

565 3664 756 3727 gentes
784 3663 1192 3709 extraneorum.

639 3745 805 3801 XVII.
859 3745 1148 3813 Quomodo
1179 3745 1354 3800 ﬁdelis
1395 3745 1565 3800 Israel
1613 3761 1679 3801 ex
1726 3744 1934 3799 inﬁdeli
1973 3759 2150 3800 secer-

567 3841 718 3896 nitur
757 3857 856 3912 per
901 3840 1199 3895 Salvatoris
1228 3839 1545 3902 adventum,
1577 3847 1632 3892 et
1685 3853 1911 3909 regnum
1979 3836 2150 3892 David

568 3935 623 3987 in
651 3933 783 4003 ipsis
811 3941 1130 3996 renovatur,
1162 3940 1219 3987 et
1248 3932 1412 3986 simul
1455 3945 1582 3986 cum
1613 3931 1732 4003 lege
1781 3930 1940 3986 bonis
1966 3931 2151 4003 gratiae

568 4027 844 4082 fruentur.

638 4119 811 4172 Amos
849 4116 1119 4188 signiﬁcat
1169 4116 1398 4186 ﬁrmitas
1437 4117 1553 4172 sive
1607 4117 1786 4171 robur.
1838 4117 2005 4171 Amos
2034 4125 2154 4172 erat

566 4226 638 4266 ex
673 4208 923 4276 Thecue;
991 4219 1045 4264 et
1092 4210 1342 4264 Amasias
1412 4211 1609 4264 crebro
1663 4210 1810 4265 fuste
1859 4217 2151 4264 contusum

539 4301 800 4357 tandem
863 4302 1045 4371 gladio
1075 4301 1310 4357 necavit.
1354 4299 1460 4367 Qui
1511 4316 1634 4356 cum
1694 4302 1875 4357 adhuc
1920 4301 2155 4372 spiraret

573 4410 854 4467 regressus
903 4403 990 4450 est
1043 4395 1100 4449 in
1137 4403 1340 4450 terram
1373 4409 1553 4449 suam.
1587 4394 1678 4464 Et,
1704 4402 1829 4465 post
1867 4393 2005 4448 duos
2037 4393 2155 4448 dies

572 4499 823 4544 mortuus
855 4496 938 4543 est
968 4487 1042 4542 ibi
1069 4496 1124 4542 et
1147 4487 1410 4558 sepultus.

854 4644 1104 4700 CAPITA
1146 4643 1374 4698 ABDUE
1428 4642 1841 4698 PllOPIlETE.

643 4761 689 4816 I.
724 4761 884 4818 Minae
924 4765 1188 4820 adversus
1235 4765 1510 4821 diabolum
1555 4774 1611 4818 et
1643 4763 1928 4834 praedictio
1966 4775 2156 4816 eorum

574 4870 698 4924 quae
742 4855 860 4925 ipse
892 4871 1156 4926 passurus
1189 4866 1310 4924 est,
1341 4867 1398 4911 et
1432 4857 1522 4926 qui
1558 4856 1660 4911 sub
1714 4856 1831 4924 ipso
1886 4855 1943 4908 in
1972 4868 2160 4908 errore

575 4955 632 5000 et
660 4947 942 5017 impietate
973 4948 1177 5020 degunt
1228 4951 1296 5004 ab
1330 4950 1594 5021 apostolis
1636 4957 1690 5004 et
1756 4949 1824 5004 ab
1867 4949 1936 5003 iis
1968 4949 2061 5019 qui
2093 4963 2158 5003 ex

576 5037 856 5108 impiatate
883 5042 1132 5096 conversi
1164 5052 1314 5096 sunt.

648 5130 716 5185 II.
749 5129 907 5184 Minas
941 5133 1209 5189 adversus
1239 5135 1515 5198 eumdem,
1541 5135 1751 5190 scilicet
1823 5150 1893 5189 ne
1922 5133 2187 5214 gaudeat.

578 5225 646 5280 de
675 5225 920 5294 gentium
952 5240 1138 5281 errore
1165 5267 1178 5290 ,
1215 5239 1269 5280 et
1299 5227 1577 5295 praedictio
1618 5227 2003 5297 mysteriorum
2032 5227 2153 5295 qui-

579 5316 683 5372 bus
733 5316 992 5372 l'ruuntur
1023 5333 1120 5386 per
1155 5319 1494 5372 vocationem
1535 5318 1923 5389 evangelicam.

651 5411 743 5467 Ill.
790 5411 1078 5478 Quomodo
1104 5410 1197 5481 qui
1256 5411 1309 5464 in
1348 5411 1640 5465 virtutibus
1691 5428 1749 5465 se
1783 5418 2088 5472 exercent,
2126 5408 2162 5462 ii

578 5509 800 5581 quidem
855 5508 1180 5581 spiritalium
1213 5517 1590 5563 extraneorum
1622 5516 1676 5562 et
1704 5505 2016 5562 Judarorum
2050 5505 2165 5561 hae-

2180 4562 2230 4620 D

2245 3317 2382 3362 νειν,
2412 3303 2511 3371 τῆς
2543 3299 2768 3371 χάριτος
2794 3298 2852 3365 ἐξ
2876 3297 3059 3351 αὐτῶν
3093 3294 3522 3366 ἀναχωρούσης,
3551 3288 3770 3361 ἔμελλεν.

2317 3391 2412 3457 ις’.
2455 3392 2768 3463 Πρόρῤησις
2797 3385 2873 3445 ῶν
2899 3391 2927 3443 δ
2954 3388 3188 3460 Χριστὸς
3206 3388 3453 3456 ποιήσειν
3476 3384 3570 3438 τὸν
3594 3380 3708 3435 ναὸν
3726 3378 3796 3432 καὶ

2247 3483 2337 3536 τὸν
2371 3482 2497 3535 λαὸν
2525 3480 2822 3552 ήπείλησε’
2857 3481 2951 3532 καὶ
3000 3478 3138 3549 πρὸς
3173 3475 3386 3539 τούτοις
3434 3471 3705 3526 ὠνείδισεν
3739 3467 3795 3528 ὡς

2247 3576 2510 3638 ἀποίκους
2540 3574 2792 3645 καθάπερ
2821 3573 2888 3626 τά
2915 3571 3076 3624 λοιπά
3106 3569 3234 3640 ἔθνη
3256 3568 3366 3622 τῶν
3394 3563 3698 3633 ἀλλοφύλων
3716 3561 3795 3612 ὑπ-

2249 3665 2538 3736 ἀρχοντας.

2326 3759 2413 3822 ιζ’.
2440 3757 2628 3820 Ὅπως
2661 3759 2688 3810 ὁ
2726 3756 2916 3820 πιστὸς
2950 3753 3168 3826 Ἰσραὴλ
3189 3752 3255 3804 ὲκ
3282 3748 3377 3803 τοῦ
3407 3749 3639 3802 ἀπίστου
3662 3740 3794 3813 χωρί-

2252 3849 2405 3914 ζεται
2437 3850 2528 3903 διὰ
2566 3849 2669 3919 τῆς
2695 3848 2788 3902 τοῦ
2821 3848 3074 3919 Σωτῆρος
3103 3845 3363 3914 ἀφίξεως,
3402 3843 3498 3894 καὶ
3528 3843 3561 3910 ή
3590 3835 3792 3906 βασιλεία

2250 3943 2345 3996 τοῦ
2372 3942 2536 3997 Δαυῒδ
2569 3945 2627 3996 ἐν
2659 3944 2842 4005 αὐτοῖς
2873 3939 3215 4002 ἀνανεοῦται,
3249 3937 3343 3990 καὶ
3369 3935 3512 4007 μετὰ
3543 3929 3632 3986 τοῦ
3663 3929 3794 3998 νόμον

2252 4038 2643 4110 καρπώσονται
2676 4038 2770 4092 καὶ
2799 4037 2868 4090 τὰ
2900 4035 3041 4090 καλά
3069 4035 3171 4105 τ’ής
3206 4034 3451 4104 χάριτος.

2323 4131 2507 4202 ’Δμὼς
2537 4133 2901 4202 ἑρμηνεύεται
2924 4129 3251 4197 στερέωσις
3277 4128 3310 4199 ἢ
3345 4128 3526 4196 ἰσχύς
3542 4144 3555 4155 ·
3573 4121 3729 4196 Ἀμὼς
3745 4115 3794 4192 ἦν

2254 4227 2319 4278 ἐκ
2348 4224 2551 4278 Θεκουέ
2573 4241 2586 4255 ·
2626 4227 2720 4276 καὶ
2757 4224 3024 4293 Ἀμασίας
3060 4222 3135 4292 (6)
3177 4219 3383 4291 συχνῶς
3416 4221 3579 4273 αὑτὸν
3619 4232 3787 4286 τυμπα-

2254 4317 2429 4382 νίσας,
2454 4317 2612 4379 τέλος
2645 4316 2856 4369 ἀνεῖλεν
2896 4315 3059 4368 αὑτὸν
3105 4313 3251 4383 ξίφει
3270 4328 3283 4342 ·
3311 4313 3393 4365 ἔτι
3421 4313 3481 4366 δὲ
3513 4311 3791 4382 ἐμπνέοντος

2255 4406 2419 4460 αὐτοῦ
2446 4405 2677 4478 ἀνῆλθεν
2713 4407 2792 4469 είς
2822 4406 2922 4476 τὴν
2967 4406 3070 4474 γῆν
3115 4401 3310 4458 αὑτοῦ*
3339 4404 3435 4457 καὶ
3483 4403 3603 4471 μεθ’
3623 4402 3789 4472 ήμέρσς

2254 4499 2348 4553 δύο
2373 4499 2633 4566 ἀπέθανε,
2671 4499 2765 4553 καὶ
2799 4499 2976 4568 ἐτάφη
3009 4500 3147 4551 ἐκεῖ.

2716 4655 3068 4708 ΚΕΦΑΛᾹῘΑ
3108 4652 3378 4708 ΔΒΔΙΟΥ.

2325 4765 2395 4822 α’.
2434 4767 2663 4839 Ἀπειλὴ
2693 4767 2834 4821 κατά
2858 4768 2951 4821 τοῦ
2981 4767 3231 4821 διαϐόλου
3257 4783 3270 4796 ·
3303 4767 3398 4820 καὶ
3429 4766 3713 4838 πρόρρησις
3738 4757 3788 4814 ὧν

2256 4858 2482 4929 ἔμελλεν
2509 4859 2672 4922 αὑτός
2693 4876 2752 4912 τε
2780 4859 2884 4913 ὑπὸ
2905 4859 3013 4914 τῶν
3039 4860 3353 4913 ἀποστόλων
3376 4861 3470 4913 καὶ
3493 4859 3596 4912 τῶν
3621 4857 3669 4921 ἐξ
3691 4855 3785 4905 ἀσε-

2257 4951 2409 5014 ϐείας
2440 4951 2910 5022 ἐπιστρεψάντων,
2943 4953 3038 5006 καὶ
3069 4954 3118 5005 οἱ
3151 4953 3241 5006 ὑπ’
3266 4952 3430 5006 αὑτὸν
3457 4954 3515 5005 ἐν
3547 4950 3700 5016 πλάνῃ
3723 4958 3784 4994 τε·

2261 5044 2481 5109 λοῦντες
2517 5046 2611 5098 καὶ
2640 5045 2868 5117 ἀσεϐείᾳ
2900 5046 3206 5100 πείσεσθαι.

2336 5135 2400 5207 β’.
2440 5134 2662 5206 Ἀπειλὴ
2697 5137 2838 5189 κατά
2876 5135 2969 5189 τοῦ
3013 5133 3214 5202 αὐτοῦ,
3251 5137 3325 5207 μὴ
3373 5132 3680 5205 ἐπιχαρῆναι
3705 5123 3781 5178 τῶν

2256 5229 2427 5282 ἐθνῶν
2453 5228 2660 5300 πλάνῃθ
2689 5229 2784 5282 καὶ
2813 5228 3120 5301 πρόρρησις
3156 5227 3494 5300 μυστηρίων,
3528 5219 3602 5280 ὧν
3629 5222 3698 5276 διὰ
3713 5216 3782 5284 τῆς

2258 5321 2622 5393 εύαγγελικῆς
2647 5321 2981 5375 ἀπολαύουσι
3013 5322 3282 5393 κλήσεως.

2332 5420 2402 5482 γ’.
2427 5415 2618 5478 Ὅπως
2638 5413 2688 5467 οἱ
2717 5413 2816 5478 τὰς
2849 5413 3052 5484 ἀρετὰς
3075 5413 3411 5484 ἀσκούμενοι
3441 5413 3592 5467 αὐτοὶ
3623 5409 3700 5483 μὲν
3715 5402 3781 5457 καὶ

2266 5506 2374 5561 τῶν
2409 5507 2616 5577 νοητῶν
2645 5506 2962 5578 ἀλλοφύλων
2988 5507 3084 5561 καὶ
3117 5507 3227 5562 τῶν
3264 5506 3530 5560 Ἰουδαίων
3557 5506 3668 5569 τοὺς
3688 5497 3780 5565 κλήσ

2100 5661 2334 5719 NOTAE.

653 5821 731 5890 (6)
779 5821 1087 5893 Ἀμασίας.
1124 5820 1185 5873 '0
1232 5820 1413 5893 ἱερεὺς
1442 5819 1645 5893 Βαιθὴλ
1667 5860 1682 5885 ,
1717 5819 1991 5891 Epiphan.
2019 5821 2158 5876 lhid.

583 5889 792 5945 ἀνεῖλεν
820 5889 1003 5948 αὐτόν.
1027 5922 1096 5933 —
1130 5893 1189 5943 '0
1223 5889 1338 5957 υίὸς
1387 5889 1675 5962 Ἀμασίου,
1708 5889 1930 5964 ῥοπᾶλῳ
1955 5893 2166 5962 πλήξας

2268 5824 2431 5879 αὑτὸν
2471 5822 2614 5877 κατὰ
2664 5821 2758 5877 τοῦ
2803 5821 3104 5894 κροτάφου.
3153 5820 3298 5875 Idem
3343 5819 3604 5894 Epiphan.
3640 5810 3774 5873 οινο-

2273 5896 2417 5950 roth.
2457 5894 2576 5950 Mox
2602 5895 2786 5949 malim
2816 5891 2992 5966 legere
3019 5894 3274 5965 ἐμπνέων
3295 5891 3473 5955 αὑτός.
