4032 6416
154 362 389 449 1353.

1242 392 1324 456 IN
1365 397 1482 456 xu
1518 352 1964 460 rnoPuETA-s
2000 401 2364 466 MINORES.

3316 416 3451 485 1351

187 513 322 561 ρους
363 492 788 567 διαρπάζουσινο
839 501 886 555 οι
923 502 980 557 δὲ
1017 504 1078 568 ἐξ
1118 504 1333 577 Ἰσραὴλ
1382 508 1771 573 πιστεύσαντες

1876 509 2163 566 reditatem
2203 515 2441 584 rapiunt;
2473 516 2566 586 qui
2594 528 2777 575 autem
2807 535 2875 576 ex
2907 522 3070 577 Israel
3098 524 3451 582 crediderunt

186 587 329 655 πρὸς
367 585 465 656 τὴν
498 586 777 641 πολιτείαν
807 590 904 644 καὶ
932 592 1032 663 τὴν
1066 593 1250 647 πίστιν
1279 596 1380 667 τὴν
1419 597 1597 651 αὐτῶν
1644 614 1774 668 μετ-

182 675 483 740 οικίζονται
513 678 592 742 είς
622 679 714 734 τὸν
740 680 973 751 Χριστὸν
1003 684 1417 749 πιστεύσαντες.

268 766 474 822 Ἀὁδιοὺ
491 770 852 841 ἑρμηνεύεται
866 773 1089 842 δοῦλος
1110 777 1580 849 ἐξομολογητής.
1606 773 1775 846 Οὗτος

181 848 258 927 ἦν
280 859 345 911 ὲκ
370 859 469 930 τῆς
500 860 688 933 Συχέμ
715 880 731 895 ο
778 859 932 930 οὗτος
957 861 1025 938 ἦν
1052 868 1081 920 6
1106 871 1401 941 τριστάτης
1429 848 1504 943 (7)
1552 874 1773 929 ὲκατάν-

182 964 424 1021 ταρχος·
458 952 487 1004 6
514 954 699 1023 τρίτος
732 955 999 1027 Ὀχοζίου,
1027 959 1124 1012 καὶ
1169 961 1383 1033 δεηθεὶς
1426 963 1523 1018 τοῦ
1561 964 1772 1029 Ἠλίου,

186 1043 285 1094 καὶ
319 1042 604 1109 διασωθεὶς
637 1049 959 1118 παραδόξως
981 1051 1199 1120 ἐγένετο
1223 1054 1388 1107 αὑτοῦ
1422 1055 1771 1127 λειτουργός·

185 1131 360 1186 πολλὰ
387 1133 443 1186 δὲ
476 1136 665 1191 παθὼν
699 1136 797 1194 καὶ
826 1141 930 1195 ὑπὸ
953 1142 1050 1196 τοῦ
1085 1144 1292 1215 ’Δχαὰὸ
1320 1145 1408 1200 διὰ
1436 1146 1530 1200 τὸν
1561 1147 1771 1213 Ἠλίαν,

183 1221 344 1287 τέλος
372 1229 798 1301 καταφρονήσας
818 1231 1075 1299 Θανάτου,
1097 1235 1411 1291 καταλιπὼν
1432 1239 1525 1293 τὸν
1548 1238 1773 1309 βασιλέα

183 1315 527 1384 ἠκολούθησε
556 1320 634 1391 τῷ
667 1321 843 1394 Ἠλίᾳ,
870 1325 968 1377 καὶ¹
1000 1328 1378 1398 προεφήτευσε
1400 1367 1416 1393 ,
1445 1330 1541 1384 καὶ
1567 1332 1777 1386 άποθαε

184 1405 301 1459 νὼνη
326 1409 384 1462 ἐν
415 1410 612 1485 εἰρήνῃ
638 1412 816 1485 ἐτάφη
846 1414 986 1487 μετὰ
1010 1416 1118 1469 τῶν
1151 1419 1410 1488 πατέρων
1439 1419 1626 1476 αὐτοῦ.

402 1567 755 1622 ΚΕΦΛΛΑῙΑ
786 1570 925 1624 ΤΟΥ
963 1572 1337 1627 ΠΡΟΦΗΤΟΥ
1374 1575 1557 1630 ῘΩΝΑ.

261 1683 334 1731 α’.
377 1678 715 1749 Πρόσταγμα
762 1680 897 1735 Θεοῦ
954 1683 1091 1754 πρὸς
1117 1686 1323 1750 Ἰωνᾶν,
1352 1688 1445 1740 καὶ
1490 1691 1634 1759 φυγὴ
1675 1690 1770 1743 τοῦ

185 1768 497 1838 προφήτου,
529 1769 625 1823 καὶ
656 1770 943 1835 θαλάττιος
975 1773 1185 1844 χειμὼν
1204 1816 1217 1840 ,
1258 1777 1353 1829 καὶ
1384 1777 1583 1850 κλῆρος
1614 1779 1673 1847 ἐξ
1709 1774 1771 1835 οὗ

184 1862 370 1929 φυγάς
399 1863 427 1914 6
460 1862 747 1933 προφήτης
776 1864 1079 1935 ἐλέγχεται.

263 1953 333 2022 β’.
361 1954 549 2017 Ὅπως
569 1956 755 2019 Ἰωνᾶς
783 1957 813 2009 6
840 1959 1124 2029 προφήτης
1150 1959 1255 2012 ὑπὸ
1285 1960 1485 2031 κήτους
1513 1977 1772 2016 καταπο-

181 2041 328 2109 θεὶς,
358 2046 453 2098 καὶ
476 2048 625 2117 τρεῖς
657 2047 870 2120 ἡμέρας
897 2047 993 2103 καὶ
1033 2049 1235 2114 νύκτας
1266 2053 1323 2105 ἐν
1359 2052 1506 2123 αὐτῷ
1533 2053 1773 2108 διατελέ-
1834 2080 1837 2081 ν

189 2151 293 2198 σας
323 2134 523 2206 ηὔξατο
551 2135 630 2206 τῷ
654 2136 794 2209 Θεῷ,
824 2137 919 2191 καὶ
947 2137 1118 2203 οὓτως
1150 2140 1228 2203 είς
1258 2141 1355 2210 τὴν
1385 2142 1488 2213 γῆν
1525 2143 1628 2196 ὑπὸ
1670 2145 1771 2214 κή-

185 2243 322 2290 τους
352 2227 693 2283 ἐκϐάλλεται.

262 2327 335 2388 γ’.
376 2322 711 2393 Πρόσταγμα
734 2321 1088 2394 κηρύγματος
1116 2324 1251 2395 πρὸς
1275 2325 1365 2378 τὸν
1386 2324 1573 2381 Ἰωνᾶν
1598 2327 1775 2381 δεύτει

191 2431 289 2485 ρον
306 2432 321 2445 ·
349 2416 445 2469 καὶ
470 2416 668 2487 δρόμος
691 2419 772 2482 εἰς
796 2418 997 2491 Νινευῆ
1020 2420 1114 2474 καὶ
1135 2422 1401 2492 κήρυγμα
1418 2437 1432 2451 ⁸
1455 2415 1498 2490 ᾧ
1525 2424 1775 2477 πεισθένι·

187 2524 283 2573 τες
299 2509 581 2565 Νινευῗται
603 2513 683 2575 είς
709 2512 1003 2583 μετάνοιαν
1024 2507 1208 2586 ἦλθον,
1223 2513 1291 2585 ἢν
1312 2516 1341 2567 6
1359 2514 1491 2581 Θεὸς
1514 2516 1772 2589 δυσωπηο

184 2602 329 2668 θεὶς,
362 2602 461 2673 τὴν
487 2604 714 2676 ἀπειλὴν
742 2605 1110 2661 κατέπαυσεν.

260 2694 325 2748 δ’.
353 2695 633 2762 Ἐντευξις
660 2697 817 2750 Ἰωνᾶ
850 2696 985 2769 πρὸς
1014 2696 1105 2750 τὸν
1130 2695 1284 2763 Θεὸν,
1317 2698 1412 2753 καὶ
1442 2700 1542 2772 τῆς
1566 2699 1775 2767 πόλεως

186 2783 391 2851 ἔξοδος,
422 2787 517 2840 καὶ
546 2787 754 2859 σκηνῆς
784 2788 1128 2861 κατασκευὴ,
1163 2791 1256 2844 καὶ
1285 2791 1613 2864 κολοκύνθης
1639 2794 1774 2847 ἀνά-

183 2877 343 2941 ὅοσις
386 2879 482 2932 καὶ
522 2878 732 2952 φθορά·
776 2882 876 2936 καὶ
904 2881 998 2935 τοῦ
1030 2881 1169 2937 Θεοῦ
1203 2882 1340 2956 πρὸς
1370 2885 1459 2938 τὸν
1489 2888 1775 2959 προφήτην

183 2970 445 3037 διάλεξις,
474 2973 557 3027 ὅτι
584 2973 680 3043 τῆς
711 2973 759 3027 Ν
768 2975 917 3045 ινευῆ
947 2976 1047 3028 οὐκ
1075 2975 1285 3045 ἀλόγως
1315 2977 1595 3046 ἐφείσατο.

256 3064 446 3129 Ἰωνᾶς
473 3067 839 3139 ἑρμηνεύεται
873 3068 1161 3138 Ὑψίσνου
1182 3070 1588 3142 πονοῦντος-,ἤ
1614 3088 1774 3140 περι-

183 3157 397 3227 στερά.
419 3160 605 3223 Ἰωνᾶς
633 3155 703 3231 ἦν
742 3162 807 3214 ὲκ
844 3161 948 3230 γῆς
982 3161 1273 3234 Καριαθὲμ
1307 3160 1775 3234 [Καριαθιαρεὶμ,

1874 602 1942 656 ad
1979 617 2170 659 eorum
2202 608 2442 678 regimen
2491 620 2545 665 et
2581 610 2739 667 fidem
2776 616 3162 688 transmigrant
3196 618 3252 671 in
3293 619 3451 675 Chri-

1876 703 2019 749 stum
2051 697 2355 753 credentes.

1947 782 2147 838 Abdias
2204 784 2470 857 signiﬁcat
2518 806 2696 844 servus
2750 795 3029 863 confessor.
3081 795 3175 852 Ille
3224 807 3341 854 erat
3383 802 3451 855 do

1880 872 2135 944 Sjcliem.
2167 876 2295 932 Erat
2318 880 2507 936 tertius
2545 883 2794 939 centurio
2818 925 2834 951 ,
2869 887 3061 942 tertius
3088 890 3156 943 ab
3187 889 3447 945 Ochozia.

1877 965 1943 1019 Et
1973 983 2099 1022 cum
2150 969 2498 1039 implorasset
2547 973 2723 1030 Eliam
2752 986 2807 1032 et
2836 978 2976 1034 miro
3007 981 3170 1036 modo
3213 984 3450 1039 salvatus

1873 1068 2040 1124 esset,
2080 1059 2255 1116 factus
2283 1071 2368 1119 est
2417 1066 2467 1120 ei
2534 1067 2803 1125 minister.
2839 1070 3001 1128 Multa
3038 1086 3216 1130 autem
3260 1094 3485 1147 passns‘

1873 1148 1942 1202 ab
1978 1148 2167 1207 Achab
2198 1152 2328 1211 Eliaa
2358 1172 2522 1213 causa
2556 1177 2571 1226 ;
2602 1159 2845 1229 demum,
2896 1178 3070 1223 morte
3139 1182 3447 1245 contempta
3490 1238 3493 1239 ν
3608 1202 3615 1208 -

1873 1249 1930 1292 ct
1960 1256 2085 1313 rege
2119 1246 2310 1302 relicto
2338 1287 2354 1313 ,
2392 1250 2565 1305 Eliam
2597 1263 2818 1310 secutus
2846 1268 2930 1313 est
2970 1270 3026 1314 et
3080 1265 3445 1333 prophetarit.

1872 1332 1940 1388 Et
1963 1346 2210 1394 mortuus
2238 1340 2293 1394 in
2352 1357 2487 1412 pace
2517 1385 2532 1411 ,
2593 1348 2835 1417 sepultus
2887 1362 2968 1408 est
3026 1368 3150 1411 cum
3184 1332 3449 1427 patrihus

1872 1436 2009 1479 SIIIS.

2188 1582 2439 1642 CAPITA
2465 1589 2662 1647 JONIE
2715 1594 3126 1657 ΡΚΟΡΗΕΉΕ.

1942 1691 2203 1786 1.]ιιεείο
2250 1697 2342 1756 Dei
2373 1703 2442 1758 ad
2492 1702 2683 1762 Jonam
2715 1718 2770 1764 et
2801 1709 2929 1783 fuga
2960 1717 3263 1786 prophetae,
3313 1734 3365 1779 et
3390 1726 3445 1781 in

1870 1784 2006 1839 mari
2053 1795 2370 1859 tempestas;
2404 1805 2462 1851 et
2492 1812 2614 1855 sors
2638 1815 2734 1870 per
2778 1819 2940 1873 quam
2991 1784 3259 1879 propheta
3304 1815 3444 1887 fugi.

1803 1888 1846 1945 Β
1877 1874 2020 1931 tivus
2048 1882 2414 1941 convincitur.

1941 1967 2007 2022 ll.
2044 1970 2327 2037 Quomodo
2358 1977 2524 2035 Jonas
2551 1984 2816 2054 propheta
2840 2005 2868 2044 a
2905 1993 3054 2063 pisce
3085 1998 3407 2055 absorbetur
3429 2041 3445 2066 ,

1871 2069 1926 2115 et
1967 2076 2088 2117 cum
2114 2072 2229 2121 tres
2264 2068 2378 2124 dies
2407 2082 2462 2126 et
2493 2084 2683 2131 noctes
2716 2079 2772 2133 in
2804 2081 2923 2151 ipso
2952 2086 3222 2157 degisset,
3257 2094 3446 2164 depre-

1872 2162 2026 2209 catus
2060 2166 2144 2212 est
2176 2158 2342 2214 Deum
2374 2173 2429 2217 et
2461 2164 2515 2219 in
2541 2177 2739 2225 terram
2769 2187 2798 2226 a
2832 2175 2983 2243 pisce
3009 2181 3279 2251 dejicitur.

1942 2336 2031 2391 IIl.
2064 2338 2245 2396 Jussio
2308 2344 2735 2408 denuntiationis
2805 2360 3043 2416 secunda
3090 2364 3158 2418 ad
3205 2365 3441 2437 Jonam;

1872 2443 2066 2486 cursus
2091 2431 2145 2487 in
2187 2433 2414 2492 Niniven
2436 2477 2452 2505 ,
2476 2448 2533 2495 et
2564 2442 2902 2518 denuntiatio
2932 2469 2945 2506 :
2982 2454 3068 2508 cui
3094 2469 3218 2512 cum
3263 2464 3441 2517 credi-

1870 2520 2081 2577 dissent
2140 2525 2397 2584 Ninivitaa
2435 2531 2501 2586 ad
2537 2536 2916 2602 paenitentiam
2975 2560 3276 2618 venerunt,
3348 2571 3443 2625 por

1872 2628 2034 2683 quam
2077 2615 2220 2672 Deus
2249 2619 2490 2688 placatus
2522 2639 2553 2678 a
2578 2626 2740 2683 minis
2759 2629 2989 2688 destitit.

1944 2701 2035 2756 IV.
2073 2705 2401 2776 Deprecatio
2453 2709 2609 2768 Jonas
2645 2717 2711 2769 ad
2765 2717 2973 2788 Deum,
3009 2735 3065 2780 et
3138 2743 3171 2782 e
3226 2730 3445 2790 civitate

1875 2797 2135 2865 egressio,
2167 2807 2222 2853 et
2255 2801 2587 2881 tabernaculi
2614 2814 2977 2880 praeparatio;
3006 2827 3061 2872 et
3095 2819 3313 2879 hederae
3338 2843 3441 2882 na-

1875 2886 2056 2941 tivitas
2096 2898 2151 2943 et
2186 2906 2333 2946 mors
2376 2909 2391 2959 ;
2428 2904 2481 2949 et
2520 2897 2613 2952 Dei
2641 2900 2707 2954 ad
2739 2905 3054 2974 prophetam
3084 2911 3361 2984 allocutio,
3385 2933 3444 2973 so

1875 2977 2071 3035 Ninive
2100 2992 2294 3052 sponte
2326 2989 2653 3056 pepercisse.

1939 3064 2108 3123 Jonas
2143 3070 2407 3142 signiﬁcat
2439 3077 2700 3135 altissimo
2730 3084 3003 3143 laborante
3039 3091 3154 3148 sive
3183 3095 3439 3153 columba.

1875 3154 2042 3211 Jonas
2078 3170 2275 3215 eratcx
2323 3173 2465 3220 terra
2487 3169 2795 3227 Cariathem
2840 3176 3444 3259 (Cariathiarimtprope

181 3249 264 3312 ὥς
300 3252 446 3316 τινές
476 3269 631 3321 φασι,
665 3251 992 3327 Theophyl.]
1020 3254 1245 3326 πλησίον
1276 3254 1513 3320 Ἀζώτου
1565 3257 1767 3322 πόλεως

1875 3248 2124 3317 Azotum,
2154 3254 2343 3310 urbem
2361 3260 2599 3328 gentium
2618 3265 2759 3333 apud
2796 3280 2961 3323 mare.
2988 3269 3053 3325 Et
3094 3287 3215 3329 cum
3234 3247 3442 3346 eiectus

196 3342 477 3415 Ἐλλήνων
528 3344 669 3399 κατὰ
719 3345 1033 3401 θάλασσαν’
1076 3351 1171 3401 καὶ
1219 3349 1549 3419 ὲκὸρασθεὶς
1584 3350 1649 3403 ὲκ
1680 3349 1774 3402 τοῦ

183 3434 413 3502 κήτους,
438 3434 691 3489 ἀπελθὼν
716 3436 796 3500 είς
818 3435 1008 3491 Νινευτ
1032 3441 1126 3491 καὶ
1146 3439 1392 3510 κηρύξας
1413 3440 1508 3492 καὶ
1533 3440 1777 3510 ἀνακάμ-

184 3527 300 3593 ψας
335 3526 435 3579 ούκ
462 3526 674 3598 ἔμεινεν
704 3530 763 3581 ὲν
808 3531 874 3600 τῇ
894 3560 897 3561 ν
917 3532 987 3600 γῇ
1039 3530 1207 3583 αὐτοῦ
1229 3547 1243 3561 ο
1273 3530 1409 3584 ἀλλὰ
1435 3530 1773 3603 παραλαϐὼν

185 3618 292 3687 τὴν
343 3619 555 3691 μητέρα
599 3619 762 3673 αὑτοῦ
808 3620 1141 3694 παρῴκησεν
1172 3624 1230 3675 ὲν
1257 3625 1323 3694 τῇ
1360 3623 1596 3694 Ἀσσοὺρ
1625 3620 1777 3695 χώρᾳ

187 3711 512 3781 ἀλλοφύλων
556 3711 754 3766 ἐθνῶν
792 3712 947 3782 ἔλεγε
970 3713 1103 3787 γὰρ,
1132 3714 1213 3768 ὅτι
1256 3714 1441 3778 Οὕτως
1486 3714 1670 3784 άφελῶ
1716 3716 1777 3769 τὸ

188 3803 399 3869 ὕνειδός
444 3822 579 3876 μου,
615 3805 697 3859 ὅτι
740 3804 1058 3877 ἐψευσάμην
1089 3806 1475 3878 προφητεύσας
1503 3808 1644 3862 κατὰ
1675 3808 1775 3860 Ni-

187 3895 313 3952 νευ¹ί
361 3897 461 3968 τῆς
512 3897 759 3969 μεγάλης
805 3898 1048 3962 πόλεως’
1082 3895 1150 3971 ἦν
1198 3916 1282 3963 τις
1316 3899 1500 3963 Ἠλίας
1542 3897 1777 3970 [πόλεώς

189 4006 301 4060 μευ
329 3990 428 4057 τῆς
460 3990 728 4060 μεγάλης·
760 3984 830 4062 ἦν
877 3990 932 4044 δὲ
961 3989 1082 4043 τότε
1116 3989 1233 4046 Ἠλ.
1265 3988 1593 4062 Theophyl.]
1621 3989 1777 4057 ἐλέγ-

188 4100 305 4153 χων
348 4082 689 4153 τδνἋχαάσ,
739 4082 834 4137 καὶ
882 4082 1120 4148 καλέσας
1165 4082 1323 4154 λιμὸν
1369 4084 1464 4137 ἐπὶ
1504 4082 1604 4155 τὴν
1646 4081 1774 4152 γῆν,

189 4176 363 4243 εφυγιι
384 4188 398 4205 δ
424 4176 518 4228 καὶ
546 4172 717 4229 ἐλθὼν
746 4177 826 4240 είς
852 4175 1115 4249 Σαραφθὰ
1137 4170 1272 4248 ηὗρε
1299 4174 1600 4249 [Σάρεφθα,
1625 4170 1773 4247 εὗρεν

189 4264 527 4338 Theophyl.]
580 4267 679 4338 τὴν
732 4270 910 4339 χήραν
956 4268 1094 4339 μετὰ
1145 4267 1241 4321 τοῦ
1288 4265 1409 4321 υἱοῦ
1457 4266 1648 4337 αὐτῆς,
1681 4266 1776 4320 καὶ

190 4360 378 4430 ἔμεινε
410 4360 541 4431 παρ’
562 4362 781 4426 αὐτοῖς·
811 4361 932 4416 οὐδὲ
979 4362 1088 4434 γὰρ
1129 4362 1361 4433 ἠδύνατο
1410 4362 1592 4433 μένειν
1637 4359 1776 4431 μετὰ

185 4452 304 4506 τῶν
333 4453 727 4523 άπεριτμήτων
750 4468 766 4484 ⁸
801 4454 899 4509 καὶ
927 4453 1222 4525 εὐλόγησεν
1248 4452 1415 4524 αὐτὴν
1442 4452 1528 4505 διὰ
1555 4451 1655 4521 τὴν
1685 4449 1773 4516 ξε-

190 4544 463 4614 νοδοχίαν,
492 4537 560 4615 ἦν
603 4546 714 4616 γὰρ
755 4544 1150 4616 προγινώσκων
1201 4545 1371 4616 αὐτὴν
1413 4545 1478 4598 ὲκ
1524 4542 1766 4614 πρώτου.

1877 3352 2019 3398 esset
2046 3360 2075 3399 a
2093 3346 2308 3416 pisceet
2338 3350 2633 3409 abiissetin
2649 3355 2904 3426 Niniven,
2932 3370 2987 3416 et
3010 3363 3443 3427 denuntiavisscvt

1877 3442 1933 3487 et
1957 3450 2235 3507 regressus
2282 3452 2458 3508 esset,
2496 3460 2604 3500 non
2637 3452 2897 3506 remansit
2927 3453 2982 3508 in
3014 3464 3156 3512 terra
3189 3475 3320 3516 sua:
3346 3467 3439 3517 sed

1875 3537 2100 3598 accepta
2120 3540 2293 3586 matre
2321 3549 2440 3600 sua,
2472 3536 2737 3595 habitavit
2763 3542 2814 3595 in
2845 3546 3065 3616 regione
3086 3550 3274 3615 Assur,
3298 3557 3441 3624 apud

1877 3629 2092 3677 exteras
2118 3633 2327 3692 gentes.
2378 3626 2603 3685 Dicebat
2631 3632 2776 3687 enim
2802 3651 2816 3685 :
2855 3636 2945 3692 Sic
2967 3640 3208 3697 auferam
3237 3658 3440 3715 Oppro-

1876 3710 2057 3769 brium
2095 3730 2298 3786 meum,
2320 3719 2465 3789 quod
2501 3722 2714 3780 scilicet
2741 3731 3037 3786 erraverim
3065 3710 3443 3805 prophetando

1876 3815 2063 3859 contra
2094 3804 2324 3863 Niniven
2370 3850 2386 3874 ,
2428 3811 2703 3871 civitatem
2746 3820 3027 3889 grandem.
3082 3804 3211 3879 Erat
3258 3837 3439 3883 autem

1876 3905 2008 3953 tunc
2037 3899 2183 3955 Elias
2236 3917 2471 3973 arguens
2509 3906 2718 3965 Achab.
2753 3910 2854 3977 Qui
2895 3929 3018 3968 cum
3062 3929 3310 3975 vocasset
3360 3920 3439 3974 fa-

1877 4002 2019 4042 mem
2036 4002 2200 4059 super
2222 4000 2440 4059 terram,
2472 3993 2627 4066 fugit.
2659 3998 2726 4054 Et
2754 4002 2981 4058 veniens
3007 4004 3063 4058 in
3091 4004 3336 4077 Sarepta,
3357 4009 3441 4063 in-

1876 4079 2025 4135 venit
2056 4081 2270 4136 viduam
2337 4100 2460 4140 cum
2493 4087 2602 4143 11110
2628 4090 2767 4159 ejus,
2795 4100 2850 4147 et
2884 4095 3086 4151 mansit
3138 4100 3279 4169 apud
3304 4115 3396 4157 eos
3425 4118 3438 4163 ;

1876 4187 1985 4226 non
2016 4172 2161 4227 enim
2217 4190 2440 4233 manere
2470 4188 2681 4248 poterat
2722 4197 2846 4239 cum
2902 4185 3325 4245 incircumcisis.
3377 4191 3442 4246 Et

1876 4259 2155 4315 benedixit
2190 4261 2241 4317 ei
2286 4273 2510 4334 propter
2537 4267 2983 4338 hospitalitatem.
3012 4270 3252 4331 Noverat
3294 4280 3440 4334 enim

1874 4365 1995 4406 eam
2028 4352 2298 4422 primitus.
2332 4355 2600 4415 Defuncto
2633 4368 2812 4416 autem
2845 4363 2958 4418 [ilio
2984 4366 3105 4436 ejus
3139 4366 3192 4420 in
3260 4373 3442 4425 medio

1876 4442 2377 4502 incircumcisorum
2428 4452 2770 4510 resuscitavit
2823 4453 2967 4511 Deus
3016 4468 3291 4515 mortuum
3344 4479 3442 4533 per

1875 4532 2067 4589 Eliam.
2103 4536 2279 4592 Voluit
2303 4538 2448 4593 enim
2485 4542 2771 4599 ostendere
2795 4544 2949 4601 Jonas
2978 4548 3251 4605 neminem
3280 4532 3441 4621 posse

595 4592 709 4690 έξῡΓ
738 4592 1059 4709 υίοῦ⁶αὐτῆς
1088 4639 1146 4691 ὲν
1179 4592 1766 4708 μέσῳιάπεριτμήτων,

2494 4592 2769 4599 ---ω-ν--
2796 4592 2949 4601 ηπ..
2978 4592 3251 4605 ...........,...
3281 4592 3438 4621 rw...

1873 4624 1968 4681 Dei
2001 4642 2194 4683 manus
2224 4630 2483 4703 eil‘ugere.
2516 4631 2583 4687 Et
2618 4648 2847 4706 surgens
2871 4636 3040 4693 Jonas
3064 4649 3187 4711 post
3208 4641 3403 4698 fantem
3423 4684 3438 4705 .

192 4729 360 4781 πάλιν
390 4729 613 4800 ήγειρεν
643 4730 672 4784 6
694 4729 828 4793 Θεὸς
854 4728 943 4783 διὰ
962 4728 1057 4782 τοῦ
1076 4727 1239 4783 Ἠλία
1258 4729 1375 4782 ἐκεῖ
1399 4726 1617 4799 νεκρύνο
1643 4725 1770 4796 ήθέ-

1868 4717 2018 4773 venit
2050 4718 2107 4772 in
2128 4718 2401 4786 Judream,
2443 4732 2497 4778 et
2536 4734 2749 4782 mortua
2780 4736 2865 4784 est
2906 4738 3081 4787 mater
3110 4733 3230 4804 ejus
3262 4733 3315 4788 in
3353 4736 3443 4789 iti-

190 4820 331 4890 λησε
359 4821 471 4891 γάρ
498 4820 668 4885 δεῖξαι
693 4821 863 4893 αὐτῷ,
896 4822 979 4875 ὅτι
1009 4820 1072 4875 ού
1102 4819 1327 4875 δύναταί
1356 4836 1440 4882 τις
1466 4817 1772 4889 άποδράσαι

1873 4826 2020 4879 nere,
2063 4820 2119 4866 et
2148 4813 2481 4884 sepelierunt
2517 4831 2636 4872 eam
2683 4817 2835 4889 juxta
2865 4836 3124 4892 quercum
3156 4825 3438 4883 Debbora“.

195 4909 505 4983 [διαδράναι
527 4908 826 4983 Theophyl.
858 4927 930 4965 m.
959 4926 1005 4965 s.
1028 4907 1193 4981 Aug.]
1215 4907 1371 4962 Θεόν.
1402 4905 1513 4960 Καὶ
1536 4903 1774 4967 ἀναστὰς

205 4999 393 5064 Ἰωνᾶς
431 5000 568 5071 μετὰ
597 4999 691 5054 τὸν
717 5000 901 5069 λιμὸν,
932 4994 1096 5073 ἦλθεν
1127 5001 1207 5062 είς
1233 4998 1333 5069 τὴν
1352 4994 1613 5050 Ἰουδαίαν
1636 5008 1650 5023 ·
1677 4992 1774 5048 καὶ

192 5092 468 5148 ἀπέθανεν
498 5094 532 5164 ἡ
567 5093 749 5164 μήτηρ
783 5089 948 5146 αὐτοῦ
977 5090 1120 5145 κατὰ
1151 5089 1248 5163 τήν
1273 5088 1409 5153 ὁδὸν,
1440 5086 1538 5141 καὶ
1560 5084 1768 5151 ἔθαψαν

192 5184 390 5255 αὐτὴν,
420 5183 655 5255 ἐχόμενα
689 5183 792 5254 τῆς
825 5182 1055 5254 βαλάνου
1074 5181 1150 5254 (8)
1176 5178 1493 5251 Δεσϐὡρας·
1517 5177 1612 5232 καὶ
1635 5192 1767 5231 κατ-

1870 4904 1939 4958 Et
1987 4903 2252 4961 habitavit
2305 4904 2360 4960 in
2395 4914 2540 4962 terra
2570 4907 2803 4978 Saraer;
2832 4923 3080 4971 mortuus
3125 4925 3210 4971 est
3258 4926 3441 4972 autem

1870 4994 1967 5056 ibi,
1998 5004 2054 5049 et
2082 4996 2328 5066 sepultus
2357 5006 2444 5053 est
2508 4998 2563 5054 in
2587 5000 2845 5073 spelunca
2874 5004 3085 5071 Cenes,
3128 5008 3331 5077 judicia
3386 5011 3442 5064 in

1872 5087 2064 5143 diebus
2111 5088 2329 5158 quando
2361 5104 2473 5145 non
2517 5102 2678 5147 erant
2718 5110 2891 5166 reges.
2927 5097 2997 5152 Et
3044 5098 3191 5155 dedit
3230 5102 3441 5173 signum

1872 5192 2125 5249 magnum
2158 5176 2213 5233 in
2244 5176 2409 5234 Israel
2430 5218 2447 5247 ,
2480 5188 2536 5236 ct
2560 5180 2615 5236 in
2649 5184 2795 5238 omni
2827 5192 2990 5240 terra.
3021 5186 3155 5243 Cum
3184 5190 3440 5250 viderint.

1675 5354 1904 5414 ΝΟΤΕ.

272 5485 360 5608 (73
390 5483 732 5553 Τριστάτης.
786 5483 981 5556 Τρίτος
1029 5477 1518 5567 πεντηκρνταρχος,
1566 5475 1762 5547 Epiph.

362 5556 545 5608 orntli.
593 5553 731 5608 Ibid.
774 5554 813 5608 ι.
857 5569 1045 5608 xum.
1099 5553 1312 5608 Ἴωνας.
1395 5553 1436 5602 Ο
1479 5547 1762 5608 θεσπέσιος

196 5547 293 5611 αι’
318 5547 545 5609 ῡοτὲιῑιι.
593 5547 731 5613 Ibid.
774 5547 1045 5609 1ᾞχιιιιι.
1099 5547 1312 5617 ἰωᾶθιῖςκ
1374 5547 1436 5602 Ὀ
1479 5547 1766 5610 θεσπέσιος

209 5627 396 5704 Ἰωνᾶς
417 5624 623 5704 πατρὸς
653 5625 934 5704 μὲνέ-ξέφυ
955 5623 1050 5704 τοῦ
1081 5621 1300 5704 ’Μιαθὶ2
1327 5618 1551 5704 ὄέρμητύ
1565 5634 1630 5686 γε
1659 5617 1767 5699 μὴν

209 5627 396 5688 Ἰωνᾶς
417 5624 623 5748 nat-696;
653 5626 750 5695 μὲν
772 5625 934 5692 ἐξέφυ
955 5624 1050 5676 τοῦ
1081 5624 1300 5704 ’Ayam,
1327 5624 1551 5709 639;»ch
1565 5634 1630 5686 γε
1659 5624 1766 5699 μὴν

198 5697 267 5749 lx
303 5695 401 5748 Γὲθ
431 5695 500 5749 Χι
541 5696 604 5765 έρ
627 5712 644 5727 ο
681 5696 956 5766 πολίχνιον
981 5693 1038 5745 δὲ
1061 5708 1218 5746 τουτο
1240 5707 1339 5760 της
1372 5688 1622 5771 ιουδαίων
1642 5704 1766 5756 γης.

198 5764 322 5813 ἦτοι
373 5764 532 5813 utimr:
566 5766 707 5813 κατὰ
734 5783 799 5813 να
831 5765 923 5813 τὸν
952 5764 1141 5813 εἰκότα
1178 5761 1352 5813 λόγον.
1386 5760 1567 5813 CVI‘III.
1612 5759 1765 5812 Alex.

196 5764 322 5835 ἢτοι
373 5764 534 5846 κώμη
566 5760 707 5820 κατά
734 5760 923 5835 γε’τδν
952 5764 1141 5816 είκότα
1178 5761 1352 5843 λόγον,
1386 5760 1567 5884 Cryrill.
1612 5760 1768 5867 Ales...

199 5848 307 5891 ms.
338 5833 473 5891 Ibid.
504 5836 543 5888 1.
572 5852 755 5891 xxxrv.
786 5832 1213 5906 Καριαθιαρείμ.
1252 5830 1389 5885 Hinc
1439 5840 1558 5885 orte
1597 5843 1737 5884 corn

445 5925 717 5988 ΡΑτιιοι..
756 5925 873 5988 Gn.
919 5923 1139 5986 XCIII.

1868 5471 2402 5564 gendi'Epi‘phya'nIet
2422 5472 2648 5564 Dorotlr.
2669 5477 2763 5548 qui
2785 5482 2851 5535 lix
2867 5479 2973 5564 γῆς
2996 5480 3206 5564 Καριαο
3217 5481 3400 5549 μαοὺμ
3426 5524 3439 5544 ,

1869 5542 2115 5629 Miami
2148 5542 2403 5629 ᾏζώτου,
2424 5542 2731 5629 priuandptn
2775 5542 3041 5629 scribunt.
3088 5542 3101 5552 ’

1944 5615 2019 5687 (8)
2059 5614 2344 5699 Ἐζόμεῇα
2377 5616 2492 5699 τῇς
2524 5619 2827 5699 ,βαλάνου
2878 5618 3439 5699 Ριςορρ-ῐηειιιιιλῐηυιίὶ·

1868 5684 2095 5773 ban'um,
2116 5684 2352 5773 ⁸ροτρέζπ
2382 5684 2516 5773 Ibid.
2553 5691 2588 5742 l.
2620 5705 2727 5773 ur.-
2752 5684 3009 5773 Σαραῄρζ
3048 5689 3217 5773 ξαάρ,
3246 5686 3439 5773 ξρξιιξι.

1872 5754 2196 5830 _e‘t__Do_roth.
2239 5755 2375 5830 Ibid.
2420 5756 2460 5830 l_.
2512 5774 2627 5830 LIII.
2677 5754 2872 5830 Ksrél'.
2909 5754 3202 5830 Κενεζαίου
3248 5754 3438 5830 Epiplt.

1872 5823 2006 5879 Ibid.
2042 5822 2078 5877 Ι.
2108 5839 2217 5880 Ltv.
2257 5824 2518 5895 Ἰσραήλ.
2566 5828 2942 5901 Ἰερουσαλήμ,
2975 5828 3198 5881 Doroth.

3058 5919 3135 5981 43
