3962 6410
592 376 742 448 1355

1806 381 2165 443 HESYCHII
2197 381 2669 443 PRESBYTERI

3699 388 3811 452 Γῖὗδ

567 500 773 571 'inquit
795 540 810 559 .
844 498 1079 571 lapidem
1114 497 1439 553 clamantem
1467 498 1736 563 luctuose,
1761 507 1816 552 et
1848 498 2170 552 cantharum

2277 498 2496 569 ᾡκησεν
2516 500 2575 550 έν
2598 500 2667 569 γῇ
2703 497 2922 570 Σαραὴρ
2956 496 3211 570 [Σαραάμ
3241 497 3588 571 Ἰ“1ιροιι1ι)”1.],
3618 501 3818 557 ἀπέθανε

594 594 834 664 ligneum
862 591 929 645 ad
959 591 1125 645 Deum
1157 591 1493 661 loquentem,
1518 602 1647 646 tunc
1672 606 1841 662 prope
1871 590 1975 646 erit
2003 591 2170 646 salus.

594 686 753 739 Tunc
776 684 1041 740 videbunt
1069 683 1371 738 Jerusalem
1405 692 1572 738 totam
1612 693 1837 737 stratam
1892 699 2065 753 usque
2102 682 2167 736 ad

566 778 944 833 ilundamenta
968 817 982 841 ,
1012 785 1068 831 et
1110 776 1164 830 in
1199 792 1261 829 ea
1297 790 1489 830 omnes
1517 784 1706 847 gentes
1731 774 2035 829 adorabunt
2065 774 2170 827 Do-

594 869 834 935 minum,
863 878 919 923 et
950 866 1278 923 trans-ferent
1299 866 1506 937 lapides
1536 882 1725 921 versus
1746 882 2005 922 occasum
2025 866 2176 928 solis,

591 972 646 1016 et
675 962 747 1016 ibi
781 961 886 1017 erit
948 959 1196 1014 adoratio
1254 959 1403 1014 uncti
1449 956 1725 1030 (Christi),
1760 974 1825 1014 eo
1872 941 2032 1030 quod
2072 958 2139 1012 de

579 1062 776 1123 specta
816 1050 980 1107 fuerit
1005 1049 1304 1105 Jerusalem
1346 1050 1401 1104 in
1424 1050 1643 1106 deserto
1680 1050 1916 1105 ferarum
1963 1058 2019 1104 et
2050 1064 2170 1102 oni-

590 1146 679 1201 nis
717 1145 1095 1201 immunditize.
1140 1146 1206 1200 Et
1256 1154 1385 1200 tunc
1417 1144 1600 1199 veniet
1632 1144 1756 1198 linis
1817 1143 1997 1198 omnis
2054 1142 2173 1196 ani-

590 1254 715 1293 mze.

2277 588 2334 642 δὲ
2369 589 2508 653 ἐκεῖ,
2536 588 2631 642 καὶ
2659 588 2834 660 ἐτάφη
2871 589 2928 640 ἐν
2973 589 3225 659 σπηλαίῳ
3257 590 3450 653 Κενὲζ,
3490 590 3669 660 κριτοῦ
3697 609 3823 658 γενοο

2281 680 2446 752 μένου
2496 682 2555 733 ὲν
2604 680 2839 753 ἡμέραις
2888 682 2986 752 τῆς
3021 682 3321 752 ἀναρχίας⁸
3358 683 3450 735 καὶ
3498 682 3657 735 ἔδωκε
3688 686 3821 755 τέρας

2279 773 2413 827 πολὺ
2464 775 2558 827 ἐπὶ
2611 774 2691 848 [ὲν
2728 774 3054 848 Theophyl.j
3096 776 3310 849 Ἰσραὴλ
3361 778 3454 830 καὶ
3505 778 3729 850 ὲιρ⁹ὄλην
3747 784 3823 851 τὴν

2280 866 2385 937 γῆν
2407 884 2421 898 υ
2451 867 2599 933 ὅταν,
2633 869 2818 937 φησὶν,
2850 867 3034 921 ίδωσιν
3066 869 3214 923 λίθον
3239 869 3451 941 βοῶντα
3483 872 3727 941 οἰκτρῶς,
3752 877 3824 927 καὶ

2280 960 2551 1030 κάνθαρον
2604 960 2712 1013 ἀπὸ
2764 960 2920 1025 ξύλου
2969 962 3107 1032 πρὸς
3151 962 3285 1015 θεὸν
3322 962 3706 1031 φθεγγόμενον,
3730 966 3824 1018 τότι

2278 1050 2517 1121 ἐγγίζειν
2563 1051 2662 1124 τὴν
2706 1053 2976 1123 σωτηρίαν
3000 1066 3014 1083 ⁸
3050 1055 3171 1107 τότε
3207 1054 3429 1123 ὄψονται
3463 1055 3563 1126 τὴν
3593 1054 3823 1127 Ἰερουσα-

2276 1141 2389 1213 λὴμ
2417 1142 2799 1214 ὴδαφισμένην
2830 1143 2841 1216 [
2864 1145 3244 1216 ὴφανισμένην
3280 1145 3610 1218 Theophyl.]
3637 1147 3733 1209 ἕως
3757 1149 3825 1201 θει

2281 1233 2484 1304 μελίων
2514 1235 2661 1304 ὅλην,
2683 1237 2777 1289 καὶ
2801 1238 2883 1301 είς
2910 1237 3078 1308 αὐτὴν
3101 1239 3279 1293 πάντα
3310 1240 3378 1291 τὰ
3409 1240 3540 1311 ἔθνη
3567 1239 3668 1313 [ἐν]
3692 1259 3824 1313 apo:-

588 1333 814 1405 κυνήσει
858 1332 937 1404 τῷ
984 1331 1213 1405 Κυρίῳο
1266 1331 1361 1385 καὶ¹
1413 1330 1780 1402 μεταθήσουσι
1830 1327 2178 1400 [μεθήσουςι
2222 1326 2553 1401 Thcophyl.]
2599 1331 2725 1393 τοὺς
2772 1329 2955 1396 λίθους
2989 1333 3132 1386 κατά
3170 1333 3383 1404 δυσμὰς
3416 1334 3592 1405 ἡλίου,
3620 1338 3706 1390 καὶ
3735 1340 3824 1391 ἑκιί

589 1426 744 1483 ἔσται
792 1429 826 1500 ἡ
875 1429 1253 1501 προσκύνησις
1304 1426 1401 1481 τοῦ
1446 1426 1771 1498 ηλημμένου
1823 1424 2182 1497 [ηλειμμένου
2229 1422 2595 1497 Theophyl.],
2648 1424 2736 1479 διὰ
2778 1425 2840 1478 τὸ
2872 1425 2970 1497 τὴν
3004 1426 3367 1499 Ἰερουσαλὴμ
3415 1427 3754 1501 βδελυχθῆναι
3781 1435 3823 1486 ἐν

590 1521 874 1594 ἐρημώσει
910 1520 1118 1594 θηρίων
1160 1520 1256 1575 καὶ
1287 1520 1474 1593 πάσης
1512 1518 1878 1589 ἀκαθαρσίας,
1915 1519 2011 1574 καὶ
2060 1517 2183 1571 τότε
2222 1518 2342 1589 ἣξει
2372 1519 2432 1572 τδ
2462 1519 2614 1583 τέλος
2647 1519 2831 1592 πάσης
2871 1522 3066 1589 πνοῆς.

871 1677 1119 1735 CAPITA
1140 1676 1445 1734 MICHJEIE
1482 1675 1891 1733 PROPllET/E.

651 1796 709 1850 ’1.
752 1792 1082 1849 Vaticinium
1118 1792 1390 1849 adventus
1436 1790 1664 1858 Christi,
1714 1800 1770 1846 et
1818 1804 2006 1846 eorum
2053 1805 2174 1859 quae

591 1895 993 1957 superventura
1016 1895 1147 1941 sunt
1184 1885 1387 1957 populo
1417 1884 1750 1942 Iudaeorum.

2514 1678 2864 1731 ΚΕΦΑΛΛΙᾹ
2904 1679 3202 1734 ΜῙΧΑΙΟΥ
3240 1680 3636 1738 ΠΡΟΦΗΤΟΥ.

2354 1801 2423 1846 α’.
2465 1792 2784 1863 Προφητεία
2812 1795 3110 1865 ἐπιδημίας
3135 1797 3413 1867 Χριστοῦ,
3448 1799 3548 1852 καὶ
3581 1799 3682 1851 τῶν
3723 1798 3823 1869 pel.

2280 1885 2480 1938 λόντων
2512 1884 2588 1955 τῷ
2622 1885 2733 1955 λαῷ
2767 1884 2877 1939 τῶν
2916 1886 3188 1940 Ἰουδαίων
3220 1888 3625 1959 συμϐήσεσθαι.

644 1978 1077 2033 ιιι.«Εχίιοιίαιίο
1098 1979 1165 2034 ad
1198 1979 1397 2049 impias
1427 1988 1619 2049 gentes
1649 1994 1719 2033 ne
1759 1976 2048 2033 derideant
2098 1975 2177 2031 Is-

592 2070 707 2125 rael
734 2071 977 2142 quodab
1008 2072 1142 2141 ipsis
1170 2070 1507 2141 impietatem
1545 2070 1773 2125 edoctus
1802 2078 1927 2136 est;
1970 2079 2025 2125 et
2051 2084 2178 2123 nar-

598 2164 739 2220 ratio
773 2179 961 2220 eorum
989 2178 1112 2234 quae
1142 2161 1299 2217 Deus
1336 2161 1519 2217 lsraeli
1552 2161 1789 2216 minatus
1827 2169 1928 2215 est.

2356 1974 2423 2048 β’.
2466 1976 2796 2049 Παραίνεσις
2823 1976 2960 2047 πρὸς
2985 1976 3055 2031 τά
3084 1977 3384 2031 ἀσεϐοῦντα
3414 1980 3531 2032 τῶν
3561 1979 3733 2043 ἐθνῶν,
3766 1981 3822 2053 μὴ

2279 2068 2541 2139 ὲπιγελᾷν
2590 2067 2666 2139 τῷ
2686 2068 2926 2139 Ἰσραὴλ,
2963 2067 3152 2138 ἐπειδὴ
3200 2069 3259 2122 τὸ
3304 2070 3528 2123 ἀσεϐεῖν
3576 2070 3631 2137 ἐξ
3678 2072 3820 2126 αὐτῶν

2279 2157 2635 2229 ἐδιδάχθησαν
2661 2172 2674 2189 ⁸
2728 2159 2823 2211 καὶ
2868 2158 3121 2230 διήγησις
3171 2152 3246 2213 ὧν
3294 2162 3322 2214 δ
3365 2160 3502 2225 Θεὸς
3543 2162 3619 2233 τῷ
3645 2162 3819 2234 Ἰσραὴλ

2286 2248 2563 2320 ηπείλησε.

657 2350 753 2406 Ill.
769 2349 1073 2415 Praedictio,
1092 2364 1340 2420 quasnam
1360 2345 1926 2419 pleriqueludaeorum
1956 2354 2171 2417 propter

2350 2348 2421 2411 γ’.
2464 2341 2799 2413 Πρόρρησις,
2830 2340 2952 2396 τίνα
3005 2342 3106 2414 μὲν
3157 2344 3185 2397 ὁ
3232 2344 3490 2409 πλεῖστος
3532 2346 3731 2418 Ἰσραὴλ
3752 2346 3818 2401 id

594 2440 851 2512 injuriam
892 2439 948 2493 in
979 2438 1262 2494 Christum
1301 2436 1512 2508 passuri
1546 2436 1677 2500 sint,
1714 2451 1963 2507 qulcnam
1994 2444 2175 2490 autem

592 2532 854 2587 evenient
880 2530 947 2585 iis
979 2530 1071 2601 qui
1104 2546 1170 2585 ex
1195 2531 1329 2601 ipsis
1363 2530 1716 2586 crediderint.

663 2619 749 2676 IV.
778 2618 938 2674 Minae
968 2619 1022 2674 in
1041 2618 1318 2690 principes
1337 2617 1649 2674 Iudaeorum
1685 2630 1739 2675 et
1768 2634 1958 2675 eorum
1994 2634 2174 2690 pseu-

592 2712 985 2783 doprophetas,
1036 2720 1227 2783 utpote
1303 2710 1396 2780 qui
1442 2709 1651 2765 faciunt
1698 2718 1885 2765 contra
1940 2709 1993 2764 id
2031 2710 2175 2779 quod

591 2799 907 2858 docent.Et
939 2801 1219 2871 praedictio
1247 2816 1360 2856 non
1384 2800 1499 2871 jam
1528 2800 1646 2856 fore
1688 2800 1847 2855 ﬁdem
1875 2800 2176 2870 prOphetiaa

591 2895 737 2967 apud
766 2895 936 2966 ipsos,
954 2893 1255 2950 Jerusalem
1272 2902 1457 2950 autem
1481 2894 1763 2965 antiquam
1788 2902 1844 2947 et
1868 2890 1999 2947 Sion
2022 2908 2171 2947 ever-

2277 2893 2398 2946 τεία
2447 2893 2580 2964 παρ’
2616 2892 2800 2956 αὐτοῖς
2848 2894 3670 2969 πιστευθήσεται,Ἰερουσαλὴμ
3708 2899 3754 2952 δὲ
3786 2902 3811 2967 ἠ

594 2987 784 3044 tendas
812 2986 946 3043 fore.

2277 2983 2477 3055 ἀρχαία
2505 2982 2598 3035 καὶ
2633 2972 2771 3037 Σιὼν
2807 2982 3233 3055 πορθηθήσεται.

663 3077 732 3135 V.
780 3076 1111 3135 Vaticinium
1157 3078 1290 3135 doni
1322 3077 1558 3149 Spiritus
1585 3078 1641 3133 in
1672 3093 1862 3134 omnes
1889 3078 2171 3133 credentes

2345 3082 2405 3126 ε’.
2450 3073 2763 3144 Προφητεία
2784 3074 2883 3144 τῆς
2907 3074 2998 3127 ἐπὶ
3027 3076 3235 3140 πάντας
3260 3078 3385 3142 τοὺς
3408 3079 3632 3142 πιστοὺς
3646 3079 3812 3150 δωρεᾶς

592 3170 774 3237 en'nsi,
809 3180 867 3226 et
892 3172 1139 3243 gentium
1174 3171 1454 3243 ingressus
1478 3172 1535 3229 in
1565 3185 1762 3227 novam
1786 3168 2087 3227 Jerusalem
2119 3180 2171 3225 et

2277 3166 2609 3236 ἐκχεομένης
2647 3166 2743 3219 τοῦ
2785 3165 3132 3238 Πνεύματος·
3176 3170 3270 3222 καὶ
3300 3171 3366 3222 τιῖ
3381 3188 3411 3223 ν
3451 3171 3619 3224 ὲθνῶν
3645 3174 3711 3236 είς
3738 3172 3813 3241 την

589 3262 743 3331 Sion,
777 3274 833 3320 et
862 3265 1013 3337 pacis
1044 3266 1311 3337 ipsarum,
1342 3265 1500 3336 cujus
1541 3263 1821 3321 Christum
1866 3265 2171 3336 principem

2277 3257 2400 3312 νέαν
2432 3257 2789 3329 Ἰερουσαλὴμ
2830 3259 2924 3311 καὶ
2962 3259 3106 3312 Σιὼν
3138 3261 3454 3326 ἀναϐάσεως
3477 3280 3492 3293 ·
3532 3266 3733 3336 είρήνης
3767 3280 3809 3315 τι

592 3357 873 3413 habebunt
904 3372 921 3413 :
949 3366 1005 3412 et
1036 3358 1309 3428 quomodo
1338 3356 1577 3414 Ecclesia
1606 3366 1731 3428 post
1759 3370 2072 3428 pressuram
2103 3355 2171 3410 ab

2277 3349 2473 3411 αὐτῶν,
2498 3349 2564 3419 ἢν
2602 3350 2659 3401 ὲν
2688 3349 2910 3420 Χριστῷ
2945 3349 3331 3420 βραϐεύονταιο
3362 3356 3457 3408 καὶ
3491 3358 3635 3419 ὅπως
3662 3358 3691 3427 ή
3716 3357 3811 3407 Ἐκ-

592 3466 805 3518 errore,
845 3449 1162 3522 recipietur.

2277 3439 2469 3511 κλησία
2502 3441 2640 3511 μετὰ
2668 3440 2767 3510 τὴν
2800 3440 3091 3512 συντριϐὴν
3122 3443 3223 3514 τὴν
3264 3446 3330 3498 ὲκ
3359 3446 3569 3517 πλάνης
3597 3447 3809 3517 6510i.“-

2271 3549 2385 3591 ται.

2348 3634 2421 3692 ς’.
2460 3627 2806 3699 Ἐπιτίμησις
2831 3632 2895 3701 τῇ
2922 3634 3236 3703 συναγωγῇ,
3255 3633 3357 3704 τῆς
3378 3635 3590 3705 πλάνης
3608 3636 3697 3705 τῆς
3714 3651 3809 3705 προ-

2272 3717 2546 3790 λαϐούσης
2583 3718 2773 3774 ἕνεκαο
2823 3724 2919 3775 καὶ
2953 3723 3352 3795 εὐαγγελισμὸς
3396 3728 3540 3781 κατά
3586 3728 3808 3798 δαιμόνων

2272 3810 2364 3865 διά
2395 3811 2628 3884 σταυροῦ
2656 3813 2976 3879 δυναστείας
3006 3818 3121 3880 τοῖς
3150 3816 3208 3882 ἐξ
3238 3817 3410 3887 αὐτῆς
3445 3818 3753 3871 πιστεύουσι.

2277 2434 2375 2505 τὴν
2405 2435 2485 2497 είς
2514 2435 2751 2502 Χριστὸν
2779 2436 3127 2505 παρανομίαν
3152 2437 3441 2507 πάσχουσι,
3482 2437 3602 2490 τίνα
3623 2438 3673 2491 δὲ
3699 2438 3814 2493 ἔσται

2275 2528 2387 2589 τοῖς
2419 2524 2478 2589 ἐξ
2509 2525 2687 2577 αὐτῶν
2713 2526 3080 2582 πιστεύουσιν.

2345 2616 2407 2672 δ’.
2448 2615 2671 2688 Ἀπειλὴ
2698 2617 2839 2671 κατὰ
2858 2617 3292 2673 τῶνΊουδαῖκῶν
3314 2620 3617 2692 ἀρχόντων,
3640 2622 3814 2676 καὶτῶν

2276 2711 2407 2780 παρ’
2434 2709 2615 2771 αὐτοῖς
2639 2708 3127 2781 ψευδοπροφητῶν,
3151 2711 3228 2775 ὡς
3256 2714 3475 2767 ἐναντία
3504 2714 3814 2769 διδασκόντων

2275 2795 2356 2865 οἷς
2383 2800 2679 2872 ἔπραττον·
2712 2803 2808 2856 καὶ
2836 2803 3170 2874 πρόρρησις,
3201 2805 3276 2867 ὡς
3303 2805 3494 2859 οὐκέτι
3522 2807 3619 2878 μὲν
3645 2824 3809 2878 προφηο

666 3636 753 3691 γι.
789 3635 1173 3707 Reprehensio
1199 3634 1255 3690 in
1295 3633 1638 3707 Syuagogam
1672 3640 1897 3704 propter
1932 3647 2172 3688 errorem

591 3727 966 3792 anteriorem;
1003 3735 1059 3782 et
1106 3724 1455 3781 annuntiatio
1503 3732 1694 3780 contra
1752 3723 2027 3779 daemones
2078 3738 2175 3794 per

605 3820 867 3875 virtutem
898 3817 1113 3884 Crucis,
1140 3818 1195 3873 in
1218 3832 1409 3873 eorum
1439 3815 1670 3888 gratiam
1691 3817 1783 3887 qui
1806 3832 1870 3871 ex
1894 3815 2171 3889 Synagoga

592 3908 944 3965 crediderint.

666 3996 776 4054 Vll.
814 3996 1146 4055 Vaticinium
1192 4000 1528 4055 annuntians
1575 3998 1855 4055 Christum
1895 4014 1959 4055 ex
2006 3998 2173 4055 Beth-

592 4092 735 4148 leem
766 4109 781 4160 ;
814 4102 868 4147 et
924 4093 1200 4163 quomodo
1228 4095 1321 4163 qui
1375 4108 1439 4148 ex
1480 4092 1735 4164 gentibus
1784 4100 2174 4148 convertentur

592 4202 693 4258 per
718 4186 1061 4258 evangelicas
1094 4186 1465 4244 beatitudines
1491 4196 1547 4243 et
1576 4186 1721 4242 dono
1749 4185 1986 4258 Spiritus
2008 4187 2173 4242 liber-

592 4289 759 4335 tatem
790 4294 854 4334 ex
884 4278 1148 4335 diabolica
1188 4279 1451 4336 servitute
1481 4288 1911 4349 consequentur.

2344 3995 2411 4060 ζ’.
2454 3997 2769 4068 Προφητεία
2796 3997 2887 4051 τὸν
2920 4000 3157 4069 Χριστὸν
3183 4001 3247 4053 ἐκ
3275 3999 3527 4071 Βηθλεὲμ
3552 4002 3805 4071 κηρύττεται

2275 4104 2375 4141 σει.⁸
2412 4089 2507 4141 καὶ
2552 4089 2700 4152 ὃπως
2745 4091 2794 4142 οἱ
2846 4090 2903 4157 ἐξ
2938 4091 3109 4144 ἐθνῶν
3154 4094 3599 4163 ἐπιστρέφοντες,
3628 4092 3702 4144 διὰ
3723 4090 3802 4143 τῶν

2273 4182 2649 4251 εύαγγελικῶν
2681 4185 3177 4256 μακαρισμῶν,καὶ
3200 4186 3306 4239 τῶν
3324 4186 3546 4260 δωρεῶν
3569 4187 3652 4240 τοῦ
3674 4184 3803 4239 lived.

2277 4292 2468 4347 ματος,
2492 4274 2807 4346 ἐλευθερίαν
2838 4277 2937 4348 τῆς
2963 4277 3273 4348 διαϐολικῆς
3294 4279 3610 4349 τυραννίδος
3632 4276 3799 4346 λαμϐἁ·

2273 4385 2476 4422 νουσιν.

660 4460 806 4518 νιιι.
837 4461 1146 4523 Ριτειίἰτιίο.
1168 4464 1444 4535 apostolos
1471 4463 1587 4520 fore
1620 4463 1874 4536 gentibus
1902 4462 2171 4517 terribiles

2344 4460 2413 4532 η’.
2457 4461 2791 4533 Πρόρῤησις,
2826 4460 3090 4532 φοϐεροὺς
3119 4463 3234 4525 τοῖς
3258 4460 3435 4514 ἔθνεσι
3463 4462 3589 4524 τοὺς
3617 4460 3801 4514 ἀποστό-

591 4553 880 4619 videndos,
914 4565 968 4609 et
990 4556 1107 4610 fore
1150 4530 1218 4609 ut.
1243 4555 1569 4625 praevaleant
1604 4530 1793 4610 contra
1824 4554 2101 4609 daemones
2132 4552 2166 4608 ii

2277 4530 2397 4618 me;
2440 4530 2807 4624 ὀφθήσεσθαι,
2840 4530 3227 4608 δυναστεύσειν
3279 4571 3338 4607 τε
3392 4556 3533 4608 κατά
3582 4555 3801 4625 δαιμόνων

590 4644 685 4715 qui
721 4659 790 4700 es
818 4640 984 4699 Israel
1021 4644 1379 4710 crediderint,
1408 4658 1696 4718 postquam
1737 4662 1807 4703 ex
1864 4646 1996 4717 ipsis
2042 4662 2167 4719 per-

2277 4646 2399 4709 τοὺς
2448 4646 2508 4713 ἐξ
2534 4646 2752 4718 Ἰσραὴλ
2804 4644 3222 4711 πιστεύσαντας,
3268 4647 3400 4700 ὅταν
3433 4648 3490 4714 ἑξ
3522 4648 3687 4701 αὐτῶν
3709 4646 3798 4697 dio-

592 4734 759 4791 ierlnt
785 4733 1014 4791 fallacia:
1054 4734 1327 4792 idolorum
1355 4736 1621 4810 symbola.

2277 4737 2473 4808 θρευθῇ
2503 4738 2603 4809 τῆς
2632 4738 2850 4809 ἀπάτης
2881 4736 2992 4791 τῶν
3017 4738 3251 4792 εἰδώλων
3272 4738 3340 4791 τὰ
3368 4738 3629 4809 σύμϐολα.

663 4823 757 4880 IX.
797 4825 1073 4882 Judicium
1103 4826 1196 4884 Dei
1219 4826 1275 4882 in
1300 4826 1487 4893 Israel,
1543 4840 1769 4901 propter
1817 4830 1967 4887 varia
1997 4831 2170 4887 bene-

2344 4827 2409 4884 θ¹.
2450 4828 2646 4901 Κρίσις
2679 4828 2773 4884 τοῦ
2803 4828 2939 4883 Θεοῦ
2971 4829 3109 4901 πρὸς
3142 4829 3231 4883 τὸν
3259 4830 3494 4901 Ἰσραὴλ,
3522 4830 3602 4900 ἐφ’
3628 4822 3698 4888 οἷς
3722 4824 3793 4877 αὑ-

594 4916 715 4972 ﬂcia
753 4933 875 4988 quae
909 4918 1013 4989 ipsi
1045 4919 1279 4975 contulit
1311 4937 1327 4988 ;
1362 4929 1420 4977 et
1452 4920 1519 4976 ad
1550 4921 1805 4979 eumdem
1838 4922 2167 4989 exhortatio,

2277 4920 2367 4974 τὸν
2402 4920 2663 4986 ποικίλως
2696 4922 3036 4994 εὐηργέτησε
3057 4938 3070 4952 ·
3112 4922 3207 4976 καὶ
3249 4924 3570 4994 παραίνεσις
3594 4922 3711 4993 πρὸς
3731 4918 3796 4971 τὸν

592 5006 726 5076 quid
754 5006 963 5062 scilicet
994 5006 1243 5065 faciendo
1271 5009 1455 5066 salvus
1483 5011 1607 5067 erit.

2277 5014 2457 5081 αὐτὸν,
2486 5015 2540 5067 τί
2575 5016 2810 5083 ποιήσας
2841 5016 3167 5087 σωθήσεται.

666 5095 736 5152 Χ.
758 5095 1060 5151 Consilium
1077 5100 1144 5153 ad
1177 5097 1363 5165 Israel,
1393 5110 1450 5156 ut
1472 5102 1541 5157 ab
1564 5100 1851 5173 iniquitate
1878 5102 2169 5171 abstineat,

2348 5109 2398 5156 ι’.
2443 5103 2732 5177 Συμϐουλὴ
2764 5104 2842 5177 τῷ
2875 5105 3480 5178 Ἰσραὴλ,παρανομίας
3508 5102 3791 5176 ἀπέχεσθαι’

594 5196 650 5243 et
684 5188 1038 5244 comminatio
1077 5190 1200 5247 illos
1224 5192 1488 5250 delendas
1516 5193 1654 5260 fore,
1684 5204 1741 5250 et
1776 5196 2002 5268 mystica
2028 5197 2171 5252 bona

2277 5198 2369 5251 καὶ
2399 5198 2599 5269 ἀπειλὴ
2626 5198 2958 5271 ἀφανισμοῦ,
2988 5201 3083 5254 καὶ
3107 5201 3215 5253 τῶν
3244 5199 3466 5269 ἀγαθῶν
3496 5202 3576 5255 ὅτι
3602 5199 3697 5253 τῶν
3721 5212 3793 5263 pv-

594 5295 705 5335 non
730 5289 1044 5351 gustaturos
1069 5296 1210 5348 esse,
1233 5291 1288 5338 et
1308 5285 1561 5355 gentibus
1582 5286 1637 5341 in
1661 5288 2012 5359 opprobrium
2030 5288 2167 5345 fore.

2278 5292 2478 5347 στικῶν
2501 5293 2562 5345 οὐ
2591 5292 2900 5359 γεύσονται,
2933 5292 3069 5347 ἀλλά
3099 5294 3196 5346 καὶ
3224 5296 3335 5357 τοῖς
3360 5292 3569 5349 ἔθνεσιν
3591 5294 3661 5354 είς
3685 5289 3791 5340 ὀνει-

2272 5382 2464 5454 δισμὸν
2496 5384 2730 5439 ἔσονται.

2349 5473 2434 5529 ια’.
2480 5474 2842 5544 Σχετλιασμὸς
2863 5473 2955 5529 τοῦ
2980 5475 3258 5546 προφήτου
3282 5474 3376 5529 ἐπὶ
3395 5479 3461 5548 τῇ
3483 5471 3704 5544 ἀκαρπίᾳ
3721 5466 3787 5521 τοῦ

2277 5564 2435 5618 λαοῦ·
2471 5565 2566 5618 καὶ
2598 5565 2941 5636 παραίνεσις,
2974 5566 3049 5637 μὴ
3076 5565 3331 5619 τοσοῦτον
3363 5568 3457 5619 ἐπὶ
3490 5568 3591 5629 τοῖς
3618 5562 3787 5618 οἰκείοις

2276 5657 2399 5709 ὅσον
2425 5656 2569 5727 ἔχειν
2595 5658 2686 5709 ἐπὶ
2718 5656 2837 5728 Θεῷ
2874 5660 2971 5727 τὴν
3001 5657 3345 5729 πεποίθησιν.

2344 5747 2429 5817 ιβ’.
2472 5749 2868 5818 Προσφώνησις
2896 5747 2997 5819 τῆς
3020 5748 3353 5819 Ἐκκλησίας
3392 5748 3526 5821 πρὸς
3566 5747 3653 5816 τήν
3688 5742 3785 5795 2w-

2273 5838 2513 5911 αΥυὛῆν,
2547 5839 2626 5911 μὴ
2670 5841 2973 5912 ἐπιχαίρειν
3016 5842 3105 5897 διὰ
3137 5841 3236 5896 τὴν
3280 5842 3517 5909 ἀρχαίαν
3548 5840 3783 5894 ἀσέϐειαν·

665 5467 757 5522 XI.
790 5468 1133 5524 Lamentatio
1162 5469 1444 5541 propheta:
1476 5470 1545 5526 de
1577 5472 1862 5528 sterilitate
1892 5474 2173 5544 populi,et

592 5561 899 5617 exhortatio
928 5577 999 5617 ne
1035 5570 1241 5616 tantam
1282 5560 1336 5615 in
1360 5562 1475 5617 suis
1502 5570 1759 5632 quantam
1790 5563 1845 5617 in
1876 5563 1988 5618 Deo
2026 5563 2168 5619 ﬁdu-

591 5652 731 5708 ciam
770 5652 985 5707 habeat.

663 5742 780 5800 XII.
805 5744 1073 5799 Allocutio
1105 5744 1355 5806 Ecclesiae
1382 5746 1449 5801 ad
1479 5745 1814 5819 Synagogam
1846 5762 1916 5802 ne
1940 5748 2171 5818 gaudeat

601 5847 823 5908 propter
863 5837 1142 5907 antiquam
1173 5838 1535 5909 impietatem.
1566 5832 1687 5910 lpSa
1725 5842 1869 5895 enim
1926 5840 2167 5896 Ecclesia
