4032 6412
188 428 329 499 1357

1256 436 1342 498 IN
1380 436 1496 497 XII
1538 438 1984 501 PROPHETAS
2025 442 2389 513 MINORES.

3313 460 3371 523 1"
3380 463 3444 525 53

182 544 325 617 αὕτη
370 544 469 617 μέν
497 547 610 619 γὰρ
639 544 997 620 ήἘκκλησία
1024 546 1115 602 διὰ
1148 549 1437 619 μετανοίας
1467 551 1760 645 ἀναστήσε-

1880 560 1965 601 >ετ
2018 551 2402 619 paenitentiam
2461 575 2749 637 resurget;
2802 568 2893 622 illa
2943 580 3124 625 autem
3177 571 3445 645 legalibus

176 654 293 702 ται,
325 639 511 710 ἐκείνη
543 640 601 693 δὲ
626 640 724 693 καὶ
753 639 865 694 τῶν
891 640 1141 711 νομίμων
1164 641 1503 710 ἐκπεσεῖται,
1527 643 1625 697 καὶ
1653 646 1765 708 τοῖς

176 733 394 801 νοητοῖς
419 731 736 804 Ἀσσυρίοις
762 732 1232 805 παραδοθήσεται.

251 828 341 891 ιγ’.
382 823 717 896 Παραίνεσις
747 825 828 897 τῷ
850 824 1072 898 Ἰσραὴλ
1093 866 1108 892 ,
1142 826 1232 881 διὰ
1264 829 1502 901 σταυροῦ
1534 833 1764 904 ποιμαί-

173 914 365 969 νεσοαι
385 932 399 945 ·
438 918 535 972 καὶ
566 917 907 990 πρόρρησις,
938 919 1090 984 ὅπως
1125 920 1193 975 τά
1229 921 1331 993 μὲν
1362 922 1490 995 ἔθνη
1520 924 1631 978 τῶν
1650 926 1765 982 δαιο

176 1009 360 1078 μόνων
408 1010 879 1082 αἰσχυνθήσεται,
925 1013 1088 1085 ἡμεῖς
1138 1013 1196 1067 δέ
1238 1014 1331 1070 ’διὰ
1383 1016 1764 1090 βαπτίσματος

171 1100 377 1170 ἄφεσιν
415 1102 837 1175 ἁμαρτημάτων
863 1106 1018 1177 παρά
1044 1105 1182 1159 Θεοῦ
1208 1106 1515 1179 ληψόμεθα.

244 1211 486 1282 Μιχαίας
513 1213 882 1285 ἑρμηνεύεται
914 1217 1344 1290 ταπείνωσις,ἣ
1369 1224 1761 1294 ταπεινούμε-

171 1318 305 1370 νος.
333 1299 503 1369 Οὗτος
529 1300 599 1377 ἦν
625 1306 734 1360 ἀπὸ
758 1308 1004 1379 Μοραθεὶ
1029 1308 1104 1379 (9)
1134 1309 1375 1383 [Μοραθὶ
1406 1312 1759 1390 Theophyl.],

170 1393 240 1448 ἐκ
270 1395 445 1467 φυλῆς
470 1397 710 1468 Ἐφραίμ
729 1414 744 1430 ·
770 1392 927 1463 οὗτος
952 1400 1124 1454 πολλά
1156 1405 1392 1475 ποιήσας
1420 1405 1501 1479 τῷ
1523 1407 1758 1481 Ἀχαάμ,

170 1484 285 1538 ὑπὸ
311 1487 522 1559 Ἰωρὰμ
568 1488 662 1543 τοῦ
712 1490 838 1545 υἱοῦ
883 1492 1052 1548 αὐτοῦ
1103 1494 1343 1568 ἀνῃρέθη
1394 1500 1647 1572 κρημνῷ,
1681 1503 1761 1557 ὅτι

169 1576 411 1648 ἤλεγχεν
445 1580 611 1634 αὐτὸν
657 1583 751 1638 ἐπὶ
776 1586 897 1648 ταῖς
927 1586 1209 1650 ἀσεϐείαις
1236 1588 1343 1643 τῶν
1370 1594 1625 1665 πατέρων
1663 1596 1762 1648 αὑ-

169 1670 271 1723 τοῦ
291 1686 304 1699 ο
342 1672 437 1724 καὶ
467 1674 643 1745 ἐτάφη
676 1677 737 1729 ἐν
759 1678 823 1749 τῇ
851 1680 921 1749 γῇ
942 1678 1107 1734 αὑτοῦ
1144 1680 1326 1752 μόνος,
1361 1684 1628 1757 σύνεγγυς
1661 1706 1760 1742 πο-

168 1760 460 1833 λυανδρίου
483 1762 763 1837 Ἐνακείμ.

348 1921 701 1977 ΚΕΦᾹΛΔΙΔ
735 1924 984 1982 ΝΑΟΥΜ
1021 1925 1164 1984 ΤΟΥ
1200 1930 1591 1991 ΠΡΟΦΗΤΟΥ.

247 2053 315 2103 α’,
348 2049 615 2115 Ἔνδειξις
645 2053 881 2126 ἀπειλῆς
912 2058 1073 2125 Θεοῦ,
1108 2062 1205 2118 καὶ
1237 2064 1337 2136 τῆς
1367 2067 1451 2133 είς
1487 2068 1550 2124 τδ
1590 2089 1763 2143 τιμωο

169 2139 389 2207 ρεῖσθαι
417 2142 702 2215 δυνάμεως
721 2162 735 2175 ·
758 2150 901 2204 κατά
922 2150 1192 2225 δαιμόνων
1213 2156 1348 2228 ὁμοῦ
1373 2160 1469 2213 καὶ
1493 2139 1763 2220 Ἰουδαίων

168 2231 460 2303 ἑκάτερον.

247 2322 313 2393 β’.
351 2324 576 2399 ’Δπειλὴ
622 2330 768 2387 κατά
812 2333 1100 2392 διαϐόλου·
1141 2340 1235 2395 καὶ
1278 2348 1669 2420 προσφώνησις
1692 2347 1762 2423 τῇ

172 2412 475 2487 Ἐκκλησία
504 2418 604 2490 τῆς
650 2420 761 2476 τῶν
806 2424 1041 2482 εἰδώλων
1079 2412 1402 2506 ἀπαλλαγῆς
1423 2412 1449 2466 ’τ
1476 2412 1762 2508 καὶίιὺαγΙ

168 2506 433 2581 γελισμὸς
458 2513 553 2567 τοῦ
593 2517 866 2591 σωτηρίου
906 2522 1281 2595 κηρύγματος,
1319 2530 1527 2603 ἑορτῶν
1562 2550 1623 2586 τε
1653 2506 1762 2589 τών

167 2598 266 2655 διά
310 2603 548 2674 Χριστοῦ
574 2647 589 2674 ,
629 2610 726 2667 καὶ
759 2613 1071 2687 ἀφανισμοῦ
1106 2598 1396 2692 δαιμόνων⁷
1426 2625 1522 2678 καὶ
1558 2626 1763 2699 συγχύ-

172 2709 342 2757 σεως.

249 2786 321 2857 γ’.
365 2791 681 2866 Πρόῤῥησις
723 2797 1076 2868 ἀναστάσεως
1099 2801 1338 2878 Χριστοῦ
1370 2810 1465 2863 καὶ
1491 2812 1600 2866 τῶν
1634 2831 1763 2868 συνο

168 2885 559 2954 ανισταμένων
587 2890 738 2962 αὐτῷ
762 2891 975 2964 ψυχῶν,
1010 2897 1106 2950 καὶ
1150 2900 1252 2970 τῆς
1298 2901 1422 2956 τότε
1469 2908 1763 2981 γινομένης

170 2975 410 3032 θανάτου
444 2980 541 3035 καὶ
569 2983 816 3039 διαϐόλου
853 2987 1108 3062 ἁρπαγῆς
1135 2992 1230 3046 καὶ
1254 2975 1615 3064 σκυλεύσεωςξ

245 3091 313 3148 δ’.
349 3092 576 3167 ’Λπειλὴ
617 3099 762 3153 κατά
806 3100 901 3156 τοῦ
953 3102 1252 3159 Ἰουδαϊκοῦ
1292 3107 1458 3171 λαοῦ,
1498 3112 1593 3166 καὶ
1640 3132 1763 3185 σχε-

169 3179 444 3255 τλιασμὸς
465 3185 965 3264 τιῖνιςἸειρουσαληίγμ⁸
989 3196 1084 3248 καὶ⁵
1108 3196 1413 3270 πρόρρησις
1442 3195 1518 3257 ὧν
1538 3179 1763 3274 ἔμελλεν

1864 639 2097 707 excidet,
2125 650 2179 697 et
2206 646 2587 714 spiritualibus
2620 656 2857 730 Assyriis
2889 660 3157 716 tradetur.

1942 820 2076 879 Xill.
2112 824 2425 883 Exhortatio
2451 830 2515 885 ad
2551 829 2713 888 lsrael
2746 843 2800 888 ut
2857 850 2954 904 per
2984 851 3200 892 crucem
3233 849 3451 913 regatur

1867 924 1922 969 et
1978 919 2254 986 quomodo
2285 932 2478 993 gentes
2529 926 2751 995 quidem
2782 945 2811 984 a
2840 930 3180 988 daemonibus
3210 934 3449 988 sonitm-

1864 1007 2068 1064 dentur
2106 1026 2122 1076 ;
2185 1028 2288 1067 nos
2332 1026 2514 1071 autem
2557 1034 2657 1089 per
2691 1019 3021 1093 baptismum
3072 1024 3451 1081 remissionem

1865 1111 2215 1170 peccatorum
2241 1120 2270 1159 a
2304 1105 2414 1162 Deo
2436 1110 2795 1182 accipiemur.

1935 1212 2187 1272 Micbaaas
2220 1217 2492 1291 signiﬁcat
2518 1220 2791 1281 humilitas
2829 1227 2946 1284 sive
2979 1230 3314 1287 humiliatus.
3355 1231 3452 1287 ille

1864 1315 1980 1359 erat
2018 1322 2086 1361 ex
2117 1307 2369 1378 Morathi,
2402 1314 2470 1370 de
2498 1316 2641 1371 tribu
2671 1316 2955 1389 Ephraim.
3006 1320 3056 1377 Is
3100 1339 3222 1378 cum
3280 1324 3449 1379 multa

1865 1397 2089 1456 iecisset
2137 1405 2346 1471 Achab,
2381 1424 2409 1462 a
2466 1409 2578 1466 ﬁlio
2624 1411 2746 1480 ejus
2780 1411 2964 1469 Joram
3011 1428 3256 1488 praeceps
3290 1417 3453 1474 datus

1864 1494 2046 1563 periit,
2084 1499 2213 1567 quia
2244 1500 2295 1555 ei
2343 1502 2639 1574 objiciebat
2671 1506 2981 1577 impietates
3039 1519 3255 1580 patrum
3308 1513 3450 1583 ejus.

1864 1586 1931 1639 Et
1963 1591 2211 1658 sepultus
2244 1603 2328 1649 est
2375 1594 2432 1650 in
2470 1602 2617 1652 terra
2647 1615 2743 1656 sua
2778 1603 2950 1668 solus,
2986 1618 3158 1676 prope
3193 1616 3453 1662 ctemcte-

1865 1676 2005 1733 rium
2040 1681 2295 1743 Enacim.

2143 1932 2398 1992 CAPITA
2450 1938 2694 1997 NAHUM
2749 1942 2976 2002 PROPR
2987 1945 3166 2005 ETIE.

1934 2060 1976 2115 l.
2010 2062 2364 2124 Denuntiatio
2391 2072 2663 2128 minarum
2699 2074 2790 2132 Dei
2822 2087 2879 2134 et
2905 2080 3028 2150 ejus
3060 2083 3125 2138 ad
3158 2084 3448 2143 vindican-

1862 2150 1992 2205 dum
2023 2156 2325 2223 potestatis,
2372 2168 2487 2215 tum
2526 2173 2713 2220 contra
2759 2166 3063 2240 daemones,
3118 2183 3231 2230 tum
3284 2179 3450 2235 etiam

1862 2255 2050 2301 contra
2071 2246 2100 2302 ,Ι
2109 2249 2319 2306 udzeos.

1934 2337 2001 2392 ll.
2042 2339 2203 2398 Minae
2232 2345 2499 2405 adversus
2524 2349 2831 2418 diabolum,
2862 2365 2917 2411 et
2944 2358 3208 2416 allocutio
3241 2365 3310 2418 ad
3345 2364 3448 2420 Ec-

1863 2429 2088 2488 clcsiam
2148 2436 2217 2491 de
2250 2437 2579 2499 liberatione
2630 2446 2700 2501 ab
2737 2447 2943 2505 idolis:
2991 2460 3048 2507 et
3104 2459 3449 2523 annuntiatio

1862 2522 2275 2590 prtedicationis
2309 2531 2502 2588 salutis
2529 2542 2586 2589 et
2613 2534 2977 2597 festivitatum
3014 2559 3112 2614 per
3142 2546 3447 2615 Christum.

1863 2621 1919 2667 et
1945 2614 2259 2675 abolitionis
2288 2620 2597 2681 daemonum
2644 2636 2700 2683 et
2728 2630 3094 2693 confusionis.

1936 2796 2023 2855 lll.
2057 2799 2348 2861 Praedictio
2372 2812 2794 2870 resurrectionis
2825 2814 3031 2875 Christi
3065 2830 3121 2876 et
3145 2838 3449 2883 animarum

1863 2904 1987 2945 cum
2010 2892 2128 2962 ipso
2150 2901 2725 2973 conresuscitatarum,
2755 2917 2811 2964 et
2841 2911 3015 2967 ruinae
3034 2923 3090 2969 et
3110 2918 3452 2987 spoliationis

1864 2981 2055 3041 mortis
2073 2996 2129 3042 et
2153 2990 2355 3047 diaboli
2393 3000 2526 3051 tunc
2554 2995 2771 3055 futura.

1935 3100 2025 3155 IV.
2062 3102 2218 3162 Minas
2243 3106 2298 3161 in
2324 3112 2586 3181 populum
2619 3113 2934 3188 Iudaicum,
2969 3129 3025 3177 et
3059 3124 3326 3183 desolatio
3354 3128 3451 3185 Je-

1864 3194 2124 3263 rusalem,
2156 3208 2212 3254 et
2230 3202 2514 3271 praedictio
2545 3222 2733 3264 eorum
2757 3226 2878 3282 quae
2913 3214 2968 3271 in
2996 3214 3243 3278 Romana
3266 3222 3451 3295 direp—

170 3275 236 3325 ἐν
264 3278 332 3345 τῇ
366 3276 568 3331 ἁλώσει
598 3283 663 3351 τῇ
696 3280 978 3358 Ῥωμαϊκῇ
1030 3288 1344 3357 πείσεσθαι,
1380 3291 1500 3346 ἀνθ’
1527 3287 1603 3351 ὧν
1650 3301 1760 3364 τοῖς

1880 3285 2018 3342 Lione
2062 3305 2294 3359 passura
2333 3306 2440 3361 est,
2475 3315 2574 3369 pro
2612 3316 2679 3358 eo
2705 3275 2849 3375 quod
2882 3311 3138 3379 gentibus
3202 3275 3438 3387 populurs

171 3366 390 3422 ἔθνεσιν
418 3372 446 3423 ό
470 3370 597 3435 λαὸς
618 3374 839 3443 ἐγένετο
874 3378 1228 3453 πρόσκομμα.

248 3480 312 3536 ε’.
353 3484 576 3558 Ἀπειλὴ
632 3490 776 3545 κατά
839 3492 939 3563 τῆς
988 3491 1346 3572 Ἰερουσαλὴμ
1402 3502 1490 3557 ἐπ’
1528 3504 1761 3581 αἰσχύνη

171 3577 516 3647 γυμνώσεως
535 3597 549 3611 ·
580 3582 677 3636 καὶ
704 3584 853 3649 ὅπως
879 3585 1106 3658 ζητήσει
1146 3591 1245 3661 μὲν
1273 3595 1306 3664 η
1341 3593 1638 3669 Ἐκκλησία
1663 3577 1761 3672 τῆς

184 3666 547 3744 Ἰερουσαλὴμ
580 3676 952 3749 παράκλησιν,
971 3681 1110 3753 αὑτὴ
1141 3682 1197 3736 δὲ
1220 3686 1481 3755 ποικίλοις
1511 3666 1762 3767 όμιλήσει

172 3766 373 3828 κακοῖς
405 3764 781 3842 Ἰερουσαλὴμ,
812 3771 903 3827 διὰ
935 3772 994 3827 τὸ
1023 3776 1252 3849 νοσῆσαι
1286 3782 1486 3836 κακίαν
1514 3764 1758 3859 ἀνυπέρ-

173 3854 399 3926 ϐλητον.

252 3950 402 4005 Ναοὺ
413 3970 452 4022 μ
499 3952 864 4026 ἑρμηνεύεται
894 3961 1284 4033 παράκλητος
1323 3964 1714 4043 [παράκλησις
1742 4016 1757 4039 ,

174 4040 508 4119 Theophyl.]
538 4040 708 4113 Οὗτος
729 4045 797 4121 ἦν
827 4052 937 4105 ἀπὸ
964 4040 1556 4134 ἘλκεσεὶνΓΕλκάσαῖ
1588 4040 1761 4139 πέραν

170 4132 275 4187 τοῦ
313 4136 580 4207 Ἰορδάνου
630 4141 711 4203 είς
758 4142 1025 4217 Βιγαϐρὶ,
1060 4132 1389 4226 Theopliyl.)
1434 4154 1613 4227 πέραν
1660 4132 1758 4214 τοῦ

173 4226 487 4300 Τηνϐαρεὶν
515 4230 649 4302 (10),
685 4233 751 4288 ἐκ
792 4236 962 4308 φυλῆς
994 4238 1242 4311 Συμεών.
1276 4238 1446 4310 οὗτος
1488 4226 1628 4319 μετά
1670 4251 1759 4307 τὸν

189 4319 381 4374 Ἰωνᾶν
412 4322 579 4396 τέρας
625 4324 850 4393 ἔδωκεν,
878 4329 961 4383 ὅτι
997 4331 1105 4385 ἀπὸ
1147 4333 1357 4390 ὑδάτων
1384 4339 1632 4408 γλυκέων
1669 4347 1777 4399 καὶ

172 4414 351 4484 πυρὸς
378 4414 660 4472 ἀπολεῖται
686 4421 719 4492 ἡ
746 4421 965 4476 Νινευτο
987 4423 1016 4476 ὃ
1039 4425 1132 4479 καὶ
1152 4428 1344 4496 γέγονε
1362 4446 1376 4461 ⁶
1411 4431 1444 4501 ἡ
1474 4434 1582 4508 γάρ
1603 4453 1758 4509 περι-

172 4506 380 4577 έχουσα
426 4510 599 4582 αὐτὴν
642 4511 806 4587 λίμνη
851 4517 1187 4574 κατέκλυσεν
1234 4521 1405 4595 αὐτὴν
1434 4528 1494 4581 ἐν
1523 4506 1753 4604 σεισμῷ,

1864 3375 2038 3436 factus
2069 3392 2151 3438 est
2200 3389 2538 3448 scandalum.

1934 3493 1998 3549 V.
2029 3496 2189 3555 Minae
2210 3515 2397 3559 contra
2425 3506 2728 3567 Jerusalem
2750 3514 2817 3572 de
2838 3522 3131 3590 opprobrio
3153 3526 3451 3597 nuditatis;

1862 3598 1918 3643 et
1946 3598 2221 3661 quomodo
2246 3608 2453 3665 quaeret
2494 3601 2738 3660 Ecclesia
2787 3605 3090 3667 Jerusalem
3118 3617 3452 3674 consolatio-

1863 3698 2011 3751 nem,
2038 3683 2153 3755 ipsa
2183 3695 2364 3744 autem
2397 3689 2452 3746 in
2488 3694 2656 3750 variis
2698 3698 2857 3755 malis
2899 3705 3332 3775 conversabitur,
3367 3720 3452 3764 ut-

1862 3784 1990 3846 pote
2024 3792 2145 3848 qua:
2167 3779 2380 3839 laboret
2406 3784 2615 3841 malitia
2647 3787 3101 3867 inexsuperabili.

1931 3962 2151 4019 Nahum
2182 3966 2454 4039 signiﬁcat
2506 3973 2810 4032 consolator
2847 3979 2963 4037 sive
3008 3987 3315 4044 consolatio.
3356 3991 3450 4047 Ille

1862 4064 1980 4109 erat
2000 4071 2067 4111 ex
2093 4056 2371 4125 Helcesin,
2398 4063 2541 4121 ultra
2590 4065 2897 4138 Timbarin,
2923 4074 2993 4131 de
3020 4078 3163 4137 tribu
3196 4079 3442 4141 Simeou.

1863 4144 1955 4202 ille
1979 4160 2102 4219 post
2128 4150 2320 4208 Jonam
2354 4155 2569 4227 signum
2603 4161 2794 4232 edidit,
2831 4167 3041 4226 scilicet
3087 4175 3245 4243 aquis
3270 4178 3450 4235 dulci-

1862 4239 1965 4296 bus
2004 4250 2059 4298 et
2112 4243 2234 4316 igne
2286 4249 2582 4319 perituram
2614 4251 2851 4314 Niniven
2889 4277 2903 4326 ;
2954 4265 3099 4333 quod
3138 4239 3207 4324 iet
3238 4272 3444 4328 evenit.

1862 4332 2040 4389 Lacus
2071 4337 2216 4392 enim
2245 4339 2339 4408 qui
2373 4356 2494 4398 eam
2526 4344 2900 4407 circumdabat
2924 4332 3187 4414 demersit
3226 4376 3345 4418 eam
3388 4364 3447 4421 in

1864 4432 2023 4480 terrae
2065 4437 2236 4494 motu,
2280 4440 2336 4485 et
2388 4432 2527 4505 ignis
2559 4451 2625 4491 ex
2660 4437 2882 4496 deserto
2936 4446 3275 4514 superiorem
3325 4452 3448 4523 ejus

1862 4528 2069 4587 partem
2100 4523 2421 4583 combussit.
2466 4526 2710 4587 Mortuus
2764 4543 2851 4590 est
2880 4546 3064 4593 autem
3099 4539 3154 4594 in
3200 4557 3355 4613 pace,
3391 4555 3448 4600 et

168 4600 274 4652 καὶ
303 4599 412 4671 πῦρ
441 4604 505 4656 ἐκ
533 4605 632 4674 τῆς
659 4606 868 4678 ἐρήμου
901 4608 1175 4688 [ἐπελθὸν]
1201 4614 1265 4669 τὸ
1293 4616 1627 4694 ὑψηλότερον
1645 4595 1761 4680 vah-
1793 4595 1837 4650 Β
1867 4612 2113 4682 selumus
2138 4624 2222 4672 θεῖ
2258 4617 2312 4672 in
2339 4629 2480 4676 ῑθιτδ
2509 4637 2627 4678 δυα-

168 4690 277 4759 τῆς
320 4693 487 4764 μέρος
534 4696 883 4769 ἐνέπρησεν·
935 4702 1175 4758 ἀπέθανε
1220 4705 1267 4761 δ’
1298 4709 1359 4763 ἐν
1400 4690 1615 4788 εἰρήνῃ,
1667 4718 1763 4773 καὶ

169 4783 349 4856 ἐτάφη
377 4788 434 4840 ἐν
464 4789 531 4859 τῇ
561 4790 634 4863 γῇ
668 4790 856 4851 αὐτοῦ.

264 4938 617 4998 ΚΕΦΔΔΔΙΑ
654 4946 1051 5003 ΑΜΒΑΚΟΥΜ
1088 4950 1231 5007 ΤΟΥ
1267 4956 1663 5029 ΠΡΟΦΗΤΟΥ.

247 5060 316 5108 α’.
359 5054 730 5129 Σχετλιασμδς
756 5058 854 5114 τοῦ
879 5064 1164 5137 προφήτου
1186 5068 1317 5139 περὶ
1338 5073 1438 5142 τῆς
1466 5072 1525 5127 ἐν
1549 5074 1627 5148 τῷ
1650 5076 1752 5152 βίῳ

166 5144 601 5221 πολιτευομένης
649 5148 897 5216 ἀδικίας⁹
949 5155 1044 5209 καὶ
1099 5158 1408 5232 πρόρρησις
1464 5165 1559 5220 τοῦ
1598 5144 1753 5225 ⁷κατά

165 5238 407 5310 Χριστὸν
439 5243 767 5329 μυστηρίου,
800 5246 897 5301 καὶ
924 5250 1024 5323 τῆς
1050 5250 1160 5305 τῶν
1185 5252 1358 5310 ἐθνῶν
1382 5256 1629 5329 κλήσεως
1657 5267 1754 5320 καὶ

163 5330 511 5399 δυναστείας,
544 5336 601 5389 ἐν
701 5337 921 5403 παίζειν
948 5340 1042 5395 καὶ
1070 5341 1356 5417 καθαίρειν
1382 5327 1482 5401 τὸν
1507 5348 1754 5411 διάϐολον

167 5422 368 5492 μέλλον
376 5439 448 5479 σι.

2122 4966 2377 5028 CAPITA
2407 4970 2725 5036 llABACUC
2768 4979 3186 5048 ΡΒΟΡΗΕΤᾸΞ.

1930 5077 1969 5132 ι.
1994 5077 2225 5147 Querela
2252 5089 2531 5159 prophetae
2562 5093 2630 5150 de
2662 5094 2948 5168 iniquitate
2977 5104 3356 5166 administrata
3385 5112 3441 5167 in

1859 5168 1969 5224 vita
2000 5189 2016 5227 :
2048 5182 2103 5229 et
2136 5176 2462 5237 vaticinium
2497 5187 2741 5255 mysterii
2768 5189 2822 5247 in
2854 5189 3095 5262 Christo,
3115 5204 3173 5253 et
3193 5200 3440 5271 gentium

1860 5264 2178 5335 vocationis,
2208 5278 2263 5325 et
2296 5271 2512 5331 virtutis
2564 5292 2669 5349 qua
2704 5279 2932 5341 illudent
2956 5286 3174 5347 diabolo
3195 5264 3441 5364 eumque

1859 5355 2161 5417 destruent.

1696 5630 1929 5688 ΝΟΤᾹΔΣ.

243 5745 322 5815 (9)
354 5748 631 5826 Μαραθςρ
669 5748 914 5826 Μαραρί,
947 5748 1234 5826 Epiph._et
1263 5756 1491 5819 Dorotb.
1539 5762 1674 5820 lbid.
1706 5766 1744 5822 l.

161 5833 380 5903 ξυνλι,
420 5819 512 5891 Τῷ
558 5819 789 5903 ⁹ἔχαιίιϐ,
833 5819 1021 5903 iidem.
1049 5819 1207 5903 'lbld.
1242 5829 1279 5885 Ι.
1331 5819 1748 5903 ιχινιιιίταῗξ

163 5888 494 5953 dcas/acc.
553 5888 727 5948 Δύτοῦ
765 5891 861 5945 καὶ
888 5892 999 5948 τῶν
1042 5897 1294 5968 πατέρων
1324 5888 1745 5977 αὐτοῦίερὶρίιῖ

1927 5770 2039 5862 (19)
2083 5773 2807 5862 Πέρςινῇτῆςρρηθρ-σᾳρᾴ.
2860 5785 3081 5844 Doroth.
3120 5788 3300 5862 Πέραν
3343 5788 3436 5847 τοῦ

1866 5839 2135 5914 Ἰορδάνου
2159 5839 2251 5909 ἐίς
2279 5839 2559 5923 Βηγᾶϐἀρ,
2598 5839 2797 5923 ερίριι.
