3962 6410
163 404 295 470 1361

1198 402 1278 463 IN
1318 401 1431 461 XII
1470 395 1911 458 PROPHETAS
1940 394 2297 456 MINORES.

3265 383 3412 450 1362‘

162 517 507 589 μυστηρίων,
536 516 679 585 ἅπερ
703 516 761 569 ἐν
783 515 921 585 αὐτῇ
948 510 1098 584 παρὰ
1124 510 1362 583 Χριστοῦ
1392 508 1729 562 τετέλεσται·

1878 505 2092 576 lysteria
2114 518 2237 575 qua:
2269 503 2323 557 in
2345 502 2459 573 ipsa
2488 517 2517 555 a
2547 500 2767 556 Christo
2785 496 3023 570 perfecta
3044 504 3190 558 sunt,
3214 504 3269 549 et
3286 496 3401 567 glo-

158 611 254 662 καλ.
291 610 391 680 τῆς
436 608 616 678 δόξης,
640 609 705 679 ῆν
739 608 772 675 ἡ
819 603 1117 674 Ἐκκλησία
1145 601 1288 655 κατά
1321 601 1501 653 πᾶσαν
1527 597 1628 668 τὴν
1656 597 1737 648 oi-

158 702 473 771 κουμένην,
544 699 982 771 ἐπιστρεφοῦσης
1039 695 1138 765 τῆς
1196 689 1574 762 αἰχμαλωσίας
1629 687 1735 741 τῶν

156 789 525 861 ἁμαρτωλῶν,
556 788 736 861 ἔλαχε.

235 881 503 949 Σοφονίας
531 874 896 952 ἑρμηνεύεται
912 876 1136 931 σκοπιὰ
1153 875 1390 942 Κυρίου.
1410 867 1577 936 Οὗτος
1586 866 1654 942 ἦν
1670 872 1735 924 ἐκ

163 976 342 1046 φυλῆς
373 974 623 1044 Συμεὼν,
665 971 836 1044 ἀγροῦ
883 967 1142 1041 Σαϐαρὼο
1196 966 1306 1036 (ιε)
1352 966 1446 1019 καὶ
1490 963 1732 1033 προεφή-

161 1083 330 1119 τευσε
376 1064 635 1137 περὶτῆς
670 1063 877 1125 πόλεως
928 1059 1284 1132 Ἰερουσαλὴμ
1331 1056 1427 1111 καὶ
1468 1054 1599 1125 περὶ
1641 1053 1735 1107 τέ-

164 1158 296 1221 λους
325 1154 564 1227 Ἰσραὴλ,
583 1156 679 1209 καὶ
700 1154 1115 1223 ἀντιισαγωγῆς
1133 1152 1227 1204 καὶ
1247 1148 1519 1219 σωτηρίας
1544 1145 1734 1211 ἐθνῶν,

167 1251 266 1303 καὶ
319 1247 582 1319 αἰσχύνης
627 1246 861 1311 ἀσεϐῶν,
885 1245 991 1321 ⁹καί
1020 1244 1178 1312 δόξης
1204 1241 1449 1305 δικαίων,
1495 1239 1589 1291 καὶ
1615 1252 1737 1307 κρι-

163 1341 265 1393 τοῦ
315 1340 494 1411 πάσης
538 1338 740 1410 πνοῆς*
774 1337 870 1392 καὶ
917 1334 1097 1391 θανὼν
1144 1333 1317 1404 ἐτάφη
1362 1334 1419 1386 ἐν
1462 1330 1539 1401 τῷ
1582 1326 1738 1399 ἀγρῷ

163 1450 362 1486 αυτου.

396 1592 743 1648 ΚΕΦΔΛΑΙΑ
779 1590 1072 1645 ΑΓΓΑΙΟΥ
1125 1586 1513 1643 ΠΡΟΦΗΤΟΥ.

238 1712 309 1761 α’.
374 1706 770 1775 Ἀγανάκτησις
816 1702 952 1758 Θεοῦ
1002 1703 1144 1758 κατά
1190 1701 1297 1755 τῶν
1353 1697 1740 1771 ῥᾳθυμούντων

1838 602 1930 654 rite
1950 614 2070 669 quae
2097 597 2355 654 Ecclesiae
2384 612 2482 667 per
2522 595 2839 650 universum
2878 593 3086 658 orbem,
3138 604 3401 646 conversa

1836 688 2101 745 servitute
2126 697 2494 760 peccatorum,
2525 684 2737 758 obtigit.

1906 871 2214 943 Sophonias
2245 870 2513 942 signiﬁcat
2548 867 2761 942 specula
2799 866 3027 921 Domini.
3060 862 3162 920 llic
3193 871 3310 920 erat
3337 878 3412 919 ex.

1837 966 1981 1021 tribu
2013 966 2256 1029 Simeon,
2282 979 2311 1018 c
2332 964 2552 1035 regione
2568 960 2854 1017 Sabaroth.
2893 958 2959 1012 Et
2979 957 3305 1014 vaticinatus
3324 964 3411 1011 est

1836 1058 1905 1113 de
1937 1057 2071 1113 urbe
2097 1055 2421 1120 Jerusalem,
2452 1064 2508 1109 et
2536 1054 2605 1109 de
2627 1052 2734 1108 Ilne
2756 1051 2919 1107 Israel
2951 1058 3007 1105 et
3036 1049 3103 1104 de
3133 1046 3407 1103 suﬁ‘ectio.

1836 1165 1905 1204 ne
1923 1148 2164 1220 gentium
2183 1148 2237 1202 in
2258 1147 2376 1218 ejus
2394 1146 2516 1201 loco
2530 1158 2827 1214 earumque
2838 1142 3033 1207 salute,
3054 1149 3110 1196 et
3125 1140 3193 1195 de
3214 1137 3407 1194 confu-

1839 1241 1993 1296 sione
2021 1238 2333 1310 impiorum,
2359 1246 2415 1292 et
2442 1236 2509 1292 de
2533 1236 2702 1307 gloria
2726 1234 3030 1304 iustorum,
3047 1239 3105 1285 et
3132 1230 3200 1285 de
3226 1228 3409 1298 judico

1836 1331 2019 1387 omnis
2049 1329 2293 1401 spiritus.
2348 1327 2416 1382 Et
2443 1336 2693 1384 mortuus
2721 1323 2966 1396 sepultus
2991 1329 3075 1377 est
3102 1320 3155 1375 in
3189 1318 3407 1389 regione

1841 1440 1961 1479 sua.

2120 1584 2370 1643 CAPITA
2428 1582 2660 1641 AGGEI
2711 1577 3126 1637 PROPIIETE.

1912 1699 1954 1755 1.
1980 1699 2286 1771 Indignatio
2316 1696 2413 1751 Dei
2439 1703 2632 1751 contra
2667 1690 2992 1763 pigritantes
3020 1688 3074 1742 in
3099 1683 3412 1742 tedilicatio-

163 1800 269 1869 τῆς
297 1798 583 1869 οἰκοδομῆς
626 1796 722 1851 τοῦ
770 1797 935 1850 ναοῦ·
987 1796 1083 1848 καὶ
1130 1795 1380 1865 διήγησις
1424 1792 1526 1847 ὅσα
1556 1791 1740 1855 αὐτοῖς

1878 1790 1916 1851 [ο
1944 1794 2155 1866 templi;
2173 1803 2229 1851 et
2260 1790 2553 1865 exponitur
2576 1796 2710 1862 quot
2730 1787 2865 1861 ipsis
2896 1784 3026 1843 inde
3048 1782 3188 1840 mala
3213 1796 3411 1855 super-

165 1892 419 1945 ἐντεῦθεν
448 1890 643 1963 συνέϐη
684 1890 850 1952 κακὰ,
881 1891 980 1943 ὅσα
1007 1888 1064 1942 δέ
1093 1889 1186 1942 καὶ
1218 1885 1577 1958 συμϐήσεται.

245 1983 310 2053 β’.
370 1981 614 2053 ’Υπακοὴ
659 1982 768 2035 τῶν
801 1980 1101 2052 ἀρχόντων,
1150 1977 1317 2032 αὑτοῦ
1348 1994 1408 2031 τε
1439 1976 1533 2030 τοῦ
1574 1974 1737 2029 λαοῦ·

168 2077 269 2131 καὶ
311 2075 515 2146 σπουδὴ
548 2074 679 2143 περὶ
709 2072 777 2127 τὰ
821 2074 957 2143 ἔργα
998 2072 1092 2126 τοῦ
1140 2071 1303 2125 ναοῦο
1340 2069 1562 2125 καὶτοῦ
1606 2068 1740 2123 Θεοῦ

168 2167 311 2238 πρὸς
338 2167 533 2230 αὐτοὺς
560 2164 965 2237 προσφώνησις,
996 2163 1341 2234 ἀνδρίζεσθαι
1370 2162 1464 2215 καὶ
1494 2160 1741 2235 θαρρεῖν,

169 2260 265 2311 καὶ
291 2256 584 2327 γινώσκειν
618 2258 710 2311 τὸν
741 2255 875 2310 Θεὸν
905 2255 1070 2310 αὑτὸν
1115 2254 1343 2327 [αὐτῶν]
1383 2255 1745 2325 ἐφιστάμενον

170 2353 419 2423 [κοντας.

243 2451 313 2510 γ’.
347 2444 655 2516 Πρόρρησις
690 2442 799 2496 τῶν
828 2443 918 2496 ἐπὶ
945 2440 1038 2495 τοῦ
1068 2440 1299 2511 σταυροῦ
1324 2442 1437 2503 τοῖς
1464 2436 1745 2509 στοιχείοις

176 2536 645 2605 συμϐησομένων·
683 2535 780 2590 καὶ
822 2537 920 2607 τῆς
970 2534 1079 2587 τῶν
1128 2532 1298 2586 ἐθνῶν
1346 2532 1743 2602 καρποφορίας,

178 2630 272 2680 καὶ
299 2628 399 2699 τῆς
433 2629 525 2682 τοῦ
559 2629 682 2681 νέου
710 2626 841 2683 ναοῦ
864 2626 1025 2698 δόξης
1048 2643 1064 2659 ·
1097 2626 1193 2680 καὶ
1219 2626 1316 2695 τῆς
1349 2626 1591 2697 εἰρήνης,
1624 2624 1748 2696 ἥτις

187 2720 338 2792 ποιρά
368 2720 462 2773 τοῦ
512 2720 746 2792 Χριστοῦ
777 2720 864 2774 διὰ
910 2720 1005 2775 τοῦ
1053 2719 1288 2790 σταυροῦ
1323 2720 1434 2782 τοῖς
1466 2715 1750 2771 εὐσεϐοῦσι

182 2813 563 2884 κατώρθωται.

243 2911 309 2963 δ’.
370 2906 687 2978 Κατηγορία
742 2905 1031 2967 Ἰουδαίων,
1078 2905 1153 2967 ὠς
1200 2902 1325 2957 οῦτε
1370 2901 1751 2974 ἀγιαζομένων

174 3003 292 3063 ταῖς
343 3001 575 3066 θυσίαις,
613 3002 703 3054 καὶ
735 3001 1057 3071 μιαινόντων
1087 3001 1207 3062 ταῖς
1253 2999 1433 3051 αὐτῶν
1469 2998 1753 3069 πονηρίαις

1772 1863 1813 1918 Β
1843 1863 2077 1943 ventura
2111 1886 2243 1941 sint.

1911 1976 1979 2033 11.
2009 1975 2303 2033 Obauditio
2319 1973 2629 2046 principum
2654 1986 2868 2028 necnon
2897 1979 2951 2025 et
2993 1968 3275 2038 ipsiusmet
3313 1981 3411 2036 ροη-

1843 2071 1979 2141 puli,
2007 2079 2063 2125 et
2099 2071 2340 2126 studium
2374 2085 2512 2139 opus
2541 2066 2751 2138 templi.
2783 2065 2851 2120 Et
2894 2061 3148 2118 allocutio
3206 2059 3297 2113 Dei
3346 2058 3413 2111 ad

1843 2160 1990 2231 ipsos
2032 2168 2091 2215 ut
2110 2159 2488 2216 confortentur
2508 2156 2804 2214 etviriliter
2827 2162 3056 2226 agantct
3077 2151 3253 2208 sciant
3290 2150 3413 2220 quia

1847 2254 2111 2309 Dominus
2150 2253 2266 2325 ipsc
2295 2262 2401 2311 stat
2422 2267 2588 2323 super
2617 2265 2713 2306 eos
2734 2248 2827 2320 qui
2858 2254 3233 2320 perseverant.

1915 2441 2003 2498 111.
2039 2439 2327 2496 Pracdictio
2364 2452 2552 2493 eorum
2583 2449 2704 2507 qua:
2731 2432 2788 2488 in
2817 2445 2983 2487 cruce
3011 2427 3297 2485 elementis
3325 2442 3418 2480 δυο

1848 2535 2251 2606 pervenient,et
2276 2530 2518 2603 gentium
2544 2524 2915 2588 fecunditatis,
2963 2530 3019 2576 et
3065 2518 3247 2591 gloriae
3290 2515 3417 2570 novi

1850 2626 2059 2698 templi,
2080 2633 2135 2681 et
2164 2623 2314 2695 pacis
2333 2637 2454 2694 qua:
2480 2635 2511 2676 a
2537 2618 2756 2674 Christo
2786 2632 2883 2687 per
2906 2612 3133 2670 Crucem
3158 2607 3419 2680 disposita

1849 2729 1935 2777 est
1961 2718 2181 2776 sanctis.

1922 2909 2012 2965 IV.
2040 2904 2332 2963 Accusatio
2356 2900 2692 2964 Judaaorum,
2718 2896 2921 2968 quippe
2953 2891 3045 2964 qui
3081 2905 3189 2946 non
3219 2888 3422 2946 sancti-

1854 3004 2016 3062 ﬁcant
2045 3002 2347 3068 sacrillciis,
2383 3002 2478 3057 sed
2524 2998 2881 3069 coinquinant
2904 2994 3018 3050 suis
3049 2990 3270 3047 malitiis
3297 3004 3422 3059 ιιι-οε

176 3096 303 3155 τοὺς
347 3094 696 3162 ἐγγίζονταςο
739 3093 835 3145 καὶ
882 3092 1137 3163 διήγησις
1169 3086 1244 3145 ὧν
1292 3091 1445 3146 αὐτοί
1471 3109 1527 3144 τε
1571 3094 1664 3146 καὶ⁵
1703 3093 1751 3144 oi

1878 3096 2046 3151 Limos.
2072 3094 2137 3149 Et
2165 3093 2433 3166 expositio
2462 3108 2649 3147 eorum
2672 3088 2872 3160 quibus
2902 3094 2957 3140 et
2992 3082 3096 3154 ipsi
3124 3090 3179 3136 et
3216 3079 3429 3134 fructus

176 3190 382 3258 καρποὶ
416 3189 513 3257 τῆς
541 3188 642 3258 γῆς
670 3185 756 3240 διὰ
786 3185 882 3258 τὴν
911 3184 1003 3239 τοῦ
1036 3184 1166 3240 λαοῦ
1216 3186 1481 3255 πονηρίαν
1510 3185 1750 3255 ὑπέστη-

1878 3205 2014 3244 erras
2031 3197 2255 3259 propter
2282 3185 2467 3257 populi
2503 3182 2761 3238 malitiam
2810 3177 3223 3248 subiacuerunt,
3252 3181 3307 3227 et
3333 3170 3422 3227 fu-

180 3298 316 3335 σαν·
357 3283 450 3333 καὶ
492 3283 589 3351 τῆς
635 3280 900 3350 ἐσομένης
942 3278 1028 3331 διὰ
1070 3278 1307 3349 Χριστοῦ
1340 3276 1588 3347 εὐλογίας
1614 3279 1749 3333 ὑπό·

1878 3297 1987 3336 ιιι-ω
2027 3297 2125 3353 per
2150 3280 2427 3336 Christum
2458 3272 2853 3333 benedictionis
2874 3266 3183 3342 promissio.

180 3392 389 3445 σχεσις.

250 3472 313 3519 ι’.
372 3464 681 3537 Πρόρρησις
734 3463 1120 3537 καταστροφῆς
1165 3462 1456 3535 δαιμόνων,
1508 3466 1602 3520 καὶ
1643 3465 1751 3520 τῶν

1925 3466 1991 3521 ν.
2016 3466 2300 3523 Prmdictio
2338 3466 2511 3520 ruina!
2535 3460 2930 3519 daemoniorum
2959 3464 3014 3511 et
3039 3453 3107 3509 ab
3138 3451 3274 3522 ipsis
3294 3464 3424 3520 pos.-

179 3560 315 3630 παρ’
365 3558 589 3611 ἐκείνων
641 3557 1083 3628 ἐνεργουμένων·
1140 3557 1446 3628 προφητεία
1499 3558 1557 3612 δέ
1602 3560 1751 3630 παρά

1878 3577 2152 3625 .essorum,
2188 3569 2245 3615 et
2280 3556 2567 3631 prOphetia
2602 3556 2667 3611 de
2684 3552 2925 3617 Christo,
2969 3546 3277 3620 significans
3312 3541 3426 3599 dis-

181 3651 298 3724 [ισ.
335 3669 395 3703 τε
427 3650 574 3723 περὶ]
605 3651 865 3721 Χριστοῦ,
898 3651 989 3704 καὶ
1016 3649 1112 3722 τὴν
1141 3651 1453 3723 οἰκονομίαν
1482 3651 1582 3722 τῆς
1619 3670 1755 3724 σαρ-

182 3746 280 3808 κὸς
313 3746 405 3797 καὶ
443 3745 541 3814 τῆς
574 3743 823 3814 θεότητος
860 3744 1155 3814 μηνύουσα.

270 3838 522 3904 Ἀγγαῖος
546 3835 833 3904 ἑορτάζων
854 3835 1235 3907 ἑρμηνεύεται.
1271 3828 1439 3901 Οὗτος
1462 3837 1653 3908 ἐτέχθη
1679 3839 1758 3903 εἰς

186 3926 505 3988 Βαϐυλῶνα,
541 3922 609 3997 ῆν
648 3926 705 3979 δέ
740 3928 803 3978 ἐκ
837 3926 1011 3996 φυλῆς
1056 3927 1188 3980 Λευῖ
1211 3944 1223 3958 °
1277 3927 1371 3981 καὶ
1409 3928 1488 3980 ἔτι
1521 3930 1639 3991 νέος
1684 3928 1759 3982 ὢν

186 4016 353 4089 ἦλθεν
380 4019 485 4072 ἀπὸ
511 4018 824 4081 Βαϐυλῶνος
855 4021 934 4080 είς
974 4018 1356 4091 Ἰερουσαλήμ⁹
1385 4020 1476 4073 καὶ
1511 4021 1762 4091 φανερῶς

190 4110 322 4179 περὶ⁵
354 4110 455 4178 τῆς
504 4110 837 4180 ἐπιστροφῆς
891 4109 985 4163 τοῦ
1029 4108 1159 4165 λαοῦ
1212 4110 1618 4181 προεφήτευσεο
1669 4112 1764 4165 καὶ

190 4198 329 4255 εἶδεν
359 4203 422 4255 ἐκ
455 4202 650 4272 μέρους
679 4202 776 4272 τὴν
808 4202 1097 4273 οἰκοδομὴν
1123 4202 1216 4256 τοῦ
1247 4202 1375 4257 ναοῦ
1396 4218 1409 4231 ·
1444 4202 1535 4257 καὶ
1559 4204 1767 4258 ἀποθα-

190 4294 299 4347 νὼν
338 4296 397 4348 ἐν
443 4293 820 4365 Ἰερουσαλὴμ,
846 4296 1019 4365 ἐτάφη
1076 4295 1304 4367 πλησίον
1341 4297 1511 4365 τάφου
1560 4295 1667 4348 τῶν
1692 4298 1767 4349 ἱε-

194 4390 333 4460 ρέων
361 4388 605 4453 ἐνδόξως,
638 4389 710 4452 ὡς
743 4390 916 4452 αὐτοὶ,
954 4389 1140 4460 ἐπειδὴ
1180 4392 1274 4442 καὶ
1302 4389 1463 4454 αὐτὸς
1488 4385 1556 4460 ῆν
1583 4390 1648 4441 ἐκ
1683 4389 1769 4456 γέ·

190 4497 316 4543 νους
346 4480 641 4552 ἱερατικοῦ.

396 4639 740 4694 ΚΕΦΛΛΑΙΑ
778 4637 1122 4693 ΖΑΧΑΡΙΟΥ
1171 4638 1557 4694 ΠΡΟΦΗΊῸΥ.

264 4762 331 4807 α’.
397 4749 684 4823 Προτροπὴ
737 4750 872 4821 πρὸς
931 4750 1251 4821 μετάνοιαν,
1310 4751 1405 4804 καὶ
1462 4751 1766 4822 ὀνειδισμὸς

193 4848 287 4900 τοῦ
334 4844 625 4901 Ἰουδαῖκοῦ
667 4841 819 4908 λαοῦ,
868 4843 950 4897 ὅτι
988 4843 1097 4897 τῶν
1130 4841 1408 4914 προγόνων
1437 4842 1536 4914 τὴν
1567 4844 1766 4899 κακίαν

193 4938 497 5010 ἐζήλωσαν.

267 5033 335 5102 β’.
389 5026 704 5100 Προφήτεία
735 5027 950 5098 δρόμων
974 5027 1368 5093 ἀπωτολικῶν,
1401 5028 1495 5082 καὶ
1527 5029 1767 5082 ἀνανεώ-

199 5140 356 5187 σεως,
396 5123 499 5185 ἕως
528 5121 627 5191 τῆς
664 5118 1038 5190 Ἰερουσαλὴμ,
1068 5121 1188 5192 ἥτις
1226 5120 1364 5191 αὑτὴ
1395 5120 1483 5175 διὰ
1512 5121 1612 5190 τῆς
1641 5120 1767 5185 νέας

195 5218 511 5286 γεγένηται.

266 5317 335 5378 γ’.
391 5310 630 5377 Αἶνιγμα
658 5306 765 5360 τῶν
797 5306 1160 5375 Εὐαγγελίων,
1188 5305 1247 5373 ἐξ
1278 5298 1353 5361 ὧν
1380 5304 1447 5359 τὰ
1466 5304 1593 5377 ἔθνη
1628 5305 1771 5361 κατὰ

195 5405 293 5472 τῆς
342 5398 693 5470 Ἰερουσαλὴμ
741 5399 838 5471 τῆς
870 5398 1102 5470 ἀρχαίας
1129 5397 1462 5469 ὠξύνθησαν.

267 5494 330 5546 δ’.
386 5492 716 5564 Προφητεία,
740 5493 838 5562 τὴν
866 5493 991 5545 νέαν
1034 5490 1383 5562 Ἰερουσαλὴμ
1412 5491 1500 5544 διὰ
1531 5491 1766 5563 Χριστοῦ

196 5583 606 5653 κτισθήσεσθαι,
639 5581 734 5635 καὶ
768 5580 966 5651 πλῆθος
1012 5580 1299 5636 οἰκούντων
1332 5582 1506 5647 ἕξεινο
1542 5582 1635 5637 καὶ¹
1667 5581 1759 5635 τοῦ

1790 4557 1845 4618 D

1856 3658 2180 3731 positionem
2231 3653 2411 3709 carnis
2444 3660 2498 3706 et
2519 3646 2833 3706 divinitatis.

1928 3839 2155 3910 Aggaaus
2194 3831 2461 3906 signiﬁcat
2489 3828 2763 3901 festinans.
2793 3822 2892 3878 Hic
2922 3829 3083 3877 natus
3109 3825 3192 3872 est
3225 3815 3279 3870 in
3304 3812 3428 3910 ABa—

1863 3906 2078 4002 bylone,
2106 3939 2161 3983 et
2199 3934 2319 3981 erat
2340 3925 2408 3979 de
2450 3922 2594 3977 tribu
2634 3918 2785 3973 Levi.
2818 3916 2883 3971 Et
2915 3929 3048 3985 puer
3079 3925 3201 3968 cum
3254 3906 3431 3962 adhuc

1863 4000 2027 4084 esset,
2082 4019 2234 4074 venit
2278 4032 2345 4072 ex
2393 4013 2665 4085 Babylone
2698 4010 2754 4065 in
2793 4005 3113 4067 Jerusalem,
3147 4011 3203 4057 et
3255 4000 3452 4072 palam,

1865 4110 2213 4186 prophetavit
2246 4108 2314 4164 de
2348 4103 2706 4162 conversione
2734 4099 2920 4172 populi
2948 4106 3005 4153 et
3030 4094 3167 4151 vidit
3200 4092 3252 4147 in
3280 4099 3455 4161 parte.

1866 4205 2282 4264 tediﬁcationem
2309 4198 2520 4269 templi.
2549 4196 2619 4252 Et
2637 4203 2886 4250 mortuus
2908 4190 2964 4245 in
2996 4186 3318 4250 Jerusalem,
3348 4197 3434 4238 se-

1868 4298 2052 4370 pultus
2079 4306 2162 4351 est
2187 4308 2352 4365 prope
2374 4290 2706 4361 sepulturam
2731 4282 3095 4347 sacerdotum,
3119 4278 3309 4335 eodem
3335 4276 3433 4331 ho-

1868 4402 2004 4443 nore
2040 4401 2149 4458 quo
2176 4383 2352 4455 etipsi
2385 4399 2398 4435 :
2427 4386 2615 4451 utpote
2664 4375 2757 4447 qui
2789 4381 2909 4430 erat
2935 4386 2999 4428 ex
3028 4384 3229 4443 genere
3255 4382 3435 4426 sacer.-

1868 4480 2058 4536 dotali.

2112 4630 2364 4691 CAPITA
2387 4623 2759 4685 ZACHARUE
2782 4618 3188 4680 PROPIIETIE.

1942 4749 1984 4804 l.
2023 4746 2344 4803 Exhortatio
2372 4742 2440 4798 ad
2474 4739 2874 4814 paenitentiam,
2902 4743 2960 4793 et
2995 4736 3311 4808 objurgatio.
3339 4751 3437 4805 po.

1874 4840 1988 4912 puli
2020 4837 2255 4903 Judaici,
2286 4851 2355 4892 eo
2375 4833 2520 4906 quod
2541 4841 2759 4905 patrum
2782 4844 3007 4887 suorum
3039 4828 3296 4884 malitiam
3328 4826 3440 4885 imi.

1873 4929 1969 4987 tali
2008 4937 2157 4985 sunt.

1938 5022 2005 5081 II.
2039 5018 2371 5075 Vaticinium
2416 5029 2676 5071 cursuum
2716 5008 3087 5083 apostolorum
3121 5017 3177 5065 et
3208 5023 3439 5067 renova:

1876 5116 2040 5172 tionis
2077 5113 2373 5171 Jerusalem
2400 5125 2521 5181 quae
2548 5108 2661 5178 ipsa
2687 5104 2898 5161 novalis
2918 5101 3058 5158 facta
3089 5109 3192 5157 est.

1949 5301 2037 5358 111.
2072 5300 2337 5356 Indicium
2367 5297 2687 5353 nuntiorum
2726 5309 2791 5350 ex
2822 5292 3019 5363 quibus
3038 5298 3226 5364 gentes
3251 5298 3457 5345 contra;

1875 5397 2149 5466 antiquam
2181 5392 2481 5447 Jerusalem
2516 5389 2743 5445 infensa!
2767 5396 2913 5445 sunt.

1948 5487 2032 5542 IV.
2060 5485 2385 5541 Vaticinium
2425 5498 2621 5538 novam
2659 5479 2956 5536 Jerusalem
2982 5492 3013 5531 a
3049 5474 3266 5531 Christo
3314 5471 3435 5525 Iun-

1873 5581 2049 5635 dalam
2084 5580 2169 5644 iri,
2204 5587 2258 5631 et
2304 5573 2705 5630 multitudinem
2738 5567 3106 5627 habitantium
3149 5561 3250 5635 ipsi
3286 5561 3423 5622 tutu:

1736 5731 1967 5789 ΝΟΤᾸΞ.

278 5873 389 5945 (ιε)
420 5872 711 5942 Σαϐίνιὼθ.
776 5870 1087 5942 Σαραῆαθά,
1132 5870 1326 5943 Epiph.
1388 5872 1763 5935 Sabartltatlm,
1794 5868 2016 5924 Doroth.
