  <div class='ocr_page' id='page_1' title='image "/cluster/home/n/w/nwhite01/storage/ocr_20150623/93/hvd.32044019208040/689.png"; bbox 0 0 4040 6420; ppageno 0'>
   <div class='ocr_carea' id='block_1_1' title="bbox 605 363 743 431">
    <p class='ocr_par' dir='ltr' id='par_1_1' title="bbox 605 363 743 431">
     <span class='ocr_line' id='line_1_1' title="bbox 605 363 743 431; baseline 0.043 -5"><span class='ocrx_word' id='word_1_1' title='bbox 605 363 743 431; x_wconf 68' lang='lat'><strong>1363</strong></span> 
     </span>
    </p>
   </div>
   <div class='ocr_carea' id='block_1_2' title="bbox 1805 374 2674 443">
    <p class='ocr_par' dir='ltr' id='par_1_2' title="bbox 1805 374 2674 443">
     <span class='ocr_line' id='line_1_2' title="bbox 1805 374 2674 443; baseline 0.002 -5"><span class='ocrx_word' id='word_1_2' title='bbox 1805 374 2163 438; x_wconf 77' lang='lat' dir='ltr'><strong>HESYCHII</strong></span> <span class='ocrx_word' id='word_1_3' title='bbox 2200 375 2674 443; x_wconf 79' lang='lat' dir='ltr'><strong>PRESBYTERI</strong></span> 
     </span>
    </p>
   </div>
   <div class='ocr_carea' id='block_1_3' title="bbox 3729 381 3849 447">
    <p class='ocr_par' dir='ltr' id='par_1_3' title="bbox 3729 381 3849 447">
     <span class='ocr_line' id='line_1_3' title="bbox 3729 381 3849 447; baseline 0.017 -2"><span class='ocrx_word' id='word_1_4' title='bbox 3729 381 3849 447; x_wconf 73' lang='grc'><strong>1364</strong></span> 
     </span>
    </p>
   </div>
   <div class='ocr_carea' id='block_1_4' title="bbox 601 484 2184 571">
    <p class='ocr_par' dir='ltr' id='par_1_4' title="bbox 601 484 2184 559">
     <span class='ocr_line' id='line_1_4' title="bbox 601 484 2184 559; baseline 0.003 -20"><span class='ocrx_word' id='word_1_5' title='bbox 601 501 714 539; x_wconf 70' lang='lat' dir='ltr'><strong>rain</strong></span> <span class='ocrx_word' id='word_1_6' title='bbox 758 498 902 549; x_wconf 80' lang='lat' dir='ltr'><strong>esse,</strong></span> <span class='ocrx_word' id='word_1_7' title='bbox 935 493 989 539; x_wconf 81' lang='lat' dir='ltr'><strong>et</strong></span> <span class='ocrx_word' id='word_1_8' title='bbox 1018 484 1256 556; x_wconf 74' lang='lat' dir='ltr'><strong>Spiritus</strong></span> <span class='ocrx_word' id='word_1_9' title='bbox 1295 486 1714 558; x_wconf 76' lang='lat' dir='ltr'><strong>inspirationem</strong></span> <span class='ocrx_word' id='word_1_10' title='bbox 1756 487 1856 559; x_wconf 87' lang='lat' dir='ltr'><strong>ipsi</strong></span> <span class='ocrx_word' id='word_1_11' title='bbox 1888 504 1988 559; x_wconf 83' lang='lat' dir='ltr'><strong>pro</strong></span> <span class='ocrx_word' id='word_1_12' title='bbox 2012 488 2184 544; x_wconf 79' lang='lat' dir='ltr'><strong>&#39;tnuro</strong></span> 
     </span>
    </p>
   </div>
   <div class='ocr_carea' id='block_1_5' title="bbox 2281 484 3848 571">
    <p class='ocr_par' dir='ltr' id='par_1_5' title="bbox 2289 489 3848 571">
     <span class='ocr_line' id='line_1_5' title="bbox 2289 489 3848 571; baseline 0.007 -29"><span class='ocrx_word' id='word_1_13' title='bbox 2289 489 2608 560; x_wconf 76' lang='grc' dir='ltr'>Πνεῦματος</span> <span class='ocrx_word' id='word_1_14' title='bbox 2640 494 2776 566; x_wconf 75' lang='grc' dir='ltr'>αὐτῇ</span> <span class='ocrx_word' id='word_1_15' title='bbox 2824 494 2922 568; x_wconf 77' lang='grc' dir='ltr'>τὴν</span> <span class='ocrx_word' id='word_1_16' title='bbox 2966 495 3251 571; x_wconf 69' lang='grc' dir='ltr'>ἐνέργειαν</span> <span class='ocrx_word' id='word_1_17' title='bbox 3297 497 3425 553; x_wconf 82' lang='grc' dir='ltr'>ἀντὶ</span> <span class='ocrx_word' id='word_1_18' title='bbox 3465 496 3678 568; x_wconf 79' lang='grc' dir='ltr'>τείχους</span> <span class='ocrx_word' id='word_1_19' title='bbox 3705 504 3848 567; x_wconf 61' lang='lat' dir='ltr'><strong>rut;-</strong></span> 
     </span>
    </p>
   </div>
   <div class='ocr_carea' id='block_1_6' title="bbox 600 578 737 633">
    <p class='ocr_par' dir='ltr' id='par_1_6' title="bbox 600 578 737 633">
     <span class='ocr_line' id='line_1_6' title="bbox 600 578 737 633; baseline 0 -1"><span class='ocrx_word' id='word_1_20' title='bbox 600 578 737 633; x_wconf 84' lang='lat' dir='ltr'><strong>fore.</strong></span> 
     </span>
    </p>
   </div>
   <div class='ocr_carea' id='block_1_7' title="bbox 672 669 2183 746">
    <p class='ocr_par' dir='ltr' id='par_1_7' title="bbox 672 669 2183 746">
     <span class='ocr_line' id='line_1_7' title="bbox 672 669 2183 746; baseline 0.005 -20"><span class='ocrx_word' id='word_1_21' title='bbox 672 669 740 728; x_wconf 85' lang='lat' dir='ltr'><strong>V.</strong></span> <span class='ocrx_word' id='word_1_22' title='bbox 786 671 1011 730; x_wconf 87' lang='lat' dir='ltr'><strong>Vocatio</strong></span> <span class='ocrx_word' id='word_1_23' title='bbox 1038 673 1279 746; x_wconf 82' lang='lat' dir='ltr'><strong>gentium</strong></span> <span class='ocrx_word' id='word_1_24' title='bbox 1312 673 1369 729; x_wconf 92' lang='lat' dir='ltr'><strong>in</strong></span> <span class='ocrx_word' id='word_1_25' title='bbox 1398 689 1592 729; x_wconf 90' lang='lat' dir='ltr'><strong>novam</strong></span> <span class='ocrx_word' id='word_1_26' title='bbox 1618 673 1785 741; x_wconf 85' lang='lat' dir='ltr'><strong>Sion&#39;,</strong></span> <span class='ocrx_word' id='word_1_27' title='bbox 1830 686 1887 732; x_wconf 90' lang='lat' dir='ltr'><strong>et</strong></span> <span class='ocrx_word' id='word_1_28' title='bbox 1922 677 2083 734; x_wconf 66' lang='lat' dir='ltr'><strong>minae</strong></span> <span class='ocrx_word' id='word_1_29' title='bbox 2126 678 2183 734; x_wconf 92' lang='lat' dir='ltr'><strong>in</strong></span> 
     </span>
    </p>
   </div>
   <div class='ocr_carea' id='block_1_8' title="bbox 600 763 2183 832">
    <p class='ocr_par' dir='ltr' id='par_1_8' title="bbox 600 763 2183 832">
     <span class='ocr_line' id='line_1_8' title="bbox 600 763 2183 832; baseline 0.005 -14"><span class='ocrx_word' id='word_1_30' title='bbox 600 763 900 832; x_wconf 74' lang='lat' dir='ltr'><strong>dmmones,</strong></span> <span class='ocrx_word' id='word_1_31' title='bbox 925 774 981 822; x_wconf 91' lang='lat' dir='ltr'><strong>et</strong></span> <span class='ocrx_word' id='word_1_32' title='bbox 1004 766 1351 823; x_wconf 88' lang='lat' dir='ltr'><strong>annuntiatio</strong></span> <span class='ocrx_word' id='word_1_33' title='bbox 1388 766 1660 822; x_wconf 72' lang='lat' dir='ltr'><strong>adventus</strong></span> <span class='ocrx_word' id='word_1_34' title='bbox 1704 768 1920 824; x_wconf 88' lang='lat' dir='ltr'><strong>Domini</strong></span> <span class='ocrx_word' id='word_1_35' title='bbox 1951 768 2007 823; x_wconf 92' lang='lat' dir='ltr'><strong>in</strong></span> <span class='ocrx_word' id='word_1_36' title='bbox 2048 768 2183 826; x_wconf 85' lang='lat' dir='ltr'><strong>Sion</strong></span> 
     </span>
    </p>
   </div>
   <div class='ocr_carea' id='block_1_9' title="bbox 601 856 2185 931">
    <p class='ocr_par' dir='ltr' id='par_1_9' title="bbox 601 856 2185 931">
     <span class='ocr_line' id='line_1_9' title="bbox 601 856 2185 931; baseline 0.004 -21"><span class='ocrx_word' id='word_1_37' title='bbox 601 870 729 910; x_wconf 87' lang='lat' dir='ltr'><strong>cum</strong></span> <span class='ocrx_word' id='word_1_38' title='bbox 760 870 948 924; x_wconf 82' lang='lat' dir='ltr'><strong>carne,</strong></span> <span class='ocrx_word' id='word_1_39' title='bbox 979 873 1078 929; x_wconf 88' lang='lat' dir='ltr'><strong>per</strong></span> <span class='ocrx_word' id='word_1_40' title='bbox 1104 873 1267 929; x_wconf 85' lang='lat' dir='ltr'><strong>quem</strong></span> <span class='ocrx_word' id='word_1_41' title='bbox 1299 868 1491 930; x_wconf 85' lang='lat' dir='ltr'><strong>gentes</strong></span> <span class='ocrx_word' id='word_1_42' title='bbox 1532 859 1601 915; x_wconf 89' lang='lat' dir='ltr'><strong>ad</strong></span> <span class='ocrx_word' id='word_1_43' title='bbox 1631 856 1811 931; x_wconf 88' lang='lat' dir='ltr'><strong>ipsum</strong></span> <span class='ocrx_word' id='word_1_44' title='bbox 1857 870 2185 917; x_wconf 87' lang='lat' dir='ltr'><strong>converten-</strong></span> 
     </span>
    </p>
   </div>
   <div class='ocr_carea' id='block_1_10' title="bbox 603 957 712 1002">
    <p class='ocr_par' dir='ltr' id='par_1_10' title="bbox 603 957 712 1002">
     <span class='ocr_line' id='line_1_10' title="bbox 603 957 712 1002; baseline 0 0"><span class='ocrx_word' id='word_1_45' title='bbox 603 957 712 1002; x_wconf 84' lang='lat' dir='ltr'><strong>tur.</strong></span> 
     </span>
    </p>
   </div>
   <div class='ocr_carea' id='block_1_11' title="bbox 676 1036 2186 1114">
    <p class='ocr_par' dir='ltr' id='par_1_11' title="bbox 676 1036 2186 1114">
     <span class='ocr_line' id='line_1_11' title="bbox 676 1036 2186 1114; baseline 0.005 -22"><span class='ocrx_word' id='word_1_46' title='bbox 676 1036 767 1093; x_wconf 88' lang='lat' dir='ltr'><strong>VI.</strong></span> <span class='ocrx_word' id='word_1_47' title='bbox 796 1038 1050 1095; x_wconf 82' lang='lat' dir='ltr'><strong>Narratio</strong></span> <span class='ocrx_word' id='word_1_48' title='bbox 1079 1040 1408 1111; x_wconf 75' lang='lat' dir='ltr'><strong>expiationis</strong></span> <span class='ocrx_word' id='word_1_49' title='bbox 1427 1040 1558 1097; x_wconf 89' lang='lat' dir='ltr'><strong>Jesu</strong></span> <span class='ocrx_word' id='word_1_50' title='bbox 1604 1044 1748 1113; x_wconf 89' lang='lat' dir='ltr'><strong>apud</strong></span> <span class='ocrx_word' id='word_1_51' title='bbox 1770 1042 1919 1114; x_wconf 89' lang='lat' dir='ltr'><strong>ipsos</strong></span> <span class='ocrx_word' id='word_1_52' title='bbox 1944 1052 2076 1099; x_wconf 90' lang='lat' dir='ltr'><strong>tunc</strong></span> <span class='ocrx_word' id='word_1_53' title='bbox 2100 1057 2186 1099; x_wconf 86' lang='lat' dir='ltr'><strong>sa-</strong></span> 
     </span>
    </p>
   </div>
   <div class='ocr_carea' id='block_1_12' title="bbox 602 1129 2183 1204">
    <p class='ocr_par' dir='ltr' id='par_1_12' title="bbox 602 1129 2183 1204">
     <span class='ocr_line' id='line_1_12' title="bbox 602 1129 2183 1204; baseline 0.003 -20"><span class='ocrx_word' id='word_1_54' title='bbox 602 1129 856 1192; x_wconf 87' lang='lat' dir='ltr'><strong>cerdotis,</strong></span> <span class='ocrx_word' id='word_1_55' title='bbox 876 1138 932 1185; x_wconf 86' lang='lat' dir='ltr'><strong>et</strong></span> <span class='ocrx_word' id='word_1_56' title='bbox 961 1132 1285 1201; x_wconf 85' lang='lat' dir='ltr'><strong>protestatio</strong></span> <span class='ocrx_word' id='word_1_57' title='bbox 1310 1132 1379 1187; x_wconf 89' lang='lat' dir='ltr'><strong>ad</strong></span> <span class='ocrx_word' id='word_1_58' title='bbox 1404 1132 1678 1199; x_wconf 89' lang='lat' dir='ltr'><strong>eumdem,</strong></span> <span class='ocrx_word' id='word_1_59' title='bbox 1712 1149 1961 1204; x_wconf 81' lang='lat' dir='ltr'><strong>quaenam</strong></span> <span class='ocrx_word' id='word_1_60' title='bbox 1992 1134 2183 1190; x_wconf 84' lang='lat' dir='ltr'><strong>obser-</strong></span> 
     </span>
    </p>
   </div>
   <div class='ocr_carea' id='block_1_13' title="bbox 603 1220 973 1277">
    <p class='ocr_par' dir='ltr' id='par_1_13' title="bbox 603 1220 973 1277">
     <span class='ocr_line' id='line_1_13' title="bbox 603 1220 973 1277; baseline 0 -3"><span class='ocrx_word' id='word_1_61' title='bbox 603 1234 732 1274; x_wconf 90' lang='lat' dir='ltr'><strong>vare</strong></span> <span class='ocrx_word' id='word_1_62' title='bbox 762 1220 973 1277; x_wconf 89' lang='lat' dir='ltr'><strong>deceat.</strong></span> 
     </span>
    </p>
   </div>
   <div class='ocr_carea' id='block_1_14' title="bbox 671 1311 2184 1391">
    <p class='ocr_par' dir='ltr' id='par_1_14' title="bbox 671 1311 2184 1391">
     <span class='ocr_line' id='line_1_14' title="bbox 671 1311 2184 1391; baseline 0.007 -26"><span class='ocrx_word' id='word_1_63' title='bbox 671 1311 784 1368; x_wconf 91' lang='lat' dir='ltr'><strong>VII.</strong></span> <span class='ocrx_word' id='word_1_64' title='bbox 840 1312 1174 1371; x_wconf 88' lang='lat' dir='ltr'><strong>Vaticinium</strong></span> <span class='ocrx_word' id='word_1_65' title='bbox 1246 1316 1517 1372; x_wconf 84' lang='lat' dir='ltr'><strong>adventus</strong></span> <span class='ocrx_word' id='word_1_66' title='bbox 1569 1315 1884 1385; x_wconf 89' lang='lat' dir='ltr'><strong>Salvatoris,</strong></span> <span class='ocrx_word' id='word_1_67' title='bbox 1917 1318 1973 1373; x_wconf 92' lang='lat' dir='ltr'><strong>in</strong></span> <span class='ocrx_word' id='word_1_68' title='bbox 2019 1335 2184 1391; x_wconf 87' lang='lat' dir='ltr'><strong>quem</strong></span> 
     </span>
    </p>
   </div>
   <div class='ocr_carea' id='block_1_15' title="bbox 603 1406 2185 1481">
    <p class='ocr_par' dir='ltr' id='par_1_15' title="bbox 603 1406 2185 1481">
     <span class='ocr_line' id='line_1_15' title="bbox 603 1406 2185 1481; baseline 0.006 -23"><span class='ocrx_word' id='word_1_69' title='bbox 603 1413 814 1474; x_wconf 80' lang='lat' dir='ltr'><strong>septem</strong></span> <span class='ocrx_word' id='word_1_70' title='bbox 833 1406 974 1462; x_wconf 87' lang='lat' dir='ltr'><strong>dona</strong></span> <span class='ocrx_word' id='word_1_71' title='bbox 1004 1407 1242 1478; x_wconf 85' lang='lat' dir='ltr'><strong>Spiritus</strong></span> <span class='ocrx_word' id='word_1_72' title='bbox 1269 1410 1623 1480; x_wconf 84' lang='lat' dir='ltr'><strong>requiescunt</strong></span> <span class='ocrx_word' id='word_1_73' title='bbox 1652 1427 1666 1476; x_wconf 90' lang='lat'><strong>;</strong></span> <span class='ocrx_word' id='word_1_74' title='bbox 1703 1419 1757 1465; x_wconf 91' lang='lat' dir='ltr'><strong>et</strong></span> <span class='ocrx_word' id='word_1_75' title='bbox 1788 1411 2070 1481; x_wconf 71' lang='lat' dir='ltr'><strong>praedictio</strong></span> <span class='ocrx_word' id='word_1_76' title='bbox 2100 1412 2185 1467; x_wconf 82' lang='lat' dir='ltr'><strong>fu—</strong></span> 
     </span>
    </p>
   </div>
   <div class='ocr_carea' id='block_1_16' title="bbox 604 1497 2183 1573">
    <p class='ocr_par' dir='ltr' id='par_1_16' title="bbox 604 1497 2183 1573">
     <span class='ocr_line' id='line_1_16' title="bbox 604 1497 2183 1573; baseline 0.008 -25"><span class='ocrx_word' id='word_1_77' title='bbox 604 1505 739 1550; x_wconf 82' lang='lat' dir='ltr'><strong>turae</strong></span> <span class='ocrx_word' id='word_1_78' title='bbox 769 1512 868 1567; x_wconf 89' lang='lat' dir='ltr'><strong>per</strong></span> <span class='ocrx_word' id='word_1_79' title='bbox 897 1497 1192 1555; x_wconf 88' lang='lat' dir='ltr'><strong>Salvatoris</strong></span> <span class='ocrx_word' id='word_1_80' title='bbox 1218 1501 1526 1572; x_wconf 85' lang='lat' dir='ltr'><strong>passionem</strong></span> <span class='ocrx_word' id='word_1_81' title='bbox 1559 1501 1896 1557; x_wconf 85' lang='lat' dir='ltr'><strong>remissionis</strong></span> <span class='ocrx_word' id='word_1_82' title='bbox 1927 1512 2183 1573; x_wconf 81' lang='lat' dir='ltr'><strong>peccato-</strong></span> 
     </span>
    </p>
   </div>
   <div class='ocr_carea' id='block_1_17' title="bbox 603 1592 1931 1666">
    <p class='ocr_par' dir='ltr' id='par_1_17' title="bbox 603 1592 1931 1666">
     <span class='ocr_line' id='line_1_17' title="bbox 603 1592 1931 1666; baseline 0.008 -25"><span class='ocrx_word' id='word_1_83' title='bbox 603 1603 748 1654; x_wconf 89' lang='lat' dir='ltr'><strong>rum,</strong></span> <span class='ocrx_word' id='word_1_84' title='bbox 782 1592 1229 1661; x_wconf 89' lang='lat' dir='ltr'><strong>etpossessionis</strong></span> <span class='ocrx_word' id='word_1_85' title='bbox 1261 1594 1618 1666; x_wconf 79' lang='lat' dir='ltr'><strong>mysticorum</strong></span> <span class='ocrx_word' id='word_1_86' title='bbox 1643 1596 1931 1652; x_wconf 88' lang='lat' dir='ltr'><strong>bonorum.</strong></span> 
     </span>
    </p>
   </div>
   <div class='ocr_carea' id='block_1_18' title="bbox 673 1768 2183 1849">
    <p class='ocr_par' dir='ltr' id='par_1_18' title="bbox 673 1768 2183 1849">
     <span class='ocr_line' id='line_1_18' title="bbox 673 1768 2183 1849; baseline 0.005 -23"><span class='ocrx_word' id='word_1_87' title='bbox 673 1768 807 1827; x_wconf 91' lang='lat' dir='ltr'><strong>VIII.</strong></span> <span class='ocrx_word' id='word_1_88' title='bbox 844 1771 1046 1829; x_wconf 87' lang='lat' dir='ltr'><strong>Notitia</strong></span> <span class='ocrx_word' id='word_1_89' title='bbox 1069 1776 1360 1848; x_wconf 78' lang='lat' dir='ltr'><strong>imaginum</strong></span> <span class='ocrx_word' id='word_1_90' title='bbox 1399 1778 1554 1849; x_wconf 88' lang='lat' dir='ltr'><strong>pretii</strong></span> <span class='ocrx_word' id='word_1_91' title='bbox 1583 1788 1638 1834; x_wconf 89' lang='lat' dir='ltr'><strong>et</strong></span> <span class='ocrx_word' id='word_1_92' title='bbox 1663 1777 1996 1849; x_wconf 83' lang='lat' dir='ltr'><strong>operationis</strong></span> <span class='ocrx_word' id='word_1_93' title='bbox 2016 1779 2183 1849; x_wconf 78' lang='lat' dir='ltr'><strong>Spiri-</strong></span> 
     </span>
    </p>
   </div>
   <div class='ocr_carea' id='block_1_19' title="bbox 2297 582 2502 637">
    <p class='ocr_par' dir='ltr' id='par_1_19' title="bbox 2297 582 2502 637">
     <span class='ocr_line' id='line_1_19' title="bbox 2297 582 2502 637; baseline 0.01 -2"><span class='ocrx_word' id='word_1_94' title='bbox 2297 582 2502 637; x_wconf 86' lang='grc' dir='ltr'>σεσθαι.</span> 
     </span>
    </p>
   </div>
   <div class='ocr_carea' id='block_1_20' title="bbox 2361 671 3853 750">
    <p class='ocr_par' dir='ltr' id='par_1_20' title="bbox 2361 671 3853 750">
     <span class='ocr_line' id='line_1_20' title="bbox 2361 671 3853 750; baseline 0.005 -24"><span class='ocrx_word' id='word_1_95' title='bbox 2361 671 2424 728; x_wconf 82' lang='grc' dir='ltr'>ε’.</span> <span class='ocrx_word' id='word_1_96' title='bbox 2478 674 2690 744; x_wconf 83' lang='grc' dir='ltr'>Κλῆσις</span> <span class='ocrx_word' id='word_1_97' title='bbox 2740 674 2847 730; x_wconf 85' lang='grc' dir='ltr'><strong>τῶν</strong></span> <span class='ocrx_word' id='word_1_98' title='bbox 2880 675 3055 731; x_wconf 88' lang='grc' dir='ltr'>ἐθνῶν</span> <span class='ocrx_word' id='word_1_99' title='bbox 3104 680 3185 743; x_wconf 81' lang='grc' dir='ltr'><strong>είς</strong></span> <span class='ocrx_word' id='word_1_100' title='bbox 3229 679 3330 750; x_wconf 83' lang='grc' dir='ltr'>τὴν</span> <span class='ocrx_word' id='word_1_101' title='bbox 3379 678 3509 733; x_wconf 87' lang='grc' dir='ltr'>νέαν</span> <span class='ocrx_word' id='word_1_102' title='bbox 3558 679 3735 734; x_wconf 79' lang='grc' dir='ltr'>Σιών·</span> <span class='ocrx_word' id='word_1_103' title='bbox 3770 683 3853 734; x_wconf 72' lang='lat' dir='ltr'><strong>ut</strong></span> 
     </span>
    </p>
   </div>
   <div class='ocr_carea' id='block_1_21' title="bbox 2289 763 3851 840">
    <p class='ocr_par' dir='ltr' id='par_1_21' title="bbox 2289 763 3851 840">
     <span class='ocr_line' id='line_1_21' title="bbox 2289 763 3851 840; baseline 0.003 -22"><span class='ocrx_word' id='word_1_104' title='bbox 2289 763 2488 836; x_wconf 81' lang='grc' dir='ltr'>ἀπειλὴ</span> <span class='ocrx_word' id='word_1_105' title='bbox 2535 764 2678 819; x_wconf 82' lang='grc' dir='ltr'>κατὰ</span> <span class='ocrx_word' id='word_1_106' title='bbox 2713 764 3019 837; x_wconf 73' lang='grc' dir='ltr'>δαιμόνωνο</span> <span class='ocrx_word' id='word_1_107' title='bbox 3057 768 3151 822; x_wconf 64' lang='grc' dir='ltr'><strong>καὶ⁵</strong></span> <span class='ocrx_word' id='word_1_108' title='bbox 3198 769 3594 840; x_wconf 82' lang='grc' dir='ltr'>εὐαγγελισμὸς</span> <span class='ocrx_word' id='word_1_109' title='bbox 3644 771 3743 839; x_wconf 87' lang='grc' dir='ltr'><strong>τῆς</strong></span> <span class='ocrx_word' id='word_1_110' title='bbox 3767 771 3851 823; x_wconf 77' lang='grc' dir='ltr'><strong>τοῦ</strong></span> 
     </span>
    </p>
   </div>
   <div class='ocr_carea' id='block_1_22' title="bbox 2288 857 3855 935">
    <p class='ocr_par' dir='ltr' id='par_1_22' title="bbox 2288 857 3855 935">
     <span class='ocr_line' id='line_1_22' title="bbox 2288 857 3855 935; baseline 0.004 -25"><span class='ocrx_word' id='word_1_111' title='bbox 2288 857 2496 931; x_wconf 80' lang='grc' dir='ltr'><strong>Κυρίου</strong></span> <span class='ocrx_word' id='word_1_112' title='bbox 2521 858 2657 929; x_wconf 86' lang='grc' dir='ltr'><strong>μετά</strong></span> <span class='ocrx_word' id='word_1_113' title='bbox 2692 859 2895 931; x_wconf 71' lang='grc' dir='ltr'>σαρκὸς</span> <span class='ocrx_word' id='word_1_114' title='bbox 2920 861 3000 926; x_wconf 78' lang='grc' dir='ltr'><strong>είς</strong></span> <span class='ocrx_word' id='word_1_115' title='bbox 3025 859 3122 933; x_wconf 79' lang='grc' dir='ltr'>τὴν</span> <span class='ocrx_word' id='word_1_116' title='bbox 3154 861 3297 916; x_wconf 84' lang='grc' dir='ltr'>Σιὼν</span> <span class='ocrx_word' id='word_1_117' title='bbox 3321 861 3577 932; x_wconf 76' lang='grc' dir='ltr'>ἀφίξεως,</span> <span class='ocrx_word' id='word_1_118' title='bbox 3605 863 3677 915; x_wconf 83' lang='grc' dir='ltr'>δι’</span> <span class='ocrx_word' id='word_1_119' title='bbox 3705 858 3770 935; x_wconf 79' lang='grc' dir='ltr'>ἦς</span> <span class='ocrx_word' id='word_1_120' title='bbox 3796 865 3855 916; x_wconf 74' lang='grc' dir='ltr'><strong>τά</strong></span> 
     </span>
    </p>
   </div>
   <div class='ocr_carea' id='block_1_23' title="bbox 2290 948 3250 1022">
    <p class='ocr_par' dir='ltr' id='par_1_23' title="bbox 2290 948 3250 1022">
     <span class='ocr_line' id='line_1_23' title="bbox 2290 948 3250 1022; baseline 0.004 -20"><span class='ocrx_word' id='word_1_121' title='bbox 2290 948 2417 1021; x_wconf 76' lang='grc' dir='ltr'>ἔθνη</span> <span class='ocrx_word' id='word_1_122' title='bbox 2449 950 2586 1021; x_wconf 83' lang='grc' dir='ltr'>πρὸς</span> <span class='ocrx_word' id='word_1_123' title='bbox 2617 951 2779 1004; x_wconf 80' lang='grc' dir='ltr'>αὑτὸν</span> <span class='ocrx_word' id='word_1_124' title='bbox 2809 951 3250 1022; x_wconf 68' lang='grc' dir='ltr'>ἐπιστρέφουσιν.</span> 
     </span>
    </p>
   </div>
   <div class='ocr_carea' id='block_1_24' title="bbox 2363 1042 3856 1116">
    <p class='ocr_par' dir='ltr' id='par_1_24' title="bbox 2363 1042 3856 1116">
     <span class='ocr_line' id='line_1_24' title="bbox 2363 1042 3856 1116; baseline -0.002 -18"><span class='ocrx_word' id='word_1_125' title='bbox 2363 1050 2438 1109; x_wconf 81' lang='grc' dir='ltr'>ς’.</span> <span class='ocrx_word' id='word_1_126' title='bbox 2484 1044 2744 1115; x_wconf 81' lang='grc' dir='ltr'>Διήγησις</span> <span class='ocrx_word' id='word_1_127' title='bbox 2776 1044 2880 1115; x_wconf 89' lang='grc' dir='ltr'><strong>τῆς</strong></span> <span class='ocrx_word' id='word_1_128' title='bbox 2922 1042 3096 1115; x_wconf 88' lang='grc' dir='ltr'>ἰησοῦ</span> <span class='ocrx_word' id='word_1_129' title='bbox 3124 1043 3222 1098; x_wconf 82' lang='grc' dir='ltr'><strong>τοῦ</strong></span> <span class='ocrx_word' id='word_1_130' title='bbox 3248 1044 3381 1116; x_wconf 82' lang='grc' dir='ltr'>παρ’</span> <span class='ocrx_word' id='word_1_131' title='bbox 3408 1044 3593 1106; x_wconf 77' lang='grc' dir='ltr'>αὐτοῖς</span> <span class='ocrx_word' id='word_1_132' title='bbox 3623 1044 3749 1097; x_wconf 85' lang='grc' dir='ltr'>τότε</span> <span class='ocrx_word' id='word_1_133' title='bbox 3789 1042 3856 1095; x_wconf 76' lang='grc' dir='ltr'><strong>ἰε-</strong></span> 
     </span>
    </p>
   </div>
   <div class='ocr_carea' id='block_1_25' title="bbox 2294 1134 3856 1209">
    <p class='ocr_par' dir='ltr' id='par_1_25' title="bbox 2294 1134 3856 1209">
     <span class='ocr_line' id='line_1_25' title="bbox 2294 1134 3856 1209; baseline 0.002 -22"><span class='ocrx_word' id='word_1_134' title='bbox 2294 1134 2432 1206; x_wconf 88' lang='grc' dir='ltr'>ρέως</span> <span class='ocrx_word' id='word_1_135' title='bbox 2464 1135 2786 1206; x_wconf 78' lang='grc' dir='ltr'><strong>καθάρσεως</strong></span> <span class='ocrx_word' id='word_1_136' title='bbox 2810 1153 2824 1166; x_wconf 89' lang='grc'><strong>·</strong></span> <span class='ocrx_word' id='word_1_137' title='bbox 2855 1137 2952 1191; x_wconf 57' lang='grc' dir='ltr'><strong>καὶ⁸</strong></span> <span class='ocrx_word' id='word_1_138' title='bbox 2981 1136 3351 1209; x_wconf 76' lang='grc' dir='ltr'><strong>διαμαρτυρία</strong></span> <span class='ocrx_word' id='word_1_139' title='bbox 3380 1135 3519 1207; x_wconf 80' lang='grc' dir='ltr'>πρὸς</span> <span class='ocrx_word' id='word_1_140' title='bbox 3550 1136 3645 1191; x_wconf 78' lang='grc' dir='ltr'>τὸν</span> <span class='ocrx_word' id='word_1_141' title='bbox 3682 1135 3856 1199; x_wconf 60' lang='grc' dir='ltr'>αὐτᾶν.</span> 
     </span>
    </p>
   </div>
   <div class='ocr_carea' id='block_1_26' title="bbox 2287 1226 3028 1299">
    <p class='ocr_par' dir='ltr' id='par_1_26' title="bbox 2287 1226 3028 1299">
     <span class='ocr_line' id='line_1_26' title="bbox 2287 1226 3028 1299; baseline 0.003 -18"><span class='ocrx_word' id='word_1_142' title='bbox 2287 1227 2411 1282; x_wconf 86' lang='grc' dir='ltr'>τίνα</span> <span class='ocrx_word' id='word_1_143' title='bbox 2442 1226 2732 1297; x_wconf 82' lang='grc' dir='ltr'><strong>φυλάττειν</strong></span> <span class='ocrx_word' id='word_1_144' title='bbox 2764 1229 3028 1299; x_wconf 87' lang='grc' dir='ltr'>προσῆκε.</span> 
     </span>
    </p>
   </div>
   <div class='ocr_carea' id='block_1_27' title="bbox 2362 1306 3859 1390">
    <p class='ocr_par' dir='ltr' id='par_1_27' title="bbox 2362 1306 3859 1390">
     <span class='ocr_line' id='line_1_27' title="bbox 2362 1306 3859 1390; baseline -0.002 -19"><span class='ocrx_word' id='word_1_145' title='bbox 2362 1315 2430 1381; x_wconf 78' lang='grc' dir='ltr'><strong>ζ’.</strong></span> <span class='ocrx_word' id='word_1_146' title='bbox 2476 1317 2792 1389; x_wconf 84' lang='grc' dir='ltr'>Προφητεία</span> <span class='ocrx_word' id='word_1_147' title='bbox 2833 1318 2931 1388; x_wconf 87' lang='grc' dir='ltr'><strong>τῆς</strong></span> <span class='ocrx_word' id='word_1_148' title='bbox 2968 1306 3203 1388; x_wconf 79' lang='grc' dir='ltr'><strong>ἀφίξεως</strong></span> <span class='ocrx_word' id='word_1_149' title='bbox 3245 1315 3341 1371; x_wconf 89' lang='grc' dir='ltr'><strong>τοῦ</strong></span> <span class='ocrx_word' id='word_1_150' title='bbox 3390 1315 3675 1390; x_wconf 79' lang='grc' dir='ltr'>Σωτῆρος,</span> <span class='ocrx_word' id='word_1_151' title='bbox 3706 1317 3859 1385; x_wconf 69' lang='grc' dir='ltr'>ἐφ’ἐν</span> 
     </span>
    </p>
   </div>
   <div class='ocr_carea' id='block_1_28' title="bbox 2289 1407 3862 1481">
    <p class='ocr_par' dir='ltr' id='par_1_28' title="bbox 2289 1407 3862 1481">
     <span class='ocr_line' id='line_1_28' title="bbox 2289 1407 3862 1481; baseline -0.001 -17"><span class='ocrx_word' id='word_1_152' title='bbox 2289 1411 2347 1464; x_wconf 89' lang='grc' dir='ltr'><strong>αί</strong></span> <span class='ocrx_word' id='word_1_153' title='bbox 2382 1407 2520 1464; x_wconf 85' lang='grc' dir='ltr'><strong>έπτά</strong></span> <span class='ocrx_word' id='word_1_154' title='bbox 2559 1410 2653 1464; x_wconf 90' lang='grc' dir='ltr'><strong>τοῦ</strong></span> <span class='ocrx_word' id='word_1_155' title='bbox 2699 1409 3015 1480; x_wconf 86' lang='grc' dir='ltr'>Πνεύματος</span> <span class='ocrx_word' id='word_1_156' title='bbox 3062 1411 3263 1481; x_wconf 76' lang='grc' dir='ltr'>δωρεαὶ</span> <span class='ocrx_word' id='word_1_157' title='bbox 3311 1408 3724 1465; x_wconf 77' lang='grc' dir='ltr'>ἀναπαύονται·</span> <span class='ocrx_word' id='word_1_158' title='bbox 3779 1413 3862 1463; x_wconf 81' lang='grc' dir='ltr'>καὶ</span> 
     </span>
    </p>
   </div>
   <div class='ocr_carea' id='block_1_29' title="bbox 2290 1503 3861 1577">
    <p class='ocr_par' dir='ltr' id='par_1_29' title="bbox 2290 1503 3861 1577">
     <span class='ocr_line' id='line_1_29' title="bbox 2290 1503 3861 1577; baseline -0.001 -21"><span class='ocrx_word' id='word_1_159' title='bbox 2290 1505 2598 1577; x_wconf 77' lang='grc' dir='ltr'>πρόρρησις</span> <span class='ocrx_word' id='word_1_160' title='bbox 2627 1503 2725 1574; x_wconf 87' lang='grc' dir='ltr'><strong>τῆς</strong></span> <span class='ocrx_word' id='word_1_161' title='bbox 2776 1503 3042 1574; x_wconf 79' lang='grc' dir='ltr'><strong>ἐσομένης</strong></span> <span class='ocrx_word' id='word_1_162' title='bbox 3069 1504 3157 1557; x_wconf 81' lang='grc' dir='ltr'><strong>διὰ</strong></span> <span class='ocrx_word' id='word_1_163' title='bbox 3202 1503 3297 1557; x_wconf 85' lang='grc' dir='ltr'><strong>τοῦ</strong></span> <span class='ocrx_word' id='word_1_164' title='bbox 3340 1504 3612 1574; x_wconf 86' lang='grc' dir='ltr'>σωτηρίου</span> <span class='ocrx_word' id='word_1_165' title='bbox 3665 1503 3861 1566; x_wconf 75' lang='grc' dir='ltr'>πάθους</span> 
     </span>
    </p>
   </div>
   <div class='ocr_carea' id='block_1_30' title="bbox 2288 1586 3863 1668">
    <p class='ocr_par' dir='ltr' id='par_1_30' title="bbox 2288 1586 3863 1668">
     <span class='ocr_line' id='line_1_30' title="bbox 2288 1586 3863 1668; baseline -0.003 -17"><span class='ocrx_word' id='word_1_166' title='bbox 2288 1596 2706 1668; x_wconf 81' lang='grc' dir='ltr'><strong>ἁμαρτημάτων</strong></span> <span class='ocrx_word' id='word_1_167' title='bbox 2739 1586 3007 1666; x_wconf 79' lang='grc' dir='ltr'>ἀφέσεως,</span> <span class='ocrx_word' id='word_1_168' title='bbox 3039 1595 3133 1648; x_wconf 75' lang='grc' dir='ltr'>καὶ</span> <span class='ocrx_word' id='word_1_169' title='bbox 3173 1595 3452 1666; x_wconf 81' lang='grc' dir='ltr'><strong>μυστικῶν</strong></span> <span class='ocrx_word' id='word_1_170' title='bbox 3480 1594 3711 1664; x_wconf 79' lang='grc' dir='ltr'>ἀγαθῶν</span> <span class='ocrx_word' id='word_1_171' title='bbox 3743 1596 3863 1647; x_wconf 77' lang='grc' dir='ltr'>ἀπο-</span> 
     </span>
    </p>
   </div>
   <div class='ocr_carea' id='block_1_31' title="bbox 2288 1689 2552 1753">
    <p class='ocr_par' dir='ltr' id='par_1_31' title="bbox 2288 1689 2552 1753">
     <span class='ocr_line' id='line_1_31' title="bbox 2288 1689 2552 1753; baseline 0.011 -11"><span class='ocrx_word' id='word_1_172' title='bbox 2288 1689 2552 1753; x_wconf 81' lang='grc' dir='ltr'>λαύσεως.</span> 
     </span>
    </p>
   </div>
   <div class='ocr_carea' id='block_1_32' title="bbox 2359 1780 3861 1854">
    <p class='ocr_par' dir='ltr' id='par_1_32' title="bbox 2359 1780 3861 1854">
     <span class='ocr_line' id='line_1_32' title="bbox 2359 1780 3861 1854; baseline -0.004 -16"><span class='ocrx_word' id='word_1_173' title='bbox 2359 1789 2431 1852; x_wconf 79' lang='grc' dir='ltr'>η’.</span> <span class='ocrx_word' id='word_1_174' title='bbox 2479 1780 2693 1854; x_wconf 89' lang='grc' dir='ltr'>Θεωρία</span> <span class='ocrx_word' id='word_1_175' title='bbox 2722 1782 2834 1836; x_wconf 88' lang='grc' dir='ltr'><strong>τῶν</strong></span> <span class='ocrx_word' id='word_1_176' title='bbox 2863 1782 3087 1835; x_wconf 78' lang='grc' dir='ltr'><strong>εἰκόνων</strong></span> <span class='ocrx_word' id='word_1_177' title='bbox 3120 1780 3222 1852; x_wconf 85' lang='grc' dir='ltr'><strong>τῆς</strong></span> <span class='ocrx_word' id='word_1_178' title='bbox 3253 1781 3411 1845; x_wconf 82' lang='grc' dir='ltr'>ἀξίας</span> <span class='ocrx_word' id='word_1_179' title='bbox 3444 1781 3541 1834; x_wconf 75' lang='grc' dir='ltr'>καὶ</span> <span class='ocrx_word' id='word_1_180' title='bbox 3584 1780 3861 1851; x_wconf 73' lang='grc' dir='ltr'>ἐνεργείας</span> 
     </span>
    </p>
   </div>
   <div class='ocr_carea' id='block_1_33' title="bbox 603 1862 2184 1947">
    <p class='ocr_par' dir='ltr' id='par_1_33' title="bbox 603 1865 2182 1941">
     <span class='ocr_line' id='line_1_33' title="bbox 603 1865 2182 1941; baseline 0.006 -25"><span class='ocrx_word' id='word_1_181' title='bbox 603 1870 693 1918; x_wconf 89' lang='lat' dir='ltr'><strong>tus</strong></span> <span class='ocrx_word' id='word_1_182' title='bbox 737 1873 794 1919; x_wconf 86' lang='lat' dir='ltr'><strong>et</strong></span> <span class='ocrx_word' id='word_1_183' title='bbox 819 1865 954 1937; x_wconf 88' lang='lat' dir='ltr'><strong>legis</strong></span> <span class='ocrx_word' id='word_1_184' title='bbox 979 1866 1126 1923; x_wconf 88' lang='lat' dir='ltr'><strong>circa</strong></span> <span class='ocrx_word' id='word_1_185' title='bbox 1159 1868 1361 1939; x_wconf 87' lang='lat' dir='ltr'><strong>ipsum,</strong></span> <span class='ocrx_word' id='word_1_186' title='bbox 1388 1878 1444 1925; x_wconf 90' lang='lat' dir='ltr'><strong>et</strong></span> <span class='ocrx_word' id='word_1_187' title='bbox 1478 1870 1664 1941; x_wconf 69' lang='lat' dir='ltr'><strong>gratia:</strong></span> <span class='ocrx_word' id='word_1_188' title='bbox 1693 1879 1749 1926; x_wconf 88' lang='lat' dir='ltr'><strong>et</strong></span> <span class='ocrx_word' id='word_1_189' title='bbox 1778 1870 1995 1926; x_wconf 89' lang='lat' dir='ltr'><strong>virtutis</strong></span> <span class='ocrx_word' id='word_1_190' title='bbox 2023 1871 2182 1927; x_wconf 82' lang='lat' dir='ltr'><strong>Chri-</strong></span> 
     </span>
    </p>
   </div>
   <div class='ocr_carea' id='block_1_34' title="bbox 2281 1862 3862 1947">
    <p class='ocr_par' dir='ltr' id='par_1_34' title="bbox 2289 1874 3862 1947">
     <span class='ocr_line' id='line_1_34' title="bbox 2289 1874 3862 1947; baseline -0.003 -17"><span class='ocrx_word' id='word_1_191' title='bbox 2289 1876 2383 1930; x_wconf 87' lang='grc' dir='ltr'><strong>τοῦ</strong></span> <span class='ocrx_word' id='word_1_192' title='bbox 2413 1875 2751 1947; x_wconf 79' lang='grc' dir='ltr'>Πνεῦματος,</span> <span class='ocrx_word' id='word_1_193' title='bbox 2800 1876 2897 1929; x_wconf 78' lang='grc' dir='ltr'>καὶ</span> <span class='ocrx_word' id='word_1_194' title='bbox 2942 1875 3108 1946; x_wconf 85' lang='grc' dir='ltr'>νόμου</span> <span class='ocrx_word' id='word_1_195' title='bbox 3161 1874 3291 1947; x_wconf 76' lang='grc' dir='ltr'>περὶ</span> <span class='ocrx_word' id='word_1_196' title='bbox 3317 1874 3469 1938; x_wconf 81' lang='grc' dir='ltr'>αὐτὸ,</span> <span class='ocrx_word' id='word_1_197' title='bbox 3510 1875 3605 1928; x_wconf 75' lang='grc' dir='ltr'><strong>καὶ</strong></span> <span class='ocrx_word' id='word_1_198' title='bbox 3648 1874 3862 1943; x_wconf 80' lang='grc' dir='ltr'>χάριτος</span> 
     </span>
    </p>
   </div>
   <div class='ocr_carea' id='block_1_35' title="bbox 603 1953 2184 2037">
    <p class='ocr_par' dir='ltr' id='par_1_35' title="bbox 603 1953 2184 2037">
     <span class='ocr_line' id='line_1_35' title="bbox 603 1953 2184 2037; baseline 0.012 -32"><span class='ocrx_word' id='word_1_199' title='bbox 603 1953 694 2008; x_wconf 78' lang='lat' dir='ltr'><strong>sti.</strong></span> <span class='ocrx_word' id='word_1_200' title='bbox 733 1953 801 2009; x_wconf 83' lang='lat' dir='ltr'><strong>Et</strong></span> <span class='ocrx_word' id='word_1_201' title='bbox 830 1958 1187 2026; x_wconf 69' lang='lat' dir='ltr'><strong>reprehensio</strong></span> <span class='ocrx_word' id='word_1_202' title='bbox 1221 1961 1484 2017; x_wconf 85' lang='lat' dir='ltr'><strong>adversus</strong></span> <span class='ocrx_word' id='word_1_203' title='bbox 1535 1964 1833 2032; x_wconf 90' lang='lat' dir='ltr'><strong>diabolum,</strong></span> <span class='ocrx_word' id='word_1_204' title='bbox 1862 1965 2019 2037; x_wconf 90' lang='lat' dir='ltr'><strong>quasi</strong></span> <span class='ocrx_word' id='word_1_205' title='bbox 2061 1977 2184 2023; x_wconf 86' lang='lat' dir='ltr'><strong>ten-</strong></span> 
     </span>
    </p>
   </div>
   <div class='ocr_carea' id='block_1_36' title="bbox 607 2048 1825 2123">
    <p class='ocr_par' dir='ltr' id='par_1_36' title="bbox 607 2048 1825 2123">
     <span class='ocr_line' id='line_1_36' title="bbox 607 2048 1825 2123; baseline 0.013 -28"><span class='ocrx_word' id='word_1_206' title='bbox 607 2056 811 2102; x_wconf 79' lang='lat' dir='ltr'><strong>tantem</strong></span> <span class='ocrx_word' id='word_1_207' title='bbox 836 2048 1105 2121; x_wconf 88' lang='lat' dir='ltr'><strong>impedire</strong></span> <span class='ocrx_word' id='word_1_208' title='bbox 1133 2053 1580 2123; x_wconf 68' lang='lat' dir='ltr'><strong>praedicationem</strong></span> <span class='ocrx_word' id='word_1_209' title='bbox 1612 2056 1825 2113; x_wconf 81' lang='lat' dir='ltr'><strong>salutis.</strong></span> 
     </span>
    </p>
   </div>
   <div class='ocr_carea' id='block_1_37' title="bbox 673 2232 2182 2318">
    <p class='ocr_par' dir='ltr' id='par_1_37' title="bbox 673 2232 2182 2318">
     <span class='ocr_line' id='line_1_37' title="bbox 673 2232 2182 2318; baseline 0.011 -32"><span class='ocrx_word' id='word_1_210' title='bbox 673 2232 764 2288; x_wconf 87' lang='lat' dir='ltr'><strong>IX.</strong></span> <span class='ocrx_word' id='word_1_211' title='bbox 800 2233 1125 2291; x_wconf 78' lang='lat' dir='ltr'><strong>Vaticinium</strong></span> <span class='ocrx_word' id='word_1_212' title='bbox 1145 2237 1216 2293; x_wconf 86' lang='lat' dir='ltr'><strong>de</strong></span> <span class='ocrx_word' id='word_1_213' title='bbox 1239 2238 1459 2297; x_wconf 80' lang='lat' dir='ltr'><strong>Christo</strong></span> <span class='ocrx_word' id='word_1_214' title='bbox 1487 2252 1543 2297; x_wconf 83' lang='lat' dir='ltr'><strong>et</strong></span> <span class='ocrx_word' id='word_1_215' title='bbox 1567 2244 1978 2313; x_wconf 87' lang='lat' dir='ltr'><strong>operationibus</strong></span> <span class='ocrx_word' id='word_1_216' title='bbox 2005 2246 2182 2318; x_wconf 88' lang='lat' dir='ltr'><strong>Spiri-</strong></span> 
     </span>
    </p>
   </div>
   <div class='ocr_carea' id='block_1_38' title="bbox 606 2324 2181 2410">
    <p class='ocr_par' dir='ltr' id='par_1_38' title="bbox 606 2324 2181 2410">
     <span class='ocr_line' id='line_1_38' title="bbox 606 2324 2181 2410; baseline 0.013 -33"><span class='ocrx_word' id='word_1_217' title='bbox 606 2333 692 2379; x_wconf 90' lang='lat' dir='ltr'><strong>tus</strong></span> <span class='ocrx_word' id='word_1_218' title='bbox 719 2324 772 2379; x_wconf 95' lang='lat' dir='ltr'><strong>in</strong></span> <span class='ocrx_word' id='word_1_219' title='bbox 793 2327 908 2395; x_wconf 88' lang='lat' dir='ltr'><strong>ipso</strong></span> <span class='ocrx_word' id='word_1_220' title='bbox 932 2337 1018 2394; x_wconf 89' lang='lat' dir='ltr'><strong>;et</strong></span> <span class='ocrx_word' id='word_1_221' title='bbox 1040 2330 1244 2400; x_wconf 78' lang='lat' dir='ltr'><strong>effigies</strong></span> <span class='ocrx_word' id='word_1_222' title='bbox 1271 2332 1402 2403; x_wconf 84' lang='lat' dir='ltr'><strong>legis</strong></span> <span class='ocrx_word' id='word_1_223' title='bbox 1431 2342 1486 2388; x_wconf 93' lang='lat' dir='ltr'><strong>et</strong></span> <span class='ocrx_word' id='word_1_224' title='bbox 1517 2335 1726 2405; x_wconf 69' lang='lat' dir='ltr'><strong>gratiae,</strong></span> <span class='ocrx_word' id='word_1_225' title='bbox 1752 2346 1808 2392; x_wconf 91' lang='lat' dir='ltr'><strong>et</strong></span> <span class='ocrx_word' id='word_1_226' title='bbox 1837 2354 2028 2395; x_wconf 91' lang='lat' dir='ltr'><strong>eorum</strong></span> <span class='ocrx_word' id='word_1_227' title='bbox 2059 2355 2181 2410; x_wconf 69' lang='lat' dir='ltr'><strong>que</strong></span> 
     </span>
    </p>
   </div>
   <div class='ocr_carea' id='block_1_39' title="bbox 602 2417 1974 2500">
    <p class='ocr_par' dir='ltr' id='par_1_39' title="bbox 602 2417 1974 2500">
     <span class='ocr_line' id='line_1_39' title="bbox 602 2417 1974 2500; baseline 0.012 -31"><span class='ocrx_word' id='word_1_228' title='bbox 602 2417 1069 2475; x_wconf 83' lang='lat' dir='ltr'><strong>subministranda</strong></span> <span class='ocrx_word' id='word_1_229' title='bbox 1095 2430 1223 2477; x_wconf 87' lang='lat' dir='ltr'><strong>sunt</strong></span> <span class='ocrx_word' id='word_1_230' title='bbox 1254 2422 1308 2478; x_wconf 88' lang='lat' dir='ltr'><strong>in</strong></span> <span class='ocrx_word' id='word_1_231' title='bbox 1348 2426 1690 2495; x_wconf 89' lang='lat' dir='ltr'><strong>apparitione</strong></span> <span class='ocrx_word' id='word_1_232' title='bbox 1720 2426 1974 2500; x_wconf 86' lang='lat' dir='ltr'><strong>Spiritus.</strong></span> 
     </span>
    </p>
   </div>
   <div class='ocr_carea' id='block_1_40' title="bbox 667 2603 2181 2686">
    <p class='ocr_par' dir='ltr' id='par_1_40' title="bbox 667 2603 2181 2686">
     <span class='ocr_line' id='line_1_40' title="bbox 667 2603 2181 2686; baseline 0.013 -29"><span class='ocrx_word' id='word_1_233' title='bbox 667 2603 734 2660; x_wconf 90' lang='lat' dir='ltr'><strong>X.</strong></span> <span class='ocrx_word' id='word_1_234' title='bbox 774 2603 935 2662; x_wconf 68' lang='lat' dir='ltr'><strong>Minae</strong></span> <span class='ocrx_word' id='word_1_235' title='bbox 967 2607 1020 2662; x_wconf 92' lang='lat' dir='ltr'><strong>in</strong></span> <span class='ocrx_word' id='word_1_236' title='bbox 1052 2607 1202 2666; x_wconf 91' lang='lat' dir='ltr'><strong>fures</strong></span> <span class='ocrx_word' id='word_1_237' title='bbox 1227 2621 1282 2666; x_wconf 84' lang='lat' dir='ltr'><strong>et</strong></span> <span class='ocrx_word' id='word_1_238' title='bbox 1306 2612 1583 2683; x_wconf 81' lang='lat' dir='ltr'><strong>periuros,</strong></span> <span class='ocrx_word' id='word_1_239' title='bbox 1609 2616 1764 2686; x_wconf 86' lang='lat' dir='ltr'><strong>quasi</strong></span> <span class='ocrx_word' id='word_1_240' title='bbox 1791 2632 1899 2673; x_wconf 85' lang='lat' dir='ltr'><strong>una</strong></span> <span class='ocrx_word' id='word_1_241' title='bbox 1934 2634 2059 2677; x_wconf 86' lang='lat' dir='ltr'><strong>cum</strong></span> <span class='ocrx_word' id='word_1_242' title='bbox 2085 2620 2181 2677; x_wconf 88' lang='lat' dir='ltr'><strong>do-</strong></span> 
     </span>
    </p>
   </div>
   <div class='ocr_carea' id='block_1_41' title="bbox 603 2697 1047 2762">
    <p class='ocr_par' dir='ltr' id='par_1_41' title="bbox 603 2697 1047 2762">
     <span class='ocr_line' id='line_1_41' title="bbox 603 2697 1047 2762; baseline 0.011 -13"><span class='ocrx_word' id='word_1_243' title='bbox 603 2711 694 2750; x_wconf 88' lang='lat' dir='ltr'><strong>mo</strong></span> <span class='ocrx_word' id='word_1_244' title='bbox 717 2697 1047 2762; x_wconf 85' lang='lat' dir='ltr'><strong>perdendos.</strong></span> 
     </span>
    </p>
   </div>
   <div class='ocr_carea' id='block_1_42' title="bbox 673 2790 2177 2879">
    <p class='ocr_par' dir='ltr' id='par_1_42' title="bbox 673 2790 2177 2879">
     <span class='ocr_line' id='line_1_42' title="bbox 673 2790 2177 2879; baseline 0.013 -36"><span class='ocrx_word' id='word_1_245' title='bbox 673 2790 765 2844; x_wconf 86' lang='lat' dir='ltr'><strong>XI.</strong></span> <span class='ocrx_word' id='word_1_246' title='bbox 800 2792 1017 2864; x_wconf 79' lang='lat' dir='ltr'><strong>Effigies</strong></span> <span class='ocrx_word' id='word_1_247' title='bbox 1053 2795 1358 2866; x_wconf 88' lang='lat' dir='ltr'><strong>iniquitatis</strong></span> <span class='ocrx_word' id='word_1_248' title='bbox 1407 2799 1549 2855; x_wconf 91' lang='lat' dir='ltr'><strong>inter</strong></span> <span class='ocrx_word' id='word_1_249' title='bbox 1586 2800 1838 2860; x_wconf 88' lang='lat' dir='ltr'><strong>homines</strong></span> <span class='ocrx_word' id='word_1_250' title='bbox 1884 2807 2177 2879; x_wconf 78' lang='lat' dir='ltr'><strong>regnantis,</strong></span> 
     </span>
    </p>
   </div>
   <div class='ocr_carea' id='block_1_43' title="bbox 601 2886 2180 2971">
    <p class='ocr_par' dir='ltr' id='par_1_43' title="bbox 601 2886 2180 2971">
     <span class='ocr_line' id='line_1_43' title="bbox 601 2886 2180 2971; baseline 0.013 -37"><span class='ocrx_word' id='word_1_251' title='bbox 601 2896 764 2950; x_wconf 85' lang='lat' dir='ltr'><strong>quam</strong></span> <span class='ocrx_word' id='word_1_252' title='bbox 796 2886 1016 2954; x_wconf 85' lang='lat' dir='ltr'><strong>pariunt</strong></span> <span class='ocrx_word' id='word_1_253' title='bbox 1039 2889 1200 2943; x_wconf 90' lang='lat' dir='ltr'><strong>simul</strong></span> <span class='ocrx_word' id='word_1_254' title='bbox 1224 2901 1509 2960; x_wconf 81' lang='lat' dir='ltr'><strong>peccatum</strong></span> <span class='ocrx_word' id='word_1_255' title='bbox 1534 2902 1592 2948; x_wconf 85' lang='lat' dir='ltr'><strong>et</strong></span> <span class='ocrx_word' id='word_1_256' title='bbox 1614 2894 1867 2966; x_wconf 81' lang='lat' dir='ltr'><strong>impietas</strong></span> <span class='ocrx_word' id='word_1_257' title='bbox 1897 2911 1952 2953; x_wconf 87' lang='lat' dir='ltr'><strong>et</strong></span> <span class='ocrx_word' id='word_1_258' title='bbox 1982 2916 2103 2971; x_wconf 65' lang='lat' dir='ltr'><strong>quae</strong></span> <span class='ocrx_word' id='word_1_259' title='bbox 2125 2901 2180 2955; x_wconf 87' lang='lat' dir='ltr'><strong>in</strong></span> 
     </span>
    </p>
   </div>
   <div class='ocr_carea' id='block_1_44' title="bbox 603 2973 1931 3045">
    <p class='ocr_par' dir='ltr' id='par_1_44' title="bbox 603 2973 1931 3045">
     <span class='ocr_line' id='line_1_44' title="bbox 603 2973 1931 3045; baseline 0.015 -20"><span class='ocrx_word' id='word_1_260' title='bbox 603 2973 926 3032; x_wconf 82' lang='lat' dir='ltr'><strong>confusione</strong></span> <span class='ocrx_word' id='word_1_261' title='bbox 958 2981 1164 3036; x_wconf 91' lang='lat' dir='ltr'><strong>erroris</strong></span> <span class='ocrx_word' id='word_1_262' title='bbox 1198 2982 1593 3041; x_wconf 79' lang='lat' dir='ltr'><strong>habitationem</strong></span> <span class='ocrx_word' id='word_1_263' title='bbox 1617 2989 1808 3044; x_wconf 84' lang='lat' dir='ltr'><strong>sortita</strong></span> <span class='ocrx_word' id='word_1_264' title='bbox 1829 2999 1931 3045; x_wconf 89' lang='lat' dir='ltr'><strong>est.</strong></span> 
     </span>
    </p>
   </div>
   <div class='ocr_carea' id='block_1_45' title="bbox 675 3065 2181 3156">
    <p class='ocr_par' dir='ltr' id='par_1_45' title="bbox 675 3065 2181 3156">
     <span class='ocr_line' id='line_1_45' title="bbox 675 3065 2181 3156; baseline 0.016 -37"><span class='ocrx_word' id='word_1_265' title='bbox 675 3065 790 3121; x_wconf 88' lang='lat' dir='ltr'><strong>XII.</strong></span> <span class='ocrx_word' id='word_1_266' title='bbox 817 3069 1030 3142; x_wconf 72' lang='lat' dir='ltr'><strong>Efﬁgies</strong></span> <span class='ocrx_word' id='word_1_267' title='bbox 1060 3075 1340 3146; x_wconf 89' lang='lat' dir='ltr'><strong>regiminis</strong></span> <span class='ocrx_word' id='word_1_268' title='bbox 1356 3079 1500 3147; x_wconf 92' lang='lat' dir='ltr'><strong>quod</strong></span> <span class='ocrx_word' id='word_1_269' title='bbox 1532 3082 1912 3152; x_wconf 73' lang='lat' dir='ltr'><strong>generationes</strong></span> <span class='ocrx_word' id='word_1_270' title='bbox 1943 3087 2181 3156; x_wconf 80' lang='lat' dir='ltr'><strong>prophe-</strong></span> 
     </span>
    </p>
   </div>
   <div class='ocr_carea' id='block_1_46' title="bbox 602 3149 2177 3251">
    <p class='ocr_par' dir='ltr' id='par_1_46' title="bbox 602 3149 2177 3251">
     <span class='ocr_line' id='line_1_46' title="bbox 602 3149 2177 3251; baseline 0.015 -40"><span class='ocrx_word' id='word_1_271' title='bbox 602 3149 783 3214; x_wconf 80' lang='lat' dir='ltr'><strong>tarum</strong></span> <span class='ocrx_word' id='word_1_272' title='bbox 809 3172 864 3217; x_wconf 88' lang='lat' dir='ltr'><strong>et</strong></span> <span class='ocrx_word' id='word_1_273' title='bbox 890 3163 1045 3237; x_wconf 81' lang='lat' dir='ltr'><strong>legis,</strong></span> <span class='ocrx_word' id='word_1_274' title='bbox 1069 3169 1504 3238; x_wconf 88' lang='lat' dir='ltr'><strong>patriarcharum</strong></span> <span class='ocrx_word' id='word_1_275' title='bbox 1538 3149 1593 3229; x_wconf 79' lang='lat' dir='ltr'><strong>et</strong></span> <span class='ocrx_word' id='word_1_276' title='bbox 1620 3149 2010 3247; x_wconf 73' lang='lat' dir='ltr'><strong>pr0phetarum</strong></span> <span class='ocrx_word' id='word_1_277' title='bbox 2044 3149 2177 3251; x_wconf 77' lang='lat' dir='ltr'><strong>per-</strong></span> 
     </span>
    </p>
   </div>
   <div class='ocr_carea' id='block_1_47' title="bbox 602 3264 914 3310">
    <p class='ocr_par' dir='ltr' id='par_1_47' title="bbox 602 3264 914 3310">
     <span class='ocr_line' id='line_1_47' title="bbox 602 3264 914 3310; baseline 0.006 -2"><span class='ocrx_word' id='word_1_278' title='bbox 602 3264 914 3310; x_wconf 85' lang='lat' dir='ltr'><strong>currerunt.</strong></span> 
     </span>
    </p>
   </div>
   <div class='ocr_carea' id='block_1_48' title="bbox 672 3345 2183 3429">
    <p class='ocr_par' dir='ltr' id='par_1_48' title="bbox 672 3345 2183 3429">
     <span class='ocr_line' id='line_1_48' title="bbox 672 3345 2183 3429; baseline 0.012 -30"><span class='ocrx_word' id='word_1_279' title='bbox 672 3345 815 3401; x_wconf 88' lang='lat' dir='ltr'><strong>XIII.</strong></span> <span class='ocrx_word' id='word_1_280' title='bbox 846 3347 1112 3407; x_wconf 90' lang='lat' dir='ltr'><strong>Indicium</strong></span> <span class='ocrx_word' id='word_1_281' title='bbox 1160 3369 1492 3411; x_wconf 90' lang='lat' dir='ltr'><strong>coronarum</strong></span> <span class='ocrx_word' id='word_1_282' title='bbox 1523 3373 1643 3429; x_wconf 70' lang='lat' dir='ltr'><strong>quae</strong></span> <span class='ocrx_word' id='word_1_283' title='bbox 1673 3357 1870 3414; x_wconf 66' lang='lat' dir='ltr'><strong>futurae</strong></span> <span class='ocrx_word' id='word_1_284' title='bbox 1902 3369 2031 3416; x_wconf 90' lang='lat' dir='ltr'><strong>sunt</strong></span> <span class='ocrx_word' id='word_1_285' title='bbox 2096 3360 2183 3417; x_wconf 88' lang='lat' dir='ltr'><strong>bis</strong></span> 
     </span>
    </p>
   </div>
   <div class='ocr_carea' id='block_1_49' title="bbox 602 3440 2181 3521">
    <p class='ocr_par' dir='ltr' id='par_1_49' title="bbox 602 3440 2181 3521">
     <span class='ocr_line' id='line_1_49' title="bbox 602 3440 2181 3521; baseline 0.009 -29"><span class='ocrx_word' id='word_1_286' title='bbox 602 3440 695 3507; x_wconf 88' lang='lat' dir='ltr'><strong>qui</strong></span> <span class='ocrx_word' id='word_1_287' title='bbox 726 3455 789 3495; x_wconf 79' lang='lat' dir='ltr'><strong>ex</strong></span> <span class='ocrx_word' id='word_1_288' title='bbox 827 3454 1057 3512; x_wconf 83' lang='lat' dir='ltr'><strong>peccato</strong></span> <span class='ocrx_word' id='word_1_289' title='bbox 1082 3448 1331 3502; x_wconf 88' lang='lat' dir='ltr'><strong>conversi</strong></span> <span class='ocrx_word' id='word_1_290' title='bbox 1364 3447 1590 3512; x_wconf 83' lang='lat' dir='ltr'><strong>fuerint,</strong></span> <span class='ocrx_word' id='word_1_291' title='bbox 1636 3465 1867 3519; x_wconf 85' lang='lat' dir='ltr'><strong>quorum</strong></span> <span class='ocrx_word' id='word_1_292' title='bbox 1907 3452 2181 3521; x_wconf 87' lang='lat' dir='ltr'><strong>specimen</strong></span> 
     </span>
    </p>
   </div>
   <div class='ocr_carea' id='block_1_50' title="bbox 602 3530 2184 3616">
    <p class='ocr_par' dir='ltr' id='par_1_50' title="bbox 602 3530 2184 3616">
     <span class='ocr_line' id='line_1_50' title="bbox 602 3530 2184 3616; baseline 0.006 -31"><span class='ocrx_word' id='word_1_293' title='bbox 602 3530 787 3586; x_wconf 82' lang='lat' dir='ltr'><strong>Jesum</strong></span> <span class='ocrx_word' id='word_1_294' title='bbox 819 3542 948 3589; x_wconf 91' lang='lat' dir='ltr'><strong>tunc</strong></span> <span class='ocrx_word' id='word_1_295' title='bbox 981 3538 1345 3605; x_wconf 80' lang='lat' dir='ltr'><strong>sacerdotem,</strong></span> <span class='ocrx_word' id='word_1_296' title='bbox 1374 3539 1525 3598; x_wconf 83' lang='lat' dir='ltr'><strong>velut</strong></span> <span class='ocrx_word' id='word_1_297' title='bbox 1552 3555 1649 3611; x_wconf 82' lang='lat' dir='ltr'><strong>per</strong></span> <span class='ocrx_word' id='word_1_298' title='bbox 1678 3541 2054 3616; x_wconf 60' lang='lat' dir='ltr'><strong>penitentiam</strong></span> <span class='ocrx_word' id='word_1_299' title='bbox 2087 3558 2184 3611; x_wconf 85' lang='lat' dir='ltr'><strong>pu-</strong></span> 
     </span>
    </p>
   </div>
   <div class='ocr_carea' id='block_1_51' title="bbox 604 3623 1159 3696">
    <p class='ocr_par' dir='ltr' id='par_1_51' title="bbox 604 3623 1159 3696">
     <span class='ocr_line' id='line_1_51' title="bbox 604 3623 1159 3696; baseline 0.013 -21"><span class='ocrx_word' id='word_1_300' title='bbox 604 3623 897 3689; x_wconf 85' lang='lat' dir='ltr'><strong>rificatum,</strong></span> <span class='ocrx_word' id='word_1_301' title='bbox 928 3627 1159 3696; x_wconf 86' lang='lat' dir='ltr'><strong>profert.</strong></span> 
     </span>
    </p>
   </div>
   <div class='ocr_carea' id='block_1_52' title="bbox 676 3714 2181 3796">
    <p class='ocr_par' dir='ltr' id='par_1_52' title="bbox 676 3714 2181 3796">
     <span class='ocr_line' id='line_1_52' title="bbox 676 3714 2181 3796; baseline 0.007 -27"><span class='ocrx_word' id='word_1_302' title='bbox 676 3714 820 3771; x_wconf 96' lang='lat' dir='ltr'><strong>XIV.</strong></span> <span class='ocrx_word' id='word_1_303' title='bbox 853 3717 1102 3775; x_wconf 83' lang='lat' dir='ltr'><strong>Narratio</strong></span> <span class='ocrx_word' id='word_1_304' title='bbox 1145 3737 1338 3777; x_wconf 87' lang='lat' dir='ltr'><strong>eorum</strong></span> <span class='ocrx_word' id='word_1_305' title='bbox 1362 3738 1482 3793; x_wconf 71' lang='lat' dir='ltr'><strong>quae</strong></span> <span class='ocrx_word' id='word_1_306' title='bbox 1511 3724 1730 3794; x_wconf 91' lang='lat' dir='ltr'><strong>quidam</strong></span> <span class='ocrx_word' id='word_1_307' title='bbox 1765 3739 1919 3796; x_wconf 87' lang='lat' dir='ltr'><strong>reges</strong></span> <span class='ocrx_word' id='word_1_308' title='bbox 1942 3724 2181 3795; x_wconf 84' lang='lat' dir='ltr'><strong>gentium</strong></span> 
     </span>
    </p>
   </div>
   <div class='ocr_carea' id='block_1_53' title="bbox 496 3809 2179 3885">
    <p class='ocr_par' dir='ltr' id='par_1_53' title="bbox 496 3809 2179 3885">
     <span class='ocr_line' id='line_1_53' title="bbox 496 3809 2179 3885; baseline 0.006 -23"><span class='ocrx_word' id='word_1_309' title='bbox 496 3852 497 3857; x_wconf 53' lang='grc' dir='ltr'><strong>η</strong></span> <span class='ocrx_word' id='word_1_310' title='bbox 603 3809 671 3864; x_wconf 82' lang='lat' dir='ltr'><strong>ad</strong></span> <span class='ocrx_word' id='word_1_311' title='bbox 692 3825 871 3865; x_wconf 85' lang='lat' dir='ltr'><strong>arcam</strong></span> <span class='ocrx_word' id='word_1_312' title='bbox 888 3812 1165 3867; x_wconf 81' lang='lat' dir='ltr'><strong>mittentes</strong></span> <span class='ocrx_word' id='word_1_313' title='bbox 1182 3814 1568 3871; x_wconf 87' lang='lat' dir='ltr'><strong>siscitabantur</strong></span> <span class='ocrx_word' id='word_1_314' title='bbox 1590 3816 1674 3885; x_wconf 65' lang='lat' dir='ltr'><strong>;jet</strong></span> <span class='ocrx_word' id='word_1_315' title='bbox 1695 3818 1971 3871; x_wconf 89' lang='lat' dir='ltr'><strong>accusatio</strong></span> <span class='ocrx_word' id='word_1_316' title='bbox 1995 3816 2179 3883; x_wconf 87' lang='lat' dir='ltr'><strong>Israel,</strong></span> 
     </span>
    </p>
   </div>
   <div class='ocr_carea' id='block_1_54' title="bbox 603 3904 2182 3981">
    <p class='ocr_par' dir='ltr' id='par_1_54' title="bbox 603 3904 2182 3981">
     <span class='ocr_line' id='line_1_54' title="bbox 603 3904 2182 3981; baseline 0.007 -27"><span class='ocrx_word' id='word_1_317' title='bbox 603 3904 748 3972; x_wconf 80' lang='lat' dir='ltr'><strong>quod</strong></span> <span class='ocrx_word' id='word_1_318' title='bbox 779 3920 889 3959; x_wconf 88' lang='lat' dir='ltr'><strong>non</strong></span> <span class='ocrx_word' id='word_1_319' title='bbox 921 3905 1221 3961; x_wconf 89' lang='lat' dir='ltr'><strong>secundum</strong></span> <span class='ocrx_word' id='word_1_320' title='bbox 1252 3921 1481 3980; x_wconf 89' lang='lat' dir='ltr'><strong>scopum</strong></span> <span class='ocrx_word' id='word_1_321' title='bbox 1516 3909 1608 3964; x_wconf 85' lang='lat' dir='ltr'><strong>Dei</strong></span> <span class='ocrx_word' id='word_1_322' title='bbox 1635 3908 1889 3981; x_wconf 84' lang='lat' dir='ltr'><strong>jejunant</strong></span> <span class='ocrx_word' id='word_1_323' title='bbox 1921 3918 1977 3965; x_wconf 91' lang='lat' dir='ltr'><strong>et</strong></span> <span class='ocrx_word' id='word_1_324' title='bbox 2022 3927 2182 3965; x_wconf 82' lang='lat' dir='ltr'><strong>man-</strong></span> 
     </span>
    </p>
   </div>
   <div class='ocr_carea' id='block_1_55' title="bbox 605 3989 828 4044">
    <p class='ocr_par' dir='ltr' id='par_1_55' title="bbox 605 3989 828 4044">
     <span class='ocr_line' id='line_1_55' title="bbox 605 3989 828 4044; baseline 0.009 -3"><span class='ocrx_word' id='word_1_325' title='bbox 605 3989 828 4044; x_wconf 87' lang='lat' dir='ltr'><strong>ducant.</strong></span> 
     </span>
    </p>
   </div>
   <div class='ocr_carea' id='block_1_56' title="bbox 677 4080 2182 4159">
    <p class='ocr_par' dir='ltr' id='par_1_56' title="bbox 677 4080 2182 4159">
     <span class='ocr_line' id='line_1_56' title="bbox 677 4080 2182 4159; baseline 0.008 -24"><span class='ocrx_word' id='word_1_326' title='bbox 677 4080 792 4136; x_wconf 88' lang='lat' dir='ltr'><strong>XV.</strong></span> <span class='ocrx_word' id='word_1_327' title='bbox 827 4083 1138 4140; x_wconf 80' lang='lat' dir='ltr'><strong>Admonitio</strong></span> <span class='ocrx_word' id='word_1_328' title='bbox 1186 4102 1435 4157; x_wconf 82' lang='lat' dir='ltr'><strong>quaenam</strong></span> <span class='ocrx_word' id='word_1_329' title='bbox 1471 4087 1581 4142; x_wconf 90' lang='lat' dir='ltr'><strong>sint</strong></span> <span class='ocrx_word' id='word_1_330' title='bbox 1607 4088 1804 4159; x_wconf 92' lang='lat' dir='ltr'><strong>quibus</strong></span> <span class='ocrx_word' id='word_1_331' title='bbox 1853 4087 1996 4145; x_wconf 87' lang='lat' dir='ltr'><strong>Deus</strong></span> <span class='ocrx_word' id='word_1_332' title='bbox 2049 4107 2182 4146; x_wconf 88' lang='lat' dir='ltr'><strong>con-</strong></span> 
     </span>
    </p>
   </div>
   <div class='ocr_carea' id='block_1_57' title="bbox 603 4180 2182 4254">
    <p class='ocr_par' dir='ltr' id='par_1_57' title="bbox 603 4180 2182 4254">
     <span class='ocr_line' id='line_1_57' title="bbox 603 4180 2182 4254; baseline 0.006 -25"><span class='ocrx_word' id='word_1_333' title='bbox 603 4185 811 4241; x_wconf 86' lang='lat' dir='ltr'><strong>tentus,</strong></span> <span class='ocrx_word' id='word_1_334' title='bbox 855 4186 910 4232; x_wconf 84' lang='lat' dir='ltr'><strong>et</strong></span> <span class='ocrx_word' id='word_1_335' title='bbox 938 4180 1214 4234; x_wconf 87' lang='lat' dir='ltr'><strong>accusatio</strong></span> <span class='ocrx_word' id='word_1_336' title='bbox 1256 4180 1637 4237; x_wconf 75' lang='lat' dir='ltr'><strong>inobedientia:</strong></span> <span class='ocrx_word' id='word_1_337' title='bbox 1685 4182 1893 4254; x_wconf 85' lang='lat' dir='ltr'><strong>populi,</strong></span> <span class='ocrx_word' id='word_1_338' title='bbox 1926 4194 1981 4239; x_wconf 89' lang='lat' dir='ltr'><strong>et</strong></span> <span class='ocrx_word' id='word_1_339' title='bbox 2020 4183 2182 4239; x_wconf 77' lang='lat' dir='ltr'><strong>mina:</strong></span> 
     </span>
    </p>
   </div>
   <div class='ocr_carea' id='block_1_58' title="bbox 603 4268 1634 4345">
    <p class='ocr_par' dir='ltr' id='par_1_58' title="bbox 603 4268 1634 4345">
     <span class='ocr_line' id='line_1_58' title="bbox 603 4268 1634 4345; baseline 0.007 -23"><span class='ocrx_word' id='word_1_340' title='bbox 603 4268 968 4338; x_wconf 90' lang='lat' dir='ltr'><strong>dispersionis</strong></span> <span class='ocrx_word' id='word_1_341' title='bbox 982 4287 1173 4326; x_wconf 88' lang='lat' dir='ltr'><strong>eorum</strong></span> <span class='ocrx_word' id='word_1_342' title='bbox 1215 4282 1267 4328; x_wconf 88' lang='lat' dir='ltr'><strong>et</strong></span> <span class='ocrx_word' id='word_1_343' title='bbox 1287 4273 1634 4345; x_wconf 90' lang='lat' dir='ltr'><strong>perditionis.</strong></span> 
     </span>
    </p>
   </div>
   <div class='ocr_carea' id='block_1_59' title="bbox 672 4358 2182 4436">
    <p class='ocr_par' dir='ltr' id='par_1_59' title="bbox 672 4358 2182 4436">
     <span class='ocr_line' id='line_1_59' title="bbox 672 4358 2182 4436; baseline 0.007 -23"><span class='ocrx_word' id='word_1_344' title='bbox 672 4358 811 4415; x_wconf 89' lang='lat' dir='ltr'><strong>XVI.</strong></span> <span class='ocrx_word' id='word_1_345' title='bbox 852 4361 1133 4418; x_wconf 65' lang='lat' dir='ltr'><strong>Praedictio</strong></span> <span class='ocrx_word' id='word_1_346' title='bbox 1165 4365 1436 4420; x_wconf 88' lang='lat' dir='ltr'><strong>bonorum</strong></span> <span class='ocrx_word' id='word_1_347' title='bbox 1468 4381 1589 4436; x_wconf 75' lang='lat' dir='ltr'><strong>qua:</strong></span> <span class='ocrx_word' id='word_1_348' title='bbox 1633 4365 1943 4422; x_wconf 77' lang='lat' dir='ltr'><strong>Jerusalem</strong></span> <span class='ocrx_word' id='word_1_349' title='bbox 2000 4366 2182 4423; x_wconf 90' lang='lat' dir='ltr'><strong>futura</strong></span> 
     </span>
    </p>
   </div>
   <div class='ocr_carea' id='block_1_60' title="bbox 604 4455 1525 4523">
    <p class='ocr_par' dir='ltr' id='par_1_60' title="bbox 604 4455 1525 4523">
     <span class='ocr_line' id='line_1_60' title="bbox 604 4455 1525 4523; baseline 0.007 -16"><span class='ocrx_word' id='word_1_350' title='bbox 604 4463 731 4509; x_wconf 85' lang='lat' dir='ltr'><strong>sunt</strong></span> <span class='ocrx_word' id='word_1_351' title='bbox 750 4470 844 4523; x_wconf 87' lang='lat' dir='ltr'><strong>per</strong></span> <span class='ocrx_word' id='word_1_352' title='bbox 877 4455 1174 4512; x_wconf 86' lang='lat' dir='ltr'><strong>Salvatoris</strong></span> <span class='ocrx_word' id='word_1_353' title='bbox 1200 4458 1525 4514; x_wconf 89' lang='lat' dir='ltr'><strong>adventum.</strong></span> 
     </span>
    </p>
   </div>
   <div class='ocr_carea' id='block_1_61' title="bbox 679 4546 2257 4631">
    <p class='ocr_par' dir='ltr' id='par_1_61' title="bbox 679 4546 2257 4631">
     <span class='ocr_line' id='line_1_61' title="bbox 679 4546 2257 4631; baseline 0.006 -31"><span class='ocrx_word' id='word_1_354' title='bbox 679 4546 844 4616; x_wconf 66' lang='lat' dir='ltr'><strong>XVII.</strong></span> <span class='ocrx_word' id='word_1_355' title='bbox 874 4548 1154 4621; x_wconf 81' lang='lat' dir='ltr'><strong>Expositio</strong></span> <span class='ocrx_word' id='word_1_356' title='bbox 1185 4567 1433 4622; x_wconf 69' lang='lat' dir='ltr'><strong>quaenam</strong></span> <span class='ocrx_word' id='word_1_357' title='bbox 1458 4551 1632 4608; x_wconf 84' lang='lat' dir='ltr'><strong>veteri</strong></span> <span class='ocrx_word' id='word_1_358' title='bbox 1661 4554 1864 4624; x_wconf 90' lang='lat' dir='ltr'><strong>popqu</strong></span> <span class='ocrx_word' id='word_1_359' title='bbox 1896 4563 2024 4609; x_wconf 90' lang='lat' dir='ltr'><strong>ante</strong></span> <span class='ocrx_word' id='word_1_360' title='bbox 2047 4554 2180 4610; x_wconf 71' lang='lat' dir='ltr'><strong>aedi-</strong></span> <span class='ocrx_word' id='word_1_361' title='bbox 2209 4574 2257 4631; x_wconf 76' lang='grc' dir='ltr'><strong>ι)</strong></span> 
     </span>
    </p>
   </div>
   <div class='ocr_carea' id='block_1_62' title="bbox 601 4642 2180 4717">
    <p class='ocr_par' dir='ltr' id='par_1_62' title="bbox 601 4642 2180 4717">
     <span class='ocr_line' id='line_1_62' title="bbox 601 4642 2180 4717; baseline 0.003 -20"><span class='ocrx_word' id='word_1_362' title='bbox 601 4642 909 4697; x_wconf 76' lang='lat' dir='ltr'><strong>ﬂcationem</strong></span> <span class='ocrx_word' id='word_1_363' title='bbox 946 4644 1131 4713; x_wconf 91' lang='lat' dir='ltr'><strong>templi</strong></span> <span class='ocrx_word' id='word_1_364' title='bbox 1174 4644 1289 4707; x_wconf 88' lang='lat' dir='ltr'><strong>Dei,</strong></span> <span class='ocrx_word' id='word_1_365' title='bbox 1320 4660 1568 4715; x_wconf 67' lang='lat' dir='ltr'><strong>quaenam</strong></span> <span class='ocrx_word' id='word_1_366' title='bbox 1611 4662 1742 4702; x_wconf 89' lang='lat' dir='ltr'><strong>vero</strong></span> <span class='ocrx_word' id='word_1_367' title='bbox 1780 4662 1922 4702; x_wconf 93' lang='lat' dir='ltr'><strong>novo</strong></span> <span class='ocrx_word' id='word_1_368' title='bbox 1979 4648 2180 4717; x_wconf 86' lang='lat' dir='ltr'><strong>populo</strong></span> 
     </span>
    </p>
   </div>
   <div class='ocr_carea' id='block_1_63' title="bbox 600 4736 2182 4806">
    <p class='ocr_par' dir='ltr' id='par_1_63' title="bbox 600 4736 2182 4806">
     <span class='ocr_line' id='line_1_63' title="bbox 600 4736 2182 4806; baseline 0.003 -16"><span class='ocrx_word' id='word_1_369' title='bbox 600 4745 726 4806; x_wconf 88' lang='lat' dir='ltr'><strong>post</strong></span> <span class='ocrx_word' id='word_1_370' title='bbox 773 4737 921 4791; x_wconf 89' lang='lat' dir='ltr'><strong>illius</strong></span> <span class='ocrx_word' id='word_1_371' title='bbox 949 4736 1385 4802; x_wconf 76' lang='lat' dir='ltr'><strong>:ediﬁcationem,</strong></span> <span class='ocrx_word' id='word_1_372' title='bbox 1422 4754 1451 4793; x_wconf 91' lang='lat' dir='ltr'><strong>a</strong></span> <span class='ocrx_word' id='word_1_373' title='bbox 1485 4738 1594 4793; x_wconf 90' lang='lat' dir='ltr'><strong>Deo</strong></span> <span class='ocrx_word' id='word_1_374' title='bbox 1638 4738 1780 4794; x_wconf 87' lang='lat' dir='ltr'><strong>facta</strong></span> <span class='ocrx_word' id='word_1_375' title='bbox 1821 4738 2026 4794; x_wconf 86' lang='lat' dir='ltr'><strong>fuerint</strong></span> <span class='ocrx_word' id='word_1_376' title='bbox 2059 4756 2075 4805; x_wconf 86' lang='lat'><strong>;</strong></span> <span class='ocrx_word' id='word_1_377' title='bbox 2125 4748 2182 4795; x_wconf 91' lang='lat' dir='ltr'><strong>et</strong></span> 
     </span>
    </p>
   </div>
   <div class='ocr_carea' id='block_1_64' title="bbox 601 4827 1768 4903">
    <p class='ocr_par' dir='ltr' id='par_1_64' title="bbox 601 4827 1768 4903">
     <span class='ocr_line' id='line_1_64' title="bbox 601 4827 1768 4903; baseline 0.004 -21"><span class='ocrx_word' id='word_1_378' title='bbox 601 4827 895 4884; x_wconf 77' lang='lat' dir='ltr'><strong>instructio</strong></span> <span class='ocrx_word' id='word_1_379' title='bbox 919 4830 1180 4899; x_wconf 75' lang='lat' dir='ltr'><strong>quidnam</strong></span> <span class='ocrx_word' id='word_1_380' title='bbox 1204 4831 1482 4903; x_wconf 88' lang='lat' dir='ltr'><strong>corrigere</strong></span> <span class='ocrx_word' id='word_1_381' title='bbox 1507 4832 1768 4887; x_wconf 86' lang='lat' dir='ltr'><strong>debeant.</strong></span> 
     </span>
    </p>
   </div>
   <div class='ocr_carea' id='block_1_65' title="bbox 673 4920 2180 4995">
    <p class='ocr_par' dir='ltr' id='par_1_65' title="bbox 673 4920 2180 4995">
     <span class='ocr_line' id='line_1_65' title="bbox 673 4920 2180 4995; baseline 0.004 -19"><span class='ocrx_word' id='word_1_382' title='bbox 673 4920 862 4977; x_wconf 89' lang='lat' dir='ltr'><strong>XVIII.</strong></span> <span class='ocrx_word' id='word_1_383' title='bbox 894 4922 1217 4981; x_wconf 80' lang='lat' dir='ltr'><strong>Exhortatio</strong></span> <span class='ocrx_word' id='word_1_384' title='bbox 1242 4923 1311 4979; x_wconf 92' lang='lat' dir='ltr'><strong>ad</strong></span> <span class='ocrx_word' id='word_1_385' title='bbox 1335 4924 1606 4994; x_wconf 85' lang='lat' dir='ltr'><strong>jejunium</strong></span> <span class='ocrx_word' id='word_1_386' title='bbox 1661 4924 1747 4980; x_wconf 85' lang='lat' dir='ltr'><strong>bis</strong></span> <span class='ocrx_word' id='word_1_387' title='bbox 1776 4924 1869 4995; x_wconf 91' lang='lat' dir='ltr'><strong>qui</strong></span> <span class='ocrx_word' id='word_1_388' title='bbox 1910 4925 2180 4981; x_wconf 82' lang='lat' dir='ltr'><strong>confiten-</strong></span> 
     </span>
    </p>
   </div>
   <div class='ocr_carea' id='block_1_66' title="bbox 605 5014 2181 5088">
    <p class='ocr_par' dir='ltr' id='par_1_66' title="bbox 605 5014 2181 5088">
     <span class='ocr_line' id='line_1_66' title="bbox 605 5014 2181 5088; baseline 0.001 -19"><span class='ocrx_word' id='word_1_389' title='bbox 605 5023 713 5077; x_wconf 85' lang='lat' dir='ltr'><strong>tur,</strong></span> <span class='ocrx_word' id='word_1_390' title='bbox 737 5015 889 5083; x_wconf 88' lang='lat' dir='ltr'><strong>quasi</strong></span> <span class='ocrx_word' id='word_1_391' title='bbox 922 5016 975 5069; x_wconf 92' lang='lat' dir='ltr'><strong>in</strong></span> <span class='ocrx_word' id='word_1_392' title='bbox 1002 5031 1069 5069; x_wconf 91' lang='lat' dir='ltr'><strong>eo</strong></span> <span class='ocrx_word' id='word_1_393' title='bbox 1099 5015 1358 5087; x_wconf 84' lang='lat' dir='ltr'><strong>gaudium</strong></span> <span class='ocrx_word' id='word_1_394' title='bbox 1382 5014 1595 5071; x_wconf 84' lang='lat' dir='ltr'><strong>nacturi</strong></span> <span class='ocrx_word' id='word_1_395' title='bbox 1630 5017 1743 5072; x_wconf 86' lang='lat' dir='ltr'><strong>sint</strong></span> <span class='ocrx_word' id='word_1_396' title='bbox 1778 5034 1793 5082; x_wconf 91' lang='lat'><strong>;</strong></span> <span class='ocrx_word' id='word_1_397' title='bbox 1823 5026 1877 5072; x_wconf 87' lang='lat' dir='ltr'><strong>et</strong></span> <span class='ocrx_word' id='word_1_398' title='bbox 1899 5017 2181 5088; x_wconf 82' lang='lat' dir='ltr'><strong>praedictio</strong></span> 
     </span>
    </p>
   </div>
   <div class='ocr_carea' id='block_1_67' title="bbox 603 5108 2037 5179">
    <p class='ocr_par' dir='ltr' id='par_1_67' title="bbox 603 5108 2037 5179">
     <span class='ocr_line' id='line_1_67' title="bbox 603 5108 2037 5179; baseline 0.001 -16"><span class='ocrx_word' id='word_1_399' title='bbox 603 5108 978 5163; x_wconf 85' lang='lat' dir='ltr'><strong>conversionis</strong></span> <span class='ocrx_word' id='word_1_400' title='bbox 1008 5108 1248 5170; x_wconf 78' lang='lat' dir='ltr'><strong>gentium</strong></span> <span class='ocrx_word' id='word_1_401' title='bbox 1268 5125 1365 5179; x_wconf 88' lang='lat' dir='ltr'><strong>per</strong></span> <span class='ocrx_word' id='word_1_402' title='bbox 1390 5109 1690 5166; x_wconf 77' lang='lat' dir='ltr'><strong>Salvatoris</strong></span> <span class='ocrx_word' id='word_1_403' title='bbox 1717 5110 2037 5165; x_wconf 87' lang='lat' dir='ltr'><strong>adventum.</strong></span> 
     </span>
    </p>
   </div>
   <div class='ocr_carea' id='block_1_68' title="bbox 675 5199 2179 5273">
    <p class='ocr_par' dir='ltr' id='par_1_68' title="bbox 675 5199 2179 5273">
     <span class='ocr_line' id='line_1_68' title="bbox 675 5199 2179 5273; baseline 0.001 -18"><span class='ocrx_word' id='word_1_404' title='bbox 675 5199 816 5255; x_wconf 87' lang='lat' dir='ltr'><strong>XIX.</strong></span> <span class='ocrx_word' id='word_1_405' title='bbox 860 5200 1188 5256; x_wconf 86' lang='lat' dir='ltr'><strong>Vaticinium</strong></span> <span class='ocrx_word' id='word_1_406' title='bbox 1228 5202 1541 5258; x_wconf 86' lang='lat' dir='ltr'><strong>abolitionis</strong></span> <span class='ocrx_word' id='word_1_407' title='bbox 1575 5201 1782 5257; x_wconf 89' lang='lat' dir='ltr'><strong>erroris</strong></span> <span class='ocrx_word' id='word_1_408' title='bbox 1811 5202 1954 5272; x_wconf 88' lang='lat' dir='ltr'><strong>apud</strong></span> <span class='ocrx_word' id='word_1_409' title='bbox 1989 5210 2179 5273; x_wconf 81' lang='lat' dir='ltr'><strong>gentes</strong></span> 
     </span>
    </p>
   </div>
   <div class='ocr_carea' id='block_1_69' title="bbox 602 5293 2174 5366">
    <p class='ocr_par' dir='ltr' id='par_1_69' title="bbox 602 5293 2174 5366">
     <span class='ocr_line' id='line_1_69' title="bbox 602 5293 2174 5366; baseline -0.001 -16"><span class='ocrx_word' id='word_1_410' title='bbox 602 5293 771 5350; x_wconf 76' lang='lat' dir='ltr'><strong>futuri</strong></span> <span class='ocrx_word' id='word_1_411' title='bbox 815 5310 827 5358; x_wconf 92' lang='lat'>;</span> <span class='ocrx_word' id='word_1_412' title='bbox 860 5302 919 5348; x_wconf 86' lang='lat' dir='ltr'><strong>et</strong></span> <span class='ocrx_word' id='word_1_413' title='bbox 950 5294 1231 5363; x_wconf 67' lang='lat' dir='ltr'><strong>praedictio</strong></span> <span class='ocrx_word' id='word_1_414' title='bbox 1262 5294 1385 5350; x_wconf 78' lang='lat' dir='ltr'><strong>fidei</strong></span> <span class='ocrx_word' id='word_1_415' title='bbox 1423 5310 1544 5366; x_wconf 74' lang='lat' dir='ltr'><strong>qua:</strong></span> <span class='ocrx_word' id='word_1_416' title='bbox 1573 5294 1628 5349; x_wconf 90' lang='lat' dir='ltr'><strong>in</strong></span> <span class='ocrx_word' id='word_1_417' title='bbox 1659 5294 1791 5365; x_wconf 92' lang='lat' dir='ltr'><strong>ipsis</strong></span> <span class='ocrx_word' id='word_1_418' title='bbox 1819 5294 2174 5364; x_wconf 86' lang='lat' dir='ltr'><strong>plantabitur,</strong></span> 
     </span>
    </p>
   </div>
   <div class='ocr_carea' id='block_1_70' title="bbox 547 5387 2174 5462">
    <p class='ocr_par' dir='ltr' id='par_1_70' title="bbox 547 5387 2174 5462">
     <span class='ocr_line' id='line_1_70' title="bbox 547 5387 2174 5462; baseline 0.003 -22"><span class='ocrx_word' id='word_1_419' title='bbox 547 5396 551 5400; x_wconf 88' lang='grc'><strong>·</strong></span> <span class='ocrx_word' id='word_1_420' title='bbox 602 5402 700 5457; x_wconf 91' lang='lat' dir='ltr'><strong>per</strong></span> <span class='ocrx_word' id='word_1_421' title='bbox 725 5402 885 5458; x_wconf 89' lang='lat' dir='ltr'><strong>quam</strong></span> <span class='ocrx_word' id='word_1_422' title='bbox 912 5402 1020 5441; x_wconf 93' lang='lat' dir='ltr'><strong>non</strong></span> <span class='ocrx_word' id='word_1_423' title='bbox 1036 5387 1150 5460; x_wconf 83' lang='lat' dir='ltr'><strong>jam</strong></span> <span class='ocrx_word' id='word_1_424' title='bbox 1174 5389 1499 5446; x_wconf 84' lang='lat' dir='ltr'><strong>diabolicam</strong></span> <span class='ocrx_word' id='word_1_425' title='bbox 1516 5390 1876 5462; x_wconf 79' lang='lat' dir='ltr'><strong>direptionem</strong></span> <span class='ocrx_word' id='word_1_426' title='bbox 1902 5398 2174 5445; x_wconf 85' lang='lat' dir='ltr'><strong>metuunt.</strong></span> 
     </span>
    </p>
   </div>
   <div class='ocr_carea' id='block_1_71' title="bbox 674 5574 2177 5647">
    <p class='ocr_par' dir='ltr' id='par_1_71' title="bbox 674 5574 2177 5647">
     <span class='ocr_line' id='line_1_71' title="bbox 674 5574 2177 5647; baseline -0.002 -16"><span class='ocrx_word' id='word_1_427' title='bbox 674 5576 795 5631; x_wconf 87' lang='lat' dir='ltr'><strong>XX.</strong></span> <span class='ocrx_word' id='word_1_428' title='bbox 815 5575 1147 5631; x_wconf 84' lang='lat' dir='ltr'><strong>Vaticinium</strong></span> <span class='ocrx_word' id='word_1_429' title='bbox 1181 5576 1522 5642; x_wconf 78' lang='lat' dir='ltr'><strong>de&#39;Christo,</strong></span> <span class='ocrx_word' id='word_1_430' title='bbox 1550 5575 1823 5647; x_wconf 90' lang='lat' dir='ltr'><strong>quomodo</strong></span> <span class='ocrx_word' id='word_1_431' title='bbox 1842 5575 2010 5630; x_wconf 83' lang='lat' dir='ltr'><strong>asinae</strong></span> <span class='ocrx_word' id='word_1_432' title='bbox 2040 5574 2177 5630; x_wconf 90' lang='lat' dir='ltr'><strong>insi-</strong></span> 
     </span>
    </p>
   </div>
   <div class='ocr_carea' id='block_1_72' title="bbox 598 5667 2176 5738">
    <p class='ocr_par' dir='ltr' id='par_1_72' title="bbox 598 5667 2176 5738">
     <span class='ocr_line' id='line_1_72' title="bbox 598 5667 2176 5738; baseline -0.003 -13"><span class='ocrx_word' id='word_1_433' title='bbox 598 5668 739 5725; x_wconf 84' lang='lat' dir='ltr'><strong>dens</strong></span> <span class='ocrx_word' id='word_1_434' title='bbox 764 5667 1046 5723; x_wconf 70' lang='lat' dir='ltr'><strong>Iudaicam</strong></span> <span class='ocrx_word' id='word_1_435' title='bbox 1065 5669 1377 5738; x_wconf 85' lang='lat' dir='ltr'><strong>superbiam</strong></span> <span class='ocrx_word' id='word_1_436' title='bbox 1409 5669 1864 5738; x_wconf 87' lang='lat' dir='ltr'><strong>destruit,pacem</strong></span> <span class='ocrx_word' id='word_1_437' title='bbox 1887 5681 2016 5721; x_wconf 89' lang='lat' dir='ltr'><strong>vero</strong></span> <span class='ocrx_word' id='word_1_438' title='bbox 2041 5681 2176 5721; x_wconf 84' lang='lat' dir='ltr'><strong>con-</strong></span> 
     </span>
    </p>
   </div>
   <div class='ocr_carea' id='block_1_73' title="bbox 600 5759 2176 5832">
    <p class='ocr_par' dir='ltr' id='par_1_73' title="bbox 600 5759 2176 5832">
     <span class='ocr_line' id='line_1_73' title="bbox 600 5759 2176 5832; baseline -0.003 -16"><span class='ocrx_word' id='word_1_439' title='bbox 600 5761 753 5816; x_wconf 84' lang='lat' dir='ltr'><strong>ciliat</strong></span> <span class='ocrx_word' id='word_1_440' title='bbox 779 5762 1055 5832; x_wconf 85' lang='lat' dir='ltr'><strong>gentibus,</strong></span> <span class='ocrx_word' id='word_1_441' title='bbox 1089 5760 1353 5817; x_wconf 88' lang='lat' dir='ltr'><strong>ministris</strong></span> <span class='ocrx_word' id='word_1_442' title='bbox 1382 5776 1512 5816; x_wconf 85' lang='lat' dir='ltr'><strong>usus</strong></span> <span class='ocrx_word' id='word_1_443' title='bbox 1535 5759 1798 5830; x_wconf 90' lang='lat' dir='ltr'><strong>apostolis</strong></span> <span class='ocrx_word' id='word_1_444' title='bbox 1846 5759 1903 5814; x_wconf 88' lang='lat' dir='ltr'><strong>in</strong></span> <span class='ocrx_word' id='word_1_445' title='bbox 1940 5773 2176 5829; x_wconf 78' lang='lat' dir='ltr'><strong>evange-</strong></span> 
     </span>
    </p>
   </div>
   <div class='ocr_carea' id='block_1_74' title="bbox 2292 1964 3861 2039">
    <p class='ocr_par' dir='ltr' id='par_1_74' title="bbox 2292 1964 3861 2039">
     <span class='ocr_line' id='line_1_74' title="bbox 2292 1964 3861 2039; baseline -0.001 -19"><span class='ocrx_word' id='word_1_446' title='bbox 2292 1968 2388 2021; x_wconf 75' lang='grc' dir='ltr'><strong>καὶ</strong></span> <span class='ocrx_word' id='word_1_447' title='bbox 2427 1967 2712 2039; x_wconf 87' lang='grc' dir='ltr'>δυνάμεως</span> <span class='ocrx_word' id='word_1_448' title='bbox 2752 1966 2990 2037; x_wconf 83' lang='grc' dir='ltr'><strong>Χριστοῦ</strong></span> <span class='ocrx_word' id='word_1_449' title='bbox 3011 1981 3027 1996; x_wconf 75' lang='grc'><strong>⁸</strong></span> <span class='ocrx_word' id='word_1_450' title='bbox 3059 1965 3156 2020; x_wconf 76' lang='grc' dir='ltr'><strong>καὶ</strong></span> <span class='ocrx_word' id='word_1_451' title='bbox 3182 1965 3432 2037; x_wconf 86' lang='grc' dir='ltr'>ἐπιτιμία</span> <span class='ocrx_word' id='word_1_452' title='bbox 3456 1965 3600 2019; x_wconf 82' lang='grc' dir='ltr'>κατὰ</span> <span class='ocrx_word' id='word_1_453' title='bbox 3626 1964 3722 2018; x_wconf 87' lang='grc' dir='ltr'><strong>τοῦ</strong></span> <span class='ocrx_word' id='word_1_454' title='bbox 3752 1964 3861 2018; x_wconf 74' lang='grc' dir='ltr'>δια-</span> 
     </span>
    </p>
   </div>
   <div class='ocr_carea' id='block_1_75' title="bbox 2290 2056 3861 2131">
    <p class='ocr_par' dir='ltr' id='par_1_75' title="bbox 2290 2056 3861 2131">
     <span class='ocr_line' id='line_1_75' title="bbox 2290 2056 3861 2131; baseline -0.001 -18"><span class='ocrx_word' id='word_1_455' title='bbox 2290 2060 2469 2125; x_wconf 77' lang='grc' dir='ltr'>66).ου,</span> <span class='ocrx_word' id='word_1_456' title='bbox 2500 2060 2576 2124; x_wconf 85' lang='grc' dir='ltr'>ὡς</span> <span class='ocrx_word' id='word_1_457' title='bbox 2605 2058 2919 2131; x_wconf 72' lang='grc' dir='ltr'><strong>ἐμποδίζειν</strong></span> <span class='ocrx_word' id='word_1_458' title='bbox 2948 2058 3351 2131; x_wconf 85' lang='grc' dir='ltr'>ἐπιχειροῦντος</span> <span class='ocrx_word' id='word_1_459' title='bbox 3378 2056 3457 2129; x_wconf 84' lang='grc' dir='ltr'>τῷ</span> <span class='ocrx_word' id='word_1_460' title='bbox 3482 2057 3747 2128; x_wconf 81' lang='grc' dir='ltr'>σωτηρίῳ</span> <span class='ocrx_word' id='word_1_461' title='bbox 3773 2074 3861 2127; x_wconf 77' lang='grc' dir='ltr'>κη-</span> 
     </span>
    </p>
   </div>
   <div class='ocr_carea' id='block_1_76' title="bbox 2292 2152 2555 2225">
    <p class='ocr_par' dir='ltr' id='par_1_76' title="bbox 2292 2152 2555 2225">
     <span class='ocr_line' id='line_1_76' title="bbox 2292 2152 2555 2225; baseline -0.004 -19"><span class='ocrx_word' id='word_1_462' title='bbox 2292 2152 2555 2225; x_wconf 85' lang='grc' dir='ltr'>ρύγματι.</span> 
     </span>
    </p>
   </div>
   <div class='ocr_carea' id='block_1_77' title="bbox 2362 2238 3860 2314">
    <p class='ocr_par' dir='ltr' id='par_1_77' title="bbox 2362 2238 3860 2314">
     <span class='ocr_line' id='line_1_77' title="bbox 2362 2238 3860 2314; baseline -0.006 -17"><span class='ocrx_word' id='word_1_463' title='bbox 2362 2243 2426 2297; x_wconf 86' lang='grc' dir='ltr'>θ’.</span> <span class='ocrx_word' id='word_1_464' title='bbox 2480 2242 2795 2314; x_wconf 80' lang='grc' dir='ltr'>Προφητεία</span> <span class='ocrx_word' id='word_1_465' title='bbox 2843 2240 2974 2311; x_wconf 75' lang='grc' dir='ltr'>περὶ</span> <span class='ocrx_word' id='word_1_466' title='bbox 3005 2240 3245 2314; x_wconf 79' lang='grc' dir='ltr'>Χριστοῦ</span> <span class='ocrx_word' id='word_1_467' title='bbox 3290 2240 3385 2295; x_wconf 69' lang='grc' dir='ltr'>καὶ</span> <span class='ocrx_word' id='word_1_468' title='bbox 3425 2239 3538 2293; x_wconf 90' lang='grc' dir='ltr'><strong>τῶν</strong></span> <span class='ocrx_word' id='word_1_469' title='bbox 3573 2238 3860 2311; x_wconf 64' lang='grc' dir='ltr'>ἐνεργειῶν</span> 
     </span>
    </p>
   </div>
   <div class='ocr_carea' id='block_1_78' title="bbox 2287 2329 3860 2405">
    <p class='ocr_par' dir='ltr' id='par_1_78' title="bbox 2287 2329 3860 2405">
     <span class='ocr_line' id='line_1_78' title="bbox 2287 2329 3860 2405; baseline -0.007 -16"><span class='ocrx_word' id='word_1_470' title='bbox 2287 2333 2396 2389; x_wconf 85' lang='grc' dir='ltr'><strong>τῶν</strong></span> <span class='ocrx_word' id='word_1_471' title='bbox 2427 2336 2485 2388; x_wconf 87' lang='grc' dir='ltr'><strong>ἐν</strong></span> <span class='ocrx_word' id='word_1_472' title='bbox 2515 2334 2665 2405; x_wconf 81' lang='grc' dir='ltr'><strong>αὑτῷ</strong></span> <span class='ocrx_word' id='word_1_473' title='bbox 2695 2332 2790 2387; x_wconf 88' lang='grc' dir='ltr'><strong>τοῦ</strong></span> <span class='ocrx_word' id='word_1_474' title='bbox 2824 2331 3180 2403; x_wconf 78' lang='grc' dir='ltr'>Πνεῦματοςο</span> <span class='ocrx_word' id='word_1_475' title='bbox 3210 2330 3304 2385; x_wconf 74' lang='grc' dir='ltr'>καὶ</span> <span class='ocrx_word' id='word_1_476' title='bbox 3345 2329 3512 2383; x_wconf 79' lang='grc' dir='ltr'>εἰκὼν</span> <span class='ocrx_word' id='word_1_477' title='bbox 3556 2330 3729 2397; x_wconf 82' lang='grc' dir='ltr'>νόμου</span> <span class='ocrx_word' id='word_1_478' title='bbox 3776 2329 3860 2380; x_wconf 73' lang='grc' dir='ltr'>καὶ</span> 
     </span>
    </p>
   </div>
   <div class='ocr_carea' id='block_1_79' title="bbox 2242 2423 3859 2501">
    <p class='ocr_par' dir='ltr' id='par_1_79' title="bbox 2242 2423 3859 2501">
     <span class='ocr_line' id='line_1_79' title="bbox 2242 2423 3859 2501; baseline -0.007 -17"><span class='ocrx_word' id='word_1_479' title='bbox 2242 2448 2247 2452; x_wconf 66' lang='grc'><em>’</em></span> <span class='ocrx_word' id='word_1_480' title='bbox 2288 2430 2530 2501; x_wconf 87' lang='grc' dir='ltr'>χάριτος,</span> <span class='ocrx_word' id='word_1_481' title='bbox 2562 2429 2658 2483; x_wconf 71' lang='grc' dir='ltr'>καὶ</span> <span class='ocrx_word' id='word_1_482' title='bbox 2684 2427 2793 2483; x_wconf 89' lang='grc' dir='ltr'><strong>τῶν</strong></span> <span class='ocrx_word' id='word_1_483' title='bbox 2842 2427 3146 2498; x_wconf 81' lang='grc' dir='ltr'>μελλόντων</span> <span class='ocrx_word' id='word_1_484' title='bbox 3171 2423 3562 2496; x_wconf 76' lang='grc' dir='ltr'>ὑπηρετεῖσθαι</span> <span class='ocrx_word' id='word_1_485' title='bbox 3591 2425 3663 2494; x_wconf 78' lang='grc' dir='ltr'>τῇ</span> <span class='ocrx_word' id='word_1_486' title='bbox 3704 2437 3859 2490; x_wconf 72' lang='grc' dir='ltr'>φανε-</span> 
     </span>
    </p>
   </div>
   <div class='ocr_carea' id='block_1_80' title="bbox 2293 2521 2959 2595">
    <p class='ocr_par' dir='ltr' id='par_1_80' title="bbox 2293 2521 2959 2595">
     <span class='ocr_line' id='line_1_80' title="bbox 2293 2521 2959 2595; baseline -0.002 -19"><span class='ocrx_word' id='word_1_487' title='bbox 2293 2521 2460 2595; x_wconf 86' lang='grc' dir='ltr'>ρώσει</span> <span class='ocrx_word' id='word_1_488' title='bbox 2490 2521 2584 2576; x_wconf 86' lang='grc' dir='ltr'><strong>τοῦ</strong></span> <span class='ocrx_word' id='word_1_489' title='bbox 2616 2522 2758 2576; x_wconf 82' lang='grc' dir='ltr'>Πνεύ</span> <span class='ocrx_word' id='word_1_490' title='bbox 2768 2538 2959 2593; x_wconf 87' lang='grc' dir='ltr'>ματος.</span> 
     </span>
    </p>
   </div>
   <div class='ocr_carea' id='block_1_81' title="bbox 2361 2610 3859 2687">
    <p class='ocr_par' dir='ltr' id='par_1_81' title="bbox 2361 2610 3859 2687">
     <span class='ocr_line' id='line_1_81' title="bbox 2361 2610 3859 2687; baseline -0.005 -19"><span class='ocrx_word' id='word_1_491' title='bbox 2361 2621 2411 2669; x_wconf 83' lang='grc' dir='ltr'>ι’.</span> <span class='ocrx_word' id='word_1_492' title='bbox 2481 2613 2701 2687; x_wconf 81' lang='grc' dir='ltr'>Ἀπειλὴ</span> <span class='ocrx_word' id='word_1_493' title='bbox 2734 2614 2873 2669; x_wconf 76' lang='grc' dir='ltr'>κατὰ</span> <span class='ocrx_word' id='word_1_494' title='bbox 2901 2612 3151 2667; x_wconf 88' lang='grc' dir='ltr'>κλεπτῶν</span> <span class='ocrx_word' id='word_1_495' title='bbox 3181 2611 3275 2665; x_wconf 73' lang='grc' dir='ltr'>καὶ</span> <span class='ocrx_word' id='word_1_496' title='bbox 3297 2610 3590 2682; x_wconf 85' lang='grc' dir='ltr'>ἐπιόρκων,</span> <span class='ocrx_word' id='word_1_497' title='bbox 3626 2610 3705 2674; x_wconf 82' lang='grc' dir='ltr'><strong>ὡς</strong></span> <span class='ocrx_word' id='word_1_498' title='bbox 3736 2626 3859 2662; x_wconf 66' lang='grc' dir='ltr'>πον-</span> 
     </span>
    </p>
   </div>
   <div class='ocr_carea' id='block_1_82' title="bbox 2287 2707 3178 2781">
    <p class='ocr_par' dir='ltr' id='par_1_82' title="bbox 2287 2707 3178 2781">
     <span class='ocr_line' id='line_1_82' title="bbox 2287 2707 3178 2781; baseline 0.002 -19"><span class='ocrx_word' id='word_1_499' title='bbox 2287 2709 2398 2763; x_wconf 80' lang='grc' dir='ltr'>οικὶ</span> <span class='ocrx_word' id='word_1_500' title='bbox 2434 2708 2739 2779; x_wconf 86' lang='grc' dir='ltr'>μελλόντων</span> <span class='ocrx_word' id='word_1_501' title='bbox 2770 2707 3178 2781; x_wconf 86' lang='grc' dir='ltr'>όλοθρεύεσθαι.</span> 
     </span>
    </p>
   </div>
   <div class='ocr_carea' id='block_1_83' title="bbox 2360 2793 3862 2872">
    <p class='ocr_par' dir='ltr' id='par_1_83' title="bbox 2360 2793 3862 2872">
     <span class='ocr_line' id='line_1_83' title="bbox 2360 2793 3862 2872; baseline -0.007 -16"><span class='ocrx_word' id='word_1_502' title='bbox 2360 2801 2449 2857; x_wconf 89' lang='grc' dir='ltr'>ια’.</span> <span class='ocrx_word' id='word_1_503' title='bbox 2500 2801 2680 2856; x_wconf 85' lang='grc' dir='ltr'>Εἱκὼν</span> <span class='ocrx_word' id='word_1_504' title='bbox 2713 2801 2812 2870; x_wconf 89' lang='grc' dir='ltr'><strong>τῆς</strong></span> <span class='ocrx_word' id='word_1_505' title='bbox 2842 2802 2900 2854; x_wconf 87' lang='grc' dir='ltr'><strong>ἐν</strong></span> <span class='ocrx_word' id='word_1_506' title='bbox 2942 2800 3252 2872; x_wconf 83' lang='grc' dir='ltr'>ἀνθρώποις</span> <span class='ocrx_word' id='word_1_507' title='bbox 3297 2795 3730 2865; x_wconf 80' lang='grc' dir='ltr'>πολιτευομένης</span> <span class='ocrx_word' id='word_1_508' title='bbox 3759 2793 3862 2846; x_wconf 77' lang='grc' dir='ltr'>ἀδι-</span> 
     </span>
    </p>
   </div>
   <div class='ocr_carea' id='block_1_84' title="bbox 2287 2884 3863 2976">
    <p class='ocr_par' dir='ltr' id='par_1_84' title="bbox 2287 2884 3863 2976">
     <span class='ocr_line' id='line_1_84' title="bbox 2287 2884 3863 2976; baseline -0.008 -26"><span class='ocrx_word' id='word_1_509' title='bbox 2287 2897 2433 2961; x_wconf 83' lang='grc' dir='ltr'>κίας,</span> <span class='ocrx_word' id='word_1_510' title='bbox 2468 2896 2534 2967; x_wconf 79' lang='grc' dir='ltr'>ἢν</span> <span class='ocrx_word' id='word_1_511' title='bbox 2574 2894 2819 2966; x_wconf 84' lang='grc' dir='ltr'>ἁμαρτία</span> <span class='ocrx_word' id='word_1_512' title='bbox 2857 2894 2955 2965; x_wconf 82' lang='grc' dir='ltr'>μὲν</span> <span class='ocrx_word' id='word_1_513' title='bbox 2986 2895 3281 2964; x_wconf 81' lang='grc' dir='ltr'>συγκροτεῖ</span> <span class='ocrx_word' id='word_1_514' title='bbox 3314 2893 3408 2945; x_wconf 74' lang='grc' dir='ltr'>καὶ</span> <span class='ocrx_word' id='word_1_515' title='bbox 3438 2890 3690 2976; x_wconf 73' lang='grc' dir='ltr'>ἀσέὸεια,</span> <span class='ocrx_word' id='word_1_516' title='bbox 3724 2890 3785 2940; x_wconf 85' lang='grc' dir='ltr'><strong>ἐν</strong></span> <span class='ocrx_word' id='word_1_517' title='bbox 3811 2884 3863 2939; x_wconf 73' lang='grc' dir='ltr'><strong>δέ</strong></span> 
     </span>
    </p>
   </div>
   <div class='ocr_carea' id='block_1_85' title="bbox 2286 2981 3797 3059">
    <p class='ocr_par' dir='ltr' id='par_1_85' title="bbox 2286 2981 3797 3059">
     <span class='ocr_line' id='line_1_85' title="bbox 2286 2981 3797 3059; baseline -0.007 -18"><span class='ocrx_word' id='word_1_518' title='bbox 2286 2991 2352 3059; x_wconf 79' lang='grc' dir='ltr'>τῇ</span> <span class='ocrx_word' id='word_1_519' title='bbox 2392 2986 2651 3057; x_wconf 79' lang='grc' dir='ltr'>συγχύσει</span> <span class='ocrx_word' id='word_1_520' title='bbox 2684 2985 2787 3055; x_wconf 87' lang='grc' dir='ltr'><strong>τῆς</strong></span> <span class='ocrx_word' id='word_1_521' title='bbox 2819 2986 3027 3057; x_wconf 81' lang='grc' dir='ltr'>πλάνης</span> <span class='ocrx_word' id='word_1_522' title='bbox 3063 2986 3164 3056; x_wconf 85' lang='grc' dir='ltr'>τὴν</span> <span class='ocrx_word' id='word_1_523' title='bbox 3192 2983 3477 3037; x_wconf 84' lang='grc' dir='ltr'>κατοικίαν</span> <span class='ocrx_word' id='word_1_524' title='bbox 3513 2981 3797 3049; x_wconf 81' lang='grc' dir='ltr'>κέκτηται.</span> 
     </span>
    </p>
   </div>
   <div class='ocr_carea' id='block_1_86' title="bbox 2360 3069 3863 3152">
    <p class='ocr_par' dir='ltr' id='par_1_86' title="bbox 2360 3069 3863 3152">
     <span class='ocr_line' id='line_1_86' title="bbox 2360 3069 3863 3152; baseline -0.007 -20"><span class='ocrx_word' id='word_1_525' title='bbox 2360 3082 2449 3152; x_wconf 87' lang='grc' dir='ltr'>ιβ’.</span> <span class='ocrx_word' id='word_1_526' title='bbox 2495 3079 2673 3133; x_wconf 86' lang='grc' dir='ltr'>Είκὼν</span> <span class='ocrx_word' id='word_1_527' title='bbox 2703 3079 3000 3144; x_wconf 81' lang='grc' dir='ltr'>πολιτείας,</span> <span class='ocrx_word' id='word_1_528' title='bbox 3032 3078 3099 3148; x_wconf 82' lang='grc' dir='ltr'>ἣν</span> <span class='ocrx_word' id='word_1_529' title='bbox 3128 3077 3187 3131; x_wconf 71' lang='grc' dir='ltr'>αἱ</span> <span class='ocrx_word' id='word_1_530' title='bbox 3224 3075 3410 3143; x_wconf 70' lang='grc' dir='ltr'><strong>γενειύ⁵</strong></span> <span class='ocrx_word' id='word_1_531' title='bbox 3440 3073 3741 3145; x_wconf 67' lang='grc' dir='ltr'>προφητῶν</span> <span class='ocrx_word' id='word_1_532' title='bbox 3776 3069 3863 3124; x_wconf 79' lang='grc' dir='ltr'>καὶ</span> 
     </span>
    </p>
   </div>
   <div class='ocr_carea' id='block_1_87' title="bbox 2287 3168 3653 3248">
    <p class='ocr_par' dir='ltr' id='par_1_87' title="bbox 2287 3168 3653 3248">
     <span class='ocr_line' id='line_1_87' title="bbox 2287 3168 3653 3248; baseline -0.005 -19"><span class='ocrx_word' id='word_1_533' title='bbox 2287 3176 2476 3248; x_wconf 84' lang='grc' dir='ltr'>νόμου,</span> <span class='ocrx_word' id='word_1_534' title='bbox 2507 3173 2863 3247; x_wconf 87' lang='grc' dir='ltr'>πατριαρχῶν</span> <span class='ocrx_word' id='word_1_535' title='bbox 2898 3173 2995 3226; x_wconf 70' lang='grc' dir='ltr'>καὶ</span> <span class='ocrx_word' id='word_1_536' title='bbox 3025 3169 3361 3235; x_wconf 88' lang='grc' dir='ltr'>ἀποστόλων,</span> <span class='ocrx_word' id='word_1_537' title='bbox 3394 3168 3653 3241; x_wconf 77' lang='grc' dir='ltr'>ἔδραμον.</span> 
     </span>
    </p>
   </div>
   <div class='ocr_carea' id='block_1_88' title="bbox 2360 3344 3863 3421">
    <p class='ocr_par' dir='ltr' id='par_1_88' title="bbox 2360 3344 3863 3421">
     <span class='ocr_line' id='line_1_88' title="bbox 2360 3344 3863 3421; baseline -0.005 -15"><span class='ocrx_word' id='word_1_538' title='bbox 2360 3358 2449 3420; x_wconf 88' lang='grc' dir='ltr'>ιγ’.</span> <span class='ocrx_word' id='word_1_539' title='bbox 2512 3352 2751 3421; x_wconf 77' lang='grc' dir='ltr'>Αῐνιγμα</span> <span class='ocrx_word' id='word_1_540' title='bbox 2803 3350 2913 3403; x_wconf 86' lang='grc' dir='ltr'><strong>τῶν</strong></span> <span class='ocrx_word' id='word_1_541' title='bbox 2973 3348 3245 3421; x_wconf 74' lang='grc' dir='ltr'>ἐσομένων</span> <span class='ocrx_word' id='word_1_542' title='bbox 3304 3349 3583 3418; x_wconf 75' lang='grc' dir='ltr'>στεφάνων</span> <span class='ocrx_word' id='word_1_543' title='bbox 3636 3349 3754 3411; x_wconf 80' lang='grc' dir='ltr'>τοῖς</span> <span class='ocrx_word' id='word_1_544' title='bbox 3808 3344 3863 3412; x_wconf 75' lang='grc' dir='ltr'>ἐξ</span> 
     </span>
    </p>
   </div>
   <div class='ocr_carea' id='block_1_89' title="bbox 2284 3440 3858 3517">
    <p class='ocr_par' dir='ltr' id='par_1_89' title="bbox 2284 3440 3858 3517">
     <span class='ocr_line' id='line_1_89' title="bbox 2284 3440 3858 3517; baseline -0.007 -14"><span class='ocrx_word' id='word_1_545' title='bbox 2284 3446 2561 3517; x_wconf 82' lang='grc' dir='ltr'>ἀ-μαρτίας</span> <span class='ocrx_word' id='word_1_546' title='bbox 2592 3445 3033 3514; x_wconf 74' lang='grc' dir='ltr'>ἐπιστρέφουσιν,</span> <span class='ocrx_word' id='word_1_547' title='bbox 3065 3440 3140 3499; x_wconf 85' lang='grc' dir='ltr'>ὧν</span> <span class='ocrx_word' id='word_1_548' title='bbox 3168 3442 3260 3497; x_wconf 80' lang='grc' dir='ltr'>τὸν</span> <span class='ocrx_word' id='word_1_549' title='bbox 3302 3442 3511 3513; x_wconf 78' lang='grc' dir='ltr'>Ἰησοῦν</span> <span class='ocrx_word' id='word_1_550' title='bbox 3535 3442 3660 3494; x_wconf 80' lang='grc' dir='ltr'>τότε</span> <span class='ocrx_word' id='word_1_551' title='bbox 3695 3440 3858 3509; x_wconf 78' lang='grc' dir='ltr'>ἱερέα,</span> 
     </span>
    </p>
   </div>
   <div class='ocr_carea' id='block_1_90' title="bbox 2232 3531 3859 3608">
    <p class='ocr_par' dir='ltr' id='par_1_90' title="bbox 2232 3531 3859 3608">
     <span class='ocr_line' id='line_1_90' title="bbox 2232 3531 3859 3608; baseline -0.004 -17"><span class='ocrx_word' id='word_1_552' title='bbox 2232 3596 2233 3599; x_wconf 30' lang='grc' dir='ltr'><strong>η</strong></span> <span class='ocrx_word' id='word_1_553' title='bbox 2284 3539 2359 3601; x_wconf 77' lang='grc' dir='ltr'>ὡς</span> <span class='ocrx_word' id='word_1_554' title='bbox 2397 3536 2484 3591; x_wconf 85' lang='grc' dir='ltr'><strong>διά</strong></span> <span class='ocrx_word' id='word_1_555' title='bbox 2511 3536 2796 3608; x_wconf 79' lang='grc' dir='ltr'>μετανοίας</span> <span class='ocrx_word' id='word_1_556' title='bbox 2838 3534 3210 3608; x_wconf 82' lang='grc' dir='ltr'>καθαρθέντα,</span> <span class='ocrx_word' id='word_1_557' title='bbox 3255 3533 3582 3606; x_wconf 84' lang='grc' dir='ltr'>χαρακτῆρα</span> <span class='ocrx_word' id='word_1_558' title='bbox 3622 3531 3859 3603; x_wconf 74' lang='grc' dir='ltr'>προσάλο</span> 
     </span>
    </p>
   </div>
   <div class='ocr_carea' id='block_1_91' title="bbox 2232 3631 2455 3686">
    <p class='ocr_par' dir='ltr' id='par_1_91' title="bbox 2232 3631 2455 3686">
     <span class='ocr_line' id='line_1_91' title="bbox 2232 3631 2455 3686; baseline 0.031 -7"><span class='ocrx_word' id='word_1_559' title='bbox 2232 3674 2237 3679; x_wconf 85' lang='grc'>.</span> <span class='ocrx_word' id='word_1_560' title='bbox 2282 3631 2455 3686; x_wconf 84' lang='grc' dir='ltr'>λεται.</span> 
     </span>
    </p>
   </div>
   <div class='ocr_carea' id='block_1_92' title="bbox 2356 3714 3860 3792">
    <p class='ocr_par' dir='ltr' id='par_1_92' title="bbox 2356 3714 3860 3792">
     <span class='ocr_line' id='line_1_92' title="bbox 2356 3714 3860 3792; baseline -0.001 -19"><span class='ocrx_word' id='word_1_561' title='bbox 2356 3720 2436 3776; x_wconf 88' lang='grc' dir='ltr'>ιδ’.</span> <span class='ocrx_word' id='word_1_562' title='bbox 2481 3721 2759 3792; x_wconf 82' lang='grc' dir='ltr'>Διήγησις,</span> <span class='ocrx_word' id='word_1_563' title='bbox 2792 3714 2879 3775; x_wconf 78' lang='grc' dir='ltr'>οἷα</span> <span class='ocrx_word' id='word_1_564' title='bbox 2909 3720 3038 3792; x_wconf 79' lang='grc' dir='ltr'>περὶ</span> <span class='ocrx_word' id='word_1_565' title='bbox 3060 3722 3161 3792; x_wconf 81' lang='grc' dir='ltr'><strong>τῆς</strong></span> <span class='ocrx_word' id='word_1_566' title='bbox 3191 3718 3423 3775; x_wconf 76' lang='grc' dir='ltr'>κιϐωτοῦ</span> <span class='ocrx_word' id='word_1_567' title='bbox 3455 3720 3703 3790; x_wconf 80' lang='grc' dir='ltr'>βασιλεῖς</span> <span class='ocrx_word' id='word_1_568' title='bbox 3725 3736 3860 3781; x_wconf 76' lang='grc' dir='ltr'>τινες</span> 
     </span>
    </p>
   </div>
   <div class='ocr_carea' id='block_1_93' title="bbox 2283 3811 3859 3884">
    <p class='ocr_par' dir='ltr' id='par_1_93' title="bbox 2283 3811 3859 3884">
     <span class='ocr_line' id='line_1_93' title="bbox 2283 3811 3859 3884; baseline -0.001 -18"><span class='ocrx_word' id='word_1_569' title='bbox 2283 3813 2451 3873; x_wconf 86' lang='grc' dir='ltr'>ἐθνῶν</span> <span class='ocrx_word' id='word_1_570' title='bbox 2508 3813 2826 3884; x_wconf 74' lang='grc' dir='ltr'>πέμψαντες</span> <span class='ocrx_word' id='word_1_571' title='bbox 2882 3814 3272 3868; x_wconf 88' lang='grc' dir='ltr'>ἐπυνθάνοντο·</span> <span class='ocrx_word' id='word_1_572' title='bbox 3334 3813 3429 3867; x_wconf 78' lang='grc' dir='ltr'>καὶ</span> <span class='ocrx_word' id='word_1_573' title='bbox 3480 3812 3710 3883; x_wconf 72' lang='grc' dir='ltr'>ἔλεγχος</span> <span class='ocrx_word' id='word_1_574' title='bbox 3774 3811 3859 3865; x_wconf 76' lang='grc' dir='ltr'><strong>τοῦ</strong></span> 
     </span>
    </p>
   </div>
   <div class='ocr_carea' id='block_1_94' title="bbox 2296 3903 3857 3978">
    <p class='ocr_par' dir='ltr' id='par_1_94' title="bbox 2296 3903 3857 3978">
     <span class='ocr_line' id='line_1_94' title="bbox 2296 3903 3857 3978; baseline -0.001 -19"><span class='ocrx_word' id='word_1_575' title='bbox 2296 3905 2535 3977; x_wconf 79' lang='grc' dir='ltr'>Ἰσραὴλ,</span> <span class='ocrx_word' id='word_1_576' title='bbox 2565 3906 2648 3959; x_wconf 80' lang='grc' dir='ltr'>ὅτι</span> <span class='ocrx_word' id='word_1_577' title='bbox 2688 3906 2764 3978; x_wconf 79' lang='grc' dir='ltr'>μὴ</span> <span class='ocrx_word' id='word_1_578' title='bbox 2816 3905 2961 3958; x_wconf 86' lang='grc' dir='ltr'><strong>κατά</strong></span> <span class='ocrx_word' id='word_1_579' title='bbox 3009 3905 3210 3960; x_wconf 82' lang='grc' dir='ltr'>σκοπὸν</span> <span class='ocrx_word' id='word_1_580' title='bbox 3244 3903 3381 3959; x_wconf 84' lang='grc' dir='ltr'>Θεοῦ</span> <span class='ocrx_word' id='word_1_581' title='bbox 3428 3904 3787 3978; x_wconf 80' lang='grc' dir='ltr'>νηστεύουσιν</span> <span class='ocrx_word' id='word_1_582' title='bbox 3827 3905 3857 3973; x_wconf 70' lang='grc' dir='ltr'><strong>ἢ</strong></span> 
     </span>
    </p>
   </div>
   <div class='ocr_carea' id='block_1_95' title="bbox 2282 3996 2553 4051">
    <p class='ocr_par' dir='ltr' id='par_1_95' title="bbox 2282 3996 2553 4051">
     <span class='ocr_line' id='line_1_95' title="bbox 2282 3996 2553 4051; baseline 0 0"><span class='ocrx_word' id='word_1_583' title='bbox 2282 3996 2553 4051; x_wconf 77' lang='grc' dir='ltr'>ἐσθίουσιν</span> 
     </span>
    </p>
   </div>
   <div class='ocr_carea' id='block_1_96' title="bbox 2356 4090 3859 4164">
    <p class='ocr_par' dir='ltr' id='par_1_96' title="bbox 2356 4090 3859 4164">
     <span class='ocr_line' id='line_1_96' title="bbox 2356 4090 3859 4164; baseline 0 -19"><span class='ocrx_word' id='word_1_584' title='bbox 2356 4091 2435 4145; x_wconf 87' lang='grc' dir='ltr'>ιε’.</span> <span class='ocrx_word' id='word_1_585' title='bbox 2475 4092 2764 4154; x_wconf 76' lang='grc' dir='ltr'>Νουθεσία.</span> <span class='ocrx_word' id='word_1_586' title='bbox 2792 4092 2899 4145; x_wconf 77' lang='grc' dir='ltr'>τίσι</span> <span class='ocrx_word' id='word_1_587' title='bbox 2920 4091 3053 4157; x_wconf 77' lang='grc' dir='ltr'>Θεὸς</span> <span class='ocrx_word' id='word_1_588' title='bbox 3090 4092 3414 4164; x_wconf 84' lang='grc' dir='ltr'>ἀρέσκεται·</span> <span class='ocrx_word' id='word_1_589' title='bbox 3437 4092 3532 4145; x_wconf 74' lang='grc' dir='ltr'>καὶ</span> <span class='ocrx_word' id='word_1_590' title='bbox 3559 4090 3859 4160; x_wconf 65' lang='grc' dir='ltr'>κατηγορία</span> 
     </span>
    </p>
   </div>
   <div class='ocr_carea' id='block_1_97' title="bbox 2281 4181 3857 4254">
    <p class='ocr_par' dir='ltr' id='par_1_97' title="bbox 2281 4181 3857 4254">
     <span class='ocr_line' id='line_1_97' title="bbox 2281 4181 3857 4254; baseline -0.001 -19"><span class='ocrx_word' id='word_1_591' title='bbox 2281 4183 2381 4251; x_wconf 85' lang='grc' dir='ltr'><strong>τῆς</strong></span> <span class='ocrx_word' id='word_1_592' title='bbox 2407 4181 2501 4236; x_wconf 90' lang='grc' dir='ltr'><strong>τοῦ</strong></span> <span class='ocrx_word' id='word_1_593' title='bbox 2542 4181 2671 4236; x_wconf 86' lang='grc' dir='ltr'>λαοῦ</span> <span class='ocrx_word' id='word_1_594' title='bbox 2716 4182 3002 4254; x_wconf 80' lang='grc' dir='ltr'>παρακοῆς</span> <span class='ocrx_word' id='word_1_595' title='bbox 3023 4197 3037 4212; x_wconf 87' lang='grc'>⁶</span> <span class='ocrx_word' id='word_1_596' title='bbox 3072 4183 3167 4237; x_wconf 78' lang='grc' dir='ltr'>καὶ</span> <span class='ocrx_word' id='word_1_597' title='bbox 3191 4182 3388 4254; x_wconf 81' lang='grc' dir='ltr'>ἀπειλὴ</span> <span class='ocrx_word' id='word_1_598' title='bbox 3419 4182 3729 4253; x_wconf 79' lang='grc' dir='ltr'>διασπορᾶς</span> <span class='ocrx_word' id='word_1_599' title='bbox 3756 4182 3857 4234; x_wconf 75' lang='grc' dir='ltr'><strong>τῶν</strong></span> 
     </span>
    </p>
   </div>
   <div class='ocr_carea' id='block_1_98' title="bbox 2283 4272 2955 4344">
    <p class='ocr_par' dir='ltr' id='par_1_98' title="bbox 2283 4272 2955 4344">
     <span class='ocr_line' id='line_1_98' title="bbox 2283 4272 2955 4344; baseline 0.006 -19"><span class='ocrx_word' id='word_1_600' title='bbox 2283 4272 2463 4326; x_wconf 76' lang='grc' dir='ltr'>αὐτῶν</span> <span class='ocrx_word' id='word_1_601' title='bbox 2495 4273 2590 4327; x_wconf 72' lang='grc' dir='ltr'>καὶ</span> <span class='ocrx_word' id='word_1_602' title='bbox 2616 4274 2955 4344; x_wconf 83' lang='grc' dir='ltr'>πορθήσεως.</span> 
     </span>
    </p>
   </div>
   <div class='ocr_carea' id='block_1_99' title="bbox 2357 4364 3431 4437">
    <p class='ocr_par' dir='ltr' id='par_1_99' title="bbox 2357 4364 3431 4437">
     <span class='ocr_line' id='line_1_99' title="bbox 2357 4364 3431 4437; baseline 0.001 -20"><span class='ocrx_word' id='word_1_603' title='bbox 2357 4364 2453 4429; x_wconf 84' lang='grc' dir='ltr'>ις’.</span> <span class='ocrx_word' id='word_1_604' title='bbox 2512 4365 2823 4437; x_wconf 77' lang='grc' dir='ltr'>Πρόρρησις</span> <span class='ocrx_word' id='word_1_605' title='bbox 2879 4365 2988 4419; x_wconf 89' lang='grc' dir='ltr'><strong>τῶν</strong></span> <span class='ocrx_word' id='word_1_606' title='bbox 3040 4366 3315 4437; x_wconf 87' lang='grc' dir='ltr'>ἐσομένων</span> <span class='ocrx_word' id='word_1_607' title='bbox 3364 4368 3431 4437; x_wconf 78' lang='grc' dir='ltr'><strong>τῇ</strong></span> 
     </span>
    </p>
   </div>
   <div class='ocr_carea' id='block_1_100' title="bbox 2286 4456 3430 4529">
    <p class='ocr_par' dir='ltr' id='par_1_100' title="bbox 2286 4456 3430 4529">
     <span class='ocr_line' id='line_1_100' title="bbox 2286 4456 3430 4529; baseline 0 -17"><span class='ocrx_word' id='word_1_608' title='bbox 2286 4456 2506 4527; x_wconf 83' lang='grc' dir='ltr'>ἀγαθῶν</span> <span class='ocrx_word' id='word_1_609' title='bbox 2535 4456 2623 4511; x_wconf 83' lang='grc' dir='ltr'><strong>διὰ</strong></span> <span class='ocrx_word' id='word_1_610' title='bbox 2651 4458 2748 4528; x_wconf 90' lang='grc' dir='ltr'><strong>τῆς</strong></span> <span class='ocrx_word' id='word_1_611' title='bbox 2776 4458 2869 4511; x_wconf 89' lang='grc' dir='ltr'><strong>τοῦ</strong></span> <span class='ocrx_word' id='word_1_612' title='bbox 2894 4457 3148 4529; x_wconf 86' lang='grc' dir='ltr'>Σωτῆρος</span> <span class='ocrx_word' id='word_1_613' title='bbox 3174 4457 3430 4529; x_wconf 78' lang='grc' dir='ltr'>ἀφίξεως.</span> 
     </span>
    </p>
   </div>
   <div class='ocr_carea' id='block_1_101' title="bbox 2358 4544 3857 4622">
    <p class='ocr_par' dir='ltr' id='par_1_101' title="bbox 2358 4544 3857 4622">
     <span class='ocr_line' id='line_1_101' title="bbox 2358 4544 3857 4622; baseline 0 -18"><span class='ocrx_word' id='word_1_614' title='bbox 2358 4549 2444 4615; x_wconf 80' lang='grc' dir='ltr'>ιζ’.</span> <span class='ocrx_word' id='word_1_615' title='bbox 2497 4550 2778 4621; x_wconf 85' lang='grc' dir='ltr'>Διήγησις,</span> <span class='ocrx_word' id='word_1_616' title='bbox 2810 4544 2899 4604; x_wconf 74' lang='grc' dir='ltr'>οἵα</span> <span class='ocrx_word' id='word_1_617' title='bbox 2944 4550 3024 4620; x_wconf 83' lang='grc' dir='ltr'>τῷ</span> <span class='ocrx_word' id='word_1_618' title='bbox 3068 4550 3281 4622; x_wconf 86' lang='grc' dir='ltr'>ἀρχαίῳ</span> <span class='ocrx_word' id='word_1_619' title='bbox 3311 4549 3445 4620; x_wconf 83' lang='grc' dir='ltr'>λαῷ,</span> <span class='ocrx_word' id='word_1_620' title='bbox 3477 4551 3612 4621; x_wconf 78' lang='grc' dir='ltr'>πρὶν</span> <span class='ocrx_word' id='word_1_621' title='bbox 3657 4551 3857 4605; x_wconf 69' lang='grc' dir='ltr'>οἰκοδο-</span> 
     </span>
    </p>
   </div>
   <div class='ocr_carea' id='block_1_102' title="bbox 2286 4637 3856 4717">
    <p class='ocr_par' dir='ltr' id='par_1_102' title="bbox 2286 4637 3856 4717">
     <span class='ocr_line' id='line_1_102' title="bbox 2286 4637 3856 4717; baseline -0.003 -20"><span class='ocrx_word' id='word_1_622' title='bbox 2286 4643 2525 4717; x_wconf 88' lang='grc' dir='ltr'>μηθῆναι</span> <span class='ocrx_word' id='word_1_623' title='bbox 2557 4644 2647 4698; x_wconf 81' lang='grc' dir='ltr'>τὸν</span> <span class='ocrx_word' id='word_1_624' title='bbox 2678 4642 2770 4697; x_wconf 85' lang='grc' dir='ltr'><strong>τοῦ</strong></span> <span class='ocrx_word' id='word_1_625' title='bbox 2800 4642 2937 4696; x_wconf 84' lang='grc' dir='ltr'>Θεοῦ</span> <span class='ocrx_word' id='word_1_626' title='bbox 2966 4643 3112 4708; x_wconf 75' lang='grc' dir='ltr'>ναὸν,</span> <span class='ocrx_word' id='word_1_627' title='bbox 3140 4637 3226 4695; x_wconf 81' lang='grc' dir='ltr'><strong>οία</strong></span> <span class='ocrx_word' id='word_1_628' title='bbox 3261 4644 3318 4697; x_wconf 80' lang='grc' dir='ltr'>δὲ</span> <span class='ocrx_word' id='word_1_629' title='bbox 3353 4642 3491 4713; x_wconf 85' lang='grc' dir='ltr'><strong>μετά</strong></span> <span class='ocrx_word' id='word_1_630' title='bbox 3533 4645 3635 4714; x_wconf 76' lang='grc' dir='ltr'>τὴν</span> <span class='ocrx_word' id='word_1_631' title='bbox 3663 4643 3856 4696; x_wconf 75' lang='grc' dir='ltr'>οἰκοδο-</span> 
     </span>
    </p>
   </div>
   <div class='ocr_carea' id='block_1_103' title="bbox 2285 4733 3849 4807">
    <p class='ocr_par' dir='ltr' id='par_1_103' title="bbox 2285 4733 3849 4807">
     <span class='ocr_line' id='line_1_103' title="bbox 2285 4733 3849 4807; baseline -0.004 -14"><span class='ocrx_word' id='word_1_632' title='bbox 2285 4737 2394 4807; x_wconf 82' lang='grc' dir='ltr'>μὴν</span> <span class='ocrx_word' id='word_1_633' title='bbox 2425 4735 2525 4807; x_wconf 82' lang='grc' dir='ltr'>τὴν</span> <span class='ocrx_word' id='word_1_634' title='bbox 2557 4734 2771 4801; x_wconf 78' lang='grc' dir='ltr'>τούτου,</span> <span class='ocrx_word' id='word_1_635' title='bbox 2796 4734 2873 4806; x_wconf 86' lang='grc' dir='ltr'><strong>τῷ</strong></span> <span class='ocrx_word' id='word_1_636' title='bbox 2901 4736 3007 4806; x_wconf 85' lang='grc' dir='ltr'>νέῳ</span> <span class='ocrx_word' id='word_1_637' title='bbox 3035 4733 3152 4804; x_wconf 88' lang='grc' dir='ltr'>λαῷ</span> <span class='ocrx_word' id='word_1_638' title='bbox 3184 4734 3337 4806; x_wconf 81' lang='grc' dir='ltr'>παρὰ</span> <span class='ocrx_word' id='word_1_639' title='bbox 3359 4734 3494 4788; x_wconf 86' lang='grc' dir='ltr'>Θεοῦ</span> <span class='ocrx_word' id='word_1_640' title='bbox 3532 4735 3849 4806; x_wconf 77' lang='grc' dir='ltr'>γεγένηται’</span> 
     </span>
    </p>
   </div>
   <div class='ocr_carea' id='block_1_104' title="bbox 2281 4824 3466 4897">
    <p class='ocr_par' dir='ltr' id='par_1_104' title="bbox 2281 4824 3466 4897">
     <span class='ocr_line' id='line_1_104' title="bbox 2281 4824 3466 4897; baseline -0.002 -14"><span class='ocrx_word' id='word_1_641' title='bbox 2281 4829 2377 4883; x_wconf 76' lang='grc' dir='ltr'><strong>καὶ</strong></span> <span class='ocrx_word' id='word_1_642' title='bbox 2408 4827 2726 4883; x_wconf 85' lang='grc' dir='ltr'>διδασκαλία</span> <span class='ocrx_word' id='word_1_643' title='bbox 2752 4827 2806 4880; x_wconf 91' lang='grc' dir='ltr'><strong>τί</strong></span> <span class='ocrx_word' id='word_1_644' title='bbox 2839 4824 3140 4897; x_wconf 86' lang='grc' dir='ltr'>κατορθοῦν</span> <span class='ocrx_word' id='word_1_645' title='bbox 3168 4826 3466 4894; x_wconf 80' lang='grc' dir='ltr'>ὀφείλουσι.</span> 
     </span>
    </p>
   </div>
   <div class='ocr_carea' id='block_1_105' title="bbox 2353 4916 3849 4991">
    <p class='ocr_par' dir='ltr' id='par_1_105' title="bbox 2353 4916 3849 4991">
     <span class='ocr_line' id='line_1_105' title="bbox 2353 4916 3849 4991; baseline -0.004 -16"><span class='ocrx_word' id='word_1_646' title='bbox 2353 4920 2441 4987; x_wconf 86' lang='grc' dir='ltr'>ιη’.</span> <span class='ocrx_word' id='word_1_647' title='bbox 2475 4919 2763 4991; x_wconf 84' lang='grc' dir='ltr'>Προτροπὴ</span> <span class='ocrx_word' id='word_1_648' title='bbox 2794 4918 3047 4989; x_wconf 84' lang='grc' dir='ltr'>νηστείας</span> <span class='ocrx_word' id='word_1_649' title='bbox 3075 4920 3187 4982; x_wconf 82' lang='grc' dir='ltr'>τοῖς</span> <span class='ocrx_word' id='word_1_650' title='bbox 3211 4916 3745 4988; x_wconf 79' lang='grc' dir='ltr'>ἐξομολογουμένοις,</span> <span class='ocrx_word' id='word_1_651' title='bbox 3782 4916 3849 4979; x_wconf 66' lang='grc' dir='ltr'>ὡς</span> 
     </span>
    </p>
   </div>
   <div class='ocr_carea' id='block_1_106' title="bbox 2280 5009 3845 5084">
    <p class='ocr_par' dir='ltr' id='par_1_106' title="bbox 2280 5009 3845 5084">
     <span class='ocr_line' id='line_1_106' title="bbox 2280 5009 3845 5084; baseline -0.004 -18"><span class='ocrx_word' id='word_1_652' title='bbox 2280 5015 2340 5068; x_wconf 81' lang='grc' dir='ltr'>ὲν</span> <span class='ocrx_word' id='word_1_653' title='bbox 2371 5012 2507 5084; x_wconf 71' lang='grc' dir='ltr'>αὐτῇ</span> <span class='ocrx_word' id='word_1_654' title='bbox 2538 5011 2636 5082; x_wconf 80' lang='grc' dir='ltr'>τὴν</span> <span class='ocrx_word' id='word_1_655' title='bbox 2666 5010 3006 5082; x_wconf 82' lang='grc' dir='ltr'>εὐφροσύνην</span> <span class='ocrx_word' id='word_1_656' title='bbox 3029 5009 3245 5080; x_wconf 81' lang='grc' dir='ltr'>έχουσι·</span> <span class='ocrx_word' id='word_1_657' title='bbox 3277 5010 3373 5063; x_wconf 83' lang='grc' dir='ltr'>καὶ</span> <span class='ocrx_word' id='word_1_658' title='bbox 3399 5010 3709 5083; x_wconf 77' lang='grc' dir='ltr'>πρόρρησις</span> <span class='ocrx_word' id='word_1_659' title='bbox 3740 5011 3845 5061; x_wconf 66' lang='grc' dir='ltr'>ἐει-</span> 
     </span>
    </p>
   </div>
   <div class='ocr_carea' id='block_1_107' title="bbox 2282 5094 3662 5178">
    <p class='ocr_par' dir='ltr' id='par_1_107' title="bbox 2282 5094 3662 5178">
     <span class='ocr_line' id='line_1_107' title="bbox 2282 5094 3662 5178; baseline -0.003 -18"><span class='ocrx_word' id='word_1_660' title='bbox 2282 5094 2523 5178; x_wconf 75' lang='grc' dir='ltr'>στροφῆς</span> <span class='ocrx_word' id='word_1_661' title='bbox 2552 5102 2721 5159; x_wconf 79' lang='grc' dir='ltr'>ἐθνῶν</span> <span class='ocrx_word' id='word_1_662' title='bbox 2747 5103 2837 5157; x_wconf 83' lang='grc' dir='ltr'>διὰ</span> <span class='ocrx_word' id='word_1_663' title='bbox 2862 5104 2963 5173; x_wconf 87' lang='grc' dir='ltr'><strong>τῆς</strong></span> <span class='ocrx_word' id='word_1_664' title='bbox 2991 5102 3085 5157; x_wconf 85' lang='grc' dir='ltr'><strong>τοῦ</strong></span> <span class='ocrx_word' id='word_1_665' title='bbox 3120 5103 3374 5174; x_wconf 87' lang='grc' dir='ltr'>Σωτῆρος</span> <span class='ocrx_word' id='word_1_666' title='bbox 3400 5101 3662 5171; x_wconf 80' lang='grc' dir='ltr'>ἀφίξεως.</span> 
     </span>
    </p>
   </div>
   <div class='ocr_carea' id='block_1_108' title="bbox 2354 5196 3845 5269">
    <p class='ocr_par' dir='ltr' id='par_1_108' title="bbox 2354 5196 3845 5269">
     <span class='ocr_line' id='line_1_108' title="bbox 2354 5196 3845 5269; baseline -0.003 -18"><span class='ocrx_word' id='word_1_667' title='bbox 2354 5199 2437 5252; x_wconf 86' lang='grc' dir='ltr'>ιθ’.</span> <span class='ocrx_word' id='word_1_668' title='bbox 2485 5198 2801 5269; x_wconf 82' lang='grc' dir='ltr'>Προφητεία</span> <span class='ocrx_word' id='word_1_669' title='bbox 2835 5196 3146 5267; x_wconf 82' lang='grc' dir='ltr'>ἀφανισμοῦ</span> <span class='ocrx_word' id='word_1_670' title='bbox 3192 5196 3401 5265; x_wconf 80' lang='grc' dir='ltr'>πλάνης</span> <span class='ocrx_word' id='word_1_671' title='bbox 3447 5196 3716 5265; x_wconf 81' lang='grc' dir='ltr'>ἐσομένης</span> <span class='ocrx_word' id='word_1_672' title='bbox 3744 5196 3845 5255; x_wconf 73' lang='grc' dir='ltr'>τοῖς</span> 
     </span>
    </p>
   </div>
   <div class='ocr_carea' id='block_1_109' title="bbox 3506 4364 3857 4437">
    <p class='ocr_par' dir='ltr' id='par_1_109' title="bbox 3506 4364 3857 4437">
     <span class='ocr_line' id='line_1_109' title="bbox 3506 4364 3857 4437; baseline 0 -18"><span class='ocrx_word' id='word_1_673' title='bbox 3506 4366 3572 4419; x_wconf 85' lang='grc' dir='ltr'>Ἰε</span> <span class='ocrx_word' id='word_1_674' title='bbox 3581 4364 3857 4437; x_wconf 69' lang='grc' dir='ltr'>ρουσαλὴμ</span> 
     </span>
    </p>
   </div>
   <div class='ocr_carea' id='block_1_110' title="bbox 2280 5288 3843 5361">
    <p class='ocr_par' dir='ltr' id='par_1_110' title="bbox 2280 5288 3843 5361">
     <span class='ocr_line' id='line_1_110' title="bbox 2280 5288 3843 5361; baseline -0.004 -15"><span class='ocrx_word' id='word_1_675' title='bbox 2280 5291 2492 5346; x_wconf 66' lang='grc' dir='ltr'>ἐθνεσν</span> <span class='ocrx_word' id='word_1_676' title='bbox 2540 5289 2637 5343; x_wconf 74' lang='grc' dir='ltr'>καὶ</span> <span class='ocrx_word' id='word_1_677' title='bbox 2683 5290 2987 5361; x_wconf 75' lang='grc' dir='ltr'>πρόρρησις</span> <span class='ocrx_word' id='word_1_678' title='bbox 3017 5290 3115 5360; x_wconf 87' lang='grc' dir='ltr'><strong>τῆς</strong></span> <span class='ocrx_word' id='word_1_679' title='bbox 3163 5291 3222 5342; x_wconf 88' lang='grc' dir='ltr'><strong>ἐν</strong></span> <span class='ocrx_word' id='word_1_680' title='bbox 3251 5288 3433 5351; x_wconf 81' lang='grc' dir='ltr'>αὐτοῖς</span> <span class='ocrx_word' id='word_1_681' title='bbox 3478 5288 3843 5357; x_wconf 76' lang='grc' dir='ltr'>φυτευομένης</span> 
     </span>
    </p>
   </div>
   <div class='ocr_carea' id='block_1_111' title="bbox 2280 5380 3841 5456">
    <p class='ocr_par' dir='ltr' id='par_1_111' title="bbox 2280 5380 3841 5456">
     <span class='ocr_line' id='line_1_111' title="bbox 2280 5380 3841 5456; baseline -0.005 -18"><span class='ocrx_word' id='word_1_682' title='bbox 2280 5384 2537 5449; x_wconf 86' lang='grc' dir='ltr'>πίστεως,</span> <span class='ocrx_word' id='word_1_683' title='bbox 2584 5383 2653 5437; x_wconf 78' lang='grc' dir='ltr'><strong>δι’</strong></span> <span class='ocrx_word' id='word_1_684' title='bbox 2697 5382 2765 5455; x_wconf 82' lang='grc' dir='ltr'>ἢν</span> <span class='ocrx_word' id='word_1_685' title='bbox 2811 5384 2910 5437; x_wconf 87' lang='grc' dir='ltr'>οὐκ</span> <span class='ocrx_word' id='word_1_686' title='bbox 2948 5382 3029 5437; x_wconf 71' lang='grc' dir='ltr'>ἔτι</span> <span class='ocrx_word' id='word_1_687' title='bbox 3072 5381 3171 5456; x_wconf 81' lang='grc' dir='ltr'>τὴν</span> <span class='ocrx_word' id='word_1_688' title='bbox 3209 5380 3520 5452; x_wconf 74' lang='grc' dir='ltr'>διαδολικὴν</span> <span class='ocrx_word' id='word_1_689' title='bbox 3554 5380 3841 5434; x_wconf 73' lang='grc' dir='ltr'>ἀπελασίαν</span> 
     </span>
    </p>
   </div>
   <div class='ocr_carea' id='block_1_112' title="bbox 2277 5476 2567 5532">
    <p class='ocr_par' dir='ltr' id='par_1_112' title="bbox 2277 5476 2567 5532">
     <span class='ocr_line' id='line_1_112' title="bbox 2277 5476 2567 5532; baseline 0.003 -1"><span class='ocrx_word' id='word_1_690' title='bbox 2277 5476 2567 5532; x_wconf 83' lang='grc' dir='ltr'>δεδοίκασι.</span> 
     </span>
    </p>
   </div>
   <div class='ocr_carea' id='block_1_113' title="bbox 2352 5563 3834 5640">
    <p class='ocr_par' dir='ltr' id='par_1_113' title="bbox 2352 5563 3834 5640">
     <span class='ocr_line' id='line_1_113' title="bbox 2352 5563 3834 5640; baseline -0.004 -17"><span class='ocrx_word' id='word_1_691' title='bbox 2352 5569 2421 5624; x_wconf 86' lang='grc' dir='ltr'>κ’.</span> <span class='ocrx_word' id='word_1_692' title='bbox 2449 5569 2764 5640; x_wconf 82' lang='grc' dir='ltr'>Προφητεία</span> <span class='ocrx_word' id='word_1_693' title='bbox 2802 5567 2931 5637; x_wconf 79' lang='grc' dir='ltr'>περὶ</span> <span class='ocrx_word' id='word_1_694' title='bbox 2963 5566 3391 5638; x_wconf 82' lang='grc' dir='ltr'>Χριστοῦ,ὄπως</span> <span class='ocrx_word' id='word_1_695' title='bbox 3426 5565 3526 5637; x_wconf 79' lang='grc' dir='ltr'>τὴν</span> <span class='ocrx_word' id='word_1_696' title='bbox 3571 5568 3690 5620; x_wconf 79' lang='grc' dir='ltr'>ὄνον</span> <span class='ocrx_word' id='word_1_697' title='bbox 3718 5563 3834 5618; x_wconf 63' lang='grc' dir='ltr'>καθα</span> 
     </span>
    </p>
   </div>
   <div class='ocr_carea' id='block_1_114' title="bbox 2282 5659 3831 5732">
    <p class='ocr_par' dir='ltr' id='par_1_114' title="bbox 2282 5659 3831 5732">
     <span class='ocr_line' id='line_1_114' title="bbox 2282 5659 3831 5732; baseline -0.006 -17"><span class='ocrx_word' id='word_1_698' title='bbox 2282 5662 2423 5726; x_wconf 83' lang='grc' dir='ltr'>ίσας,</span> <span class='ocrx_word' id='word_1_699' title='bbox 2460 5660 2559 5732; x_wconf 84' lang='grc' dir='ltr'>τὴν</span> <span class='ocrx_word' id='word_1_700' title='bbox 2622 5660 2917 5731; x_wconf 81' lang='grc' dir='ltr'>Ἰουδαῐκὴν</span> <span class='ocrx_word' id='word_1_701' title='bbox 2946 5660 3261 5726; x_wconf 75' lang='grc' dir='ltr'>ἀλαζονείαν</span> <span class='ocrx_word' id='word_1_702' title='bbox 3290 5661 3554 5714; x_wconf 80' lang='grc' dir='ltr'>ἀπόλλυσι</span> <span class='ocrx_word' id='word_1_703' title='bbox 3578 5677 3591 5689; x_wconf 93' lang='grc'><strong>·</strong></span> <span class='ocrx_word' id='word_1_704' title='bbox 3625 5659 3831 5729; x_wconf 75' lang='grc' dir='ltr'>εἰρήνην</span> 
     </span>
    </p>
   </div>
   <div class='ocr_carea' id='block_1_115' title="bbox 2276 5751 3830 5827">
    <p class='ocr_par' dir='ltr' id='par_1_115' title="bbox 2276 5751 3830 5827">
     <span class='ocr_line' id='line_1_115' title="bbox 2276 5751 3830 5827; baseline -0.004 -18"><span class='ocrx_word' id='word_1_705' title='bbox 2276 5755 2334 5810; x_wconf 84' lang='grc' dir='ltr'>δὲ</span> <span class='ocrx_word' id='word_1_706' title='bbox 2378 5754 2706 5827; x_wconf 84' lang='grc' dir='ltr'>πρυτανεύει</span> <span class='ocrx_word' id='word_1_707' title='bbox 2732 5756 2843 5819; x_wconf 83' lang='grc' dir='ltr'>τοῖς</span> <span class='ocrx_word' id='word_1_708' title='bbox 2877 5752 3075 5818; x_wconf 80' lang='grc' dir='ltr'>ἔθνεσι,</span> <span class='ocrx_word' id='word_1_709' title='bbox 3104 5753 3359 5827; x_wconf 83' lang='grc' dir='ltr'>ὀργάνοις</span> <span class='ocrx_word' id='word_1_710' title='bbox 3387 5756 3501 5817; x_wconf 83' lang='grc' dir='ltr'>τοῖς</span> <span class='ocrx_word' id='word_1_711' title='bbox 3530 5751 3830 5811; x_wconf 64' lang='grc' dir='ltr'>ἀποστόλοις</span> 
     </span>
    </p>
   </div>
   <div class='ocr_carea' id='block_1_116' title="bbox 603 5844 2184 5923">
    <p class='ocr_par' dir='ltr' id='par_1_116' title="bbox 603 5850 2174 5923">
     <span class='ocr_line' id='line_1_116' title="bbox 603 5850 2174 5923; baseline -0.001 -16"><span class='ocrx_word' id='word_1_712' title='bbox 603 5851 762 5908; x_wconf 85' lang='lat' dir='ltr'><strong>licam</strong></span> <span class='ocrx_word' id='word_1_713' title='bbox 803 5852 1267 5923; x_wconf 70' lang='lat' dir='ltr'><strong>praedicationem,</strong></span> <span class='ocrx_word' id='word_1_714' title='bbox 1311 5854 1368 5919; x_wconf 87' lang='lat' dir='ltr'><strong>in</strong></span> <span class='ocrx_word' id='word_1_715' title='bbox 1402 5853 1829 5910; x_wconf 77' lang='lat' dir='ltr'><strong>destructionem</strong></span> <span class='ocrx_word' id='word_1_716' title='bbox 1861 5850 2081 5919; x_wconf 83' lang='lat' dir='ltr'><strong>erroris,</strong></span> <span class='ocrx_word' id='word_1_717' title='bbox 2118 5850 2174 5906; x_wconf 90' lang='lat' dir='ltr'><strong>in</strong></span> 
     </span>
    </p>
   </div>
   <div class='ocr_carea' id='block_1_117' title="bbox 2281 5844 3825 5923">
    <p class='ocr_par' dir='ltr' id='par_1_117' title="bbox 2281 5844 3825 5922">
     <span class='ocr_line' id='line_1_117' title="bbox 2281 5844 3825 5922; baseline -0.001 -20"><span class='ocrx_word' id='word_1_718' title='bbox 2281 5849 2354 5915; x_wconf 81' lang='grc' dir='ltr'><strong>είς</strong></span> <span class='ocrx_word' id='word_1_719' title='bbox 2383 5849 2442 5909; x_wconf 78' lang='grc' dir='ltr'>τὸ</span> <span class='ocrx_word' id='word_1_720' title='bbox 2468 5846 2823 5920; x_wconf 76' lang='grc' dir='ltr'>εὐαγγελικὸν</span> <span class='ocrx_word' id='word_1_721' title='bbox 2850 5848 3133 5922; x_wconf 73' lang='grc' dir='ltr'>κηρυγμα,</span> <span class='ocrx_word' id='word_1_722' title='bbox 3176 5848 3269 5902; x_wconf 70' lang='grc' dir='ltr'>καὶ</span> <span class='ocrx_word' id='word_1_723' title='bbox 3299 5848 3396 5920; x_wconf 72' lang='grc' dir='ltr'>τὴν</span> <span class='ocrx_word' id='word_1_724' title='bbox 3437 5848 3707 5909; x_wconf 74' lang='grc' dir='ltr'>ἀπώλειαν</span> <span class='ocrx_word' id='word_1_725' title='bbox 3739 5844 3825 5907; x_wconf 70' lang='grc' dir='ltr'><strong>τῆς</strong></span> 
     </span>
    </p>
   </div>
  </div>
