3962 6412
152 417 297 478 1565

1208 416 1289 475 IN
1319 416 1434 475 XII
1472 412 1914 474 PROPHETAS
1952 413 2316 476 MINORES.

3272 397 3410 464 1366

145 528 392 597 πλάνης,
424 526 520 581 καὶ
550 528 658 581 τῶν
694 526 1011 599 μυστηρίων
1040 526 1137 598 τὴν
1165 526 1492 597 φανέρωσιν,
1526 523 1621 577 καὶ
1641 524 1737 595 τὴν

1882 525 2222 597 iysteriorum
2278 522 2818 585 manifestationem,
2887 520 2944 575 in
2994 514 3414 574 conversionem

146 621 501 695 ἐπιστροφὴν
521 619 632 673 τῶν
656 619 1090 691 πεπλανημένων
1121 620 1486 691 χρησάμενος.

228 717 341 766 κα¹.
393 712 514 765 Ὀτι
551 711 703 783 παρά
746 711 882 765 Θεοῦ
917 713 1011 765 καὶ
1058 712 1159 782 τὴν
1207 713 1369 783 χάριν
1398 713 1481 767 δεῖ
1513 714 1608 768 καὶ
1644 714 1736 767 τὸν

148 803 325 873 νόμον
363 803 796 875 προσδέχεσθαι·
832 802 927 857 καὶ
978 803 1197 875 διαθολὴ
1245 805 1355 859 τῶν
1408 804 1737 877 Ἑλληνικῶν

154 895 441 963 μάντεων,
493 894 589 947 καὶ
644 892 842 965 ἀπειλὴ
895 893 1004 947 τῶν
1061 896 1370 950 Ἰουδαϊκῶν
1427 896 1734 967 ποιμένωνο

152 990 254 1040 καὶ
286 991 593 1059 προφητεία
616 990 717 1060 τῆς
744 988 833 1043 διὰ
851 988 959 1042 τῶν
987 989 1302 1043 ἀποστόλων
1332 990 1597 1061 ἐσομένης
1626 990 1741 1041 ἐπι-

156 1080 407 1152 στροφῆς
428 1081 515 1135 διὰ
544 1081 921 1152 βαπτίσματος
949 1082 1041 1134 καὶ
1081 1081 1369 1152 μετανοίας
1391 1083 1456 1136 ἐκ
1482 1081 1584 1151 τῆς
1608 1080 1739 1134 πλά-

153 1189 262 1241 νης
290 1175 404 1236 τοῖς
437 1172 636 1226 ἔθνεσι.

231 1287 337 1358 κβ’.
388 1290 700 1359 Πρόρῤησις
752 1288 958 1343 εἰσόδου
995 1287 1134 1359 πρὸς
1175 1287 1244 1341 τὰ
1280 1287 1408 1359 ἔθνη
1440 1286 1535 1340 τοῦ
1573 1286 1741 1340 Πνεῦ-

160 1391 336 1443 ματος
358 1392 373 1405 ”
406 1376 500 1428 καὶ
532 1375 766 1429 εἰδώλων
801 1376 1060 1440 πτώσεως
1080 1392 1092 1404 ·
1116 1378 1211 1430 καὶ
1239 1376 1439 1449 θρήνου
1470 1375 1576 1430 τῶν
1612 1377 1741 1429 Ἰου-

155 1465 369 1519 δαῖκῶν
399 1466 692 1538 ποιμένων,
724 1468 813 1538 ἐφ’
843 1462 923 1532 οἷς
956 1469 1314 1539 καταργεῖται
1359 1467 1429 1520 τά
1476 1467 1607 1538 παρ’
1642 1467 1742 1523 αὐ-

156 1560 276 1621 τοῖς
307 1557 605 1629 καθάρσια.

235 1646 346 1716 κγ’.
394 1650 709 1723 Προφήτεία
741 1650 870 1721 περὶ
900 1649 1158 1721 Χριστοῦ,
1190 1649 1497 1720 ποιμαίνειν
1527 1648 1742 1723 εὐδοκία

158 1742 258 1794 τοῦ
307 1742 524 1811 Πατρδς
575 1743 645 1796 τά
688 1742 877 1813 πρώην
927 1742 1247 1799 ἀπολωλότα
1287 1742 1590 1813 μέλλοντος.
1646 1742 1743 1796 καὶ¹

1837 632 2027 673 eorum
2053 617 2146 689 qui
2178 624 2517 673 erraverant.

1909 707 2050 764 XXI.
2073 708 2228 776 Quod
2258 724 2288 765 a
2315 709 2427 765 Deo
2459 717 2575 765 tum
2596 707 2703 774 lex,
2729 714 2843 761 tum
2872 702 3065 776 gratia,
3084 702 3411 772 accipienda

1837 800 1927 855 sit.
1947 800 2012 856 Et
2040 801 2301 872 detractio
2335 802 2848 874 gentiliumvatum,
2880 806 2936 855 et
2962 796 3125 851 minae
3161 794 3417 851 Iudaico-

1839 904 1962 943 rum
1991 897 2297 960 pastorum.
2321 889 2656 949 Vaticinium
2696 885 3088 943 conversionis.
3110 900 3178 939 ex
3228 897 3437 938 errore.

1839 991 1937 1046 per
1953 979 2227 1047 apostolos
2249 977 2503 1055 gentibus
2528 976 2727 1036 futura
2747 989 2847 1046 per
2866 972 3199 1044 baptismum
3229 979 3284 1025 et
3302 984 3433 1055 poe~.

1841 1069 2151 1126 nitentiam.

1914 1270 2077 1329 XXII.
2103 1272 2391 1330 Pratdictio
2411 1272 2765 1346 ingressionis
2790 1270 3026 1343 Spiritus
3052 1268 3107 1323 in
3135 1270 3446 1339 gentes..et~

1840 1366 2014 1422 ruinae
2049 1366 2339 1432 idolorum,
2370 1374 2428 1422 et
2459 1364 2870 1421 Iamentationis
2910 1361 3263 1417 Iudaicarum
3323 1372 3420 1427 pa-

1840 1463 2072 1521 storum,
2098 1469 2165 1511 eo
2183 1455 2326 1534 quod
2342 1462 2520 1511 cessat
2546 1452 2689 1525 apud
2712 1451 2859 1529 ipsos
2873 1448 3053 1517 hostia
3072 1442 3417 1517 expiationis.

1914 1638 2109 1705 XXIII.
2130 1637 2461 1705 Vaticinium
2491 1635 2559 1702 de
2587 1636 2830 1701 Christo,
2858 1636 2953 1707 qui
2972 1650 3039 1690 ex
3058 1634 3201 1693 bona
3226 1632 3420 1695 volun—

1848 1740 1957 1787 tate
1991 1730 2171 1785 Patris
2201 1744 2427 1800 pascere
2456 1727 2621 1784 debet
2638 1742 2702 1782 ea
2722 1741 2844 1797 qua
2872 1735 3000 1781 ante
3025 1723 3321 1795 perierant.
3353 1721 3423 1792 Et

160 1833 364 1903 ἀπειλὴ
396 1834 496 1905 τῆς
525 1833 632 1888 τῶν
670 1834 937 1889 Ἰουδαίων
958 1835 1296 1906 πορθήσεως,
1321 1835 1543 1903 Καῑάφα
1559 1850 1619 1887 τε
1649 1835 1743 1889 καὶ

1882 1819 2010 1885 minae
2038 1817 2363 1895 direptionis
2403 1814 2736 1879 Iudaeorum,
2768 1823 2824 1870 et
2870 1811 3160 1868 ablationis
3198 1809 3453 1881 Caiphae-

161 1927 402 1982 Πιλάτου
438 1928 530 1981 καὶ
569 1926 811 1997 Ἡρώδου
880 1926 1173 1998 ἐξάρσεως,
1239 1927 1406 1999 νόμου
1449 1944 1510 1980 τε
1538 1926 1743 1998 ἐγγρά·

162 2035 272 2087 (pou
309 2020 401 2071 καὶ
441 2017 668 2088 φυσικοῦ
720 2019 1063 2090 μεταθέσεως
1112 2020 1192 2083 είς
1239 2019 1435 2072 αὐτόν·
1481 2018 1744 2089 ἐκατέρου

164 2106 479 2178 διόρθωσιν.

244 2215 346 2273 κδ’.
399 2218 711 2289 Προφητεία
740 2219 841 2288 τῆς
870 2220 1134 2291 ἐσομένης
1164 2219 1223 2274 ἐν
1254 2222 1367 2283 τοῖς
1396 2219 1573 2275 ἔθνεσι
1606 2219 1747 2290 γνώ-

172 2326 337 2375 σεως,
386 2312 484 2365 καὶ
532 2313 629 2380 τῆς
676 2310 770 2380 τρῦ
817 2311 1023 2382 Κυρίου
1072 2313 1406 2381 φαντασίαςσ
1461 2313 1555 2367 καὶ
1602 2314 1749 2378 ὅπως

166 2404 345 2475 αὐτῆς
382 2403 482 2473 μὲν
522 2403 780 2473 ἀδόκιμον
827 2402 1042 2474 ἐδείχθη
1088 2402 1148 2455 τὸ
1193 2403 1479 2477 ἀργύριον,
1528 2405 1581 2475 η,
1612 2403 1751 2476 πρὸς

166 2497 264 2549 τὸν
300 2496 429 2552 λαὸν
454 2496 510 2553 δὲ
542 2495 651 2548 τῶν
697 2496 965 2550 Ἰουδαίων
992 2495 1222 2568 διαθήκη
1258 2497 1584 2569 κατηγορία.

246 2594 346 2648 κε’.
398 2586 732 2657 Προφητεία,
764 2587 830 2651 τί,
850 2588 948 2659 μὲν
975 2590 1003 2641 ὁ
1036 2588 1403 2661 Ἀντίχριστος
1433 2589 1673 2661 ποιήσει,
1701 2589 1754 2644 τί

170 2677 233 2731 δέ
272 2678 364 2730 καὶ
397 2677 582 2747 μέλλει
612 2678 921 2733 πείσεσθαι.

247 2799 360 2858 κς·¹.
412 2793 717 2866 Πρόρρησις
745 2793 854 2847 τῶν
887 2793 1191 2865 μελλόντων
1207 2796 1287 2866 τῇ
1310 2794 1667 2868 Ἰερουσαλὴμ
1699 2798 1756 2851 ἐν

174 2889 244 2955 τῇ
298 2884 563 2957 πορθήσει
615 2886 997 2957 συμβήσεσθαι
1046 2888 1141 2940 καὶ
1179 2887 1289 2940 τῶν
1342 2888 1615 2958 ἐσομένων
1670 2889 1759 2942 διὰ

178 2978 477 3047 μετανοίας
522 2979 852 3046 σωζομένοις
883 2978 1123 3047 ἀγαθῶν,
1157 2980 1308 3043 ὅπως
1354 2980 1510 3034 αὐτοὶ
1550 2982 1648 3052 μὲν
1678 2982 1757 3045 εἰς

176 3074 279 3142 τὴν
313 3071 467 3136 τάξιν
493 3072 602 3124 τῶν
643 3071 865 3133 δικαίων
897 3070 1279 3144 ἀναϐήσονται,
1315 3074 1397 3137 είς
1425 3073 1483 3127 δὲ
1520 3073 1620 3143 τὴν
1652 3075 1761 3127 τῶν

177 3162 427 3231 ἀγγέλων
458 3166 507 3215 οἱ
544 3162 761 3216 δίκαιοι.

251 3257 354 3321 κζ’.
411 3256 721 3327 Προφητεία
748 3256 1022 3322 ἀπωλείας
1046 3257 1335 3328 δαιμόνων,
1366 3258 1579 3329 καὶτῆς
1603 3258 1752 3329 ἰσχὺ-

180 3366 318 3413 σεως
348 3349 451 3418 τῆς
483 3349 577 3402 ἐπὶ
606 3350 733 3413 τοὺς
775 3349 1001 3413 πιστοὺς
1034 3349 1324 3420 γινομένης
1361 3349 1458 3403 τοῦ
1508 3350 1758 3421 Πνεῦμαο

180 3459 272 3505 τος
292 3456 306 3471 ’
336 3442 434 3494 καὶ
476 3440 589 3494 τῶν
623 3441 897 3511 ἐσομένων
924 3442 982 3494 ἐν
1006 3441 1085 3511 τῷ
1126 3441 1304 3512 καιρῷ
1328 3442 1426 3513 τῆς
1455 3442 1765 3507 συντελείας

182 3536 299 3598 τοῖς
343 3532 617 3596 Ἰουδαίοις
644 3532 867 3586 κακῶν·
899 3532 1134 3586 εἰδώλων
1159 3549 1217 3586 τε
1257 3534 1351 3587 καὶ
1377 3533 1473 3586 τοῦ
1518 3533 1766 3605 πνεύμαο

183 3644 275 3689 τος
307 3626 409 3697 τῆς
442 3625 651 3697 πλάνης
697 3625 1095 3698 όλοθρεύσεως“
1135 3626 1228 3678 καί¹
1278 3622 1369 3680 οἷα
1414 3625 1493 3696 τῷ
1543 3626 1769 3697 Χριστῴ

185 3718 449 3790 ἐξαίρετα
474 3718 870 3791 προφητεύοντι
896 3719 1048 3791 παρὰ
1073 3718 1168 3772 τοῦ
1195 3718 1327 3772 λαοῦ
1356 3717 1464 3772 τῶν
1498 3717 1768 3772 Ἰουδαίων

187 3806 499 3883 γενήσεται.

260 3910 372 3974 κη’.
426 3906 471 3957 ΙΙ
482 3903 738 3976 ροφητεία
767 3903 862 3957 τοῦ
896 3903 1229 3958 Δεσποτικοῦ
1262 3902 1518 3975 σταυροῦ,
1549 3902 1643 3957 καὶ
1671 3905 1771 3973 τῆς

189 3995 474 4067 ἀρνήσεως
507 3994 602 4048 τοῦ
634 3995 864 4066 Πέτρου,
909 3997 1005 4048 καὶ
1042 3994 1141 4065 τῆς
1167 3994 1277 4047 τῶν
1310 3994 1626 4049 ἀποστόλων
1654 3994 1772 4051 δια-

191 4086 425 4155 σπορᾶς,
473 4087 566 4139 καὶ
616 4085 712 4154 τῆς
760 4086 870 4139 τῶν
926 4084 1195 4139 Ἰουδαίων
1238 4083 1627 4155 ὀλοθρεύσεως,
1680 4084 1775 4138 καὶ

188 4178 555 4250 προσλήψεως
579 4178 688 4231 τῶν
720 4180 778 4231 ἐν
807 4179 989 4241 αὐτοῖς
1020 4177 1303 4232 σωθέντων
1339 4177 1408 4230 δι’
1440 4176 1773 4247 ἐξομολογή-

192 4286 356 4333 σεως,
387 4268 484 4321 καί⁸
505 4267 742 4339 Χριστοῦ
773 4268 1127 4339 στρατηγίας,
1156 4268 1224 4338 ἣν
1254 4266 1390 4339 πρὸς
1415 4267 1540 4331 τοὺς
1581 4266 1775 4338 δαίμο-

190 4381 290 4427 νας
325 4362 465 4434 ὑπὲρ
488 4365 587 4433 τῆς
613 4362 889 4433 σωτηρίας
916 4362 1025 4415 τῶν
1055 4360 1224 4415 ἐθνῶν
1254 4362 1676 4431 παρατάττεται.

266 4453 370 4508 κθ’.
412 4454 727 4526 Πρόρῤήσις
768 4455 866 4525 τῆς
907 4453 999 4507 τοῦ
1052 4452 1288 4525 Χριστοῦ
1334 4452 1676 4524 ἀναλήψεως,
1718 4452 1777 4518 ἐξ

1802 1898 1903 1990 θοι
1957 1909 2206 1976 Herodis,
2244 1908 2380 1981 legis
2441 1916 2559 1973 tum
2612 1904 2830 1976 scriptae
2875 1913 2989 1958 tum
3055 1900 3327 1969 naturalis
3368 1898 3425 1955 in

1846 2001 2124 2058 Christum
2160 1998 2660 2057 transformationis
2678 1997 3017 2076 Luttiusque
3045 1990 3397 2061 instauratio.

1920 2207 2108 2264 XXIV.
2140 2204 2469 2261 Vaticinium
2495 2203 2693 2259 futurae
2712 2200 2767 2255 in
2801 2197 3057 2272 gentibus
3080 2192 3429 2268 cognitionis.

1850 2312 1904 2358 et
1926 2299 2284 2372 apparitionis
2313 2296 2529 2353 Domini
2566 2312 2582 2362 ;
2610 2302 2667 2350 et
2694 2291 2969 2351 accuSatio
2994 2289 3268 2360 quomodo
3306 2287 3429 2343 nul-

1852 2394 1958 2449 lius
2007 2391 2164 2463 pretii
2196 2390 2373 2446 visum
2415 2396 2502 2444 est
2540 2392 2828 2458 argentum
2864 2381 3009 2454 eius,
3041 2380 3254 2437 scilicet
3303 2395 3432 2435 cum

1851 2484 2053 2557 populo
2081 2482 2395 2539 Iudaeorum
2427 2479 2653 2544 foedus,

1926 2573 2088 2630 XXV.
2120 2573 2450 2637 Vaticinium
2476 2572 2610 2643 quid
2646 2566 3015 2638 Antichristus
3042 2565 3287 2622 facturus
3336 2561 3431 2624 sit.

1854 2668 1989 2741 quid
2028 2683 2159 2724 vero
2194 2682 2476 2739 passurus.

1930 2780 2118 2839 XXVI.
2139 2780 2439 2848 .Praedictio.
2462 2793 2650 2835 eorum
2667 2793 2789 2849 quae
2808 2773 3111 2832 Jerusalem
3136 2770 3199 2841 in
3220 2768 3435 2824 destru-

1860 2876 2043 2935 ctione
2084 2881 2489 2945 superventura
2530 2879 2681 2936 sunt,
2712 2870 3077 2926 et.bonorutn
3126 2862 3435 2919 futurorum

1863 2969 2087 3040 bisqui.
2111 2984 2211 3039 per
2245 2965 2626 3038 paenitentiam
2655 2963 2791 3024 salvi
2821 2958 3063 3018 faciendi
3102 2963 3263 3018 sunt;
3295 2965 3435 3023 quo-

1865 3062 2026 3118 modo
2055 3061 2110 3119 bi
2132 3060 2354 3134 quidem
2388 3059 2442 3125 in
2474 3057 2726 3116 ordinem
2752 3055 3049 3126 iustorum,
3086 3047 3219 3122 justi
3253 3052 3437 3100 autem

1866 3154 1923 3209 in
1957 3153 2207 3209 ordinem
2230 3153 2547 3224 angelorum
2585 3149 2906 3205 ascendent.

1940 3242 2155 3300 XXVII.
2190 3243 2523 3299 Vaticinium
2552 3239 2877 3313 perditionis
2898 3238 3231 3297 daemonum,
3249 3240 3304 3288 et
3326 3232 3441 3287 for-

1870 3338 2118 3394 titudinis
2145 3352 2243 3405 per
2269 3336 2532 3405 Spiritum
2572 3332 2825 3388 fidelibus
2846 3329 3064 3393 futurae,
3098 3324 3442 3381 etmalorum

1864 3431 2066 3487 Judmis
2094 3430 2400 3485 futurorum
2442 3427 2496 3480 in
2521 3435 2766 3495 tempore
2829 3415 3337 3481 consummationis,
3387 3421 3445 3469 et

1867 3526 2044 3581 ruina:
2083 3524 2353 3579 idolorum
2413 3529 2469 3575 et
2511 3516 2748 3588 Spiritus
2793 3511 3014 3578 erroris,
3078 3518 3135 3565 et
3192 3520 3443 3578 quaenam

1866 3620 2088 3676 Christo
2141 3616 2342 3674 eximia
2393 3609 2745 3687 prophetanti
2791 3622 2821 3662 a
2869 3606 3072 3679 populo
3130 3602 3446 3658 Judeorum

1868 3714 2021 3769 ﬁent.

1944 3895 2186 3951 XXVIII.
2207 3892 2539 3949 Vaticinium
2571 3890 2751 3947 crucis
2782 3890 3101 3952 Dominicae,
3127 3898 3182 3945 et
3203 3891 3449 3962 negatio-

1871 3988 1957 4042 nis
1987 3986 2155 4051 Petri,
2192 3994 2248 4039 et
2278 3981 2633 4054 dispersionis
2662 3980 3056 4052 apostolorum,
3103 3988 3158 4034 et
3187 3978 3449 4051 perditio-

1872 4079 1959 4133 nis
1986 4077 2323 4139 Iudaeorum,
2370 4084 2425 4129 et
2455 4073 2790 4144 acceptionis
2820 4088 3011 4128 eorum
3064 4073 3159 4143 qui
3211 4087 3277 4127 ex
3318 4070 3450 4143 ipsis

1874 4185 1971 4240 per
2025 4167 2422 4223 confessionem
2462 4163 2651 4219 salvati
2700 4161 2924 4228 fuerint,
2992 4170 3048 4216 et
3092 4160 3452 4231 expeditionis

1874 4260 2079 4316 Christi
2108 4274 2269 4329 quam
2291 4268 2480 4312 contra
2520 4255 2797 4311 daemones
2830 4264 3056 4325 propter
3089 4252 3331 4324 gentium
3358 4266 3451 4306 sa-

1875 4355 2043 4409 lutem
2077 4351 2338 4421 disponit.

1949 4444 2141 4501 XXIX.
2168 4441 2452 4499 Praedictio
2503 4438 2913 4511 Assumptionis
2960 4436 3187 4502 Christi,
3244 4450 3310 4492 ex
3344 4449 3452 4506 qua

195 4542 263 4617 ἧς
289 4546 353 4600 τὸ
384 4548 680 4618 μυστήριον
709 4548 789 4610 εἰς
826 4546 925 4600 ὅλα
975 4546 1254 4617 μερίζεται
1307 4545 1408 4614 τῆς
1449 4546 1758 4616 οἰκουμένης

1882 4539 2194 4612 mysterium
2242 4535 2585 4591 distribuitur
2616 4533 2671 4587 in
2716 4532 2974 4586 universa
3029 4528 3176 4584 orbis
3214 4526 3476 4598 climata,

193 4640 263 4691 τά
287 4638 530 4710 κλίματα
551 4654 564 4669 ο
593 4642 687 4694 καὶ
712 4640 1018 4711 προφητεία
1055 4638 1165 4693 τῶν
1191 4638 1463 4708 ἐσομένων
1491 4638 1550 4691 ιν
1578 4639 1772 4709 ἐκείνῳ

193 4729 274 4801 τῷ
303 4730 482 4802 καιρῷ
512 4732 828 4801 θαυμάτων,
861 4733 955 4785 καὶ
998 4732 1097 4801 τῆς
1129 4730 1239 4784 τῶν
1271 4730 1441 4785 ἐθνῶν
1473 4730 1773 4800 ὑποταγῆς,

120 4889 124 4893 .
196 4825 291 4878 καὶ
345 4824 698 4897 Ἰερουσαλὴμ
725 4825 823 4896 τῆς
866 4824 993 4887 νέας
1027 4825 1419 4895 κατοικήσεως.

267 4935 337 4991 λ’.
394 4937 621 5005 Ἀπειλὴ
654 4937 795 4991 κατά
827 4936 935 4990 τῶν
984 4936 1059 5009 μὴ
1087 4937 1531 5008 ἐπιστρεψάντων
1564 4935 1735 4990 ἐθνῶν
1758 4949 1773 4965 ’

198 5028 297 5082 καὶ
344 5028 597 5098 διήγησις
635 5028 731 5081 τοῦ
788 5027 1020 5081 πλούτου
1070 5029 1179 5082 τῶν
1227 5028 1773 5100 ἐξομολογουμένων

199 5122 296 5175 καὶ
327 5122 604 5191 ἀπόφασις
632 5121 775 5175 κατά
803 5120 912 5175 τῶν
940 5120 1305 5193 ἁμαρτωλῶν,
1331 5121 1407 5185 ὼς
1438 5105 1778 5191 πεισομένων

198 5219 313 5279 τοῖς
347 5214 604 5269 ἀσεϐέσιν
636 5216 817 5281 ὃμοια.

271 5308 373 5361 λα’.
430 5306 749 5378 Προφητεία
783 5304 1091 5375 ἀφανισμοῦ
1126 5304 1336 5374 πλάνης
1367 5301 1635 5375 ἐσομένης
1670 5305 1779 5367 τοῖς

202 5399 418 5454 ἔθνεσι·
456 5399 553 5452 καὶ
600 5398 908 5471 πρόρρησις
942 5399 1042 5468 τῆς
1090 5400 1147 5452 ἐν
1178 5398 1361 5461 αὐτοῖς
1401 5397 1780 5466 ⁴ερυτευομένης

204 5494 465 5555 πίστεως.
503 5492 569 5545 δι’
603 5492 670 5561 ἦν
720 5492 819 5543 οὐκ
864 5489 944 5542 ἐτι
988 5490 1087 5560 τήν
1126 5488 1436 5560 διαδολικὴν
1481 5486 1780 5543 ἀπελασίαν

201 5584 527 5638 δεδοίκασιν.

276 5675 376 5745 λβ⁹.
444 5673 667 5745 ’Λπειλὴ
699 5673 840 5728 κατά
867 5672 975 5726 τῶν
1006 5672 1079 5743 μὴ
1106 5672 1564 5744 παραϐαλλόντων
1590 5674 1655 5743 τῇ
1685 5672 1781 5743 νέα

216 5766 596 5839 Ἰερουσαλὴμ.
626 5765 770 5823 ὥστε
802 5766 869 5820 τὰ
898 5765 993 5821 νέα
1025 5765 1118 5819 τοῦ
1145 5764 1381 5836 Χριστοῦ
1416 5764 1782 5836 πανηγυρίσας

208 5863 520 5935 μυστήρια·
568 5863 660 5916 καὶ
694 5861 1017 5934 πρόρρησις,
1054 5858 1130 5930 τῷ
1170 5857 1512 5935 εὐαγγελικῴ
1550 5857 1693 5928 λόγῳ
1715 5857 1781 5911 τὰ

1878 4641 1936 4688 et
1963 4629 2281 4686 vaticinium
2321 4628 2631 4683 futurorum
2677 4640 2744 4680 eo
2772 4632 3018 4694 tempore
3041 4620 3477 4691 miraculorum,~

1878 4735 1935 4781 et
1960 4722 2321 4796 subjectionis
2355 4721 2624 4794 gentium,
2646 4726 2703 4774 et
2730 4714 3087 4773 habitationis
3117 4727 3274 4768 nova
3297 4699 3530 4799 δεῖξέ

1879 4817 2078 4873 salem.

1948 4928 2118 4983 XXX.
2150 4927 2309 4983 Minae
2335 4927 2389 4982 in
2436 4941 2531 4982 eos
2563 4926 2658 4997 qui
2689 4939 2755 4980 ex
2786 4921 3037 4995 gentibus
3068 4934 3178 4975 non
3207 4914 3456 4974 conversi

1880 5022 2105 5089 fuerint,
2147 5032 2203 5077 et
2224 5020 2491 5091 ctpositio
2519 5019 2831 5075 divitiarum
2873 5030 3063 5071 eorum
3098 5014 3190 5084 qui
3221 5007 3457 5067 confessi

1882 5115 2107 5181 fuerint,
2145 5123 2201 5170 et
2227 5113 2496 5169 sententia
2523 5120 2716 5169 contra
2736 5116 3077 5181 peccatores,
3102 5106 3293 5162 eadem
3344 5103 3457 5160 sci-

1882 5209 2009 5265 licet
2038 5222 2296 5278 passuros
2315 5221 2437 5261 esse
2464 5222 2585 5276 quae
2615 5203 2790 5275 impii.

1952 5300 2142 5357 XXXI.
2183 5299 2509 5357 Vaticinium
2540 5298 2608 5353 de
2625 5312 2809 5352 errore
2827 5293 3104 5367 gentilium
3135 5288 3455 5350 auferendo.

1881 5402 1937 5449 et
1970 5391 2250 5463 praedictio
2276 5390 2343 5445 de
2367 5388 2657 5459 plantanda
2692 5388 2836 5441 inter
2863 5399 2958 5439 eos
2987 5383 3113 5446 fide,
3154 5395 3317 5451 quam
3346 5393 3458 5432 am-

1882 5488 2024 5559 plexi
2057 5486 2203 5541 haud
2236 5483 2468 5555 amplius
2496 5480 2698 5538 diaboli
2728 5477 3160 5551 persecutionem
3203 5473 3417 5528 timent.

1953 5668 2169 5724 XXXII.
2194 5668 2347 5723 lilium
2365 5676 2551 5722 contra
2571 5681 2666 5721 eos
2688 5664 2778 5735 qui
2794 5678 2902 5730 non
2919 5658 3279 5715 adhancbunt
3300 5652 3453 5711 novae

1882 5759 2211 5821 Jerusalem,
2244 5756 2315 5811 ita
2352 5766 2411 5811 ut
2442 5770 2579 5810 nova
2606 5750 2811 5807 Christi
2844 5748 3122 5805 celebrent
3169 5744 3457 5817 mysteria,

1885 5863 1939 5911 et
1959 5850 2239 5924 praedictio
2267 5857 2457 5921 gentes
2483 5844 2796 5919 evangelico
2820 5841 2989 5907 verbo
3009 5838 3299 5899 frenandas
3318 5836 3487 5915 fore.“
