4040 6420
244 386 383 457 1169

1669 393 1746 454 [Ν
1788 382 2079 460 ΙΒΑΙᾹΜ.

3362 372 3501 458 1370

312 506 602 578 Μαλαχίας
634 506 996 579 ἑρμηνεύεται
1033 507 1307 578 ἄγγελος.
1342 500 1509 573 Οὗτος
1555 508 1693 579 μετὰ
1721 508 1821 579 τὴν

1998 511 2289 569 Malachias
2341 504 2611 584 signiﬁcat
2658 509 2907 581 Angelus.
2953 506 3050 564 Hic
3091 509 3227 579 'post
3276 507 3512 561 reditum

241 598 585 670 ἐπιστροφὴν
616 599 861 653 τίκτεται
892 600 949 651 ἐν
977 599 1184 669 Σοφιρᾷ
1225 600 1289 652 ἐκ
1316 598 1507 667 γένους
1545 598 1695 665 Λευτ,
1730 602 1822 654 καὶ

242 689 324 741 ἔτι
360 692 502 745 πάνυ
535 689 653 755 νέος
681 688 756 744 ὢν
788 689 950 744 καλὸν
990 690 1103 762 βίον
1131 689 1256 761 ἔσχε
1276 705 1289 720 ·
1317 692 1411 744 καὶ
1438 690 1627 762 ἐπειδὴ
1654 692 1762 754 πᾶς
1794 689 1823 742 ό

243 782 375 846 λαὸς
409 782 571 853 ἐτίμα
600 783 763 838 αὐτὸν
794 784 870 848 ὼς
903 783 1194 855 ἄμεμπτον
1223 783 1317 837 καί¹
1357 782 1559 855 πραῢν,
1594 783 1822 839 ἐκάλεσε

246 875 537 943 Μαλαχίαν
584 874 785 941 αὑτὸν,
837 876 865 930 ὃ
918 876 1065 928 ἐστιν
1112 874 1369 945 ἅγγελος
1397 890 1412 907 ο
1459 871 1527 947 ἦν
1572 875 1682 947 γὰρ
1726 876 1823 930 καὶ

245 969 323 1039 τῷ
353 968 485 1022 εἴδει
517 968 801 1041 εὐπρεπής
820 986 833 999 ·
872 967 1010 1021 ἀλλὰ
1042 967 1139 1023 καὶ
1170 967 1228 1033 ὃς
1258 966 1419 1031 αὐτὸς
1447 963 1600 1021 εἶπεν
1630 968 1741 1039 (15)
1764 970 1824 1023 ἐν

253 1061 596 1132 προφητείᾳ,
648 1060 787 1132 αὐτῇ
844 1062 909 1132 τῇ
960 1060 1144 1132 ἡμέρᾳ
1181 1059 1413 1128 ἄγγελος
1442 1059 1624 1131 ὀφθεὶς
1665 1058 1825 1127 Θεοῦ,

250 1152 603 1223 ἐπεδεύτεροι
639 1151 752 1224 (id)
782 1153 908 1215 τοὺς
939 1151 1130 1220 λόγους
1176 1152 1343 1205 αὑτοῦ
1368 1169 1382 1183 ·
1426 1150 1519 1205 τὸν
1561 1151 1619 1205 δὲ
1658 1152 1828 1221 ἀγγε-

251 1242 344 1295 λον
379 1242 555 1306 οὐδεὶς
582 1240 800 1307 ἀνάξιος
835 1240 1084 1315 ἐθεώρει,
1121 1241 1239 1294 ἀλλ’
1273 1242 1394 1312 ἦτοι
1439 1240 1623 1312 φωνὴν
1663 1239 1828 1295 αὑτοῦ

251 1333 421 1402 ἤκουε
461 1333 656 1403 μόνον’
691 1335 739 1388 oi
784 1333 841 1387 δὲ
872 1333 1012 1400 ἄξιοι
1058 1333 1153 1387 καὶ
1198 1331 1258 1386 τὸ
1291 1328 1429 1395 εἶδος
1472 1331 1635 1387 αὐτοῦ
1668 1331 1835 1386 ἐθεώ-

256 1444 384 1498 ρουν
405 1441 420 1457 ο
451 1425 527 1489 ὡς
554 1425 771 1496 ἐγένετο
795 1428 854 1482 ἐν
892 1429 1015 1491 ταῖς
1044 1424 1280 1498 ἡμέραις
1305 1413 1402 1496 τῆς
1431 1425 1694 1496 ἀναρχίας
1716 1441 1730 1457 ·
1756 1424 1833 1488 ὡς

255 1518 572 1585 γέγραπται
608 1518 665 1569 ἐν
695 1517 1017 1588 Σχωφετεὶμ
1053 1516 1227 1588 Ἐφάρ
1274 1516 1514 1589 Φωτεὶμ,
1556 1515 1835 1572 τουτέστιν

256 1607 316 1659 ἐν
345 1606 511 1679 βίϐλῳ
542 1607 792 1677 Κριτῶψ
831 1608 928 1662 καὶ
965 1608 1046 1662 ἐτι
1075 1607 1194 1673 νέος
1236 1605 1314 1661 ῶν
1348 1606 1658 1680 προσετέθη
1698 1608 1836 1680 πρὸς

258 1700 386 1764 τοὺς
418 1701 662 1772 πατέρας
691 1700 879 1769 αὑτοῦ,
909 1702 967 1756 ἐν
989 1700 1090 1775 βίῳ
1120 1698 1334 1773 ἀγαθῷ,
1362 1703 1459 1755 καὶ
1489 1698 1667 1771 ἐτάφη
1698 1698 1837 1770 μετά

257 1790 366 1845 τῶν
398 1792 648 1864 πατέριον
675 1791 864 1848 αὑτοῦ.

420 1953 770 2007 ΚΕΦΛΛΑΙΑ
809 1952 1067 2007 ΗΣΑΙΟΥ
1103 1951 1244 2005 ΤΟΥ
1280 1948 1674 2005 ΠΡΟΦΗΤΟΥ.

325 2070 399 2125 α’.
440 2066 826 2140 Διαμαρτυρία
861 2065 972 2121 τῶν
1012 2064 1294 2137 στοιχείων
1326 2064 1419 2119 ἐπὶ
1443 2066 1511 2135 τῇ
1552 2061 1663 2117 τῶν
1707 2063 1842 2116 Ἰου-

262 2158 428 2211 δαίων
462 2158 800 2231 παρανομίᾳ,
826 2160 921 2211 καὶ
944 2156 1198 2229 διήγησις
1220 2154 1323 2225 τῆς
1348 2154 1574 2209 ἐκείνων
1601 2153 1838 2225 πληγῆς·

264 2255 359 2307 καὶ
396 2250 701 2324 προφητεία
724 2250 823 2321 τῆς
852 2249 961 2304 τῶν
992 2248 1195 2321 ἑορτῶν
1219 2249 1313 2303 καὶ
1340 2246 1544 2301 θυσιῶν
1570 2247 1676 2300 τῶν
1708 2248 1841 2317 παρ’

260 2345 446 2407 αὐτοῖς
486 2343 777 2414 ἀποϐολῆς,
807 2336 1012 2399 ἀνθ’ὧν
1036 2340 1281 2414 πονηρὰς
1311 2339 1543 2411 πράξεις
1565 2340 1659 2394 καὶ
1692 2356 1842 2410 μιαι-

262 2434 457 2505 φόνους
486 2436 843 2509 μετήρχοντο.

334 2526 401 2596 β’.
446 2527 737 2601 ΙΙροτροπὴ
777 2526 914 2592 ποὺς
948 2526 1011 2584 τὸ
1050 2526 1366 2601 βάπτισμα·
1399 2526 1495 2579 καὶ
1534 2525 1845 2598 κατηγορία

260 2618 498 2690 ἀρχαίας
539 2620 899 2692 Ἰερουσαλήμ
922 2636 936 2651 ·
967 2621 1064 2675 καί⁸
1092 2618 1290 2692 ἀπειλὴ
1328 2618 1472 2671 κατὰ
1501 2618 1611 2671 τῶν
1638 2616 1844 2686 ταύτης

261 2712 579 2783 ἀρχόντων·
631 2714 727 2766 καὶ
765 2712 1063 2784 ὑπόσχεσις
1108 2709 1465 2774 ἀνανεώσεως
1507 2712 1607 2781 τῆς
1646 2710 1846 2781 Ίερουυ

262 2804 468 2873 σαλὴμ,
499 2804 621 2876 ἥτις
665 2805 746 2868 είς
788 2804 890 2876 τὴν
931 2805 1060 2859 νέαν
1093 2803 1195 2876 μὲν
1241 2802 1665 2874 ἐκλαμϐάνεται,
1715 2802 1847 2855 ἀνα-

260 2896 562 2965 νεουμένης
595 2895 651 2949 δὲ
681 2895 911 2967 ταύτης,
942 2895 1167 2966 ὄλεθρος
1212 2895 1433 2949 πάντων
1465 2894 1575 2947 τῶν
1622 2893 1716 2948 ἐπὶ
1744 2893 1846 2965 τῆς

262 2990 498 3060 ἀρχαίας
544 2989 904 3063 Ἰερουσαλὴμ
940 2988 1278 3061 παρανόμων
1318 2987 1682 3059 ἐπήγγελται.

335 3088 403 3149 γ’.
449 3080 785 3152 Προφητεία,
828 3081 1047 3152 ἐμφανῆ
1076 3079 1177 3151 τὴν
1208 3079 1336 3133 νέαν
1369 3076 1729 3150 Ἰερουσαλὴμ
1752 3076 1846 3131 καὶ

262 3176 365 3244 τὴν
413 3176 549 3229 Σιὼν
586 3176 722 3231 πᾶσι
770 3177 881 3238 τοῖς
929 3174 1143 3230 ἐθνεσιν
1191 3172 1442 3226 ἔσεσθαι·
1477 3171 1573 3224 καὶ
1601 3168 1846 3241 ἀποόολὴ

262 3268 360 3322 τοῦ
397 3269 623 3341 ἀρχαίου
658 3269 790 3322 λαοῦ
811 3283 824 3299 °
866 3267 983 3323 ἀνθ’
1013 3260 1089 3321 ὧν
1119 3265 1190 3320 τὰ
1225 3265 1369 3319 κατὰ
1392 3264 1502 3317 τῶν
1534 3262 1705 3316 ἐθνῶν
1739 3261 1849 3316 τῶν

267 3362 606 3431 παρανόμων
667 3359 946 3431 ἐζήλωσαν
967 3374 981 3388 '
1012 3358 1107 3411 καὶ
1142 3357 1446 3429 πρόρρησις
1473 3354 1707 3409 εἰδώλων
1744 3353 1856 3407 ἀπ-

266 3452 467 3516 ωλείας
500 3454 593 3507 καὶ
617 3452 950 3524 βλασφήμων
974 3450 1359 3523 όλοθρεύσεως.

340 3549 405 3602 δ’.
447 3548 776 3620 Πρόρρησις,
805 3547 905 3617 τὴν
936 3544 1172 3617 ἀρχαίαν
1217 3540 1581 3614 Ἰερουσαλὴμ
1606 3538 1675 3593 τὰ
1716 3539 1857 3607 ἀγα-

268 3640 342 3694 θὰ
365 3640 465 3711 τῆς
497 3639 589 3693 τοῦ
620 3638 859 3710 Χριστοῦ
893 3639 1200 3709 παρουσίας
1235 3633 1709 3707 ζημιωθήσεσθαι,
1733 3630 1850 3686 ἀνθ’

266 3727 345 3788 ὧν
376 3732 518 3803 μετά
557 3732 655 3804 τῆς
695 3732 864 3803 ἄλλης
900 3731 1101 3794 κακίας
1137 3730 1193 3781 ἐν
1216 3731 1283 3800 τῇ
1321 3728 1582 3796 ἀντάρσει
1610 3728 1678 3798 τῇ
1715 3726 1859 3780 κατᾶ

270 3825 367 3880 τοῦ
390 3822 628 3895 Χριστοῦ
655 3824 753 3897 τὴν
786 3823 1042 3893 Σοδόμων
1074 3820 1308 3891 ἀνομίαν
1337 3818 1643 3890 ἐζήλωσαν.

344 3918 407 3971 ε’.
426 3916 655 3988 Διαϐολὴ
681 3917 779 3987 τῆς
796 3914 1089 3983 ἀσελγείας
1112 3912 1208 3967 τοῦ
1238 3909 1537 3966 Ἰουδαϊκοῦ
1564 3909 1698 3964 λαοῦ
1722 3926 1736 3941 ο
1762 3908 1859 3963 καὶ

274 4010 582 4083 πρόρρησις
621 4006 720 4079 τῆς
756 4006 868 4063 τῶν
915 4005 1145 4071 ἐνδόξων
1199 4001 1311 4057 τῶν
1363 4003 1493 4074 παρ’
1520 4001 1709 4064 αὐτοῖς
1763 4016 1860 4068 γυ-

277 4099 540 4172 μνὼσεως
560 4115 572 4128 ·
605 4098 700 4153 καὶ
716 4095 1039 4170 προφητεία,
1058 4095 1154 4157 τὰς
1179 4092 1456 4165 ἐνεργείας
1486 4090 1582 4145 τοῦ
1606 4092 1860 4163 Πνεύμα-

272 4203 365 4256 τος
385 4194 451 4264 τῇ
468 4188 748 4261 οίκονομίᾳ
763 4188 856 4245 τοῦ
882 4182 1119 4258 Χριστοῦ
1144 4181 1584 4254 συναφθὴσεσθαι
1601 4198 1616 4213 ο
1645 4180 1790 4234 οὕτω
1801 4197 1862 4234 τε

273 4286 404 4349 τοὺς
426 4262 495 4337 ἐκ
531 4281 834 4354 περιτομῆς
860 4278 1221 4341 πιστεύοντας
1246 4277 1326 4339 είς
1357 4275 1503 4346 ζωὴν
1531 4262 1859 4346 ἀπογράφε-

278 4377 435 4437 σθαι·
467 4377 560 4429 καὶ
592 4375 772 4428 πᾶσαν
810 4370 1143 4442 Ἐκκλησίαν
1167 4366 1507 4438 τειχίζεσθαι
1536 4367 1605 4439 τῇ
1648 4382 1859 4437 παρου-

279 4471 374 4546 σίᾳ
399 4469 492 4522 τοῦ
530 4466 670 4522 Πνεύ
679 4483 869 4538 ματος.

1867 1876 1915 1936 Β

1929 620 1959 658 a
1998 604 2311 674 captivitate
2334 613 2492 659 natus
2531 602 2697 658 estin
2731 601 2964 672 Sophira
3012 602 3079 657 de
3123 615 3322 672 genere
3354 600 3509 655 Levi.

1933 697 1997 751 Et
2042 697 2300 767 parvulus
2325 712 2449 754 cum
2482 696 2773 752 admodum
2807 694 2987 751 adhuc
3019 704 3185 759 esset,
3228 693 3513 765 pulchram

1933 787 2099 844 vitam
2136 789 2327 844 habuit
2360 806 2374 853 ;
2411 798 2468 844 et
2489 804 2613 843 cum
2646 787 2827 843 omnis
2858 786 3092 858 populus
3121 801 3245 841 eum
3282 785 3517 838 honora-

1935 888 2021 934 ret
2059 887 2319 949 tanquam
2367 878 2904 950 irreprebensibilem
2955 886 3010 933 et
3060 877 3271 941 mitem,
3329 875 3519 943 appelo

1937 972 2072 1028 lavit
2102 988 2228 1028 eum
2264 972 2604 1036 Malachiam,
2628 972 2772 1041 quod
2804 982 2889 1027 cst
2919 970 3159 1041 Angelus
3188 986 3203 1035 ;
3229 976 3347 1023 crat
3370 966 3514 1021 enim

1938 1073 1995 1119 et
2032 1062 2204 1118 forma
2238 1062 2505 1135 egregius.
2545 1060 2824 1129 Quinimo,
2886 1061 3028 1116 sicut
3077 1060 3193 1129 ipse
3254 1056 3395 1111 dixit
3459 1054 3515 1107 in

1939 1156 2245 1230 prophetia,
2270 1156 2372 1211 hac
2394 1156 2510 1226 ipsa
2541 1155 2630 1210 die
2667 1154 2891 1225 angelus
2930 1152 3025 1207 Dei
3054 1150 3203 1207 visus
3228 1157 3332 1213 est,
3363 1147 3520 1216 cujus

1937 1252 2167 1308 iterabat
2202 1251 2387 1306 verba.
2423 1250 2689 1321 Angelum
2720 1258 2903 1303 autem
2936 1261 3100 1301 nemo
3141 1244 3398 1314 indignus
3443 1241 3522 1294 vi-

1938 1346 2239 1412 debat;sed
2257 1361 2445 1401 vocem
2477 1353 2685 1399 tantum
2711 1342 2830 1414 ejus
2860 1340 3150 1406 audiebat;
3172 1337 3317 1410 digni
3340 1344 3521 1391 autem

1939 1448 1996 1496 et
2033 1438 2227 1494 faciem
2253 1436 2373 1507 ejus
2397 1435 2659 1491 videbant
2697 1450 2712 1501 ;
2753 1434 2896 1489 sicut
2916 1431 3116 1487 factum
3146 1436 3230 1484 est
3256 1430 3310 1482 in
3333 1426 3523 1487 diebus

1941 1531 1998 1586 in
2026 1530 2224 1601 quibus
2259 1543 2371 1583 non
2412 1535 2569 1582 erant
2616 1540 2791 1597 reges,
2830 1524 2972 1578 sicut
3026 1522 3288 1592 scriptum
3338 1528 3422 1574 est
3465 1517 3523 1577 in

1944 1622 2253 1694 Saphatim,
2285 1620 2343 1675 id
2376 1629 2463 1675 est
2487 1619 2542 1674 in
2572 1618 2717 1673 libro
2742 1616 3019 1672 Judicum.
3064 1614 3132 1668 Et
3168 1628 3292 1668 cum
3343 1611 3524 1666 adhuc

1945 1726 2089 1773 esset
2106 1716 2312 1786 junior,
2332 1713 2612 1784 appositus
2636 1719 2721 1766 est
2734 1709 2800 1765 ad
2818 1718 3001 1779 patres
3017 1708 3211 1763 suosin
3232 1707 3341 1760 vita
3358 1705 3520 1766 bona.

1946 1819 1998 1863 et
2024 1807 2270 1878 sepultus
2295 1814 2382 1861 est
2404 1818 2533 1859 cum
2564 1802 2811 1873 patribus
2841 1799 2979 1855 suis.

2258 1962 2508 2019 CAPITA
2540 1959 2744 2017 ISAIA‘Z
2785 1953 3203 2015 PROPHETAS.

2013 2075 2054 2133 Ι.
2100 2074 2437 2134 Testiﬁcatin
2456 2075 2853 2130 elementorum
2885 2070 2953 2125 de
2978 2067 3290 2123 Iudaeorum
3316 2077 3526 2133 praeva-

1946 2168 2230 2232 ricatione,
2249 2176 2307 2223 et
2330 2166 2570 2221 narratio
2591 2165 2871 2235 plagarum
2895 2173 3107 2215 eorum.
3126 2157 3190 2212 Et
3209 2153 3524 2209 vaticinium

1944 2260 2248 2318 eversionis
2272 2260 2533 2314 festorum
2564 2265 2619 2313 et
2653 2253 3045 2312 sacriﬁciorum
3068 2249 3209 2321 apud
3228 2249 3395 2318 ipsos,
3428 2259 3529 2315 pro

1944 2370 2010 2411 eo
2039 2353 2182 2425 quod
2203 2352 2342 2407 mala
2366 2364 2530 2421 opera
2568 2358 2624 2403 et
2661 2344 2952 2402 homicidia
2980 2340 3257 2413 prosecuti
3303 2346 3452 2394 sunt.

2016 2537 2082 2592 ll.
2109 2534 2433 2592 Exhortatio
2452 2532 2518 2587 ad
2549 2530 2916 2601 baptismum;
2954 2536 3009 2582 et
3037 2522 3311 2581 accusatio
3330 2519 3530 2576 veteris

1945 2630 2268 2694 Jerusalem,
2297 2636 2350 2683 et
2384 2627 2546 2681 minae
2575 2624 2630 2679 in
2657 2622 2936 2695 principes
2968 2620 3122 2690 ejus;
3155 2624 3211 2671 et
3239 2612 3531 2685 promissio

1947 2722 2325 2780 renovationis
2346 2718 2672 2783 Jerusalem,
2706 2730 2827 2785 quae
2866 2711 3079 2768 novalis
3108 2708 3415 2780 accipitur;
3444 2707 3530 2758 re-

1946 2824 2144 2871 novata
2167 2823 2347 2868 autem
2386 2811 2523 2882 ipsa,
2566 2807 2828 2879 perdictic
2874 2802 3118 2860 omnium
3152 2801 3207 2854 in
3239 2796 3408 2853 veteri
3444 2795 3533 2850 Je-

1949 2908 2185 2966 rusalem
2210 2903 2693 2978 praevaricatorum
2723 2896 3101 2953 annuntiatur.

2022 3096 2113 3153 lll.
2150 3095 2501 3160 Vaticinium,
2523 3106 2719 3147 novam
2750 3086 3051 3145 Jerusalem
3090 3089 3147 3138 et
3188 3080 3319 3136 Sion
3349 3073 3537 3132 visibi-

1952 3190 2059 3246 lem
2089 3189 2204 3244 l'ore
2233 3187 2489 3242 omnibus
2512 3182 2764 3255 gentibus
2790 3197 2805 3246 ;
2835 3188 2891 3233 et
2918 3174 3121 3232 veteris
3153 3170 3343 3241 templi
3367 3183 3532 3223 ever-

1956 3284 2059 3349 sio,
2091 3296 2156 3336 eo
2188 3279 2331 3350 quod
2369 3276 2564 3332 imitati
2610 3283 2741 3330 sunt
2787 3279 2978 3343 gentes
3021 3260 3485 3337 praevaricatrices
3518 3275 3534 3322 ;

1956 3385 2011 3429 et
2033 3372 2315 3444 praedictio
2360 3367 2747 3426 destructionis
2796 3363 3065 3421 idolorum
3120 3369 3176 3415 ct
3219 3352 3538 3428 perditionis

1958 3468 2427 3536 blasphcmorum.

2027 3557 2116 3615 IV.
2155 3555 2438 3611 Praedictio
2469 3561 2710 3607 veterem
2740 3545 3045 3604 Jerusalem
3075 3540 3240 3598 bonis
3264 3538 3535 3593 adventus

1957 3648 2160 3704 Christi
2194 3646 2466 3717 privatum
2496 3642 2585 3702 iri.
2616 3654 2682 3695 eo
2710 3636 2880 3708 quod,
2911 3641 3112 3705 prater
3164 3637 3391 3686 czeteras
3420 3642 3540 3681 ma-

1959 3744 2123 3806 litias,
2178 3736 2513 3808 insurgendo
2555 3733 2819 3788 adversus
2850 3728 3130 3783 Christum
3178 3722 3538 3777 Sodomorum

1958 3831 2466 3906 prawaricationem
2508 3823 2704 3881 imitati
2746 3829 2896 3876 sunt.

2030 3917 2095 3972 V.
2133 3916 2402 3972 Detractio
2432 3912 2661 3968 luxuriae
2692 3908 2903 3965 Judaici
2939 3904 3145 3977 populi,
3176 3911 3233 3959 et
3260 3899 3543 3972 praedictio

1959 4009 2234 4067 nudidatis
2280 4006 2641 4076 superborum
2692 4001 2839 4072 apud
2882 4001 3031 4069 ipsos
3069 4014 3083 4050 :
3132 4004 3187 4051 et
3220 3991 3541 4049 vaticinium

1960 4102 2306 4174 operationes
2336 4098 2572 4168 Spiritus
2608 4093 2840 4149 aedilicio
2888 4088 3096 4145 Christi
3138 4082 3545 4142 connectendas

1962 4195 2115 4256 fore;
2171 4192 2360 4261 sicque
2397 4205 2464 4245 cx
2506 4184 2925 4243 circumcisione
2968 4181 3258 4237 credentes
3286 4176 3343 4231 in
3375 4174 3542 4230 vitam

1959 4287 2181 4350 ascribi,
2229 4294 2285 4340 et
2328 4284 2639 4336 universam
2683 4276 2983 4332 Ecclesiam
3029 4288 3128 4344 pro
3173 4285 3331 4326 muro
3359 4264 3544 4323 fulciri

1960 4377 2249 4453 praesentia
2274 4374 2530 4446 Spiritus.

350 4567 426 4626 ς’.
483 4559 751 4630 Ἀποὸολὴ
786 4557 881 4612 τοῦ
925 4554 1217 4612 Ἰουδαϊκοῦ
1266 4552 1609 4625 ἀμπελῶνος,
1640 4551 1756 4606 ἀνθ’
1787 4545 1846 4608 ὧι

2038 4563 2131 4619 VI.
2170 4558 2394 4617 Eversio
2422 4555 2664 4615 Iudaicae
2698 4554 2892 4616 vineae,
2924 4566 2991 4607 eo
3019 4549 3165 4621 quod
3204 4549 3262 4604 in
3306 4545 3547 4604 adventi.

279 4658 341 4709 ἐν
364 4657 434 4727 τῇ
462 4653 739 4725 παρουσία
769 4669 863 4706 του
898 4638 1136 4722 Χριστοῦ
1167 4645 1626 4719 ἐκαρποφόρησαν
1660 4645 1865 4717 ἀνταρ-

283 4767 393 4803 σιν.

354 4840 421 4906 ζ’.
462 4837 835 4910 Σχετλιασμδς
877 4838 1021 4892 κατά
1060 4838 1172 4892 τῶν
1221 4840 1277 4891 ἐν
1334 4831 1623 4902 πλεονεξίᾳ
1662 4830 1759 4883 κα)⁵
1807 4830 1865 4882 ἐν

286 4933 596 5005 παρανόμῳ
623 4930 885 5003 βιούντων
910 4932 1130 5003 τρυφῇ*
1167 4930 1260 4984 καὶ
1314 4928 1463 4989 ὃπως
1507 4925 1594 4976 ἐπ’
1637 4922 1867 4981 ἐκείνοις

293 5025 443 5096 μένὸ
476 5023 608 5096 ᾅδης
647 5025 676 5077 ὁ
718 5023 909 5093 νοητὸς
960 5021 1312 5083 πλατύνεται,
1354 5019 1383 5071 ὁ
1428 5016 1561 5079 Θεὸς
1608 5014 1664 5068 δὲ
1712 5014 1770 5066 ἐν
1798 5015 1866 5083 τῇ

287 5119 469 5186 κρίσει
496 5116 910 5188 δοξασθήσεται,
941 5114 1446 5186 ἀπολαμϐανόντων
1478 5107 1601 5163 τότε
1644 5106 1753 5160 τῶν
1790 5104 1869 5158 δι-

286 5213 462 5267 καίων
482 5213 579 5266 ὅσα
609 5210 704 5263 νῦν
732 5208 1112 5284 ἀφῃρέθησαν.

361 5313 431 5377 η’.
476 5304 823 5375 Ταλανισμδς
871 5304 979 5359 τῶν
1054 5301 1334 5373 ἁμαρτίας
1391 5297 1696 5371 ἁμαρτίαις
1754 5313 1877 5349 συν-

1962 4655 2164 4713 Christi
2187 4649 2659 4709 l'ructiiicaverunt
2682 4644 3020 4732 insurgendo
3042 4643 3098 4697 in
3123 4657 3272 4697 eum.

2034 4748 2148 4805 Vll.
2187 4744 2422 4814 Querela
2455 4743 2717 4798 adversus
2751 4754 2850 4795 eos
2881 4738 2974 4808 qui
3012 4737 3067 4791 in
3110 4734 3363 4807 superbia
3401 4741 3457 4788 et
3489 4733 3547 4787 in

1963 4838 2241 4909 illegitima
2265 4836 2457 4891 vivunt
2476 4833 2788 4903 voluptate;
2826 4837 2882 4885 et
2910 4826 3186 4898 quomodo
3221 4824 3354 4895 ipsis
3380 4824 3547 4878 infer.

1964 4946 2069 4986 nus
2119 4927 2379 4998 spiritalis
2451 4925 2745 4989 dilatatur;
2796 4923 2939 4976 Deus
2993 4927 3173 4974 autem
3228 4918 3283 4972 in
3337 4915 3548 4986 judicio

1970 5020 2375 5094 gloriﬁcabitur,
2426 5015 2813 5089 recipientibus
2858 5024 2990 5069 tunc
3037 5010 3235 5082 justis,
3282 5018 3547 5080 quantum

1971 5131 2121 5171 nunc
2141 5111 2362 5183 spoliati
2388 5110 2628 5165 fuerunt.

2050 5295 2183 5353 γιιι.
2218 5295 2432 5351 Miseria
2465 5308 2655 5350 eorum
2686 5292 2779 5363 qui
2809 5288 3051 5361 peccatis
3076 5294 3297 5359 peccata
3323 5281 3548 5341 addunt.

291 5399 595 5462 απτόντων,
645 5398 739 5453 καὶ
779 5396 849 5452 τά
893 5396 1036 5451 καλά
1080 5392 1495 5454 διαϐαλλόντων,
1528 5390 1596 5444 τὰ
1630 5387 1775 5442 κακὰ
1816 5388 1843 5440 δ

1976 5397 2032 5446 et
2065 5386 2158 5457 qui
2206 5383 2365 5441 bonis
2400 5383 2662 5455 operibus
2708 5378 3025 5451 detrahunt,
3076 5374 3232 5431 malis
3252 5382 3435 5429 autem
3468 5371 3549 5429 in.

294 5491 709 5558 συνιστώντων,
763 5491 857 5545 καὶ
910 5488 1006 5543 ἐπὶ
1063 5486 1225 5567 σοφία
1266 5484 1442 5554 οἰκείᾳ
1489 5480 1868 5554 θαρρούντων,

1980 5480 2204 5546 sistunt,
2246 5487 2300 5533 et
2335 5479 2427 5548 qui
2478 5477 2532 5531 in
2582 5490 2680 5532 sua
2719 5473 2987 5547 sapientia
3028 5469 3330 5533 confidunt,
3378 5472 3434 5522 et
3458 5462 3547 5533 qui

1816 5661 2046 5719 ΝΟΤίΕ.

369 5790 479 5861 (15)
515 5790 652 5861 Lege
682 5788 816 5861 ἀλλά
848 5788 939 5861 καί
971 5788 1070 5841 ὅσα
1094 5782 1246 5861 εἶπεν
1268 5784 1451 5861 eluvie.

369 5852 481 5937 (li)
519 5852 657 5931 Lege
689 5859 1063 5927 ἐπεδευτέρον,
1099 5858 1180 5913 vel
1204 5872 1265 5911 ex
1312 5854 1615 5929 Epiphanio
1650 5852 2069 5922 ἑπεδευτέρωσε.
