4040 6460
560 405 692 471 1371

1731 410 2095 472 HESYCHII
2136 410 2615 474 PRESBYTERI

3685 396 3806 462 13??

557 517 813 573 ebrietati
841 526 895 575 et
922 532 1214 575 munerum
1247 518 1551 589 acceptioni
1574 518 1897 590 indulgent;
1930 531 1985 577 et
2005 529 2142 576 vati-

2268 521 2391 595 ιέθῃ
2418 539 2478 576 τε
2503 523 2604 577 καὶ
2639 518 2940 593 δωροδοκία
2971 515 3339 589 σχολαζόντων
3360 530 3374 544 ⁸
3410 510 3811 583 καὶ-προφητεία

561 612 763 665 «inium
782 611 1048 667 malorum
1072 612 1272 676 quibus
1296 611 1349 665 hi
1374 612 1636 683 puniendi
1654 622 1785 668 sunt
1803 631 1819 680 ;
1836 623 1891 668 et
1911 613 2144 683 promis-

562 702 647 757 sio
672 702 967 759 vocationis
999 705 1242 773 gentium
1272 710 1328 757 et
1356 702 1685 772 evangelicae
1714 703 2139 773 praedicationis,

562 804 619 848 et
643 794 1070 863 perturbationis
1093 809 1255 864 quam
1284 794 1411 849 inde
1434 792 1686 848 diabolus
1710 809 1979 863 passurus
2007 803 2113 847 est.

635 885 725 942 IX.
762 887 1031 957 Aspectus
1063 887 1246 957 gloria:
1293 886 1407 950 Dei,
1454 895 1511 941 et
1557 886 1807 941 stationis
1838 901 2054 941 necnon
2090 895 2147 940 et

565 978 814 1034 melodie
837 979 1147 1049 Seraphim.
1175 979 1380 1034 Electio
1408 980 1689 1049 propheta;
1705 979 1771 1033 ad
1802 979 2145 1046 arguendum

563 1067 781 1125 .lu-lasos
815 1070 985 1135 missi,
1017 1078 1073 1124 et
1102 1072 1167 1125 ad
1201 1072 1609 1139 praedicandum
1644 1087 1707 1127 ea
1744 1088 1864 1142 quae
1908 1087 1977 1127 ex
2015 1071 2149 1126 ohe-

566 1163 769 1215 dientia
798 1162 929 1232 ipsis
954 1165 1381 1233 exspectandum
1407 1174 1509 1219 est.

640 1249 705 1304 X.
747 1249 994 1332 Narratio
1038 1253 1405 1321 expeditionis
1450 1253 1591 1325 regis
1638 1253 1901 1307 Samaria:
1956 1261 2147 1307 contra

570 1358 749 1413 regem
790 1342 965 1406 Judae,
1015 1354 1071 1399 et
1102 1344 1278 1413 jussio
1322 1345 1413 1399 Dei
1447 1347 1513 1400 ad
1549 1347 1894 1415 prophetam,
1932 1345 2150 1401 confor—

570 1444 774 1489 tantem
817 1450 999 1506 regem
1036 1435 1212 1500 Iudas,
1255 1437 1467 1492 scilicet
1503 1438 1838 1508 insurgentis
1875 1438 1929 1491 in
1972 1440 2149 1509 ipsum

569 1539 708 1578 vana
742 1526 1019 1589 statuisse,
1061 1541 1187 1581 cum
1220 1527 1465 1583 Samaria
1500 1530 1602 1585 sub
1631 1529 1861 1600 imperio
1907 1530 2153 1602 Assyrio-

571 1631 692 1669 rum
724 1616 797 1670 sit
822 1616 1141 1689 redigenda.

642 1798 735 1852 XI.
766 1796 1094 1855 Vaticinium
1125 1800 1495 1871 generationis
1519 1800 1817 1857 Salvatoris
1845 1818 1909 1858 ex
1933 1804 2153 1875 Virgine

574 1889 670 1945 Dei
701 1891 998 1956 Genitrice,
1031 1901 1086 1948 et
1110 1893 1496 1950 miraculorum
1528 1910 1648 1965 quae
1686 1894 1942 1953 Christus
1978 1897 2160 1952 adhuc
2190 1888 2233 1943 Β

575 1982 835 2051 parvulus
888 1992 1214 2053 operaturus
1252 1993 1400 2049 erat,
1439 1994 1551 2040 tum
1608 1986 1711 2057 ipsi
1760 1987 1960 2044 Iudaeae
1998 1989 2162 2044 bene-

574 2075 803 2141 t’aciens,
839 2083 951 2129 tum
983 2084 1171 2146 gentes
1205 2092 1427 2140 vocans,
1468 2086 1584 2132 tum
1620 2078 1896 2134 diabolum
1945 2079 2159 2135 irritum

575 2168 805 2234 faciens,
844 2176 957 2223 tum
994 2171 1183 2241 gratiae
1215 2170 1419 2226 fontem
1459 2173 1751 2243 aperiens,
1796 2184 1912 2229 tum
1956 2175 2159 2231 sterili-

578 2270 745 2315 tatem
774 2271 933 2318 terrm
955 2262 1010 2318 in
1052 2264 1314 2319 virtutum
1343 2265 1735 2322 fecunditatem
1765 2276 2159 2325 transmutans.

651 2352 768 2408 XII.
807 2355 1093 2411 Praedictio
1139 2359 1466 2429 evangelica:
1509 2359 1813 2431 Scriptum
1869 2379 1900 2416 a
1942 2362 2059 2433 lege
2106 2371 2163 2417 et

580 2447 860 2517 prophetis
893 2449 1172 2506 allirmata:
1203 2460 1260 2505 et
1291 2454 1663 2523 generationis
1698 2452 1928 2521 Christi,
1971 2466 2027 2511 et
2068 2456 2166 2512 de-

580 2539 900 2594 structionis
931 2541 1154 2595 diaboli.

650 2628 792 2687 XIII.
835 2631 993 2688 Mina:
1016 2635 1069 2688 in
1092 2633 1330 2702 Judazos,
1362 2651 1462 2706 pro
1485 2653 1552 2693 eo
1574 2638 1721 2708 quod
1741 2639 1971 2695 verbum
1992 2656 2164 2695 evan-

581 2724 767 2794 gelicae
796 2727 987 2798 gratiae
1021 2739 1360 2796 renuerunt;
1398 2740 1453 2786 et
1474 2731 1595 2787 ideo
1616 2733 1716 2787 sub
1742 2748 1931 2788 errore
1964 2734 2164 2789 diaboli

582 2823 970 2873 versabuntur.
1025 2820 1090 2875 Et
1140 2822 1546 2877 animadversio
1595 2833 1787 2880 contra
1845 2826 2163 2895 daemones,

582 2908 793 2964 scilicet
821 2910 1075 2979 quamvis
1109 2913 1176 2966 ad
1215 2922 1432 2984 tempus
1460 2925 1647 2971 contra
1688 2932 1788 2972 nos
1814 2918 2164 2988 praevaleant,

584 3010 846 3070 attamen,
881 3004 991 3059 Deo
1019 3006 1435 3073 commilitante,
1456 3009 1765 3065 vincentur.
1801 3011 1868 3066 Et
1893 3012 2169 3066 accusatio

582 3095 895 3153 Judaeorum
928 3101 1073 3169 quod
1118 3102 1341 3157 Christo
1382 3118 1493 3157 non
1531 3102 1886 3168 crediderint,
1928 3111 1983 3157 et
2022 3103 2168 3172 quod

586 3190 773 3245 vivant
800 3192 855 3246 in
905 3192 1198 3265 hypocrisi,
1233 3204 1430 3266 sponte
1468 3196 1638 3267 legem
1681 3195 2167 3264 transgredientes,

585 3293 643 3340 et
676 3285 873 3342 frustra
900 3286 1171 3357 jactantes
1199 3304 1352 3343 suam
1384 3288 1441 3343 in
1483 3288 1654 3344 Deum
1687 3289 2098 3344 conﬁdentiam.

656 3475 801 3532 XIV.
841 3476 1133 3550 Prophetia
1158 3479 1467 3550 adoptionis
1490 3480 1723 3535 ﬁliorum
1752 3496 1848 3550 per
1872 3479 2172 3544 Christum,

585 3569 737 3639 juxta
772 3572 1013 3641 prodigia
1054 3572 1122 3625 ah
1162 3571 1280 3643 ipso
1320 3572 1586 3643 patranda
1636 3572 1690 3626 in
1742 3570 2080 3637 Jerusalem;
2121 3581 2178 3627 et

589 3663 860 3718 dissuasio
897 3680 965 3718 ne
1003 3665 1319 3719 intendatur
1356 3664 1423 3720 ad
1473 3665 1710 3735 gentiles
1766 3665 2174 3733 divinationes;

591 3766 648 3810 et
676 3756 951 3811 accusatio
998 3757 1314 3813 Iudaeorum
1366 3756 1512 3827 quod
1553 3767 1829 3827 acceptam
1888 3758 2062 3829 legem
2096 3759 2178 3815 eis

593 3861 703 3900 non
734 3847 1047 3902 adhaerendi
1085 3864 1193 3903 non
1228 3848 1589 3915 servaverint,
1624 3858 1680 3903 et
1716 3849 1841 3905 ideo
1875 3849 1930 3905 in
1967 3851 2179 3925 magnis

594 3936 995 3992 calamitatibus
1024 3937 1289 3992 incidunt.

668 4026 786 4083 XV.
824 4027 1048 4083 Vocatio
1082 4030 1324 4101 gentium
1374 4038 1430 4086 et
1478 4029 1796 4086 vaticinium
1840 4031 2181 4090 liberationis

595 4137 807 4189 earum,
829 4132 884 4177 et
907 4124 1122 4178 malitiae
1146 4124 1474 4190 daemonum,
1494 4135 1549 4179 et
1572 4125 1723 4194 pravi
1752 4126 1851 4181 zeli
1870 4124 2179 4182 Judzeorutn

597 4217 666 4269 de
715 4216 1064 4286 generatione
1106 4215 1311 4273 Christi
1354 4219 1447 4289 qui
1509 4234 1739 4290 regnum
1786 4219 1957 4275 David
2016 4236 2181 4275 reno-

601 4314 771 4359 varet.

670 4397 805 4452 XVI.
846 4396 1134 4451 Praedictio
1180 4396 1586 4466 correptionum
1621 4412 1653 4452 a
1713 4396 1827 4454 Deo
1867 4399 2182 4468 missarum,

600 4498 716 4546 tum
744 4487 967 4552 Iudaeis.
1004 4496 1115 4543 tum
1146 4488 1229 4543 his
1257 4488 1349 4558 qui
1375 4496 1738 4542 contemnunt
1777 4503 1972 4543 novam
2013 4486 2182 4557 Sion;

2252 608 2328 668 ὧν
2368 608 2516 670 οὗτοι
2546 613 2909 686 τιμωρεῖσθαι
2934 610 3217 681 μέλλουσι·
3249 606 3345 661 καὶ
3378 604 3675 673 ὑπόσχεσις
3701 605 3815 673 κλή-

2252 723 2392 771 σεως
2423 708 2618 774 ἐθνῶν,
2653 709 2748 763 καὶ
2780 704 3147 763 ἀποστολικοῦ
3190 700 3583 773 κηρύγματος,
3619 697 3707 749 καὶ
3742 696 3818 750 θο-

2252 799 2423 871 ρύϐου
2454 801 2513 854 ὃν
2538 800 2791 855 ἐντεῦθεν
2815 798 3047 869 ἔμελλεν
3067 799 3095 850 ό
3126 796 3378 858 διάϐολος
3412 791 3720 845 πείσεσθαι.

2327 891 2392 945 θ’.
2433 891 2651 963 Θεωρία
2668 892 2826 963 δόξης
2844 888 3005 955 Θεοῦ,
3036 888 3133 942 καὶ
3162 887 3269 957 τῆς
3293 886 3406 939 τῶν
3428 883 3687 951 Σεραφὶμ
3712 882 3821 934 στά-

2254 981 2393 1046 σεώς
2421 1000 2482 1036 τε
2504 984 2598 1036 καὶ
2616 982 2895 1054 ύμνῳδίας
2919 997 2933 1011 ⁸
2951 980 3049 1035 καὶ
3068 976 3375 1051 χειροτονία
3400 974 3502 1028 τοῦ
3543 974 3821 1042 προφήτου,

2253 1075 2634 1147 κατηγορῆσαι
2669 1074 2779 1129 τῶν
2834 1071 3109 1127 Ἰουδαίων
3143 1067 3525 1139 πεμφθέντος,
3558 1065 3650 1118 καὶ
3677 1066 3823 1135 κηρύο

2255 1166 2342 1231 ξαι
2366 1166 2510 1238 ἅπερ
2539 1168 2603 1220 ὲκ
2631 1168 2730 1237 τῆς
2768 1166 3020 1235 ὑπακοῆς
3041 1163 3267 1235 ἔμελλον
3290 1157 3725 1229 ὑποστήσεσθαι.

2328 1257 2379 1311 ι’.
2421 1260 2687 1331 Διήγησις
2711 1259 2805 1312 τοῦ
2836 1258 3100 1329 βασιλέως
3121 1254 3443 1328 Σαμαρείας
3472 1253 3622 1306 κατὰ
3640 1251 3728 1303 τοῦ
3752 1252 3827 1320 βα-

2258 1350 2449 1411 σιλέως
2482 1351 2583 1419 τῆς
2612 1350 2871 1414 Ἰουδαίας
2911 1348 3370 1411 ἐπαναστάσεως·
3406 1344 3510 1399 καὶ
3527 1342 3827 1416 πρόσταγμα

2254 1441 2350 1495 τοῦ
2386 1441 2523 1495 Θεοῦ
2565 1441 2701 1512 πρὸς
2732 1442 2823 1495 τδν
2874 1441 3187 1513 προφήτην,
3221 1436 3728 1509 παραθαρρύνοντα
3760 1436 3831 1489 τὸν

2259 1532 2482 1605 βασιλέα
2523 1534 2619 1603 τῆς
2655 1532 2937 1599 Ἰουδαίας,
2985 1533 3064 1597 ὡς
3117 1532 3226 1586 τῶν
3274 1527 3828 1585 ὲπαναστάντωνκατ⁹

2257 1625 2424 1680 αὑτοῦ
2494 1625 2700 1696 μάταια
2760 1624 3237 1695 βουλευσαμένων,
3280 1622 3597 1693 μελλούσης
3656 1620 3709 1672 δὲ
3752 1620 3830 1687 τῆς

2259 1718 2577 1788 Σαμαρείας
2602 1717 2707 1771 ὑπὸ
2725 1717 2825 1791 τὴν
2855 1717 3136 1789 βασιλείαν
3165 1715 3480 1788 ’Δσσυρίων
3510 1710 3827 1782 γενήσεσθαι.

2335 1809 2427 1865 ια’.
2471 1810 2788 1880 Προφητεία
2815 1811 2914 1881 τῆς
2943 1809 3043 1863 τοῦ
3070 1809 3325 1881 Σωτῆρος
3349 1810 3417 1861 ὲκ
3444 1805 3554 1875 τῆς
3585 1804 3831 1874 Παρθένον

2260 1902 2359 1970 τῆς
2386 1901 2650 1955 Θεοτόκου
2685 1904 3026 1973 γεννήσεως·
3065 1901 3160 1954 καὶ
3193 1893 3269 1953 ὧν
3297 1901 3324 1952 ό
3356 1895 3611 1968 Χριστὸς
3648 1895 3829 1964 θαυμα·

2259 1990 2514 2061 τουργεῖν
2557 1990 2638 2044 ἔτι
2672 1990 2871 2062 βρέφος
2909 1989 2984 2045 ὢν
3024 1989 3271 2061 ἔμελλεν,
3308 1988 3494 2057 αὑτήν
3515 2003 3577 2040 τε
3600 1986 3692 2054 τὴν
3724 1986 3829 2038 ἰουα

2259 2083 2418 2136 δαίαν
2442 2083 2774 2155 εὐεργετῶν,
2808 2084 2904 2137 καὶ
2932 2084 3000 2137 τά
3024 2082 3155 2155 ἔθνη
3193 2081 3403 2146 καλῶν,
3433 2081 3537 2133 καὶ
3566 2077 3658 2131 τὸν
3685 2078 3831 2131 διάϐο-

2259 2176 2354 2231 λον
2404 2176 2723 2249 καταργῶν,
2775 2177 2873 2231 καὶ
2916 2176 3017 2248 τήν
3072 2175 3239 2247 χάριν
3278 2173 3587 2245 πηγάζων,
3634 2172 3721 2223 καὶ
3756 2170 3835 2236 τὴν.

2261 2270 2543 2340 ἀκαρπίαν
2559 2270 2659 2341 τῆς
2672 2270 2775 2340 γῆς
2795 2270 2875 2334 είς
2895 2268 3106 2341 ἀρετῶν
3122 2266 3503 2340 καρπογονίαν
3525 2260 3827 2333 μεταϐαλών.

2332 2361 2420 2432 ιβ’.
2467 2361 2785 2436 Πρόρῤησις
2824 2360 3195 2431 εύαγγελικῆς
3235 2356 3607 2429 συγγραφῆς,
3648 2354 3742 2406 ὑπὸ
3765 2353 3829 2404 v3-

2268 2475 2372 2528 μου
2417 2458 2513 2511 καὶ
2556 2456 2856 2527 προφητῶν
2902 2453 3389 2527 μαρτυρουμένης,
3418 2449 3521 2502 καλ⁸
3560 2446 3829 2517 γεννήσεως

2262 2547 2526 2622 Χριστοῦ,
2555 2549 2653 2602 καί⁷
2687 2548 2938 2603 διαϐόλου
2973 2546 3318 2618 πορθήσεως.

2339 2640 2426 2712 ιγ’.
2481 2641 2705 2712 Ἀπειλὴ
2727 2644 2869 2696 κατά
2891 2640 2999 2695 τῶν
3032 2639 3323 2702 Ἰουδαίων,
3349 2635 3473 2691 ἀνθ’
3490 2626 3571 2688 ὧν
3591 2631 3679 2684 τὸν
3702 2630 3827 2696 λόγον

2264 2732 2364 2801 τῆς
2409 2731 2777 2801 εὐαγγελικῆς
2835 2732 3223 2804 παρῃτήσαντο
3284 2728 3542 2799 χάριτος,
3591 2723 3682 2776 καὶ
3744 2722 3826 2774 ὑπὸ

2264 2822 2363 2895 τὴν
2402 2822 2617 2892 πλάνην
2658 2820 2756 2875 τοῦ
2794 2819 3047 2873 διαϐόλου
3073 2818 3160 2873 διὰ
3187 2816 3345 2871 τοῦτο
3368 2816 3718 2885 γενήσονται.
3741 2809 3826 2862 Καὶ

2267 2915 2526 2987 ἐπιτιμία
2563 2913 2707 2969 κατά
2742 2912 3037 2984 δαιμόνων,
3075 2912 3157 2965 ὅτι
3199 2910 3304 2964 κᾶν
3335 2907 3480 2978 πρὸς
3519 2903 3704 2976 καιρὸν
3728 2902 3823 2955 καθ’

2269 3010 2428 3080 ἡμῶν
2452 3006 2770 3078 ίσχύσωσιν,
2792 3004 2932 3060 ἀλλὰ
2955 3002 3048 3057 τοῦ
3070 3001 3206 3056 Θεοῦ
3243 2996 3669 3070 συμμαχοῦντος
3688 2996 3825 3064 ἡττη-

2272 3101 2553 3173 θήσονται.
2588 3098 2699 3153 Καὶ
2720 3096 3031 3168 κατηγορία
3074 3093 3369 3159 Ἰουδαίων,
3390 3092 3472 3153 ὡς
3495 3085 3823 3143 ἀπειθούντων

2272 3190 2351 3264 τῷ
2374 3190 2618 3264 Χριστῷ,
2646 3190 2743 3244 καλ⁵
2767 3188 3065 3258 διαγόντων
3096 3187 3195 3259 μὲν
3243 3188 3302 3240 έν
3337 3183 3650 3255 ὑποκρίσει,
3679 3180 3825 3233 ἑκοντὶ

2273 3288 2331 3341 δὲ
2355 3287 2448 3339 τὸν
2481 3285 2648 3355 νόμον
2694 3282 3174 3353 παραϐαινόντων,
3211 3280 3308 3334 καὶ
3339 3278 3525 3350 μάτην
3552 3272 3823 3346 αὐχούντων

2274 3378 2373 3451 τὴν
2402 3378 2481 3440 είς
2506 3375 2639 3429 Θεὸν
2665 3373 3010 3444 πεποίθησιν.

2347 3470 2430 3524 ιδ’.
2473 3468 2794 3540 Προφητεία
2832 3464 3113 3530 υἱοθεσίας
3148 3463 3236 3518 διὰ
3267 3461 3518 3535 Χριστοῦ
3566 3458 3699 3513 κατὰ
3740 3454 3822 3508 τῶν

2277 3560 2555 3631 ἐσομένων
2589 3559 2723 3631 παρ’
2756 3556 2925 3613 αὐτοῦ
2958 3556 3203 3628 σημείων
3241 3555 3301 3608 ἐν
3344 3552 3726 3625 Ἰερουσαλήμ·
3754 3546 3823 3601 καί

2277 3652 2565 3726 ἀποτροπὴ
2585 3652 2679 3708 τοῦ
2711 3652 3005 3726 προσέχειν
3044 3648 3386 3720 Ἑλληνικαῖς
3422 3644 3728 3718 μαντείαις’
3753 3641 3821 3693 καὶ

2278 3747 2587 3819 κατηγορία
2618 3746 2724 3801 τῶν
2792 3744 3086 3809 Ἰουδαίων,
3117 3743 3201 3796 ὅτι
3245 3741 3413 3811 νόμον
3449 3738 3697 3798 λαϐόντες
3714 3733 3821 3786 ὥστε

2279 3842 2493 3905 τούτοις
2538 3843 2613 3912 μὴ
2652 3839 2965 3911 προσέχειν,
3015 3837 3115 3891 ούκ
3165 3833 3441 3905 ἐφύλαξαν
3469 3848 3483 3862 ·
3541 3829 3633 3885 καὶ
3673 3826 3822 3887 κακοῖς

2279 3934 2369 3989 διὰ
2399 3932 2558 3987 τοῦτο
2595 3932 2856 4001 μεγάλοις
2884 3928 3299 4001 περιπίπτουσι.

2359 4033 2443 4081 ιε’.
2485 4025 2696 4097 Κλῆσις
2732 4023 2926 4087 ἐθνῶν,
2989 4023 3085 4077 καὶ
3148 4017 3461 4092 προφητεία
3516 4016 3615 4087 τῆς
3660 4010 3821 4066 τούτων

2284 4119 2622 4192 ἐλευθερίας,
2671 4119 2765 4172 καὶ
2785 4117 2888 4189 τῆς
2934 4117 3045 4170 τῶν
3089 4113 3363 4186 δαιμόνων
3429 4109 3706 4181 πονηρίας,
3750 4104 3819 4157 καὶ

2285 4215 2455 4287 ζήλου
2485 4211 2731 4285 πονηροῦ
2762 4211 2871 4267 τῶν
2918 4208 3209 4272 Ἰουδαίων,
3247 4208 3341 4259 ἐπὶ
3387 4208 3456 4277 τῇ
3493 4202 3727 4273 γεννήσει
3749 4193 3819 4250 τοῦ

2281 4306 2545 4381 Χριστοῦ,
2579 4307 2732 4369 ὅστις
2753 4302 2852 4375 τὴν
2880 4301 3159 4375 βασιλείαν
3186 4299 3283 4353 τοῦ
3314 4296 3481 4352 Δαυῒδ
3514 4294 3766 4352 άνενέωσε.

2357 4407 2456 4467 ις’.
2499 4400 2815 4471 Πρόρῤησις
2885 4396 2995 4449 τῶν
3055 4392 3480 4447 ἀποσταλέντων
3540 4386 3678 4459 παρά
3716 4378 3817 4435 Θεοῦ

2286 4490 2547 4547 παιδειῶν
2594 4493 2708 4552 τοῖς
2758 4505 2819 4541 τε
2864 4486 3146 4549 Ἰουδαίοις
3210 4485 3305 4540 καὶ
3362 4486 3479 4547 τοῖς
3531 4474 3814 4545 ὲξουθενοῦπ

601 4592 656 4639 et
685 4581 955 4637 detractio
984 4581 1297 4636 Judzeorum
1336 4580 1672 4650 principum,
1719 4596 1787 4636 eo
1820 4580 1966 4651 quod
2003 4598 2169 4653 popu-

2288 4588 2388 4657 τὴν
2416 4584 2544 4638 νέαν
2595 4584 2767 4636 Σιών·
2802 4581 2897 4634 καὶ
2928 4578 3153 4648 διαϐολὴ
3177 4579 3289 4631 τῶν
3336 4573 3644 4630 Ἰουδαϊκῶν
3662 4567 3815 4641 ἀρχόν-

604 4677 713 4729 lum
756 4674 811 4728 in
844 4689 1091 4730 errorem
1130 4673 1465 4729 induxerint.
1494 4672 1561 4727 Et
1586 4675 1833 4730 narratio
1872 4678 2178 4746 correptio-

602 4784 734 4823 num
764 4782 886 4838 quas
912 4767 1045 4838 ipsis
1078 4766 1175 4823 Dei
1211 4767 1403 4821 dextra
1436 4767 1601 4823 illatae
1645 4774 1797 4823 sunt.
1820 4767 1905 4835 iEt
1951 4777 2182 4838 questus

604 4869 795 4915 contra
838 4859 1025 4929 inithc
1059 4859 1391 4929 judicantes,
1438 4861 1586 4931 quod
1636 4862 1909 4916 excitetur
1962 4859 2042 4914 ira
2084 4858 2182 4916 Dei

606 4952 880 5023 praecipue
910 4966 1101 5006 eorum
1137 4966 1324 5007 causa.

682 5138 843 5196 XVII.
885 5140 1042 5194 Minae
1091 5156 1147 5194 in
1197 5138 1472 5211 Assyrios,
1516 5140 1617 5196 sub
1665 5155 1898 5211 quorum
1949 5155 2184 5212 persona

606 5236 885 5290 daemones
925 5232 1131 5287 indicat
1176 5240 1384 5287 etcum
1425 5233 1506 5287 eis
1547 5233 1848 5300 diabolum,
1898 5234 2053 5305 quasi
2100 5235 2189 5289 in-

608 5335 937 5398 surgentem.
973 5335 1162 5378 contra
1209 5323 1399 5390 Deum,
1430 5332 1486 5379 et
1516 5323 1863 5379 allectantem
1906 5324 2185 5379 universa:

611 5431 768 5477 terra:
785 5418 1228 5478 dominationem.
1261 5433 1362 5472 nec
1389 5418 1722 5487 cogitantem
1754 5432 1812 5472 se
1838 5430 1934 5486 per
1968 5432 2188 5471 conces-

610 5513 819 5567 sionem
854 5510 909 5564 in
938 5508 1211 5564 modicum
1242 5507 1617 5579 praevaluisse.

682 5606 870 5662 XVIII.
906 5606 1176 5661 Allocutio
1217 5606 1360 5661 lideli
1401 5606 1605 5676 populo
1644 5621 1713 5660 ne
1755 5604 1946 5659 timeat
1978 5602 2188 5659 daemo-

610 5713 731 5758 nes.
784 5707 972 5769 utpote
1001 5713 1234 5767 quorum
1265 5697 1507 5769 tyrannis
1548 5712 1673 5751 mox
1709 5698 1779 5751 sit
1813 5695 2183 5761 conterenda;

612 5800 670 5847 et
702 5791 962 5846 indicium
1000 5790 1334 5860 operationis
1371 5788 1653 5843 diabolica:
1684 5803 1846 5858 quam
1887 5787 1943 5843 in
1986 5787 2188 5844 Judaais

617 5896 715 5953 per
741 5880 941 5938 credent
973 5894 1268 5945 ouerorum
1314 5879 1380 5935 ab
1416 5879 1626 5935 Ilerode
1656 5888 2016 5935 mat-talorum
2053 5893 2188 5951 0pc-

2283 4696 2413 4744 των,
2448 4677 2537 4748 ἐφ’
2584 4672 2667 4740 οἷς
2697 4674 2790 4728 τδν
2825 4674 2952 4728 λαὸν
2990 4674 3271 4727 ὲπλάνωνο
3320 4670 3419 4725 καὶ
3465 4669 3699 4739 διήγησις
3733 4659 3812 4713 τῶν

2283 4770 2569 4835 παιδειῶν,
2605 4768 2841 4832 αἵτινες
2892 4766 3077 4831 αὐτοῖς
3123 4767 3191 4820 ὲκ
3244 4765 3344 4836 τῆς
3377 4762 3474 4817 τοῦ
3528 4760 3653 4815 Θεοῦ
3676 4753 3810 4818 δεξιᾶς

2284 4864 2692 4935 ἑπενέχθησανο
2736 4863 2830 4915 καὶ
2882 4860 3268 4931 σχετλιασμὺς,
3311 4857 3453 4912 κατά
3488 4855 3595 4908 τῶν
3626 4844 3809 4920 παρανό-

2288 4976 2402 5031 μως
2428 4955 2743 5025 κρινόντων,
2775 4954 2850 5018 ὡς
2880 4951 3239 5024 ἀκμαζούσης
3266 4950 3367 5022 τῆς
3393 4948 3562 5021 ὀργῆς
3594 4943 3676 4999 τοῦ
3692 4936 3808 4998 Θεοῦ.

2285 5046 2464 5105 αὐτῶν
2493 5047 2659 5100 ἕνεκα
2696 5043 2948 5116 μάλιστα.

2359 5140 2444 5206 ιζ’.
2500 5138 2725 5209 Ἀπειλὴ
2758 5137 2903 5192 κατὰ
2946 5136 3273 5211 Ἀσσυρίων,
3308 5137 3363 5190 ἐν
3396 5130 3575 5209 ᾖτοῦς
3607 5128 3806 5199 δαίμονας

2287 5233 2606 5293 αἰνίττεται,
2642 5232 2738 5284 καὶ
2767 5231 2866 5284 σὺν
2901 5231 3085 5294 αὐτοῖς
3110 5230 3201 5284 τὸν
3238 5227 3504 5293 διάϐολον,
3532 5226 3601 5288 ὡς
3624 5218 3803 5292 ἀρθέντα

2288 5327 2431 5382 κατά
2452 5324 2610 5389 Θεοῦ,
2653 5325 2747 5377 καὶ
2787 5322 2973 5394 πάσης
2998 5322 3099 5391 τῆς
3130 5321 3234 5391 γῆς
3261 5318 3533 5389 κρατῆσαι
3563 5308 3802 5385 προσδοκή-

2290 5438 2483 5489 σαντα,
2504 5423 2597 5475 καὶ
2635 5418 2709 5492 μὴ
2743 5416 3127 5486 λογισάμενον,
3157 5414 3348 5483 ὅτιπερ
3373 5413 3439 5464 ὲκ
3470 5404 3801 5479 συγχωρήσεως

2287 5511 2424 5567 Θεοῦ
2461 5509 2599 5581 πρὸς
2630 5508 2809 5577 ὀλίγον
2840 5505 3138 5578 ἐκράτησε.

2362 5608 2451 5675 ιη’.
2493 5599 2901 5673 Προσφώνησις
2942 5595 3020 5667 τῷ
3072 5592 3252 5665 πιστῷ
3306 5591 3443 5662 λαῷ,
3499 5591 3571 5661 μὴ
3626 5581 3797 5639 δεδιέναι

2288 5698 2416 5761 τοὺς
2453 5696 2739 5766 δαίμονας,
2774 5691 2849 5755 ὡς
2881 5689 3046 5761 τάχος
3079 5687 3260 5743 αὐτῶν
3305 5684 3601 5757 μελλούσης
3734 5690 3798 5769 τί)-

2292 5764 3003 5859 ραννίδοςήσυντρίϐεσθαι·
3038 5779 3130 5832 καὶ
3163 5776 3393 5846 αἴνιγμα
3436 5774 3532 5844 τῆς
3555 5764 3797 5825 διαϐολικῇ

2293 5880 2592 5944 ἐνεργείας,
2622 5879 2688 5945 ἥν
2709 5879 2765 5933 ὲν
2798 5877 2907 5939 τοῖς
2950 5872 3222 5937 Ἰουδαίοις
3245 5869 3331 5925 διὰ
3353 5869 3452 5939 τῆς
3485 5862 3690 5936 Ἡρώδου
3708 5870 3792 5910 παι·
