3962 6448
175 394 315 461 I373
1608 396 1689 458 IN
1728 394 2013 459 ISAIAM.
3313 397 3449 465 1374

174 510 461 575 δοκτονίας
488 509 765 584 ἐνήργησε
792 527 805 543 ·
843 512 939 566 καὶ
969 511 1317 584 παράκλησις
1344 509 1482 582 πρὸς
1516 508 1618 580 τὴν
1647 507 1738 561 νέα

1880 517 2034 563 ratus
2085 516 2207 575 est;
2263 516 2319 564 et
2375 509 2677 565 consolatlo
2725 510 2792 566 ad
2837 526 3035 565 novam
3086 511 3238 578 Sion,
3300 518 3443 584 quod

180 605 347 674 Σιὼν,
372 604 450 671 ὡς
483 603 793 677 ὀλοθρεύειν
824 603 920 658 τοῦ
949 604 1187 674 Χριστοῦ
1226 603 1315 658 τὸν
1349 602 1741 676 ψευδόχριστον

1878 602 2118 658 Christus
2184 602 2658 673 pseudochristum
2706 611 2761 659 et
2815 604 2910 674 qui
2959 620 3084 660 cum
3130 621 3198 661 eo
3240 615 3442 672 erunt,

176 696 277 752 καὶ
306 697 437 762 τοὺς
460 697 557 751 σὺν
578 695 723 766 αὐτῷ
747 696 1056 767 μέλλοντος.

694 695 723 766 ἶ)
747 696 1056 767 μέλλοντος.
1864 698 2146 753 occisurus
2167 698 2258 753 sit.

255 788 343 843 ιϐ’.
383 787 802 858 Εὑαγγελισμὸς
829 789 1166 860 σαρκώσεως
1197 786 1462 860 Χριστοῦ,
1484 789 1580 842 καὶ
1615 789 1767 852 ὅπως

1934 790 2079 846 XIX.
2114 790 2473 847 Annuntiatio
2514 790 2913 848 incarnationis
2953 792 3181 860 Christi,
3216 802 3271 848 et
3304 809 3442 864 quo-

174 883 235 935 ἐν
268 880 423 952 αὐτῷ
459 881 521 934 τὸ
554 880 832 953 πλήρωμα
882 882 1204 952 κατοικήσει
1251 879 1347 933 τοῦ
1404 880 1727 951 Πνεῦματος

1884 884 2029 940 nodo
2089 883 2147 938 in
2188 882 2308 953 ipso
2359 882 2689 939 inhabitabit
2738 883 3021 953 plenitudo
3074 884 3345 956 Spiritus;
3391 896 3448 943 et

174 974 276 1027 καὶ
304 975 455 1037 ὅπως
494 974 621 1037 τοὺς
656 973 757 1045 μέν
791 975 1069 1037 ἐναντίους
1096 974 1402 1046 διαφθερεῖ,
1434 974 1664 1047 ἀληθεία
1705 974 1738 1028 δ

1880 976 2135 1048 ιυοῐῐιοιίο
2166 975 2417 1031 inimicos
2444 974 2667 1047 quidem
2698 976 2968 1041 destruet,
3001 978 3231 1033 veritate
3261 986 3444 1034 autem

177 1066 275 1117 καὶ
313 1063 631 1136 δικαιοσύνῃ
667 1064 806 1135 πρὸς
841 1065 970 1127 τοὺς
1001 1063 1329 1135 ἀνθρώπους
1348 1066 1635 1137 χρήσεται,
1669 1082 1741 1119 κα

1880 1076 1920 1122 :t
1945 1066 2156 1138 iustitia
2182 1065 2252 1121 'in
2290 1066 2540 1122 homines
2583 1074 2791 1133 utetur,
2840 1076 3049 1122 etcum
3087 1067 3250 1138 justis
3310 1084 3444 1125 con-

180 1154 325 1226 μετὰ
360 1154 591 1209 δικαίων
633 1155 883 1227 ἀθροίσει
924 1158 1052 1219 τοὺς
1094 1156 1153 1221 ἐξ
1194 1157 1471 1228 ἁμαρτίας
1505 1157 1744 1229 ἐπιστρέι

1882 1161 2107 1233 gregabit
2140 1175 2237 1216 eos
2277 1159 2371 1230 qui
2411 1174 2476 1213 ex
2522 1168 2748 1229 peccato
2793 1159 3047 1215 conversi
3099 1159 3348 1227 fuerint;
3389 1171 3446 1216 et

179 1264 423 1317 φοντας·
462 1249 558 1302 καὶ
599 1248 698 1321 τὴν
745 1251 809 1302 ἐκ
850 1249 1122 1320 δαιμόνων
1162 1252 1501 1321 καταργήσει
1534 1250 1740 1321 ptatan

1880 1251 2175 1305 lzemonum
2262 1249 2467 1305 delebit
2542 1248 3001 1320 perversitatem,
3085 1250 3444 1322 multiplicata

176 1340 601 1413 πληθυνομένης
630 1342 729 1412 τῆς
760 1342 1020 1404 πίστεως.
1865 1343 1996 1398 ﬁde.

251 1441 326 1487 κ’.
370 1434 493 1486 Ὅτι
555 1433 727 1488 ἐθνῶν
776 1437 804 1488 ὁ
855 1434 1093 1506 Χριστὸς
1146 1435 1480 1507 προσδοκία·
1513 1437 1764 1501 καὶτοὺς

1931 1433 2052 1489 XX.
2095 1431 2252 1500 Quod
2296 1430 2551 1487 Christus
2572 1429 2679 1487 erit
2710 1430 3049 1502 exspectatio
3080 1430 3344 1503 gentium,
3387 1440 3444 1486 et

178 1526 523 1595 πανταχόθεν
556 1529 635 1591 είς
672 1528 948 1599 σωτηρίαν
980 1528 1217 1594 συνάξει,
1256 1529 1349 1582 καὶ
1392 1532 1503 1593 τοῖς
1532 1531 1742 1585 δικαίοις

1880 1540 2057 1582 )mnes
2090 1523 2335 1594 undique
2381 1522 2439 1577 in
2470 1521 2704 1577 salutem
2755 1522 3131 1594 congregabit,
3172 1531 3229 1577 et
3278 1523 3444 1594 justis

176 1618 309 1681 τοὺς
356 1617 887 1689 ὲξομολογουμένους
929 1619 1291 1690 ἁμαρτωλοὺς
1352 1621 1612 1691 συνάψει·
1670 1640 1740 1675 κα

1881 1629 2180 1678 )eccatores
2209 1617 2536 1675 conﬁtentes
2568 1617 2848 1688 adiunget,
2892 1626 2949 1672 et
2986 1616 3239 1688 gentibus
3266 1616 3445 1672 mittet

176 1711 293 1772 τοῖς
336 1709 434 1779 μὲν
467 1708 676 1762 ἔθνεσιν
713 1710 990 1782 ἐκπέμψει
1027 1713 1153 1776 τοὺς
1205 1713 1540 1778 ἀποστόλους
1589 1715 1740 1786 κήρυ¹

1874 1728 2145 1782 przecones
2178 1710 2479 1782 apostolos,
2516 1709 2655 1764 etin
2695 1707 2933 1781 Egypto
2966 1709 3162 1765 notitia
3206 1718 3438 1764 crescet.

176 1818 317 1865 κας·
354 1804 412 1854 ἐν
453 1802 715 1874 Δίγύπτῳ
753 1805 810 1857 δὲ
856 1806 891 1875 ή
924 1804 1125 1874 γνῶσις
1159 1806 1631 1879 πληθυνθήσεται·
1664 1810 1740 1861 κα

1879 1806 1929 1861 St
1978 1805 2287 1862 exhortatio
2330 1802 2399 1858 ad
2441 1802 2916 1875 participationem
2968 1802 3345 1872 baptismatis;
3385 1812 3443 1857 et

174 1895 462 1966 προτροπὴ
513 1868 803 1959 κοινωνίας
861 1868 1278 1969 βαπτίσματος·
1330 1868 1439 1953 καὶ.
1481 1900 1738 1969 δοξολογίι

1877 1900 2031 1973 gloria
2058 1897 2262 1955 Christi
2292 1868 2517 1970 propter
2545 1868 2810 1953 miracula
2840 1911 2962 1966 quae
2988 1868 3058 1950 in:
3078 1894 3211 1951 Sion
3238 1911 3441 1966 opera-

173 1984 442 2056 Χριστοῦ,
466 1985 549 2054 ἐφ’
579 1979 661 2049 οἷς
687 1986 745 2039 ἐν
764 1989 829 2057 τῇ
858 1985 998 2041 Σιὼν
1023 1988 1454 2060 ἐμυσταγώγησε
1491 1990 1756 2061 θαύμασι.
1862 2002 1951 2049 tus
1979 2001 2085 2049 est.

247 2073 356 2129 κα¹.
400 2075 715 2147 Προφήτεία
762 2076 1010 2149 κλήσεως
1052 2078 1223 2132 ἐθνῶν
1246 2080 1336 2133 διὰ
1376 2081 1639 2151 Χριστοῦ,
1666 2083 1761 2135 καὶ

1934 2085 2076 2141 XXI.
2121 2082 2452 2141 Vaticinium
2495 2080 2802 2139 vocationis
2848 2080 3097 2153 gentium
3144 2094 3244 2150 per
3280 2077 3444 2134 Chri-

172 2166 445 2236 d;£€swg,
477 2170 571 2221 καὶ
597 2169 706 2221 τῶν
731 2170 1006 2239 ἐσομένων
1036 2172 1094 2224 ἐν
1128 2172 1203 2242 τῷ
1233 2173 1411 2244 καιρῷ
1443 2173 1543 2245 τῆς
1571 2191 1734 2228 συντει

1879 2190 2029 2248 stum,
2061 2188 2117 2236 et
2148 2179 2436 2244 adventus,
2456 2188 2513 2232 et
2554 2176 2867 2231 futurorum
2912 2175 2969 2229 in
3009 2183 3257 2243 tempore
3308 2188 3443 2229 con-

172 2259 328 2323 λείας
370 2262 428 2313 ἐν
462 2263 529 2332 τῇ
575 2263 645 2332 γῇ
699 2262 932 2326 καὶτοῖς
970 2263 1261 2334 στοιχείοις
1306 2265 1505 2319 ἅπασι·
1542 2268 1636 2319 καὶ
1660 2267 1736 2337 τῆη

1880 2271 2246 2330 summationis
2282 2270 2341 2326 in
2389 2278 2534 2325 terra
2568 2277 2624 2325 et
2664 2268 2719 2323 in
2749 2267 3005 2323 omnibus
3047 2266 3352 2332 elementis,
3389 2273 3444 2321 et

170 2353 288 2407 τῶν
320 2354 537 2425 ἀνόμων
568 2353 891 2425 διαφθορᾶς,
936 2356 1031 2409 καὶ
1057 2356 1158 2427 τῆς
1187 2357 1296 2411 τῶν
1318 2357 1545 2412 δικαίων
1576 2359 1734 2429 δόξης

1884 2366 2172 2435 niquorum
2205 2361 2554 2434 perditionis,
2592 2360 2940 2431 etjustorum
2964 2360 3187 2430 gloriae;
3219 2366 3275 2413 et
3297 2373 3445 2429 quae-

174 2448 273 2499 καὶ
300 2441 392 2499 οἷα
437 2446 718 2501 πείσονται
755 2448 806 2501 οί
848 2448 1143 2503 ὑπεύθυνοι
1167 2450 1289 2503 τότε
1335 2453 1402 2523 τῇ
1446 2451 1573 2525 δίκῃ
1613 2454 1738 2526 εὑριπ

1878 2472 1992 2510 iam
2034 2454 2311 2524 patientur
2359 2452 2413 2507 hi
2449 2451 2542 2522 qui
2586 2458 2717 2507 tunc
2753 2449 2964 2522 judicio
3012 2450 3237 2505 obnoxii
3286 2450 3442 2504 inve-

176 2538 457 2609 σχόμενοι.

1862 2548 2104 2603 nieutur.

249 2635 360 2702 xgl'.
398 2632 739 2705 Προφήτεία,
771 2634 853 2688 ὅτι
882 2633 952 2688 τὰ
986 2634 1113 2706 ἔθνη
1144 2635 1286 2690 κατὰ
1316 2636 1590 2707 δαιμόνων
1630 2638 1761 2691 ἀνα-

1930 2640 2106 2696 XXII.
2148 2637 2480 2695 Vaticinium
2530 2644 2724 2706 gentes
2760 2634 2818 2690 in
2863 2634 3141 2689 daemones
3194 2633 3439 2687 insurre-

179 2724 466 2795 στήσεται,
494 2725 588 2777 καὶ
606 2724 1038 2795 ἀφανισθήσεται
1058 2726 1187 2796 παρ’
1206 2725 1385 2779 αὐτῶν
1420 2727 1453 2797 ἡ
1487 2726 1595 2779 τῶν
1617 2725 1740 2780 είδώ

1880 2744 2046 2791 :turas
2078 2748 2220 2797 esse,
2254 2739 2308 2787 et
2335 2731 2403 2786 ab
2442 2731 2524 2786 eis
2553 2727 2839 2785 delendam
2870 2726 3137 2781 idolorum
3168 2723 3444 2779 confusio—

176 2815 285 2870 λων
308 2816 593 2889 σύγχυσις,
609 2816 826 2889 Ἰσραὴλ
841 2817 897 2871 δὲ
918 2818 1102 2881 αὐτοῖς
1122 2820 1150 2871 ὁ
1175 2816 1443 2871 πιστεύων
1455 2818 1740 2889 ἁναμιχθή-

1880 2845 2011 2883 tein.
2066 2825 2233 2882 Israel
2282 2833 2467 2879 autem
2514 2818 2689 2876 ﬁdelis
2717 2832 2842 2873 cum
2887 2815 2969 2872 eis
3005 2814 3345 2880 miscebitur,
3387 2821 3444 2868 et

178 2926 354 2976 σεται,
387 2912 483 2965 καὶ
516 2910 711 2984 Θρῆνος
739 2910 989 2965 ἐντεῦθεν
1016 2911 1093 2983 τῷ
1116 2911 1346 2982 διαὸόλῳ
1376 2912 1690 2983 γενήσεται.

1063 2911 1093 2983 ἱ)
1116 2911 1346 2982 διιὸόλῳ
1376 2912 1690 2983 γενήσεται.
1865 2922 2102 2996 gemitus
2128 2919 2253 2974 inde
2273 2915 2492 2972 diabolo
2514 2913 2627 2968 ﬁet.

248 3002 359 3072 κγ’.
400 3003 564 3075 Χαρά
600 3002 709 3057 τῶν
736 3002 927 3069 ἐθνῶν,
955 3003 1051 3056 καὶ
1083 3002 1444 3073 σχετλιασμδς
1485 3002 1593 3056 τῶν
1633 3004 1761 3056 ἁσεο

1880 2993 1891 2996 ν
1935 3008 2129 3065 XXIII.
2171 3006 2442 3063 Gaudium
2487 3000 2732 3074 gentium
2761 3004 2818 3053 et
2845 2994 3114 3053 desolatio
3149 2993 3444 3064 impiorum

178 3097 289 3150 εῶν
317 3098 411 3149 ἐπὶ
443 3095 523 3166 τῷ
562 3096 823 3167 πτώματι
857 3095 953 3149 τοῦ
984 3094 1233 3149 διαϐόλου
1255 3109 1269 3125 ·
1294 3096 1388 3149 καὶ
1441 3094 1742 3166 ἐπιτίμησις

1885 3121 1918 3159 n
1959 3102 2117 3157 ruina
2154 3096 2394 3161 diaboli;
2449 3102 2505 3149 et
2537 3087 2938 3146 animadversio
2971 3086 3027 3140 in
3063 3100 3190 3140 eum
3224 3100 3254 3138 a
3308 3084 3442 3149 Deo,

179 3192 301 3246 κατ’
328 3188 497 3244 αὑτοῦ
522 3189 678 3259 παρὰ
697 3188 794 3243 τοῦ
814 3188 974 3253 Θεοῦ,
1008 3188 1246 3259 παντελῆ
1279 3188 1379 3259 μὲν
1412 3188 1634 3259 ὄλεθρον
1657 3189 1743 3241 αὑ·

1875 3195 2187 3267 nmpletam
2232 3188 2378 3244 illius
2411 3184 2778 3257 perditionem
2819 3181 3048 3252 ejusque
3080 3176 3439 3241 asseclarum,

177 3283 271 3336 τοῦ
298 3300 356 3337 τε
383 3284 480 3337 καὶ⁸
505 3283 613 3337 τῶν
650 3282 838 3349 αὐτοῦ,
878 3280 1172 3352 βεϐαίωσιν
1205 3281 1263 3334 δέ
1295 3282 1393 3353 τῆς
1423 3280 1621 3352 βουλῆς
1656 3283 1741 3351 τῆς

1878 3286 2336 3350 tonIirmalionetn
2414 3295 2547 3335 vero
2612 3276 2813 3334 divina:
2866 3272 3158 3329 sententia:
3221 3286 3442 3325 annun-

180 3374 332 3438 θείας
363 3375 835 3444 καταγγέλλουσα.

459 3375 835 3444 ῖαγγέλλουσα.
1861 3386 2023 3442 tians.

248 3466 351 3522 κδ’.
399 3468 791 3541 Προσφώνησις
838 3472 951 3535 τοῖς
997 3470 1241 3541 δαίμοσι,
1282 3470 1356 3542 μὴ
1406 3469 1633 3542 θαρρεῖν
1678 3465 1760 3537 τῷ

1929 3471 2121 3530 XXIV.
2158 3465 2431 3523 Allocutio
2477 3462 2543 3519 ad
2577 3461 2874 3523 daemones,
2902 3456 3115 3514 scilicet
3153 3470 3223 3512 ne
3270 3454 3446 3511 conﬁ-

191 3560 475 3633 Ίουδαῖκῷ
510 3561 791 3634 πτώματι,
826 3561 1013 3635 ἐπειδὴ
1044 3563 1261 3634 χαλεπὰ
1308 3563 1460 3634 παρὰ
1503 3561 1614 3616 τῶν
1648 3562 1755 3624 τοῖς

1879 3566 1992 3620 lant
2030 3560 2343 3617 Iudaeorum
2387 3553 2583 3616 ruinae,
2612 3549 2872 3620 quoniam
2914 3546 3098 3619 gravia
3127 3546 3197 3601 ab
3232 3545 3318 3602 his
3348 3545 3443 3615 qui

180 3650 505 3719 ἀποστόλοις
530 3655 979 3727 μαθητευθέντων
1008 3656 1310 3710 πείσονται.

1860 3659 1927 3712 ab
1957 3651 2217 3726 apostolis
2251 3646 2432 3704 edocti
2462 3644 2691 3709 fuerint,
2721 3640 3025 3712 patientur.

254 3746 357 3806 κε’.
401 3748 718 3821 Προφήτεία
748 3749 889 3803 κατὰ
918 3749 1018 3819 τῆς
1041 3748 1485 3820 εἰδωλολατρείας
1509 3750 1567 3802 ἐν
1592 3748 1763 3818 αίνίγ-

1931 3745 2100 3802 XXV.
2134 3740 2469 3798 Vaticinium
2514 3745 2705 3792 contra
2747 3731 3110 3789 idololatriam
3142 3731 3244 3787 sub
3274 3731 3445 3803 ﬁgura

182 3860 316 3917 ματι
348 3843 449 3915 τῆς
479 3840 653 3897 Μωάὸ
671 3857 685 3872 ·
712 3834 783 3912 ἦν
813 3839 923 3912 γὰρ
960 3840 1099 3912 αὑτὴ
1146 3841 1474 3904 κατείδωλος
1495 3856 1508 3872 ·
1537 3840 1635 3894 καὶ
1661 3840 1746 3910 τῆς

1882 3840 2053 3905 lloab;
2096 3845 2214 3892 erat
2264 3832 2414 3889 enim
2448 3830 2567 3902 ipsa
2607 3826 2767 3883 idolis
2802 3825 3007 3881 dedita.
3054 3822 3120 3878 Et
3163 3823 3446 3894 praedictio

178 3916 479 4011 ἐπιδημίας
517 3936 618 4006 τῆς
663 3934 759 3989 τοῦ
799 3935 1007 4006 Κυρίου
1034 3934 1371 4008 πρόρρησις·
1407 3934 1627 4006 καὶτῆς
1652 3933 1742 3987 τῶ·

1882 3934 2132 3988 ιᾶνριιιυδ
2174 3925 2413 3991 Domini,
2454 3935 2511 3978 et
2553 3920 2821 3976 indicium
2860 3916 3272 3973 restaurationis
3308 3930 3446 3985 gen-

179 4031 622 4105 πεπλανημένων
641 4030 814 4086 ἐθνῶν
844 4029 1190 4102 διορθώσεως
1216 4030 1469 4101 μήνυσις.

1222 4030 1469 4101 μήνυσις.
1864 4025 1999 4079 tium
2024 4022 2080 4077 in
2112 4019 2394 4077 erroribus
2423 4013 2786 4071 versantium.

248 4134 365 4193 κς.
410 4099 746 4199 ἧροφητεία,
796 4123 896 4195 τὴν
932 4099 1150 4193 πλάνην
1201 4099 1295 4174 καὶ.
1345 4122 1410 4174 ἐκ
1467 4117 1761 4191 Δαμασκοῦ

1932 4113 2123 4170 XXVI.
2160 4109 2511 4172 Vaticinium,
2553 4121 2796 4161 errorem
2839 4103 3005 4159 etiam
3058 4117 3127 4158 ex
3182 4099 3447 4155 Damasco

177 4190 489 4275 παύεσθαί·
526 4190 624 4272 καὶ
669 4190 978 4289 πρόρρησις
1005 4190 1115 4286 τῆς
1163 4213 1257 4269 τοῦ
1312 4213 1445 4267 λαοῦ
1477 4190 1589 4267 τῶν
1626 4213 1741 4266 Ἰου⁴

1881 4206 2162 4262 lesituram
2209 4217 2367 4269 esse;
2393 4210 2449 4255 et
2488 4198 2769 4269 praedictio
2821 4194 3220 4251 imminutionis
3257 4190 3445 4262 populi

176 4314 345 4368 δαίων
401 4310 768 4377 ἐλαττώσεως,
820 4308 991 4363 ἐθνῶν
1032 4325 1093 4361 τε
1147 4307 1513 4379 ἐπιστροφῆς·
1547 4305 1641 4359 καὶ
1674 4300 1740 4359 οἷς

1882 4299 2176 4355 Iudaeorum
2224 4304 2280 4349 et
2335 4291 2714 4350 conversionis
2756 4289 3039 4359 gentium;
3104 4297 3161 4343 et
3199 4301 3446 4356 quaenam

176 4405 290 4458 τῶν
336 4401 607 4456 Ἰουδαίων
657 4401 706 4454 oi
755 4374 955 4463 παῖδες
983 4395 1072 4450 διὰ
1097 4395 1196 4467 τὴν
1223 4374 1580 4465 εἱς-Χριστὸν
1633 4393 1735 4446 ἁπι

1883 4385 2174 4442 ludzeorum
2206 4383 2323 4447 lilii,
2355 4397 2421 4436 eo
2449 4378 2599 4451 quod
2624 4378 2681 4433 in
2711 4376 2990 4433 Christum
3048 4390 3159 4431 non
3196 4374 3447 4431 credide-

178 4498 338 4551 στίαν
366 4493 690 4549 πεπόνθασι.

1866 4482 2004 4545 rint,
2041 4480 2251 4553 passuri
2274 4486 2419 4534 sunt.

251 4585 358 4651 κζ’.
400 4584 632 4656 Κατάρα
662 4581 805 4637 κατὰ
838 4580 947 4636 τῶν
985 4578 1157 4634 ἐθνῶν
1180 4576 1316 4649 ὁμοῦ
1344 4576 1486 4631 κατὰ
1509 4575 1619 4629 τῶν
1647 4574 1763 4630 δαι-
1793 4590 1815 4648 ι

1938 4573 2155 4628 XXVII.
2199 4572 2336 4626 Dira:
2374 4569 2430 4624 in
2461 4576 2650 4640 gentes
2674 4565 2836 4622 simul
2874 4572 2931 4620 et
2966 4563 3019 4619 in
3055 4563 3360 4629 daemones;
3395 4570 3450 4617 et

184 4681 368 4749 μόνων
386 4694 399 4709 ·
424 4679 522 4731 καὶ
552 4654 863 4749 πρόρρησις
889 4670 1258 4728 ἁποστολικοῦ
1295 4670 1498 4743 δρόμου
1526 4670 1662 4742 πρὸς
1692 4668 1748 4723 τό

1885 4666 2145 4723 iraedictio
2182 4663 2555 4735 apostolorum
2597 4674 2793 4716 cursus
2850 4658 2904 4713 in
2941 4666 3151 4729 gentes,
3184 4664 3239 4711 et
3267 4654 3449 4710 incre-

182 4746 334 4842 ἐθνη,
359 4771 456 4824 καὶ
484 4746 714 4840 τῆς
743 4768 991 4822 ἀπίστων
1026 4763 1418 4836 ὀλοθρεύσεως,
1449 4761 1560 4815 τῶν
1589 4761 1651 4827 ἐξ
1677 4760 1746 4815 ἐθ·

1884 4758 2115 4813 lnlorum
2150 4753 2502 4828 perditionis,
2532 4760 2589 4807 et
2612 4765 2803 4808 eorum
2828 4749 2918 4820 qui
2944 4764 3009 4803 cx
3048 4746 3303 4818 gentibus
3325 4760 3448 4801 cre-

184 4837 378 4918 νῶν-δὲ’⁹
400 4837 811 4917 πιστευσάντων
837 4859 975 4933 πρὸς
996 4857 1069 4912 τὰ
1097 4857 1374 4930 μυστήρια
1397 4855 1467 4909 τὰ
1490 4854 1589 4926 τῆς
1624 4851 1748 4907 Σιὼπ

1517 4854 1589 4926 ἧς
1624 4851 1764 4907 Σιὼν
1864 4848 2126 4905 diderunt
2159 4844 2493 4903 accessionis
2530 4842 2600 4898 ad
2635 4840 2894 4914 mysteria
2927 4837 3081 4895 Sion.

185 4956 446 5029 ἀφίξεως.

254 5056 365 5119 κη’.
404 5047 739 5120 Ηρόρῤήσις,
792 5043 880 5101 οἷα
929 5046 1057 5110 τοὺς
1116 5042 1449 5114 Αἰγυπτίους
1486 5043 1514 5096 ὁ
1562 5040 1767 5113 Κύριος

1940 5050 2178 5108 XXVIII.
2221 5048 2553 5105 Vaticinium
2603 5044 2998 5102 beneﬁciorum
3035 5057 3158 5113 quae
3191 5040 3245 5096 in
3285 5038 3450 5112 Egy-

188 5142 389 5215 βρέφος
422 5142 559 5213 πρὸς
593 5141 789 5205 αὐτοὺς
820 5139 1067 5203 καταὸὰς
1099 5136 1504 5209 εὐηργέτησεν·
1530 5134 1680 5197 ὅπως
1704 5149 1752 5185 τε

1885 5146 2012 5214 alios
2055 5142 2322 5198 Dominus
2382 5139 2563 5194 adhuc
2624 5152 2763 5209 puer
2791 5137 2857 5191 ad
2906 5134 3057 5206 ipsos
3109 5132 3449 5189 descendens

186 5236 372 5300 αὐτῶν
410 5238 517 5289 πᾶν
546 5234 705 5304 γένος
731 5234 833 5305 τῆς
867 5234 1085 5303 ἀπάτης
1129 5229 1451 5300 ἐξηφάνισε,
1494 5227 1589 5280 καὶ
1640 5225 1750 5282 τοὺς

1886 5236 2119 5300 :ontulit,
2180 5245 2235 5289 et
2278 5231 2555 5304 quomodo
2600 5230 2668 5285 ab
2712 5229 2793 5285 eis
2823 5243 2986 5284 omne
3035 5242 3210 5299 genus
3248 5225 3450 5282 erroris

189 5330 389 5399 σοφοὺς
419 5330 546 5389 τοὺς
594 5327 726 5399 παρ’
757 5327 942 5390 αὐτοῖς
992 5321 1385 5395 νομιζομένους
1422 5320 1643 5391 ᾔσχυνε,
1672 5317 1753 5371 καπ

1886 5329 2094 5391 Imovit,
2134 5336 2190 5381 et
2229 5325 2321 5396 qui
2368 5325 2512 5378 inter
2563 5322 2714 5393 ipsos
2762 5320 3041 5391 sapientes
3082 5319 3450 5374 censebantur

189 5422 434 5494 φοϐερὰν
464 5423 648 5485 αὐτοῖς
679 5420 774 5491 τὴν
806 5418 1005 5491 βουλτην
1049 5416 1148 5488 τὴν
1181 5415 1389 5469 οἰκείαν
1438 5412 1753 5481 κατέστησε.

1881 5420 2139 5485 confudit,
2188 5428 2240 5474 et
2292 5417 2569 5490 propriam
2610 5414 2744 5486 ipsis
2773 5412 3103 5470 sententiam
3146 5410 3445 5466 terribilem

1871 5513 2075 5568 effecit.

265 5605 369 5661 κθ’.
412 5604 729 5675 Προφητεία
768 5603 870 5673 τῆς
915 5598 1234 5668 Αἰγυπτίων
1298 5596 1435 5667 πρὸς
1484 5594 1577 5647 τὸν
1636 5593 1771 5646 Θεὸν

1946 5604 2134 5659 XXIX.
2177 5602 2507 5661 Vaticinium
2554 5598 2932 5657 conversionis
2967 5596 3347 5669 Egyptiorum
3381 5594 3449 5649 ad

192 5697 569 5768 ἐπιστροφῆς·
604 5695 700 5749 καὶ
732 5696 883 5757 ὅπως
935 5690 1074 5763 μετὰ
1105 5689 1215 5742 τῶν
1268 5686 1445 5741 ἄλλων
1489 5682 1662 5738 ἐθνῶν
1704 5682 1756 5737 τὲ

1886 5697 2067 5762 Deum,
2100 5707 2155 5752 et
2178 5697 2452 5767 quomodo
2484 5709 2606 5751 cum
2634 5691 2757 5747 aliis
2797 5692 3014 5763 populis
3060 5690 3352 5762 primatum
3394 5690 3450 5744 in

194 5791 439 5861 πρωτεῖα
462 5788 602 5841 κατὰ
624 5785 718 5840 τοῦ
751 5783 967 5857 Ἰσραὴλ
997 5782 1200 5848 ἕξουσι.

933 5783 967 5852 ,λ
997 5782 1200 5848 ἕξουσι.
1877 5790 2128 5845 Israelem
2154 5789 2497 5845 obtinebunt.

264 5881 332 5943 λ’.
377 5879 771 5955 Προσφῶνησις
798 5877 873 5949 τῷ
919 5873 1140 5945 Ἠσαίᾳ,
1164 5870 1399 5943 κηρύξαι
1419 5869 1515 5944 τὴν
1545 5871 1769 5941 -ίενομμε⁴

1946 5878 2114 5934 XXX.
2154 5879 2418 5939 Allocutio
2447 5881 2512 5938 ad
2545 5878 2740 5937 Isaiam
2782 5890 2837 5936 ut
2866 5876 3150 5935 denuntiet
3176 5892 3295 5933 eam
3329 5872 3451 5948 quia
