3962 6442
546 380 709 464 13:5
1750 399 2107 460 HESYCHII
2148 397 2617 461 PRESBYTERI
3684 400 3807 464 I376

570 510 825 580 gentibus
850 508 1098 564 ﬁdelibus
1129 510 1343 563 eveniet
1376 524 1443 564 ex
1479 507 1747 563 idolorum
1781 510 2043 564 servitute
2070 509 2133 563 li-

2243 523 2340 576 νην
2378 511 2488 573 τοῖς
2536 512 2748 573 πιστοῖς
2790 510 2999 564 ἔθνεσιν
3045 506 3109 564 ἑκ
3138 510 3238 581 τῆς
3278 510 3390 565 τῶν
3421 511 3660 585 εἰδώλων
3695 516 3802 583 αἰχ-

572 605 639 657 bc
673 605 932 657 atiouem.

2251 599 2532 668 μαλωσίας
2564 599 2864 671 γύμνωσιν.

649 692 841 747 XXXI.
883 693 1043 748 Minzr.
1084 692 1135 747 in
1180 692 1395 763 impios,
1430 702 1485 746 et
1513 693 1753 764 mysticae
1796 709 1996 747 mensae
2021 694 2133 747 vati

2317 690 2417 744 λα’.
2466 693 2689 765 Ἀπειλὴ
2741 694 2884 748 κατά
2906 694 3015 748 τῶν
3059 693 3306 748 ἀσεϐῶν·
3362 696 3458 750 καὶ
3511 696 3804 766 προφητεία

571 785 810 851 ciuium;
842 795 897 840 et
918 796 1170 855 aspectus
1193 785 1594 855 prmdicationis
1623 784 1767 841 Petri
1798 794 1852 840 et
1881 786 2053 852 Pauli,
2094 797 2133 839 el

2248 781 2347 851 τῆς
2372 783 2641 853 μυστικῆς
2664 783 2950 856 τραπέζης
2969 800 2983 815 ·
3021 785 3117 838 καὶ
3147 784 3356 857 θεωρία
3388 786 3483 839 τοῦ
3516 787 3802 855 κηρύγμα-

571 878 771 931 Christi
816 876 868 931 in
922 880 1037 932 suis
1098 877 1569 943 commorationis,
1603 893 1702 948 per
1739 893 1901 948 quam
1938 879 2133 949 deiecta

2245 892 2336 939 τος
2366 875 2575 946 Πέτρου
2610 877 2703 929 καὶ
2738 876 2975 943 Παύλου,
3006 877 3104 931 καὶ
3142 877 3241 947 τῆς
3270 877 3537 947 ὲνδημίας
3566 877 3661 930 τοῦ
3688 878 3804 946 Χρι-

572 980 700 1025 sunt
733 970 1039 1022 daemonum
1067 970 1381 1025 simulacra.

2248 965 2398 1031 στοῦ,
2421 966 2488 1020 δι’
2515 961 2582 1039 ἧς
2605 968 2915 1040 κατεϐλήθη
2944 970 3013 1023 τά
3038 970 3149 1022 τῶν
3178 969 3451 1038 δαιμόνων
3477 969 3696 1024 εἴδωλα.

648 1060 856 1115 XXXII.
897 1060 1119 1115 Vocatio
1171 1063 1412 1132 gentium
1458 1072 1513 1119 et
1570 1063 1852 1135 prmdictio
1896 1079 2133 1119 commu-

2316 1057 2414 1127 λβ’.
2456 1057 2668 1129 Κλῆσις
2693 1058 2881 1124 ἐθνῶν,
2919 1060 3129 1130 καὶτῆς
3158 1061 3446 1123 κοινωνίας
3473 1060 3587 1113 τῶν
3617 1078 3805 1133 μυστη-

571 1154 753 1207 niouis
784 1153 1183 1222 mysteriorum,
1227 1165 1283 1209 et
1323 1157 1714 1225 praenuntiatio
1760 1157 2133 1213 destructionis

2249 1148 2381 1219 ρίων
2418 1149 2744 1221 πρόρρησις,
2780 1153 2874 1204 καὶ
2910 1152 3008 1222 τῆς
3055 1152 3167 1205 τῶν
3211 1151 3516 1206 είδωλικῶν
3562 1152 3805 1223 τοξευμά-

574 1246 803 1300 telorum
840 1244 1129 1299 idolorum.

641 1336 884 1391 XXXIII.
923 1335 1207 1407 Tragoedia
1236 1337 1435 1392 veteris
1462 1337 1784 1405 Jerusalem,
1813 1348 1870 1395 et
1898 1354 2142 1410 quaenam

550 1426 646 1483 illi
678 1445 707 1483 a
737 1430 991 1500 gentibus
1017 1445 1135 1498 qua:
1172 1430 1507 1485 crediderint
1551 1433 1851 1502 patientur,
1897 1449 1965 1489 eo
2002 1434 2144 1504 quod

570 1540 762 1579 eorum
790 1522 1009 1592 quidem
1045 1522 1426 1592 paenitentiam
1473 1524 1789 1592 celaverint,
1842 1525 2019 1581 minas
2045 1540 2146 1580 au-

552 1608 681 1671 tem
711 1616 806 1669 Dei
838 1615 1169 1685 spreverint.
1932 1660 1933 1663 η

643 1706 880 1762 XXXIV.
921 1705 1209 1764 Praedictio
1258 1709 1622 1764 sacerdotium
1660 1707 1970 1766 Iudaeorum
2014 1726 2144 1782 per-

572 1799 798 1863 iturum,
828 1798 1034 1852 Christi
1087 1806 1270 1853 autem
1322 1799 1374 1852 in
1425 1799 1547 1869 ejus
1588 1798 1707 1855 loco
1756 1816 2137 1856 successurum

572 1903 712 1943 esse.

643 1978 859 2033 XXXV.
902 1978 1191 2049 I’rophctia
1236 1980 1543 2050 perdendos
1592 1995 1712 2036 esse
1758 1995 1953 2037 avaros
2005 1996 2144 2051 quos

573 2072 677 2125 sub
729 2072 897 2141 ﬁgura
944 2081 1313 2127 mercatorum
1367 2072 1533 2127 maris
1579 2074 1867 2142 exposuit;
1918 2087 2145 2128 casuros

571 2176 692 2215 csse
722 2164 884 2215 etiam
916 2162 1187 2233 Assyrios,
1231 2162 1503 2233 Spiritales
1544 2164 1820 2229 videlicet,
1850 2172 1905 2219 et
1938 2164 2143 2218 damo-

570 2268 690 2315 nes,
724 2254 959 2309 minatus
984 2263 1086 2310 est.
1128 2256 1451 2327 Salvandam
1486 2271 1609 2312 esse
1640 2273 1738 2327 per
1768 2258 2141 2327 paenitentiam

572 2345 868 2399 Ecclesiam
898 2347 1137 2416 gentium
1163 2346 1431 2417 promisit,
1467 2348 1569 2403 sub
1607 2347 1777 2419 ﬁgura
1819 2347 1946 2419 Tyri
1998 2348 2141 2402 illam

569 2437 875 2492 delineans.

634 2527 881 2585 XXXVI.
950 2529 1198 2585 Narratio
1266 2530 1577 2586 futurorum
1636 2531 2022 2602 peccatoribus
2088 2540 2143 2588 et

562 2618 730 2689 justis
759 2620 811 2673 in
837 2620 1036 2675 saeculo
1078 2630 1330 2686 venturo,
1375 2630 1434 2676 et
1473 2632 1998 2692 superventurorum
2029 2620 2144 2678 ele-

567 2712 765 2766 mentis
802 2712 855 2765 in
897 2713 1393 2779 consummatione,
1435 2723 1491 2769 et
1533 2714 1719 2785 gloria:
1761 2714 1986 2779 Christi,
2036 2731 2142 2786 qua

565 2806 899 2874 gloriﬁcatus
922 2814 1006 2861 est
1027 2807 1338 2876 apparendo
1360 2808 1413 2861 in
1439 2821 1621 2862 carne.

632 2987 902 3043 XXXVII.
945 2988 1185 3061 IIymnus
1219 2991 1285 3046 ad
1318 2990 1484 3047 Deum
1511 3007 1614 3063 pro
1645 3008 1713 3049 eo
1745 2996 1891 3065 quod
1916 2994 2140 3051 Jerusa-

566 3081 671 3134 lem
718 3090 874 3135 vetus
918 3091 1141 3151 propter
1180 3082 1515 3153 impietatem
1562 3086 1783 3154 cecidit,
1838 3087 2140 3143 ﬂoruerunt

2246 1255 2353 1291 των
2380 1238 2658 1305 ἀπωλείας
2689 1242 3111 1313 προαγόρευσις.

2315 1329 2415 1398 λγν.
2456 1332 2749 1403 Τραγῳδίαι
2814 1334 2913 1403 τῆς
2960 1334 3194 1405 ἀρχαίας
3264 1335 3669 1407 Ἰερουσαλήμ·
3726 1342 3805 1393 καὶ

2247 1418 2573 1486 προφητεία,
2626 1414 2713 1471 οἷα
2754 1420 2903 1487 παρὰ
2949 1422 3057 1475 τῶν
3106 1421 3276 1475 ἐθνῶν
3306 1425 3416 1476 τῶν
3450 1426 3805 1480 πιστευόντων

2246 1509 2545 1575 πείσονται,
2572 1510 2689 1564 ἀνθ’
2716 1505 2790 1565 ὧν
2823 1511 3068 1584 ἔκρυψαν
3098 1513 3197 1584 μὲν
3216 1516 3277 1581 ἐξ
3307 1516 3492 1570 αὐτῶν
3524 1517 3628 1589 τὴν
3656 1522 3802 1587 μετά-

2243 1616 2414 1667 νοιαν,
2445 1601 2547 1671 τῆς
2572 1603 2803 1673 ἀπειλῆς
2835 1604 2892 1655 δὲ
2919 1604 3012 1657 τοῦ
3040 1606 3180 1659 Θεοῦ
3210 1610 3658 1680 κατεφρόνησαν.

2314 1689 2410 1743 λδ⁹.
2453 1690 2788 1762 Πρόρῤησις,
2857 1693 2955 1764 τὴν
3006 1694 3119 1747 τῶν
3189 1696 3459 1751 Ἰουδαίων
3520 1699 3802 1771 ἱερωσύνην

2247 1779 2650 1853 φθαρήσεσθαι,
2695 1782 2794 1854 τὴν
2838 1783 2933 1837 τοῦ
2981 1785 3221 1858 Χριστοῦ
3253 1787 3311 1841 δὲ
3337 1789 3457 1843 ἀντ’
3484 1790 3661 1859 αὐτῆς
3690 1794 3802 1845 ἀναν

2248 1872 2560 1941 στήσεσθαι.

2313 1962 2409 2018 λε’.
2450 1966 2784 2038 Προφήτεία,
2834 1968 3153 2026 ἀπολεῖσθαι
3236 1975 3363 2038 τοὺς
3422 1975 3797 2049 φιλαργύρους,

2242 2055 2339 2120 οὓς
2366 2057 2446 2120 είς
2462 2057 2695 2129 αἴνιγμα
2718 2060 2826 2114 τῶν
2855 2063 3115 2134 ἐμπόρων
3140 2067 3238 2137 τῆς
3266 2067 3545 2138 Θαλάσσης
3570 2070 3793 2136 ἐξέθετο·

2243 2148 2529 2202 πεσεῖσθαι
2575 2151 2635 2204 δὲ
2689 2153 2947 2218 καὶτοὺς
2986 2156 3305 2228 Ἀσσυρίους
3349 2161 3640 2232 ἠπείλησε,
3690 2166 3796 2225 eos;

2243 2246 2467 2313 νοητοὺς
2517 2245 2784 2316 δηλονότι,
2838 2250 2964 2313 τοὺς
3015 2250 3316 2322 δαίμονας·
3352 2246 3699 2325 σωθήσεσθαι
3718 2257 3794 2319 Διειέι

2246 2335 2536 2404 μετανοίας
2588 2338 2689 2410 τὴν
2736 2340 2800 2391 ὲκ
2854 2340 2962 2395 τῶν
3010 2342 3181 2397 ἐθνῶν
3242 2344 3593 2417 Ἐκκλησίαν,
3630 2351 3703 2413 εἰς
3745 2350 3793 2402 τὸ

2244 2427 2540 2499 πρόσωπον
2570 2430 2745 2501 αὐτὴν
2774 2430 2954 2503 Τύρου
2983 2437 3418 2509 χαρακτηρίσας,
3451 2440 3732 2511 ὑπέσχετο.

2314 2519 2421 2584 λς’.
2462 2524 2729 2594 Διήγησις
2754 2526 2863 2578 τῶν
2902 2527 3174 2597 ἐσομένων
3200 2533 3309 2594 τοῖς
3345 2532 3690 2603 ἁμαρτωλοῖς
3716 2538 3790 2588 καὶ

2243 2614 2354 2675 τοῖς
2384 2613 2613 2678 δικαίοις
2650 2616 2708 2668 ὲν
2766 2616 2843 2687 τῷ
2887 2618 3048 2674 αἰῶνι
3072 2619 3150 2690 τῷ
3182 2620 3467 2691 μέλλοντι·
3504 2624 3719 2678 καὶτῶν
3742 2628 3788 2678 ἐν

2241 2708 2307 2776 τῇ
2333 2706 2615 2778 συντελείᾳ
2642 2710 2755 2773 τοῖς
2795 2712 3060 2781 στοιχέοις
3089 2713 3533 2786 συμϐησομένων
3551 2734 3565 2749 ο
3604 2718 3692 2773 καὶ
3710 2719 3788 2787 τῇς

2240 2797 2403 2869 δόξης
2424 2800 2519 2853 τοῦ
2550 2802 2809 2872 Χριστοῦ,
2842 2804 2911 2874 ἢν
2939 2805 3028 2859 διὰ
3058 2809 3263 2877 σαρκὸς
3301 2808 3469 2863 αὐτὸν
3516 2811 3787 2881 ἑμφανὶσευ

2244 2890 2367 2944 σθαι
2966 2934 2969 2937 -

2314 2982 2414 3050 λζ’.
2465 2986 2796 3057 Ύμνολογία
2845 2990 3003 3054 Θεοῦ,
3034 2991 3122 3062 ἐφ’
3145 2988 3227 3058 οἷς
3267 2994 3626 3067 Ἰερουσαλὴμ
3649 2998 3680 3069 ἡ
3702 3000 3786 3068 ἀρ-

2241 3074 2373 3144 χαία
2421 3075 2498 3139 ὼς
2546 3078 2822 3133 ἁσεϐοῦσα
2871 3082 3090 3147 ἔπεσεν,
3128 3084 3329 3156 ἤνθησε
3366 3086 3422 3140 δὲ
3468 3088 3569 3159 τῆς
3612 3090 3784 3161 Ἰερου-

564 3181 747 3227 autem
806 3189 959 3228 nova:
1002 3173 1303 3230 Jerusalem
1384 3180 1671 3247 mysteria,
1720 3189 1777 3235 et
1827 3181 2002 3236 deleta
2056 3188 2133 3237 est

2243 3165 2426 3238 σαλὴμ
2457 3168 2558 3239 τῆς
2589 3170 2712 3235 νέας
2737 3171 2806 3225 τὰ
2837 3175 3140 3245 μυστήρια·
3166 3177 3260 3231 καὶ
3305 3182 3629 3253 κατηργήθη
3659 3184 3787 3254 μὲνό

565 3282 732 3333 mors,
765 3275 820 3322 et
851 3269 1168 3323 conculcata
1198 3278 1284 3324 est
1311 3270 1576 3325 idolorum
1612 3272 1882 3344 impietas,
1918 3288 2135 3328 necnon

562 3367 618 3412 ct
646 3360 807 3428 hujus
838 3372 1029 3416 auctor
1061 3363 1348 3430 diabolus;
1384 3374 1581 3435 praeter
1613 3366 1757 3434 quod
1796 3367 2135 3421 vocationem

563 3454 807 3523 gentium
868 3471 964 3526 per
1012 3472 1163 3528 spem
1222 3458 1277 3513 in
1326 3457 1493 3514 Deum
1545 3459 1793 3528 prazdixit
1856 3469 2138 3531 propheta:

562 3544 824 3599 calamus.

636 3638 919 3694 XXXVIII.
960 3640 1239 3697 Canticum
1288 3644 1570 3713 propheta:
1619 3645 1985 3714 perditionem
2015 3649 2136 3704 dia-

562 3729 695 3795 boli,
730 3738 782 3785 et
803 3730 1115 3787 Iudaeorum
1145 3735 1502 3804 ignorantiam
1530 3746 1585 3792 et
1626 3738 1884 3793 invidiam
1915 3756 2131 3796 annun-

566 3818 723 3882 tians,
766 3830 822 3875 et
872 3822 1173 3891 praedicans
1232 3824 1448 3893 piorum
1508 3842 1659 3896 spem
1706 3830 1761 3884 in
1806 3829 1995 3899 Deum,
2041 3833 2132 3903 qui

563 3909 791 3964 suscitat
817 3920 1059 3968 mortuos
1085 3930 1222 3985 quos
1254 3916 1447 3971 medici
1478 3932 1589 3973 non
1616 3932 1865 3991 possunt.

631 4089 872 4147 XXXIX.
914 4094 1247 4161 Consolatio,
1296 4096 1391 4153 Dei
1435 4100 1644 4156 scilicet
1688 4102 1823 4159 iram
1857 4105 2132 4174 imminui,

562 4185 634 4241 ita
665 4195 725 4241 ut
764 4187 1037 4243 diabolum
1084 4190 1370 4257 destruat;
1417 4203 1472 4248 et
1517 4196 1794 4252 accusatio
1829 4202 2133 4256 sterilitatis

558 4274 900 4344 Judmorum;
932 4288 986 4333 et
1017 4279 1332 4336 vaticinium
1362 4291 1565 4339 terram
1603 4287 1668 4340 ad
1695 4288 1970 4344 Christum
2000 4309 2134 4347 ven-

559 4378 736 4425 turam
764 4386 779 4436 ;
814 4381 868 4426 et
888 4374 1179 4442 promissio
1207 4375 1473 4431 salvatum
1505 4377 1621 4433 fore
1649 4395 1679 4433 a
1712 4378 1930 4437 Christo
1964 4385 2131 4442 Israel

559 4476 906 4525 conversum,
943 4474 997 4519 et
1023 4465 1352 4522 destruenda
1389 4468 1553 4540 idola,
1578 4479 1635 4527 et
1671 4471 2000 4531 dedicandos
2042 4493 2131 4533 ra-

558 4553 847 4612 tionabiles
869 4572 1022 4612 oves.

629 4723 743 4779 XL.
784 4723 1010 4781 Vocatio
1059 4726 1349 4784 mulierum
1387 4745 1507 4800 qua:
1578 4732 1832 4791 viderunt
1878 4752 2126 4795 resurre-

554 4818 788 4872 ctionem
818 4818 1021 4873 Christi
1045 4836 1060 4885 ;
1084 4828 1144 4874 et
1163 4821 1444 4890 praedictio
1472 4826 1745 4893 quomodo
1775 4843 1872 4898 per
1901 4845 2130 4903 cvange-

555 4909 713 4970 Iicam
768 4910 1205 4980 praedicationem
1250 4913 1445 4981 peribit
1497 4916 1769 4987 impietas.
1814 4919 1898 4976 Ira
1941 4932 2123 4979 autem

555 5004 612 5059 in
661 5000 902 5067 Iudaeos,
935 5017 1004 5058 eo
1050 5004 1197 5073 quod
1235 5019 1346 5060 non
1394 5006 1573 5064 solum
1622 5008 1889 5067 idolorum
1937 5029 2124 5073 errore

554 5091 810 5155 inebriati
868 5102 1042 5159 sunt,
1081 5095 1177 5150 sed
1235 5103 1294 5152 et
1342 5098 1712 5168 praedicationi
1743 5108 2119 5174 apostolorum

552 5193 659 5237 non
688 5178 1055 5249 crediderunt,
1080 5184 1223 5239 unde
1254 5184 1552 5245 incredulis
1571 5192 1829 5263 perditio,
1853 5197 1999 5253 salus
2027 5216 2125 5255 au-

555 5279 663 5325 tem
695 5270 1047 5328 credentibus
1068 5285 1338 5343 speratur.

620 5363 756 5419 XLI.
798 5364 956 5422 Minae
1000 5367 1057 5423 in
1095 5384 1189 5425 eos
1222 5371 1316 5441 qui
1366 5372 1683 5431 existimant
1740 5393 1799 5434 se
1844 5381 2121 5452 impietate

551 5457 884 5526 adjuvandos
945 5458 1092 5527 fore;
1151 5470 1207 5516 et
1259 5464 1571 5524 exhortatio
1632 5468 1700 5524 ad
1756 5472 2119 5533 obediendum

550 5546 788 5613 Christo,
813 5548 927 5618 qui,
967 5558 1090 5619 post
1122 5555 1600 5623 resurrectionem,
1633 5558 1769 5616 iram
1803 5562 2118 5634 incredulis,

550 5638 778 5693 salutem
826 5655 955 5694 vero
1003 5658 1271 5700 summam
1329 5648 1444 5703 orbi
1483 5658 1640 5708 terra:
1692 5654 1885 5721 mittit,
1920 5668 1973 5714 et
2028 5662 2117 5730 qui

550 5727 785 5796 primum
837 5730 951 5801 lego
998 5744 1046 5788 et
1099 5748 1285 5804 postea
1334 5744 1618 5815 prreccptis
1647 5751 1969 5820 evangelicis
2019 5727 2117 5811 nos

550 5819 731 5877 coluit.

2242 3255 2492 3324 θάνατος,
2529 3262 2845 3331 πεπάτηται
2888 3264 2945 3317 δὲ
2992 3265 3101 3320 τῶν
3132 3267 3368 3322 εἰδώλων
3396 3272 3428 3341 ή
3461 3273 3683 3327 ἀσέϐεια
3708 3278 3785 3328 καὶ

2238 3350 2267 3402 ό
2291 3350 2495 3421 ταύτην
2527 3353 2826 3423 ἐνεργήσας
2848 3355 3090 3420 διάϐολος
3109 3375 3123 3390 ·
3150 3361 3236 3428 ἐφ’
3261 3357 3343 3426 οἷς
3373 3364 3472 3433 τὴν
3506 3366 3617 3419 τῶν
3638 3368 3783 3420 ἐθνῶν

2239 3442 2431 3512 κλῆσιν
2462 3442 2549 3497 διὰ
2569 3447 2666 3515 τῆς
2699 3447 2779 3508 εὶς
2803 3446 2939 3500 Θεὸν
2957 3449 3173 3513 ἐλπίδος
3202 3454 3231 3506 ό
3257 3458 3602 3527 προφητικδς
3635 3478 3779 3529 προσ-

2237 3532 2418 3604 εφὼνη
2427 3550 2485 3587 σε
2515 3534 2782 3606 κάλαμος.

2308 3625 2407 3697 λη’.
2460 3626 2581 3698 ᾩδὴ
2612 3628 2704 3682 τοῦ
2738 3632 3044 3702 προφήτου,
3090 3634 3373 3692 ἀπώλειαν
3421 3639 3518 3694 τοῦ
3560 3642 3777 3697 διαϐόλου

2236 3717 2332 3769 καὶ
2358 3717 2466 3770 τῶν
2510 3718 2780 3773 Ἰουδαίων
2808 3722 3032 3789 ἄγνοιαν
3060 3723 3156 3777 καὶ
3179 3727 3375 3794 φθόνον
3404 3734 3775 3803 καταγγέλλου-

2238 3827 2336 3864 σα·
2369 3812 2463 3864 καὶ
2503 3813 2610 3865 τῶν
2639 3814 2880 3868 εὐσεϐῶν
2902 3817 3001 3888 τὴν
3030 3819 3224 3874 ἐλπίδα
3258 3824 3343 3885 είς
3366 3823 3502 3878 Θεὸν
3526 3824 3659 3883 εἶναι
3692 3848 3773 3899 κη-

2238 3902 2524 3974 ρύττουσα,
2558 3904 2651 3958 τὸν
2692 3907 2976 3979 ἐγείροντα
3015 3912 3145 3977 τοὺς
3186 3916 3438 3985 νεκροὺς,
3485 3918 3580 3985 οὓς
3628 3922 3773 3993 ἰατροὶ

2239 3994 2314 4065 μὴ
2347 3995 2625 4053 δύνανται.

2306 4086 2402 4143 λθ’.
2447 4088 2797 4160 Παραίνεσις,
2830 4092 2933 4162 τὴν
2963 4094 3136 4165 ὀργὴν
3171 4096 3263 4150 τοῦ
3304 4096 3442 4153 Θεοῦ
3480 4101 3770 4156 ύποστέλλε·

2236 4176 2380 4242 σθαι,
2410 4178 2485 4243 ὡς
2516 4182 2610 4234 καὶ
2636 4181 2804 4235 αὐτὸν
2836 4184 3079 4255 ἀναιρεῖν
3101 4185 3193 4240 τὸν
3216 4188 3465 4246 διάϐολον
3482 4193 3768 4262 μέλλουσαν·

2233 4269 2328 4322 καὶ
2375 4272 2681 4343 κατηγορία
2733 4274 2835 4344 τῆς
2883 4275 2991 4329 τῶν
3041 4278 3316 4335 Ἰουδαίων
3371 4283 3665 4356 ἀκαρπίας·
3694 4290 3769 4339 καὶ

2233 4364 2562 4435 προφητεία,
2615 4366 2715 4437 τὴν
2763 4370 2868 4439 γῆν
2913 4369 2991 4440 τῷ
3026 4372 3250 4443 Χριστῷ
3300 4379 3765 4446 προσελεύσεσθαι·

2233 4456 2328 4509 καὶ
2361 4456 2677 4528 ὑπόσχεσις,
2722 4459 3066 4532 σωθήσεσθαι
3099 4466 3251 4536 παρὰ
3295 4468 3535 4542 Χριστοῦ
3556 4473 3641 4526 τὸν
3670 4475 3767 4526 ἐπι-

2231 4550 2532 4621 στρέφοντα
2570 4552 2808 4623 ’1σραὴλ,
2860 4555 2957 4607 καὶ
2998 4556 3327 4615 ἀπολεῖσθαι
3372 4563 3443 4617 τὰ
3492 4564 3691 4631 εἴδωλα,
3712 4566 3763 4618 τὰ

2228 4641 2421 4711 λογικὰ
2445 4642 2501 4696 δὲ
2523 4644 2893 4716 ἀναϐήσεσθαι
2918 4648 3189 4720 πρόϐατα.

2300 4740 2374 4805 μ’.
2416 4736 2624 4806 Κλῆσις
2708 4740 3005 4807 γυναικῶν,
3060 4744 3260 4807 αἵτινες
3331 4746 3639 4819 ἐθεώρησαν
3688 4748 3761 4802 τοῦ

2228 4828 2469 4898 Χριστοῦ
2495 4829 2595 4900 τὴν
2632 4830 2966 4887 ἀνάστασιν·
3017 4837 3109 4890 καὶ
3160 4838 3471 4911 πρόρρησις
3513 4843 3653 4906 ὅπως
3693 4842 3761 4895 διὰ

2226 4920 2320 4974 τοῦ
2347 4921 2703 4990 εὖαγγελικοῦ
2746 4925 3098 4996 κηρύγματος
3148 4929 3431 4985 ἀπολεῖται
3467 4934 3499 5004 ή
3541 4934 3756 4987 ἀσέϐεια·

2224 5013 2363 5085 ὀργὴ
2392 5014 2450 5068 δὲ
2481 5018 2596 5080 τοῖς
2638 5017 2933 5082 Ἰουδαίοις,
2967 5021 3083 5074 ἀνθ’
3116 5014 3192 5075 ὧν
3219 5024 3281 5076 ού
3325 5024 3489 5095 μόνον
3521 5030 3584 5097 τῇ
3614 5027 3757 5097 πλάνῃ

2225 5106 2337 5159 τῶν
2379 5107 2610 5162 εἰδώλων
2652 5110 3054 5181 ἐμεθύσθησαν,
3076 5114 3216 5169 ἀλλά
3248 5116 3347 5169 καὶ
3366 5116 3446 5188 τῷ
3479 5118 3755 5190 κηρύγματι

2223 5197 2336 5251 τῶν
2365 5200 2681 5254 ἀποστόλων
2722 5202 2825 5255 οὐκ
2857 5202 3217 5274 ἐπείσθησαν·
3240 5205 3302 5271 ἐξ
3323 5199 3385 5260 οὗ
3408 5211 3519 5273 τοῖς
3544 5209 3756 5270 ἀπέστοις

2224 5290 2492 5355 ἀπώλεια,
2529 5296 2773 5366 σωτηρία
2802 5296 2857 5350 δὲ
2884 5299 2999 5361 τοῖς
3030 5300 3242 5362 πιστοῖς
3273 5300 3575 5365 ὲλπίζεται.

2298 5381 2408 5453 μα’.
2463 5385 2685 5455 ’Δπειλὴ
2733 5386 2874 5440 κατά
2929 5387 3039 5439 τῶν
3090 5388 3355 5458 οἰομένων
3394 5392 3500 5445 ὑπὸ
3541 5392 3630 5461 τῆς
3653 5396 3755 5447 ἀσε-

2224 5474 2372 5538 ϐείας
2424 5474 2765 5545 βοηθεῖσθαι·
2812 5478 2904 5529 καὶ
2952 5479 3296 5548 παραίνεσις,
3350 5481 3647 5535 ὑπακοῦσαι
3691 5480 3751 5548 τῷ

2223 5567 2463 5639 Χριστῷ,
2499 5568 2578 5639 τῷ
2610 5569 2749 5637 μετά
2806 5569 2906 5641 τὴν
2953 5571 3253 5627 ἀνάστασιν
3301 5573 3477 5647 ὀργὴν
3506 5580 3607 5637 τοῖς
3651 5573 3749 5627 ἀπί-

2225 5678 2391 5727 στοις,
2423 5660 2699 5731 σωτηρίαν
2726 5662 2784 5714 δὲ
2813 5661 3076 5733 σύντομον
3105 5665 3493 5722 ἀποστέλλοντι
3519 5672 3578 5738 τῇ
3602 5670 3750 5722 οἰκον-

2225 5752 2383 5825 μένῃ,
2426 5753 2684 5823 κήρυγμα
2727 5755 2821 5807 καὶ
2866 5755 3135 5827 πρότερον
3180 5756 3254 5828 τῷ
3306 5761 3479 5832 νόμῳ,
3519 5761 3604 5816 καὶ
3638 5755 3747 5828 μετά

2220 5846 2375 5899 τοῦτο
2395 5848 2515 5910 ταῖς
2541 5845 2926 5915 εύαγγελικαῖς
2951 5849 3095 5919 ἡμᾶς
3124 5850 3365 5916 ἐντολαῖς
3388 5853 3745 5928 γεωργήσαντι.
