4040 6394
171 420 313 484 1377

1604 407 1685 467 ΙΝ
1728 404 2015 465 ISAIAM.

3293 390 3429 451 1378

246 530 358 604 μβ’.
400 527 770 600 Σχετλιασμὸς
803 523 941 576 κατά
963 522 1063 592 τῆς
1086 521 1321 592 ἀρχαίας
1360 515 1747 587 Ἰερουσαλήμ·
1782 537 1794 575 Α

1924 505 2081 562 XLII.
2123 503 2355 571 Querela
2400 503 2666 556 adversus
2704 510 2947 554 veterem
2998 496 3324 561 Jerusalem,
3375 505 3430 548 et

168 630 270 681 καὶ
296 623 496 693 ἀπειλὴ
536 620 678 675 κατά
714 616 1010 687 δαιμόνων,
1044 613 1153 667 τῶν
1181 611 1353 680 αὐτὴν
1377 606 1754 678 τυραννησάν-

168 738 287 775 των
306 735 319 749 ⁶
350 717 444 771 καί
472 712 778 783 κατηγορία
811 709 911 778 τῆς
938 706 1047 759 τῶν
1086 701 1361 759 Ἰουδαίων
1393 698 1708 771 πωρώσεως
1736 713 1750 727 ·

172 813 276 868 καὶ
303 812 452 873 ὃπως
488 807 550 861 τὸ
599 801 936 870 Εὐαγγέλιον
980 799 1094 859 τοῖς
1158 793 1439 855 Ἰουδαίοις
1485 789 1756 862 ἐσφράγι-

175 924 327 972 σται,
358 902 638 973 ἀγνοεῖται
669 897 726 950 δὲ
758 896 888 965 πρὶν
910 892 980 946 τά
1013 890 1131 944 θεῖα
1166 886 1542 956 παιδευθῆναι.

254 1005 369 1070 μγ’.
409 991 736 1065 Κατηγορία
781 987 891 1061 [ἵσ.
935 979 1272 1056 προφητεία]
1320 978 1419 1050 τῆς
1470 975 1579 1029 τῶν
1627 973 1759 1028 Ἰου-

176 1067 349 1148 δαίων
377 1071 782 1156 κατακρίσεως,
814 1080 912 1134 καὶ
948 1078 1253 1148 πρόρρησις
1310 1072 1410 1141 τῆς
1445 1068 1555 1123 τῶν
1588 1067 1760 1121 ὲθνῶν

180 1182 539 1254 θεογνωσίας,
576 1176 799 1243 καὶτῆς
835 1170 1115 1227 ἀπωλείας
1142 1166 1252 1220 τῶν
1296 1164 1442 1234 ἔργῳ
1488 1161 1584 1215 καὶ
1615 1159 1760 1229 λόγῳ

180 1279 279 1331 τὸν
321 1274 451 1327 λαὸν
501 1265 1004 1330 σκανδαλιζόντωνο
1040 1262 1136 1313 καὶ
1165 1259 1315 1319 ὅπως
1344 1257 1457 1317 τοῖς
1490 1253 1584 1306 τοῦ
1626 1253 1760 1321 Χρι-

183 1367 319 1424 στοῦ
354 1364 599 1436 θαύμασι
633 1361 702 1413 τὰ
736 1358 835 1429 μὲν
862 1354 989 1423 ἔθνη
1027 1349 1472 1421 παιδευθήσεται,
1513 1344 1763 1399 Ἰουδαῖοι

182 1462 246 1515 δὲ
284 1433 762 1530 αἰσχυνθήσονται,
813 1447 888 1511 ὡς
937 1444 1276 1505 ἀποστάντες
1333 1437 1495 1503 Θεοῦ,
1520 1436 1616 1491 καὶ
1667 1433 1761 1488 τοῦ

186 1551 386 1625 νοητοῦ
413 1548 513 1619 τὴν
546 1542 870 1616 συμμαχίαν
906 1537 1178 1606 ἑλόμενοι.

266 1616 370 1717 μδ.
410 1616 600 1701 ’Ὅπως
648 1636 718 1689 τὰ
770 1630 923 1703 παρά
970 1628 1084 1682 τῶν
1134 1623 1414 1697 δαιμόνων
1470 1616 1762 1687 ἀνωφελῆ·

188 1708 422 1798 τούτους
459 1733 570 1803 γάρ
616 1730 729 1792 τοῖς
772 1723 985 1796 θηρίοις
1042 1717 1405 1789 παρείκασεν,
1436 1713 1575 1781 ὅπερ
1603 1709 1663 1761 ἐν
1690 1708 1769 1760 εἰ-

187 1832 313 1885 κόνι
356 1801 867 1898 τῆςίεύαγγελικῆς
911 1813 1098 1885 βίϐλου
1132 1807 1344 1882 γράψαι
1401 1807 1429 1858 ό
1476 1801 1769 1873 προφήτης

188 1921 510 1977 κελεύεταιο
550 1916 646 1970 καὶ
673 1915 821 1975 ὅπως
849 1907 1073 1963 ἀκούειν
1106 1903 1351 1957 Ἰουδαῖοι
1378 1899 1449 1953 τά
1479 1896 1600 1950 θεῖα
1630 1909 1775 1965 παρ-

194 2013 543 2085 αιτούμενοι,
584 2005 787 2077 πτῶμα
816 2001 1036 2057 ἀνίατον
1062 1997 1348 2051 πίπτουσι.

274 2076 381 2180 μεί
423 2101 752 2175 Παραίνεσις
791 2091 1080 2167 μετανοίας
1118 2088 1199 2159 τῷ
1242 2083 1484 2157 Ἰσραὴλ,
1523 2079 1619 2135 ιιιαί¹
1646 2076 1778 2132 ἀνά-

196 2216 403 2272 μνησις
435 2193 523 2249 οἷα
552 2192 711 2247 αὐτοὶ
738 2185 1075 2245 ἀποστάντες
1104 2178 1214 2234 ἀπὸ
1250 2174 1385 2231 Θεοῦ
1424 2169 1779 2228 ἐϐουλεύσανο

192 2263 343 2355 το,νὸ
369 2286 605 2360 Χριστὸς
632 2284 690 2338 δὲ
716 2281 805 2334 διὰ
835 2280 934 2349 τῆς
955 2273 1165 2336 οἰκείας
1207 2266 1540 2342 σαρκῶσεως
1568 2263 1778 2317 οἰκονο-

200 2386 330 2458 μεῖν
359 2380 739 2452 εὐτρέπισται.

283 2507 401 2573 pg".
444 2496 759 2569 Πρόῤῥησις
795 2487 893 2542 τοῦ
946 2478 1195 2556 Χριστοῦ
1229 2478 1330 2549 τῆς
1369 2472 1634 2543 δευτέρας
1678 2468 1784 2538 ἀφ-

204 2561 367 2662 ιξέωξ
385 2608 398 2621 ·
420 2561 514 2643 καί
530 2561 731 2655 ἀπειλὴ
758 2581 898 2636 κατά
918 2577 1028 2631 τῶν
1046 2576 1331 2642 ἀποκεχρη
1342 2567 1515 2638 μένων
1544 2563 1623 2634 τῷ
1651 2561 1786 2631 οἴκῳ

200 2687 306 2742 τοῦ
336 2683 493 2746 Θεοῦ,
528 2680 623 2733 καὶ
652 2675 793 2731 κατά
836 2671 930 2725 τοῦ
965 2666 1212 2723 διαϐόλου
1254 2662 1351 2716 καὶ
1380 2659 1489 2713 τῶν
1513 2660 1600 2710 ἐπ’
1635 2653 1786 2725 αὐτῴ

205 2777 587 2834 πεποιθότων
624 2770 717 2825 καὶ
764 2768 913 2828 ὅπως
942 2765 977 2835 ἡ
1031 2759 1125 2815 τοῦ
1184 2754 1439 2826 Σωτῆρος
1498 2749 1784 2818 ἐπιδημία,

205 2874 497 2943 ἀναίρεσις
535 2869 633 2937 τῆς
659 2861 868 2924 πλάνης
896 2857 1005 2911 τῶν
1035 2851 1293 2917 εἰδώλων,
1329 2848 1425 2903 καὶ
1453 2844 1547 2899 τοῦ
1581 2841 1789 2911 ταύτην

207 2973 303 3023 ὲνε
316 2965 620 3036 ργήσαντος
647 2957 881 3025 γίνεται.

441 3023 808 3121 Μακαρισμδς
836 3044 945 3097 τῶν
974 3037 1352 3112 φυλαττόντων
1383 3029 1482 3103 τὴν
1511 3025 1646 3099 πρὸς
1691 3023 1787 3078 Ἱε’

213 3119 502 3226 ροῦσαλὴμ
539 3119 638 3216 τὴν
670 3140 868 3212 νοητὴν
915 3134 1261 3203 συγγένειαν,
1294 3121 1410 3200 ὲνῇ
1446 3122 1673 3226 φανεροί
1693 3119 1793 3189 τῆς

1857 601 2016 655 minze
2050 598 2103 651 in
2130 597 2407 650 daemones
2424 593 2518 663 qui
2545 607 2664 646 eam
2696 591 3059 662 subegerunt;
3082 596 3138 643 et
3157 587 3432 641 accusatio

1856 690 2075 747 duritia:
2099 688 2431 751 Judzeorum,
2472 695 2526 741 et
2558 683 2832 755 quomodo
2855 681 3204 753 Evangelium
3233 677 3436 733 Judmis
3476 742 3477 745 η

1857 784 2129 841 sancitum
2159 791 2274 847 est;
2305 796 2413 835 non
2454 772 2722 851 accipitur
2763 786 2947 832 autem
2991 774 3309 847 priusquam
3347 771 3436 826 di-
3474 754 3483 791 ⁵

1858 878 1985 933 vina
2015 875 2369 931 edoceantur.

1934 966 2118 1022 XLIII.
2158 964 2451 1035 Prophetia
2478 963 2669 1035 judicii
2691 962 3027 1023 Judmorum,
3066 965 3122 1013 et
3150 954 3439 1028 pradictio

1860 1060 2066 1115 notitiae
2104 1058 2200 1112 Dei
2236 1057 2381 1127 apud
2408 1066 2620 1128 gentes,
2651 1062 2708 1110 et
2746 1050 3070 1125 perditionis
3112 1062 3302 1104 eorum
3347 1045 3439 1114 qui

1861 1152 2029 1207 verbo
2061 1158 2116 1204 et
2139 1164 2306 1218 opere.
2337 1146 2599 1218 populum
2630 1144 3041 1205 scandalizant;
3082 1146 3136 1194 et
3167 1137 3442 1207 quomodo

1863 1253 2052 1316 gentes
2082 1239 2286 1295 Christi
2323 1237 2606 1293 miraculis
2647 1236 3011 1293 docebuntur.
3060 1229 3229 1285 Judaei
3260 1236 3441 1283 autem

1863 1332 2294 1396 confundentur,
2322 1329 2525 1401 quippe
2556 1328 2648 1397 qui
2676 1343 2704 1382 a
2730 1325 2841 1381 Deo
2872 1323 3197 1386 defecerint,
3245 1318 3445 1375 diaboli

1867 1434 2048 1482 autem
2080 1423 2348 1479 auxilium
2374 1419 2740 1494 praatulerint.

1940 1607 2125 1665 XLIV.
2160 1605 2445 1674 Quomodo
2489 1620 2609 1673 quae
2645 1618 2675 1658 a
2717 1601 3078 1662 daemonibus.
3122 1607 3252 1655 sunt
3286 1612 3448 1652 vana.

1871 1701 1980 1757 Hos
2008 1700 2153 1756 enim
2188 1696 2317 1752 feris
2340 1694 2608 1749 assimilat
2632 1710 2645 1760 ;
2670 1692 2810 1763 quod
2842 1692 2895 1745 in
2930 1691 3099 1762 figura
3127 1690 3248 1744 libri
3281 1704 3452 1741 evan-

1874 1792 2028 1862 gelici
2086 1789 2328 1845 scribere
2364 1785 2629 1856 propheta
2666 1785 2910 1855 julzetur.
2953 1782 3018 1835 Et
3046 1779 3320 1851 quomodo
3360 1795 3457 1833 au-

1875 1884 1992 1939 dire
2011 1881 2192 1937 divina
2217 1876 2387 1932 Judaei
2431 1893 2556 1932 cum
2600 1875 2909 1939 renuerint,
2961 1873 3121 1926 ruina
3164 1870 3454 1926 insanabili

1876 1976 2081 2032 cadent

1949 2065 2109 2123 XLV.
2153 2064 2474 2121 Exhortatio
2498 2058 2831 2132 paenitentiae
2860 2058 2925 2112 ad
2956 2056 3158 2121 Israel;
3194 2062 3248 2109 et
3290 2067 3463 2107 reum.

1879 2160 2113 2216 moratio
2141 2158 2324 2229 qualia
2355 2155 2481 2227 ipsi,
2525 2168 2650 2209 cum
2687 2169 2717 2205 a
2764 2151 2875 2207 Deo
2914 2147 3242 2211 defecerint,
3274 2144 3460 2199 consi-

1880 2253 1991 2309 liati
2022 2252 2160 2317 sint;
2199 2250 2451 2305 Christus
2477 2256 2659 2302 autem
2690 2258 2789 2313 per
2825 2256 2978 2298 suam
3033 2239 3464 2297 incarnationem

1883 2346 2081 2401 bonam
2107 2343 2509 2399 institutionem
2546 2344 2723 2409 parat.

1957 2458 2139 2513 XLVI.
2201 2454 2491 2511 Przedictio
2536 2450 2763 2507 secundi
2815 2449 3079 2503 adventus
3132 2444 3366 2503 Christi;
3412 2452 3470 2497 et

1886 2552 2047 2608 minae
2076 2552 2129 2605 in
2160 2565 2255 2606 eos
2284 2548 2375 2619 qui
2406 2545 2560 2600 abusi
2596 2552 2727 2599 sunt
2750 2542 2913 2597 domo
2955 2539 3069 2602 Dei,
3106 2548 3156 2592 et
3191 2539 3243 2590 in
3277 2535 3469 2591 diabo-

1887 2647 1997 2699 lum
2034 2654 2088 2700 et
2129 2645 2184 2698 in
2225 2658 2320 2697 eos
2368 2639 2458 2711 qui
2511 2637 2793 2693 conﬁdunt
2830 2634 2883 2688 in
2937 2647 3023 2687 eo.
3078 2632 3146 2686 Et
3192 2628 3469 2699 quomodo

1888 2736 2186 2792 Salvatoris
2215 2732 2483 2787 adventus
2509 2729 2601 2783 ﬁat
2630 2726 2936 2784 destructio
2964 2723 3165 2779 erroris
3207 2721 3472 2776 idolorum

1889 2840 1943 2886 et
1966 2830 2087 2899 ejus
2113 2826 2204 2897 qui
2227 2841 2345 2881 eam
2373 2822 2623 2893 inspirat.

1965 3015 2169 3071 XLVII.
2210 3010 2498 3068 Beatitudo
2545 3021 2733 3064 eorum
2778 3003 2870 3075 qui
2914 3010 3135 3058 servant
3177 2998 3476 3070 spiritalem

1893 3127 2018 3166 cum
2065 3107 2364 3183 Jerusalem
2435 3102 2856 3174 cognationem,
2909 3098 2963 3152 in
3002 3112 3107 3165 qua
3160 3093 3480 3149 manifestat

213 3187 502 3226 νηδυυηιιο·
550 3187 634 3216 "I'
679 3187 863 3212 "'I"t'
1248 3187 1259 3194 τ
1382 3187 1410 3200 ..
1459 3187 1469 3193 .
1589 3187 1602 3192 -
1751 3187 1758 3189 .

210 3242 425 3302 οἰκείας
457 3233 752 3304 ἐπιδημίας
793 3232 821 3282 ὁ
871 3223 1108 3296 Χριστὸς
1136 3220 1207 3273 τὰ
1245 3217 1543 3290 μυστήρια,
1578 3208 1794 3279 γαίτὴν

1900 3200 2150 3255 Christus
2189 3197 2272 3252 sui
2309 3195 2579 3249 adventus
2617 3188 2892 3262 mysteria,
2939 3197 2994 3241 et
3036 3187 3347 3241 Iudaeorum
3384 3199 3479 3238 su-

2000 3294 2012 3304 .
2039 3293 2049 3303 .
2153 3289 2179 3304 η
2370 3284 2597 3304 0,,A,4-_-!.
2668 3293 2711 3304 Α.
2763 3281 3044 3304 ---η---.λι
3089 3278 3326 3304 Ω.Ι,.Ιζ...ν.
3368 3278 3454 3304 ..τις

212 3337 330 3391 τῶν
375 3330 647 3385 Ἰουδαίων
702 3318 1023 3386 ἀλαζονείαν
1075 3312 1261 3380 παύει,
1313 3308 1521 3381 βεὸαιοῖ
1580 3305 1638 3358 δὲ
1686 3302 1795 3355 τῶν

213 3426 431 3484 πιστῶν
461 3425 561 3494 τὴν
589 3416 899 3474 εὐσέϐειαν.

300 3549 413 3615 μη¹.
455 3530 874 3604 Εὐαγγελισμδς
915 3526 1028 3582 τῶν
1067 3518 1431 3591 Ἐκκλησιῶν,
1464 3515 1561 3571 καὶ
1599 3512 1797 3583 θρῆνος

218 3637 335 3691 τῶν
366 3629 678 3687 Ἰουδαϊκῶν
715 3620 1049 3690 συναγωγῶν
1072 3633 1086 3648 ⁸
1110 3615 1205 3669 καὶ
1235 3611 1436 3682 ἀπειλὴ
1459 3610 1558 3675 τῆς
1598 3608 1798 3675 Ἰερου-

222 3725 414 3795 σαλὴμ
444 3718 799 3792 ἐρημώσεως,
835 3712 1031 3782 μέχρις
1049 3708 1115 3761 ἂν
1144 3703 1364 3774 δέξηται
1394 3692 1800 3770 τὴνκοινωνίαν

221 3820 322 3874 τοῦ
352 3786 689 3885 ᾖνεύμνατος,
720 3810 786 3877 ἣν
813 3805 882 3858 τὰ
918 3802 1049 3867 ἔθνη
1075 3798 1366 3867 δεχόμενα,
1403 3789 1668 3857 ἐλεύθερα
1698 3786 1803 3838 πά-

225 3931 331 3985 σης
369 3879 573 3982 βλάϐης
602 3905 955 3975 φυλάττεται,
1001 3892 1249 3948 Ἰουδαῖοι
1297 3888 1353 3940 δὲ
1402 3880 1702 3954 διασπορὰς
1729 3879 1804 3941 ὡς

224 4003 587 4065 ἀπειθοῦντες
614 3997 911 4052 πείσονται.

306 4120 418 4195 μθ⁹.
457 4111 747 4183 Δοξολογία
779 4104 917 4162 Θεοῦ
946 4104 1042 4158 καί
1058 4101 1166 4156 τῶν
1193 4095 1432 4167 ἀγαθῶν,
1472 4092 1615 4161 άπερ
1646 4085 1807 4149 αὐτὸς

228 4179 554 4288 χαρίζεταιί
595 4179 691 4261 καί
745 4202 1069 4274 πρόρρησις,
1114 4186 1498 4264 φθαρήσεσθαι
1535 4185 1636 4253 τὴν
1680 4179 1810 4233 ἀσέ-

233 4313 391 4363 ὕειαν
423 4305 489 4357 δι’
517 4298 868 4357 ἀναστάσεως
911 4285 1155 4361 Χριστοῦ
1194 4283 1289 4338 καὶ
1328 4275 1670 4347 ἀναλήψεως,
1717 4271 1813 4324 καὶ

232 4408 348 4461 τῶν
380 4401 554 4459 ἀλλων
590 4391 933 4468 μυστηρίων,
975 4386 1120 4455 άπερ
1162 4381 1241 4445 εἰς
1287 4371 1594 4468 ἀφανισμὸν
1634 4368 1814 4434 πάσης

238 4500 450 4562 πλάνης
500 4489 741 4547 ἐπιτελεῖ
795 4480 1208 4555 σαρκούμενοςο
1240 4472 1300 4536 ἐξ
1331 4464 1403 4521 ὧν
1460 4465 1599 4519 Σιὼν
1653 4460 1814 4533 μὲνὴ

237 4594 337 4647 νέα
368 4588 663 4646 ἀσάλευτος
685 4581 861 4642 ἔσται,
894 4577 948 4628 αἰ
983 4566 1300 4638 συναγωγαὶ

241 4685 502 4741 σείονται.

313 4802 380 4851 ν’.
424 4789 735 4863 Πρόρρησις
769 4776 1079 4839 συντελείας
1108 4771 1204 4841 τῆς
1242 4765 1525 4839 ὁρωμένης
1567 4760 1822 4819 κτίσεως,

246 4888 370 4944 καθ’
399 4886 466 4958 ἦν
499 4878 859 4951 ἀφανίζονται
906 4870 1065 4940 θυμῷ
1104 4865 1198 4921 τοῦ
1231 4862 1365 4917 Θεοῦ
1405 4858 1543 4931 μετά
1570 4855 1671 4922 τῆς
1703 4854 1829 4903 ἀσε-

247 4983 404 5044 ὐείας
434 4980 484 5031 οἰ
518 4975 691 5044 ταύτῃ
739 4965 1262 5041 προσχωρήσαντες,
1315 4957 1429 5016 τοῖς
1478 4946 1724 5001 εὐσεϐέσι
1771 4942 1827 4993 δὲ

247 5067 589 5147 κληρονομία
618 5065 846 5119 δίδοται.

322 5129 424 5223 έὲιν.
467 5129 882 5230 έὺαγτελισμδς
944 5150 1040 5205 τοῦ
1086 5145 1188 5217 τῆς
1236 5135 1562 5207 Ἐκκλησίας
1612 5129 1827 5191 ἄνθους,

252 5262 487 5319 καὶτῶν
519 5223 816 5325 θαυμάτων
849 5247 885 5305 ἀ
926 5238 1203 5315 σαρκωθίς
1240 5238 1269 5289 ὁ
1318 5228 1550 5305 Χριστὸς
1587 5223 1829 5289 ἐδέξατο,

254 5358 355 5412 καὶ
385 5354 492 5408 τῶν
525 5345 746 5419 ἀγαθῶν
780 5343 877 5411 τῆς
898 5335 1106 5408 δωρεᾶς
1134 5328 1231 5385 τοῦ
1258 5324 1655 5399 βαπτίσματος.

328 5468 433 5539 νβ’.
509 5466 797 5534 Διήγησις,
853 5450 941 5509 οἷα
999 5446 1282 5517 Ῥαψάκης
1335 5441 1403 5509 τῇ
1477 5428 1836 5539 Ἰερουσαλὴμ

258 5518 432 5634 παρΓά⁷
470 5518 566 5611 τοῦ
594 5518 977 5622 ⁸ὶίιεναᾷξειρελμ
1023 5534 1355 5596 ἀποσταλεὶς
1386 5526 1653 5633 ἠπείλησε
1675 5538 1689 5554 ο
1741 5518 1836 5634 καὶ

442 5650 540 5721 τὴν
577 5612 807 5712 ἀπειλην
848 5612 1098 5703 Ἰεζεκίας
1153 5622 1360 5701 μαθὼν,
1421 5618 1579 5721 πρὸς.
1614 5612 1838 5668 Ἡσαΐαν

259 5706 558 5816 τούςΙύπξρ
588 5706 1040 5806 αὐτῆς-δεηθῆναι
1069 5714 1521 5794 παρακαλοῦντας
1556 5708 1651 5763 ἐπε
1663 5706 1838 5816 ulla:

418 5795 728 5902 ἀσφάλειαν
741 5795 908 5896 -παρά
930 5795 1064 5874 θεοῦ
1090 5815 1158 5885 τῇ
1190 5808 1369 5871 πόλει,
1399 5798 1751 5902 ἀποστροφὴν
1785 5795 1841 5847 δὲ

264 5892 363 5988 τοῦ
390 5892 723 5995 Σενάχειρίμ
749 5892 955 5986 είςντὴν
984 5908 1169 5982 χώραν
1208 5902 1306 5974 τὴν
1339 5895 1548 5953 οἰκείαν
1580 5892 1839 5961 ἐμήνυσε.

1898 3293 2103 3364 perhia:
2150 3289 2312 3345 ﬁnem
2368 3284 2621 3357 imponit,
2661 3293 2716 3339 et
2756 3281 3050 3338 confirmat
3089 3278 3329 3335 fidelium
3368 3278 3482 3348 pie-

1901 3394 2087 3440 tatem.

1972 3493 2202 3551 XLVIII.
2245 3490 2453 3547 Laetitia
2476 3488 2840 3543 Ecclesiarum
2863 3494 2917 3540 et
2943 3483 3266 3538 lamentatio
3293 3482 3480 3537 lndai-

1901 3603 2092 3644 carum
2143 3596 2532 3657 synagogarum
2562 3588 2618 3634 et
2659 3577 2821 3633 mina:
2871 3575 3225 3630 desolationis
3258 3573 3482 3628 Jerusa-

1903 3682 2046 3743 lem,
2095 3678 2269 3733 donec
2328 3672 2554 3743 recipiat
2606 3667 3164 3726 communicationem
3210 3665 3483 3736 Spiritus.

1904 3786 2066 3841 quam
2096 3765 2422 3836 recipientes
2445 3770 2658 3833 gentes,
2680 3759 2954 3814 immunes
2982 3766 3271 3810 servantur
3297 3756 3484 3809 omnis

1908 3879 2097 3929 noxae;
2142 3858 2317 3916 Judaei
2364 3866 2550 3911 autem
2597 3869 2697 3925 pro
2727 3866 2826 3907 sua
2857 3848 3239 3905 incredulitate
3278 3846 3487 3918 diSper-

1908 3958 2127 4012 sionem
2159 3951 2460 4023 patientur.

1978 4068 2168 4126 XLIX.
2211 4063 2544 4125 Gloriﬁeatio
2573 4058 2667 4115 Dei
2695 4067 2748 4114 et
2779 4058 3051 4113 bonorum
3082 4071 3202 4125 qua:
3234 4055 3349 4125 ipse
3383 4052 3488 4106 lar-

1912 4165 2091 4238 gitur;
2119 4171 2174 4215 et
2203 4157 2484 4231 przedictio
2519 4150 2941 4223 disperdendam
2974 4148 3089 4203 fore
3133 4147 3491 4217 impietatem,

1912 4274 2009 4329 per
2031 4253 2233 4311 Christi
2264 4247 2718 4305 resurrectionem
2766 4252 2822 4296 et
2857 4240 3233 4296 ascensionem
3275 4238 3488 4305 aliaque

1918 4347 2170 4421 mysteria
2194 4360 2315 4417 quae
2349 4344 2403 4398 in
2428 4338 2774 4397 abolitionem
2810 4333 2991 4390 omnis
3016 4332 3219 4387 erroris
3248 4330 3495 4400 perficiet

1916 4443 2253 4502 incarnatus,
2308 4450 2407 4507 per
2448 4445 2570 4502 quae
2618 4442 2762 4482 nova
2807 4425 2939 4480 Sion
2988 4424 3309 4477 inconcussa
3367 4422 3496 4481 erit,

1326 4561 1382 4615 δὲ
1404 4558 1515 4612 τῶν
1550 4517 1816 4609 nouam;
1851 4561 1894 4615 υ
1920 4549 2201 4609 synagogae
2232 4539 2414 4585 autem
2445 4523 2756 4581 Iudaeorum
2789 4517 3123 4590 quatientur.

1995 4741 2059 4794 L.
2102 4734 2392 4791 l‘rzedictio
2415 4724 2905 4785 consummationis
2928 4718 3218 4778 creationis
3254 4715 3500 4779 visibilis,

1926 4836 1980 4888 in
2016 4847 2121 4901 qua
2145 4829 2235 4882 Dei
2266 4826 2449 4881 furore
2480 4822 2737 4877 delentur
2761 4828 2816 4873 et
2847 4816 3098 4886 impietas
3130 4822 3186 4866 et
3217 4811 3250 4866 ii
3277 4811 3367 4882 qui
3399 4810 3503 4863 im-

1927 4921 2110 4992 pictati
2147 4917 2521 4977 adhaeserunt,
2561 4910 2664 4981 piis
2705 4918 2887 4962 autem
2931 4905 3166 4960 donatur
3196 4901 3503 4955 haereditas.

2004 5128 2093 5181 Ll.
2133 5124 2340 5178 Laetum
2371 5116 2625 5173 nuntium
2659 5110 2807 5166 floris
2848 5107 3128 5174 Ecclesize,
3177 5116 3231 5161 et
3272 5105 3512 5160 miracu-

1931 5221 2107 5274 lorum
2135 5230 2255 5286 quae
2273 5211 2523 5267 Christus
2548 5204 2865 5261 incarnatus
2886 5198 3137 5273 perfecit,
3162 5209 3218 5254 et
3240 5198 3517 5254 bonorum

1935 5311 2062 5368 doni
2098 5301 2462 5379 baptismatis.

2006 5425 2120 5481 LII.
2161 5418 2435 5491 Expositio
2470 5379 2734 5471 malorum
2764 5427 2885 5482 quae
2922 5408 3215 5468 Ilahsaces,
3248 5419 3278 5458 a
3307 5402 3512 5458 Senna-

1937 5520 2125 5578 cherib
2161 5517 2382 5579 missus,
2406 5509 2711 5567 Jerusalem
2738 5506 2976 5560 minatus
2997 5508 3102 5563 est,
3139 5505 3195 5551 et
3220 5496 3510 5566 quomodo,

1941 5615 2026 5670 his
2053 5610 2271 5671 auditis,
2308 5603 2573 5662 Ezechias
2601 5600 2666 5655 ad
2707 5597 2899 5653 Isaiam
2951 5592 3100 5648 misit
3130 5591 3221 5661 qui
3253 5604 3375 5644 eum
3418 5588 3516 5641 de-

1941 5711 2297 5778 precarentur
2322 5707 2382 5753 ut
2403 5701 2587 5752 oraret
2618 5705 2717 5763 pro
2743 5688 2824 5744 eis
2855 5704 2868 5740 :
2914 5685 3003 5740 ille
3034 5694 3214 5738 autem
3259 5680 3515 5736 securita-

1945 5810 2054 5854 tem
2088 5813 2116 5852 ει
2143 5796 2254 5849 Deo
2297 5789 2523 5856 civitati,
2558 5797 2859 5854 regressum
2898 5795 3027 5836 vero
3061 5766 3435 5836 Sennacherib
3466 5775 3519 5827 in

1947 5904 2101 5946 suam
2139 5884 2415 5955 regionem
2440 5873 2806 5935 annuntiavit.
