4006 6436
585 447 720 513 1379

1780 436 2149 498 HESYCHII
2185 438 2661 500 PRESBYTERI

3720 436 3838 505 I380

652 562 785 618 LIII.
825 560 1075 615 Narratio
1101 556 1433 611 inﬁrmitatis
1482 553 1746 618 Ezechize,
1778 553 1832 607 in
1876 570 1985 625 qua
2020 570 2169 609 mor-

2345 564 2444 625 νγ¹.
2486 559 2753 628 Διήγησις
2797 558 2897 628 τῆς
2946 559 3261 630 ἀρρωστίας
3302 560 3574 625 Ἐζεκίου,
3608 560 3665 610 ἐν
3698 552 3839 631 ᾖθά-

581 666 691 710 tem
727 654 829 725 ipsi
874 651 1145 725 propheta
1193 646 1568 712 denuntiavit;
1620 646 1939 716 deprecanti
1986 659 2166 699 autem

580 746 727 802 Dens
761 756 976 815 tempus
1003 743 1127 799 vim
1158 740 1388 807 addidit;
1422 747 1476 794 et
1509 738 1779 794 canticum
1815 737 2085 809 ejusdem,
2119 746 2173 791 et

580 850 812 891 munera
840 849 871 889 a
902 831 1084 888 Persis
1118 838 1375 901 accepta;
1417 837 1641 899 propter
1688 843 1833 899 quae,
1878 842 2002 882 cum
2054 827 2174 881 the-

582 942 774 982 sauros
802 925 1157 988 ostendisset,
1181 921 1448 993 propheta
1482 921 1583 992 ipsi
1607 919 1845 976 futuram
1868 919 2171 976 Jerusalem

583 1018 955 1089 captivitatem
985 1015 1333 1072 vaticinatur.

654 1229 791 1285 LIV.
831 1227 1128 1284 Promissio
1155 1227 1220 1281 ad
1252 1226 1421 1282 Israel
1451 1226 1792 1282 remissionis
1824 1237 2174 1298 peccatorum

584 1331 640 1376 et
668 1322 936 1377 adventus
961 1318 1199 1385 Christi;
1233 1329 1288 1373 et
1322 1319 1670 1375 annuntiatio
1703 1334 1891 1373 eorum
1922 1335 2048 1389 qua:
2080 1334 2175 1372 νος

586 1418 745 1472 niens
775 1416 1138 1481 instaurabit;
1171 1426 1225 1472 et
1258 1415 1509 1487 ejusdem
1541 1413 1884 1485 glorificatio,
1908 1413 2177 1469 detractio

584 1517 768 1563 autem
805 1523 998 1563 eorum
1031 1509 1125 1578 qui
1163 1507 1374 1563 faciunt
1407 1506 1719 1563 simulacra.

660 1619 768 1677 LV.
810 1620 1080 1676 Aliocutio
1114 1621 1183 1676 ad
1218 1620 1406 1687 Israel,
1440 1634 1512 1675 ne
1540 1634 1695 1674 suam
1725 1616 2069 1689 praetendant
2092 1618 2181 1671 in-

588 1713 966 1770 credulitatem
993 1714 1049 1767 in
1078 1714 1385 1778 Christum,
1418 1711 1607 1767 mundi
1631 1711 1851 1781 quidem
1883 1709 2176 1775 factorem,

587 1807 831 1863 ﬁdelium
861 1816 1045 1862 autem
1084 1805 1525 1864 benefactorem:
1563 1812 1620 1859 et
1664 1802 1949 1859 renovatio
1990 1800 2179 1857 Eccle-

2276 667 2435 705 νατον
2467 651 2568 722 μὲν
2595 651 2746 722 αύτῷ
2773 652 2801 705 6
2839 654 3131 723 προφήτης
3159 654 3455 724 ἐμήνυσεν,
3493 652 3842 723 εὐξαμένῳῶ

2273 746 2301 797 6
2328 744 2460 807 Θεὸς
2492 746 2683 815 χρόνον
2708 745 2854 816 ζωῆς
2888 744 3201 815 προσέθηκε
3223 763 3235 774 ·
3271 746 3365 798 καὶ
3400 744 3513 817 ᾠδή
3548 744 3646 797 τοῦ
3674 744 3839 797 αὑτοῦ·

2275 840 2370 891 καὶ
2402 838 2551 908 δῶρα
2577 839 2641 892 ἐκ
2677 838 2931 909 Περσῶν,
2964 838 3051 908 ἐφ’
3083 832 3167 902 οἷς
3194 838 3356 903 αὐτὸς
3386 840 3485 909 μὲν
3507 839 3642 901 τοὺς
3667 838 3842 906 θησαν-

2278 931 2405 1001 poi);
2457 930 2586 994 τοὺς
2635 930 2879 993 οἰκείους
2925 929 3116 1001 ἐπειδὴ
3165 928 3357 994 ἔδειξε,
3396 929 3425 983 6
3465 929 3759 1001 προφήτης
3799 930 3844 982 δδ

2276 1022 2427 1090 αὑτῷ
2459 1023 2561 1093 τὴν
2593 1023 2865 1096 ἐσομένην
2895 1024 2997 1094 τῆς
3038 1022 3403 1095 Ἰερουσαλήμ
3448 1022 3846 1092 προεφήτευσεν

2277 1111 2499 1168 ἅλωσιν.

2348 1230 2442 1285 νδ’.
2495 1227 2829 1299 ’Υπὸσχεσις
2895 1226 2977 1298 τῷ
3016 1226 3239 1299 Ἰσραὴλ
3298 1226 3717 1297 ἁμαρτημάτων
3764 1227 3845 1293 ἀς-

2279 1322 2468 1386 ἐσεως,
2508 1322 2607 1377 καὶ
2647 1320 2956 1394 παρουσίας
2997 1320 3267 1392 Χριστοῦο
3325 1321 3422 1374 καὶ
3467 1318 3846 1389 εύαγγελισμδς

2281 1408 2356 1469 ὧν
2389 1415 2741 1486 ἐπιδημήσας
2780 1414 3145 1485 κατώρθωσε’
3189 1414 3285 1468 καὶ
3324 1412 3489 1466 αὑτοῦ
3527 1412 3628 1483 μὲν
3659 1411 3848 1475 Mein-

2280 1508 2394 1577 γία,
2428 1507 2653 1579 διαόολὴ
2681 1506 2738 1561 δὲ
2764 1507 2875 1562 τῶν
2916 1507 3218 1562 ποιούντων
3249 1507 3316 1560 τὰ
3346 1505 3568 1561 είδωλα.

2352 1630 2449 1677 νεν.
2493 1620 2899 1693 Προσφώνησις
2940 1619 3020 1691 τῷ
3066 1617 3308 1692 Ἰσραὴλ,
3350 1618 3426 1690 μὴ
3468 1615 3848 1689 προϐάλλεσθαι

2281 1716 2381 1785 τὴν
2416 1716 2496 1779 είς
2528 1713 2771 1786 Χριστὸν
2817 1712 3070 1780 ἄγνοιαν,
3096 1706 3191 1764 τοῦ
3227 1708 3437 1780 κόσμου
3483 1709 3583 1779 μὲν
3612 1708 3846 1777 Ποιητὴν,

2282 1809 2393 1862 τῶν
2427 1805 2637 1860 πιστῶν
2687 1804 2746 1858 δὲ
2788 1803 3090 1875 εὐεργέτην
3120 1802 3483 1873 ὑπάρχονταο
3530 1798 3627 1853 καὶ
3680 1800 3848 1867 ἐγκαι-

590 1900 796 1957 siarnm
838 1916 938 1971 per
970 1899 1254 1956 Christum
1293 1900 1387 1969 qni
1428 1897 1768 1970 impietatem
1802 1896 2099 1957 destruxit.
2128 1904 2186 1950 et

2296 1898 2484 1970 νισμὸς
2510 1896 2625 1951 τῶν
2669 1896 3011 1968 Ἐκκλησιῶν
3041 1896 3128 1950 διὰ
3156 1893 3398 1967 Χριστοῦ
3422 1893 3734 1957 καθελόντος
3765 1891 3847 1960 τὴν

592 2001 783 2063 gentes
843 1991 1159 2062 stupefecit.
1215 1990 1286 2045 Et
1333 1990 1608 2061 expositio
1670 1987 1966 2044 debilitatis
2024 1987 2189 2044 idolo-

596 2101 745 2139 l‘llﬂ'l.

667 2194 805 2250 LVI.
845 2193 1136 2251 Praedictio
1177 2193 1464 2249 electionis
1489 2192 1617 2247 novi
1654 2190 1841 2256 Israel,
1881 2192 1971 2265 qui
2012 2193 2184 2250 conli-

596 2287 727 2341 dere
767 2286 1011 2356 iubetur.
1064 2284 1225 2339 Minae
1271 2284 1545 2341 autem-in
1598 2298 1693 2338 eos
1746 2284 1837 2354 qui
1881 2284 1932 2339 ei
1982 2284 2183 2341 infensi

596 2390 745 2437 sunt.
796 2378 863 2434 Et
905 2379 1165 2435 Ecclesiae
1216 2379 1465 2450 praedicit
1526 2377 1815 2450 mysteria;
1872 2385 1929 2433 et
1990 2379 2187 2435 irridet

596 2474 892 2540 daemones,
926 2481 987 2527 ut
1033 2472 1126 2543 qui
1168 2471 1305 2527 nihil
1357 2472 1534 2527 sciant
1585 2485 1765 2541 neque
1798 2470 1865 2526 de
1898 2473 2189 2542 praeteritis

597 2582 777 2638 neque
808 2567 875 2622 de
903 2565 1123 2635 futuris,
1151 2566 1424 2638 simulque
1478 2580 1601 2622 cum
1653 2565 1735 2620 eis
1781 2564 2096 2634 simulacra,
2129 2574 2191 2622 ut

598 2674 762 2715 sensu
797 2658 1062 2715 carentia.

672 2773 829 2830 LVII.
869 2773 1145 2829 Allocutio
1172 2772 1348 2830 Patris
1378 2773 1447 2829 de
1480 2772 1772 2829 dilectione
1804 2770 1949 2840 Filii,
1981 2782 2036 2828 et
2064 2788 2189 2829 cum

600 2877 800 2938 quanta
840 2868 1026 2923 veniet
1052 2866 1222 2923 Filius
1259 2868 1634 2941 benignitate;
1659 2875 1714 2922 et
1741 2877 1939 2938 quanta
1964 2908 1978 2933 ,
2012 2866 2191 2922 Patris

602 2959 743 3013 bona
767 2957 1066 3021 voluntate,
1094 2955 1425 3010 instaurabit
1462 2972 1475 3009 :
1518 2964 1574 3009 et
1597 2955 1662 3009 ad
1692 2955 1984 3009 Ecclesiam
2009 2955 2188 3009 laetum

604 3048 859 3103 nuntium
889 3047 957 3102 de
980 3046 1140 3102 bonis
1168 3061 1290 3116 qua:
1327 3045 1430 3116 ipsi
1470 3044 1723 3100 Christus
1761 3044 2063 3115 praestabit,
2092 3044 2193 3099 de-

607 3140 849 3210 Iebitque
872 3137 1145 3194 idolorum
1170 3136 1534 3208 impietatem.

678 3324 863 3381 LVIII.
899 3321 1215 3396 Obiurgatio
1243 3322 1311 3378 ad
1351 3322 1517 3378 Israel
1548 3331 1772 3393 propter
1807 3322 2009 3376 mentis
2034 3318 2190 3375 duri-

611 3420 768 3481 tiam,
817 3434 885 3473 ex
937 3433 1003 3473 eo
1037 3416 1207 3487 quod,
1270 3431 1395 3471 cum
1448 3415 1759 3470 divinorum
1808 3412 2193 3484 spoliationem

609 3508 977 3574 sustinuisset,
1034 3505 1341 3576 permansit
1390 3512 1575 3559 tamen
1630 3518 1793 3558 sensu
1850 3516 2067 3558 carens.
2132 3499 2195 3554 Et

610 3600 793 3652 laetum
829 3596 1109 3661 nuntium,
1145 3596 1354 3651 scilicet
1394 3610 1596 3650 novum
1630 3594 1792 3649 Israel
1826 3609 1856 3648 a
1892 3593 2005 3648 Deo
2034 3591 2194 3661 adju-

607 3691 800 3747 variet
824 3691 1184 3761 undequaque
1213 3689 1414 3761 colligi.
1446 3688 1509 3743 Et
1534 3688 1845 3743 testiﬁcatio
1867 3689 1935 3743 de
1954 3687 2192 3756 Christo,

607 3782 775 3854 quod,
804 3798 931 3838 cum
948 3792 1094 3838 esset
1116 3790 1243 3837 ante
1264 3784 1448 3836 omnia
1475 3781 1679 3837 saecula
1714 3781 1878 3848 Deus,
1912 3781 2194 3837 hominum

611 3876 845 3930 instituit
868 3874 1331 3943 redemptionem.

685 3967 823 4025 LIX.
877 3967 1200 4022 Exhortatio
1239 3966 1308 4021 ad
1355 3965 1521 4021 Israel
1564 3981 1635 4022 ne
1689 3966 1968 4023 adhmreat
2019 3970 2192 4024 veteri

611 4059 738 4131 legi,
769 4059 864 4114 sed
896 4057 1154 4113 Ecclesia:
1176 4056 1468 4129 mysteriis,
1505 4072 1629 4112 cum
1664 4056 1807 4113 Deus
1832 4075 1941 4114 non
1969 4058 2197 4116 Iudaica

611 4152 883 4207 sacriﬁcia
906 4151 1161 4222 accipiat,
1190 4166 1289 4222 per
1314 4150 1691 4222 paenitentiam
1717 4161 1900 4206 autem
1931 4152 2199 4209 adeuntes

612 4248 806 4302 salvet.
854 4246 922 4302 Et
983 4248 1274 4319 promissio
1334 4264 1479 4305 novo
1526 4248 1691 4305 Israel
1737 4250 1884 4322 quod
1928 4250 2200 4307 eIIlorebit

612 4339 760 4395 dono
789 4338 1152 4410 baptismatis.

685 4519 797 4574 LX.
835 4520 1108 4577 Allocutio
1138 4521 1207 4579 de
1242 4522 1463 4579 Christo
1508 4532 1767 4595 tanquam
1807 4531 2018 4580 aeterno
2064 4523 2197 4579 Deo.

2293 1992 2577 2059 ἀσέϐειαν,
2607 1990 2704 2045 καὶ
2731 1989 2799 2044 τὰ
2834 1989 2966 2061 ἔθνη
3000 1988 3451 2060 καταπλήξαντος
3470 2001 3485 2015 ·
3521 1986 3617 2038 καὶ
3642 1985 3732 2055 τῆς
3753 1986 3845 2038 τῶν

2294 2082 2529 2138 εἰδώλων
2560 2082 2850 2146 ἀσθενείας
2887 2081 3165 2153 διήγησις.

2366 2203 2473 2263 νς’.
2514 2194 2913 2269 Προσφώνησις
2952 2194 3054 2264 τῆς
3082 2192 3315 2262 ἐκλογῆς
3345 2189 3442 2245 τοῦ
3469 2189 3590 2243 νέου
3634 2187 3840 2258 Ἰσραὴλ,

2294 2292 2353 2356 ὃς
2391 2291 2619 2362 θαρρεῖν
2653 2285 3043 2359 ἐγκελεύεται’
3072 2284 3272 2357 ἀπειλὴ
3304 2283 3363 2337 δὲ
3390 2286 3508 2345 τοῖς
3549 2281 3679 2354 πρὸς
3702 2280 3839 2333 αὐτὸν

2295 2384 2617 2457 ἐκθρένουσι
2650 2382 3003 2456 [ἐχθρεύουσι
3102 2380 3213 2451 (15)
3244 2379 3341 2432 κα.)⁸
3379 2378 3480 2449 τῆς
3513 2376 3609 2446 μὲν
3640 2374 3839 2444 Ἐκκληο

2297 2477 2421 2541 σίας
2458 2475 2722 2549 προλέγει
2772 2474 2845 2527 τὰ
2892 2473 3194 2546 μυστήρια,
3229 2472 3426 2524 σκοπεῖ
3468 2469 3526 2521 δὲ
3560 2466 3713 2537 μηδὲν
3740 2466 3839 2517 ἐπι-

2298 2566 2600 2638 σταμένους
2622 2567 2685 2620 οὑ
2718 2565 2829 2620 τῶν
2854 2564 3123 2637 ἀρχαίων,
3156 2564 3218 2617 ού
3248 2562 3359 2615 τῶν
3390 2559 3704 2632 μελλόντων,
3734 2558 3838 2619 τοὺς

2296 2661 2582 2734 δαίμονας,
2608 2659 2707 2714 καὶ
2743 2656 2815 2712 τὰ
2839 2658 3037 2711 εἴδωλα
3072 2657 3170 2711 σὺν
3203 2655 3413 2717 αὐτοῖς,
3443 2651 3521 2716 ὼς
3551 2650 3834 2719 ἀναίσθητα.

2367 2775 2468 2841 vi’.
2509 2772 2912 2846 Προσφώνησις
2962 2771 3058 2825 τοῦ
3100 2769 3315 2841 Ila-.96;
3360 2766 3495 2839 περὶ
3536 2766 3630 2836 τῆς
3650 2764 3837 2833 ἀγάπης

2295 2870 2394 2925 τοῦ
2425 2869 2557 2925 Υἱοῦ
2578 2886 2591 2900 ⁶
2626 2868 2720 2923 καὶ
2760 2866 2878 2939 μεθ’
2908 2866 3040 2936 ὅσης
3065 2864 3206 2935 μὲνὸ
3239 2862 3369 2925 Υίὸς
3416 2859 3667 2931 ἐπιδημεῖ
3695 2856 3838 2926 πραόέ

2296 2982 2483 3038 τητος,
2517 2964 2618 3017 ὅσα
2673 2961 2732 3015 δὲ
2781 2957 3006 3029 εὐδοκία
3054 2956 3152 3010 τοῦ
3200 2955 3415 3026 [ἰατρὸς
3462 2946 3839 3022 κατορθοῖοκαὶ

2299 3060 2705 3133 εύαγγελισμὸς
2741 3060 2809 3129 τῇ
2855 3055 3180 3126 Ἐκκλησία,
3224 3054 3311 3121 ἐφ’
3341 3046 3424 3115 οἷς
3455 3053 3484 3104 6
3505 3046 3722 3119 Χριστὸς
3756 3046 3837 3098 αὖ·

2296 3159 2396 3231 τὴν
2435 3157 2534 3229 μὲν
2569 3155 2867 3226 εὐεργετεῖ,
2897 3152 3115 3223 ἀναιρεῖ
3140 3150 3197 3202 δὲ
3226 3148 3327 3221 τὴν
3352 3145 3465 3201 τῶν
3492 3144 3709 3199 εἰδώλων
3730 3141 3835 3195 ἀσέο

2299 3250 2474 3306 δειαν.

2365 3340 2469 3414 νη’.
2521 3337 2859 3409 Ὀνειδισμδς
2897 3334 2977 3407 τῷ
3033 3334 3251 3405 Ἰσραὴλ
3301 3332 3403 3404 τῆς
3454 3333 3594 3385 κατά
3646 3326 3837 3398 γνώμην

2298 3432 2633 3504 πωρώσεως,
2668 3428 2731 3494 ἐξ
2782 3422 2850 3501 ἧς
2896 3427 2997 3498 τὴν
3028 3426 3139 3479 τῶν
3183 3425 3345 3479 θείων
3387 3420 3687 3495 διαρπαγὴν
3725 3420 3837 3472 ὕπο-

2302 3528 2512 3599 μείνας,
2543 3524 2762 3595 ἔμεινεν
2782 3523 2934 3592 ὅμως
2955 3520 3314 3591 ἀναίσθητος⁸
3341 3518 3438 3573 καὶ
3462 3512 3831 3585 εὐαγγελισμδς,

2297 3622 2391 3675 τὸν
2424 3620 2546 3673 νέον
2596 3617 2818 3689 Ἰσραὴλ
2848 3614 3000 3685 παρά
3047 3612 3184 3667 Θεοῦ
3239 3609 3576 3682 βοηθεῖσθαι,
3609 3608 3692 3660 καὶ
3719 3623 3831 3659 παν-

2297 3713 2529 3785 ταχόθεν
2558 3708 2940 3783 ἀθροίζεσθαν
2961 3707 3057 3762 καὶ
3081 3704 3461 3777 διαμαρτυρία
3494 3701 3586 3757 τοῦ
3616 3695 3829 3771 Χριστοῦ,

2296 3808 2372 3872 ὠς
2409 3805 2575 3862 αὐτοῦ
2615 3804 2712 3876 μὲν
2757 3802 2910 3865 ὄντος
2958 3798 3290 3871 προαιωνίου
3312 3797 3473 3863 Θεοῦ,
3500 3794 3657 3851 αὑτοῦ
3683 3792 3731 3846 δὲ
3753 3792 3830 3859 τὴν

2297 3899 2407 3955 τῶν
2444 3896 2752 3968 ἀνθρώπων
2786 3894 3252 3965 οἰκονομήσαντος
3284 3890 3579 3962 λύτρωσιν.

2370 3992 2470 4047 νϐ’.
2512 3988 2847 4058 Παραίνεσις
2898 3986 2979 4057 τῷ
3038 3980 3283 4058 Ἰσραὴλ,
3342 3984 3417 4055 μὴ
3469 3982 3737 4054 προσέχειν
3779 3978 3828 4043 τῇ

2300 4083 2508 4157 ἀρχαίᾳ
2550 4082 2824 4152 πολιτείᾳ,
2859 4078 2996 4134 ἀλλὰ
3022 4081 3134 4142 τοῖς
3163 4078 3262 4149 τῆς
3305 4074 3633 4146 Ἐκκλησίας
3663 4087 3831 4145 μυπη-

2306 4178 2445 4251 ρίοις
2470 4194 2485 4206 ·
2524 4175 2601 4239 ὡς
2628 4173 2723 4229 τοῦ
2766 4171 2904 4228 Θεοῦ
2950 4170 3051 4234 τὰς
3094 4168 3393 4231 Ἰουδαῖκάς
3447 4167 3544 4239 μὲν
3590 4165 3755 4225 θυσίας
3788 4160 3831 4211 οὗ

2303 4268 2651 4332 καθελόντος,
2683 4266 2772 4321 διὰ
2806 4263 3101 4337 μετανοίας
3152 4261 3208 4315 δὲ
3243 4262 3370 4322 τοὺς
3418 4257 3726 4329 προσιόντας
3754 4253 3832 4305 σὼ-

2304 4362 2490 4426 ζοντος
2509 4378 2523 4392 ’
2558 4359 2653 4413 καὶ
2684 4357 2977 4427 ὑπόσχεσις
3008 4354 3085 4426 τῷ
3113 4354 3221 4425 νέῳ
3261 4351 3498 4426 Ἰσραὴλ,
3529 4350 3617 4403 διὰ
3657 4350 3741 4416 τῆς
3761 4345 3833 4397 δω-

2308 4455 2437 4527 ρεᾶς
2468 4452 2734 4524 ἀνθήσειν
2759 4449 2857 4504 τοῦ
2890 4447 3293 4521 βαπτίσματος.

2378 4547 2442 4615 ξ’.
2484 4544 2884 4617 Προσφώνησις
2914 4542 3046 4612 περὶ
3077 4538 3343 4611 Χριστοῦ,
3374 4538 3451 4602 ὡς
3492 4536 3559 4592 ἂν
3606 4534 3691 4589 τοῦ
3732 4528 3834 4586 Θεοῦ

614 4610 683 4666 Et
711 4614 979 4669 detractio
1010 4630 1198 4669 eorum
1232 4614 1324 4684 qui
1387 4614 1680 4670 simulacra
1726 4615 1951 4679 faciunt,
1984 4625 2039 4671 et
2069 4616 2189 4671 adol

2307 4610 3105 4709 aluiviou'cuy'xdvovmc'VmI
3134 4610 3361 4704 διαϐολὴ
3414 4630 3525 4685 τῶν
3568 4629 3634 4683 τὰ
3683 4623 3834 4680 είδωὶα

616 4715 741 4760 rant
771 4721 833 4761 ea
858 4722 978 4778 quae
1013 4707 1081 4762 de
1119 4706 1345 4762 materia
1393 4706 1559 4763 debili
1598 4707 1976 4766 confecerunt.
2008 4708 2076 4764 Et
2113 4716 2209 4764 ex-

616 4798 854 4854 hortatio
893 4799 961 4854 ad
1001 4798 1188 4866 Israel,
1224 4815 1294 4856 ne
1316 4799 1413 4857 Dei
1442 4800 1816 4857 obliviscatur.

690 5003 827 5058 LXI.
891 5004 1101 5062 Laetum
1172 5007 1429 5063 nuntium
1504 5006 1940 5080 redemptionis,
2012 5025 2207 5080 quam,

616 5093 811 5149 ablatis
834 5095 1142 5152 daemonum
1184 5098 1494 5171 praestigiis,
1537 5097 1790 5156 Christus
1843 5100 2096 5172 perfecit,
2147 5112 2200 5159 et

616 5200 822 5241 novum
850 5189 1111 5257 populum
1155 5191 1437 5258 stabilivit,
1471 5207 1636 5262 quem
1675 5192 1777 5249 sub
1805 5208 2036 5264 persona
2075 5192 2197 5267 Cyri

617 5276 905 5347 prophetia
932 5277 1144 5348 ﬁgurat,
1170 5290 1457 5351 postquam
1483 5280 1790 5338 Jerusalem
1814 5293 2053 5340 veterem
2081 5284 2198 5355 ipse

616 5367 677 5423 in
707 5381 905 5424 novam
938 5371 1312 5442 congregavit.

2306 4730 2630 4795 ποιούντων,
2678 4730 2775 4782 καὶ
2823 4725 3280 4799 προσκυνούντων
3308 4723 3455 4795 ἅπερ
3483 4721 3635 4775 αὐτοὶ
3659 4717 3712 4783 ἐξ
3738 4716 3837 4780 ὕλης

2306 4823 2571 4885 ἀσθενοῦς
2601 4820 3018 4877 κατεσκεύασαν
3042 4835 3056 4849 ·
3076 4819 3172 4873 καὶ
3189 4817 3511 4889 παραίνεσις
3543 4815 3620 4885 τῷ
3645 4808 3834 4882 Ἰσραὴλ.

2306 4918 2479 4990 λήθην
2504 4914 2643 4969 Θεοῦ
2677 4913 2753 4984 μὴ
2780 4909 3111 4984 κτήσασθαι.

2382 5006 2480 5071 ξαθ.
2523 5002 2942 5074 Εὐαγγελισμὸς
2968 5001 3071 5071 τῆς
3113 4997 3459 5071 λυτρώσεως,
3494 4998 3580 5067 ἢν,
3608 4992 3836 5062 καταργήι

2313 5116 2413 5163 σας
2441 5097 2541 5162 τὰς
2572 5095 2683 5150 τῶν
2709 5094 2982 5168 δαιμόνων
3043 5090 3408 5164 μαγγανείας,
3441 5091 3470 5143 6
3523 5085 3737 5161 Χριστὸς
3764 5085 3832 5135 ἑπ-

2308 5191 2546 5256 ετέλεσε,
2585 5189 2679 5243 καὶ
2729 5186 2822 5242 τὸν
2865 5186 2994 5240 λαὸν
3025 5184 3119 5241 τὸν
3168 5186 3288 5239 νέον
3325 5182 3682 5237 ἐϐεϐαίωσεν·
3710 5174 3832 5233 δνιὶς

2308 5284 2602 5356 πρόσωπον
2626 5279 2813 5352 Κύρου
2838 5279 2873 5349 ή
2895 5275 3204 5350 προφητεία
3231 5276 3551 5342 αἰνίττεται,
3573 5269 3738 5339 ἐπειδὴ
3762 5265 3830 5317 Ἰε-

2311 5373 2705 5448 ρουσαλὴμτὴν
2725 5370 2960 5446 ἀρχαίαν
2988 5370 3219 5436 ἐκεῖνος,
3240 5362 3398 5432 οὗτος
3413 5368 3514 5438 τὴν
3540 5367 3656 5421 νέαν
3670 5363 3829 5434 ήγειρε.

2143 5551 2372 5611 NOTAE.

695 5700 813 5777 (15)
849 5699 1250 5771 ‘Exﬂpérovm.
1293 5700 1605 5777 Legendnm
1637 5702 2097 5777 νοίέχθρεύουαι,
2120 5705 2204 5759 vel

616 5768 1018 5843 ἐχθραίνουσιξο
1080 5768 1399 5843 tttrtmque'
1422 5775 1649 5829 verbum
1702 5768 1988 5837 Bibliéum,
2031 5775 2201 5829 Exod.

622 5841 1183 5915 κςιιι,ᾷ2,ἐχθρςύσω
1204 5841 1316 5907 τοῖς
1342 5844 1555 5915 ἐχθροῖς
1582 5863 1697 5900 σου.
1720 5843 1878 5900 Num.
1900 5862 2095 5910 χχχιιι,
2112 5847 2203 5905 55.

623 5910 1017 5983 ὲχθρεύσουσιν
1051 5914 1199 5985 ύμῖν.
1240 5910 1525 5988 Ιὺόιίζὶτέιι.
1553 5916 1644 5981 ‘25,
1673 5933 1723 5972 ν.
1768 5916 1854 5982 I7,
1890 5918 2202 5987 ἐχθραίνετε

2309 5707 2439 5778 ἳφῖςί
2476 5705 2867 5778 ὶιέιιιδιηνιιιίοις.⁸
2915 5703 3171 5778 Ejusdem
3232 5698 3477 5778 potionis
3533 5694 3831 5778 compositum

2313 5775 2467 5832 illud.
2495 5767 2660 5831 Prov:
2693 5792 2774 5843 ιιι,
2806 5767 2903 5829 5ορ
2931 5767 3023 5844 Μὴ
3075 5772 3447 5844 φιλεχθρήεξτις
3501 5772 3633 5844 πρὸς
3656 5767 3832 5844 fave“?

2316 5863 2417 5896 πον
2467 5846 2684 5917 μάτην,
2733 5832 2880 5917 quod
2938 5832 3159 5902 Laeriio
3202 5832 3512 5914 ι’ῥιλέᾷθρως
3545 5832 3695 5913 ’ἔχειν
3739 5832 3828 5904 lit“

2312 5932 2451 5969 τινα.
