4006 6400
150 403 293 470 I381

1592 398 1669 456 IN
1713 400 2000 460 ISAIAM.

3282 398 3420 466 1382

231 517 331 586 83'.
375 513 770 585 Προσφὼνησις
838 511 948 570 τοίς
1004 509 1309 579 στοιχείοις,
1363 509 1451 561 διὰ
1495 510 1594 580 τὴν
1643 509 1736 562 τοῦ

1915 510 2078 566 LXII.
2120 513 2388 567 Allocutio
2425 514 2492 568 ad
2543 514 2811 568 elementa
2863 524 2919 566 ut
2964 528 3182 583 propter
3225 517 3316 573 Dei
3366 520 3420 573 in

147 605 298 659 Θεοῦ
352 606 484 674 περὶ
525 603 632 655 τῶν
676 602 978 673 ἀνθρώπων
1005 599 1422 671 φιλανθρωπίαν
1450 599 1736 671 εὑφραίνε-

152 697 318 748 σθαι·
353 697 447 748 καὶ⁵
476 694 731 763 ἐπιτιμία
763 695 876 756 τοῖς
908 689 1200 760 ἐγκαλοῦσι
1237 691 1312 762 τῷ
1359 691 1584 765 Χριστῷ
1608 694 1738 764 περὶ

150 781 234 839 ῶν
261 789 561 858 οἰκονομεῖ,
602 787 724 838 δέον
759 785 1062 854 δοξολογεῑν
1094 780 1154 839 οῦ
1189 787 1352 856 μόνου
1385 785 1738 858 προγνώστου

153 880 256 931 καὶ
285 877 510 948 ποιητοῦ
546 876 907 946 τυγχάνοντος
931 892 943 906 ⁸
980 877 1075 929 καὶ
1123 879 1210 930 διὰ
1248 877 1408 931 τοῦτο
1437 879 1740 950 τρεχόντων

154 971 302 1041 πρὸς
328 971 489 1023 αὑτὸν
516 969 624 1022 τῶν
655 969 825 1022 ἐθνῶν
858 970 938 1032 είς
971 971 1372 1041 προσκύνησιν.

233 1085 338 1154 ξγ’.
404 1086 721 1157 Προφητεία
783 1085 1125 1156 Ἑκκλησιῶν
1209 1086 1598 1158 ἑγκαινισμοῦ·
1647 1089 1742 1142 καὶ

153 1176 368 1241 δπωςδ
422 1178 655 1248 Χριστὸς
687 1176 760 1240 ὡς
803 1176 934 1239 Θεὸς
977 1177 1074 1228 καί⁵
1121 1179 1462 1248 Δημιουργὺς
1513 1179 1744 1249 μάταιον

156 1272 266 1340 μὲν
303 1270 456 1322 οὑδὲν
486 1270 562 1339 τῷ
607 1269 826 1341 Ἰσραὴλ
859 1268 1191 1336 ἐντέλλεται,
1223 1271 1290 1324 τὰ
1325 1272 1452 1339 ἔθνη
1488 1273 1544 1325 δὲ
1577 1273 1740 1326 καλεῖ

155 1363 259 1416 καὶ
283 1362 470 1424 σώζεν
494 1362 591 1414 καὶ
614 1361 763 1431 αὑτῴ
796 1363 893 1432 μὲν
917 1364 1024 1415 πᾶν
1049 1363 1177 1430 γόνυ
1201 1363 1435 1433 κάμψευ
1458 1364 1526 1417 τά
1544 1365 1740 1419 είδωλα

154 1453 218 1505 δὲ
251 1453 390 1522 παρ’
421 1453 589 1506 αὑτοῦ
639 1455 1061 1524 συντριϐήσεται
1093 1471 1106 1485 ⁸
1139 1455 1232 1507 καὶ
1278 1457 1588 1527 κατηγορία
1642 1458 1736 1510 τοῦ

172 1543 400 1615 Ἰσραὴλ
449 1545 544 1598 ἐπὶ
587 1548 652 1616 τῇ
702 1546 956 1617 εἰδωλικῇ
1012 1547 1229 1618 πλάνῃο
1261 1547 1358 1598 καὶ
1387 1549 1739 1618 παραίνεσις,

159 1637 544 1708 προσδραμεῖν
565 1637 642 1708 τῷ
672 1637 894 1709 Χριστῷ
916 1638 992 1702 ὡς
1018 1641 1324 1709 οἰκονομεῖν
1358 1639 1424 1692 τά
1466 1643 1744 1712 μυστήρια

163 1729 441 1799 μέλλοντι,
501 1729 647 1801 ἅπερ
697 1733 778 1796 εἰς
843 1731 1117 1802 σωτηρίαν
1183 1732 1264 1804 τῷ
1331 1732 1552 1804 Ἰσραὴλ
1613 1754 1746 1808 προ·

161 1817 344 1871 ἑθετο.

241 1934 338 1999 ξδ’.
370 1932 764 2004 Προσφώνησις
795 1937 860 2005 τῇ
904 1935 1114 2005 ἀρχαίᾳ
1181 1935 1537 2009 Ἰερουσαλὴμ
1560 1980 1575 2004 ,
1611 1956 1745 1992 πεν-

165 2027 287 2080 θεῖν
317 2028 405 2080 διὰ
428 2027 526 2096 τὴν
547 2027 822 2092 ἀσέϐειαν,
859 2028 982 2080 ὅθεν
1009 2028 1146 2099 αὑτῇ
1193 2029 1254 2082 τὸ
1287 2031 1387 2100 τῆς
1427 2030 1745 2095 Βαϐυλῶνος

165 2119 500 2190 περιέθηκεν
553 2120 865 2190 πρόσωπον,
898 2120 972 2184 ὡς
1013 2121 1081 2174 τὰ
1129 2121 1348 2192 ἐκείνης
1387 2129 1746 2198 μιμησαμένη

166 2211 355 2264 κακά·
389 2213 484 2264 καὶ
533 2213 755 2282 ἀπειλὴ,
788 2213 880 2266 τὸν
936 2214 1185 2268 διάϐολον
1237 2216 1318 2279 εἰς
1369 2217 1432 2270 τὸ
1487 2217 1599 2290 πῦρ
1645 2221 1748 2290 τῆς

167 2308 400 2376 γεέννης
437 2305 880 2378 πεμφθήσεσθαι.

246 2420 340 2486 ξε’.
390 2419 713 2489 Κατηγορία
758 2419 856 2489 τῆς
909 2418 1004 2473 τοῦ
1041 2419 1261 2492 Ἰσραὴλ
1313 2420 1654 2491 ὑποκρίσεώς
1689 2439 1750 2476 τε

171 2513 275 2566 καὶ
300 2512 435 2583 σκλη
447 2512 734 2583 ροκαρδίας
756 2528 769 2542 ·
812 2513 906 2564 καὶ
935 2511 1303 2584 διαμαρτυρία
1327 2513 1435 2566 τῶν
1473 2514 1750 2583 ἐσομένων

173 2608 243 2674 τῇ
295 2603 596 2674 Ἐκκλησία
649 2603 986 2673 μυστηρίων,
1022 2605 1117 2655 καὶ
1171 2605 1266 2671 τῆς
1313 2603 1406 2656 τοῦ
1458 2602 1748 2657 Ἰουδαϊκοῦ

173 2694 306 2746 λαοῦ
335 2691 822 2762 ἀπαλλοτριώσεως
848 2708 862 2723 °
905 2695 999 2746 καί
1028 2693 1103 2756 ὡς
1133 2695 1160 2746 δ
1189 2694 1423 2763 Χριστὸς
1450 2695 1608 2756 αὐτὸς
1645 2695 1751 2764 πρὸ

174 2786 392 2840 αἰώνων
446 2785 541 2837 καὶ
586 2785 943 2854 ὲπ”ὲσχάτων
988 2787 1260 2839 ἐστίοκαὶ
1310 2787 1618 2856 ὀνειδισμὸς
1674 2787 1751 2857 τῷ

185 2879 426 2949 Ἰσραὴλ,
445 2879 520 2940 ὡς
545 2877 644 2948 οὑχ
665 2878 1041 2931 ὑπακούσαντι
1064 2895 1074 2906 ·
1105 2878 1296 2949 κλῆσις
1317 2879 1372 2932 δὲ
1404 2883 1514 2944 τοῖς
1552 2881 1748 2947 ἔθνεσι,

173 2973 267 3024 καὶ
301 2973 592 3041 ὑπόσχεσις
621 2971 718 3041 τῆς
747 2972 931 3042 πηγῆς
957 2971 1050 3024 τοῦ
1075 2973 1470 3043 βαπτίσματος.

245 3084 354 3148 Eg’.
392 3082 602 3153 Κλῆσις
662 3083 852 3149 ἐθνῶν,
886 3084 979 3135 καὶ
1021 3084 1324 3154 προφητεία
1367 3085 1460 3138 τοῦ
1491 3085 1750 3156 Χριστοῦ,

173 3177 251 3237 ὡς
283 3177 364 3238 εἰς
408 3175 595 3228 δούλου
631 3175 844 3246 μορφὴν
877 3176 1068 3228 ἑαυτὸν
1110 3176 1202 3228 ἐπὶ
1251 3178 1495 3248 σωτηρίᾳ
1522 3179 1630 3230 τῶν
1661 3179 1751 3230 έθ-

175 3270 285 3322 νῶν
325 3270 683 3342 κηρύξαντος,
719 3268 897 3341 καιρῷ
937 3285 996 3321 τε
1032 3269 1203 3340 αὑτὴν
1237 3269 1650 3340 οίκονομοῦντος
1679 3272 1754 3343 τῷ

175 3361 376 3414 δέοντι.

249 3453 354 3519 ξζ’.
393 3453 786 3524 Προσφώνησις
834 3457 948 3518 τοῖς
1000 3457 1307 3526 στοιχείοις,
1336 3456 1615 3528 ἑορτάζειν
1654 3457 1756 3526 τῆς

179 3547 461 3616 σωτηρίας
497 3548 601 3600 τῶν
628 3547 932 3617 ἀνθρώπων
962 3548 1125 3600 ἕνεκα
1154 3563 1166 3575 ⁸
1199 3550 1291 3601 καὶ
1319 3550 1612 3620 ὑπόσχεσις
1657 3551 1754 3618 τῆς

177 3641 450 3711 ἐσομένης
505 3642 888 3705 πολυπαιδίας,
931 3641 1100 3696 ἐθνῶν
1140 3659 1198 3694 τε
1258 3643 1601 3713 συναγωγὴ·,
1661 3643 1756 3696 καὶ

176 3731 433 3785 διαϐόλου
457 3733 818 3797 σκυλεύσεως,
846 3732 1120 3798 ἀπωλείας
1139 3751 1197 3787 τε
1219 3735 1509 3806 δαιμόνων,
1536 3738 1628 3787 καὶ
1650 3735 1756 3787 τῶν

179 3826 394 3878 πιστῶν
423 3825 768 3897 λυτρὼσεως.

255 3937 360 4006 ξη’.
388 3937 738 4007 ,Ὀνειδισμὸς
760 3935 836 4008 τῷ
877 3938 1119 4008 Ἰσραὴλ,
1153 3937 1246 3991 καὶ
1279 3937 1378 4006 τῆς
1410 3936 1541 4005 παρ’
1575 3937 1757 4000 αὑτοῖς

180 4031 510 4098 συναγωγῆς
537 4030 776 4098 ἀποϐολή
805 4043 818 4058 ⁸
852 4030 948 4083 καὶ
978 4029 1204 4096 ἔνδειξις
1240 4029 1422 4098 ἰσχύος
1458 4027 1593 4081 Θεοῦ
1619 4045 1634 4060 ο
1663 4030 1759 4080 καὶ

180 4120 494 4191 προφητεία
525 4119 632 4172 τῶν
657 4119 752 4171 τοῦ
781 4119 987 4186 Κυρίου
1024 4119 1209 4172 παθῶν
1231 4134 1244 4148 ⁶
1269 4118 1364 4172 καὶ
1397 4118 1594 4187 ἀπειλὴ
1617 4117 1758 4171 κατὰ

178 4211 292 4263 τῶν
332 4210 628 4273 Ἰουδαίων,
660 4210 737 4273 ὡς
761 4211 942 4263 αὑτῶν
979 4210 1363 4264 σκευασάντων
1411 4211 1509 4282 τὴν
1553 4209 1758 4263 οἰκείαν

180 4302 484 4356 ἀπώλειαν.

257 4415 358 4479 ξθ’.
393 4414 788 4487 Προσφώνησις
814 4416 890 4486 τῷ
925 4417 1164 4487 Ἰσραὴλ,
1198 4417 1491 4488 προσέχειν
1529 4419 1640 4478 τοῖς
1664 4415 1756 4469 τοῦ

179 4508 360 4577 τάφου
409 4509 504 4561 τοῦ
547 4510 880 4563 Δεσποτικοῦ
919 4509 1160 4578 θαύμασι
1192 4525 1206 4540 ⁸
1243 4509 1464 4562 καὶτοῦ
1507 4509 1757 4581 Ἀϐραὰμ

181 4600 282 4667 τὴν
309 4599 562 4668 εὑλογίαν
593 4600 905 4668 λογίζεσθαι
927 4619 940 4630 ο
975 4601 1196 4671 καὶτῆς
1226 4600 1366 4656 Σιὼν
1398 4602 1756 4672 ὲγκαινισμὸν

185 4693 608 4764 προσδέχεσθαι,
649 4694 820 4748 ἐθνῶν
871 4694 1253 4764 προσέλευσιν,
1312 4695 1406 4747 καὶ
1453 4693 1562 4749 τῶν
1614 4711 1760 4748 στοι-

181 4787 350 4856 χείων
383 4786 700 4842 συντέλειαν
730 4803 745 4819 ·
781 4789 874 4839 καὶ
899 4787 1226 4857 παραίνεσις
1256 4788 1368 4851 τοῖς
1404 4790 1648 4852 πιστοῖς,
1684 4787 1759 4859 μὴ

183 4876 471 4946 φοϐεῖσθαι
499 4877 608 4930 τῶν
633 4877 878 4930 ἀπίστων
908 4879 975 4932 τὰ
1006 4875 1339 4948 σκώμματα.

253 4987 319 5042 0'.
373 4987 731 5058 Παράκλησις
760 4990 824 5058 τῇ
865 4986 1241 5059 Ἰερουσαλὴμ,
1273 4989 1349 5052 ὡς
1392 4986 1523 5042 λαοῦ
1564 4989 1760 5042 πιστοῦ

183 5084 243 5136 ἐν
270 5083 411 5152 αὑτῇ
440 5080 852 5135 συνελεύσεσθαι
889 5081 1192 5151 μέλλοντος·
1218 5084 1312 5135 καὶ
1341 5083 1642 5154 προτροπὴ,
1669 5085 1762 5137 ἐπὶ

185 5175 306 5245 Θεῷ
344 5174 695 5227 πεποιθέναι·
747 5174 842 5227 καὶ
898 5173 1222 5244 ὑπόσχεσις,
1273 5174 1372 5246 τὴν
1415 5175 1534 5228 κατ’
1592 5176 1763 5246 αὑτῆς

186 5269 357 5338 ὀργὴν
383 5266 526 5320 κατά
560 5266 832 5336 δαιμόνων
859 5265 1258 5337 τραπήσεσθαι.

256 5386 358 5434 οα’.
412 5380 746 5451 Παραίνεσις
800 5382 866 5451 τῇ
923 5378 1093 5444 Σιὼν,
1129 5379 1204 5444 ὡς
1236 5380 1336 5451 τῆς
1387 5380 1763 5450 αἰχμαλωσίας

190 5471 462 5543 μελλούσῃ
482 5471 936 5526 ἀπαλλάττεσθαι·
962 5473 1056 5525 καὶ
1082 5473 1408 5544 ἀνάμνησις,
1429 5469 1516 5527 οἵα
1548 5475 1764 5545 Ἰσραὴλ

187 5570 214 5617 ὁ
256 5563 489 5628 παλαιὸς
533 5565 796 5636 ἠνὸμησεο
836 5565 930 5617 καὶ
959 5565 1297 5638 πρόρρησις,
1327 5567 1402 5631 ὼς
1458 5569 1704 5640 ἐνδημῶν
1737 5571 1764 5623 δ

187 5656 421 5726 Χριστὸς
453 5655 548 5708 καὶ
573 5656 830 5727 γνωρίζει
854 5657 921 5710 τά
953 5658 1127 5712 οἰκεῖα
1155 5662 1450 5732 μυστήρια,
1473 5663 1566 5716 καὶ
1593 5663 1766 5716 ἀπαλ-

186 5746 360 5817 λαγὴν
409 5747 590 5810 αὑτοῖς
643 5747 743 5818 τῆς
791 5748 1026 5819 ἀρχαίας
1073 5744 1428 5824 Ἰερουσαλὴμ
1455 5755 1529 5819 ὡς
1559 5774 1762 5826 τυγχα-

187 5835 386 5906 νούσης
415 5837 727 5908 ἀκαθάρτου
763 5839 1068 5909 χαρίζεται.

1847 603 2094 658 homines
2119 604 2555 659 benevolentiam
2583 606 2852 661 laetentur.
2880 607 2944 662 Et
2972 611 3328 678 reprehensio
3364 613 3417 664 iu

1843 711 1938 750 eos
1967 697 2058 764 qui
2093 697 2388 752 detrahunt
2414 697 2634 754 Christo
2664 700 2730 754 de
2761 701 2846 755 his
2873 718 2992 770 qua:
3031 702 3268 766 ordinat,
3297 718 3418 756 Cllltt

1846 790 2229 861 gloriﬁcandus
2255 792 2325 846 sit
2364 800 2620 863 tanquam
2659 793 2852 848 unicus
2883 794 3049 849 futuri
3087 795 3346 865 praescius
3371 805 3418 847 ιΙ

1847 891 2082 948 creator,
2118 891 2174 937 et
2217 893 2508 954 propterea
2549 886 2616 940 ad
2647 901 2772 940 eum
2808 886 3422 941 concurrantnationes

1847 974 1915 1028 ad
1950 973 2314 1028 adorandum.

1918 1085 2104 1140 LXIII.
2146 1085 2472 1141 Vaticinium
2517 1087 2884 1142 renovatiouis
2936 1087 3326 1151 Ecclesiarum,
3371 1097 3424 1140 et

1849 1180 2124 1248 quomodo
2154 1178 2427 1245 Christus,
2453 1190 2512 1234 ut
2540 1181 2680 1235 Deus
2708 1189 2763 1234 et
2783 1190 3017 1241 creator,
3045 1179 3179 1233 nihil
3205 1178 3422 1248 quidem

1851 1271 1971 1324 vani
2004 1271 2069 1323 ad
2100 1270 2459 1340 Israeljuhet,
2502 1281 2690 1342 gentes
2729 1280 2910 1324 autem
2944 1281 3099 1325 vocat
3138 1279 3192 1323 et
3217 1270 3420 1335 salvat;

1852 1371 1906 1414 et
1944 1361 2046 1430 ipsi
2093 1376 2253 1415 cuine
2298 1378 2439 1432 genu
2483 1363 2765 1427 ﬂectetur;
2820 1362 2961 1416 idola
3013 1377 3141 1416 vero
3185 1362 3253 1416 ab
3304 1361 3424 1430 ipso

1853 1461 2226 1508 conterentur.
2266 1455 2332 1508 [at
2372 1455 2648 1508 accusatio
2689 1453 2851 1508 Israel
2891 1463 3113 1523 propter
3157 1453 3422 1506 idolorum

1850 1561 2088 1599 errorem
2113 1563 2127 1611 ;
2161 1555 2215 1600 et
2243 1546 2546 1600 exhortatio
2578 1548 2643 1600 ad
2673 1547 3000 1600 currendum
3023 1545 3089 1598 ad
3122 1545 3422 1610 Christum,

1851 1642 2051 1712 quippe
2085 1642 2174 1710 qui
2209 1641 2620 1710 dispensaturus
2655 1639 2728 1694 sit
2763 1641 3016 1708 mysteria
3057 1654 3176 1707 qua:
3230 1653 3428 1708 propo-

1852 1735 1960 1788 suit
1985 1735 2049 1787 ad
2081 1733 2310 1788 salutem
2343 1731 2527 1786 Israel.

1918 1931 2104 1986 LXIV.
2145 1933 2420 1988 Allocutio
2450 1931 2514 1985 ad
2541 1942 2782 1986 veterem
2804 1928 3127 1993 Jerusalem,
3159 1938 3216 1982 ut
3242 1927 3426 1982 doleat

1849 2043 2002 2082 suam
2040 2028 2397 2096 impietatem,
2434 2025 2573 2080 unde
2603 2025 2701 2094 ipsi
2729 2023 3012 2094 Babylonis
3044 2023 3257 2077 induxit
3291 2023 3424 2092 ﬁgu-

1850 2137 1986 2185 ram,
2046 2129 2300 2189 tanquam
2354 2117 2628 2172 imitatrici
2692 2117 2914 2170 malitia:
2945 2115 3085 2184 ejus.
3146 2114 3208 2168 Et
3263 2114 3426 2166 min-.9.

1849 2215 2123 2270 diabolum
2154 2215 2479 2268 mittendum
2511 2214 2626 2267 fore.
2651 2212 2703 2266 iu
2736 2211 2912 2284 ignem
2944 2212 3224 2282 gehennae.

1923 2412 2084 2468 LXV.
2138 2411 2429 2466 Accusatio
2489 2410 2788 2482 hypocrisis
2860 2418 2914 2464 et
2973 2408 3186 2463 duritiae
3245 2407 3426 2461 ccrdis

1854 2505 2035 2569 Israel,
2071 2515 2124 2560 et
2157 2505 2529 2560 testimonium
2573 2504 2883 2557 futurorum
2933 2501 3190 2556 Ecclesiae
3237 2514 3428 2570 myste-

1854 2603 2055 2652 riorum
2096 2606 2146 2652 et
2190 2596 2401 2652 Judaici
2459 2597 2642 2666 populi
2688 2595 3137 2660 abalienationis;
3179 2601 3234 2647 et
3281 2594 3428 2662 quod

1853 2691 2101 2744 Christus
2120 2697 2202 2744 est
2223 2699 2350 2742 ante
2379 2690 2573 2742 s:ecula
2603 2689 2730 2742 etin
2762 2687 2944 2740 ﬁnem.
2978 2685 3042 2740 Et
3069 2687 3418 2755 exprobratio

1853 2783 1919 2836 ad
1965 2783 2152 2845 Israel,
2185 2797 2248 2836 eo
2281 2783 2424 2851 quod
2471 2797 2578 2834 non
2614 2779 2939 2834 obediverit.
2990 2775 3212 2831 Vocatio
3242 2785 3428 2832 autem

1855 2877 2119 2949 gentium,
2143 2885 2198 2930 et
2223 2877 2511 2946 promissio
2536 2875 2702 2929 fontis
2732 2873 3096 2944 baptismatis.

1927 3080 2109 3136 LXVI.
2155 3079 2378 3134 Vocatio
2429 3078 2670 3150 gentium
2720 3085 2775 3130 et
2827 3073 3144 3128 vaticinium
3205 3068 3429 3133 Christi,

1860 3186 2111 3242 tanquam
2152 3173 2204 3226 in
2244 3172 2471 3225 formam
2499 3169 2640 3224 servi
2673 3169 2913 3238 seipsum
2945 3168 2998 3220 in
3034 3167 3261 3220 salutem
3295 3178 3430 3233 gen-

1859 3268 1990 3321 tium
2041 3265 2436 3327 annuntiantis,
2489 3275 2543 3316 et
2590 3277 2712 3316 eam
2758 3258 3126 3330 dispensantis
3185 3267 3430 3329 tempore

1857 3369 2185 3429 Opportune.

1930 3451 2136 3506 LXVII.
2175 3449 2443 3503 Allocutio
2474 3448 2540 3501 ad
2577 3447 2842 3500 elementa
2871 3453 2929 3498 ut
2953 3443 3188 3513 jubilent
3210 3450 3432 3511 propter

1860 3548 2140 3601 hominum
2185 3545 2434 3606 salutem,
2467 3539 2827 3610 etpromissio
2846 3537 3041 3591 futurae
3084 3535 3433 3590 fecunditatis

1857 3647 1908 3691 et
1948 3636 2184 3706 gentium
2225 3629 2680 3700 congregationis,
2725 3637 2780 3682 et
2832 3627 3029 3682 diaboli
3068 3624 3431 3694 spoliationis,

1858 3730 2164 3782 (lzemonum
2225 3734 2406 3779 autem
2450 3721 2791 3793 perditionis,
2839 3729 2892 3775 et
2943 3718 3183 3774 ﬁdelium
3222 3716 3432 3772 redem—

1857 3821 2079 3891 ptionis.

1930 3931 2158 3986 LXVIII.
2187 3928 2546 3999 Exprobratio
2560 3926 2624 3980 ad
2651 3923 2835 3986 Israel,
2860 3933 2913 3978 et
2933 3922 3224 3993 Synagogai
3243 3935 3432 3975 eorum

1859 4024 2144 4094 almegatio
2187 4032 2283 4087 ;et
2310 4019 2707 4074 demonstratio
2745 4016 3002 4086 potentia:
3038 4013 3169 4076 Dei,
3207 4022 3261 4067 et
3293 4011 3434 4066 vati-

1858 4117 2062 4172 cinium
2101 4115 2308 4168 Domini
2336 4114 2668 4183 passionum,
2707 4120 2762 4164 et
2795 4110 2954 4164 mina:
2991 4109 3043 4162 in
3081 4107 3320 4170 Judaeos,
3375 4113 3436 4159 ut

1858 4207 1948 4277 qui
1977 4207 2077 4276 ipsi
2119 4205 2221 4260 sibi
2253 4203 2564 4274 paraverint
2593 4217 2749 4256 suam
2779 4201 3166 4270 perditionem.

1931 4414 2120 4470 LXIX.
2156 4412 2423 4467 Allocutio
2450 4410 2516 4465 ad
2540 4407 2726 4471 Israel,
2766 4415 2826 4461 ut
2879 4404 3126 4460 attendat
3154 4403 3433 4457 miraculis

1862 4511 2097 4582 sepulcri
2151 4507 2364 4562 Domini
2392 4516 2447 4560 et
2488 4505 2756 4559 rationem
2788 4501 2986 4554 habeat
3027 4496 3428 4554 benedictionis

1859 4604 2123 4669 Abrahae;
2158 4601 2565 4656 renovationem
2595 4598 2748 4660 Sion,
2774 4595 3014 4666 gentium
3040 4591 3430 4652 accessionem,

1860 4706 1915 4751 et
1952 4696 2345 4750 elementorum
2370 4689 2898 4746 consummationem
2929 4691 3226 4754 exspectat.
3251 4683 3316 4736 Et
3334 4696 3437 4736 ex»

1863 4787 2102 4844 hortatio
2133 4786 2198 4841 ad
2230 4783 2414 4839 ﬁdeles
2448 4792 2507 4837 ut
2532 4780 2935 4836 incredulorum
2968 4775 3199 4831 ludibria
3230 4789 3340 4827 non
3374 4773 3432 4828 ti-

1860 4895 2017 4935 "1831]
2029 4889 2068 4934 ι.

1931 4990 2094 5047 LXX.
2127 4989 2442 5046 Consolatio
2467 4989 2533 5044 ad
2560 4986 2882 5050 Jerusalem,
2905 4999 2968 5038 ex
2994 4998 3060 5037 eo
3085 4979 3228 5051 quod
3263 4993 3435 5049 popu-

1862 5090 1948 5143 lus
1974 5087 2146 5141 ﬁdelis
2171 5085 2228 5138 in
2257 5099 2376 5138 eam
2408 5091 2670 5138 venturus
2704 5080 2795 5144 sit,
2827 5087 2880 5133 et
2909 5075 3216 5132 exhortatio
3241 5084 3300 5129 ut
3325 5072 3436 5128 Deo

1863 5180 2067 5244 credat,
2091 5185 2145 5231 et
2169 5175 2461 5246 promissio
2483 5171 2626 5244 quod
2662 5172 2741 5226 ira
2769 5186 2890 5240 quae
2929 5179 3116 5225 contra
3147 5182 3266 5223 eam
3297 5177 3431 5229 erat,

1863 5271 1917 5326 in
1948 5272 2224 5327 daimones
2259 5276 2637 5323 convertetur.

1935 5384 2121 5440 LXXI.
2153 5383 2472 5438 Exhortatio
2505 5382 2570 5437 ad
2604 5380 2733 5436 Sion
2789 5390 3042 5448 tanquam
3071 5392 3097 5429 a
3125 5373 3432 5444 captivitate

1864 5478 2196 5533 liberandam
2223 5494 2236 5544 ;
2257 5485 2312 5530 et
2333 5475 2715 5530 rememoratio
2732 5482 2929 5542 quanta
2955 5480 3107 5525 vetus
3126 5466 3283 5521 Israel
3308 5480 3430 5534 pec-

1864 5571 2089 5634 caverit,
2140 5578 2196 5625 et
2250 5569 2532 5639 praedictio
2563 5567 2837 5621 Christum
2880 5565 2932 5617 in
2969 5577 3064 5616 sua
3124 5559 3434 5613 venientem

1864 5663 2260 5735 patefacturum
2293 5677 2389 5716 sua
2426 5660 2698 5732 mysteria,
2733 5665 2786 5711 et
2807 5657 2887 5710 eis
2918 5653 3292 5709 liberationem
3339 5665 3435 5709 ve-

1865 5757 1996 5812 teris
2024 5755 2326 5810 Jerusalem
2362 5765 2617 5824 tanquam
2647 5751 2865 5822 pollutae
2898 5749 3240 5818 largiturum.
