4006 6400
144 344 299 410 1383

1271 351 1730 411 FRAGMENTA
1763 353 1841 412 IN
1875 352 2378 440 EZECIIIELEM.

3275 360 3414 428 1386

143 455 490 523 κατεδέξατο
510 495 526 522 ,
556 455 642 528 ἐφ’
671 451 750 520 οἷς
794 457 954 513 αὑτὸν
983 456 1012 508 ό
1053 459 1341 528 προφήτης
1383 460 1570 528 ὑμνεῖ·
1601 477 1717 514 κατ-

1843 463 2107 532 propheta
2135 464 2401 520 collaudat
2437 483 2448 518 :
2493 465 2706 520 incusat
2731 476 2911 522 autem
2939 466 3176 534 Iudaeos,
3209 479 3264 524 et
3295 475 3409 543 pri-

141 554 354 622 ηγορεῐ
397 552 454 605 δὲ
485 551 596 606 τῶν
636 552 940 618 Ἰουδαίων,
977 553 1072 606 καὶ
1111 554 1218 606 τῶν
1257 553 1550 622 θαυμάτων
1597 553 1728 606 ἀνα-

143 644 464 714 μιμνήσκει
499 644 605 698 τῶν
639 644 970 717 ἔμπροσθεν.

221 735 332 788 πδ’.
364 736 644 801 Ἐντευξις
672 738 764 790 τοῦ
802 738 1086 808 προφήτου
1135 737 1268 808 πρὸς
1303 737 1392 790 τὸν
1426 737 1557 790 Θεὸν
1589 735 1729 806 ὑπὲρ

137 826 245 879 ’τοῦ
291 829 528 899 Ἰσραὴλ,
555 831 629 894 ὡς
666 833 1040 902 παροφθέντος
1082 831 1169 884 διὰ
1199 834 1299 903 τὴν
1335 832 1727 902 πρόσκρουσιν,

138 919 245 970 καὶ
294 923 397 983 τὰς
450 923 724 994 ἁμαρτίας
773 924 855 976 ἔτι
906 924 1108 993 μᾶλλον
1160 924 1585 985 πλεονάσαντος*
1635 925 1729 976 καὶ⁴

140 1011 425 1084 ἱκετηρία,
461 1015 535 1088 μὴ
571 1016 734 1087 μέχρι
764 1017 952 1080 τέλους
987 1017 1422 1087 παρασιωπῆσαι
1454 1015 1546 1069 τὸν
1572 1015 1725 1081 Θεὸν,

137 1103 289 1159 ἀλλά
333 1109 425 1160 τὸν
470 1108 667 1162 ἑαυτοῦ
703 1109 831 1162 λαὸν
864 1110 962 1163 καὶ
991 1109 1086 1180 τὴν
1120 1109 1475 1180 Ἰερουσαλὴμ
1507 1109 1730 1162 ἐπισκέ-

133 1198 376 1267 ψασθαι.

213 1292 326 1346 πε’.
383 1294 711 1366 ’Υπόσχεσις
752 1298 1013 1368 Χριστοῦ,
1046 1300 1158 1362 τοῖς
1189 1298 1397 1352 ἔθνεσιν
1427 1299 1587 1353 αὐτὸν
1621 1300 1724 1370 ὲμ-

134 1386 585 1456 φανισθήσεσθαι
611 1405 624 1417 ·
663 1391 754 1442 καὶ
779 1390 977 1460 ἀπειλὴ
1008 1391 1149 1444 κατά
1179 1391 1286 1444 τῶν
1328 1392 1616 1457 Ἰουδαίων,
1649 1392 1726 1455 ὼς

132 1477 560 1548 ἀπειθησάντων
579 1482 634 1532 ὲν
657 1480 733 1550 τῷ
760 1481 999 1553 σταυρῷ,
1014 1481 1108 1534 καὶ
1130 1480 1366 1548 εἰδώλοις
1391 1483 1488 1554 μὲν
1505 1483 1722 1536 δουλευ-

134 1569 379 1631 σάντων,
429 1570 654 1634 ἑαυτοὺς
698 1571 753 1625 δὲ
815 1572 1205 1640 δικαιούντων,
1240 1575 1382 1647 ὑπὲρ
1425 1569 1502 1630 ὧν
1538 1576 1723 1638 αὐτοῖς

131 1658 446 1714 ἀποδώσειν
475 1664 571 1726 τὰς
604 1662 885 1732 ἁμαρτίας
907 1665 1230 1735 ἠπείλησεν.

212 1757 342 1814 πς’.
386 1750 688 1821 Ἀπόιρασις
742 1755 902 1818 Θεοῦ,
941 1759 1034 1810 τὸν
1068 1758 1285 1829 Ἰσραὴλ
1335 1758 1410 1830 μὴ
1445 1761 1524 1823 είς
1563 1759 1721 1823 τέλος

1840 549 1982 604 stina
2013 553 2262 624 prodigia
2294 553 2348 608 in
2385 556 2704 621 memoriam
2747 569 2983 620 revocat.

1909 733 2190 790 LXXXIV.
2228 736 2550 808 Deprecatio
2573 742 2852 812 praphetze
2889 743 2955 798 ad
2985 744 3154 800 Deum
3196 763 3295 818 pro
3333 748 3409 804 ls-

1837 827 1972 893 rael,
2006 838 2064 882 ut
2091 838 2220 898 pote
2239 831 2327 899 qui
2353 842 2577 902 propter
2616 835 2946 892 ollensiones
2965 837 3319 909 despiciatur,
3351 852 3408 897 et

1836 919 1930 988 qui
1962 929 2185 990 peccata
2221 938 2320 976 sua
2348 925 2580 993 amplius
2603 927 2766 980 etiam
2798 928 3122 999 multiplicet
3155 950 3169 999 ;
3202 943 3256 987 et
3279 949 3407 1004 sup-

1835 1011 2058 1080 plicatio
2096 1029 2166 1067 ne
2203 1013 2344 1069 Deos
2378 1016 2535 1071 sileat
2561 1016 2617 1071 in
2647 1017 2808 1074 linem
2835 1022 2927 1076 sed
2955 1037 3110 1076 suum
3148 1025 3406 1095 populum

1836 1111 1890 1156 et
1914 1102 2217 1160 Jerusalem
2252 1107 2454 1163 visitet.

1902 1286 2160 1344 LXXXV.
2196 1289 2493 1348 Promissio
2519 1293 2744 1363 Christi,
2780 1297 3029 1354 videlicet
3053 1315 3112 1355 se
3153 1301 3404 1372 gentibus

1824 1379 2310 1437 manifes-taturum
2355 1402 2369 1450 ;
2409 1396 2467 1440 et
2509 1388 2672 1443 minae
2715 1390 2769 1442 in
2797 1391 3034 1458 Judzeos,
3077 1409 3140 1447 eo
3167 1397 3308 1464 quod
3347 1400 3401 1449 in

1831 1467 2006 1525 Cruce
2036 1488 2144 1526 non
2177 1477 2528 1542 crediderint,
2556 1489 2610 1534 et
2654 1481 2809 1536 idolis
2843 1485 3060 1552 quidem
3091 1488 3399 1550 servierint,

1830 1561 2038 1631 seipsos
2077 1576 2260 1621 autem
2293 1571 2656 1628 condemnent
2684 1574 2750 1630 iis
2774 1591 2871 1646 pro
2890 1579 3091 1648 quibus
3119 1581 3250 1649 ipsis
3270 1595 3400 1652 pec-

1828 1665 2075 1711 catorum
2113 1661 2377 1715 ultionem
2411 1665 2647 1726 minatus
2671 1677 2777 1733 est,

1903 1748 2187 1806 LXXXVI.
2221 1754 2523 1811 Declaratio
2555 1757 2645 1812 Dei
2686 1776 2797 1814 non
2821 1760 2882 1816 in
2911 1761 3068 1818 linem
3099 1765 3259 1820 Israel
3303 1784 3398 1837 pe-

129 1840 546 1911 ςσθαρήσεσθαι,
607 1845 744 1899 ἀλλὰ
797 1848 922 1910 τοὺς
974 1849 1334 1914 ἀπειθοῦντας
1380 1850 1717 1915 ἀπολεῖσθαι,

1829 1842 2081 1903 riturum.
2104 1846 2201 1900 sed
2225 1846 2537 1904 incredulos
2562 1852 2780 1920 quidem
2807 1856 3118 1924 perdendos
3143 1858 3398 1924 fore,Deo

127 1933 266 1995 τοὺς
291 1934 639 1999 δουλευόντας
668 1937 723 1990 δὲ
772 1938 890 2008 Θεῷ
927 1941 1020 1994 καὶ
1065 1944 1381 2012 μυστηρίων
1417 1944 1717 1998 ἀπόλαυσιν

129 2026 233 2078 καὶ
279 2027 545 2096 ὀνόματος
591 2030 782 2085 καινοῦ
836 2031 1144 2097 τεύξεσθαι,
1194 2035 1292 2088 καὶ
1342 2034 1419 2105 τῷ
1473 2036 1585 2106 ναῷ
1619 2039 1716 2106 τῆς

127 2119 265 2181 νέας
314 2117 668 2192 Ἰερουσαλὴμ.
704 2124 922 2195 ἀρετῶν
955 2125 1182 2179 ἔσεσθαι
1221 2126 1547 2199 τελειότητα
1573 2167 1588 2189 ,
1623 2128 1716 2181 καὶ

127 2211 246 2263 τῶν
275 2213 454 2265 πόνων
483 2213 593 2267 τῶν
629 2216 845 2270 οἰκείων
875 2218 1199 2273 ἀπόλαυσιν.

196 2306 311 2370 πζ’.
357 2306 660 2375 ’Δπόφασις
695 2310 851 2373 Θεοῦ,
903 2310 1087 2377 οἴκους
1119 2313 1412 2386 αίσθητοὺς
1455 2314 1530 2385 μὴ
1563 2313 1715 2369 ὲκλέ-

128 2397 351 2463 γεσθαι,
389 2399 526 2469 μηδὲ
547 2403 669 2466 ταῖς
695 2401 753 2466 ἐξ
775 2402 987 2468 ἀδικίας
1013 2403 1225 2467 θυσίαις
1251 2407 1594 2477 ἀρέσκεσθαι·
1622 2407 1716 2460 καὶ

129 2489 460 2556 παραίνεσις
506 2494 620 2556 τοῖς
683 2499 895 2560 πιστοῖς
926 2535 941 2560 ,
991 2497 1340 2562 ἀνεξικακίαν
1396 2501 1531 2570 πρὸς
1585 2502 1712 2564 τοὺς

129 2578 367 2650 ἐχθροὺς
402 2581 812 2639 ἐνδείκνυσθαι·
841 2588 935 2640 καὶ
971 2590 1278 2660 πρόρρησις
1329 2591 1422 2644 τοῦ
1461 2593 1715 2663 τεχθησοο

132 2674 302 2737 μένου
339 2670 470 2723 λαοῦ
518 2676 584 2743 τῇ
630 2676 727 2747 νέᾳ
769 2675 938 2729 Σιών·
981 2681 1712 2754 καὶνπροσιξώνησις-εύφρου
1743 2704 1761 2718 ο

130 2762 306 2832 σύνης
338 2765 448 2818 ,ἐπὶ
485 2770 597 2830 τοῖς
626 2767 883 2835 ἀγαθοῖς,
917 2770 959 2824 ἃ
987 2773 1057 2842 τῇ
1095 2773 1196 2844 ,νέᾳ
1245 2773 1596 2846 Ἰερουσαλὴμ
1619 2776 1712 2829 sti-

125 2853 471 2922 τρεπίξεται.

194 2951 312 3011 my.
354 2947 670 3018 Προφητεία
700 2950 959 3022 δευτέρας
986 2955 1225 3025 Χριστοῦ
1262 2957 1588 3028 παρουσίας,
1620 2961 1713 3014 καὶ

126 3037 412 3102 ἀπωλείας
435 3042 542 3092 τῶν
567 3043 805 3096 ἀσεϐῶν·
838 3049 929 3098 καὶ
955 3049 1262 3119 πρόρρησις
1282 3051 1509 3120 τῆςιτῶν
1541 3053 1713 3107 ἐθνῶν

97 3117 280 3195 ¹μετά
311 3129 468 3200 δόξης
512 3134 592 3196 εἰς
639 3135 741 3205 τὴν
774 3137 900 3192 νέαν
944 3117 1303 3211 Ἰερουσαλὴμ
1337 3117 1578 3211 συνόδου,
1613 3147 1711 3200 καὶ

1824 1943 2009 1988 autem
2040 1937 2361 2005 servientes,
2413 1950 2524 1995 tum
2558 1948 2940 2015 mysteriorum
2971 1951 3394 2018 possessionem,

1825 2033 1937 2078 tum
1957 2042 2155 2081 nomen
2177 2045 2378 2084 novum
2396 2037 2688 2090 sortituros
2715 2053 2856 2103 esse,
2873 2049 2929 2094 et
2947 2042 2998 2094 in
3021 2043 3221 2113 templo
3243 2060 3396 2098 nova!

1817 2115 2122 2174 Jerusalem
2149 2121 2423 2179 «virtutum
2457 2129 2859 2196 perfectionem
2884 2136 3136 2190 loturam
3177 2153 3300 2192 esse
3340 2147 3398 2193 et

1821 2211 2066 2267 laborum
2101 2230 2325 2271 suorum
2357 2219 2754 2278 liberationem.

1879 2304 2193 2374 LXXX-VII,
2217 2309 2515 2369 Declaratio
2535 2315 2633 2372 Dei
2656 2319 3143 2378 domos-sensuales
3166 2341 3273 2380 non
3298 2325 3394 2381 eli-

1820 2397 1891 2470 gi,
1913 2415 2014 2455 nec
2039 2415 2099 2455 se
2122 2403 2362 2460 victimis
2390 2422 2459 2462 ex
2490 2409 2775 2480 iniquitate
2813 2423 3127 2469 contentum
3155 2434 3293 2472 esse.
3328 2421 3394 2475 Et

1807 2490 2124 2548 exhortatio
2146 2496 2212 2548 ad
2237 2497 2450 2563 'ﬁdeles,
2493 2509 2549 2554 ut
2587 2504 2899 2570 patientiam
2933 2506 2996 2560 ad
3032 2507 3275 2564 inimicos
3307 2525 3394 2565 os-

1821 2583 2070 2650 tendant,
2097 2586 2168 2640 Et
2207 2591 2490 2657 praedictio
2527 2595 2710 2664 populi
2759 2597 2814 2649 in
2850 2598 2980 2652 Sion
3026 2603 3307 2667 nascituri,
3337 2611 3392 2657 et

1819 2678 2102 2747 praedictio
2135 2681 2498 2750 iucunditatis
2517 2675 2597 2742 de
2635 2688 2795 2744 bonis
2823 2705 2947 2760 qua:
2977 2708 3134 2748 novae
3176 2694 3392 2754 Jerusa-

1821 2769 1924 2828 lem
1958 2783 2357 2842 prteparantur.

1887 2958 2220 3027 LXXXVIII,
2251 2961 2583 3022 Vaticinium
2617 2972 2841 3026 secundi
2876 2971 3076 3028 Christi
3102 2975 3389 3042 adventus,

1818 3062 1874 3106 et
1898 3053 2188 3122 impiorum
2221 3057 2543 3123 perditionis
2574 3077 2589 3125 ;
2629 3065 2994 3132 .«etprmdictio
3041 3067 3392 3138 ingressionis

1821 3148 2214 3218 gentiumcum
2249 3153 2418 3222 gloria
2459 3155 2512 3208 in
2541 3171 2736 3211 novam
2773 3159 3098 3228 Jerusalem,
3129 3174 3201 3219 .et
3237 3181 3393 3220 nova:

125 3219 232 3289 τῆς
267 3221 357 3276 διὰ
390 3223 628 3294 Χριστοῦ
658 3229 854 3298 καινῆς
889 3233 1144 3296 κτίσεωςο
1181 3236 1275 3287 καὶ
1303 3236 1538 3299 ὅπωςτά
1572 3240 1714 3293 κατὰ

1829 3212 1916 3311 per
1968 3212 2582 3303 Chl:istumv.oreationis
2614 3269 2628 3315 ;
2662 3261 2718 3306 et
2750 3257 3037 3323 quomodo
3095 3273 3216 3327 qua:
3253 3268 3394 3314 sunt

124 3313 225 3365 τοῦ
279 3313 413 3367 λαοῦ
452 3317 560 3372 τῶν
609 3319 878 3376 Ἰουδαίων
919 3327 1033 3388 τοῖς
1093 3327 1304 3381 ἔθνεσιν
1353 3332 1434 3394 εἰς
1485 3332 1718 3404 θεωρίαν

125 3407 512 3475 προκείσεται.

216 3495 450 3563 Ἡσαΐας
487 3501 515 3553 ὁ
545 3506 837 3577 προφήτης
870 3509 1091 3577 ἐγένετο
1124 3512 1226 3582 μὲν
1258 3517 1317 3570 ἐν
1361 3516 1719 3592 Ἰερουσαλὴμ

127 3587 196 3637 ὲκ
223 3589 402 3657 φυλῆς
449 3591 639 3660 Ἰούδα,
673 3596 897 3668 θνήσκει
940 3601 997 3653 δὲ
1039 3603 1144 3656 ὑπὸ
1172 3587 1445 3678 Μανασσῆ
1475 3610 1577 3666 ,τοῦ
1615 3587 1720 3682 βέ-

127 3677 326 3768 σιλὲως
343 3681 514 3737 Ἰούδα
533 3684 740 3757 [πρίονι
765 3690 1374 3766 ξυλίνῳ](16)πρισθεὶς
1396 3677 1478 3763 είς
1489 3701 1602 3768 δύο,
1620 3677 1715 3756 καὶ

125 3767 290 3837 ἐτέθη
340 3772 598 3828 ὑποκάτω
646 3777 808 3849 δρυὸς
844 3780 1075 3852 Ῥωγὴλ,
1122 3787 1358 3856 ἐχόμενα
1389 3791 1491 3860 τῆς
1509 3767 1711 3848 διαϐά-

127 3873 270 3923 σεως
295 3862 407 3915 τῶν
434 3866 666 3936 ὑδάτων,
701 3865 776 3926 ὦν
807 3873 1091 3930 ἀπώλεσεν
1124 3879 1373 3945 Ἑζεκίας
1401 3885 1428 3936 ὁ
1455 3883 1710 3954 βασιλεὺς

125 3950 313 4023 χώσας
341 3958 501 4016 αὐτά.

1816 3343 2007 3388 contra
2037 3334 2277 3402 Iudaeos,
2311 3340 2644 3408 gentibusin
2661 3345 3391 3420 considerationempropo-

1818 3441 1925 3481 neu
1936 3437 2043 3494 tur,

1888 3521 2054 3582 Isaias
2081 3526 2356 3595 propheta
2385 3537 2560 3584 matus
2588 3538 2672 3584 est
2702 3530 2756 3584 in
2787 3531 3088 3588 Jerusalem
3132 3535 3204 3590 de
3231 3538 3391 3604 ltribu

1819 3614 1958 3670 Juda
1979 3626 2260 3680 ;mortuus
2281 3629 2366 3674 est
2385 3630 2571 3676 autem
2596 3634 2860 3694 regnante
2888 3626 3094 3681 inJuda
3123 3629 3389 3687 Manasse.

1821 3709 1996 3776 (serra
2048 3708 2251 3779 lignea)
2279 3721 2466 3767 sectus
2499 3713 2553 3767 in
2584 3715 2716 3780 duo,
2740 3725 2796 3771 et
2837 3719 3100 3788 sepultus
3161 3731 3244 3776 est
3291 3725 3392 3778 sub

1816 3815 2022 3870 quercu
2057 3801 2299 3875 Rhogel,
2341 3807 2497 3876 juxta
2543 3811 2988 3879 praeterﬂuentes
3031 3831 3220 3885 aquas,
3253 3833 3391 3887 (ptas

1817 3894 2342 3962 penlidit-Ezeehias
2356 3915 2465 3955 rex
2488 3910 2632 3958 terra
2653 3904 2924 3970 defossas,

817 4315 1538 4412 FRAGMENTA
1643 4331 1717 4417 =1]

1885 4332 1958 4418 Ἐ
1971 4332 2653 4427 ΖἙΈΗιΙἘίι’“ΕΜ
2673 4403 2697 4427 .

1324 4515 1769 4589 (ViLqumous,
1811 4533 1850 4581 t.
1871 4527 1930 4591 :l,
1955 4543 2012 4597 p.
2041 4529 2198 4602 .130.)

187 4828 464 4900 'Cap.'lX,
497 4849 549 4886 v.
579 4831 635 4886 ϐ.
684 4853 701 4886 ι
737 4834 805 4891 Ει
847 4851 874 4890 a
901 4842 1218 4896 sanctuario
1252 4859 1374 4899 meo
1401 4847 1643 4918 incipite.
1680 4869 1700 4902 ι
1737 4858 1781 4913 D
1808 4852 2270 4911 Murnmrantibus
2317 4859 2495 4922 Aaron
2539 4870 2594 4914 et
2631 4857 2807 4917 “Maria
2848 4863 3112 4922 adversus
3156 4865 3381 4937 Mosen,

129 4919 404 4985 Quoniam
426 4922 633 4978 ihabitu
663 4925 839 4980 solum
879 4931 1076 4996 sancti,
1108 4948 1217 4987 non
1245 4950 1432 4992 revera
1465 4958 1478 4995 :
1507 4956 1631 4996 nam
1663 4943 1707 4997 si

129 5014 455 5070 habuissent
487 5017 700 5089 signum
723 5060 737 5084 ,
771 5035 883 5075 non
918 5039 1106 5080 revera
1132 5067 1146 5089 ,
1179 5035 1344 5098 atque
1373 5032 1462 5086 alii
1493 5034 1707 5091 delendi

127 5106 402 5173 fuissent,
447 5110 824 5167 etm‘Novum
881 5131 1053 5186 genus
1105 5121 1269 5174 audio
1327 5125 1707 5194 providentiae,

127 5198 363 5255 Domine
414 5201 558 5258 Deus
585 5246 599 5269 ,
649 5206 914 5264 adversus
957 5211 1236 5269 ministros
1278 5221 1574 5274 sanctuarii
1609 5223 1706 5277 tui.

125 5289 268 5347 Olim
325 5295 470 5349 enim
517 5300 829 5355 errantibus
884 5305 1253 5374 connivebas,
1296 5314 1558 5379 parcebas
1609 5317 1703 5371 de-

127 5383 543 5456 linquentibus;
577 5404 684 5459 quo
726 5399 818 5446 tuo
849 5397 1055 5452 nomini
1084 5409 1138 5454 et
1181 5400 1376 5457 honori
1423 5420 1697 5475 parceres.

209 5569 227 5600 ¹
262 5567 366 5625 lsa.
400 5571 634 5637 “me.

1808 4945 1897 5001 illa
1929 4949 2154 5017 punitur
2185 4949 2356 5020 lepra,
2401 4952 2490 5007 ille
2545 4953 2815 5011 innocuus
2869 4958 3071 5013 evadit.
3114 4959 3294 5017 Aaron
3328 4974 3386 5020 et

1807 5037 2021 5109 Moyses
2045 5041 2370 5113 delinquunt
2400 5045 2465 5099 ad
2493 5061 2663 5117 aquas
2689 5049 3158 5118 contradictionis,
3189 5055 3383 5109 conni-

1807 5143 1898 5188 vet
1931 5134 2074 5188 Deus
2104 5138 2319 5207 utrique
2351 5139 2521 5196 multo
2549 5149 2821 5212 tempore,
2854 5147 3208 5215 quantumvis
3237 5161 3384 5206 esset

1808 5224 2141 5297 indignatus.
2170 5229 2469 5292 Abialharo
2496 5231 2660 5304 digno
2691 5245 2867 5298 morte
2901 5239 3076 5308 parcit
3103 5241 3381 5307 Salomon,

1810 5317 1937 5386 quia
1972 5320 2169 5374 tulerat
2191 5337 2370 5376 arcam
2397 5323 2636 5380 Domini.
2662 5329 2731 5380 At
2758 5344 2904 5386 nunc
2927 5332 3029 5386 erit
3052 5334 3186 5386 sicut
3214 5350 3382 5404 popu-

1810 5411 1909 5476 lus,
1941 5413 2016 5466 sic
2044 5413 2287 5468 sacerdos
2313 5416 2324 5444 '
2353 5415 2375 5468 ?
2403 5415 2510 5472 imo
2537 5433 2665 5474 vero
2695 5420 2835 5475 sicut
2867 5421 3143 5490 sacerdos,
3167 5423 3377 5496 δίο.ρο-

1637 5700 1866 5760 ΝΟΤᾸΕ.

201 5805 316 5879 (16)
345 5809 548 5876 Ηρίογι
575 5809 823 5879 ξυλίνῳ.
859 5811 916 5868 ld
945 5829 1010 5869 ex
1041 5815 1257 5876 Justino
1287 5817 1541 5892 Martyrc.

380 5906 659 5971 Ριτιιοι..
706 5909 824 5976 Gn.
873 5912 1088 5976 XClll.
