4006 6430
624 375 756 438 1387
1778 375 2142 437 HESYCHII
2184 375 2655 437 PRESBYTERI
3725 377 3837 443 1388

623 472 802 557 pulus,
839 484 1149 543 interfectis
1196 486 1404 541 sanctis
1452 492 1580 540 ante
1633 487 1971 556 populares?
2003 487 2206 543 Verum
2237 502 2282 557 Α
2313 487 2589 557 supplicio
2621 500 2840 557 quoque
2870 494 3093 543 anteeat
3132 493 3442 559 populares,
3478 498 3539 544 ut
3566 488 3743 559 quibus
3766 506 3837 547 oc-

619 580 702 635 fas
726 589 832 648 est,
864 595 897 635 o
932 581 1079 651 juste
1108 579 1276 651 judex
1304 620 1320 643 ,
1367 594 1494 634 eum
1538 579 1632 649 qui
1674 581 1925 650 exemplo
1979 593 2206 635 caeteros
2314 581 2463 635 casio
2492 579 2596 635 fuit
2622 580 2821 647 ruinae,
2850 580 3162 651 exemplum
3192 581 3264 636 sit
3307 581 3478 637 necis.
3522 579 3727 651 Tempus
3765 596 3839 649 est,

618 675 933 746 praecedere
972 674 1255 731 debuisset
1278 717 1293 738 ,
1344 674 1391 730 si
1435 674 1646 731 scelere
1674 674 1915 746 reliquos
1954 674 2203 741 excellat,
2313 678 2390 732 ait
2418 677 2632 743 Petrus,
2661 688 2718 731 ut
2751 676 2970 745 incipiat
2996 674 3258 745 judicium
3284 693 3317 730 a
3343 677 3495 731 domo
3520 674 3616 731 Dei
3635 677 3675 731 '.

693 814 714 845 ²
742 813 761 868 l
784 812 931 870 Petr.
955 832 1029 883 Iv,
1065 814 1151 871 17.

1341 1163 2166 1255 FRAGMENTUM
2276 1165 2402 1254 IN
2510 1164 3172 1255 DANIELEM.

1399 1355 1554 1426 (ANG.
1593 1353 1723 1422 MAI,
1752 1355 2010 1424 Scriptor.
2050 1355 2160 1411 Vet.
2184 1355 2427 1423 ϐοηθοίη
2454 1368 2495 1413 t.
2530 1358 2573 1425 l,
2611 1367 2749 1430 part.
2778 1375 2860 1425 ιιι,
2885 1375 2941 1431 p.
2965 1358 3083 1429 54.)

692 1690 823 1761 Cap.
849 1689 912 1754 Il,
932 1707 985 1744 ν.
1016 1690 1105 1745 55.
1138 1709 1156 1743 ι
1175 1687 1381 1745 Pedum
1403 1688 1648 1760 quaedam
1671 1704 1799 1759 pars
1820 1698 1936 1746 erat
1953 1688 2153 1745 ferrea.
2177 1707 2196 1740 ε

2389 1707 2407 1741 ι
2449 1689 2512 1743 Οἱ
2551 1689 2711 1755 πόδες
2755 1689 2923 1761 μέρος
2955 1689 3056 1761 μέν
3089 1708 3143 1745 τι
3179 1688 3461 1763 σιδηροῦν.
3491 1709 3512 1744 ι
3550 1689 3733 1757 Πόδας
3770 1688 3845 1762 τὴν

620 1774 726 1837 Per
740 1786 891 1852 pedes
910 1783 1199 1855 imperium
1217 1783 1523 1838 Romanum
1542 1781 1813 1854 designat,
1838 1783 2039 1854 quippe
2060 1782 2205 1853 quod

2314 1781 2420 1833 τῶν
2466 1780 2757 1850 Ῥωμαίων
2787 1781 3068 1852 βασιλείαν
3106 1781 3182 1846 ὡς
3225 1782 3488 1853 ἐσχάτηνο
3522 1780 3845 1850 σιδηροῦςδὲ

623 1874 911 1941 ultimum;
949 1878 1142 1947 ferreos
1171 1892 1303 1931 vero
1342 1883 1529 1947 utpote
1566 1875 1806 1931 validum
1851 1885 1907 1932 et
1959 1876 2205 1931 omnium

2314 1874 2387 1937 ὡς
2436 1873 2666 1944 ἰσχυρὰν
2702 1873 2796 1927 καὶ
2852 1873 3231 1943 ὑποτακτικὴν
3283 1874 3549 1928 ἁπάντων
3586 1872 3843 1943 τυγχάνον·

625 1966 934 2024 dominator
960 1969 1251 2026 exsistens.
2316 1983 2437 2019 σαν.

1052 2306 1773 2397 FRAGMENTA
1878 2302 2007 2393 IN
2114 2302 2403 2393 ACTA
2509 2302 3445 2398 APOSTOLORUM.

696 2684 831 2754 Cap.
864 2680 925 2747 ll,
959 2698 1011 2734 γ.
1043 2680 1135 2733 27.
1193 2697 1211 2730 ι
1247 2679 1516 2746 Quoniam
1561 2693 1674 2734 non
1704 2678 2051 2750 derelinques
2082 2679 2203 2736 ani-

2381 2704 2399 2737 ι
2441 2686 2566 2739 Ὀτι
2618 2684 2719 2738 οὐκ
2774 2684 3201 2755 ἐγκαταλείψεις
3264 2687 3364 2759 τὴν
3422 2691 3607 2764 ψυχήν
3654 2709 3741 2762 μου
3786 2696 3842 2757 είς

627 2790 772 2831 mam
807 2788 983 2829 meam
1034 2772 1089 2827 in
1145 2772 1381 2828 inferno.
1422 2771 1889 2857 Quemadmodum
1930 2773 2203 2843 justorum

2314 2778 2461 2849 ᾅδην.
2495 2798 2513 2830 ›
2551 2778 2765 2848 Ὥσπερ
2792 2779 2846 2831 αἱ
2877 2776 3048 2848 ψυχαὶ
3091 2779 3201 2832 τῶν
3225 2780 3455 2836 δικαίων
3484 2784 3629 2854 μετὰ
3654 2784 3736 2837 τοῦ
3762 2786 3843 2837 Sw-

628 2869 827 2929 anima:
866 2882 935 2922 ex
978 2864 1333 2921 inferioribus
1361 2864 1499 2920 locis
1528 2878 1654 2920 cum
1684 2864 1965 2921 Salvatore
2011 2881 2206 2922 ascen-

2314 2871 2372 2941 τῆ
2385 2888 2476 2941 ρος
2512 2872 2576 2924 ἐκ
2625 2871 2735 2923 τῶν
2766 2871 2921 2924 κάτω
2951 2872 3170 2943 χωρίων
3211 2872 3441 2947 ἐτριψαν
3468 2878 3841 2933 ἀναϐαίνουσαι.

630 2962 849 3015 derunt.
2310 2962 2567 3035 [Cannam
2591 2962 2685 3028 Ill,
2721 2961 2840 3035 47.]

703 3052 836 3123 Cap.
873 3050 962 3116 IV,
995 3066 1047 3105 v.
1076 3048 1168 3103 27.
1212 3067 1230 3100 ι
1257 3047 1649 3104 Convenerunt
1687 3048 1832 3104 enim
1858 3063 1986 3105 vere
2020 3049 2210 3105 adver-

633 3161 725 3200 sus
753 3153 1001 3201 sanctum
1025 3158 1255 3214 puerum
1285 3151 1436 3197 tuum
1466 3140 1708 3196 Jesum.»
1742 3140 2030 3196 Dominum
2052 3149 2210 3195 vocat

632 3239 874 3304 Patrem,
898 3237 1180 3293 Christum
1201 3236 1324 3307 jure
1343 3234 1563 3290 Filium.
1592 3235 1805 3290 Insidiae
1830 3235 1977 3289 enim
1998 3234 2053 3289 in
2070 3234 2207 3288 Uni-

633 3332 877 3403 genitum
909 3328 1232 3385 ceciderunt
1260 3327 1315 3381 in
1349 3324 1564 3381 Patrem
1614 3326 1707 3395 qui
1743 3327 1797 3379 in
1836 3324 1971 3379 Filio
2010 3325 2209 3393 injuria

631 3422 864 3478 atlicitur
894 3463 909 3488 ,
958 3420 1086 3491 quia
1115 3416 1457 3490 beneplacito
1485 3416 1661 3471 Patris
1707 3416 1840 3471 fecit
1880 3415 2209 3486 Unigenitus

631 3514 894 3586 quidouid
923 3514 991 3569 de
1026 3509 1424 3582 redemptionis
1451 3518 1655 3566 nostrae
1684 3507 1945 3582 mysterio
1971 3508 2099 3579 egit.

2308 3149 2474 3204 παῖδά
2507 3166 2600 3202 σου
2647 3148 2877 3219 Ἰησοῦν.
2933 3168 2953 3202 ›
3009 3151 3217 3224 Κύριον
3278 3156 3439 3207 καλεῖ
3494 3157 3591 3211 τὸν
3646 3158 3843 3226 Πατέρα.

2307 3332 2433 3395 νοῦς
2462 3332 2751 3404 ἐπιϐουλῇ,
2781 3333 2856 3391 ὡς
2884 3332 3241 3404 ὑϐριζόμενον
3277 3338 3335 3389 ἐν
3358 3338 3533 3408 αὐτῷ,
3560 3340 3646 3392 τὸν
3668 3338 3845 3409 Πατέρα

2309 3425 2654 3491 συνέπλεξεν·
2687 3426 2984 3497 ἐπειδήπερ
3015 3426 3233 3499 εὐδοκία
3277 3429 3372 3482 τοῦ
3407 3430 3644 3503 Πατρδς,
3684 3430 3844 3483 ὄλοντδ

2308 3518 2451 3590 ὑπὲρ
2483 3519 2641 3589 ήμῶν
2674 3519 2973 3590 μυστήριον
3018 3519 3047 3572 ὁ
3080 3517 3399 3593 Μονογενὴς
3444 3522 3697 3594 ἔπραξεν.
3724 3522 3844 3594 [ΕΜ-

2416 3649 2432 3665 .
2460 3610 2552 3665 lll.
2581 3610 2696 3665 81.}.

701 3692 837 3761 Cap.
862 3690 978 3757 VII,
1012 3706 1066 3744 v.
1100 3689 1191 3743 57.
1238 3708 1257 3742 ι
1285 3688 1594 3745 Clamantes
1631 3703 1781 3744 vero.
1820 3706 1840 3741 ι
1889 3687 2027 3743 Cum
2061 3687 2207 3742 enim

2314 3627 2432 3666 nan.
2460 3609 2552 3676 Ill,
2581 3610 2696 3683 81.;

2385 3718 2403 3752 ι
2440 3699 2752 3770 Κράζοντες
2791 3698 2845 3751 δὲ
2888 3700 3067 3769 φωνῇ.
3121 3717 3139 3751 ι
3182 3699 3273 3753 Ἐν
3296 3700 3406 3772 γὰρ
3463 3704 3581 3765 τοῖς
3618 3700 3842 3762 Ἰουδαίοις

632 3784 835 3841 Judaeis
882 3782 953 3839 ob
999 3796 1191 3836 eorum
1239 3781 1678 3837 incredulitatem
1726 3780 2031 3851 indigeret,
2082 3795 2207 3834 eum

2383 3075 2401 3107 ι
2435 3056 2792 3127 Συνήχθησοιν
2843 3055 2953 3129 γὰρ
3010 3057 3099 3111 ἐπ’
3145 3059 3406 3131 ἀληθείας
3458 3063 3557 3117 ἐπὶ
3603 3064 3690 3117 τὸν
3724 3065 3845 3128 ἄτιον
3950 3124 3951 3133 γ

2307 3241 2540 3309 Χριστὸν
2572 3239 2802 3304 εἰκότως
2833 3242 2927 3295 τὸν
2957 3242 3107 3295 Υίόνο
3132 3246 3199 3314 τῇ
3231 3243 3342 3314 γὰρ
3372 3246 3515 3300 κατὰ
3542 3246 3633 3300 τοῦ
3657 3248 3845 3311 Μοεσογς·
3950 3228 3951 3275 Ῑ

635 3877 890 3949 gentibus
924 3874 1205 3929 abundare
1244 3872 1414 3939 fecit,
1452 3882 1739 3942 postquam
1776 3887 1808 3927 a
1860 3872 2063 3928 dextris
2093 3872 2210 3927 suis

636 3968 923 4027 collocavit
950 3986 964 4023 :
991 3966 1137 4037 quod
1160 3975 1218 4021 tu
1248 3965 1469 4036 quidem
1505 3964 1759 4036 exiguum
1786 3970 1843 4019 et
1878 3965 1997 4021 leve
2025 3974 2206 4035 putas,

2309 3791 2476 3848 αὐτὸν
2502 3790 2592 3845 διὰ
2621 3790 2721 3862 τὴν
2745 3791 2972 3844 ἐκείνων
3007 3792 3270 3846 ἀπιστίαν
3294 3794 3598 3863 πενόμενον
3636 3794 3841 3846 πλουτεῖν

2310 3882 2617 3955 πεποίηκεν
2645 3884 2703 3937 ἐν
2734 3885 2847 3945 τοῖς
2898 3881 3131 3947 ἐθνεσιν,
3178 3884 3243 3936 ἐκ
3297 3884 3491 3949 δεξιῶν
3539 3886 3694 3939 αὑτοῦ
3733 3902 3842 3952 παρ-

2314 3974 2488 4039 ιστὰς,
2532 3975 2670 4044 ὅπερ
2714 3973 2779 4027 σὺ
2823 3974 2922 4044 μὲν
2945 3972 3119 4037 δοκεῖς
3151 3969 3292 4028 εἶναι
3334 3978 3612 4040 ταπεινὸν,
3658 3976 3757 4029 ἐστι
3802 3974 3843 4027 δὲ

634 4079 758 4119 cum
786 4060 1047 4117 eximium
1086 4059 1245 4114 valde
1286 4057 1391 4123 sit,
1418 4064 1476 4112 et
1513 4056 1582 4112 de
1623 4057 1740 4112 solo
1767 4055 1907 4112 Filio
1948 4066 2206 4127 tanquam

2314 4064 2516 4135 σφόδρα
2551 4063 2776 4134 ὑψηλὸν,
2822 4064 2915 4117 καὶ
2964 4065 3096 4134 περὶ
3138 4066 3302 4136 μόνου
3335 4066 3466 4120 Υῑοῦ
3511 4067 3589 4131 ὡς
3625 4067 3746 4121 Θεοῦ
3774 4066 3841 4118 xi".

636 4155 778 4221 Deo,
808 4151 985 4207 Patris
1027 4150 1243 4221 aequali,
1281 4148 1385 4204 dici
1417 4149 1611 4219 possit.
1653 4148 1806 4205 Sicut
1847 4149 1994 4204 enim
2039 4148 2206 4203 Filius

634 4262 746 4303 non
780 4245 958 4301 solum
991 4258 1021 4298 a
1052 4243 1261 4297 dextris
1288 4241 1467 4297 Patris
1505 4240 1677 4307 sedet,
1717 4240 1813 4296 sed
1857 4249 1911 4295 et
1944 4256 1975 4295 a
2004 4239 2209 4295 dextris

636 4349 780 4406 stat,
814 4337 1125 4408 Stephanus
1156 4334 1301 4391 enim
1327 4335 1405 4389 ait
1435 4353 1448 4390 :
1491 4332 1613 4388 Vidi
1632 4333 1782 4389 οωίοε
1809 4342 2038 4403 apertos,
2066 4342 2206 4399 etc.;

635 4433 709 4487 ita
743 4439 799 4487 et
830 4430 995 4486 Pater
1038 4436 1183 4483 stare
1214 4426 1415 4482 dicitur
1465 4440 1497 4480 a
1548 4426 1755 4481 dextris
1796 4424 1946 4492 Filii,
1994 4434 2054 4479 ut
2084 4424 2211 4479 inde

636 4528 912 4583 discamus
966 4520 1211 4579 eamdem
1264 4533 1386 4577 esse
1415 4517 1538 4574 Filii
1567 4526 1623 4574 et
1655 4519 1838 4575 Patris
1867 4517 2207 4591 dignitatem.

705 4810 1009 4883 Cap.-Xlll,
1036 4827 1089 4866 v.
1119 4811 1211 4866 55.
1260 4828 1278 4863 ι
1308 4809 1462 4866 Sicut
1490 4819 1546 4865 et
1576 4810 1646 4865 .in
1695 4810 1906 4881 psalmo
1944 4810 2211 4881 scriptum

635 4912 717 4959 est
745 4920 758 4958 :
794 4903 965 4959 Filius
994 4918 1150 4958 meus
1175 4918 1237 4960 es
1290 4911 1370 4969 tu,
1420 4918 1520 4975 ego
1540 4901 1706 4957 hodie
1732 4902 1895 4974 genui
1920 4911 1992 4958 te.
2024 4920 2043 4954 ›
2088 4901 2215 4958 Haec

635 4996 802 5050 verba
831 4997 886 5051 in
914 4996 1348 5052 incarnationem
1398 4994 1606 5052 Christi
1655 4996 1882 5052 omnino
1920 4996 2212 5066 quadram,

636 5103 757 5159 qua:
798 5088 852 5142 in
885 5096 1129 5159 tempore
1155 5105 1214 5146 se
1247 5088 1510 5146 exseruit.
1544 5088 1719 5145 Voces
1768 5090 1914 5145 enim
1968 5091 2119 5144 hodie
2142 5090 2217 5159 {et

637 5196 755 5233 cras
784 5180 904 5235 dies
934 5180 1197 5236 inferunt.
1232 5182 1278 5236 A
1296 5180 1457 5237 Patre
1484 5179 1628 5234 enim
1656 5189 1784 5236 ante
1812 5190 2049 5252 tempus,
2070 5182 2215 5252 quod

637 5278 693 5326 et
722 5270 1107 5328 bmreticorum
1140 5271 1240 5328 ﬁlii
1267 5272 1616 5345 proﬁtentur,
1643 5272 1897 5345 gignitur.

710 5451 903 5509 v.35.
950 5473 969 5507 ι
999 5452 1119 5510 Νοη
1175 5455 1462 5527 permittes
1517 5462 1768 5511 sanctum
1818 5462 1971 5508 tuum
2022 5452 2210 5510 videre

638 5545 1067 5617 corruptionem.
1101 5566 1121 5601 ι
1163 5546 1416 5604 Christus
1461 5544 1610 5601 enim
1653 5553 1900 5615 tempore
1941 5543 2211 5614 passionis

642 5836 802 5880 nens.

2244 5405 2291 5461 ι)

2308 4155 2598 4227 ὁμοουσίου
2628 4155 2929 4227 δυνάμενον
2963 4155 3241 4225 λέγεσθαι.
3276 4158 3490 4229 Ὠσπερ
3538 4160 3645 4230 γὰρ
3694 4162 3719 4212 ὁ
3748 4159 3841 4219 Tib;

2308 4249 2370 4303 οὐ
2414 4248 2573 4319 μόνον
2602 4248 2837 4319 κάθηται
2875 4250 2940 4302 ἐκ
2984 4248 3174 4315 δεξιῶν
3205 4249 3300 4303 τοῦ
3336 4250 3572 4321 Πατρὸς,
3601 4251 3726 4307 ἀλλὰ
3773 4252 3843 4302 καὶ

2310 4343 2375 4396 ἐκ
2422 4342 2613 4409 δεξιῶν
2647 4342 2883 4398 ἵσταται.
2938 4343 3079 4413 Φησὶ
3135 4342 3247 4414 γὰρ
3297 4344 3327 4396 ὁ
3380 4343 3669 4414 Στέφανος·
3701 4343 3843 4399 Εἶδον

2310 4434 2451 4501 τοὺς
2495 4434 2793 4502 οὐρανοὺς
2832 4434 3251 4505 ἀνεῳγμένους
3276 4452 3292 4467 ο
3326 4435 3472 4491 οὕτω
3502 4439 3597 4491 καὶ
3617 4438 3661 4490 ,6
3693 4435 3842 4503 Πατὴρ

2313 4525 2567 4580 ἵστασθαι
2596 4526 2672 4598 (l)
2727 4528 2793 4581 ἐκ
2822 4527 3016 4595 δεξιῶν
3065 4527 3291 4596 λέγεται
3329 4527 3424 4582 τοῦ
3459 4529 3610 4593 Υίοῦ,
3641 4528 3721 4581 ἵνα
3747 4527 3843 4597 μίαν

2312 4619 2475 4690 ἡμεῖς
2521 4618 2678 4685 ἀξίαν
2732 4618 2862 4673 Υἱοῦ
2921 4619 3018 4673 καὶ
3070 4620 3289 4693 Πατρὸς
3349 4620 3634 4694 μάθωμεν.
3670 4620 3841 4693 [που.

2311 4712 2505 4766 Anecd.
2540 4711 2705 4768 erc.
2731 4721 2772 4767 t.
2812 4710 2897 4778 Ill,
2919 4713 3149 4786 p.155.]

2389 4823 2408 4858 ι
2436 4804 2520 4869 Ὠς
2550 4805 2647 4859 καὶ
2692 4806 2751 4860 ἐν
2780 4804 2984 4877 ψαλμῷ
3028 4806 3343 4878 γέγραπται
3366 4822 3383 4838 ⁸
3416 4806 3547 4870 Υἱός
3575 4824 3672 4878 μου
3691 4799 3737 4857 εἴ
3776 4802 3840 4864 σὺ,

2314 4896 2426 4966 ἐγὼ
2472 4899 2714 4969 σήμερον
2772 4897 3085 4969 γεγέννηκά
3140 4915 3223 4952 σε.
3262 4916 3281 4950 ι
3318 4895 3505 4950 Ταῦτα
3526 4900 3588 4968 τῇ
3616 4894 3839 4964 ἐνανθρω-

2315 4991 2480 5059 πήσει
2512 4989 2606 5044 τοῦ
2651 4989 2894 5062 Χριστοῦ
2938 4989 3142 5061 πρέπει
3175 4989 3349 5062 δήπου
3401 4990 3472 5044 τὰ
3504 4990 3732 5061 ῥήματα,
3750 4988 3839 5056 ἦτις

2314 5081 2574 5155 χρονικήν
2627 5078 2745 5153 εἷχε
2789 5082 2891 5153 τὴν
2939 5081 3320 5153 ἐπιφοίτησιν.
3351 5082 3439 5136 Τὰ
3476 5083 3585 5153 γὰρ
3625 5080 3838 5149 σήμεμτ

2316 5175 2411 5229 καὶ
2440 5176 2651 5246 αὔριον
2698 5174 2926 5247 ἡμερῶν
2978 5175 3100 5227 ἐστι
3147 5175 3579 5246 παραστατικόν.
3620 5171 3838 5241 ’Δχρόνως

2315 5267 2424 5340 γὰρ
2469 5268 2621 5340 ’πιπιρδι
2672 5268 2767 5322 τοῦ
2822 5266 3037 5340 Πατρδς
3080 5265 3158 5330 ὡς
3206 5267 3304 5320 καὶ
3366 5266 3557 5329 παῖδες
3599 5258 3837 5333 αἱρετικῶί

2317 5360 2665 5431 ὁμολογοῦσι,
2698 5362 2968 5415 τίκτεται.
3002 5358 3213 5431 [κνοιρ.
3243 5358 3345 5412 loc.
3377 5358 3469 5411 cit.
3503 5353 3646 5426 175.]

2396 5470 2415 5505 ‹
2447 5454 2522 5506 Οὐ
2549 5451 2747 5516 δώσεις
2775 5451 2869 5505 τὸν
2912 5451 3060 5506 ὅσιόν
3095 5467 3191 5504 σου
3244 5450 3375 5503 ἰδεῖν
3405 5446 3708 5517 διαφθοράν.
3742 5462 3758 5495 ι
3796 5437 3839 5491 ’0

2316 5545 2426 5618 γὰρ
2455 5545 2693 5617 Χριστὸς
2740 5544 2883 5600 κατὰ
2914 5544 3007 5598 τὸν
3048 5542 3242 5611 καιρὸν
3276 5541 3373 5596 τοῦ
3403 5540 3601 5604 πάθους
3644 5538 3727 5591 καὶ
3766 5533 3839 5601 τὴν

712 5752 790 5823 (ι)
822 5754 1164 5812 "laruam.
1193 5752 1452 5812 Fortasse
1484 5751 1709 5826 respicit
1734 5751 1930 5813 Noster
1949 5752 2089 5825 psal.
2127 5767 2233 5823 ω,
2261 5754 2351 5824 3t,
2390 5756 2483 5828 qui
2514 5762 2599 5812 est
2619 5750 2995 5826 propheticus,
3021 5748 3088 5805 ad
3126 5746 3378 5805 Messiam
3409 5746 3467 5804 in
3495 5744 3673 5819 primis
3704 5735 3835 5815 perti-
