4040 6454
203 410 340 477 1389
1195 412 1655 475 FRAGMENTA
1701 411 1779 470 IN
1816 410 2057 470 EPIST.
2100 410 2162 471 S.
2194 410 2444 471 PETRI.

3329 414 3465 478 I390

197 528 378 600 ψυχὴν
421 527 619 583 ἑαυτοῦ
654 528 749 584 καὶ
781 528 839 583 τὸ
885 529 1044 598 σῶμα
1091 528 1261 599 χωρὶς
1294 527 1496 597 φθορᾶς
1550 525 1625 589 ὡς
1652 523 1785 586 Θεὸς

1909 538 2004 578 suae
2028 532 2083 578 et
2111 523 2346 579 animam
2387 540 2540 578 suam
2588 530 2642 579 et
2668 539 2865 595 corpus
2911 541 2939 579 a
2987 529 3357 598 corruptione,
3406 546 3465 586 ιιι
3579 566 3587 574 ι

198 619 543 691 διεφύλαξεν.
579 600 792 693 ιιγὸιε.
833 621 930 676 loc.
970 621 1059 674 cit.
1096 618 1244 691 177.]

1909 613 2064 683 Deus,
2104 614 2349 672 immune
2376 617 2743 672 conservavit.

526 957 1243 1049 FRAGMENTA
1342 957 1470 1044 IN
1580 953 2368 1045 EPISTOLAMI
2474 956 2568 1045 S.
2685 955 3144 1051 JAGOBI.

1303 1149 1493 1220 (Vorm,
1552 1151 1748 1205 Anecd.
1778 1150 1947 1207 Gra’c.
1980 1160 2020 1205 t.
2051 1148 2144 1213 III,
2177 1166 2229 1222 p.
2263 1151 2375 1222 58.)

293 1490 311 1522 ι
344 1468 615 1529 Ἕκαστος
659 1464 717 1518 δὲ
770 1459 1115 1533 πειράζεται,
1151 1460 1257 1513 ὑπὸ
1301 1460 1398 1530 τῆς
1437 1459 1570 1525 ἰδίας
1602 1460 1794 1515 ἐπιθυ-

215 1562 346 1634 μίας
372 1559 747 1630 ἐξελκόμενος.
788 1574 807 1609 ι
854 1555 1054 1618 Ὠδῖνες
1087 1553 1323 1608 Θανάτου
1358 1554 1413 1606 αί
1453 1553 1563 1605 τῶν
1614 1554 1796 1623 ἁμαρ-

210 1654 401 1708 τωλῶν
432 1650 716 1722 ἐπιθυμίαι
744 1647 1101 1718 τυγχάνουσι.

1909 1656 2080 1701 torum
2104 1657 2246 1701 sunt
2267 1645 2483 1701 dolores
2509 1642 2703 1703 mortis
2736 1649 2835 1720 (2).

294 1765 312 1797 ι
372 1743 799 1812 Κατακαυχᾶται
850 1740 1000 1803 ἔλεος
1063 1737 1322 1810 κρίσεως.
1386 1756 1405 1790 ι
1464 1738 1680 1810 ’Ὠσπερ
1738 1739 1800 1792 τὸ

1974 1738 2107 1808 Cap.
2141 1737 2208 1806 ΙΙ,
2252 1754 2304 1793 v.
2350 1737 2436 1793 15.
2476 1758 2493 1790 ι
2532 1737 2809 1794 Gloriatur
2861 1740 3236 1800 misericordia
3283 1756 3473 1802 contra

213 1836 397 1890 ἔλαιον
427 1831 815 1899 ἐξολισθαίνειν
845 1832 976 1895 τοὺς
1021 1830 1262 1902 ἀθλητὰς
1313 1830 1413 1893 τὰς
1461 1833 1651 1900 χεῖρας
1690 1830 1799 1884 τῶν

1909 1830 2185 1900 iudicium.
2219 1848 2237 1882 ι
2291 1830 2447 1885 Sicut
2493 1830 2674 1885 oleum
2709 1831 2872 1887 efﬁcit
2918 1842 2977 1888 ut
3016 1836 3233 1892 athletae
3275 1839 3475 1893 adver-

215 1927 512 1982 ἀντιδίκων
566 1927 732 1989 ποιεῖ,
762 1924 936 1988 οὕτως
984 1925 1017 1995 ἡ
1060 1922 1405 1994 ἐλεημοσύνη
1438 1923 1566 1986 τοὺς
1594 1921 1800 1989 ταύτης

1909 1921 2175 1977 sariorum
2206 1935 2431 1976 suorum
2465 1921 2719 1976 manibus
2750 1922 3070 1989 elabantur;
3118 1923 3190 1978 ita
3233 1924 3475 1980 eleemo-

216 2014 596 2084 ἀσκουμένους
624 2013 894 2067 ἐκκλίνειν
927 2014 1022 2067 καὶ
1064 2011 1401 2082 ἀποφεύγειν
1446 2010 1802 2080 παρασκευά-

1909 2027 2163 2083 synarum
2201 2012 2419 2084 largitio
2447 2012 2633 2079 efﬁcit,
2668 2023 2748 2078 ut,
2775 2014 2868 2084 qui
2894 2013 2970 2068 illi
2989 2014 3228 2082 student,
3266 2014 3475 2071 daamo—

216 2107 306 2171 ζει
329 2107 457 2170 τοὺς
493 2106 779 2176 δαίμονας.

1909 2119 2005 2159 nes
2031 2104 2293 2176 effugiant
2322 2114 2376 2160 et
2415 2106 2641 2161 evitent.

299 2217 316 2250 ι
355 2198 465 2270 Τὴν
489 2198 546 2252 δὲ
572 2197 822 2266 γλῶσσαν
847 2194 1043 2260 οὐδείς.
1080 2213 1099 2247 ι
1142 2194 1415 2266 Καθάπερ
1451 2195 1561 2264 γάρ
1596 2197 1629 2267 ἡ
1662 2197 1803 2268 ῥομ-

1975 2194 2109 2265 Cap.
2152 2196 2258 2259 Ill,
2308 2211 2360 2251 v.
2408 2197 2461 2250 8.
2505 2197 2805 2266 «Linguam
2854 2212 2984 2252 vero
3031 2213 3214 2255 nemo.
3246 2218 3265 2252 ι
3325 2200 3479 2259 Sicut

230 2291 372 2359 φαία
398 2290 720 2360 ἐτοιμοτέρα
746 2287 882 2360 πρὸς
911 2287 1106 2359 τομὴν,
1162 2285 1228 2340 ἂν
1255 2287 1522 2359 ἀκονηθῇ,
1551 2289 1645 2341 καὶ
1683 2290 1805 2357 ὀξυ-

1909 2287 2053 2341 enim
2083 2287 2313 2359 gladius,
2344 2287 2388 2342 si
2423 2302 2681 2354 acualur,
2712 2289 2778 2343 ad
2808 2290 3126 2346 czedendum
3172 2293 3350 2362 aptior
3374 2336 3388 2359 ,
3423 2304 3479 2348 et

214 2384 356 2454 τέρα
416 2383 553 2453 προς
618 2380 901 2452 ἀναίρεσιν
972 2380 1231 2449 γίνεται,
1285 2378 1459 2444 οὕτως
1506 2382 1540 2450 ἡ
1587 2379 1805 2449 γλῶσσα

1909 2379 1971 2433 ad
2001 2380 2356 2435 occidendum
2388 2381 2594 2436 acutior
2641 2382 2884 2437 redditur
2913 2401 2927 2437 :
2964 2385 3035 2438 ita
3076 2385 3257 2456 lingua
3285 2428 3300 2452 ,
3354 2403 3475 2457 qua:

214 2472 509 2545 δυσχερὴς,
528 2472 624 2527 καὶ
651 2471 775 2526 καθ’
802 2471 1003 2544 ἑαυτὴν
1030 2473 1109 2536 εἰς
1129 2471 1190 2525 τὸ
1216 2472 1443 2542 ἠρεμεῖν
1462 2473 1805 2544 τυγχάνουσαι

1909 2486 2006 2542 per
2033 2487 2092 2527 sc
2122 2471 2412 2527 difﬁculter
2462 2473 2517 2526 in
2559 2473 2743 2542 quiete
2772 2475 3085 2529 continetur
3108 2516 3122 2541 ,
3179 2492 3283 2533 nec
3321 2478 3477 2534 facile

217 2567 321 2619 καὶ
364 2564 751 2632 δυσκάθεκτος,
806 2564 929 2618 τότε
983 2564 1343 2636 χαλεπωτέρα
1393 2563 1635 2632 γίνεται,
1677 2565 1804 2619 ὅταν

219 2658 379 2731 παρὰ
410 2657 517 2710 τῶν
562 2656 821 2728 πονηρῶν
865 2657 1224 2726 συκοφαντεῖν
1258 2655 1357 2710 καὶ
1395 2654 1661 2727 λοιδορεῖν
1712 2660 1807 2711 καὶ

216 2749 533 2804 διαϐάλλειν
567 2748 837 2820 ἐθίζηται.

308 2862 327 2896 ι
368 2841 759 2912 Ταπεινώθητε
790 2840 1022 2896 ἐνώπιον
1051 2840 1146 2894 τοῦ
1177 2841 1407 2912 Κυρίου.
1456 2860 1474 2891 ι
1514 2842 1807 2911 Μακάριον

217 2933 461 2989 ἐνώπιον
490 2932 627 2988 Θεοῦ
670 2932 1082 2988 ταπεινοῦσθαι.
1131 2932 1273 3003 Φησὶ
1315 2932 1425 3004 γὰρ
1453 2935 1482 2986 ὁ
1530 2933 1806 2997 Ἰάκωϐος·

226 3024 639 3093 Ταπεινώθητε
661 3024 920 3078 ἐνώπιον
948 3023 1193 3091 Κυρίου,
1216 3023 1315 3077 καὶ
1354 3024 1589 3093 ὑψώσει
1634 3024 1807 3094 ὑμᾶς.

1970 1460 2103 1531 Cap.
2143 1461 2184 1527 Ι,
2228 1460 2403 1515 ν.14.
2461 1481 2479 1514 ι
2522 1460 2911 1534 Unusquisque
2965 1479 3093 1521 vero
3146 1476 3385 1523 tentatur
3438 1486 3469 1525 a

1900 1553 2348 1624 concupiscentia
2374 1569 2471 1608 sua
2496 1555 2823 1611 abstractus.
2862 1576 2881 1609 ι
2913 1558 3250 1629 Cupiditates
3276 1576 3473 1632 pecca-

1907 2564 2149 2618 coerceri
2168 2572 2369 2634 potest,
2392 2563 2712 2618 insolentior
2743 2566 2944 2633 evadit,
2973 2568 3070 2622 sia
3095 2568 3252 2624 malis
3270 2568 3478 2636 fallere,

1907 2654 2230 2710 calumniari
2259 2664 2315 2711 et
2349 2654 2626 2711 criminari
2658 2655 2855 2711 discat.

1978 2832 2106 2903 Cap.
2145 2832 2234 2901 ιν,
2281 2851 2332 2889 v.
2381 2833 2465 2889 10.
2509 2854 2527 2887 ι
2559 2834 2936 2905 Subjiciamini
2966 2852 3144 2893 coram
3172 2838 3420 2895 Domino.
3455 2861 3474 2894 ι

1910 2927 2071 2981 Beata
2107 2941 2214 2990 res,
2258 2941 2442 2981 coram
2465 2926 2576 2980 Deo
2606 2926 2903 2982 humiliari.
2929 2927 3165 2985 Jacobus
3195 2932 3341 2987 enim
3369 2935 3480 2990 ait:

1908 3011 2211 3067 Humilietis
2228 3029 2313 3067 vos
2327 3030 2505 3067 coram
2518 3013 2761 3073 Domino.
2781 3026 2827 3069 et
2849 3018 3105 3073 exaltabit
3125 3037 3230 3074 vos.
3254 3022 3482 3088 Quando

224 3118 404 3172 Ὅταν
448 3118 629 3173 τοίνυν
663 3116 808 3171 οὕτω
849 3116 1299 3187 ταπεινωθῶμεν,
1333 3116 1434 3170 κᾶν
1467 3117 1571 3170 ὑπὸ
1596 3115 1807 3186 ἀνθρώ-

1909 3102 2092 3174 itaque
2123 3104 2201 3160 sic
2229 3105 2465 3161 humiles
2500 3107 2812 3175 reddimur,
2846 3109 3058 3165 etiamsi
3082 3128 3113 3167 a
3142 3113 3483 3172 daemonibus

222 3226 352 3264 πων
384 3209 685 3280 μισούντων
739 3207 841 3271 τὰς
879 3207 1081 3279 ἀρετὰς
1136 3206 1559 3278 πολεμηθῶμεν,
1610 3206 1803 3277 ἔχομεν

1914 3207 2196 3253 struantur
2220 3197 2455 3263 insidiae,
2487 3200 2700 3254 etiamsi
2732 3201 2800 3256 ab
2849 3202 3164 3259 hominibus
3221 3207 3483 3263 virtutum

222 3302 325 3355 τὸν
353 3301 485 3354 Θεὸν
540 3299 946 3371 ἐξαιρούμενον,
985 3298 1146 3369 μόνον
1194 3298 1280 3351 ἵνα
1327 3298 1420 3351 τοῦ
1445 3300 1610 3369 νόμου
1637 3299 1805 3351 αὐτοῦ

230 3393 315 3465 μὴ
338 3390 743 3463 ἐπιλαθώμεθα,
782 3388 917 3461 μηδὲ
947 3387 1321 3458 ἀποκακῶμεν
1349 3390 1405 3442 ἐν
1433 3391 1554 3452 ταῖς
1572 3388 1803 3459 θλίψεσι.

225 3483 372 3556 Φησὶ
400 3485 510 3555 γὰρ
545 3485 574 3537 ὁ
620 3481 784 3536 Δαϐίδ
805 3496 821 3513 ο
858 3480 979 3534 Ἴδε
1009 3479 1122 3548 τὴν
1150 3480 1514 3534 ταπείνωσιν
1534 3497 1675 3550 μου,
1708 3481 1809 3535 καὶ

224 3575 453 3642 ἐξελοῦ
498 3593 597 3647 με,
643 3574 733 3629 ὅτι
768 3573 874 3628 τοῦ
899 3573 1087 3643 νόμου
1111 3588 1228 3627 σου
1266 3574 1377 3627 οὐκ
1406 3573 1806 3643 ἐπελαθόμην.

316 3772 335 3807 ι
363 3755 502 3825 Ἀγε
528 3752 645 3819 νῦν,
672 3753 723 3806 οί
751 3748 1019 3804 πλούσιοι.
1046 3766 1064 3799 ι
1099 3747 1363 3819 Προλέγει
1386 3750 1485 3818 τὴν
1510 3745 1803 3818 τιμωρίαν,

228 3848 327 3900 διὰ
354 3844 788 3916 φιλανθρωπίαν,
835 3838 924 3892 ἵνα
955 3838 1391 3910 μετανοήσαντες
1431 3837 1536 3902 ἔξω
1564 3838 1808 3905 γένοιντο

228 3935 347 3992 τῶν
375 3937 803 4008 ἀπειλουμένων.
1792 3930 1795 3933 ’

1913 3290 2164 3345 osoribus
2192 3304 2571 3361 oppugnemur
2595 3332 2609 3356 ,
2646 3291 2817 3347 Deum
2853 3302 3035 3349 tamen
3070 3296 3335 3354 habemus
3382 3317 3483 3355 nos

1914 3381 2263 3444 exaltantem,
2292 3382 2455 3437 modo
2482 3382 2617 3454 legis
2642 3384 2760 3453 ejus
2793 3400 2902 3439 non
2941 3387 3348 3455 obliviscamur,
3381 3408 3484 3446 ne-

1913 3487 2020 3541 que
2050 3471 2105 3525 in
2135 3471 2537 3527 calamitatibus
2563 3474 2996 3545 languescamus.
3029 3477 3194 3533 David
3227 3481 3369 3535 enim
3398 3482 3485 3536 in-

1914 3563 2030 3633 quit
2057 3584 2069 3619 :
2103 3563 2228 3618 Vide
2259 3564 2602 3634 dejectionem
2658 3558 2830 3620 meam
2855 3607 2870 3632 ,
2905 3578 2954 3621 et
2987 3568 3150 3625 libera
3186 3589 3267 3627 me
3289 3613 3304 3639 ,
3358 3578 3483 3645 quia

1915 3654 2039 3725 legis
2073 3662 2177 3707 tua:
2206 3670 2309 3707 non
2334 3670 2449 3708 sum
2481 3654 2673 3709 oblitus
2702 3656 2740 3710 ¹.
3273 3725 3277 3730 ⁸

1983 3744 2117 3815 Cap.
2153 3744 2215 3809 V,
2247 3761 2300 3799 v.
2337 3744 2388 3797 1.
2435 3761 2453 3795 ι
2477 3743 2633 3815 Agite
2672 3744 2875 3813 itaque,
2906 3761 2940 3802 ο
2978 3748 3193 3805 divites.
3228 3770 3245 3804 ι
3279 3752 3484 3809 Praedi-

1913 3836 2241 3906 citpwnam,
2269 3851 2455 3890 amore
2488 3836 2774 3893 hominum
2807 3838 3027 3908 ductus,
3052 3852 3132 3911 ut,
3165 3848 3484 3915 poenitentia

1914 3935 2052 3991 acta,
2083 3926 2241 3981 liberi
2272 3927 2569 3981 evaderent
2612 3944 2640 3981 a
2681 3929 2836 3984 malis
2880 3932 3342 4002 impendentibus.

311 4074 331 4107 ι
359 4070 505 4129 Psal.
527 4087 713 4141 cxvnr,
750 4073 871 4129 155.

3108 4241 3420 4254 Mm

518 4402 1340 4494 FRAGMENTUM
1449 4402 1575 4489 IN
1683 4397 2350 4489 EPISTOLAM
2459 4404 2492 4489 I
2600 4401 2693 4491 S.
2804 4403 3199 4492 PETRI.

313 4749 332 4784 ι
356 4731 416 4784 Ὀ
440 4727 548 4801 γὰρ
596 4726 766 4782 θέλων
796 4726 941 4798 ζωὴν
983 4728 1224 4800 ἀγαπᾷν.
1266 4746 1285 4780 ι
1316 4729 1394 4800 (5)
1456 4728 1721 4783 Ἐνταῦθα
1751 4731 1805 4783 τὸ

1980 4732 2113 4799 Cap.
2147 4729 2240 4794 Ill,
2273 4748 2324 4784 v.
2359 4730 2442 4785 ΙΟ.
2475 4747 2492 4781 ι
2519 4728 2621 4796 Qui
2648 4732 2794 4786 enim
2836 4730 3001 4785 vitam
3039 4732 3153 4787 vult
3188 4732 3431 4803 diligere.
3462 4754 3479 4786 ι

230 4824 374 4891 Τὶς;
401 4824 501 4895 οὐχ
527 4822 604 4888 ὡς
633 4820 969 4894 ἀποροῦντος
997 4821 1092 4876 τοῦ
1121 4822 1410 4893 προφήτου
1441 4825 1639 4887 κεῖται,
1669 4821 1805 4875 ἀλλὰ

1917 4821 2032 4875 Vox
2068 4820 2239 4885 Quis?
2277 4821 2379 4877 hoc
2410 4821 2530 4876 loco
2573 4836 2682 4876 non
2722 4833 2805 4878 est
2847 4823 3127 4893 prophetae
3162 4824 3484 4892 dubitantis,

226 4918 652 4990 μακαρίζοντος,
689 4915 784 4971 καὶ
819 4915 1019 4986 μᾶλλον
1058 4916 1482 4989 προτρέποντος,
1526 4915 1659 4979 ἴσως
1712 4916 1805 4969 καὶ

1913 4912 2006 4965 sed
2036 4910 2245 4965 felicem
2274 4911 2647 4981 pmdicantis,
2679 4914 2763 4967 vel
2804 4913 2985 4983 potius
3018 4914 3327 4980 excitantis,
3370 4917 3486 4972 for-

222 5008 586 5080 ἀποροῦντος.
628 5009 691 5061 Οί
742 5006 851 5080 γὰρ
898 5007 1084 5062 πολλοὶ
1127 5008 1188 5061 οὑ
1245 5007 1460 5061 θέλουσι
1512 5008 1609 5080 τὴν
1638 5008 1805 5071 ὅντως

1916 5010 2058 5058 tasSe
2093 5010 2273 5057 tamen
2310 5002 2475 5057 etiam
2529 5003 2848 5059 dubitantis.
2880 5004 3132 5075 Plerique
3182 5009 3327 5062 enim
3376 5025 3484 5064 non

222 5102 382 5173 ζωὴν
435 5100 539 5154 ὑπὸ
567 5101 667 5171 τῆς
716 5099 812 5154 τοῦ
869 5099 1208 5172 προσκαίρου
1254 5097 1656 5169 δελεαζόμενοι,
1681 5098 1804 5151 οὐδὲ

1912 5104 2098 5150 amant
2134 5094 2303 5151 vitam
2344 5110 2471 5150 vere
2499 5096 2684 5161 talem,
2712 5097 2936 5153 inescati
2968 5100 3174 5154 scilicet
3202 5116 3231 5154 a
3260 5109 3489 5157 temera-

225 5194 364 5247 ἰδεῖν
393 5194 685 5265 ἀγαπῶσιν
736 5194 954 5266 ἡμέρας
1003 5194 1217 5263 ἀγαθὰς
1244 5194 1344 5257 τὰς
1375 5193 1472 5247 τοῦ
1526 5192 1805 5264 μέλλοντος

1909 5188 1988 5240 ria
2019 5186 2141 5251 ista,
2174 5202 2352 5257 neque
2403 5185 2590 5243 videre
2638 5188 2955 5245 desiderant
2991 5191 3108 5247 dies
3150 5192 3336 5249 felices
3364 5196 3486 5248 vitzc

219 5288 299 5357 τῇ
329 5285 467 5339 κατά
497 5288 588 5340 τὸν
609 5288 855 5358 παρόντα
885 5287 998 5357 βίον
1019 5286 1291 5358 εὐημερίᾳ
1322 5286 1701 5356 προσέχοντες.

1912 5277 2290 5343 imminentis,
2346 5281 2722 5350 tranquillitati
2758 5284 3044 5352 prmsentis
3095 5285 3221 5341 vitae
3276 5294 3487 5341 tantum

1912 5374 2128 5430 intenti.

304 5509 381 5580 (‘2)
442 5508 539 5564 Est
590 5509 680 5563 ille
708 5509 897 5581 procul
947 5508 1112 5564 dubio
1158 5506 1480 5581 Hesychius,
1526 5505 1806 5581 presbyter

223 5576 779 5651 Hierosolymitanus,
800 5580 1040 5651 scriptor
1058 5579 1242 5651 saeculi
1267 5576 1320 5642 ν,
1353 5577 1511 5651 cujus
1547 5576 1807 5646 frequens

223 5660 318 5708 est
348 5652 401 5705 in
432 5648 653 5707 catenis
697 5648 984 5722 speciatim
1029 5649 1083 5702 in
1115 5648 1378 5722 Psalmos,
1409 5648 1465 5701 in
1491 5661 1628 5716 quos
1654 5661 1807 5700 com-

225 5722 534 5779 mentarius
556 5722 675 5791 ejus
710 5719 840 5777 mss.
869 5736 937 5775 ex
968 5728 1120 5791 parte
1155 5719 1296 5791 apud
1324 5732 1410 5791 me
1436 5725 1631 5777 exstat.
1656 5731 1809 5791 men-

226 5795 331 5847 tio.
370 5792 532 5846 Forte
571 5787 805 5860 sequens
824 5787 1115 5860 explicatio
1155 5791 1221 5843 ad
1253 5787 1526 5860 Psalmum
1572 5803 1705 5860 ιινιι,
1753 5788 1806 5860 5,

229 5864 304 5919 ab
326 5878 392 5918 eo
414 5864 575 5919 allata
606 5858 728 5921 fuit.
759 5863 818 5918 In
848 5858 1091 5918 Corderii
1124 5869 1305 5914 tamen
1339 5859 1540 5912 Catena
1572 5858 1624 5910 in
1661 5858 1809 5912 Psal-

1906 5526 2188 5586 mos,_qu:,e
2211 5522 2409 5579 exstat,
2434 5512 2633 5569 frustra
2656 5517 2879 5585 quaesivi
2905 5520 3046 5584 quod
3078 5519 3215 5573 etde
3236 5517 3481 5586 reliquis,

1905 5597 2025 5655 qua}
2053 5584 2140 5655 hic
2170 5594 2491 5655 sequuntur,
2522 5584 2841 5655 fragmentis
2872 5589 3075 5643 dictum
3110 5600 3211 5645 est.
3352 5584 3365 5586 ἡ
3402 5624 3405 5631 ι

1981 5653 2056 5721 (ὅ)
2079 5653 2259 5709 Locus
2281 5656 2367 5709 hic
2387 5653 2637 5724 Ilesychii
2667 5660 2854 5725 procul
2887 5659 3051 5713 dubio
3078 5677 3141 5713 ex
3172 5661 3482 5715 Comment.

1907 5724 2114 5800 (iusin
2145 5725 2385 5800 Psalmos
2413 5724 2865 5800 petitus__est,i_1bi
2904 5745 3089 5789 χχχιιι.
3122 5732 3187 5785 15
3245 5733 3441 5800 legitur
3470 5750 3480 5783 :

1908 5795 2005 5868 Τίς
2035 5797 2182 5868 ἐστιν
2212 5795 2495 5868 ἄνθρωπος
2524 5798 2551 5848 ὁ
2580 5796 2750 5849 θέλων
2772 5797 2948 5868 ζωήν;
2986 5800 3040 5864 In
3066 5802 3266 5864 Catena
3300 5795 3481 5859 tamen

1908 5865 2238 5919 Corderiana
2281 5868 2334 5918 in
2373 5865 2611 5923 Psallttos
2650 5882 2759 5922 non
2796 5865 3013 5939 legitur.
