4040 6402
247 451 385 519 1393

1614 455 2132 527 QU.-ESTIONES.

3373 450 3507 517 139i

256 563 460 629 Ἰησοῦ
494 562 770 631 Χριστοῦ.
816 564 971 619 Ἰδοὺ
1022 564 1136 633 ἐγὼ
1167 563 1548 630 ἀποστέλλωῖ
1576 564 1683 618 τὸν
1714 564 1819 634 ἄν·

1924 564 2199 635 Evangelii
2263 564 2386 619 Jesu
2428 564 2648 619 Christi.
2721 562 2852 618 Ecce
2908 579 3000 634 ego
3056 563 3206 615 mitto
3265 562 3512 630 angelum

239 657 423 724 γελόν
444 670 564 723 μου
595 653 710 721 πρὸ
744 653 1071 720 προσώπου
1102 669 1240 718 σου,
1271 655 1334 721 ὃς
1368 654 1815 709 κατασκευάσει

238 747 357 814 τὴν
389 744 534 800 ὀδόν
563 758 680 799 σου
718 744 1059 813 ἔμπροσθέν
1096 761 1214 799 σου
1246 762 1259 774 ο
1295 746 1375 812 ὡς
1406 745 1724 815 γέγραπται
1749 746 1821 799 ἐν

254 838 465 905 Ἡσαΐᾳ
516 836 792 906 προφήτῃ
821 854 834 867 ⁸
872 836 1042 902 Φωνὴ
1073 835 1346 903 ,ϐοῶντος
1391 837 1463 891 ἐν
1498 837 1573 906 τῇ
1599 837 1816 906 ἐρήμῳ.

246 931 411 993 Ἐθος
435 930 542 1001 γὰρ
568 932 678 991 τοῖς
702 929 1101 999 συγγραφεῦσι,
1134 931 1245 993 τοῖς
1265 928 1594 1000 ὑπερδατοίς
1624 928 1822 998 κεχρῆ-

244 1023 394 1085 σθαι,
432 1022 489 1074 ἐν
526 1038 584 1074 τε
616 1022 852 1091 νοήμασι
907 1020 1002 1074 καὶ
1052 1020 1263 1085 λέξεσιν
1294 1037 1305 1048 ·
1346 1022 1422 1083 ὡς
1454 1023 1510 1073 ὲν
1534 1024 1601 1091 τῇ
1628 1020 1821 1092 πρώτῃ

240 1115 343 1184 τῆς
377 1113 619 1174 Παλαιᾶς
650 1112 817 1184 βίϐλῳ
844 1154 859 1179 ,
900 1116 967 1185 τῇ
999 1112 1215 1167 Γενέσει
1244 1112 1408 1181 λέγω,
1442 1114 1579 1182 μετὰ
1600 1112 1698 1182 τὴν
1728 1111 1823 1166 τοῦ

254 1208 430 1277 Ἀδὰμ
483 1207 853 1277 κατασκευὴν,
884 1207 977 1259 καὶ
1022 1207 1122 1276 τὴν
1158 1204 1266 1258 τῶν
1306 1205 1519 1275 κτηνῶν
1566 1205 1825 1276 δημιουρ-

243 1299 395 1366 γίαν,
421 1300 454 1368 ἡ
492 1297 591 1367 τῆς
624 1295 767 1360 Εὔας
794 1296 1101 1368 παραγωγὴ
1124 1297 1544 1367 μνημονεύεται,
1575 1295 1821 1363 καίτοιγε

242 1391 451 1454 εὐθέως
490 1390 628 1461 μετὰ
655 1390 745 1444 τὸν
790 1389 959 1461 Ἀδὰμ
995 1390 1052 1456 ἐξ
1103 1389 1267 1444 αὐτοῦ
1302 1387 1821 1461 δημιουργηθείσης.

242 1485 360 1537 Καὶ
394 1485 449 1537 ἐν
485 1483 561 1553 τῷ
622 1482 700 1547 ξα’
760 1482 964 1553 ψαλμῷ
1017 1483 1140 1536 καθ’
1173 1482 1478 1555 ύπερὸατὸν
1531 1485 1706 1537 κεῖται
1740 1482 1822 1545 τὸ,

244 1573 407 1640 Ἕως
448 1576 592 1628 πότε
624 1576 968 1630 ἐπιτίθεσθε
1007 1575 1099 1627 ἐπ’
1134 1573 1449 1643 ἄνθρωπον
1475 1590 1494 1639 ;
1523 1575 1824 1629 Φωνεύετε

242 1667 472 1732 πάντες
528 1667 718 1736 ὑμεῖς,
747 1667 827 1733 ὡς
858 1669 1039 1736 τοίχῳ
1068 1667 1399 1737 κεκλιμένῳ
1443 1666 1542 1719 καὶ
1574 1666 1823 1735 sepapr

240 1758 528 1827 ὠσμένῳ;
562 1760 718 1823 Ποῖος
759 1761 868 1830 γὰρ
904 1762 1082 1829 τοῖχος
1124 1759 1408 1828 φονεύεται
1444 1777 1459 1823 ;
1490 1757 1678 1823 Οῦτως
1714 1757 1824 1830 γὰρ

243 1851 353 1922 χρὴ
382 1853 520 1905 νοεῖν
547 1868 561 1882 ·
592 1852 746 1917 ’Ἕως
781 1854 927 1906 πότε
972 1852 1308 1906 ἐπιτίθεσθε
1354 1850 1446 1904 ἐπ’
1486 1851 1821 1920 ἄνθρωπον,

1928 672 2099 709 meum
2135 664 2259 709 ante
2297 655 2487 726 faciem
2524 663 2694 720 tuam,
2724 655 2814 724 qui
2843 654 3164 723 prmparabit
3189 652 3327 706 viam
3364 662 3515 704 tuam

1927 757 2050 801 ante
2082 756 2130 801 te
2173 747 2347 801 :sicut
2386 748 2641 818 scriptum
2679 758 2753 803 est
2785 749 2840 801 in
2873 747 3022 801 Isaia
3058 744 3309 815 propheta
3339 756 3357 796 :
3402 740 3503 795 Vos

1928 840 2208 895 clamantis
2249 842 2302 893 in
2329 842 2530 895 deserto
2558 841 2599 894 ⁸.
2634 840 2822 897 Solent
2845 840 2995 896 enim
3027 847 3279 894 auctores
3314 836 3507 907 hyper-

1928 933 2071 989 batis
2098 934 2197 999 uti,
2232 942 2347 989 tum
2374 933 2427 987 in
2468 933 2664 997 sensis,
2697 944 2809 989 tum
2838 935 2893 988 in
2921 932 3126 994 verbis.
3157 930 3507 1001 quemadmo-

1930 1026 2063 1081 dum
2105 1024 2160 1079 in
2206 1027 2384 1096 primo
2434 1024 2643 1082 Veteris
2687 1025 3025 1081 Testamenti
3086 1023 3254 1088 libro,
3308 1019 3523 1077 Genesi.

1931 1118 2193 1187 inquam,
2250 1126 2373 1189 post
2424 1118 2553 1172 Adae
2610 1118 3029 1180 formationem,
3082 1125 3137 1171 et
3189 1113 3510 1171 animalium

1930 1210 2287 1274 creationem,
2347 1210 2472 1266 Eva:
2520 1211 2804 1281 productio
2862 1218 3227 1271 memoratur;
3293 1205 3510 1262 tametsi

1931 1302 2151 1359 condita
2207 1302 2373 1357 fuerit
2421 1320 2485 1358 ex
2529 1302 2738 1359 Adamo
2784 1302 2967 1357 statim
3015 1310 3139 1372 post
3188 1316 3313 1355 eum
3362 1299 3413 1363 δς
3455 1306 3510 1352 et

1930 1396 2141 1466 psalmo
2208 1413 2295 1451 ιιι
2363 1397 2554 1451 eadem
2624 1396 2905 1467 hyperbati
2985 1394 3155 1466 ﬁgura
3229 1393 3503 1463 ponitur:

1933 1488 2214 1558 Quousque
2262 1488 2466 1541 irruitis
2502 1488 2559 1541 in
2605 1489 2901 1543 hominem?
2944 1487 3235 1557 interﬁcitis
3279 1484 3509 1540 universi

1930 1595 2039 1643 vos,
2072 1588 2325 1649 tanquam
2356 1579 2553 1648 parieti
2578 1580 2831 1633 inclinato
2863 1589 2911 1634 et
2936 1579 3177 1632 maceria:
3206 1575 3435 1645 depulsa:
3457 1568 3509 1625 ’ἲ

1929 1670 2064 1736 Quis
2088 1670 2235 1725 enim
2266 1670 2451 1740 paries
2482 1670 2847 1726 interficitur?
2876 1671 2967 1725 Sic
2996 1680 3177 1726 autem
3206 1669 3509 1739 intelligen-

1931 1763 2059 1816 dum
2108 1770 2236 1817 est:
2268 1746 2544 1830 Quousque
2585 1763 2789 1815 irruitis
2831 1763 2884 1815 in
2916 1762 3195 1827 hominem,
3251 1768 3507 1829 tanquam

1931 1853 2125 1922 parieti
2174 1852 2427 1906 inclinato
2483 1862 2531 1907 et
2578 1854 2824 1910 maceriae
2871 1851 3141 1921 depulste?
3184 1848 3381 1904 deinde
3427 1848 3509 1901 sic

242 1945 325 2009 ὡς
358 1946 539 2014 τοίχῳ
591 1945 925 2013 κεκλιμένῳ
968 1944 1065 2000 καὶ
1122 1943 1368 2013 φραγεμῷ
1412 1942 1698 2012 (bouem);
1723 1937 1821 1996 εἷθ’

1930 1945 2062 2000 illud
2101 1962 2114 1998 :
2144 1945 2446 2014 Interﬁcitis
2480 1946 2706 1999 universi
2732 1962 2840 2000 vos.
2873 1942 2971 1999 Hic
3023 1957 3186 2013 porro
3223 1941 3365 1996 circa
3407 1940 3505 2012 hy-

240 2038 416 2102 οὕτως
447 2038 527 2104 τὸ,
562 2039 847 2092 Φονεὺετε
883 2037 1106 2103 πάντες
1146 2037 1333 2105 ὑμεῖς.
1365 2035 1535 2089 Τοῦτο
1559 2035 1615 2088 δὲ
1640 2035 1700 2087 τὸ
1730 2036 1825 2089 ἐπὶ

243 2132 360 2193 τοῖς
386 2130 715 2200 ύπερϐατοῖς
744 2129 865 2194 ἔθος
898 2129 993 2182 καλ⁵
1022 2131 1136 2193 τοῖς
1158 2128 1365 2191 λοιποῖς
1396 2126 1654 2195 ἀσαφέσι,
1684 2127 1824 2181 κατὰ

241 2220 340 2274 δύο
369 2222 600 2293 τρόπους
640 2224 755 2285 τοῖς
785 2220 1194 2290 συγγραφεῦσιν
1225 2218 1530 2290 ἐμφέρεται
1557 2232 1570 2247 ⁸
1606 2219 1823 2289 πρῶτον

247 2313 350 2381 μὲν
406 2313 686 2377 συντονίας
740 2312 1228 2382 ὲπιμελουμένοιςυ
1262 2309 1452 2364 ἔπειτα
1493 2310 1551 2364 δὲ
1592 2310 1730 2380 πρὸς
1760 2310 1820 2362 τὸ

242 2406 393 2474 ἡμᾶς
428 2404 503 2473 μὴ
533 2405 753 2475 ἀπόρως
787 2404 861 2475 (3)
892 2404 991 2475 τὴν
1034 2404 1234 2472 γνῶσιν
1277 2404 1374 2475 τῆς
1407 2402 1556 2465 Θείας
1597 2402 1820 2472 Γραφῆς

250 2497 579 2564 κτήσασθαι,
644 2496 780 2550 ἀλλὰ
813 2497 879 2550 δι’
906 2497 1133 2568 ἐρεύνης
1163 2498 1257 2551 καὶ
1281 2496 1655 2567 ψηλαφήσεως
1689 2495 1821 2550 πολ-

244 2587 364 2657 λῆς,
401 2584 541 2640 ὥστε
601 2586 677 2661 μὴ
731 2586 988 2657 γενέσθαι
1050 2587 1254 2659 ταύτην
1312 2589 1455 2659 ἡμῖν
1505 2585 1820 2642 εὐαπόπτυ-

244 2695 395 2732 στον.

908 2772 1158 2841 Ἀπορία.

322 2860 443 2923 Πῶς
487 2861 783 2933 ἐρωτηθεὶς
830 2863 1080 2934 Ἰωάννης
1106 2866 1133 2916 ὁ
1160 2864 1465 2934 βαπτιστὴς
1509 2864 1662 2936 παρὰ
1711 2864 1822 2919 τῶν

243 2951 559 3021 Φαρισαίων
589 2968 601 2982 ·
655 2953 863 3019 Ἠλίας
894 2949 1166 3015 sini-irai:
1194 2955 1294 3021 (4),
1333 2954 1415 3009 Οὔ
1449 2970 1461 2983 ⁸
1498 2954 1677 3009 καίτοι
1727 2954 1821 3007 τοῦ

245 3043 487 3111 Χριστοῦ
514 3042 798 3114 εἰρηκότοξ
832 3045 961 3117 περὶ
991 3045 1154 3100 αὑτοῦ
1182 3049 1404 3113 Ἀὐτός
1421 3046 1593 3101 ἐστιν
1617 3048 1824 3114 Ἠλίας

246 3136 284 3187 ό
301 3133 545 3202 μέλλων
576 3134 889 3205 ἕρχεσθαι;

324 3315 345 3346 ³
374 3314 474 3369 lsa.
509 3330 595 3378 XL,
627 3317 679 3372 5.
754 3316 778 3349 ⁸
804 3316 943 3374 Gen.
972 3332 1011 3384 ι,
1051 3316 1155 3383 27;
1196 3332 1252 3381 ιι,
1284 3317 1369 3384 19,
1411 3317 1503 3372 21.
1578 3321 1599 3353 ⁸
1626 3316 1769 3373 i’sal.
1806 3333 1821 3373 ι

1945 3317 1996 3371 4.
2074 3320 2093 3348 ⁶
2118 3318 2279 3373 Joan.
2314 3335 2350 3381 ι,
2380 3318 2471 3373 2|.

1932 2036 2157 2107 perhata
2187 2052 2305 2091 mos
2342 2051 2467 2092 eum
2497 2036 2724 2107 reliquis
2746 2036 3016 2101 obscuris,
3047 2033 3258 2089 duabus
3283 2032 3351 2087 de
3376 2047 3507 2087 cau-

1931 2129 2006 2189 sis
2045 2142 2139 2196 per
2186 2128 2482 2198 scriptores
2512 2138 2839 2199 usurpatur;
2892 2127 3070 2199 primo
3109 2125 3330 2197 quidem
3374 2123 3507 2178 dum

1930 2237 2117 2275 curam
2158 2221 2360 2276 habent
2397 2222 2785 2288 contentionis,
2828 2222 2956 2277 dein
3002 2236 3133 2277 vero
3183 2235 3253 2274 ne
3300 2218 3508 2287 absque

1927 2313 2244 2369 difﬁcultate
2293 2315 2661 2387 cognitionem
2722 2329 2891 2371 sacra:
2958 2314 3257 2383 Scriptura:
3309 2326 3506 2367 conse-

1928 2417 2182 2478 quantur,
2206 2411 2297 2465 sed
2323 2427 2420 2479 per
2448 2410 2837 2467 scrutationem
2872 2419 2928 2466 et
2953 2409 3335 2465 tractationem
3361 2408 3505 2463 mul-

1930 2510 2061 2570 tam,
2104 2509 2167 2558 ut
2192 2503 2350 2561 nobis
2381 2503 2610 2562 illanon
2645 2502 3147 2576 tiatasperuahitis.

2555 2775 2847 2845 Difﬁcultas
2881 2790 2941 2829 ιι.

1996 2870 2105 2925 Cur
2149 2872 2387 2927 Joannes
2428 2869 2666 2939 Baptista
2692 2870 3053 2937 interrogatus
3102 2867 3132 2919 ‘a
3171 2862 3501 2919 Pharisaais:

1932 2963 2081 3019 Elias
2111 2982 2162 3019 es
2194 2965 2259 3019 ‘?
2293 2963 2459 3027 dixit,
2494 2963 2644 3026 Non,
2683 2962 2934 3031 quamvis
2974 2958 3227 3015 Christus
3274 2958 3339 3011 de
3384 2956 3505 3025 ipso

1931 3058 2401 3129 pronuntiaverit;
2437 3058 2550 3127 Ipse
2583 3069 2655 3113 est
2684 3056 2832 3111 Elias
2873 3056 2961 3125 qui
2994 3064 3239 3110 uenturus
3263 3060 3336 3105 est
3374 3047 3433 3102 ’ἲ

2547 3318 2566 3348 ⁷
2599 3315 2791 3372 Matth.
2826 3333 2901 3381 xi,
2937 3314 3023 3379 H.

1827 3497 2057 3555 NOTAE.

323 3654 400 3711 (δι
442 3654 536 3717 Μὴ
584 3653 842 3721 ἀπόρως.
880 3655 986 3709 Aut
1011 3652 1396 3721 geminandum
1427 3653 1499 3724 μὴ
1524 3663 1616 3708 aut
1642 3654 1822 3724 potius
1854 3657 1897 3719 C
1929 3655 2291 3714 aversabatur,
2344 3654 2580 3721 quamvis
2609 3654 2967 3724 decentiesset
3012 3670 3245 3723 corpore,
3277 3655 3503 3723 formoso

248 3726 893 3797 scribendumsdnopwg,
926 3742 989 3779 ex
1020 3724 1253 3781 solemni
1298 3724 1351 3778 in
1386 3726 1821 3797 scriptis_excm-

250 3796 492 3863 pluribus
537 3794 793 3851 afﬁnitate
839 3795 982 3850 inter
1030 3812 1086 3855 a,
1133 3811 1214 3857 ευ,
1264 3811 1343 3859 εν,
1376 3809 1536 3863 quam
1577 3795 1823 3863 pluribus

249 3866 516 3934 exemplis
547 3866 669 3919 alibi
707 3866 939 3928 ﬁrmavi,
970 3880 1197 3936 quaeque
1236 3864 1496 3935 plurimas
1526 3866 1747 3936 peperit
1767 3866 1820 3919 in

249 3936 403 3990 libris
439 3936 597 3989 editis
623 3952 746 3990 cum
778 3937 955 3989 varias
993 3934 1278 3995 lectiones.
1308 3945 1420 3989 tum
1455 3934 1700 3989 mendas.
1730 3934 1822 3990 Sic

252 4008 307 4059 in
337 4007 545 4060 Joanne
576 4006 896 4076 Phi|0pon0,
934 4007 1006 4060 De
1041 4007 1221 4059 mundi
1238 4007 1519 4067 creatione,
1541 4005 1668 4076 περὶ
1698 4023 1823 4058 κοσ-

256 4076 530 4145 μοποιϊας.
562 4093 629 4131 ex
678 4075 938 4131 Cdrderio
967 4117 980 4141 ,
1010 4086 1103 4131 aut
1128 4078 1280 4145 juxta
1312 4075 1682 4137 Lambecium,
1710 4076 1822 4129 τῶν

250 4152 334 4209 εἰς
362 4146 459 4216 τὴν
509 4148 782 4209 Μωυσέως
831 4146 1189 4216 κοσμογονίαν
1234 4145 1595 4216 ὲξηγητικῶν,
1646 4146 1741 4200 lib.
1779 4163 1818 4209 t,

250 4234 375 4287 cap.
415 4215 498 4281 l6,
535 4232 591 4285 p.
621 4216 709 4279 54,
737 4226 1004 4278 extrema,
1031 4215 1322 4287 ἀσώματοι
1351 4215 1467 4271 vice
1493 4216 1817 4287 ὲνσώματοι,

252 4284 348 4341 Ιὼζ
380 4302 454 4348 vi,
491 4284 608 4353 cap.
639 4287 704 4341 10
734 4327 747 4347 .
776 4302 830 4356 p.
866 4287 989 4349 2t8,
1018 4284 1324 4349 ἐννοοῦντες
1365 4287 1456 4356 qui
1487 4284 1817 4349 εὐνοοῦντες.

249 4356 456 4410 Catena
492 4357 651 4410 Marci
692 4375 799 4427 xiv,
862 4358 945 4420 1‘2,
975 4357 1340 4427 ἁπροσφόρως
1370 4357 1488 4411 loco
1509 4357 1822 4427 εύπροσιρᾶέ

254 4444 385 4498 ρως.
427 4427 669 4498 Isidorus
704 4426 972 4481 Pelusiota
1006 4427 1165 4496 epist.
1214 4427 1460 4498 199,_lih.
1500 4442 1559 4486 ll,
1601 4427 1629 4478 ὀ
1680 4426 1822 4498 κατὰ

249 4496 577 4569 ἆντίφρασιν
624 4497 723 4565 τῆς
750 4498 1007 4569 ἀσεϐείας
1039 4498 1171 4569 (imo
1204 4496 1508 4569 εὐσεϐείας,
1542 4497 1817 4569 utuepist.

252 4569 358 4622 122
382 4610 396 4633 ,
430 4568 483 4621 in
521 4572 710 4635 textu)
760 4566 1055 4620 Εὑσέϐειον
1080 4568 1270 4619 ἑαυτὸν
1300 4567 1554 4628 καλέσας.
1605 4567 1666 4620 Et
1701 4568 1821 4622 vice

250 4654 433 4699 versa,
465 4638 671 4709 Libelli
696 4638 950 4709 Synodiei
970 4653 1089 4709 cap.
1211 4636 1284 4709 De
1304 4638 1499 4709 Acacio
1512 4647 1558 4709 et
1584 4637 1821 4691 Eudoxio

250 4710 486 4770 Arionis,
518 4710 546 4760 ὁ
574 4709 629 4761 δὲ
653 4707 905 4778 βασιλεὺς
932 4710 997 4777 τῇ
1025 4707 1177 4760 δυάδι
1220 4707 1318 4775 τῆς
1343 4708 1626 4768 εύσεδείας
1655 4725 1820 4776 φενα-

250 4779 563 4846 κιζόμενος.
593 4780 789 4849 corrig.
834 4778 1108 4849 ἀπεδείας.
1146 4778 1321 4845 Atque
1359 4794 1457 4846 per
1482 4794 1601 4831 eam
1628 4779 1821 4831 simili-

252 4850 501 4903 tudinem
547 4850 774 4903 solvitur
808 4848 1036 4918 qumstio
1066 4864 1228 4917 quam
1251 4848 1409 4918 annis
1449 4850 1822 4917 superioribus

251 4920 630 4989 proponebant
651 4920 747 4973 viri
772 4916 976 4982 Graece,
1007 4916 1195 4973 Latine
1216 4928 1270 4972 et
1289 4916 1489 4990 Gallice
1515 4916 1678 4981 docti,
1702 4937 1821 4990 qum

251 5005 299 5044 et
337 4990 673 5045 eruditorum
708 4990 935 5056 hujusce
961 4990 1109 5043 urbis
1134 4989 1343 5059 ingenia
1362 4993 1603 5044 exercuit
1635 5007 1648 5053 ;
1675 4989 1822 5045 loeus

250 5060 508 5115 videlicet
548 5061 704 5115 I)uc:e
757 5060 1027 5122 ltistoria:,
1083 5076 1203 5128 cap.
1248 5059 1364 5112 20:
1413 5063 1441 5113 ὁ
1477 5061 1533 5113 δὲ
1574 5061 1823 5129 βασιλεὺς

265 5132 519 5203 Ἰωάννης
544 5130 612 5203 ἦν
641 5132 715 5200 μὴ
745 5131 1107 5203 στέργωνντὴν
1134 5130 1401 5203 σύνοικον.
1448 5132 1509 5183 'H
1546 5132 1682 5203 κόρη
1713 5132 1821 5203 γὰρ

250 5200 331 5269 τῷ
378 5200 484 5267 μὲν
526 5200 747 5272 σώματι
797 5200 890 5272 καί
939 5200 1082 5270 μάλα
1125 5201 1493 5269 εὐάρμοστος
1553 5200 1821 5272 τράχηλος

251 5272 490 5341 εὐειδὴς,
517 5270 639 5341 θρὶξ
671 5271 1121 5338 ύποξανθίζουσα,
1146 5273 1383 5341 καὶτοὺς
1409 5270 1724 5339 πλοκάμους
1745 5272 1820 5335 ὡς

198 5366 202 5373 ·
254 5340 977 5413 ῥύακαςχρυσαυγίζοντα-ς,
1012 5341 1171 5413 μέχρι
1204 5340 1311 5392 τῶν
1334 5341 1688 5413 ἀστραγάλων
1724 5359 1823 5394 κα-

251 5410 615 5481 ταρεομένους
638 5411 837 5480 ἔχουσα
857 5453 870 5472 ,
902 5410 1089 5481 ὠμούς
1106 5410 1358 5482 πλατεῖς,
1394 5410 1487 5463 καὶ
1513 5411 1819 5482 βραχίονας,

253 5482 350 5536 καὶ
402 5482 599 5552 στέρνα
640 5482 735 5534 καὶ
774 5485 962 5552 χεῖρας
1002 5481 1336 5551 ἐμμέτρους,
1389 5482 1481 5534 καὶ
1522 5482 1820 5545 δακτύλους

253 5551 742 5622 κῳσταλλοειδείς,
767 5551 871 5622 καὶ
882 5552 981 5621 τὴν
1010 5553 1189 5622 πᾶσαν
1211 5552 1423 5621 ἡλικίαν
1448 5552 1542 5606 τοῦ
1570 5553 1821 5622 σώματος

254 5620 544 5693 ἀνωρεπῆ,
576 5626 685 5693 καὶ-
703 5620 837 5693 πολὺ
870 5620 949 5683 είς
990 5621 1049 5693 τὸ
1075 5620 1255 5690 ὄρθιον
1290 5623 1555 5693 ἱσταμένη
1581 5641 1592 5653 '
1619 5620 1738 5687 ὄψις
1762 5623 1820 5675 δὲ

255 5692 353 5747 καὶ
382 5692 567 5762 χείλη,
604 5691 701 5745 καὶ
730 5692 875 5762 ῥινὸς
905 5692 1257 5754 κατάστασις,
1288 5696 1379 5746 καὶ
1404 5691 1696 5762 ὀφθαλμῶν
1729 5695 1821 5747 καὶ

254 5761 474 5847 ὀφρύων
504 5761 745 5847 σύνθεσις
786 5762 1131 5847 εὐειδεστάτη
1182 5763 1520 5847 παντάπασιν
1545 5781 1557 5793 ·
1692 5764 1823 5826 ἔπος

255 5832 474 5903 χυδαῖον
524 5836 732 5903 εἰπεῖν·
946 5833 1159 5903 ἐμίπρὸς
1212 5833 1666 5903 Τεσσαρακοστὴ,
1728 5837 1821 5885 καὶ

251 5902 475 5956 ὄπισθεν
519 5902 725 5973 Πάσχα.
774 5901 963 5956 Verum
1004 5902 1296 5972 Imperator
1330 5901 1557 5957 Joannes
1604 5901 1820 5958 uxorem

1928 3725 2080 3787 collo,
2108 3726 2370 3793 ﬂavisque
2393 3725 2659 3785 crinibus;
2692 3723 2910 3794 capillos
2944 3724 3268 3777 cincinnatos
3308 3726 3378 3777 ad
3417 3725 3503 3777 in-

1923 3805 2037 3847 star
2062 3796 2321 3851 radiantis
2341 3796 2462 3848 auri
2492 3796 2561 3848 ad
2583 3794 2717 3849 talos
2742 3812 2901 3863 usque
2924 3794 3205 3863 deﬂuente:
3227 3794 3459 3863 gestabat
3484 3812 3505 3859 ;

1925 3864 2021 3917 lati
2075 3866 2155 3919 illi
2214 3874 2365 3925 erant
2424 3867 2650 3927 humeri.
2706 3865 2941 3929 brachia,
3001 3875 3178 3935 pectus
3221 3874 3269 3918 et
3315 3881 3504 3919 manus

1924 3937 2133 4005 egregia
2163 3936 2499 4004 proportione
2532 3937 2830 4005 composita:
2852 3952 2871 4000 ;
2894 3935 3045 4004 digiti
3074 3936 3236 4004 ipsius
3267 3935 3503 4006 crystalli

1923 4006 2146 4058 nitorem
2183 4022 2245 4059 ac
2279 4006 2605 4074 splendorem
2634 4006 3004 4068 imitabantur,
3038 4007 3268 4073 corporis
3292 4015 3503 4059 statura

1924 4089 2096 4128 erecta
2127 4092 2190 4129 ac
2241 4077 2489 4130 mediocri
2532 4078 2815 4143 procerior.
2842 4075 3099 4131 Cancrum
3128 4077 3505 4146 formosissimo

1921 4156 2037 4215 erat
2078 4148 2223 4198 vultu
2248 4185 2261 4210 ,
2306 4162 2454 4208 naso,
2485 4146 2648 4201 oculis
2684 4156 2733 4200 et
2784 4146 3113 4215 superciliis;
3144 4147 3219 4199 ita
3258 4157 3313 4200 ut
3340 4146 3502 4215 juxta

1923 4214 2139 4284 vulgare
2184 4216 2537 4285 proverbium,
2589 4214 2854 4270 anterius
2881 4214 3504 4285 Quadragesinue.ipone

1922 4301 2041 4339 vero
2068 4286 2315 4339 Prisc/tati
2343 4287 2529 4341 similis
2553 4304 2661 4341 esse
2678 4289 2958 4345 videretur.
2984 4292 3057 4357 Ac
3074 4288 3269 4341 merito
3284 4288 3502 4357 quidem

1922 4371 2034 4427 non
2058 4357 2426 4427 satisfaciebat
2445 4358 2878 4427 praestantissimi
2901 4356 3149 4411 Bullialdi
3176 4356 3503 4427 interpreta—

1925 4425 2019 4487 tio,
2051 4425 2307 4496 Sophiam
2326 4425 2521 4482 eximia
2537 4439 2591 4484 et
2617 4427 2863 4483 absoluta
2886 4427 3293 4497 pulchritudine
3322 4425 3503 4481 niten-

1924 4504 2031 4569 t_em
2062 4498 2297 4569 Aironice
2352 4498 2626 4563 describi;
2681 4498 2910 4569 ejusque
2963 4505 3144 4569 partes
3193 4497 3502 4551 anteriores

1922 4564 2361 4638 Quadragesima‘.
2394 4607 2408 4631 ,
2457 4564 2786 4637 posteriores
2821 4564 3088 4638 —Pasc_hati
3149 4574 3502 4638 comparatas

1922 4637 2111 4703 fuisse,
2139 4636 2283 4707 quod
2310 4639 2447 4692 facie
2462 4636 2759 4693 macilenta
2789 4656 2890 4695 nec
2912 4636 3101 4693 ﬂorida
3130 4636 3501 4707 deformisque

1923 4717 2085 4761 esset.
2122 4708 2251 4761 Mihi
2297 4723 2428 4779 vero
2476 4718 2599 4776 post
2629 4710 2965 4779 aliquantam
3001 4707 3413 4779 meditationem
3443 4708 3497 4779 in

1922 4786 2162 4831 mentem
2188 4778 2343 4851 venit
2369 4779 2422 4832 id
2455 4780 2599 4847 quod
2625 4777 2841 4842 res—est,
2867 4781 2967 4851 legi
2993 4778 3191 4833 debere
3222 4777 3499 4851 ἀειδεσταο

1920 4864 1987 4919 τη
2010 4862 2119 4919 non
2146 4848 2515 4919 εὐειδεστάση,
2547 4863 2708 4903 sensu
2740 4851 2880 4904 serio
2906 4848 2962 4905 et
2989 4858 3198 4919 aperto,
3233 4860 3290 4901 ut
3321 4849 3499 4917 puella

1921 4914 1946 5000 ζ
1948 4914 2851 5000 aciedeformis,9uadragesitnae,a
2866 4930 3013 4991 tergo
3024 4914 3163 5000 :scilfl
3185 4914 3494 5000 eﬂt‘lé89"5~

1856 5002 1898 5057 ι)
1929 4987 2177 5060 l’aschati
2231 4990 2422 5045 similis
2463 4987 2623 5060 vulgo
2679 4987 2971 5044 diceretur:
3026 4987 3495 5060 UndeiLaonicus

1927 5059 2020 5112 lib.
2054 5075 2125 5123 ιν,
2154 5075 2206 5129 p.
2236 5060 2336 5116 109
2360 5059 2576 5131 Β.ὰηδῆ
2599 5060 2695 5131 τὴν
2722 5060 2842 5129 ὄψιν
2867 5070 3167 5131 nuncupat,
3199 5059 3498 5114 l’hrantzcs

1924 5144 2056 5182 vero
2114 5131 2208 5183 lib.
2260 5146 2305 5192 I,
2348 5146 2468 5199 cap.
2517 5132 2613 5185 ult.
2660 5132 2960 5186 deformem
3011 5131 3178 5196 facit,
3223 5148 3253 5185 a
3293 5131 3492 5200 potiori

1925 5207 2109 5273 parte.
2127 5201 2236 5255 Nec
2259 5201 2443 5273 minus
2472 5200 2644 5273 faceto
2668 5203 2858 5273 aclagio
2872 5202 3200 5273 joeulatores
3220 5208 3495 5273 nostrates

1924 5272 1992 5342 de
2025 5272 2331 5340 hujusmodi
2368 5271 2586 5325 feminis
2613 5271 2886 5338 dictitant,
2924 5272 3197 5328 Tentation
3229 5288 3328 5342 par
3368 5271 3491 5326 der-

1924 5340 2077 5403 riére,
2109 5352 2414 5410 repentance
2447 5358 2545 5410 par
2574 5343 2781 5397 devant.

1997 5412 2071 5492 (ςι)
2108 5412 2305 5478 Ἠλίας
2344 5408 2426 5483 [εἴ
2448 5408 2728 5494 fleuer-
2770 5413 3039 5484 Syllaham
3090 5411 3337 5533 supplevi
3367 5426 3492 5480 qua?

1997 5496 2119 5533 nssa
2171 5481 2347 5533 fuerat
2374 5483 2444 5533 ob
2467 5484 2699 5533 Similem
2726 5492 3171 5533 consentientem.
3226 5482 3368 5533 dune
3395 5497 3484 5533 ae-

1921 5483 2119 5554 omissa
2160 5481 2361 5554 fuerat
2374 5483 2444 5538 ob
2467 5481 2700 5538 similem
2726 5481 3171 5554 consequentem.
3204 5481 3368 5554 ldquc
3394 5497 3484 5549 ge-

1923 5567 2026 5606 nus
2058 5553 2169 5609 vitii
2219 5553 2531 5622 frequenter
2558 5556 2815 5610 occurrit.
2847 5553 2927 5608 En
2972 5554 3040 5609 ad
3076 5568 3296 5608 manum
3320 5553 3489 5605 docu-

1922 5633 2126 5681 menta.
2150 5622 2482 5693 Philoponus
2506 5624 2582 5677 De
2611 5626 2792 5678 mundi
2818 5626 3081 5678 creatione
3101 5640 3174 5686 v1,
3196 5623 3282 5693 15,
3305 5630 3491 5693 estre-

1924 5708 2048 5764 mo;
2101 5695 2197 5747 uel.
2232 5696 2283 5748 τί
2308 5690 2435 5749 δέον
2473 5696 2621 5747 ἐστὶν
2657 5697 2721 5748 ὲκ
2761 5693 3125 5764 συλλογισμοῦ
3163 5692 3322 5746 τοῦτο
3348 5690 3486 5764 λαμτ

1924 5761 2127 5835 βὰνειν,
2156 5765 2277 5835 ,ἐπί
2302 5767 2470 5835 αὐτῆς
2514 5766 2646 5819 αὐτὸ
2672 5765 2871 5833 λέξεως
2924 5761 3199 5835 γέγραφεν
3240 5778 3336 5835 pro
3363 5761 3485 5815 ἐπεὶ

1925 5833 2011 5883 ἐπ’
2045 5834 2234 5904 αὐτῆς.
2263 5834 2317 5889 In
2350 5833 2550 5891 Catena
2577 5837 2641 5891 ad
2666 5836 2953 5890 Jeremiam
2976 5833 3333 5897 Ghisleriana.
3362 5847 3480 5900 cap.

1931 5919 1987 5967 ιι,
2015 5921 2156 5960 vers.
2184 5906 2272 5972 '25,
2306 5908 2487 5963 Victor
2517 5907 2796 5977 presbyter
2822 5924 2833 5973 ;
2863 5906 3211 5973 πολυάνδριον
3240 5905 3295 5958 δέ
3320 5919 3484 5972 φησιν
