4006 6444
497 458 635 526 1403
1688 462 2050 525 HESYCHII
2092 461 2570 526 PRESBYTERI
3640 460 3791 523 H04:

1094 569 1389 639 Diﬂicultas
1426 586 1479 623 χ.
1802 586 1810 595 '
2107 577 2155 629 Α

1802 586 1810 595 ’
2107 577 2155 629 Α
2826 588 2829 615 ξ
2850 571 3109 640 Ἆπσρία.

562 663 733 735 Cujus
762 678 839 718 ret
888 662 1059 733 gratia
1104 663 1391 719 Matthaaus
1432 664 1733 720 introducit
1772 664 2076 735 principem

2254 664 2412 728 Τίνος
2437 665 2597 736 χάριν
2630 665 2913 730 Ματθαίος
2944 665 3037 721 τὸν
3069 665 3530 736 ἀρχισυνάγωγον
3565 667 3797 737 ἱστορεῖ

492 758 785 829 Synagogae
806 756 1026 811 Christo
1062 756 1211 827 loqui
1249 757 1316 812 de
1351 756 1457 811 tilia
1497 772 1593 812 sua
1641 760 1798 828 quasi
1834 760 1950 829 jam
1994 761 2074 813 de-

2214 757 2312 828 περὶ
2346 758 2445 828 τῆς
2474 757 2769 828 θυγατρὸς,
2809 758 2885 822 ὠς
2917 758 3019 829 ἤδη
3054 759 3489 831 τελευτησάσης,
3523 759 3602 831 τῷ
3640 761 3796 828 Χρι-

491 850 678 906 fnncta
704 852 779 914 *ες
806 849 1019 905 Marcus
1052 865 1183 905 vero
1229 859 1283 905 et
1312 850 1507 915 Lucas,
1550 860 1808 921 tanquam
1845 852 1899 905 in
1934 851 2073 922 peri-

2217 851 2294 921 τῷ
2355 850 2699 920 διαλέγεσθαι
2732 869 2746 883 ⁸
2814 852 3044 923 Μάρκος
3096 854 3153 907 δὲ
3213 855 3309 907 καὶ
3389 856 3639 919 Λουκᾶς,
3714 855 3798 917 ὡς

491 945 615 999 culo
643 944 835 1001 mortis
875 945 1169 999 constituta
1210 944 1295 997 ‘°?
1322 943 1387 997 Et
1415 960 1513 999 cur
1563 945 1632 1000 de
1676 946 1905 1000 muliere
1958 960 2073 1015 qua!

2216 940 2649 1012 ινδυνευούσης;
2702 942 2785 996 ὅτι
2836 943 3117 1007 Ματθαῖος
3164 944 3545 1014 ἀπραγμόνως
3598 943 3798 1013 αὐτὴν

444 1022 449 1025 ⁷
493 1036 776 1105 sanguinis
840 1035 1043 1090 ﬂuxum
1090 1036 1404 1106 patiebatur
1441 1037 1486 1068 δι
1531 1047 1719 1091 narrat
1769 1036 2023 1091 Matthazu

2214 1036 2389 1103 ςτορεῖ
2418 1034 2571 1105 παρὰ
2597 1034 2839 1106 Χριστοῦ
2870 1034 2966 1088 ἐπὶ
3000 1037 3067 1105 τῇ
3101 1035 3286 1089 πίστει
3314 1036 3755 1107 μακαρισθῆναι
3779 1052 3796 1066 ·

493 1128 699 1197 absque
735 1127 843 1182 ullo
872 1128 1088 1199 negotio
1129 1128 1455 1198 interposito
1483 1129 1628 1183 illam
1671 1145 1770 1199 per
1796 1128 2075 1184 Christum

2218 1126 2409 1197 Ῑάρκος
2453 1127 2510 1180 δὲ
2539 1127 2636 1203 καί
2665 1129 2914 1194 Λουκᾶς,
2947 1128 3168 1201 ἰαθῆναι
3208 1130 3330 1201 ἅμα
3369 1133 3434 1201 τῇ
3474 1131 3589 1203 ἁφῇ
3614 1173 3631 1195 ,
3681 1146 3800 1200 μα-

493 1219 618 1273 ﬁdei
644 1236 770 1290 ergo
797 1221 1012 1274 beatam
1049 1221 1397 1291 przedicatam
1437 1222 1646 1286 fuisse;
1683 1231 1738 1276 at
1769 1221 1983 1277 Marcus
2025 1231 2075 1278 et

1337 1238 1397 1275 im
1437 1222 1646 1286 fuisse;
1683 1231 1738 1276 at
1769 1221 1983 1277 Marcus
2025 1231 2080 1278 et
2181 1218 2515 1290 καρισθῆναι
2547 1219 2608 1274 δὲ
2644 1218 2919 1293 ὓστερον;

492 1310 688 1374 Lucas,
730 1320 976 1366 sanatam
1012 1328 1131 1367 esse
1162 1314 1325 1368 simul
1362 1330 1426 1369 ac
1464 1314 1659 1386 tetigit,
1705 1315 1919 1369 beatam
1950 1328 2080 1370 vero

492 1410 683 1471 postea
708 1401 1060 1471 przedicatam
1091 1402 1179 1454 "?

1180 1493 1407 1550 Salutio.
2478 1516 2479 1519 ‘

2478 1516 2479 1519 π
2852 1489 3067 1556 Λύσις.

565 1587 718 1645 Scire
749 1598 985 1659 oportet,
1018 1605 1128 1644 non
1158 1605 1327 1643 unum
1354 1589 1590 1660 signum,
1617 1588 1711 1643 sed
1738 1587 1951 1644 diversa
1982 1604 2077 1660 per

2252 1584 2466 1640 Είδέναι
2525 1584 2651 1658 χρὴ,
2688 1586 2771 1639 ὅτι
2824 1586 2923 1657 οὐχ
2979 1585 3040 1639 ἓν
3089 1586 3335 1657 σημεῖον,
3362 1586 3598 1657 διάφορα
3637 1586 3709 1639 δὲ
3745 1585 3802 1639 οἱ

500 1681 867 1752 evangelistas
912 1682 1223 1752 conscripta
1268 1682 1457 1737 fuisse.
1499 1681 1601 1747 Qui
1631 1682 1834 1736 etenim
1865 1682 2078 1751 simpli-

2221 1677 2569 1747 Βαγγελισταὶ
2630 1679 3068 1749 συνεγράψαντο.
3141 1678 3203 1733 Ὀ
3257 1678 3356 1750 μὲν
3411 1679 3523 1749 γὰρ
3587 1680 3803 1751 ἄρχων

491 1772 629 1827 citer
664 1774 918 1845 princeps
959 1783 1185 1829 vocatur
1214 1757 1280 1841 δ’,
1324 1783 1439 1829 erat
1482 1774 1853 1829 verisimiliter
1890 1774 2073 1829 ethni-

2225 1767 2482 1843 πλῶς,ἦν
2537 1771 2766 1836 εἰκότως
2827 1771 3067 1836 ἐθνικὸς,
3120 1770 3274 1841 παρὰ
3334 1771 3415 1841 τῷ
3458 1771 3801 1839 Murena?-

493 1882 609 1932 cus,
642 1867 729 1921 iile
756 1866 902 1936 apud
948 1865 1295 1935 Matthaeum;
1347 1867 1491 1922 unde
1542 1875 1596 1922 et
1638 1866 1957 1922 tibicinibus
2008 1868 2075 1923 ad

2222 1864 2302 1918 iev
2350 1865 2447 1918 καὶ
2479 1864 2744 1935 αὐληταῖς
2779 1863 2922 1938 πρὸς
2952 1863 3015 1918 τὸ
3052 1865 3252 1928 πένθος
3285 1864 3558 1935 ἐκέχρητο
3582 1880 3594 1892 °
3640 1865 3804 1933 ὅπερ

490 1960 700 2015 luctum
742 1922 1023 2026 utebatur;
1054 1963 1195 2031 quod
1224 1961 1428 2016 Judmis
1455 1976 1563 2015 non
1594 1961 1811 2016 licebat.
1842 1961 1900 2014 In
1931 1960 2072 2016 Luca

2219 1959 2281 2013 ὒκ
2306 1957 2434 2029 ἐξῆν
2467 1922 2765 2023 Ἰουδαίοις.
2809 1922 2868 2013 ’δ
2898 1922 2956 2013 se
2980 1956 3135 2030 παρὰ
3166 1922 3247 2027 sq;
3270 1922 3456 2028 Λουκᾷ
3475 1922 3581 2011 ’καὶ
3607 1922 3801 2027 Mdg:-

490 2068 624 2107 vero
650 2060 705 2108 et
732 2053 910 2108 Marco
959 2054 1254 2125 Synagogae
1298 2055 1557 2124 princeps
1604 2063 1659 2108 et
1693 2054 1874 2109 Jairus
1900 2055 2072 2109 nomi-

2220 2070 2283 2121 ῳ,
2343 2053 2673 2122 συναγωγῆς
2720 2051 2927 2123 ἄρχων,
2988 2052 3234 2121 Εταροςο
3269 2051 3589 2123 λεγόμενος.
3671 2052 3802 2104 Καὶ

490 2154 672 2199 natur.
729 2146 797 2201 Et
850 2146 957 2201 illic
999 2147 1220 2216 quidem
1258 2145 1510 2201 Christus
1558 2162 1683 2201 cum
1736 2144 2072 2212 solummodo

2215 2145 2301 2194 κεί
2346 2142 2446 2212 μὲν
2504 2142 2790 2213 ἁψάμενος
2843 2143 2941 2212 τῆς
2988 2142 3173 2214 χειρὸς
3209 2142 3393 2213 μόνον,
3428 2142 3744 2214 ἐξήγειρεν
3785 2159 3797 2171 ·

490 2251 714 2289 manum
760 2237 1048 2307 tetigisset,
1092 2238 1409 2301 suscitavit;
1454 2238 1545 2292 hic
1579 2247 1763 2293 autem
1792 2239 1957 2293 etiam
1991 2239 2072 2293 in-

2214 2233 2416 2289 νταῦθα
2452 2234 2510 2288 δὲ
2563 2236 2659 2289 καὶ
2706 2236 2969 2307 φωνήσας
3010 2235 3072 2289 τὸ
3125 2235 3382 2307 κοράσιον
3437 2236 3796 2305 ἀνέστησεν.

492 2328 748 2383 clamavit
785 2330 1042 2399 puellam,
1094 2329 1282 2399 sicque
1322 2331 1699 2386 exsuscitavit.
1744 2331 1867 2386 Pari
1915 2332 2074 2388 modo

2216 2326 2472 2390 Ωσαύτως
2498 2326 2556 2380 δὲ
2602 2326 2663 2380 τὸ
2710 2330 2939 2397 σημεῖον
2967 2327 3030 2380 τὸ
3061 2327 3156 2381 ἐπὶ
3193 2330 3293 2400 τῆς
3331 2328 3798 2399 αίμορροούσης,

493 2418 816 2473 miraculum
848 2421 990 2475 circa
1019 2422 1302 2477 mulierem
1331 2422 1480 2479 ﬂuxu
1509 2424 1793 2493 sanguinis
1822 2425 2075 2481 laboran-

2220 2418 2468 2490 ττορηθὲν
2493 2418 2599 2473 ὑπὸ
2628 2419 2862 2492 Μάρκου
2910 2419 3004 2472 καὶ
3030 2420 3238 2484 Λουκᾶ,
3265 2419 3453 2490 ἕτερον
3495 2415 3568 2491 ἦν
3615 2420 3802 2489 παρὰ

494 2519 624 2572 tem,
655 2512 881 2566 relatum
909 2528 937 2567 a
965 2512 1144 2568 Marco
1171 2530 1225 2569 et
1247 2514 1416 2581 Luca,
1452 2516 1598 2571 aliud
1626 2524 1710 2571 est
1736 2517 1805 2572 ab
1843 2532 1909 2572 eo
1934 2517 2076 2586 quod

2217 2513 2329 2566 ὺὲν
2359 2511 2438 2583 τῷ
2490 2512 2761 2582 Ματθαίῳ
2807 2511 3086 2583 κείμενον.
3133 2509 3194 2564 Ἡ
3224 2509 3325 2580 μὲν
3372 2510 3502 2579 γὰρ,
3528 2510 3627 2563 τὸν
3668 2510 3799 2579 βίον

494 2602 548 2656 in
580 2603 831 2659 Matthazo
858 2606 1095 2675 positum
1125 2616 1227 2662 est.
1260 2608 1354 2663 Illa
1381 2609 1529 2663 enim
1574 2609 1794 2676 mulier,
1828 2610 1883 2663 in
1914 2611 2076 2664 medi-

2222 2606 2371 2675 ῠτῆς
2412 2606 2637 2677 ἰατροῖς
2670 2604 3214 2677 προσανηλωκέναι
3256 2603 3576 2675 γέγραπται
3607 2620 3621 2633 ·
3664 2606 3706 2675 ἡ
3737 2603 3799 2656 δὲ

494 2712 578 2750 cos
605 2714 913 2765 erogaveras
952 2716 1159 2754 onmem
1206 2703 1799 2767 substantiam‘suam,
1836 2711 1898 2756 ut
1943 2703 2076 2758 scri-

1728 2717 1763 2755 n
1783 2741 1799 2767 ,
1836 2711 1898 2756 ut
1943 2703 2081 2758 scri-
2180 2699 2336 2755 οὐδὲν
2360 2700 2605 2755 τοιοῦτον
2631 2699 2981 2773 πεπραχέναι
3005 2698 3310 2770 ἱστόρηται.

493 2798 645 2858 ptum
675 2800 758 2846 est
784 2790 865 2859 “;
900 2794 1018 2849 haec
1046 2810 1176 2849 vero
1201 2794 1341 2849 nihil
1365 2796 1470 2850 tale
1490 2795 1686 2851 fecisse
1716 2804 1993 2851 narratur.

1074 2886 1369 2957 Difﬁcultas
1412 2904 1485 2942 ιιι.

2852 2878 3114 2948 Ἀπορία.

564 2973 679 3040 Qua
707 2975 775 3031 de
800 2991 964 3032 causa
999 2977 1285 3034 Matthmus
1313 2989 1369 3034 et
1402 2978 1635 3046 Marcus,
1664 2989 1789 3050 post
1816 2978 1935 3035 dies
1960 2994 2077 3045 sex,

2252 2971 2407 3027 Διατί
2434 2972 2713 3037 Ματθαῖος
2741 2971 2838 3026 καὶ
2863 2973 3095 3043 Μάρκος
3129 2968 3249 3042 μεθ’
3274 2968 3493 3041 ἡμέρας
3517 2969 3603 3035 ἒξ,
3634 2970 3802 3026 Δου-

494 3064 670 3121 Lucas
697 3078 877 3123 autem
908 3078 1031 3139 post
1074 3070 1189 3126 dies
1234 3078 1380 3137 octo,
1431 3086 1462 3125 a
1511 3071 1879 3141 promissione
1918 3070 2076 3128 disci-

2220 3069 2285 3132 ἃς
2314 3068 2372 3122 δὲ
2432 3069 2555 3139 μεθ’
2586 3068 2803 3140 ἡμέρας
2849 3068 3022 3131 ὀκτὼ,
3055 3070 3157 3136 τῆς
3189 3066 3327 3137 πρὸς
3350 3068 3479 3130 τοὺς
3514 3067 3798 3137 μαθητὰς

494 3159 636 3229 pnlis
664 3159 826 3227 facta,
860 3160 1305 3234 transﬁguratum
1335 3179 1459 3220 esse
1484 3164 1778 3219 Dominum
1804 3164 1961 3221 aiunt
1994 3164 2076 3221 “‘l

2220 3160 2555 3233 ποσχέσεως,
2615 3161 3129 3235 μεταμορφωθῆναι
3178 3158 3272 3212 τὸν
3331 3159 3537 3230 Κύριον
3582 3161 3800 3231 λέγου-

1770 3245 1785 3250 ’
2111 3271 2323 3328 Cum;

1174 3342 1397 3399 Salutio.

2896 3348 3109 3416 Λύσις.

564 3424 832 3493 Quoniam
856 3429 934 3484 illi
961 3432 1170 3488 medios
1194 3433 1457 3489 duntaxat
1478 3445 1762 3506 exponunt
1803 3435 1921 3492 dies
1938 3436 2083 3493 inter

2258 3439 2462 3494 Ὀτιοὶ
2516 3440 2615 3511 μὲν
2664 3441 2768 3505 τὰς
2816 3442 2876 3495 ὲν
2921 3441 3074 3513 μέσῳ
3130 3444 3302 3513 μόνας
3343 3444 3656 3499 ἐκτίθενται
3688 3444 3797 3514 τῆς

493 3521 820 3589 promissum
851 3535 905 3578 et
932 3525 1463 3598 transﬁgurationem
1488 3547 1502 3596 ;
1537 3540 1593 3585 at
1618 3530 1793 3586 Lucas
1819 3547 1945 3586 cum
1977 3531 2075 3586 illis

2210 3532 2538 3603 mocxéosw;
2563 3533 2659 3587 καὶ
2693 3534 2793 3606 τῆς
2828 3535 3317 3607 μεταμορφώσεως
3342 3556 3356 3569 ο
3388 3538 3418 3590 ὁ
3446 3537 3500 3591 δὲ
3535 3537 3792 3599 Λουκᾶς,

494 3627 608 3679 Sex,
644 3623 698 3669 ct
735 3615 870 3670 alios
912 3617 1071 3684 duos,
1113 3636 1348 3690 quorum
1386 3622 1564 3693 primo
1601 3624 1948 3694 promiserat,
1995 3639 2076 3681 sc-

2207 3623 2285 3677 rbv
2317 3627 2439 3690 ταῖς
2490 3626 2570 3693 ἒξ,
2600 3625 2697 3680 καὶ
2735 3625 2839 3690 τὰς
2867 3625 2985 3692 δύο,
3017 3620 3094 3681 ὧν
3131 3631 3198 3701 τῇ
3254 3630 3357 3701 μὲν
3392 3628 3693 3699 ὑπέσχετο,
3722 3631 3789 3699 τῇ

493 3704 675 3760 cundo
715 3707 1131 3780 transﬁguratus
1155 3722 1262 3766 est.

1126 3730 1131 3763 ι
1155 3722 1262 3766 est.
2185 3715 2241 3770 δὲ
2274 3718 2708 3791 μετεμορφώθη.

1077 3803 1370 3873 Diﬁicultas
1413 3823 1512 3863 xn.

2855 3814 3125 3884 Ἀπορία.

562 3887 683 3978 Quo
707 3900 867 3960 pacto
891 3892 1068 3950 Lucas
1089 3896 1135 3928 “
1162 3897 1490 3969 discipulum
1519 3918 1549 3955 a
1572 3903 1778 3960 telonio
1803 3914 2081 3971 vocatum,

2256 3901 2384 3967 Πῶς
2428 3903 2521 3957 τὸν
2570 3903 2681 3959 ἀπὸ
2734 3905 2832 3960 τοῦ
2881 3906 3144 3961 τελωνίου
3174 3906 3445 3978 κληθέντα
3479 3906 3788 3978 μαθητὴν,

494 3971 664 4029 Levin
686 3978 892 4047 Διρὴωί
930 3993 1233 4055 nuncupat,
1262 4003 1387 4042 cum
1416 3990 1599 4046 nullus
1631 4008 1662 4048 e
1697 3994 1984 4051 duodecim
2017 4009 2076 4050 eo

2208 3993 2347 4048 teutv
2399 3994 2658 4067 Ἀλφαίου
2716 3998 2745 4050 ὁ
2778 3999 2999 4065 Λουκᾶς
3048 3998 3226 4067 καλεῖ,
3263 3971 3493 4070 μηδενὸς
3523 3971 3641 4052 τῶν

496 4069 720 4125 nomine
752 4070 1023 4129 donetur?

2184 4085 2317 4141 δεκα
2350 4085 2496 4142 οὕτω
2533 4089 2875 4162 καλουμένου
2903 4109 2917 4159 ;

1169 4169 1395 4229 Salutio.

2873 4182 3093 4250 Λύσις.

569 4250 716 4311 Vero
733 4256 912 4316 simile
937 4272 1022 4317 est
1049 4261 1194 4319 hunc
1215 4280 1339 4321 esse
1368 4282 1400 4321 e
1427 4283 1662 4325 numero
1694 4272 1760 4328 70
1786 4272 2086 4344 discipulo-

2258 4271 2421 4337 Εἰκὸς
2445 4271 2638 4328 τοῦτον
2655 4273 2719 4329 ὲκ
2744 4274 2855 4329 τῶν
2882 4282 2924 4329 o'
2954 4271 3117 4330 εἶναι.
3149 4274 3226 4331 Οὐ
3253 4275 3363 4349 γὰρ
3390 4275 3488 4331 ἕνα
3512 4274 3785 4346 τελώνην,

498 4360 642 4401 rum.
671 4347 859 4421 Neque
886 4353 1032 4409 enim
1069 4357 1292 4413 unicum
1321 4358 1695 4428 publicanum,
1724 4363 1858 4433 quin
1883 4365 2080 4421 multos

2195 4364 2324 4418 ἀλλὰ
2355 4364 2452 4418 καὶ
2475 4366 2711 4431 πολλοὺς
2731 4368 2814 4431 είς
2840 4366 3142 4438 μαθητείαν
3170 4369 3199 4421 ὁ
3224 4347 3467 4439 Χριστὸς
3490 4367 3777 4421 ἐκάλεσεν.

496 4437 565 4492 ad
593 4437 981 4511 discipulatum
1024 4449 1240 4504 vocavit
1274 4449 1548 4509 Christus.
1580 4452 1852 4519 Quocirca
1883 4464 1944 4509 ut
1983 4469 2078 4525 pu-

2250 4456 2356 4510 »θεν
2393 4456 2489 4510 καὶ
2531 4457 2608 4523 ὡς
2661 4457 2915 4512 τελωνῶν
2960 4458 3119 4529 φίλος
3166 4459 3499 4524 ὠνειδίζετο.
3522 4458 3693 4512 Οὐδὲν
3724 4458 3785 4511 δὲ
3820 4500 3832 4535 ε

496 4530 835 4591 blicanorum
858 4539 1067 4596 amicus
1095 4540 1481 4600 infamabatur.
1500 4546 1648 4601 Nihil
1664 4557 1848 4602 autem
1867 4546 2078 4613 mirum,

2204 4549 2361 4617 ξένον,
2401 4550 2517 4615 τοῖς
2547 4549 2736 4616 αὐτοῖς
2772 4552 2982 4623 ῥήμασι
3008 4552 3101 4607 τὸν
3138 4552 3377 4625 Χριστὸν
3407 4551 3545 4623 πρὸς
3587 4551 3786 4606 ἑκάτε-

496 4624 689 4683 iisdem
743 4630 927 4687 verbis
972 4632 1255 4691 Christum
1296 4638 1366 4693 ad
1412 4647 1708 4711 utrumque
1755 4640 2078 4712 discipulum

1412 4647 1708 4711 utrumque
1755 4640 2085 4712 discipulum
2118 4624 2163 4681 Ῐ)
2193 4657 2287 4713 ρον
2328 4640 2583 4713 μαθητὴν
2612 4641 2951 4715 χρήσασθαι.

499 4734 658 4777 usum
689 4721 861 4781 fuisse
890 4726 958 4782 ".
2854 4736 3124 4805 Ἀπορια.

1070 4822 1368 4895 Di/ﬁcultas
1397 4843 1521 4883 xm.

563 4904 734 4977 Cujus
764 4911 936 4982 gratia
978 4911 1267 4973 Matthaaus
1307 4934 1433 4974 cum
1479 4920 1726 4987 dixisset,
1773 4921 2089 4990 Dominum,

2263 4916 2423 4981 Τίνος
2472 4914 2635 4988 χάριν
2673 4914 2962 4977 Ματθαῖος
3012 4912 3184 4968 εἰπὼν
3230 4911 3325 4967 τὸν
3368 4910 3596 4983 Κύριον,
3624 4912 3780 4982 ἡνίκα

500 4998 720 5064 quando
761 5000 1130 5063 beatitudines
1173 5010 1480 5081 proposuit,
1519 5011 1573 5068 in
1626 5022 1868 5069 montem
1898 5028 2082 5068 ascen‘

2195 5010 2316 5074 τοὺς
2355 5009 2763 5081 ’μακαρισμοὺς
2796 5007 3035 5073 ἐξέθετο,
3064 5008 3145 5071 είς
3199 5005 3259 5059 τὸ
3307 5004 3437 5077 ὅρος
3488 5005 3777 5076 ἀναϐῆναι,

500 5086 667 5155 disse,
702 5090 942 5162 solisque
978 5095 1262 5169 discipulis
1305 5101 1475 5158 fuisse
1515 5103 1779 5167 locutum,
1812 5104 2082 5175 subjecit:

2196 5103 2293 5158 καὶ
2334 5102 2519 5175 μόνοις
2563 5100 2912 5170 διαλέγεσθαι
2965 5102 3080 5163 τοῖς
3138 5096 3442 5170 μαθηταῖς,
3478 5098 3777 5169 ἐπήγαγεν,

500 5176 634 5232 Cum
666 5195 1075 5242 consummasset
1101 5192 1258 5246 verba
1288 5194 1417 5259 hac,
1462 5195 1873 5249 admirabantur
1923 5198 2082 5251 turba:

2196 5199 2327 5252 Ὀτι
2353 5197 2453 5251 ὅτε
2477 5195 2723 5250 ἐτέλεσε
2744 5195 2887 5260 τοὺς
2916 5194 3147 5262 λόγους
3174 5192 3456 5258 τούτους,
3479 5192 3776 5259 ἐξεπλήσ-

500 5282 661 5337 supcr
702 5272 943 5329 doctrina
975 5276 1090 5346 ejus
1114 5279 1181 5347 ⁸⁸,
1215 5296 1337 5352 qua:
1365 5284 1435 5341 ab
1481 5299 1548 5340 eo
1574 5285 1718 5341 dicta
1755 5301 1867 5341 non
1897 5286 2082 5343 audie-

2194 5306 2382 5347 σοντο
2419 5292 2474 5345 οἱ
2512 5289 2688 5359 ὄχλοι
2716 5288 2816 5342 ἐπὶ
2864 5286 2944 5358 τῇ
2980 5283 3203 5356 διδαχῇ
3233 5284 3453 5353 αὐτοῦ,
3482 5284 3593 5339 τῶν
3623 5285 3772 5352 λεγο-

502 5363 669 5419 rant?

2198 5384 2378 5457 μένων
2408 5381 2509 5436 οὐκ
2530 5380 2828 5444 ἀκούοντες
2856 5396 2871 5445 ;

572 5546 839 5624 {’_Ma_tth.
874 5566 950 5614 Ix.
990 5551 1076 5608 18.
1185 5554 1233 5586 ⁸⁸
1256 5553 1423 5614 Marc.
1452 5573 1505 5624 v,
1542 5558 1641 5624 23;
1674 5556 1807 5617 Luc.
1842 5576 1961 5623 Vttl,
2001 5560 2087 5614 42.

2201 5560 2246 5591 δι
2285 5559 2474 5615 Matth.
2508 5572 2586 5620 Ix,
2615 5557 2709 5614 20.
2821 5556 2868 5590 δ’
2901 5554 3069 5612 Marc.
3108 5573 3166 5617 ν,
3194 5555 3302 5621 29;
3341 5554 3479 5612 Luc.
3546 5571 3658 5611 wn.
3682 5554 3768 5607 Η.

502 5616 550 5650 ⁸³
579 5617 772 5700 Matth.
809 5639 890 5700 ix,
915 5624 1038 5700 23._
1062 5625 1129 5700 ff
1170 5624 1301 5700 Luc.
1338 5616 1560 5694 vanis.
1629 5616 1684 5662 ’⁸⁸
1714 5630 1904 5687 Matth.
1936 5616 2067 5695 inn,

2194 5629 2362 5688 Marc.
2390 5648 2465 5698 ix,
2498 5630 2549 5695 l,
2577 5616 2725 5686 'Luc.
2746 5643 2824 5697 ix,
2849 5628 2941 5686 28.
3015 5627 3063 5661 ⁵⁸
3082 5616 3214 5684 Luc.
3252 5616 3320 5695 ν’,
3345 5626 3463 5683 27.
3517 5626 3561 5660 ⁵⁷
3589 5625 3769 5681 Matth.

505 5704 585 5759 XI,
620 5690 722 5759 19;
756 5708 834 5759 lx,
862 5694 916 5749 9.
994 5695 1041 5729 ⁸⁸
1059 5696 1252 5755 Matth.
1285 5717 1338 5768 ν,
1375 5690 1565 5769 Ιζνη,
1607 5701 1699 5757 28.

1819 5881 1849 5935 λ
1870 5887 1898 5933 πὶ
1914 5879 1975 5933 Ill
1989 5877 2047 5933 ,Ε
2090 5875 2382 5933 LECTION
2392 5874 2493 5931 ES.

580 5970 604 6003 ⁸
646 5963 891 6026 Ἰάειρος.
