4006 6454
583 394 715 460 1411

1774 381 2072 445 HESYCH
2081 380 2141 440 II
2198 378 2683 439 PRESBYTERI

3749 374 3875 441 “12

577 513 713 569 serit
733 511 1014 567 neminem
1059 505 1374 563 ascendisse
1405 504 1459 560 in
1488 503 1708 570 coelum,
1745 502 1851 557 nisi
1905 516 2032 557 eum
2083 501 2174 569 qui

2292 498 2619 552 πιστεύετε.
2653 493 2818 549 Ὅθεν
2845 492 2982 564 φησι
3009 490 3213 562 μηδένα
3244 489 3656 561 ἀναϐεϐηκέναι
3687 492 3770 554 εἰς
3791 493 3869 541 τὴν

578 604 647 660 de
681 605 821 660 coelo
849 601 1173 667 descendit;
1206 599 1383 669 ipsum
1413 612 1472 651 se
1504 596 1834 667 signiﬁcans,
1865 610 1963 665 per
1983 608 2175 648 ascen-

579 710 702 751 sum
726 702 781 750 et
812 694 1162 756 descensum,
1198 705 1264 745 eo
1310 692 1455 759 quod
1481 688 1695 761 seiungi
1743 703 1856 743 non
1885 688 2058 758 possit
2107 687 2176 742 ab

580 786 824 841 humana
846 793 1063 848 natura,
1100 797 1209 853 quo
1240 781 1373 836 dicit
1405 780 1716 836 devenisse.
1748 781 2050 836 Ascensum
2078 780 2178 835 ita-

581 893 709 949 que,
731 893 843 933 non
862 877 1016 932 illum
1047 873 1299 945 intelligit
1322 872 1413 943 qui
1449 873 1541 928 hic
1570 889 1695 929 cum
1729 889 1894 929 carne
1926 872 2174 943 contigit,

582 973 680 1029 sed
704 972 853 1027 illum
884 974 977 1042 qui
1000 989 1099 1044 pro
1129 974 1298 1028 variis
1327 968 1569 1039 antiquis
1625 968 2132 1039 dispensationibus
2159 983 2175 1033 ;

582 1064 651 1119 de
671 1064 868 1134 quibus
887 1064 959 1118 ait
974 1065 1250 1135 Scriptura
1273 1081 1287 1119 :
1312 1063 1556 1117 Ascendit
1580 1061 1719 1116 Deus
1736 1062 1801 1115 ab
1821 1062 2087 1115 Abraham
2108 1063 2174 1127 ⁷ο,

588 1164 881 1226 postquam
925 1156 1162 1211 cessavit
1196 1156 1265 1211 ad
1320 1170 1449 1211 eum
1501 1154 1693 1224 loqui;
1724 1164 1780 1208 et
1825 1169 1946 1223 quae
1984 1152 2178 1221 hujus-

583 1247 750 1301 modi.
776 1247 932 1313 Quod
966 1248 1011 1302 si
1029 1247 1226 1302 Filium
1252 1248 1492 1303 hominis
1517 1246 1752 1318 appellet
1776 1254 1897 1317 post
1924 1245 2179 1299 incarna-

587 1341 788 1396 tionem
835 1342 1005 1397 Deum
1060 1340 1327 1412 Verbum,
1379 1344 1579 1399 mirum
1608 1341 1779 1397 videri
1827 1357 1935 1395 non
1991 1339 2177 1405 debet,

586 1435 806 1503 quando
835 1444 890 1490 et
912 1451 1006 1491 rex
1037 1445 1091 1492 et
1124 1436 1416 1507 praefectus
1464 1435 1627 1501 bello,
1657 1434 1751 1505 qui
1784 1433 1917 1490 emit
1964 1448 2181 1505 agrum,

587 1533 683 1579 aut
729 1525 1139 1583 matrimonium
1177 1527 1451 1583 contraxit
1474 1535 1603 1582 ante
1626 1540 1855 1597 regnum
1884 1532 1941 1580 et
1982 1522 2180 1595 praefe-

587 1624 820 1681 cturam,
848 1633 960 1672 non
984 1617 1167 1673 minus
1194 1628 1385 1689 postea
1412 1618 1586 1684 audit,
1619 1616 1765 1688 quod
1787 1631 1881 1671 rex
1905 1615 1989 1670 vel
2038 1630 2180 1686 prte-

586 1707 765 1765 fectus
792 1725 979 1782 agrum
1007 1710 1319 1781 acquisivit.

1143 1910 1440 1981 Diﬂieuttas
1483 1926 1618 1965 χχιι.

660 2006 835 2073 Quem
881 2006 934 2058 in
961 2003 1183 2059 modum
1232 2004 1422 2059 retulit
1463 2001 1705 2059 Joannes
1741 2000 1946 2057 dixisse
2003 1998 2185 2055 Domi-

591 2115 722 2153 num
744 2098 812 2153 ad
844 2096 1095 2152 Judaaos:
1125 2094 1236 2167 Ego
1261 2104 1309 2149 et
1350 2094 1517 2148 Pater
1543 2110 1708 2147 unum
1726 2109 1908 2147 sumus
1943 2092 2025 2157 '“;
2060 2107 2185 2146 cum

591 2195 736 2249 idem
766 2194 981 2259 dixerit,
1034 2201 1371 2263 postremum
1417 2190 1561 2245 diem
1594 2204 1774 2258 neque
1800 2185 2041 2259 angelos,
2084 2200 2186 2239 ne-

591 2304 697 2360 que
720 2287 917 2343 Filium
941 2287 1102 2352 scire,
1132 2285 1229 2341 sed
1258 2285 1433 2340 solum
1462 2284 1678 2338 Patrem
1704 2282 1771 2335 τ’.

1264 2399 1492 2455 Solatia.

661 2496 820 2564 Quod
849 2495 964 2551 ﬁeri
998 2501 1237 2565 nequeat
1267 2502 1328 2548 ut
1356 2490 1679 2548 saeculorum
1709 2487 1889 2559 opifex
1917 2487 2061 2542 diem
2091 2493 2188 2541 aut

593 2592 785 2648 horam
824 2602 1124 2646 extremam
1167 2588 1399 2659 ignoret,
1436 2585 1490 2639 id
1528 2582 1741 2639 cunctis
1807 2582 1996 2651 liquet.
2033 2580 2183 2647 Quo-

593 2684 737 2737 circa
779 2682 954 2736 tribus
998 2679 1176 2734 modis
1200 2677 1508 2733 ostenditur
1560 2690 1715 2730 suam
1745 2674 2048 2729 doctrinam
2090 2689 2189 2729 ex-

594 2775 825 2844 plicasse
844 2772 1155 2837 Dominum,
1180 2780 1236 2826 et
1256 2770 1364 2825 alia
1381 2769 1599 2839 quidem
1624 2776 1883 2838 tanquam
1910 2767 2189 2822 hominem

595 2867 904 2933 disserere;
937 2873 998 2919 ut
1021 2863 1369 2935 praepositum
1410 2860 1743 2932 capitulum;
1773 2867 1827 2915 et
1864 2860 2035 2915 illud:
2072 2859 2190 2914 Tri-

597 2957 692 3011 stis
722 2965 794 3010 est
816 2956 999 3009 anima
1024 2971 1138 3009 mea
1163 2969 1325 3024 usque
1356 2953 1426 3006 ad
1444 2962 1667 3007 mortem
1685 2951 1754 3001 ".
1780 2950 2024 3020 Itemque
2052 2951 2187 3005 hoc:

600 3047 757 3102 Nunc
785 3047 967 3101 anima
997 3062 1114 3100 mea
1140 3045 1352 3099 turbata
1383 3054 1457 3098 est
1477 3043 1540 3097 ⁷⁸.
1572 3042 1849 3097 Interdum
1881 3056 2010 3097 vero
2044 3038 2190 3111 loqui

599 3147 660 3193 ut
698 3139 905 3206 Deum;
950 3137 1167 3208 quando
1209 3152 1407 3207 nempe
1440 3136 1553 3191 ait:
1587 3135 1701 3205 Ego
1728 3143 1777 3189 et
1805 3134 1971 3188 Pater
2026 3150 2188 3187 unum

2282 594 2538 664 οὐρανὸν,
2574 591 2625 645 εί
2661 590 2737 661 μὴ
2772 588 2867 642 τόν
2897 590 2963 641 ὲκ
2995 586 3092 639 τοῦ
3122 584 3357 656 οὐρανοῦ
3381 583 3725 646 καταϐάντα,
3754 585 3868 636 tau-

2280 687 2375 741 τὸν
2410 685 2717 758 σημαίνων,
2768 683 2859 737 διά
2897 699 2958 735 τε
2994 682 3093 754 τῆς
3126 680 3451 743 ἀναϐάσεως
3497 680 3591 733 καὶ
3634 680 3867 731 καταεὰο

2285 798 2448 845 σεως,
2487 779 2577 833 διὰ
2610 778 2673 831 τὸ
2708 776 2783 849 μὴ
2814 775 3079 829 δύνασθαι
3111 773 3503 842 διαζευχθῆναι
3532 770 3631 837 τῆς
3669 770 3866 839 ἀνθρω-

2285 872 2525 942 πότητος
2545 868 2639 923 τὸν
2659 867 2795 921 Θεὸν
2814 867 3013 935 Λόγον,
3034 859 3095 920 οἶδ
3114 882 3279 935 φησιν
3297 861 3725 932 κατεληλυθέναι
3742 863 3757 927 (
3774 864 3859 922 18],

2302 963 2597 1019 Ἀνάϐασιν
2631 962 2732 1034 μέν
2774 978 2882 1028 τοι,
2938 960 2998 1013 οὐ
3055 959 3155 1029 τὴν
3207 958 3348 1028 μετὰ
3389 956 3590 1027 σαρκὸς
3639 955 3861 1008 ἐνταῦθα

2284 1057 2457 1126 λέγει,
2489 1054 2630 1110 ἀλλὰ
2653 1055 2755 1128 τὴν
2784 1054 2927 1125 ὑπὲρ
2953 1051 3232 1122 διαφόρων
3259 1049 3505 1121 ἀρχαίων
3526 1046 3854 1114 οἰκονομιῶο,

2286 1151 2416 1222 περὶ
2430 1142 2507 1203 ὧν
2533 1165 2700 1219 φησιν
2723 1145 2991 1219 ἠΓραφήο
3020 1143 3219 1211 Ἀνέϐη
3244 1146 3276 1197 ὀ
3299 1143 3443 1207 Θεὸς
3462 1141 3854 1208 ἀπὸἈΕίαὰμ,

2285 1244 2451 1314 ἡνίκα
2489 1241 2773 1296 ἐπαύσατο
2814 1238 2997 1292 λαλεῖν
3028 1234 3178 1306 αὑτῷ
3201 1275 3216 1297 ,
3247 1235 3344 1289 καὶ
3389 1235 3489 1288 ὅσα
3532 1232 3775 1287 τοιαῦτα.
3805 1234 3853 1284 Ei

2285 1335 2345 1389 δὲ
2393 1335 2522 1389 Υίὸν
2568 1331 2863 1405 ἀνθρώπου
2896 1329 3058 1384 καλεί
3099 1326 3241 1396 μετὰ
3286 1327 3387 1397 τὴν
3434 1324 3852 1396 σάρκωσινῌθ).

2285 1431 2378 1485 τὸν
2408 1430 2541 1484 Θεὸν
2570 1428 2772 1497 Λόγον,
2798 1428 2860 1481 οὐ
2891 1426 3232 1497 θαυμαστόν
3258 1422 3449 1493 ἐπειδὴ
3486 1420 3582 1475 καὶ
3622 1420 3854 1490 βασιλεὺς

2287 1524 2383 1578 καὶ
2426 1522 2754 1593 στρατηγὸς,
2792 1519 2961 1591 ἀγρὸν
2994 1516 3309 1590 ἠγορακὼς,
3342 1515 3377 1586 ἢ
3413 1513 3579 1584 γάμῳ
3609 1511 3851 1565 cavam-

2289 1615 2387 1681 ξας
2433 1615 2543 1688 πρὸ
2589 1618 2691 1687 τῆς
2740 1613 3021 1684 βασιλείας
3072 1611 3295 1681 καὶτῆς
3338 1607 3697 1680 στρατηγίας,
3721 1607 3852 1675 ὅμως

2291 1708 2430 1782 μετὰ
2464 1707 2641 1763 ταῦτα
2672 1706 2917 1776 λέγεται,
2949 1707 3033 1760 ὅτι
3080 1704 3337 1777 βασιλεὺς
3383 1701 3477 1756 τὸν
3515 1700 3681 1771 ἀγρὸν
3709 1700 3851 1770 iam}

2289 1820 2424 1859 σατο
2448 1802 2481 1874 ἢ
2507 1802 2537 1856 ό
2568 1800 2898 1873 στρατηγός.

2947 1908 3217 1980 Ἀπορία.

2360 2010 2484 2074 Πῶς
2509 2009 2601 2063 τὸν
2628 2008 2832 2079 Κύριον
2866 2007 3155 2078 εἰρηκέναι
3184 2006 3298 2068 τοῖς
3346 2001 3649 2064 Ἰουδαίοις,
3680 2000 3843 2065 ἔλεγεν

2300 2103 2580 2175 Ἰωάννης·
2619 2102 2758 2171 Ἐγὼ
2782 2103 2880 2155 καὶ
2902 2103 2935 2155 ὁ
2961 2098 3168 2167 Πατὴρ
3190 2097 3260 2152 ἓν
3279 2098 3501 2167 ἐσμεν·
3528 2094 3687 2149 αὐτοῦ
3714 2097 3844 2162 εἱρηο

2287 2196 2468 2262 κότος,
2503 2195 2603 2268 τὴν
2656 2194 2896 2267 ἐσχάτην
2949 2192 3169 2265 ἡμέραν
3230 2191 3367 2263 μηδὲ
3412 2190 3544 2252 τοὺς
3586 2189 3839 2257 ἀγγέλους,

2291 2288 2429 2361 μηδὲ
2458 2290 2550 2343 τὸν
2586 2288 2714 2342 Υίὸν
2754 2287 2982 2352 εἰδέναι,
3015 2284 3157 2339 ἀλλά
3194 2284 3357 2356 μόνον
3387 2282 3480 2336 τὸν
3513 2282 3757 2353 Πατέρα;

2975 2402 3192 2467 Λύσις.

2365 2495 2490 2550 Ὅτι
2538 2496 2631 2551 τὸν
2665 2496 2774 2551 τῶν
2820 2493 3033 2549 αἰώνων
3089 2494 3321 2564 ποιητὴν
3374 2492 3593 2565 ἡμέραν
3643 2491 3674 2561 ἢ
3716 2490 3835 2560 ὥραν

2289 2590 2561 2662 ἀγνοῆσαι
2606 2592 2910 2662 ἀμήχανον,
2959 2587 3122 2642 τοῦτο
3177 2589 3315 2642 πᾶσι
3365 2586 3546 2656 δῆλον.
3580 2584 3733 2637 Ὅθεν
3757 2584 3837 2635 iti-

2291 2701 2489 2738 κνυται
2522 2684 2667 2737 κατὰ
2698 2686 2849 2755 τρεῖς
2880 2682 3121 2754 τρόπους
3163 2681 3262 2753 τὴν
3301 2679 3470 2734 αὐτοῦ
3520 2677 3834 2732 διδασκαλίαν

2292 2773 2552 2829 ἐκθέσθαι
2582 2775 2675 2829 τὸν
2708 2774 2942 2846 Κύριον.
2978 2775 3090 2828 Καὶ
3123 2773 3193 2827 τὰ
3222 2773 3321 2844 μὲν
3344 2773 3418 2835 ὡς
3451 2771 3728 2842 ἄνθρωπον
3747 2769 3835 2821 διι-

2291 2866 2573 2936 λέγεσθαι’
2607 2866 2684 2929 ὼς
2719 2868 2780 2920 τὸ
2810 2864 3076 2939 προτεθὲν
3104 2865 3425 2935 κεφάλαιον*
3452 2866 3548 2917 καὶ
3587 2863 3666 2927 τὸ,
3696 2862 3833 2928 Περί·

2290 2960 2490 3024 λυπός
2521 2960 2696 3013 ἐστιν
2722 2958 2760 3026 ἡ
2798 2959 2969 3029 ψυχή
3009 2977 3132 3029 μου
3164 2958 3278 3026 ἕως
3331 2956 3614 3013 θανάτου·
3647 2956 3733 3008 καὶ
3773 2953 3832 3017 τί,

2292 3052 2422 3106 Νῦν
2452 3054 2490 3121 ἠ
2536 3052 2709 3122 ψυχή
2760 3068 2880 3122 μου
2936 3050 3311 3119 τετάρακται.
3346 3049 3484 3101 Ποτὲ
3513 3048 3569 3100 δὲ
3597 3046 3667 3109 ὡς
3706 3045 3831 3098 Θεὸν·

2293 3145 2370 3197 ὅτ’
2411 3144 2475 3198 ἄν
2518 3160 2705 3214 φησιν·
2755 3142 2900 3212 Ἐγὼ
2948 3144 3045 3197 καὶ
3083 3146 3117 3198 ὁ
3152 3141 3356 3211 Πατὴρ
3393 3140 3463 3195 ἓν
3508 3140 3715 3209 ἐσμεν·
3747 3138 3834 3199 καὶ,

599 3248 800 3287 sumus.
827 3232 894 3287 Et
917 3248 930 3284 :
961 3230 1293 3302 Quacunque
1321 3230 1471 3284 habet
1494 3228 1675 3295 Pater,
1702 3245 1818 3283 mea
1848 3236 1967 3281 sunt
1988 3227 2053 3291 ⁷⁵,
2082 3241 2185 3281 cae-

2298 3238 2430 3291 ’Ὄτι
2450 3236 2569 3289 ὅσα
2596 3236 2724 3305 ἔχει
2752 3239 2785 3290 ὁ
2817 3235 3039 3305 Πατὴρ,
3062 3235 3174 3305 ἐμά
3195 3238 3333 3289 εἰσιν
3370 3235 3464 3288 καὶ
3496 3234 3595 3287 ὅσα
3626 3231 3833 3285 τοιαῦτα.

601 3335 825 3396 teraque
853 3324 1070 3380 similia.
1112 3323 1392 3379 Interdum
1422 3323 1502 3377 uti
1536 3322 1707 3376 Deum
1765 3327 1822 3375 et
1888 3319 2187 3384 hominem,

599 3419 742 3475 sicut
773 3434 898 3474 cum
924 3418 1056 3474 dicit
1083 3434 1097 3472 :
1132 3415 1243 3488 Ego
1273 3433 1391 3470 sum
1422 3416 1597 3485 panis,
1627 3414 1718 3485 qui
1747 3414 1810 3468 de
1833 3412 1957 3467 caelo
1982 3414 2193 3467 descen-

601 3513 655 3565 di
678 3514 743 3565 ⁷⁸.
772 3512 935 3567 Panis
960 3512 1128 3577 enim,
1152 3526 1351 3581 corpus
1375 3517 1478 3575 est,
1507 3519 1563 3564 et
1582 3509 1745 3573 Deus,
1772 3508 1862 3576 qui
1886 3507 2188 3562 descendit.

602 3604 667 3659 Et
697 3621 823 3660 cum
852 3605 1017 3661 dicit:
1046 3604 1369 3658 Potestatem
1389 3604 1552 3655 habeo
1581 3601 1810 3670 ponendi
1847 3600 2106 3666 animam,
2143 3610 2191 3652 et

602 3704 794 3755 iterum
821 3698 1061 3753 sumendi
1085 3712 1203 3750 eam
1224 3696 1288 3748 ⁷⁷.
1315 3693 1530 3749 Etenim
1562 3708 1628 3748 ex
1660 3700 1959 3763 postestate
1988 3706 2193 3761 ponere

601 3804 657 3849 et
673 3806 910 3856 sumere,
930 3787 1231 3846 divinitatis
1247 3795 1332 3841 est
1351 3803 1365 3851 ;
1384 3785 1565 3839 anima
1586 3795 1790 3849 autem,
1816 3783 2191 3838 humanitatis.

602 3881 718 3937 Hoc
749 3895 910 3951 porro
963 3878 1016 3932 in
1075 3878 1194 3932 loco
1224 3874 1587 3947 ignorantiam
1656 3890 1769 3944 prae
1795 3889 1853 3927 se
1906 3873 2049 3939 tulit,
2083 3887 2192 3943 quo

603 3973 995 4044 discipulorum
1038 3969 1413 4025 curiositatem
1475 3978 1887 4036 compesceret;
1918 3981 1987 4021 ne
2047 3980 2191 4037 aegre

602 4068 812 4122 ferrent
838 4085 853 4132 ;
880 4064 1024 4137 quod
1047 4079 1156 4120 non
1187 4062 1308 4133 soli,
1339 4062 1435 4119 sed
1465 4071 1522 4117 et
1552 4076 1677 4116 cum
1709 4060 1913 4132 angelis
1945 4060 2087 4115 diem
2126 4059 2189 4113 il-

602 4163 716 4219 lum
747 4164 1076 4236 ignorarent.

1148 4276 1438 4348 Dilﬁcultas
1464 4291 1618 4329 χχιιι.

673 4372 902 4445 Propter
931 4372 1060 4443 quid
1086 4370 1288 4428 Judxis
1317 4371 1454 4425 dixit
1479 4368 1776 4423 Dominus:
1813 4372 2002 4426 Omnes
2032 4380 2187 4443 quot-

604 4480 723 4546 quot
756 4479 1002 4521 venerunt
1033 4476 1155 4519 ante
1178 4481 1278 4529 me,
1313 4466 1452 4534 fures
1500 4473 1549 4517 et
1580 4463 1811 4518 latrones
1825 4474 1946 4518 sunt
1972 4466 2061 4519 7°?
2102 4469 2183 4521 An

601 4568 768 4640 igitur
805 4567 981 4622 Moses
1009 4569 1060 4621 et
1092 4559 1371 4636 prophetae
1402 4557 1639 4612 latrones
1671 4557 1869 4612 erant?

671 4836 715 4868 ⁷ο
738 4835 876 4892 Gen.
910 4851 1022 4891 xvu
1046 4876 1059 4900 ,
1112 4836 1203 4892 22.
1317 4836 1361 4868 ’ί
1395 4835 1555 4891 Joan.
1590 4852 1621 4890 χ
1645 4876 1660 4900 ,
1704 4836 1793 4892 50.

1903 4838 1949 4869 τ’
1983 4835 2174 4893 Matth.
2220 4853 2349 4894 xxrv
2375 4880 2390 4904 ,
2422 4830 2521 4893 56.

2296 3330 2434 3384 Ποτὲ
2482 3329 2539 3382 δὲ
2583 3329 2659 3393 ὼς
2699 3328 2833 3382 Θεὸν
2872 3330 2968 3383 καὶ
3016 3330 3342 3401 ἄνθρωπον⁸
3376 3329 3452 3391 ὡς
3502 3328 3579 3380 ὅτ’
3610 3324 3673 3380 ἂν
3698 3323 3833 3389 λέγει’

2306 3422 2453 3492 Ἐγώ
2481 3424 2601 3493 ειμι
2652 3426 2686 3477 ὁ
2731 3422 2909 3491 ἄρτος
2943 3425 2977 3477 ὁ
3006 3422 3076 3475 ἐκ
3134 3422 3243 3476 τοῦ
3277 3418 3543 3490 οὐρανοῦ
3587 3414 3831 3479 καταϐάς.

2297 3516 2498 3587 Ἀρτος
2526 3515 2635 3584 γὰρ
2680 3515 2740 3568 τὸ
2773 3514 2956 3585 σῶμα,
2993 3514 3129 3577 Θεὸς
3176 3514 3233 3567 δὲ
3280 3515 3310 3569 ὁ
3343 3511 3611 3576 καταϐάς.
3648 3510 3745 3563 Καὶ
3776 3506 3832 3559 ὅτ’

2294 3607 2360 3662 ἂν
2388 3608 2559 3676 λέγει·
2604 3606 2927 3672 Ἐξουσίαν
2954 3607 3073 3677 ἔχω
3127 3606 3315 3662 θεῖναι
3370 3607 3473 3677 τὴν
3523 3605 3716 3676 ψυχὴν,
3760 3602 3832 3654 καὶ

2293 3702 2484 3756 πάλιν
2511 3702 2720 3756 λαϐεῖν
2758 3701 2973 3770 αὐτήν.
3009 3702 3083 3754 Τὸ
3113 3701 3221 3773 γάρ
3258 3701 3381 3754 κατ’
3415 3700 3662 3767 ἐξουσίαν
3696 3698 3829 3751 θεῖναι

2294 3794 2391 3846 καὶ
2420 3794 2632 3858 λαϐεῖν,
2663 3792 2954 3864 θεότητος*
2990 3794 3023 3864 ἠ
3071 3793 3127 3847 δὲ
3181 3792 3332 3864 ψυχὴ
3354 3834 3371 3858 ,
3431 3791 3826 3865 ἀνθρωπότητος.

2307 3882 2574 3937 Ἐνταῦθα
2605 3885 2702 3956 μὲν
2728 3884 2827 3956 τὴν
2854 3884 3102 3953 ἄγνοιαν,
3132 3887 3245 3939 τῶν
3282 3885 3545 3957 μαθητῶν
3564 3885 3625 3939 τὸ
3649 3882 3828 3955 περίερ-

2293 3994 2390 4046 γον
2437 3978 2754 4031 ἀναστεῖλαι
2800 3977 3166 4049 βουλόμενος,
3209 3978 3616 4051 προεϐάλλετοο
3659 3976 3735 4030 ἵνα
3770 3975 3825 4045 μὴ

2292 4069 2624 4140 άσχαλῶσινο
2665 4070 2742 4135 ὡς
2792 4072 2854 4125 οὑ
2903 4072 3077 4142 μόνοι,
3110 4072 3251 4126 ἀλλὰ
3299 4072 3400 4127 καὶ
3453 4071 3594 4142 μετὰ
3624 4068 3821 4140 ἀγγέλου

2289 4163 2390 4234 τὴν
2422 4164 2641 4236 ἡμέραν
2673 4165 2894 4237 ἐκείνην
2924 4166 3279 4235 ἀγνοοῦντες.

2928 4319 2931 4341 ι
2954 4278 3209 4348 Ἀπορία.

2360 4371 2515 4425 Διατί
2549 4374 2662 4436 τοῖς
2720 4372 2999 4438 Ἰουδαίοις
3048 4373 3236 4441 ἔλεγεν
3286 4373 3315 4427 ό
3356 4373 3563 4445 Κύριος
3591 4389 3604 4402 ’
3638 4370 3817 4435 Πάντες

2291 4463 2425 4518 ὅσοι
2450 4460 2642 4536 ἦλθον
2669 4465 2785 4534 πρὸ
2810 4466 2978 4535 ἐμοῦ,
3017 4466 3273 4521 κλέπται
3298 4466 3395 4519 καὶ
3418 4466 3640 4535 λῃσταί
3664 4467 3815 4522 εισιι-;

2289 4551 2441 4628 1Ἀρα
2470 4557 2565 4611 οὖν
2595 4557 2793 4630 λῃσταὶ
2839 4560 3082 4632 Μωῡσῆς
3118 4560 3215 4614 καὶ
3244 4561 3295 4614 οἱ
3324 4560 3605 4631 προφῆται
3634 4557 3815 4627 ἐτύγχα-

2216 4668 2262 4725 ι)
2289 4667 2418 4719 νον;

2629 4829 2676 4861 ⁷³
2713 4828 2904 4895 Matth.
2946 4846 3071 4890 xxv:
3100 4872 3120 4901 ,
3156 4831 3244 4892 58.
3354 4832 3400 4864 ⁷⁸
3425 4832 3593 4901 Jean,
3622 4829 3811 4904 τιμίω.

604 4904 649 4938 ’⁵
684 4905 841 4961 Joan.
876 4924 988 4971 xvr,
1028 4906 1115 4962 15.
1191 4908 1239 4940 ’⁸
1267 4905 1427 4962 Joan.
1452 4922 1530 4972 vr,
1561 4907 1652 4961 41.
1729 4909 1770 4941 ⁷⁷
1796 4906 1959 4962 Joan.
1985 4925 2039 4975 x,
2071 4909 2157 4964 18.

2312 4909 2447 4965 ibid.
2485 4910 2539 4964 8.

2140 5088 2378 5149 NOTAE.

682 5246 796 5319 (18)
826 5240 910 5301 Οὖ
940 5263 1133 5317 φησιν
1158 5246 1656 5319 κατεληλυθέναι.
1688 5247 1747 5302 In
1776 5264 1879 5303 ms.
1912 5249 2182 5319 scriptum

606 5326 727 5371 erat
742 5316 803 5371 οὒ
836 5335 1005 5388 φησιν
1025 5359 1039 5383 ,
1064 5318 1211 5386 quod
1231 5320 1534 5374 mutatione
1558 5329 1818 5375 accentus
1831 5316 2044 5376 correxi
2068 5338 2084 5387 ;
2106 5322 2186 5375 si-

605 5389 829 5458 mulque
862 5389 1178 5458 recordatus
1204 5404 1323 5442 sum
1355 5392 1459 5445 loci
1496 5389 1772 5445 Plutarchi
1794 5391 1932 5445 libro
1964 5390 2039 5446 De
2068 5408 2188 5446 ma-

608 5457 849 5530 lignitate
894 5457 1187 5525 Herodoti,
1246 5475 1409 5529 quem
1474 5470 1601 5514 ante
1653 5462 1862 5527 aliquot
1902 5476 2077 5519 annos
2120 5478 2189 5518 ex

604 5531 961 5599 professionis
1001 5546 1136 5586 mea:
1170 5530 1348 5585 cilicio
1397 5531 1641 5601 legebam
1666 5570 1680 5593 ,
1716 5532 1798 5584 ἔτι
1845 5534 2029 5587 τοίνυν
2076 5537 2191 5597 τοῖς

604 5602 701 5653 ἀπ’
748 5602 969 5665 εὐθείας
1000 5603 1062 5655 οὐ

603 5671 890 5755 ἐπικαλεῖν
937 5672 1396 5755 καξθραισύτητα
1438 5672 1535 5755 καὶ
1576 5674 1799 5755 μανίαν,
1844 5673 1939 5726 ἐὰν
1972 5676 2051 5744 μὴ
2087 5692 2188 5755 με·

604 5741 926 5822 τριάζωσινθ
968 5743 1070 5822 Ub_i
1112 5741 1418 5822 interpres:
1460 5741 1631 5798 Porro
1661 5746 1751 5822 qui
1796 5741 1985 5822 aperte
2020 5741 2192 5822 nith

606 5811 785 5894 dicere
828 5813 1067 5894 volunt.“
1112 5811 1471 5894 morositatem
1510 5811 2188 5894 exprobrarehferoeiam,

609 5884 899 5949 insaniam,
936 5884 1038 5939 nisi
1086 5888 1300 5940 modum
1349 5895 1573 5942 servent.
1620 5884 2190 5958 Conjecta‘bam‘vero

1098 5601 1383 5671 βούλονται
1412 5602 1601 5664 κακῶς
1635 5601 1857 5670 λέγουσι
1894 5602 2189 5658 δυσκολίαν
2242 5602 2245 5607 λ

2294 5267 2398 5323 ego
2427 5250 2589 5307 scribi
2625 5249 2827 5323 debere
2856 5248 2973 5323 ἐστι
2998 5257 3053 5304 et
3078 5250 3140 5304 οὒ
3181 5251 3283 5323 hoc
3312 5261 3396 5306 est
3430 5268 3443 5305 :
3482 5271 3500 5304 ι
3530 5251 3673 5308 Licet
3697 5248 3815 5321 igitur

2296 5321 2366 5378 iis
2386 5322 2477 5392 qui
2503 5330 2654 5377 recta
2680 5321 2771 5376 ubi
2800 5322 2991 5375 volunt
3022 5322 3373 5388 maledicunt,
3402 5334 3534 5387 etc.,
3571 5324 3613 5378 si
3649 5325 3814 5375 modum

2295 5408 2409 5448 non
2474 5402 2753 5464 servent»
2836 5392 3078 5461 Eamque
3132 5394 3531 5461 conjecturam,
3583 5394 3695 5464 quia
3740 5405 3815 5444 non

2298 5463 2588 5588 displiget,
2625 5463 2713 5519 hic
2751 5479 2818 5518 ex
2848 5464 3137 5518 occasione
3177 5478 3487 5534 proponere
3528 5463 3695 5537 operae
3726 5476 3814 5532 pre-

2324 5548 2434 5588 ium
2504 5550 2613 5588 uxr.

2298 5543 2434 5590 tium
2464 5543 2613 5591 duxi.

2374 5606 2483 5676 (19)
2512 5603 2673 5659 Μετὰ
2705 5602 2820 5670 τὴν
2853 5602 3183 5669 σάρκωσιν.
3234 5604 3444 5676 Sensus
3488 5615 3604 5673 est,
3638 5613 3738 5676 post
3760 5603 3815 5657 in~

2297 5675 2670 5731 carnationem
2698 5683 2997 5745 peractam,
3034 5676 3163 5729 dum
3195 5676 3264 5732 de
3297 5675 3479 5731 Verbo
3514 5675 3731 5731 nondum
3756 5677 3813 5745 in:

2299 5757 2526 5802 earnato
2563 5744 2745 5800 sermo
2791 5745 3045 5806 habetur,
3102 5761 3304 5801 nomen
3347 5747 3470 5801 Filii
3505 5750 3721 5803 hominis
3746 5744 3812 5813 ipsi

2300 5817 2555 5891 inditum.
2590 5816 2725 5891 Vide
2759 5816 2804 5891 si
2832 5824 2990 5891 vacat
3033 5815 3326 5889 Origenem
3366 5819 3422 5873 in
3471 5819 3721 5891 principio
3742 5817 3812 5870 liu-

2298 5886 2461 5943 miliae
2492 5901 2652 5943 nonae
2680 5887 2734 5943 in
2757 5885 3076 5943 Jeremiam.
