4006 6404
167 339 320 407 1413

861 460 1079 527 Λύσις.

118 574 147 587 δ’
244 549 826 622 Καταστοχασάμενος
856 551 1103 615 διάϐολος
1134 551 1235 623 τῆς
1273 550 1515 622 Χριστοῦ
1552 570 1764 625 παρου-

166 648 327 715 σίας,
344 648 537 718 ἤγειρε
560 644 669 717 πρὸ
684 644 867 714 ὀλίγου
894 645 992 716 τῆς
1013 644 1180 698 αὐτοῦ
1200 644 1517 716 ἐπιδημίας,
1539 662 1766 698 στασια-

168 741 313 805 στάς
345 756 523 804 τινας,
553 739 683 802 τοὺς
732 738 865 809 περὶ
893 738 1104 791 Θευδᾶν
1137 739 1235 791 καὶ
1281 738 1507 802 Ἰούδαν,
1550 740 1767 802 ἑαυτοῖς

165 833 339 898 δόξαν
360 833 750 903 ἁρπάσαντας,
774 832 871 884 καὶ
896 831 1024 896 τοὺς
1058 830 1387 895 πεισθέντας
1418 832 1602 895 αὐτοῖς
1635 832 1767 885 ἁνα-

169 925 520 989 στώσαντας·
555 925 723 978 οἱκαὶ
756 923 1157 993 διελύθησαν,
1193 924 1340 977 καθὰ
1374 924 1452 994 τῷ
1481 923 1767 995 Γαμαλιὴλ

169 1020 420 1089 εἴρηται.
462 1017 688 1081 Τούτοις
726 1017 912 1069 τοίνυν
945 1016 1033 1070 διὰ
1064 1016 1275 1070 τούτων
1320 1016 1642 1079 αἰνίττεται,
1671 1015 1766 1068 καὶ

170 1111 297 1163 ὅσοι
332 1110 541 1163 τούτων
592 1109 834 1180 ζηλωταὶ
866 1109 1178 1178 γεγόνασιν.
1216 1108 1500 1172 Μωυσέως
1545 1108 1646 1179 μέν
1683 1125 1766 1163 τοι

170 1202 274 1254 καὶ
303 1198 413 1253 τῶν
444 1200 764 1271 προφητῶν,
792 1199 1072 1269 ἤκουσαν
1100 1200 1171 1256 τὰ
1196 1200 1480 1269 πρόϐατα.

851 1297 1109 1364 Ἀπορία.

249 1389 415 1453 Τίνος
449 1389 611 1461 χάριν
646 1387 926 1452 Ματθαῖος
960 1388 1059 1459 τὴν
1112 1388 1326 1460 μητέρα
1357 1389 1468 1442 τῶν
1502 1387 1637 1441 υἱῶν
1667 1389 1768 1442 Ζε-

175 1482 403 1537 ϐεδαίου
439 1482 665 1553 αἰτῆσαι
719 1482 818 1553 τὴν
852 1484 916 1534 ὲκ
960 1480 1153 1546 δεξιῶν
1186 1482 1461 1554 καθέδραν
1486 1484 1599 1545 τοῖς
1634 1480 1767 1545 υἱοῖς

174 1576 275 1629 τὸν
312 1575 518 1647 Κύριον
549 1575 805 1645 ἱστόρησε
833 1591 847 1605 ·
899 1574 1129 1643 Μάρκος
1176 1573 1232 1626 δὲ
1270 1575 1369 1628 οὐκ
1403 1573 1598 1644 αὐτὴν,
1632 1572 1770 1631 ἀλλὰ

176 1667 313 1732 τοὺς
344 1668 495 1729 υἱοὺς
528 1665 688 1720 τοῦτο
717 1667 945 1738 αἰτῆσαι
980 1666 1231 1734 ὲξέθετο;

868 1758 1083 1824 Λύσις.

1557 347 2079 418 QUIESTIONES.

2553 462 2781 520 Salutio.

1938 553 2269 623 Conjectans
2315 554 2565 612 diabolus
2602 558 2898 613 adventum
2949 557 3173 625 Christi,
3207 562 3464 618 excitavit

1868 644 2032 713 paulo
2055 655 2181 699 ante
2213 661 2374 715 quam
2396 646 2629 713 veniret,
2648 649 2939 706 seditiosos
2965 652 3254 721 quosdam,
3276 654 3429 709 Theu
3444 685 3461 695 ο

1867 736 1990 790 dam
2043 746 2099 791 et
2150 736 2345 793 Judam
2389 754 2515 794 cum
2551 742 2898 812 sequacibus,
2954 745 3046 814 qui
3080 747 3307 818 gloriam
3357 748 3459 803 sibi

1867 825 2238 894 arripuerunt,
2267 827 2505 899 ipsisque
2551 831 2895 891 adhaerentes
2938 836 3004 890 ad
3040 838 3331 892 tumultum
3359 839 3461 893 im-

1867 916 2128 986 pulerunt
2155 934 2169 982 ;
2198 919 2292 988 qui
2327 929 2381 975 et
2404 922 2647 991 dissipati
2666 938 2784 980 sunt
2806 928 2871 993 τ’,
2902 939 3015 983 uta
3051 928 3349 985 Gamaliele
3377 932 3460 985 di-

1867 1017 2015 1062 ctum
2048 1018 2150 1065 est.
2178 1010 2290 1066 Hos
2326 1010 2510 1083 itaque
2540 1031 2639 1085 per
2665 1017 2782 1073 haec
2830 1021 2995 1075 verba
3024 1022 3296 1094 designat,
3330 1025 3459 1079 reli-

1866 1116 2112 1172 quosque
2134 1104 2226 1174 qui
2254 1119 2349 1162 eos
2370 1108 2609 1164 aemulati
2633 1120 2781 1167 sunt.
2810 1113 2880 1169 At
2902 1112 3090 1170 Mosen
3134 1124 3189 1171 et
3215 1116 3457 1187 praphe-

1868 1201 1951 1250 tas
1975 1211 2091 1250 oves
2122 1199 2427 1255 audierunt.

2422 1290 2715 1362 Difﬁcultas
2750 1310 2902 1353 χχιιι.

1939 1376 2301 1444 Quamobrem
2335 1380 2623 1441 Matthaeus
2642 1388 2828 1444 retulit
2851 1399 3077 1445 matrem
3097 1389 3327 1445 ﬁliorum
3357 1389 3459 1443 Ze-

1868 1468 2041 1525 bedaei
2088 1472 2310 1541 petiisse
2358 1489 2388 1529 a
2415 1475 2644 1533 Domino
2674 1480 2801 1536 ﬁliis
2844 1483 3028 1537 sedem
3059 1499 3088 1536 a
3131 1483 3336 1538 dextris
3365 1483 3455 1549 ";

1868 1558 2080 1617 Marcus
2103 1577 2235 1618 vero
2262 1577 2371 1618 non
2402 1563 2597 1637 ipsam,
2617 1571 2713 1626 sed
2755 1570 2897 1628 ﬁlios
2927 1571 2979 1628 id
2998 1573 3303 1643 postulasse
3332 1590 3457 1628 nar-

1870 1652 2012 1707 ravit
2032 1656 2075 1685 ⁸¹
2106 1656 2130 1709 ?

2548 1755 2774 1811 Salutio.

256 1852 536 1915 Ματθαῖος
559 1851 1087 1921 λεπτομερεστέρως
1111 1849 1213 1921 τὴν
1232 1848 1347 1921 ἅμα
1375 1851 1486 1913 τοῖς
1512 1850 1650 1911 υἱοῖς
1669 1848 1767 1919 τῆς

1943 1836 2227 1901 Matthaeus
2254 1846 2428 1919 fusius
2455 1859 2511 1905 et
2542 1851 2788 1906 exactius
2817 1850 3007 1906 matris
3035 1866 3143 1905 una
3183 1867 3304 1907 cum
3335 1850 3459 1907 ﬁliis

183 1945 400 2016 μητρὸς
432 1942 733 2015 πρεσϐείαν
760 1942 993 2007 ἐξέθετο·
1024 1943 1253 2013 Μάρκος
1301 1942 1357 1995 δὲ
1399 1941 1765 2012 βραχυλογίας

181 2039 335 2092 πάνυ
385 2036 788 2108 πεφροντικὼς,
825 2035 988 2106 μόνον
1020 2035 1128 2089 τῶν
1159 2034 1294 2092 υἱῶν
1333 2035 1763 2107 ἐμνημόνευσεν·

179 2130 325 2201 ὅπερ
360 2130 733 2199 δναντιολογία
762 2130 863 2183 ούκ
892 2129 1055 2183 ἔστιν.

852 2221 1117 2289 Ἀπορία.

260 2309 387 2373 Πῶς
423 2312 451 2364 ὁ
484 2312 704 2375 Λουκᾶς
743 2311 837 2365 τὸν
870 2310 1079 2381 Κύριον
1105 2310 1282 2364 εἰπεῖν
1333 2310 1448 2375 τοῖς
1489 2308 1769 2375 Ἰουδαίοις

184 2403 509 2474 ικθέμενοςο
536 2406 619 2458 Οὐ
648 2403 733 2473 μή
762 2420 839 2473 με
883 2402 1049 2472 ἴδητε
1072 2402 1292 2472 ἁπάρτι
1318 2402 1428 2469 ἕως
1449 2400 1527 2457 ἂν
1541 2402 1767 2470 εἴπητε·

190 2494 619 2565 Εὐλογημένος
646 2499 678 2549 ό
714 2494 1039 2564 ἐρχόμενος
1090 2494 1160 2547 ἐν
1210 2494 1455 2564 ὀνόματι
1511 2493 1767 2561 Κυρίου·

189 2588 560 2657 συγγενέσθαι
591 2592 705 2653 τοῖς
739 2590 1038 2655 Ἰουδαίοις,
1071 2591 1386 2660 συμφαγεῖν
1406 2606 1466 2642 τε
1492 2588 1653 2643 αὑτὸν
1679 2588 1772 2642 καὶ

188 2682 545 2754 διαλεχθῆναι
594 2683 690 2736 καὶ
745 2682 1237 2755 θαυματουργῆσαι
1282 2683 1377 2736 ἐπὶ
1405 2683 1656 2735 πλεῖστον
1681 2680 1774 2749 ἐξ·

192 2771 382 2837 έθετο;
428 2772 553 2836 Πῶς
595 2772 652 2825 δὲ
685 2773 1020 2842 ἀπαγγεῖλαι
1067 2773 1146 2845 τῷ
1193 2773 1409 2845 Ἡρώδῃ
1455 2775 1582 2837 τοὺς
1608 2774 1775 2845 Φαρι-

195 2865 387 2927 σαίους
418 2865 739 2927 ἐκέλευσεν,
784 2866 940 2920 Ἰδοὺ
987 2865 1101 2935 ἐγὼ
1155 2866 1429 2920 ἐκϐάλλω
1472 2866 1770 2936 δαιμόνια,

194 2956 298 3008 καὶ
340 2954 533 3020 ιάσεις
562 2954 817 3011 ἐπιτελῶ
848 2956 1118 3027 σήμερον
1156 2957 1255 3011 καὶ
1300 2958 1531 3027 αὔριον,
1564 2957 1664 3011 καί
1696 2955 1775 3027 τῇ

193 3049 363 3117 τρίτῃ
399 3049 758 3118 τελειοῦμαι.
789 3049 1180 3123 Μεθ’ςημέρας
1211 3052 1320 3123 γὰρ
1356 3050 1633 3117 πλείονας,
1682 3049 1775 3104 τὸν

197 3141 436 3213 σταυρὸν
467 3142 756 3213 ὑπέμεινε.

881 3234 1092 3303 Λύσις.

268 3327 344 3380 Τὸ
379 3328 597 3400 πρῶτον
650 3328 878 3398 ἄπορον,
932 3329 1139 3399 ταύτην
1193 3328 1307 3399 ἔχει
1359 3327 1460 3401 τὴν
1514 3327 1689 3383 λύσιν·
1720 3327 1779 3381 ὲν

196 3419 465 3491 Γαλιλαίᾳ
497 3424 563 3491 τῇ
593 3421 700 3474 ύπδ
738 3421 987 3491 Ἡρώδην
1018 3420 1271 3493 τελούσῃ,
1300 3421 1393 3475 τοῦ
1445 3420 1651 3492 Κυρίου
1697 3420 1780 3474 δι-

201 3514 432 3581 άγοντος
459 3515 555 3568 καὶ
586 3513 1155 3585 θαυματουργοὼτος,
1184 3516 1233 3567 oi
1262 3512 1371 3567 τῶν
1402 3514 1581 3568 ἐκεῖσε
1613 3514 1781 3585 Φαρι-

200 3607 397 3669 σαίων,
432 3606 481 3659 οί
510 3606 769 3676 φορτικὸν
804 3605 968 3659 αὑτὸν
1005 3604 1094 3659 διὰ
1121 3604 1191 3657 τὰ
1222 3598 1426 3676 σημεῖα
1456 3605 1551 3658 καλ⁹
1579 3603 1677 3675 τὴν
1702 3604 1779 3657 δι-

198 3699 503 3754 δασκαλίαν
556 3698 664 3752 ὑπὸ
716 3698 915 3767 φθόνου
946 3697 1205 3769 δρῶντες,
1253 3697 1347 3751 καὶ
1398 3698 1478 3761 είς
1502 3696 1606 3767 τὴν
1651 3697 1783 3749 ἰου-

196 3792 361 3845 δαίαν
393 3791 582 3845 ἐλάσαι
612 3790 957 3853 σπεύδοντες,
990 3789 1176 3855 ἔλεγον
1198 3787 1367 3858 αὐτῷ,
1399 3788 1502 3853 ὅτι,
1528 3787 1781 3853 Ἔξελθε

195 3884 503 3947 ἐντεῦθεν,
539 3883 613 3937 δι’
640 3883 729 3937 ὅτι
765 3881 1026 3951 Ἡρώδης
1050 3881 1209 3936 θέλει
1239 3895 1313 3934 σε
1348 3880 1611 3935 ἀνελεῖν.
1638 3880 1781 3952 Πρὸς

196 3974 295 4039 οὓς
316 3977 346 4029 ὁ
376 3976 604 4045 Κύριος,
634 3974 817 4037 συνεὶς
850 3973 969 4044 μεθ’
993 3974 1113 4037 οἵας
1142 3972 1385 4035 διανοίας
1408 3972 1567 4027 τοῦτο
1596 3972 1781 4037 ἔλεγον

200 4066 376 4138 αὐτῷ,
427 4067 780 4138 ἀπεκρίνατο·
813 4065 1238 4133 Πορευθέντες,
1279 4066 1484 4119 εἴπατε
1513 4063 1589 4133 τῇ
1629 4063 1782 4119 ἀλώ-

199 4174 343 4213 πεκι
370 4160 583 4228 ταύτῃ,
621 4158 825 4230 δηλαδὴ
850 4159 926 4230 τῷ
968 4158 1203 4231 Ἡρώδῃ,
1234 4157 1308 4221 ώς
1341 4155 1563 4227 δολερῷ,
1594 4156 1688 4210 καὶ
1712 4158 1781 4210 τὰ

202 4251 357 4323 ἑξῆς.
384 4251 457 4303 Τὸ
484 4246 579 4305 οὖν
621 4250 927 4305 Ἐκϐιίλλω
957 4249 1259 4319 δαιμόνια,
1292 4249 1391 4303 καὶ
1429 4248 1620 4314 ἰάσεις
1651 4248 1780 4302 ἑπι-

201 4342 362 4398 τελῶ
386 4342 657 4413 σήμερον
699 4341 798 4396 καὶ
830 4342 1059 4411 αὔριον,
1090 4341 1190 4405 τὰς
1236 4340 1451 4412 ἡμέρας
1486 4340 1639 4412 δηλοί
1680 4342 1781 4404 τὰς

202 4436 321 4501 δύο,
371 4437 428 4490 ὲν
462 4432 551 4499 αἷς
584 4437 703 4489 ἐκεῖ
730 4435 1028 4507 διατρίὸων
1068 4433 1525 4505 ὲθαυματούργει·
1568 4432 1687 4503 μεθ’
1714 4433 1782 4497 ἃς

1804 3194 1852 3258 C

1873 1945 2063 2001 preces
2086 1942 2374 2009 exposuit;
2401 1943 2613 1999 Marcus
2633 1946 2857 2012 ’autem,
2887 1944 3331 2016 breviloquentite
3372 1946 3461 2000 ad-

1874 2025 2095 2081 modum
2151 2033 2450 2101 studiosus,
2512 2036 2807 2092 liberorum
2864 2036 3130 2093 duntaxat
3172 2038 3455 2103 meminit;

1873 2113 2021 2181 quod
2043 2130 2153 2172 non
2183 2128 2263 2175 est
2286 2125 2593 2180 contrarius
2619 2141 2820 2181 sermo.

2443 2214 2738 2285 Diﬂicultas
2766 2234 2889 2273 xxv.

1945 2295 2193 2363 Quonam
2228 2316 2389 2373 pacto
2410 2321 2535 2361 cum
2568 2305 2742 2363 Lucas
2772 2309 3094 2379 prodiderit,
3128 2311 3328 2367 dixisse
3354 2311 3459 2367 Do-

1875 2388 2083 2446 minum
2109 2391 2310 2449 Judaeis
2333 2414 2346 2449 :
2383 2398 2503 2452 Non
2546 2416 2628 2454 me
2649 2401 2885 2455 videbitis
2915 2405 3107 2456 amodo
3127 2406 3290 2458 donec
3312 2406 3460 2458 dica—

1878 2480 1944 2534 tis
1969 2482 2064 2537 3’:
2109 2484 2420 2543 Benedictus
2474 2491 2565 2561 qui
2609 2493 2745 2545 venit
2776 2493 2830 2546 in
2885 2496 3090 2548 nomine
3136 2494 3347 2549 Domini
3390 2496 3458 2563 ",

1876 2574 2127 2630 eumdem
2155 2593 2280 2633 cum
2311 2578 2511 2636 Iudaeis
2539 2592 2951 2640 conversantem
2970 2626 2983 2650 ,
3019 2598 3457 2653 convescentem,

1879 2666 2262 2737 disserentem,
2288 2682 2343 2727 et
2375 2674 2519 2745 apud
2552 2691 2649 2731 eos
2685 2677 2946 2733 miracula
2968 2678 3255 2734 facientem
3288 2680 3460 2751 pluri-

1878 2758 1983 2815 bus
2007 2760 2317 2818 describat?
2352 2764 2635 2832 Quomodo
2662 2768 2848 2835 etiam,
2882 2768 3079 2825 Herodi
3113 2773 3273 2841 jussit
3307 2773 3459 2827 Pha-

1880 2852 2069 2910 risaeos
2094 2858 2441 2915 renuntiare:
2478 2861 2613 2915 Ecce
2637 2877 2736 2933 ego
2753 2863 2907 2931 ejicio
2941 2865 3225 2932 daemonia,
3251 2878 3300 2921 et
3318 2872 3465 2924 sani-

1882 2952 2017 3001 tates
2043 2950 2254 3018 perﬁcia
2276 2952 2427 3007 hodie
2443 2962 2491 3007 et
2514 2971 2651 3019 cras,
2677 2964 2725 3009 et
2758 2956 2911 3009 tertia
2933 2957 3016 3011 die
3042 2974 3372 3015 consummor
3392 2964 3459 3019 ⁸⁸.

1883 3037 2011 3096 Post
2058 3043 2257 3100 multos
2304 3045 2451 3102 enim
2496 3047 2635 3117 dies,
2664 3049 2843 3105 crucis
2904 3050 3229 3121 supplicium
3271 3071 3465 3126 passus

1882 3144 1985 3191 est.

2554 3235 2781 3294 Salutio.

1951 3323 2077 3381 Haec
2097 3325 2383 3383 dilﬁcultas
2401 3328 2554 3384 istam
2597 3331 2758 3387 habet
2789 3332 3153 3399 solutionem;
3195 3348 3318 3387 cum
3356 3333 3463 3387 Do-

1881 3414 2062 3469 minus
2086 3415 2308 3486 degeret
2332 3417 2389 3471 in
2413 3416 2648 3483 Galilaea,
2685 3436 2804 3490 qua:
2833 3419 3306 3492 Herodisimperio
3336 3424 3465 3477 sub-

1877 3508 2021 3579 jecta
2054 3519 2188 3576 erat,
2225 3511 2408 3581 ibique
2452 3513 2712 3568 miracula
2766 3515 2971 3579 ederet,
3005 3515 3259 3571 Pharisaei
3318 3517 3463 3571 illius

1881 3601 2137 3672 regionis,
2165 3602 2257 3672 qui
2286 3618 2412 3658 eum
2462 3620 2571 3675 prae
2610 3605 2810 3661 invidia
2861 3606 2963 3661 sibi
3005 3608 3304 3663 cernebant
3340 3625 3463 3664 esse

1880 3697 2167 3751 molestum
2202 3696 2273 3752 ob
2302 3697 2543 3769 prodigia
2576 3708 2632 3753 et
2658 3699 2980 3764 doctrinam,
3022 3700 3465 3771 festinabantque

1882 3788 2033 3843 illum
2076 3790 2130 3843 in
2165 3788 2409 3845 Iudaeam
2444 3791 2711 3863 ablegare,
2746 3792 2999 3847 dixerunt
3024 3792 3072 3847 ei
3101 3811 3114 3847 :
3163 3793 3267 3846 Exi
3320 3795 3459 3859 hinc,

1882 3881 2133 3949 quoniam
2162 3880 2390 3936 Herodes
2410 3883 2519 3937 vult
2552 3893 2601 3937 te
2630 3884 2920 3953 interficere
2946 3885 3011 3940 ⁸⁸.
3037 3884 3247 3952 Quibus
3282 3885 3464 3941 Domi-

1881 3986 2006 4038 nus,
2034 3972 2125 4041 qui
2172 3973 2495 4045 intelligeret
2520 3991 2626 4045 quo
2683 3977 2866 4031 animo
2902 3976 2954 4032 id
2989 3976 3039 4031 ei
3086 3977 3351 4043 dicerent,
3376 3993 3465 4032 re-

1883 4064 2137 4133 spondit;
2168 4064 2268 4129 Ite,
2303 4076 2350 4119 et
2376 4066 2531 4122 dicite
2550 4069 2697 4137 vulpi
2724 4069 2826 4134 illi,
2855 4068 3055 4124 Herodi
3083 4071 3309 4133 scilicet,
3344 4078 3465 4125 tan-

1883 4170 2044 4224 quam
2076 4155 2459 4225 fraudulento;
2484 4168 2539 4213 et
2585 4175 2705 4229 qua:
2730 4168 3050 4230 sequuntur.
3110 4160 3247 4216 lllud
3279 4161 3461 4234 igitur,

1884 4244 2058 4315 Ejicio
2114 4248 2395 4315 dwmonia,
2429 4258 2478 4303 et
2508 4252 2763 4305 sanitates
2794 4253 3008 4321 perﬁcio
3033 4254 3184 4307 hodie
3212 4262 3260 4307 et
3321 4270 3460 4315 cras,

1883 4338 2019 4392 duos
2046 4338 2166 4393 illos
2190 4340 2306 4395 dies
2334 4340 2557 4407 indicat,
2590 4341 2788 4411 quibus
2818 4342 2926 4399 illic
2958 4359 3321 4409 commorans,
3356 4345 3460 4399 mi-

1883 4432 2065 4486 racula
2095 4433 2296 4500 edidit;
2324 4442 2447 4503 post
2478 4448 2615 4504 quos
2643 4434 2809 4504 coepit
2837 4433 2941 4489 iter
2979 4450 3171 4490 versus
3208 4435 3463 4491 Hieroso-

201 4530 308 4599 τῆς
339 4528 432 4581 ἐπὶ
464 4528 532 4583 τὰ
575 4527 927 4600 Ἱεροσόλυμα
958 4526 1163 4599 ἡρξατο
1204 4526 1459 4597 πορείας,
1496 4526 1563 4596 τῇ
1598 4525 1775 4596 ἡμέρᾳ

1886 4523 2048 4595 lyma,
2077 4526 2164 4580 die
2190 4525 2447 4579 nimirum
2478 4526 2663 4591 tertio,
2692 4525 2745 4579 in
2777 4541 2886 4597 quo
2910 4535 2968 4582 et
2999 4541 3058 4582 se
3091 4527 3462 4583 consummari

201 4620 453 4692 δηλονότι
482 4624 547 4691 τῇ
582 4621 742 4693 τρίτῃ
768 4661 785 4686 ,
824 4623 882 4675 ἐν
976 4621 1075 4674 καὶ
1110 4617 1450 4673 τελειοῦσθαι
1485 4635 1672 4689 φησιν,
1709 4618 1786 4680 ώς

202 4713 263 4765 ὲν
300 4712 440 4783 αὐτῇ
467 4712 854 4783 ἀπαρχόμενος
884 4715 984 4783 τῆς
1007 4710 1129 4765 ὁδοῦ
1156 4710 1256 4782 τῆς
1281 4709 1345 4763 τὸ
1374 4712 1481 4764 πᾶν
1504 4710 1592 4763 διὰ
1620 4727 1786 4763 σταυ-

204 4799 305 4869 ροῦ
343 4802 403 4853 ἐν
443 4800 839 4872 Ἰεροσολύμοις
867 4799 1185 4870 τελειούσης
1216 4802 1541 4874 μυστήριον.
1590 4800 1664 4853 Τὸ
1705 4800 1783 4866 δὲ,

206 4894 292 4948 Οὐ
328 4893 414 4964 μή
447 4910 523 4964 με
554 4894 719 4962 ιὸητε
747 4893 985 4963 ἀπάρτι,
1023 4893 1162 4966 πρὸς
1194 4895 1321 4958 τοὺς
1364 4895 1657 4965 οἰκήτορας
1690 4894 1787 4947 Ἰε-

204 4986 495 5059 ρουσαλὴμ
520 4982 591 5058 ἦν
630 4987 943 5059 εἰρημένον,
977 4988 1043 5060 ἢν
1078 4987 1137 5039 έν
1168 4988 1283 5050 τοῖς
1313 4986 1555 5057 πρώτοις
1585 4985 1781 5040 ἐταλά·

201 5096 354 5133 νισεν
374 5079 633 5151 εἰρηκώς·
671 5078 1080 5150 Ἰερουσαλὴμ,
1122 5078 1542 5148 Ἰερουσαλὴμ,
1568 5080 1606 5147 ἠ
1635 5078 1784 5134 ἀπο-

199 5174 530 5229 κτείνουσα
557 5173 702 5241 τοὺς
734 5174 1068 5243 προφήτας,
1091 5173 1188 5226 καὶ
1213 5172 1615 5227 λιθοϐολοῦσα
1642 5171 1784 5238 τοὺς

198 5265 709 5337 ἀπεσταλμένους
761 5265 912 5337 πρὸς
963 5264 1262 5335 αὑτήνοῆ
1312 5280 1397 5327 τις
1446 5264 1633 5317 ἔκτοτε
1684 5264 1784 5335 οὐχ

198 5358 421 5430 ἑώρακε
448 5359 543 5412 τὸν
567 5358 797 5430 Κύριον,
824 5358 985 5430 ἄχρις
1012 5358 1105 5411 ἐπὶ
1135 5356 1315 5410 πώλου
1343 5355 1656 5427 καθήμενον
1688 5358 1784 5410 καὶ

200 5451 550 5521 ὑμνούμενον
581 5452 747 5505 αὐτὸν
794 5452 900 5505 ὑπὸ
946 5451 1043 5505 τοῦ
1092 5451 1251 5521 δχλου
1299 5451 1394 5503 καὶ
1428 5449 1539 5504 τῶν
1571 5449 1779 5503 παίδων

200 5544 520 5600 ἐθεάσαντο.
560 5544 799 5599 Δυνατδν
826 5544 884 5600 δὲ
925 5546 985 5599 τὸ
1013 5544 1231 5615 ἀπάρτι
1268 5542 1530 5616 νοηθῆναι
1568 5543 1663 5597 καὶ
1688 5544 1779 5597 ἐπὶ

1884 4616 2114 4671 alﬁrmat
2135 4616 2280 4687 quod
2307 4632 2374 4673 eo
2399 4618 2489 4673 die
2509 4618 2613 4673 iter
2636 4618 2917 4673 inchoaret
2953 4619 3098 4689 quod
3127 4634 3290 4673 omne
3346 4634 3464 4689 my-

1884 4709 2107 4765 sterium
2148 4710 2531 4783 Hierosolymis
2556 4728 2653 4783 per
2686 4727 2905 4767 crucem
2955 4721 3461 4767 consummaturum

1882 4810 2023 4857 erat.
2058 4801 2193 4857 illud
2224 4818 2376 4870 vero,
2418 4804 2538 4857 Non
2570 4821 2650 4858 me
2679 4805 2917 4859 videbitis
2945 4806 3155 4869 amodo,
3187 4805 3253 4858 ad
3275 4804 3464 4858 Hiero-

1883 4894 2101 4965 solyma:
2129 4894 2335 4949 incolas
2376 4895 2579 4950 dictum
2637 4896 2762 4962 fuit,
2786 4911 2949 4966 quam
2996 4905 3156 4951 antea
3208 4896 3464 4953 miseram

1882 4986 2217 5057 praedicavit,
2246 4988 2333 5045 his
2383 4988 2599 5043 verbis:
2625 4986 2940 5054 Jerusalem,
2994 4987 3322 5056 Jerusalem,
3350 5006 3467 5060 qua:

1884 5076 2076 5132 occidis
2099 5078 2378 5148 prophetas
2396 5088 2446 5132 et
2476 5078 2685 5147 lapidas
2705 5095 2789 5133 eos
2815 5079 2905 5149 qui
2934 5081 3213 5133 mittuntur
3235 5081 3305 5133 ad
3326 5091 3375 5134 te
3396 5081 3464 5134 ".

1884 5168 2017 5237 Quae
2079 5171 2148 5227 ab
2178 5171 2269 5227 illo
2305 5180 2549 5243 tempore
2586 5187 2699 5226 non
2743 5172 2879 5226 vidit
2924 5170 3236 5239 Dominum,
3293 5171 3468 5226 donec

1885 5278 2011 5319 eum
2046 5266 2193 5336 pullo
2228 5266 2554 5322 insidentem
2588 5274 2643 5321 et
2671 5281 2701 5320 a
2729 5265 2885 5335 plebe
2916 5264 3209 5335 puerisque
3251 5263 3467 5335 hymnis

1888 5357 2223 5413 celebratum
2248 5367 2561 5429 spectarunt
2591 5359 2659 5411 ⁸⁷.
2687 5357 2874 5412 Potest
2920 5373 3135 5427 quoque
3165 5359 3354 5410 ammio
3379 5356 3467 5409 in-

1889 5452 2052 5525 telligi
2085 5454 2151 5509 de
2183 5454 2329 5509 omni
2365 5462 2628 5524 tempore,
2671 5468 2841 5522 usque
2867 5452 2932 5506 ad
2958 5451 3465 5521 quod‘Dominicam

1887 5544 2232 5613 passionem;
2264 5560 2436 5615 usque
2468 5545 2534 5599 ad
2573 5544 2717 5614 quod
2743 5542 3035 5599 Dominum
3062 5540 3240 5595 intuiti
3270 5540 3462 5605 JUdiL‘i,

272 5726 530 5813 ἶῖβέίιῑν
559 5726 652 5813 57.;
694 5724 980 5813 .Matltl-
1004 5743 1096 5813 ’ἐν
1116 5726 1217 5813 ?'-,
1294 5726 1337 5759 "
1374 5727 1613 5813 Mers-3.
1638 5729 1727 5784 57-

1884 5728 2001 5785 Luc.
2029 5743 2143 5813 xm,
2174 5725 2265 5783 35.
2342 5729 2389 5762 ⁸³
2417 5726 2606 5784 Matth.
2636 5742 2791 5799 χχιιι,
2818 5726 2906 5783 59.
2982 5726 3025 5761 ⁸⁸
3062 5725 3192 5783 Luc.
3223 5742 3338 5789 XIII,
3374 5726 3463 5781 52.

194 5798 244 5831 ⁸⁸
276 5795 409 5853 ibid.
441 5798 530 5853 51.
607 5798 653 5831 "
692 5797 822 5853 ibid.
865 5798 957 5852 54.
1034 5797 1076 5829 ⁸⁷
1114 5796 1248 5852 Luc.
1282 5813 1393 5865 nx,
1428 5798 1619 5855 Matth.
1651 5816 1763 5856 ut.
