4040 6408
202 424 337 492 1417

1567 422 2081 496 QUZESTIONES.
2124 372 2125 379 1

3314 436 3448 502 1413

198 542 341 597 κατά
393 541 453 596 τὸ
493 539 598 595 ὑπὸ
646 538 742 596 τοῦ
772 540 1054 614 προφήτου
1116 539 1325 612 λεχθὲν,
1380 540 1770 613 ἐπιϐεϋηκέναι

1880 545 2188 625 εεεοιιιυεεε
2212 560 2378 619 super
2414 549 2623 605 asinam
2667 560 2722 606 et
2766 551 2978 622 pullum
3019 551 3157 609 dixit
3180 554 3268 619 ης
3326 558 3455 626 quia

195 636 292 689 ἐπὶ
324 634 444 689 δνον
472 634 569 688 καὶ
598 633 776 687 πῶλον
800 631 954 687 εἶπεν
975 651 990 665 ·
1019 634 1102 687 ὄτι
1130 633 1217 687 διά
1250 633 1346 687 τοῦ
1373 632 1556 687 πώλου
1583 633 1679 687 καὶ
1707 635 1773 704 τῇ

194 727 305 797 δνῳ
331 725 589 797 ἐκάθητο,
620 726 865 797 ἑπομένῃ
910 727 1003 778 καὶ
1043 724 1387 798 συνεργούσῃ
1422 725 1503 797 τῷ
1524 725 1621 781 τοῦ
1664 727 1776 779 Κυ-

198 818 318 890 ρίου
344 818 607 890 ὀχήματι.
643 818 706 871 EI
756 816 814 870 δέ
841 834 925 881 τις
949 818 1201 889 ἀποροίη,
1257 819 1401 881 τινος
1432 817 1596 888 χάριν
1624 818 1777 871 Ματ⁶

194 910 352 971 θαῖος
375 912 473 979 μὲν
495 910 586 962 τὸν
620 909 908 980 προφήτην
929 907 1188 962 ἐκθέσθαι
1219 908 1384 978 φησὶν
1414 908 1506 960 ἐπὶ
1530 906 1656 961 δνον
1682 908 1777 961 καὶ

195 1002 379 1055 πῶλον
415 1000 636 1058 καθίσαι
665 1005 756 1058 τδν
786 1003 1010 1075 Κύριον·
1042 1002 1155 1075 ήδέ
1175 1003 1284 1058 τῶν
1310 1006 1367 1059 0⁸
1400 1006 1654 1068 Ἔκδοσις
1684 1002 1778 1055 ἐπὶ

196 1095 379 1147 πιῖιλον
400 1095 522 1149 δνου
554 1095 779 1149 καθίσαι
826 1095 1073 1165 περιέχει
1098 1108 1114 1124 ⁸
1140 1094 1300 1148 τοῦτο
1328 1094 1669 1165 μανθανέτω,
1702 1093 1779 1158 ῶς

195 1188 266 1257 τῇ
308 1184 574 1257 Ἐδραῖκῇ
630 1184 845 1259 γλώττῃ
878 1185 1209 1256 κεχρημένοι
1258 1187 1308 1238 οί
1339 1184 1649 1249 ἀπόστολοι,
1677 1183 1776 1237 άτε

197 1278 301 1349 τῆς
336 1277 662 1348 Ἑλληνικῆς
691 1277 1023 1347 εὐγλωττίας
1052 1278 1292 1349 ἄπειροι,
1318 1277 1413 1332 καὶ
1444 1279 1546 1347 τῆς
1571 1277 1683 1331 τῶν
1717 1279 1773 1329 0¹

196 1370 488 1434 ἐκδόσεως,
543 1369 737 1439 ῶσπερ
782 1372 904 1434 ταῖς
931 1370 1111 1424 αύτῶν
1166 1370 1371 1441 βίϐλοις
1404 1369 1777 1441 ἀρχαιοτέρως

195 1460 533 1525 ἐκτεθείσαις
554 1461 869 1531 λένεφέρετο,
904 1460 1047 1516 οὕτω
1072 1461 1169 1526 τὰς
1198 1462 1542 1534 προφητικάς
1566 1478 1775 1533 μαρτυ-

200 1551 327 1624 ρίας
352 1551 626 1618 ἐξέθεντο⁶
654 1552 747 1606 τοῦ
766 1552 1087 1624 Πνεύματος
1109 1551 1268 1606 τοῦτο
1297 1553 1776 1624 οίκονομήσαντος,

201 1646 289 1699 ἵνα
324 1644 398 1716 μὴ
423 1643 499 1708 ὡς
529 1645 595 1699 ἐκ
629 1644 972 1716 συνθήματος
1024 1644 1240 1715 φανῶσι
1289 1645 1672 1712 συντάξαντες.
1718 1646 1778 1698 '0

204 1740 391 1809 μέντοι
422 1736 601 1802 πῶλος
632 1738 701 1793 τὰ
756 1738 904 1808 ἐθνη,
956 1740 991 1811 ή
1055 1739 1113 1794 δέ
1144 1739 1339 1793 τούτου
1393 1740 1611 1812 μήτηρ,
1648 1738 1779 1802 τοὺς

218 1828 509 1895 Ἰουδαίους
535 1830 853 1887 αἰνίττεται.

855 1924 1117 1994 Ἀπορία.

288 2021 535 2078 ’Δνθότου
564 2019 845 2085 Ματθαϊος
879 2020 978 2092 μὲν
1006 2019 1322 2092 αὐθημερὸν
1347 2020 1445 2092 τήν
1479 2023 1651 2092 συκῆν
1684 2020 1780 2093 ξη-

203 2111 470 2183 ρανθῆναι
499 2110 805 2182 ίστόρησεν,
857 2109 1084 2180 Μάρκος
1116 2109 1174 2163 δὲ
1218 2112 1286 2181 τῇ
1319 2108 1548 2182 αὕριονς
1589 2109 1781 2164 Ὡσαύ-

200 2220 311 2266 τως
344 2203 401 2256 δέ
436 2203 531 2256 καὶ
575 2202 704 2265 τοὺς
755 2201 1069 2267 πωλοῦντας
1102 2204 1195 2257 καὶ
1224 2202 1598 2274 ἀγοράζοντας
1622 2203 1681 2255 ἐν
1702 2201 1781 2273 τῷ

203 2292 357 2366 ἱερῷ,
386 2294 416 2347 6
448 2293 547 2365 μὲν
573 2295 632 2348 ἐν
708 2294 892 2365 ἡμέρᾳ
921 2293 997 2365 τῷ
1027 2294 1191 2366 πώλῳ
1223 2293 1494 2365 ἐκαθέσθη
1519 2295 1546 2346 6
1574 2293 1780 2364 Κύριος

199 2384 464 2442 εἰσελθὼν
509 2388 591 2452 εἰς
620 2387 721 2459 τήν
752 2388 927 2453 πόλιν,
957 2388 1288 2459 ἐκϐληθῆναι
1322 2388 1415 2442 ὑπ’
1443 2387 1610 2442 αὐτοῦ
1634 2388 1781 2441 ἱστο-

200 2480 328 2549 ρεῖ’
363 2478 393 2531 6
417 2474 475 2530 δὲ
500 2476 559 2530 ἐν
598 2479 666 2549 τῇ
697 2477 983 2548 ὑστεραίᾳ.
1022 2478 1134 2532 Καὶ
1179 2478 1325 2541 τίνος
1350 2477 1515 2548 χάριν
1568 2476 1780 2549 καρπὸν

200 2566 272 2621 ἐκ
302 2564 400 2637 τῆς
423 2566 591 2636 συκῆς
610 2567 670 2620 ἐν
691 2567 752 2619 ού
778 2566 960 2638 καιρῷ
993 2567 1176 2638 ἐζήτει
1200 2585 1214 2600 ·
1246 2568 1280 2640 ἢ
1312 2567 1431 2632 πῶς
1458 2568 1779 2640 ἀγανακτή-

202 2672 325 2720 σας,
350 2655 433 2709 ὄτι
463 2653 541 2727 μή
564 2649 711 2727 εὗρε,
736 2654 943 2727 ταύτην
975 2655 1241 2728 ἐξήρανεν
1265 2674 1281 2724 ;

866 2748 1079 2815 Λύσις.

284 2837 581 2910 Ἑκάτερος
627 2838 705 2902 ὡς
757 2838 816 2892 ἐν
846 2839 1017 2893 ἅπασι
1047 2837 1142 2893 καὶ
1187 2839 1245 2893 ἐν
1274 2838 1449 2913 τούτῳ
1486 2841 1780 2913 ἠλήθευσε.

200 2934 437 3003 Πρωιας
463 2935 593 3007 γάρ,
624 2933 808 2999 καθώς
838 2951 1002 3005 φησιν
1031 2936 1059 2989 6
1102 2935 1519 3009 εὐαγγελιστὴς,
1557 2938 1783 2994 ἐπανά-

1806 1887 1854 1945 B

1879 651 1977 707 per
2013 638 2220 708 pullum
2259 639 2426 695 etiam
2456 641 2624 697 asinae
2653 642 2944 709 insidebat,
2980 645 3235 714 sequenti
3268 657 3323 701 et
3352 648 3453 702 ad-

1874 726 2085 797 juvanti
2116 728 2330 784 Domini
2357 740 2659 788 vecturam.
2690 733 2846 799 Quod
2868 735 2913 789 si
2938 735 3063 805 quis
3094 735 3453 799 dubitaverit.

1877 834 2046 889 quare
2076 818 2362 877 Matthzeus
2390 823 2534 879 dicat
2573 826 2895 895 prophetam
2931 827 3235 883 declarasse
3270 828 3455 883 Domi-

1878 927 2010 966 num
2045 914 2253 969 sedisse
2291 930 2457 986 super
2494 916 2700 972 asinam
2732 928 2787 974 et
2817 919 3022 989 pullum
3047 920 3132 986 ⁹⁸;
3168 921 3337 976 editio
3366 937 3459 975 au-

1879 1011 1989 1061 tem
2006 1003 2149 1061 LXX
2169 1021 2333 1076 super
2354 1008 2559 1077 pullum
2573 1009 2740 1066 asina:
2768 1011 2977 1067 sedisse
3006 1011 3286 1067 contineat
3310 1030 3325 1079 ;
3353 1012 3456 1067 hoc

1879 1095 2070 1162 discat,
2094 1099 2372 1168 apostolos
2396 1097 2658 1157 IIebraica
2677 1101 2859 1172 lingua
2878 1117 3031 1166 usos,
3049 1114 3236 1173 utpote
3252 1102 3455 1159 διάξετε

1879 1188 2207 1256 eloquentiae
2237 1188 2475 1261 ignaros,
2506 1200 2672 1261 atque
2706 1206 2772 1247 ex
2802 1190 2945 1245 LXX
2977 1191 3239 1257 editione,
3258 1206 3454 1261 quem-

1879 1280 2171 1335 admodum
2213 1281 2269 1336 in
2301 1297 2494 1337 eorum
2528 1281 2679 1338 libris
2718 1282 2996 1352 antiquius
3039 1282 3276 1338 exaratis
3309 1283 3455 1338 fere—

1880 1372 2079 1439 batur,
2134 1371 2214 1427 sic
2240 1373 2561 1443 praphetica
2596 1374 2905 1429 testimonia
2960 1374 3195 1439 citasse;
3242 1372 3454 1446 Spiritu

1880 1465 1954 1520 ita
1992 1466 2364 1535 dispensante,
2388 1482 2459 1521 ne
2485 1476 2742 1538 tanquam
2766 1483 2832 1523 ex
2857 1466 3109 1525 condicto
3135 1468 3458 1524 viderentur

1878 1559 2249 1614 conscribere.
2286 1558 2558 1615 Cancrum
2593 1561 2774 1630 pullus
2797 1602 2815 1629 ,
2846 1570 3069 1634 gentes;
3122 1570 3300 1618 mater
3320 1576 3454 1617 vero
3554 1612 3557 1615 .

1880 1652 2045 1723 illius,
2067 1652 2283 1709 Iudaeos
2311 1652 2577 1725 designat.

2449 1922 2741 1992 Difﬁcultas
2768 1937 2915 1977 xxix.

1950 2015 2053 2069 Pro
2093 2028 2200 2083 qua
2238 2028 2298 2068 re
2334 2012 2621 2069 Matthaeus
2648 2012 2869 2083 quidem
2911 2010 2995 2066 tici
3036 2010 3290 2066 arborem
3339 2020 3454 2066 sta-

1882 2106 1978 2161 tim
2010 2106 2202 2160 codem
2231 2104 2318 2159 die
2344 2103 2638 2159 areiactam
2664 2103 2710 2137 ”
2743 2102 2930 2169 refert,
2977 2102 3191 2157 Marcus
3214 2117 3345 2156 vero
3367 2101 3456 2156 die

1881 2198 2177 2268 sequenti?
2205 2194 2576 2252 Consimiliter
2605 2203 2660 2249 et
2691 2193 2989 2250 vendentes
3010 2202 3363 2264 ementesque
3401 2193 3455 2247 in

1883 2291 2087 2361 templo
2115 2292 2185 2356 ⁸⁸,
2218 2289 2305 2344 ille
2347 2289 2568 2359 quidem
2600 2288 2689 2343 die
2720 2303 2827 2358 qua
2858 2287 3005 2358 pullo
3032 2287 3230 2342 insedit
3269 2286 3457 2341 Domi-

1881 2399 1986 2439 nus
2044 2383 2101 2438 in
2148 2383 2337 2438 urbem
2380 2381 2692 2453 ingrediens
2715 2382 2783 2447 ’°,
2815 2389 3004 2435 narrat
3046 2380 3115 2434 ab
3167 2394 3233 2435 eo
3286 2378 3457 2433 fuisse

1880 2479 2119 2548 eiectos;
2149 2476 2365 2531 Marcus
2410 2491 2542 2532 vero
2574 2474 2833 2546 postridie
2862 2474 2928 2529 ”’.
2968 2471 3036 2527 Et
3076 2488 3174 2527 cur
3221 2471 3457 2526 fructum

1880 2576 2033 2623 extra
2072 2575 2286 2636 tempus
2311 2581 2342 2620 a
2375 2565 2606 2621 ﬁculnea
2633 2565 2984 2634 requirebat;
3023 2571 3120 2617 aut
3159 2576 3268 2631 quo
3296 2568 3458 2633 pacto

1881 2659 2026 2730 quod
2056 2674 2167 2713 non
2194 2657 2488 2714 inuenisset
2518 2657 2849 2727 indignatus,
2878 2654 3105 2711 arefccit
3124 2658 3291 2713 eam?

2553 2746 2778 2802 Salutio.
3172 2730 3181 2735 η

1944 2841 2207 2913 Uterque,
2239 2838 2382 2897 sicut
2409 2840 2467 2895 in
2499 2840 2776 2907 omnibus,
2815 2839 2889 2894 ita
2917 2839 3051 2895 etin
3083 2840 3186 2895 hoc
3218 2855 3345 2896 vere
3374 2841 3455 2896 lo-

1884 2946 2043 2991 cutus
2067 2944 2169 2990 est.
2199 2932 2363 2988 Mane
2392 2932 2538 2987 enim
2557 2970 2574 2996 ,
2633 2941 2697 2987 ut
2751 2932 2829 2987 ait
2863 2932 3202 3004 Evangelista
3222 2974 3239 2999 ,
3280 2949 3461 2988 rever-

198 3037 328 3095 των
348 3023 447 3078 ἐπὶ
475 3023 591 3092 τὴν
608 3026 791 3079 πόλιν
818 3024 846 3076 6
862 3025 1088 3095 Κύριος,
1115 3024 1400 3082 such-acre
1418 3043 1432 3057 ο
1468 3026 1569 3081 καί
1589 3027 1778 3082 ἐλθὼν

1886 3037 1995 3083 tem
2026 3029 2083 3082 in
2112 3027 2377 3081 civitatem
2425 3023 2722 3091 Dominus,
2769 3018 2987 3089 e’suriit,
3032 3033 3084 3079 et
3136 3025 3343 3080 veniens
3385 3026 3459 3082 ad

199 3116 302 3172 ἐπὶ
325 3118 441 3187 τὴν
466 3116 693 3185 συκῆν,
753 3119 865 3187 οὐχ
893 3113 1072 3184 εὗρεν
1103 3119 1155 3172 εὶ
1172 3117 1258 3189 μὴ
1306 3120 1513 3188 φύλλα
1556 3120 1782 3195 μόνον.

1884 3120 2075 3189 ﬁcum,
2132 3134 2234 3172 non
2280 3118 2477 3172 invenit
2523 3116 2625 3171 nisi
2652 3116 2783 3187 folia
2829 3125 3034 3170 tantum
3056 3116 3123 3170 ⁸⁸.
3159 3114 3295 3172 Cum
3328 3131 3458 3187 ergo

202 3207 456 3282 Είρηκὼς
479 3204 571 3263 οὖν
591 3224 606 3240 ·
634 3207 859 3277 Μηκέτι
886 3208 955 3262 ἐκ
989 3204 1102 3263 σοῦ
1128 3208 1356 3277 καρπὸς
1385 3208 1644 3280 γένηται,
1680 3227 1778 3265 πα-

1885 3212 2129 3276 dixisset,
2162 3210 2448 3282 Nunquam
2474 3226 2540 3265 ex
2566 3219 2616 3263 te
2646 3211 2849 3279 [ructus
2882 3218 3171 3272 nascatur;
3194 3210 3458 3263 continuo

204 3301 471 3375 ραχρῆμα
492 3300 699 3372 ταύτην
749 3300 1002 3374 ἐξήρανε.
1035 3302 1135 3356 Διὰ
1166 3302 1221 3355 δέ
1255 3302 1315 3355 τὸ
1348 3303 1580 3373 μέγεθος
1601 3304 1696 3357 καὶ
1721 3303 1782 3356 τὸ

204 3393 356 3461 ξένον
388 3393 481 3447 τοῦ
512 3392 809 3464 θαύματος,
854 3396 920 3464 τῇ
950 3393 1232 3459 (ἐπαύριον
1262 3395 1311 3447 οἱ
1372 3394 1615 3466 μαθηταὶ
1647 3395 1783 3448 ταύ-

201 3503 307 3556 την
331 3485 821 3548 κατοπτεύσαντες,
855 3484 938 3555 ἐφ’
977 3476 1021 3552 ᾧ
1047 3483 1577 3555 πολυπραγμονῆσαι
1605 3487 1654 3539 εί
1686 3487 1783 3538 καὶ

204 3577 267 3633 αἱ
290 3576 436 3647 ῥίζαι
454 3574 714 3640 ὡσαύτως
734 3575 811 3645 τῷ
839 3574 1078 3645 στελέχει
1128 3575 1225 3628 καὶ
1258 3578 1370 3640 τοῖς
1394 3575 1609 3641 κλάδοις
1655 3577 1784 3648 ἐξη-

206 3667 510 3743 ράνθησαν,
541 3666 918 3738 ἐξεπλάγησαν
940 3668 1006 3737 τῇ
1037 3665 1327 3735 βεϐαιώσει
1350 3666 1442 3718 τοῦ
1480 3667 1779 3737 θαύματος.

218 3760 481 3832 Ἐξήρανε
508 3760 615 3831 γὰρ
644 3757 850 3829 ταύτην
875 3760 903 3812 6
932 3758 1157 3828 Κύριος,
1183 3758 1282 3828 τῆς
1332 3758 1465 3822 ιδίας
1501 3758 1783 3829 δυνάμεως

203 3853 406 3923 πεῖραν
432 3854 543 3915 τοῖς
572 3844 841 3922 μαθηταῖς
867 3851 1307 3920 παρασχόμενος,
1342 3849 1432 3905 διὰ
1461 3850 1522 3904 τὸ
1548 3852 1781 3923 προσδο-

203 3944 458 4016 κώμενον
503 3943 692 4007 πάθος.
759 3938 1083 4013 Ἐπειδήπερ
1132 3942 1190 3995 ἐν
1243 3944 1365 4005 ταῖς
1414 3942 1780 4013 εὐεργεσίαις,

205 4036 561 4108 πολυτρόπως
588 4035 687 4107 τὴν
702 4032 931 4104 δύναμιν
955 4031 1269 4098 ἐπεδείξατο
1285 4049 1298 4062 ·
1326 4034 1425 4104 τῆς
1447 4033 1503 4086 δὲ
1532 4052 1779 4106 τιμωρη-

204 4129 365 4199 τικῆς
380 4127 662 4197 δυνάμεως
690 4125 750 4179 ού
781 4124 1086 4196 παρέσχετο
1115 4126 1342 4196 πεῖραν*
1374 4125 1441 4197 ἢν
1463 4126 1783 4195 ἀναγκαίως

207 4226 268 4287 ἐν
291 4222 371 4292 τῷ
393 4221 585 4290 ἀψύχῳ
617 4219 710 4272 νῦν
768 4216 1101 4283 ἐπεδείξατο.
1135 4216 1275 4281 Τοὺς
1316 4216 1501 4288 μέντοι
1535 4216 1780 4273 πωλοῦν-

206 4331 306 4377 τας
336 4312 434 4366 καὶ
465 4310 853 4383 ἀγοράζοντας,
888 4311 944 4362 ἐν
972 4311 1092 4372 ταῖς
1119 4306 1215 4362 δύο
1241 4308 1492 4373 ἐξέϐαλεν
1520 4308 1779 4380 ἡμέραις,

205 4410 276 4480 τῇ
299 4423 360 4460 τε
384 4405 574 4478 πρώτῃ
603 4407 698 4460 καὶ
718 4404 783 4474 τῇ
819 4400 959 4474 μετά
989 4400 1111 4472 τὴν,
1143 4399 1238 4454 ἆτε
1280 4399 1360 4469 τῷ
1401 4403 1500 4472 τῆς
1528 4402 1781 4473 φιλοκερ-

204 4498 328 4563 δίας
352 4499 449 4552 καὶ
473 4496 779 4568 καπηλείας
807 4492 1039 4556 ἀναιδῶς
1069 4492 1425 4564 ἐγκειμένους
1459 4494 1746 4565 νοσήματι.

893 4584 1157 4654 Ἀπορία.

277 4686 404 4751 Πῶς
429 4683 708 4746 Ματθαῖος
734 4680 828 4734 καὶ
852 4678 1077 4747 Μάρκος
1109 4677 1197 4730 τὸν
1242 4677 1629 4750 οἰκοδεσπότην
1678 4696 1782 4751 φη-

207 4780 300 4837 σὶν
328 4777 465 4852 (21),
487 4777 545 4841 6;
570 4775 664 4829 τὸν
689 4773 987 4846 ἀμπελῶνα
1014 4770 1276 4839 ἐφύτευσε
1300 4810 1315 4837 ,
1366 4769 1593 4835 πολλοὺς
1643 4772 1781 4825 ἀπο-

277 4938 326 4972 ⁶¹
352 4934 520 4991 Zacb.
553 4949 631 4997 Ix,
656 4932 710 4987 9.
776 4929 829 4964 ’³
853 4928 1042 4984 Matth.
1077 4943 1188 4992 xxx,
1217 4925 1304 4983 19.
1376 4926 1425 4958 "
1450 4926 1580 4982 ibid.
1605 4927 1659 4982 5.
1732 4928 1777 4961 ”

1880 4942 1970 4982 ιτα.
2020 4942 2098 4990 x1,
2129 4924 2224 4979 20.
2300 4923 2346 4955 "
2381 4920 2572 4976 Matth.
2618 4936 2708 4974 ut
2735 4958 2751 4983 ,
2780 4917 2869 4975 ‘12.

204 5010 255 5043 "
286 5008 475 5064 Matth.
520 5022 631 5070 nt,
671 5003 757 5058 18.

1884 3301 2030 3355 illam
2056 3299 2302 3355 arefecit.
2326 3299 2554 3369 Propter
2587 3298 3016 3370 magnitudinem
3048 3306 3230 3354 autem
3260 3308 3315 3353 et
3355 3312 3459 3354 no-

1884 3394 2106 3449 vitatem
2133 3392 2401 3455 miraculi,
2435 3392 2673 3447 crastino
2700 3392 2787 3446 die
2820 3390 3071 3461 discipuli
3119 3406 3239 3447 eam
3283 3392 3459 3448 oculis

1884 3486 2200 3550 lustrantes,
2234 3492 2294 3539 ut
2323 3484 2613 3555 diligenter
2636 3482 2983 3553 explorarent
3004 3523 3022 3548 ,
3072 3499 3203 3537 num
3250 3484 3459 3539 radices

1882 3578 2089 3649 pariter
2119 3593 2241 3633 cum
2268 3586 2460 3632 trunco
2488 3584 2544 3631 et
2570 3576 2734 3630 ramis
2754 3576 2921 3630 arida:
2945 3584 3151 3642 essent,
3188 3576 3457 3647 obstupe-

1883 3669 2009 3725 facti
2065 3678 2194 3724 sunt
2247 3668 2326 3722 rei
2378 3669 2529 3723 mira:
2577 3667 3010 3722 conﬁrmatione.
3051 3666 3225 3735 Ipsam
3257 3668 3457 3737 quippe

1882 3763 2108 3819 arefecit
2134 3762 2416 3827 Dominus,
2448 3769 2508 3817 ut
2544 3777 2655 3816 suae
2689 3760 2948 3831 potentia:
2976 3760 3253 3831 specimen
3285 3760 3456 3815 disci—

1885 3856 2029 3926 pulis
2056 3856 2341 3910 exhiberet
2366 3896 2381 3921 ,
2423 3863 2647 3925 prepter
2703 3854 3077 3910 imminentem
3118 3852 3456 3923 passionem.

1881 3949 2329 4018 Quandoquidem
2362 3948 2419 4002 in
2448 3947 2730 4003 beneﬁciis
2770 3947 2948 4003 modis
2976 3945 3141 4000 variis
3165 3946 3275 4000 vim
3302 3961 3455 4000 suam

1883 4049 2230 4106 exseruerat;
2259 4049 2315 4095 at
2341 4040 2551 4095 ultricis
2581 4039 2798 4095 virtutis
2821 4037 3131 4107 exemplum
3155 4053 3263 4093 non
3289 4038 3457 4093 dede-

1883 4142 2004 4199 rat;
2054 4147 2217 4202 quam
2244 4130 2559 4185 necessario
2593 4129 2647 4182 in
2680 4144 2737 4183 re
2765 4127 3003 4182 inanima
3026 4142 3173 4182 nunc
3195 4128 3457 4182 ostendit.

1882 4224 2193 4280 Vendentes
2214 4238 2378 4293 porro
2404 4229 2460 4276 et
2484 4230 2749 4284 ementes,
2772 4220 2985 4275 duobus
3007 4219 3202 4275 diebus
3229 4219 3455 4288 expulit,

1880 4319 2060 4391 primo
2084 4325 2140 4372 et
2164 4316 2423 4380 secundo,
2447 4324 2506 4369 ut
2533 4314 2773 4371 avaritiae
2803 4321 2858 4368 et
2886 4314 3303 4383 cauponationis
3328 4314 3457 4367 abs‘

1881 4427 1987 4483 que
2018 4409 2227 4481 pudore
2254 4406 2444 4462 morbo
2471 4405 2717 4460 allectos.

2460 4582 2749 4653 Diﬁcultas
2772 4597 2897 4637 xxx.

1957 4677 2095 4746 Quid
2114 4680 2207 4743 ita,
2238 4675 2382 4748 quod
2409 4674 2692 4730 Llattbzcus
2720 4682 2775 4727 et
2808 4672 3018 4727 Marcus
3040 4671 3194 4726 aiunt
3223 4680 3460 4742 patrem-

1890 4769 2158 4833 familias,
2214 4768 2307 4839 qui
2359 4766 2573 4821 vineam
2624 4764 2939 4833 plantavit,
2996 4763 3196 4817 multos
3240 4760 3457 4816 misisse

2968 4917 3013 4951 ”
3041 4916 3205 4973 Marc.
3240 4932 3331 4981 ιι,
3369 4915 3457 4970 15.

1716 5090 1950 5147 ΝΟΤΙΕ.

204 5212 303 5268 pro
339 5211 418 5268 eo,
478 5204 534 5248 et
591 5189 892 5268 ascendens
940 5200 1105 5256 super
1150 5185 1508 5268 subiugalem,
1571 5196 1627 5268 et
1659 5185 1781 5268 put-

208 5256 322 5320 lum
366 5256 660 5332 iuvenem,
716 5258 1018 5332 Mattheus,
1070 5256 1508 5332 super‘as'inam,
1554 5265 1609 5310 et
1659 5256 1782 5332 pul-

205 5337 321 5390 lum
353 5324 521 5389 lilium
546 5324 864 5401 subjugalis,
900 5334 1072 5401 autut
1094 5324 1491 5401 iulquibusdam
1514 5324 1780 5391 exempla-

205 5406 353 5459 ribus
377 5404 597 5459 habetur
618 5395 874 5471 {pullum
904 5395 1198 5471 subjugalis
1218 5414 1235 5463 ;
1283 5395 1516 5471 Joannes
1544 5410 1661 5471 uero
1683 5411 1778 5471 ροτ

1948 5183 2059 5253 (21)
2091 5181 2288 5249 Φησὶν
2309 5194 2408 5250 pro
2435 5177 2801 5253 (paciv._Sacpe
2828 5177 3206 5253 1111100101110,
3241 5184 3297 5232 et
3327 5189 3456 5253 pas—

1876 5248 1978 5310 sim
2013 5248 2156 5322 a'pud
2193 5248 2446 5305 auctores
2467 5248 2745 5322 interdum
2773 5262 2839 5302 ex
2878 5248 3173 5322 idiotismo,
3194 5256 3270 5322 ut
3300 5248 3458 5322 vide-

1879 5336 1987 5390 tur,
2007 5317 2276 5379 interdum
2307 5331 2488 5376 errato
2514 5321 2882 5386 librariorum,
2901 5318 3229 5390 maxilneob
3250 5317 3460 5372 brevia-

1879 5387 1987 5450 tam
2037 5392 2414 5462 scriptionem.
2472 5390 2561 5445 Sic
2594 5392 2753 5462 apud,
2784 5388 3105 5462 Gregorium
3144 5387 3453 5462 Nyssenum

205 5452 351 5537 ὲᾶεῐζ
376 5452 587 5529 sane};
610 5452 773 5525 venit
795 5452 1201 5537 superjullum
1221 5452 1431 5522 vasinae.
1456 5495 1526 5537 -—;
1553 5452 1708 5537 Quod
1734 5464 1779 5519 si
1872 5466 2124 5537 oratione
2154 5452 2187 5517 '8
2216 5462 2269 5537 in
2299 5461 2457 5537 Cant.
2488 5452 2642 5537 cant;
2666 5469 2704 5516 t.
2732 5461 2861 5537 ΕΡ.
2886 5452 2991 5537 524
3020 5460 3082 5512 C.
3127 5452 3261 5537 φησι
3290 5456 3457 5510 habet

204 5534 434 5615 insuper
455 5540 794 5615 consulueris
817 5534 997 5606 Gyrilli
1018 5534 1478 5615 Commentarium
1497 5535 1555 5615 in
1577 5536 1780 5615 Zacha-

207 5606 374 5681 riaui,
404 5626 582 5668 mutes
603 5612 765 5690 velim
791 5622 857 5661 ex
883 5619 1045 5690 sensu
1074 5608 1353 5690 εύτεχνίαν
1382 5606 1774 5690 ῑη-εύ1τεκνίανε

206 5675 583 5742 ουωέοηιη
644 5676 950 5752 φιλοτεκνεί
1005 5690 1103 5752 pro
1157 5675 1462 5752 φιλοτεχνεῖ
1501 5675 1779 5752 trahentur

206 5755 367 5810 initio
397 5754 615 5811 Catenae
657 5744 739 5806 'ad
774 5746 1035 5808 Marcum,
1078 5748 1132 5801 in
1172 5744 1449 5802 'Encomio
1501 5744 1772 5814 Procopii,

1878 5536 2049 5589 editio
2079 5576 2095 5600 ,
2127 5534 2262 5601 φασὶ
2291 5532 2693 5605 οοᾱᾼεχίιίθεξιιε
2712 5531 2883 5605 Δ1⁵197..
2915 5529 3037 5605 Nqn
3085 5541 3227 5605 erga
3250 5536 3456 5605 temere

1878 5595 2193 5660 mutandum
2228 5621 2246 5671 ;
2280 5613 2340 5657 ut
2380 5602 2510 5659 fecit
2568 5595 2796 5671 Kllatiuis
2859 5600 2914 5655 in
2980 5595 3455 5671 Noti_s'l"_3u_stathii

1876 5665 2248 5743 Hexaemeron
2265 5689 2319 5743 p.
2338 5673 2460 5738 153,
2480 5672 2561 5743 de
2579 5671 2700 5743 loco
2743 5667 3115 5743 Chrysostomi
3156 5665 3452 5743 adderem.

1879 5762 2011 5809 xm,
2059 5745 2145 5799 11.
2190 5733 2413 5798 Catenae
2450 5733 2925 5804 'Ghislerianaaft.
2959 5736 3023 5805 Il,
3069 5751 3128 5807 p.
3156 5735 3280 5794 935.
3312 5733 3452 5790 Vide

206 5836 340 5879 ante
387 5810 570 5879 tinem.
612 5823 754 5879 Loca
789 5830 898 5871 non
923 5815 1138 5883 profero
1167 5857 1183 5883 ,
1219 5819 1344 5887 quia
1399 5816 1552 5887 plura
1594 5810 1774 5871 dicere
1872 5815 2132 5871 Catenam
2160 5814 2214 5869 in
2249 5813 2372 5879 Job,
2398 5828 2454 5884 p.
2483 5810 2759 5878 319,480,
2794 5811 2921 5866 111.

207 5904 305 5950 aut
339 5893 645 5953 describere
669 5892 837 5964 piget.

564 5984 841 6047 Ρλτιιοι.
885 5985 1001 6046 Gn.
1046 5979 1274 6043 XCIII.

2972 5961 3048 6021 1ιῆ
