4006 6434
623 388 761 456 1ί19

1815 391 2178 453 HESYCHII
2222 390 2701 453 PRESBYTER!

3757 388 3873 452 ΝΞΟ

622 522 835 573 servos,
876 516 936 563 ut
970 504 1179 562 fructus
1216 506 1284 561 ab
1309 504 1561 579 agricolis
1593 504 1999 577 acciperent”;
2027 506 2202 561 Lucas

2328 504 2514 557 ιτεῐλαι
2537 503 2783 567 δούλους,
2815 502 2904 556 ἵνα
2933 500 3065 567 τοὺς
3107 500 3359 575 καρποὺς
3389 499 3548 577 παρὰ
3579 499 3687 555 τῶν
3721 520 3873 575 γεωρ-

572 630 573 635 π
622 612 830 669 autem,
861 616 1033 656 unum
1067 607 1191 672 post
1221 599 1387 655 alium
1422 600 1482 654 ‘?

1308 690 1533 747 Salutio.

694 784 832 851 Quia
862 783 941 839 illi
980 784 1201 853 quidem
1229 798 1330 854 per
1358 782 1822 853 complexionem,
1863 791 1920 838 et
1950 781 2106 853 quasi
2152 781 2207 836 in

625 890 837 932 summa
854 875 1021 931 variis
1039 876 1380 947 temporibus
1403 874 1676 947 sigillatim
1697 875 1892 929 missos
1914 875 2209 945 prophetas

624 968 970 1034 indicarunt;
1005 968 1095 1022 hic
1142 982 1275 1023 vero
1331 968 1503 1039 magis
1553 967 1904 1039 peculiariter
1937 983 2106 1022 unum
2156 975 2211 1022 et

626 1077 797 1117 unum
827 1059 1023 1115 missos
1055 1058 1244 1115 fuisse.
1278 1060 1356 1114 Ex
1387 1060 1587 1129 quibus
1616 1059 1884 1114 ambobus
1902 1058 2091 1121 claret,
2115 1072 2210 1113 eos

626 1153 718 1222 qui
751 1151 905 1206 missi
936 1159 1066 1206 sunt
1100 1152 1285 1222 plures
1316 1151 1490 1207 fuisse
1519 1194 1533 1217 ,
1568 1152 1767 1207 missos
1802 1160 1986 1206 autem
2022 1151 2211 1222 singu-

627 1247 777 1302 latim
808 1261 918 1301 non
953 1246 1117 1301 simul
1154 1262 1365 1302 omnes.
1406 1246 1563 1302 Unde
1607 1262 1703 1302 eos
1748 1261 2010 1317 separans
2035 1245 2212 1300 Lucas

628 1338 706 1394 ait
737 1355 750 1391 :
779 1338 926 1394 illum
950 1339 1171 1408 quidem
1222 1339 1559 1405 ceciderunt,
1589 1338 1740 1393 illum
1781 1353 1913 1393 vero
1952 1337 2008 1392 in
2036 1337 2213 1408 capite

628 1430 1082 1494 vulneraverunt,
1115 1429 1266 1484 illum
1294 1439 1476 1484 autem
1510 1429 1833 1484 occiderunt
1856 1430 1899 1484 ’.
1942 1429 2210 1483 Caaterum

629 1520 737 1574 hoc
786 1535 897 1574 non
947 1520 1212 1575 contrarii
1262 1520 1537 1576 sermonis
1589 1529 1674 1576 est
1772 1504 1869 1575 sed
1919 1518 2085 1575 variae
2126 1518 2215 1575 di-

629 1611 847 1668 ctionis.

1172 1682 1467 1753 Difﬁcultas
1519 1700 1670 1739 xxxr.

644 1824 651 1825 ,
698 1774 817 1841 Qua
852 1790 1015 1831 causa
1064 1775 1205 1830 alius
1249 1788 1378 1832 ante
1445 1791 1540 1832 sex
1585 1777 1703 1831 dies
1758 1774 2016 1845 Paschte,
2046 1775 2212 1841 alius,

2308 594 2421 664 γῶν
2450 596 2659 651 λάϐωσι
2685 610 2701 626 ’
2736 597 2957 660 Λουκᾶς
2987 596 3045 650 δὲ
3076 596 3219 649 κατὰ
3238 595 3335 649 ἕνα
3360 612 3375 662 ;

3002 687 3214 753 Λύσις.

2383 781 2507 835 Ὅτι
2536 780 2585 835 οἱ
2620 780 2719 853 μὲν
2740 780 3108 852 πριεκτικῶς
3142 778 3235 835 κα)⁵
3263 778 3342 843 ὡς
3372 779 3433 832 ἐν
3462 778 3751 849 κεφαλαίῳ
3777 780 3877 841 τοὶς

2311 870 2453 925 κατὰ
2478 870 2670 941 καιρὸν
2699 870 2997 935 σταλέντας
3024 869 3149 924 καθ’
3175 870 3277 926 ἕνα
3330 870 3460 934 τοὺς
3493 871 3785 942 προφήτας
3808 872 3877 935 ἐξ.

2313 963 2516 1018 έθεντο·
2534 964 2631 1019 ὁδὲ
2655 964 2891 1036 λεπτομε
2903 965 3180 1037 ρεστέρως
3198 966 3295 1021 ἕνα
3316 966 3411 1019 ἕνα
3439 964 3799 1019 ἀπεστάλθαι.
3813 968 3879 1031 Ἐξ

2311 1051 2390 1112 ὧν
2414 1059 2692 1130 ἑκατέρων
2718 1058 3017 1124 δείκνυται,
3045 1058 3252 1130 πλῆθος
3281 1060 3378 1130 μὲν
3408 1054 3558 1112 εἶναι
3580 1060 3708 1122 τοὺς
3763 1076 3877 1129 πεμ-

2314 1151 2573 1219 φθέντας,
2603 1152 2726 1207 καθ’
2755 1153 2853 1207 ἕνα
2882 1153 2937 1207 δὲ
2968 1152 3062 1206 καὶ
3101 1154 3164 1206 ού
3200 1154 3409 1217 πάντας
3428 1150 3767 1223 όμοῦ.”Οθεν

2313 1262 2439 1307 τους
2460 1244 2684 1315 διαιρῶν
2707 1247 2735 1300 6
2764 1245 2981 1308 Λουκᾶς
3014 1260 3208 1315 φησιν·
3247 1246 3344 1298 Ὃν
3373 1244 3475 1313 μὲν
3501 1243 3742 1312 ἔδειραν,
3770 1242 3819 1295 ἰν
3839 1244 3879 1297 δὲ

2315 1336 2748 1407 ὲκεφαλαίωσαν,
2778 1336 2838 1390 ὃν
2858 1336 2914 1390 δὲ
2938 1337 3295 1393 ἀπέκτειναν.
3327 1335 3506 1388 Τοῦτο
3539 1334 3598 1389 δὲ
3630 1334 3732 1387 οὐκ
3757 1334 3879 1388 ἐναν-

2314 1429 2608 1501 τιολογίας,
2637 1429 2776 1484 ἀλλὰ
2803 1428 3065 1502 διαφόρου
3094 1428 3349 1501 φράσεὼς
3375 1429 3560 1486 ἐστιν.

2974 1673 3034 1728 Ἀ
3042 1672 3242 1728 ποοία.

2977 1689 3120 1728 Ἀπο
3162 1689 3242 1726 ια.

2389 1769 2548 1835 Τίνος
2570 1768 2754 1842 χάριν,
2788 1769 2817 1823 6
2854 1767 2952 1840 μὲν
2983 1767 3093 1839 πρὸ
3115 1689 3184 1832 ξε
3218 1764 3447 1838 ἡμερῶν
3506 1762 3612 1819 τοῦ
3646 1765 3885 1834 IMun

628 1877 758 1922 anle
797 1867 934 1923 duos
960 1907 975 1933 ,
1025 1867 1309 1923 historiam
1360 1867 1623 1941 unguenti
1658 1867 1949 1939 proferunt
1976 1868 2036 1935 ';
2088 1868 2221 1925 licet

2328 1862 2377 1917 δὲ
2398 1862 2503 1934 πρὸ
2525 1860 2641 1926 δύο,
2662 1862 2764 1930 τὴν
2794 1857 3039 1931 ἱστορίαν
3074 1856 3171 1911 τοῦ
3200 1856 3378 1929 μύρου
3399 1856 3665 1926 λέγουσιν
3691 1873 3704 1887 ο
3736 1858 3883 1911 καίτοι

629 1968 863 2031 uterque
912 1961 967 2015 in
1022 1959 1287 2016 Bethania
1339 1976 1456 2015 rem
1505 1961 1801 2033 contigisse
1847 1961 2079 2036 prodant
2112 1978 2126 2015 :
2159 1968 2215 2015 et

2328 1957 2577 2028 ἑκάτερος
2597 1957 2653 2009 ὲν
2685 1953 2929 2026 Βηθανίᾳ
2958 1964 2981 1992 °
3027 1950 3238 2023 ταύτην
3264 1949 3525 2021 γενέσθαι
3585 1948 3880 2019 ἐκθέμενος

631 2051 770 2106 alter
793 2065 986 2106 omnes
1020 2051 1153 2106 dicit
1196 2051 1494 2122 discipulos
1542 2063 1872 2128 conquestos
1926 2053 2095 2110 luisse
2147 2054 2216 2111 de

2328 2050 2409 2104 καὶ
2430 2050 2458 2102 6
2492 2049 2592 2121 μὲν
2620 2046 2829 2110 πάντας
2859 2041 2983 2099 εἷπε
3022 2045 3150 2109 τοὺς
3184 2044 3438 2115 μαθητὰς
3489 2040 3803 2114 μέμψασθαι
3828 2045 3878 2113 τῇ

632 2143 866 2198 muliere
897 2144 937 2208 ⁸,
976 2143 1114 2197 alter
1142 2159 1270 2202 vero
1302 2143 1499 2199 .ludam
1546 2146 1721 2203 solum
1747 2164 1761 2213 ;
1805 2146 2025 2204 tametsi
2056 2146 2215 2203 ambo

2328 2142 2566 2214 γυναικί·
2601 2142 2629 2195 6
2656 2140 2714 2194 δὲ
2742 2139 2832 2193 τὸν
2872 2137 3080 2193 Ἰούδαν
3116 2137 3283 2209 μόνον
3306 2151 3321 2166 ·
3374 2135 3559 2193 καίτοι
3616 2136 3880 2207 ἀμφότεροι

632 2237 855 2292 domum
882 2235 1120 2293 Simonis
1150 2248 1584 2298 commemorent
1614 2240 1681 2295 ‘i

1301 2327 1532 2385 Salutio.

703 2417 784 2472 Ex
814 2417 966 2473 hisce
1000 2418 1257 2475 omnibus
1308 2419 1514 2490 liquet,
1548 2419 1793 2475 diversas
1823 2435 2086 2490 personas
2131 2419 2218 2475 di-

631 2510 806 2564 versis
858 2510 1202 2580 temporibus
1258 2520 1538 2583 unguento
1591 2511 1883 2565 Dominum
1941 2512 2214 2567 illiniisse.

2328 2532 2435 2586 ροις
2459 2515 2675 2585 καιροῖς
2698 2512 2779 2587 τῷ
2827 2510 2989 2584 μύρῳ
3021 2511 3115 2586 τὸν
3160 2509 3369 2580 Κύριον
3401 2508 3651 2578 ἀλεῖψαι.
3712 2509 3769 2561 Ἦ
3805 2509 3877 2578 μὲν

633 2602 731 2657 Illa
762 2602 908 2657 enim
935 2602 1077 2672 apud
1108 2601 1311 2657 Lucam
1344 2603 1566 2673 reliquis
1597 2603 1904 2673 antiquior,
1939 2612 2216 2669 narratur,

2328 2608 2429 2679 γὰρ
2464 2605 2615 2677 παρὰ
2650 2604 2727 2676 τῷ
2758 2604 2941 2676 Λουκᾷ
2967 2601 3305 2675 ἀρχαιοτέρα
3327 2600 3439 2655 τῶν
3482 2600 3669 2655 ἄλλων
3696 2600 3876 2671 ἱστόρη-

634 2710 746 2749 non
777 2694 832 2748 in
859 2693 1144 2760 Bethania,
1176 2695 1272 2750 sed
1302 2695 1356 2749 in
1386 2693 1606 2750 Galilaea
1647 2696 1753 2751 hoc
1789 2694 1984 2750 fecisse
2007 2732 2023 2759 ,
2075 2696 2220 2766 apud

2328 2716 2431 2764 ται,
2460 2698 2561 2752 ούκ
2593 2699 2650 2751 ὲν
2699 2693 2964 2766 Βηθανίᾳ,
3002 2693 3117 2749 ἀλλ’
3152 2695 3212 2747 ὲν
3267 2692 3531 2765 Γαλιλαίᾳ
3560 2693 3721 2747 τοῦτο
3766 2694 3876 2763 πρὸ·

638 2786 918 2842 Simonem
953 2787 1245 2862 quemdam
1278 2785 1654 2854 Pharisaeum;
1691 2802 1803 2842 non
1833 2797 2016 2842 autem
2040 2788 2220 2859 lepro-

2328 2790 2480 2855 Εασα,
2539 2786 2693 2859 παρὰ
2749 2785 2959 2855 Σίμωνι
3005 2803 3114 2840 τινι
3160 2785 3477 2857 Φαρισαίῳ·
3510 2785 3577 2841 ού
3622 2786 3793 2855 μέντοι
3831 2800 3876 2851 γι

637 2894 757 2933 sum
786 2896 801 2945 ;
835 2886 896 2933 ut
929 2877 1187 2933 Matthaeo
1217 2886 1273 2933 et
1304 2877 1484 2935 Marco
1520 2879 1804 2950 probatur,
1839 2887 1968 2937 ante
1996 2878 2219 2934 biduum

2328 2884 2544 2957 λεπρῷ·
2601 2882 2857 2953 καθάπερ
2898 2881 3166 2954 Ματθαίῳ
3212 2882 3485 2935 δοκεῖκαὶ
3526 2881 3756 2951 Μάρκῳ,
3797 2881 3877 2950 πρὸ

637 2969 864 3025 Pascha:
896 2969 950 3024 id
991 2986 1092 3041 per
1131 2970 1419 3054 mulierem
1449 2979 1661 3043 gestum
1691 2986 1833 3029 esse.
1884 2971 2007 3029 Pari
2059 2973 2223 3028 modo

2328 2973 2383 3040 ἓξ
2415 2976 2459 3013 θ’
2486 2972 2713 3044 ἡμερῶν
2765 2969 2859 3025 τοῢ
2912 2970 3131 3042 Πάσχα,
3161 2970 3321 3025 τοῦτο
3370 2971 3478 3024 ὑπὸ
3505 2970 3608 3041 τῆς
3661 2970 3879 3039 γυναικὴ

637 3069 696 3116 et
724 3062 869 3132 apud
898 3060 1170 3118 Joannem
1204 3063 1310 3119 alia
1336 3072 1421 3119 est
1449 3063 1519 3120 ab
1541 3063 1667 3122 illis.
1698 3062 1829 3121 Erat
1862 3064 2008 3123 enim
2033 3064 2223 3119 Lazari

2328 3065 2662 3137 πεπρᾶχθαι..
2701 3063 2976 3127 Ὡσαύτως
3005 3063 3061 3117 δὲ
3085 3064 3182 3117 καὶ
3204 3063 3357 3134 παρὰ
3382 3061 3721 3134 τῷἾωάννῃ.
3749 3062 3877 3131 ἑτέρα

640 3167 818 3208 soror.
861 3153 982 3221 Quo
1015 3154 1218 3210 iactum
1261 3161 1344 3211 est
1372 3196 1386 3219 ,
1443 3164 1505 3211 ut
1543 3156 1709 3211 modo
1742 3157 1927 3212 cuncti
1973 3157 2223 3228 discipuli

2328 3157 2480 3227 παρά
2509 3156 2735 3219 ταύτας⁶
2762 3154 3018 3227 Λαζάρου
3040 3156 3151 3228 γὰρ
3177 3150 3246 3227 ἦν
3300 3154 3527 3225 ἀδελφή.
3583 3154 3741 3208 Ὅθεν
3778 3169 3876 3207 m-

640 3244 1007 3315 increparent,
1026 3246 1191 3301 modo
1208 3261 1349 3303 unus
1373 3246 1401 3302 .l
1409 3248 1561 3314 udas,
1581 3264 1705 3304 cum
1730 3263 1840 3305 non
1864 3264 1972 3304 una
2000 3248 2222 3319 femina,

2328 3220 2535 3313 ἔϐαινε,
2566 3248 2698 3301 ποτὲ
2719 3246 2818 3318 μὲν
2847 3220 3093 3311 ἅπαντας
3118 3220 3244 3309 τούς
3279 3220 3534 3316 μαθητάς
3560 3242 3872 3312 ἐπιτιμῆσαι,

2314 2236 2415 2308 τῆς
2444 2234 2623 2300 οἰκίας
2649 2230 2896 2305 Σίμωνος
2928 2230 3447 2305 μνημονεύσαντες;

2987 2323 3202 2390 Λύσις.

2398 2420 2492 2475 Ἐκ
2512 2420 2723 2475 τούτων
2754 2417 3052 2481 δείκνυται,
3080 2416 3319 2487 διάφορα
3345 2416 3629 2488 πρόσωπα
3650 2414 3707 2467 ὲν
3727 2414 3876 2483 Mcl.-

641 3337 738 3393 sed
769 3338 1001 3394 diversae
1029 3339 1514 3412 redarguerentur.

1181 3515 1472 3586 Difficultas
1512 3532 1685 3572 xxxu.

715 3607 964 3673 Quanam
992 3608 1208 3663 ratione
1247 3609 1534 3665 Matthaeus
1565 3620 1621 3663 et
1661 3609 1909 3674 Marcus,
1959 3619 2082 3681 post
2125 3611 2228 3667 Bc-

645 3701 847 3755 thania:
876 3715 1112 3765 orenam,
1157 3699 1355 3755 Iudam
1391 3701 1637 3755 referunt
1676 3710 1894 3771 pactum
1947 3702 2116 3759 fuisse
2159 3705 2228 3759 de

643 3798 869 3860 argento
895 3790 1224 3861 proditionis
1248 3791 1269 3821 ⁸
1295 3831 1311 3857 ,
1365 3789 1541 3845 Lucas
1575 3801 1779 3853 autem,
1812 3793 2031 3862 quando
2068 3791 2230 3848 Chri-

644 3894 762 3937 stus
788 3884 952 3937 ﬁnem
988 3881 1249 3952 imposuit
1305 3882 1548 3937 sermoni
1583 3884 1653 3938 de
1683 3885 1931 3938 omnium
1966 3900 2228 3941 consum-

644 3975 920 4030 matione'
943 3992 958 4040 ;
990 3974 1231 4029 Joannes
1250 3989 1384 4029 vero
1401 3989 1612 4031 cmnam
1638 3976 1859 4047 quidem
1881 3979 2225 4045 memoravit,

642 4080 836 4119 verum
869 4064 1190 4120 Bethaniam
1226 4066 1394 4120 tacuit
1423 4084 1436 4120 :
1469 4076 1524 4121 et
1558 4066 1627 4122 de
1678 4076 1925 4138 tempore
1981 4069 2050 4123 ab
2107 4068 2229 4125 aliis

644 4157 931 4212 dissonare
962 4156 1179 4212 videtur
1201 4196 1216 4223 ,
1245 4158 1585 4213 mentionem
1626 4157 1836 4214 faciens
1871 4160 2069 4227 noctis,
2120 4175 2227 4231 qua

645 4266 675 4303 a
702 4247 905 4304 Judzeis
930 4248 1192 4305 Dominus
1218 4249 1655 4319 comprehensus
1684 4259 1767 4306 est
1791 4250 1816 4303 Υ

1325 4340 1547 4396 Salutio.

710 4435 855 4492 Nihil
884 4451 1007 4492 cum
1040 4435 1385 4491 dissonantia
1411 4435 1617 4490 dictum
1639 4445 1722 4491 est
1752 4437 1822 4492 ab
1849 4439 2226 4511 evangelistis;

645 4530 740 4583 sed
771 4544 893 4597 quae
925 4529 1069 4598 apud
1103 4528 1239 4582 alios
1267 4526 1519 4593 deerant,
1553 4530 1926 4599 unusquisque
1964 4532 2226 4597 narravit,

645 4631 837 4677 sancto
872 4630 1052 4676 motus
1076 4618 1291 4692 Spiritu
1318 4636 1332 4685 ;
1366 4634 1476 4690 quo
1504 4620 1818 4675 necessaria
1852 4622 2008 4678 ﬁeret
2041 4640 2228 4679 eorum

648 4720 882 4779 quatuor
912 4712 1098 4767 lectio.
1142 4710 1315 4782 Igitur
1359 4725 1390 4764 e
1436 4721 1623 4765 monte
1650 4709 1847 4768 Oliveti
1889 4714 2230 4773 descendens

647 4805 934 4869 Dominus,
969 4812 1097 4874 post
1130 4818 1416 4858 sermones
1444 4802 1566 4859 illos
1586 4804 1652 4859 de
1683 4819 1865 4860 rerum
1885 4821 2233 4864 consumma-

646 4897 817 4963 tione,
850 4895 1171 4953 Bethaniam
1205 4895 1353 4951 venit
1380 4912 1397 4963 ;
1428 4896 1572 4951 unde
1603 4895 1774 4952 ludas
1803 4907 1927 4968 post
1967 4901 2231 4971 unguenti

647 4988 1001 5053 oblationem,
1023 4986 1327 5042 concitatus
1351 4987 1592 5043 avaritiae
1619 4990 1832 5057 morbo,
1862 4993 2003 5061 quod
2034 5008 2233 5063 nempe

649 5078 795 5132 illius
822 5080 1060 5148 pretium
1094 5094 1205 5135 non
1248 5079 1590 5149 accepisset,
1644 5080 1780 5136 abiit
1804 5082 2010 5148 statim,
2046 5082 2232 5138 Domi-

648 5187 891 5241 numque
932 5172 1179 5228 vendidit
1204 5210 1218 5235 ,
1264 5181 1393 5229 ante
1434 5173 1658 5229 biduum
1707 5173 1950 5232 Paschae.
1992 5177 2233 5234 Joannes

648 5278 801 5328 vero,
827 5264 1030 5318 relictis
1062 5264 1411 5320 sermonibus
1440 5265 1509 5321 de
1533 5265 1642 5321 (ine
1666 5269 1879 5335 mundi,
1911 5269 1979 5325 de
2004 5270 2233 5325 consilio

647 5354 972 5426 pontiﬁcum
1007 5353 1074 5408 ad
1102 5354 1463 5411 occidendum
1504 5357 1820 5426 Dominum,
1851 5369 2112 5416 unct.one
2140 5362 2230 5419 illa

646 5442 935 5501 Bethania:
962 5444 1090 5501 alibi
1130 5455 1391 5501 enarrata
1417 5488 1432 5514 ,
1469 5462 1689 5505 necnon
1717 5452 2080 5509 conventione
2106 5469 2237 5524 pro-

718 5587 765 5620 "
804 5583 999 5641 Matth.
1033 5602 1148 5650 χχι,
1177 5586 1283 5651 '53;
1315 5584 1482 5641 Marc.
1504 5576 1672 5652 ιιιιίι.

2327 3340 2460 3394 ποτὲ
2490 3339 2549 3393 δὲ
2576 3339 2670 3393 τὸν
2712 3337 2943 3391 Ἰούδανο
2978 3338 3078 3409 οὐχ
3107 3338 3230 3401 ἐνὸς
3261 3335 3586 3411 προσώπου,
3638 3334 3769 3391 ἀλλὰ
3787 3333 3875 3389 6t:-

2328 3433 2512 3510 φόρων
2540 3431 2731 3500 ὄντων,
2761 3430 2872 3485 τῶν
2894 3429 3357 3501 ἐπιτιμηθέντων.

3001 3519 3258 3587 Ἆπορία.

2400 3614 2522 3680 Πῶς
2545 3611 2824 3675 Ματθαῖος
2861 3610 2961 3681 μὲν
2991 3609 3088 3663 καὶ
3115 3608 3344 3679 Μάρκος
3376 3607 3517 3678 μετὰ
3553 3607 3615 3661 τὸ
3642 3608 3700 3662 ὲν
3730 3602 3871 3675 Βηθσς

2327 3710 2418 3784 νίᾳ
2472 3710 2710 3773 δεῖπνον,
2767 3702 3136 3775 συμφωνῆσαι
3172 3702 3235 3755 τὸ
3298 3700 3431 3772 περὶ⁵
3474 3701 3576 3769 τῆς
3626 3696 3868 3771 προδοσίας

2326 3803 2615 3876 ἀργύριον,
2643 3803 2736 3855 τὸν
2788 3798 2991 3853 Ἰούδαν
3024 3796 3337 3850 ἐκτίθενται
3356 3812 3373 3829 ο
3425 3796 3640 3858 Λουκᾶς
3670 3793 3722 3848 δὲ
3744 3790 3866 3863 ἡνίκα

2326 3894 2504 3948 λαλῶν
2557 3891 2627 3946 τά
2666 3891 2798 3963 περὶ
2837 3888 3150 3952 συντελείας
3194 3886 3509 3947 ἐπαύσατο·
3559 3887 3791 3957 Ἰωάννης
3826 3883 3865 3934 δὲ

2326 3986 2541 4040 δείπνου
2565 3985 2662 4055 μὲν
2688 3981 3114 4053 ἐμνημόνευσεν,
3140 3979 3202 4033 ού
3252 3981 3440 4052 μέντοι
3490 3979 3591 4052 τὴν
3641 3977 3863 4051 Βηθανίαν

2330 4079 2535 4149 ἱστορεῖ
2553 4091 2567 4106 °
2614 4075 2709 4129 καὶ
2730 4074 2861 4147 περὶ
2893 4074 2988 4126 τὸν
3026 4074 3221 4145 καιρόν
3250 4075 3366 4127 ὲστι
3397 4072 3536 4144 πρὸς
3560 4073 3687 4135 τοὺς
3715 4069 3864 4128 ἄλλως

2325 4170 2401 4235 ὡς
2446 4167 2696 4223 δοκοῦσιν
2749 4166 3100 4237 ἀσύμφωνος,
3132 4164 3330 4229 νυκτὸς
3380 4163 3745 4235 μνημονεύων,
3772 4152 3863 4235 ἐνῇ

2326 4261 2480 4333 παρὰ
2496 4260 2610 4315 τῶν
2644 4258 2911 4313 Ἰουδαίων
2951 4258 2980 4312 6
3003 4255 3211 4329 Κύριος
3234 4254 3590 4329 συνείληπται
3615 4270 3630 4320 ;

3010 4350 3225 4413 Λύσις.

2401 4441 2571 4500 Οὐδὲν
2618 4437 2969 4514 ἀσυμφώνως
3013 4440 3125 4501 τοῖς
3174 4436 3596 4508 εύαγγελισταῖς
3642 4434 3858 4506 εἴργειν

2335 4535 2469 4589 ἀλλὰ
2493 4535 2565 4589 τὰ
2616 4520 2769 4605 παρὰ
2820 4530 3066 4602 ἀλλήλων
3108 4529 3462 4600 ὲλλειφθὲντα
3509 4529 3723 4589 ἔκαστος
3757 4521 3863 4576 ἱστό-

2338 4645 2493 4701 ρησε,
2532 4626 2809 4696 Πνεύματι
2838 4622 2976 4695 ἁγίῳ
3010 4622 3329 4693 κινούμενος
3351 4634 3367 4650 ”
3399 4621 3488 4674 ἵνα
3515 4616 3769 4689 ἀναγκαία
3797 4614 3858 4681 air,

2336 4720 2443 4775 τῶν
2473 4719 2757 4789 τεσσάρων
2781 4718 2815 4787 ὴ
2844 4715 3175 4785 ἀνάγνωσις.
3224 4714 3359 4767 Ἀπὸ
3402 4713 3582 4768 τοίνυν
3622 4712 3708 4765 τοῦ
3736 4709 3856 4779 ὅρους

2336 4812 2445 4866 τῶν
2477 4809 2670 4868 ἐλαιῶν
2694 4810 2724 4863 6
2755 4809 2959 4881 Κύριος
2980 4805 3229 4870 καταϐὰς
3260 4805 3398 4877 μετὰ
3451 4806 3580 4869 τοὺς
3610 4803 3723 4874 περὶ
3764 4814 3853 4852 συν-

2337 4903 2549 4966 τελείας
2596 4901 2810 4971 λόγους,
2853 4901 2932 4964 είς
2961 4897 3234 4970 Βηθανίαν
3276 4893 3467 4969 ἦλθεν,
3531 4898 3651 4951 ὅθεν
3701 4891 3856 4949 Ἰούδας

2343 4997 2483 5069 μετὰ
2525 4995 2624 5066 τὴν
2660 4990 2974 5065 προσφοράν
3028 4989 3121 5044 τοῦ
3155 4989 3329 5060 μύρου
3380 4988 3673 5061 ἐρεθισθεὶς
3699 4984 3765 5055 τῷ
3784 4979 3851 5048 τῆς

2340 5088 2707 5160 φιλαργυρίας
2750 5086 3039 5155 νοσήματι,
3079 5082 3163 5136 ὅτι
3191 5080 3256 5152 δὴ
3286 5081 3387 5152 τὴν
3439 5080 3629 5135 τούτου
3676 5078 3758 5145 οὐχ
3780 5074 3854 5125 ὑπ-

2339 5180 2555 5246 εδέξατο
2568 5177 2756 5252 τιμὴν,
2774 5173 3023 5231 ἀπελθὼν
3041 5172 3242 5239 εὐθέως
3253 5172 3344 5225 τὸν
3365 5172 3448 5227 Κύ
3457 5188 3570 5244 ριον
3584 5171 3851 5238 ἐπίπρασκε.

2341 5271 2447 5344 πρὸ
2474 5268 2569 5324 δύο
2598 5270 2631 5341 ἡ
2642 5266 2824 5339 μερῶν
2843 5265 2939 5320 τοῦ
2958 5266 3171 5338 Πάσχα.
3223 5264 3480 5335 Ἰωάννης
3505 5262 3565 5317 δὲ
3592 5253 3854 5331 παραλιπὼν

2337 5363 2466 5429 τοὺς
2499 5359 2632 5431 περὶ
2654 5356 2964 5421 συντελείας
2996 5355 3186 5424 λόγους
3226 5356 3325 5411 καὶ
3353 5355 3454 5426 τὴν
3480 5353 3588 5407 τῶν
3612 5347 3853 5424 ἀρχιερέων

2347 5452 2441 5508 ἐπὶ
2463 5453 2529 5525 τῇ
2558 5448 2837 5520 ἀναιρέσει
2864 5446 2962 5503 τοῦ
2988 5445 3189 5519 Κυρίου
3212 5444 3528 5517 βουλὴν,καὶ
3547 5445 3604 5499 τὸ
3632 5436 3853 5513 ίστορηθίν

1803 5604 1933 5645 nuc.
1965 5607 2054 5658 xx,
2088 5597 2143 5649 θ.
2214 5595 2223 5625 ¹

2328 5606 2427 5645 πε.
2458 5606 2554 5655 ιιι,
2583 5590 2638 5644 4.
2713 5589 2734 5620 ⁸
2759 5586 2919 5643 Joan.
2946 5586 3096 5658 xtuli
3117 5584 3348 5658 ;_Matth.
3380 5584 3603 5658 “9,3;
3688 5582 3707 5615 ⁵
3730 5579 3851 5635 lim.

646 5671 682 5712 ι
708 5673 760 5723 ν,
793 5656 845 5711 1.
921 5657 942 5688 ³
970 5657 1100 5712 Luc.
1141 5674 1239 5724 vu,
1273 5658 1363 5714 37.
1438 5658 1459 5688 ⁸
1490 5657 1685 5713 Matth.
1723 5674 1867 5728 xxvr,
1910 5663 2004 5730 H;
2039 5654 2210 5725 Marc,
2256 5679 2369 5725 xw,
2412 5662 2497 5717 l0.
2573 5661 2591 5692 '
2616 5660 2763 5722 ,Luc.
2794 5674 2923 5725 xm,
2948 5658 3004 5712 '5.
3079 5657 3101 5690 ⁸
3128 5654 3288 5712 Joau.
3310 5673 3426 5722 xm,
3456 5656 3511 5722 2,
3546 5655 3630 5712 30.

1988 5772 2214 5832 VMHA‘.‘
2256 5770 2667 5830 LECTIONES.

733 5851 755 5879 ο
785 5837 849 5893 1η
880 5857 976 5896 me.
1009 5857 1214 5913 semper
1273 5841 1391 5899 Βιθ.
1474 5842 1533 5882 ο*
1556 5840 1616 5897 ιτ.
1648 5842 1762 5899 δύο.
