4040 6448
505 283 643 407 ιω

1698 325 2065 388 HESYCHII
2108 320 2586 384 PRESBYTER]

3646 310 3773 376 142i

500 452 647 509 circa
684 442 951 517 suspicati
988 449 1122 497 sunt
1148 438 1430 511 discipuli,
1462 437 1530 494 ad
1561 438 1669 493 tale
1714 435 2088 492 ministerium

2193 431 2386 502 ψυχῇ,
2405 431 2591 485 ταῦτα
2619 428 3013 501 ποιηθήιτεται
3040 428 3202 500 ὑμῖν.
3232 428 3399 483 Ὅθεν
3446 428 3709 482 ὑπενόουν
3730 431 3778 482 οἱ

501 545 695 603 ludam
752 541 993 610 legatum
1050 535 1221 591 fuisse
1284 547 1410 605 p05t
1477 532 1739 589 buccellae
1784 530 2087 600 susceptio-

502 653 651 693 nem.

1070 718 1364 789 Difﬁcultas
1399 731 1561 773 xxxv.

572 817 692 885 Quo
729 813 894 870 modo
942 810 1117 868 Lucas
1170 826 1294 880 quae
1345 807 1517 863 multo
1572 817 1822 877 tempore
1870 819 2085 861 coenam

503 916 920 981 praecesserant,
942 904 1205 960 nonnulla
1242 903 1406 957 etiam
1445 914 1568 971 quae
1602 899 1898 954 subsecuta
1928 906 2086 962 sunt,

514 1011 776 1068 tanquam
808 997 954 1051 inter
1002 1009 1216 1050 ctenam
1277 992 1419 1046 facta
1472 996 1730 1053 enarrat;
1790 1002 1912 1057 qua:
1954 1000 2089 1057 apo-

504 1092 658 1147 stolis
693 1087 991 1144 edisseruit
1022 1086 1278 1141 Christus
1303 1123 1319 1150 ,
1361 1084 1430 1139 de
1458 1082 1681 1138 vitanda
1733 1078 2088 1135 contentione

503 1183 651 1237 cirta
680 1181 975 1250 primatum
1008 1177 1051 1208 “'
1078 1193 1094 1243 ;
1128 1189 1359 1245 quaeque
1398 1171 1562 1227 Petro
1585 1213 1601 1235 ,
1656 1168 1961 1241 praedicens
1991 1180 2090 1220 ne-

498 1274 783 1345 gationem
817 1288 830 1325 :
865 1284 1101 1338 quorum
1133 1267 1309 1339 prius,
1343 1266 1518 1321 multo
1547 1273 1676 1318 ante
1704 1274 1917 1317 cmnam
1949 1256 2088 1311 Mat-

506 1367 682 1420 thazus
728 1370 785 1417 et
832 1361 1044 1416 Marcus
1074 1361 1386 1415 docuerunt
1421 1372 1559 1423 nos;
1610 1354 1883 1426 posterius
1931 1365 2085 1415 vero,

504 1464 633 1526 post
655 1468 892 1518 coenam,
921 1452 1032 1523 jam
1064 1449 1197 1505 Jesu
1232 1448 1301 1504 ad
1331 1456 1572 1504 montem
1602 1445 1983 1517 proﬁciscente
2007 1439 2089 1493 “2?

1216 1539 1446 1595 Salutio.

573 1641 714 1709 Quia
741 1652 913 1709 super
938 1635 1123 1691 omnia
1148 1632 1406 1688 mandata
1426 1674 1441 1699 ,
1486 1630 1709 1687 Christo
1740 1637 1891 1702 grata
1924 1643 2088 1685 acce-

504 1741 707 1804 ptaque
741 1739 860 1786 erat
898 1727 1202 1791 humilitas,
1238 1725 1419 1796 utqui
1449 1739 1569 1779 eam
1599 1732 1654 1779 et
1684 1722 1946 1794 operibus
1990 1722 2090 1776 de-

426 1839 433 1845 ‘
505 1831 859 1888 monstraret,
885 1834 1029 1891 saepe
1076 1810 1144 1874 de
1190 1817 1282 1871 illa
1326 1816 1395 1871 ad
1439 1814 1738 1886 discipulos
1777 1827 2087 1868 sermonem
2121 1804 2162 1858 Β

404 1908 415 1915 ’ί
505 1916 723 1973 habuit.
759 1913 943 1967 Primo
974 1914 1032 1966 in
1070 1908 1509 1965 beatitudinibus
1537 1946 1553 1973 ,
1589 1917 1704 1961 tum
1736 1905 1942 1972 semel,
1976 1913 2089 1959 tum

506 2006 592 2062 bis
613 2007 655 2037 ”
687 2023 702 2072 ;
746 2004 948 2060 deinde
989 2001 1212 2072 quando
1242 1999 1521 2071 petierunt
1550 1997 1648 2052 lilii
1679 1996 1929 2052 Zebedzei
1957 2036 1974 2062 ,
2031 2004 2093 2050 ut

502 2100 571 2153 ad
607 2097 892 2153 dexteram
919 2103 975 2150 et
1004 2094 1072 2149 ad
1112 2092 1390 2147 sinistram
1423 2090 1566 2145 illius
1591 2090 1848 2145 sederent
1872 2088 1917 2120 ¹⁸
1950 2104 1965 2153 ;
1998 2087 2093 2143 ad-

506 2192 623 2246 haec
651 2190 707 2243 in
740 2203 919 2250 omna,
950 2201 1101 2251 cum,
1143 2184 1222 2239 uti
1254 2200 1352 2254 par
1381 2192 1484 2249 est,
1519 2182 1819 2253 discipulos
1846 2181 1913 2236 ad
1935 2195 2091 2235 amo-

505 2298 620 2338 rem
652 2279 997 2351 principatus
1028 2277 1363 2332 concitasset
1405 2273 1560 2330 Judae
1601 2274 1886 2330 temeritas
1914 2312 1930 2337 ,
1993 2271 2089 2343 qui

505 2390 731 2433 manum
758 2388 911 2431 suam
956 2389 1081 2429 cum
1114 2372 1342 2428 Domino
1373 2371 1643 2442 intingere
1683 2371 1735 2423 in
1771 2369 1955 2424 catino
1988 2383 2090 2423 au-

505 2484 601 2524 sus
632 2468 832 2522 fuerat.
871 2464 1112 2520 Proinde
1142 2462 1458 2519 necessario
1485 2461 1777 2517 Matthzeus
1801 2468 1856 2515 et
1874 2458 2092 2516 Marcus

508 2561 714 2631 prima;
742 2575 865 2631 quae
893 2573 1025 2615 vero
1057 2557 1115 2611 in
1144 2571 1302 2613 coena
1327 2594 1344 2621 ,
1394 2557 1610 2621 Lucas;
1659 2554 1922 2616 Joannes,
1954 2550 2093 2607 acti-

505 2666 629 2706 vam
659 2666 757 2721 per
804 2648 1140 2719 lavipedium
1165 2647 1207 2678 ¹⁹
1236 2686 1253 2712 ,
1284 2645 1501 2704 Domini
1531 2644 1598 2700 de
1634 2643 1946 2699 humilitate
1990 2642 2092 2696 do-

507 2744 761 2807 ctrinam,
794 2748 1191 2811 exposuerunt,
1229 2738 1511 2794 derelictis
1541 2737 1608 2793 iis
1637 2735 1840 2807 singuli
1871 2750 1993 2805 quae
2024 2733 2092 2788 ab

506 2837 629 2892 aliis
668 2836 814 2890 dicta
862 2833 1103 2889 fuerant.
1161 2831 1367 2888 Eodem
1418 2830 1581 2885 modo
1638 2828 1889 2884 ardorem
1944 2826 2090 2882 Petri

505 2940 870 2997 cognoscens,
900 2925 1219 2994 frequenter
1252 2922 1305 2977 ei
1338 2937 1453 2976 rem
1483 2920 1759 2985 declarat;
1787 2928 1843 2975 et
1862 2918 1918 2973 in
1934 2933 2092 2976 ccena

506 3016 812 3088 praedicens
841 3015 1213 3086 negationem,
1252 3022 1305 3069 et
1344 3012 1402 3068 in
1438 3019 1683 3066 montem
1716 3025 1949 3082 pergens
1986 3009 2092 3065 oli-

506 3122 702 3164 varum
733 3124 748 3160 :
775 3120 965 3163 verum
996 3121 1120 3177 qua:
1167 3106 1224 3160 in
1253 3120 1410 3162 cmna
1444 3104 1589 3160 dicta
1612 3112 1755 3159 sunt
1792 3104 1862 3159 de
1893 3103 2092 3174 pradi-

507 3206 695 3264 ctione
723 3205 1031 3277 negationis
1057 3203 1205 3260 Petri
1233 3244 1248 3268 ,
1280 3204 1455 3259 Lucas
1495 3210 1554 3259 et
1577 3201 1818 3260 Joannes
1849 3205 2093 3274 scripse-

509 3310 644 3357 runt
660 3301 708 3335 "
734 3318 751 3369 ;
776 3316 899 3371 qua
927 3314 1059 3357 vero
1084 3308 1208 3372 post
1224 3314 1459 3357 ecetram.
1495 3296 2095 3354 Mauhaaus~et'Marcus

507 3401 828 3451 narrarunt.

1060 3570 1348 3641 Diﬂicullas
1382 3586 1570 3625 xxxvr.

582 3664 721 3731 Quid
752 3663 828 3719 rei
860 3673 965 3727 est,
1000 3664 1148 3745 quod
1169 3663 1357 3718 Jesum
1388 3663 1465 3717 illi
1488 3662 1709 3732 quidem
1753 3670 1980 3715 narrant
2008 3675 2096 3716 as—

510 3753 812 3823 sumpsisse
864 3753 921 3807 in
976 3752 1331 3807 Gethsemani
1385 3751 1720 3821 discipulos,
1776 3758 1833 3805 et
1883 3764 2086 3813 orasse,

509 3848 730 3917 illicque
758 3848 1017 3902 traditum
1050 3846 1258 3912 fuisse;
1286 3845 1466 3902 Lucas
1496 3861 1628 3901 vero
1672 3846 1729 3901 in
1764 3853 1954 3901 monte
1984 3844 2091 3899 oli-

507 3953 739 4002 varum;
772 3938 1016 3993 Joannes
1066 3937 1122 3991 in
1152 3936 1315 3993 horto
1339 3938 1576 4007 quodam
1608 3947 1759 3994 trans
1794 3945 2091 3993 torrentem

508 4030 727 4087 Cedron
750 4032 793 4063 ἰ
818 4031 841 4084 ?

1216 4120 1444 4177 Salutio.

577 4210 821 4267 Diversis
849 4212 1074 4282 quidem
1107 4214 1355 4281 vocibus,
1385 4223 1442 4269 at
1475 4214 1839 4270 concordibus
1862 4223 2089 4269 sentem

506 4301 600 4357 tiis
631 4303 850 4374 utrique
890 4306 1214 4361 retulerunt.
1258 4306 1389 4362 Post
1427 4321 1642 4362 caenam
1694 4308 1842 4363 enim
1866 4346 1881 4372 ,
1934 4307 2088 4377 juxta

502 4393 820 4451 Matthmum
851 4408 907 4453 et
932 4397 1175 4473 Marcum
1199 4442 1215 4466 ,
1277 4400 1469 4471 hymno
1516 4400 1655 4454 dicto
1679 4442 1694 4467 ,
1761 4402 2001 4455 exierunt
2030 4400 2087 4453 in

2190 522 2433 595 μαθηταὶ
2452 523 2534 585 είς
2557 521 2820 593 τοιαύτην
2850 521 3134 577 διακονίαν
3166 521 3436 591 σταλῆναι
3464 521 3563 573 τὸν
3586 519 3783 574 Ἰούδαν

2193 613 2332 685 μετὰ
2351 613 2449 685 τὴν
2479 612 2574 667 τοῦ
2603 612 2820 686 ψωμίου
2861 612 3157 684 ὑποδοχήν.

2843 707 3113 775 Ἀπορία.

2254 801 2377 865 Πῶς
2407 804 2435 856 ὁ
2469 802 2688 865 Λουκᾶς
2719 800 2789 854 τὰ
2818 801 2927 873 πρὸ
2953 801 3091 853 πολὺ
3125 800 3219 855 106
3276 800 3499 855 δείπνου
3526 801 3795 872 γινόμενα

2189 893 2480 965 πρότερον,
2508 892 2628 947 ἔνια
2671 893 2730 947 δὲ
2755 894 2851 947 καὶ
2878 892 3109 964 ὕστερον
3157 893 3233 957 ὠς
3260 894 3322 946 ὲν
3347 893 3429 964 τῷ
3456 893 3670 965 δείπνῳ
3704 912 3793 965 γε·

2188 985 2387 1055 γονὸτα
2412 985 2689 1039 ὲκτίθεται
2712 1001 2726 1016 ο
2758 987 2859 1039 ὅσα
2878 988 2990 1049 τοῖς
3012 986 3337 1049 ἀποστόλοις
3358 985 3646 1056 διελέχθη,
3674 988 3800 1057 περὶ

2189 1077 2285 1132 106
2320 1078 2395 1149 μὴ
2427 1078 2538 1131 δεῖν
2568 1077 2702 1150 περὶ
2725 1078 3016 1151 πρωτείων
3044 1078 3404 1149 φιλονεικεῖν·
3454 1080 3554 1131 καὶ
3584 1079 3689 1131 ὅσα
3718 1076 3795 1149 τῷ

2190 1172 2385 1244 Πέτρῳ
2444 1172 2841 1243 προαγορεύων
2873 1171 2975 1242 τὴν
3003 1171 3236 1242 ἄρνησιν
3278 1167 3355 1225 ὧν
3373 1170 3439 1225 τὸ
3470 1173 3580 1242 μὲν
3604 1171 3801 1241 πρᾶττε

2192 1281 2286 1335 ρον
2311 1265 2418 1337 πρὸ
2442 1264 2641 1319 πολλοῦ
2686 1266 2779 1319 106
2812 1265 3034 1319 δείπνου
3076 1265 3361 1323 Ματθαίος
3411 1267 3510 1319 καὶ⁸
3568 1266 3801 1336 Μάρκος

2187 1359 2340 1429 ἡμᾶς
2369 1357 2616 1423 ἐδίδαξαν
2635 1374 2651 1389 ⁸
2690 1359 2753 1413 τὸ
2774 1358 3029 1431 δεύτερον
3054 1359 3111 1412 δὲ
3143 1359 3284 1429 μετά
3322 1358 3385 1412 τὸ
3412 1358 3670 1423 δεῖπνον,
3702 1358 3800 1429 ἤδη

2187 1451 2285 1506 τοῦ
2309 1450 2487 1522 Ἰησοῦ
2511 1451 2650 1524 πρὸς
2677 1452 2742 1506 τὸ
2762 1452 2890 1525 δρος
2913 1452 3231 1521 ὀδεύοντος;

2864 1547 3077 1613 Λύσις.

2260 1635 2480 1708 Ἐπειδὴ
2510 1634 2663 1706 παρά
2683 1633 2867 1697 πάσας
2896 1634 2997 1698 τὰς
3030 1636 3273 1701 ἐντολὰς,
3310 1637 3800 1707 περισπούδαστος

2188 1727 2268 1799 τῷ
2298 1727 2520 1799 Χριστῷ
2548 1726 3100 1801 ἡταπεινοφροσύνη,
3126 1727 3204 1792 ὡς
3235 1728 3333 1782 καὶ
3359 1729 3449 1782 διὰ
3471 1729 3593 1782 τῶν
3624 1729 3799 1800 ἔργων

2190 1813 2362 1893 αὐτὴν
2396 1820 2783 1893 ὲνδειξαμένῳ,
2809 1821 3078 1885 πολλάκις
3108 1822 3239 1892 περὶ
3267 1822 3449 1892 αὐτῆς
3474 1822 3600 1885 τοῖς
3632 1821 3802 1891 μαθη-

2190 1917 2315 1977 ταῖς
2338 1912 2614 1984 διηλέχθη.
2655 1913 2878 1985 Πρῶτον
2912 1914 3011 1985 μὲν
3040 1915 3099 1968 ὲν
3124 1916 3241 1979 τοῖς
3272 1917 3686 1986 μακαρισμοίς,
3710 1917 3801 1968 καὶ

2193 2005 2342 2073 ἅπαξ
2374 2005 2472 2061 καὶ
2509 2006 2590 2067 δίς
2612 2021 2626 2036 ·
2680 2005 2871 2059 ἔπειτα
2900 2005 3078 2059 δὲκαὶ
3107 2007 3165 2059 ὲν
3208 2009 3276 2077 τῇ
3314 2008 3539 2077 αίτήσει
3590 2006 3699 2077 τῆς
3736 2009 3797 2058 ἐκ

2191 2096 2383 2163 δεξιῶν
2412 2098 2509 2151 καὶ
2562 2095 2624 2161 ἐξ
2653 2094 2951 2167 εὐωνύμων
2979 2096 3147 2150 αὑτοῦ
3200 2096 3479 2168 καθέδρας
3504 2096 3627 2150 τῶν
3668 2097 3797 2150 υίῶν

2191 2189 2502 2244 Ζεϐεδαίου.
2531 2190 2641 2242 Καὶ
2670 2189 2729 2242 ὲν
2757 2188 2836 2260 τῷ
2861 2188 3066 2260 δείπνῳ
3093 2188 3171 2254 δὲ,
3207 2191 3311 2260 τῆς
3343 2189 3439 2243 τοῦ
3459 2187 3646 2242 Ἰούδα
3670 2207 3799 2258 προ-

2194 2280 2415 2345 πετείας
2444 2282 2521 2344 ὡς
2573 2281 2722 2345 εἰκὸς
2772 2281 2902 2346 τοὺς
2939 2281 3193 2353 μαθητάς
3248 2283 3329 2346 είς
3385 2282 3798 2353 φιλοπρωτείαν

2178 2374 2544 2447 ,ὲρεθισάσηιδ
2590 2374 2820 2446 βάπτειν
2847 2374 2947 2446 τὴν
2974 2377 3138 2445 χεῖρα
3166 2375 3226 2427 ὲν
3252 2374 3336 2446 τῷ
3370 2375 3623 2447 τρυϐλίῳ
3662 2377 3798 2445 μετὰ

2190 2464 2286 2518 106
2317 2465 2590 2518 Δεσπότου
2611 2464 3007 2535 τολμήσαντος.
3024 2464 3188 2520 Ὅθεν
3218 2466 3572 2534 άναγκαὲως,
3595 2466 3668 2518 τὰ
3702 2466 3796 2535 μὲν

2191 2554 2385 2625 πρῶτα
2418 2554 2700 2619 Ματθαῖος
2745 2558 2844 2610 καὶ
2891 2556 3121 2627 Μάρκος
3141 2597 3157 2622 ,
3191 2557 3262 2609 τὰ
3284 2557 3346 2610 δὲ
3374 2558 3435 2610 ὲν
3483 2557 3568 2627 τῷ
3596 2556 3796 2625 δείπνῳ

2190 2648 2427 2711 Λουκᾶς,
2445 2646 2705 2718 Ἰωάννης
2731 2648 2789 2702 δὲ
2818 2647 2918 2719 τὴν
2943 2649 3263 2720 πρακτικὴν
3285 2649 3377 2702 διὰ
3394 2649 3493 2703 τοῦ
3528 2649 3799 2719 νιπτῆρος

2189 2735 2286 2791 τοῦ
2317 2739 2521 2810 Κυρίου
2574 2739 2930 2794 διδασκαλίαν
2970 2739 3104 2813 περὶ
3154 2742 3681 2812 ταπεινοφροσύνης
3715 2741 3790 2805 ἐξ-

2192 2828 2412 2891 έθεντο,
2472 2830 2877 2896 παραλιπόντες
2928 2833 2999 2886 τὰ
3046 2832 3143 2885 ὑπ’
3188 2832 3437 2904 ἀλλήλων
3495 2834 3791 2904 εἰρημένα.

2203 2919 2481 2990 Ὡσαύτως
2531 2922 2593 2975 τὸ
2634 2922 2839 2995 θερμὸν
2896 2923 2994 2978 106
3036 2925 3247 2998 Πέτρου
3299 2924 3484 2990 είδὼς,
3552 2926 3793 2994 συνεχῶς

2191 3011 2341 3083 αὑτῴ
2366 3013 2769 3083 ἐμφανίζεται·
2798 3015 2895 3069 καὶ
2941 3016 3000 3069 ὲν
3026 3015 3109 3085 τῷ
3134 3016 3343 3088 δείπνῳ
3390 3017 3793 3089 προαγορεύων

2118 3147 2164 3207 c
2193 3103 2294 3173 τὴν
2319 3104 2575 3176 ἄρνησιν,
2606 3108 2703 3160 καὶ⁵
2726 3107 2867 3177 πρὸς
2889 3108 2952 3161 τὸ
2979 3108 3108 3180 δρος
3137 3109 3249 3163 τῶν
3269 3109 3468 3163 ἐλαιῶν
3490 3111 3793 3180 πορευόμε-

2196 3211 2286 3260 νος
2298 3212 2318 3226 λ’
2354 3196 2490 3251 άλλὰ
2519 3198 2589 3252 τὰ
2624 3198 2720 3269 μὲν
2750 3200 2809 3252 ὲν
2834 3199 2912 3271 τῷ
2936 3201 3139 3274 δείπνῳ
3161 3204 3379 3266 Λουκᾶς
3421 3201 3790 3271 καὶἸωάννῃς

2196 3289 2445 3360 περὶτῆς
2474 3291 2837 3362 προρρήσεως
2865 3293 2966 3363 τῆς
2989 3295 3196 3365 Πέτρου
3223 3295 3512 3366 ἀρνήσεως
3534 3293 3782 3358 ἐξέθετο·

2193 3380 2264 3435 τὰ
2294 3380 2351 3435 δὲ
2381 3381 2522 3452 μετὰ
2563 3382 2625 3436 τὸ
2655 3382 2873 3439 δεῖπνον
2922 3384 3203 3450 Ματθαῑος
3235 3385 3331 3440 καὶ
3378 3387 3615 3458 Μάρκος
3644 3385 3781 3439 i016-

2198 3489 2391 3544 ρησαν.

2850 3569 3107 3637 Ἀπορία.

2258 3660 2418 3724 Τίνος
2450 3660 2613 3732 χάριν
2638 3659 2733 3714 τὸν
2765 3659 2999 3730 Ἰησοῦν,
3023 3661 3072 3715 οί
3106 3659 3207 3730 μὲν
3236 3659 3632 3730 ίστοροῦσινὲν
3660 3658 3782 3714 Γεθο

2201 3753 2426 3824 σημανῆ
2466 3752 2806 3824 παραλαϐεῖν
2855 3754 2984 3817 τοὺς
3032 3753 3307 3825 μαθητάς,
3357 3755 3455 3806 καὶ
3490 3753 3783 3825 προσεύξαο

2196 3845 2359 3913 σθαι,
2396 3847 2515 3900 ἐκεῖ
2547 3863 2608 3900 τε
2640 3844 3056 3918 παραδοθῆναι·
3091 3847 3305 3909 Λουκᾶς
3334 3845 3392 3899 δὲ
3441 3846 3524 3908 είς
3552 3844 3617 3899 τὸ
3665 3844 3782 3915 δρος

2190 3938 2303 3990 τῶν
2323 3936 2576 3992 Ἐλαιῶν·
2598 3936 2857 4007 Ἰωάννης
2888 3938 2971 4000 είς
2999 3935 3179 4006 κῆπόν
3207 3952 3328 3990 τινα
3354 3934 3532 4008 πέραν
3555 3933 3651 3988 τοῦ
3674 3950 3780 4004 χιιι

2195 4030 2412 4100 μάρῤου
2436 4028 2551 4082 τῶν
2577 4028 2831 4100 Κέδρωνς
3364 4040 3370 4044 ‘

2882 4121 3098 4189 Λύσις.

2258 4214 2541 4286 Διαφόρως
2593 4214 2693 4285 μὲν
2731 4217 2853 4279 ταῖς
2896 4214 3096 4280 λέξεσι,
3129 4212 3441 4287 συμφώνως
3467 4213 3526 4269 δὲ
3552 4216 3675 4276 ταῖς
3698 4214 3772 4265 ὲν-

2190 4307 2363 4371 νοίαις
2393 4306 2654 4379 ἑκάτερος
2678 4307 2915 4371 ἐξέθετο.
2937 4307 3093 4360 Μετὰ
3116 4306 3226 4377 γὰρ
3244 4307 3306 4359 τὸ
3338 4307 3580 4369 δεῖπνον,
3604 4304 3751 4359 καθὼ
3762 4324 3777 4365 ;

2188 4397 2456 4469 Ματθαίῳ
2490 4398 2585 4451 καὶ
2639 4399 2852 4469 Μάρκῳ
2894 4398 3064 4462 δοκεῖ,
3095 4396 3485 4468 ὑμνήσαντες
3522 4397 3779 4466 ἐξῆλθον

504 4498 732 4543 montem
757 4488 947 4545 Oliveti
974 4493 1042 4555 ¹¹,
1078 4492 1144 4547 ad
1183 4492 1341 4562 cujus
1368 4492 1581 4548 radices
1616 4493 1719 4548 sita
1751 4502 1835 4548 est
1860 4493 2089 4549 Gethse-

2195 4491 2283 4556 είς
2309 4489 2373 4543 τὸ
2397 4489 2535 4558 ὅρος
2584 4490 2704 4544 τῶν
2738 4490 2998 4545 Ἐλαιῶν
3022 4508 3039 4524 ο
3085 4484 3148 4544 οὗ
3190 4491 3333 4563 πρὸς
3382 4491 3446 4545 τὸ
3491 4492 3776 4565 προπόδων

500 4582 653 4635 mani
710 4591 860 4638 trans
912 4594 1215 4640 torrentem
1263 4585 1518 4653 Cedron,
1576 4586 1668 4641 ubi
1712 4595 1833 4642 erat
1869 4585 2087 4653 hortus,

501 4674 965 4743 quemadmodum
984 4691 1015 4730 a
1039 4675 1255 4732 Joanne
1278 4676 1485 4733 dictum
1511 4686 1617 4733 est.
1640 4677 1796 4734 Unde
1822 4679 2088 4734 recedens

500 4765 660 4835 quasi
689 4766 758 4821 ad
784 4766 991 4837 jactum
1022 4769 1241 4839 lapidis.
1287 4779 1345 4825 et
1383 4770 1439 4825 in
1478 4770 1599 4835 ipso
1633 4770 1837 4825 montis
1876 4772 2085 4827 vertice

500 4858 854 4924 constitutus,
887 4858 1196 4929 iterumque
1220 4874 1404 4925 orans,
1429 4859 1499 4915 ad
1527 4858 1825 4930 discipulos
1841 4860 1994 4915 venit
2025 4860 2084 4915 in

500 4945 855 5005 Gethsemani
890 4965 1088 5006 somno
1122 4962 1409 5022 gravatos;
1471 4952 1565 5009 ubi
1603 4961 1660 5008 et
1713 4953 2079 5024 comprehen-

499 5055 597 5096 6118
626 5050 728 5096 εει.

1030 5135 1325 5207 Difﬁcultas
1352 5149 1562 5192 xxxv“.

572 5225 635 5278 In
660 5239 822 5295 quem
853 5226 1077 5283 modum
1109 5228 1395 5285 Mattheus
1416 5239 1471 5285 et
1506 5229 1721 5286 Marcus
1772 5240 1854 5287 ter
1899 5232 2077 5303 ipsum

495 5324 746 5391 narrant.
777 5317 847 5372 de
898 5319 1154 5389 passione
1217 5334 1405 5376 orasse
1453 5339 1467 5387 ;
1517 5322 1690 5379 Lucas
1725 5366 1740 5392 ,
1774 5326 1981 5391 semel;
2031 5335 2088 5381 at

495 5403 737 5461 Joannes
761 5421 942 5478 neque
984 5408 1088 5463 hoc
1111 5408 1314 5465 litteris
1358 5411 1579 5466 tradidit
1602 5413 1693 5466 "’2

567 5545 613 5624 ξ’
650 5545 784 5620 Luc.
820 5545 1100 5624 ¥§Il,._25._
1154 5546 1406 5624 “Matth.
1440 5566 1529 5624 xx_,
1557 5550 1661 5624 25;
1693 5526 1859 5607 Marc.
1892 5569 1946 5619 ι,
1975 5555 2077 5621 42;
2126 5554 2319 5614 Matth.
2374 5573 2526 5621 xm,
2568 5559 2683 5624 50;
2740 5558 2906 5615 Marc.
2955 5577 3048 5615 xxv
3072 5601 3086 5624 ,
3136 5560 3226 5617 26.

2075 5627 2119 5661 ὀ
2164 5627 2296 5682 Luc.
2352 5645 2487 5689 χχιι.
2546 5628 3102 5692 34;Joan.xm,38.

2004 5696 2049 5728 ²¹
2068 5696 2257 5753 Matth.
2284 5714 2430 5764 xui,
2455 5700 2554 5765 50;
2592 5699 2757 5756 Marc.
2794 5717 2919 5768 xiv,
2960 5702 3052 5756 26.

495 5613 691 5692 ffLuc.’
712 5632 788 5683 v1,
815 5618 917 5692 ξφ
951 5614 1144 5692 Matth.
1170 5632 1261 5685 xx,
1288 5619 1379 5692 gs.
1472 5621 1536 5692 _"
1575 5613 1731 5678 Joan.
1760 5640 1881 5687 xm,
1907 5613 1963 5692 ί,

489 5684 661 5759 μετα.
693 5703 806 5754 xiv,
830 5686 937 5759 52;
966 5687 1099 5759 Luc.
1126 5684 1258 5752 χιιι,
1286 5689 1391 5756 59;
1461 5690 1623 5749 Joan.
1648 5710 1802 5759 xvm,
1840 5684 1890 5749 1'.

489 5755 795 5827 Marc.lxtv,
827 5757 923 5826 εις
961 5757 1096 5841 Luc.
1126 5774 1262 5828 uti,
1282 5760 1373 5818 4t.

2192 4581 2518 4653 Γεθσημανῆ
2532 4586 2709 4637 κεῖται
2726 4584 2903 4655 πέραν
2934 4583 3030 4638 τοῦ
3061 4585 3371 4656 χειμάρρου
3393 4584 3507 4637 τῶν
3529 4583 3771 4653 Κέδρων,

2191 4673 2324 4728 ἔνθα
2360 4670 2429 4747 ἦν
2459 4677 2655 4745 κῆπος,
2684 4676 2826 4729 κατὰ
2869 4676 2932 4729 τὸ
2976 4676 3083 4730 ὑπὸ
3111 4677 3364 4731 Ἰωάννου
3410 4676 3625 4747 λεχθένο
3659 4675 3772 4729 ὅθεν

2188 4766 2412 4831 διαστὰς
2437 4767 2571 4821 ὡσεὶ¹
2615 4767 2766 4824 λίθου
2797 4768 2983 4842 βολὴν,
3017 4771 3113 4824 καὶ
3139 4770 3279 4843 πρὸς
3307 4770 3446 4842 αὐτῇ
3472 4774 3541 4841 τῇ
3568 4770 3770 4841 κορυφῇ

2190 4859 2287 4914 106
2307 4860 2469 4932 ὅρους
2496 4860 2810 4932 γενόμενος,
2833 4864 2929 4917 καὶ
2958 4864 3402 4935 προσευξάμενος
3433 4863 3622 4926 πάλιν,
3647 4862 3772 4933 πρὸς

2186 4958 2313 5020 τοὺς
2344 4956 2593 5029 μαθητὰς
2619 4954 2782 5028 ἦλθεν
2829 4959 2889 5011 ὲν
2920 4958 3249 5030 Γεθσημανῆ
3281 4957 3438 5031 ὕπνῳ
3463 4954 3768 5029 βεδαρημέ⁴

2188 5066 2336 5114 νους,
2371 5048 2497 5103 ἔνθα
2526 5051 2621 5103 καὶ
2656 5050 2990 5123 συνελήφθη.

2872 5144 3132 5213 Ἀπορια.

2257 5230 2384 5298 Πῶς
2415 5232 2698 5300 Ματθαῖος
2728 5237 2823 5291 καὶ
2851 5237 3086 5308 Μάρκος
3117 5236 3238 5309 τρὶς
3258 5235 3429 5290 αὐτὸν
3456 5234 3761 5305 ἐξηγοῦνται

2185 5325 2316 5396 περὶ
2375 5323 2469 5378 106
2510 5324 2721 5389 πάθους
2766 5314 3212 5398 προσεύξασθαι*
3240 5328 3459 5391 Λουκᾶς
3502 5328 3559 5382 δὲ
3586 5327 3759 5392 ἅπαξ·

2180 5416 2438 5487 Ἰωάννης
2466 5417 2522 5470 δὲ
2548 5418 2670 5471 οὐδὲ
2694 5417 2853 5473 τοῦτο
2882 5417 3172 5485 συνέταξεν
3194 5438 3209 5487 ;

3342 5561 3384 5592 "
3420 5559 3613 5615 Matth.
3633 5578 3682 5623 v.
3709 5561 3756 5617 3.

3204 5633 3245 5663 ¹¹
3277 5630 3467 5686 Matth.
3492 5649 3637 5696 xxvi,
3666 5632 3757 5696 56;

3151 5704 3197 5736 ³³
3230 5701 3423 5759 Matth.
3458 5720 3617 5769 xui,
3668 5704 3757 5769 M;
