4040 6410
561 492 694 559 ιιει

1765 488 2128 553 HESYCHII
2166 490 2641 553 PRESBYTERI

3698 490 3816 555 1428

554 622 840 679 responso.
871 605 1031 674 Quod
1056 605 1102 661 si
1144 601 1430 659 Mattheus
1463 601 1537 655 ait
1573 601 1867 656 Dominum
1902 602 2139 657 dixisse:

2257 598 2524 670 ἐξέτεμεν,
2579 600 2654 671 μὴ
2694 597 2993 671 ἀναμείνας
3026 596 3142 669 τὴν
3194 598 3614 670 ἀνταπόκρισιν.
3670 599 3726 652 Et
3770 604 3821 657 δὲ

553 701 805 759 Converte
868 701 1107 772 gladium
1170 711 1319 756 ιιιιιηι
1344 700 1400 752 in
1454 696 1626 750 locum
1667 711 1821 749 suum
1852 694 1919 760 ",
1962 703 2018 748 et
2051 707 2139 747 se-

554 795 812 867 quentia;
837 795 979 849 alius
1013 809 1144 849 vero
1182 812 1196 859 ;
1222 792 1391 849 Sinite
1418 807 1579 861 usque
1610 790 1709 842 huc
1733 788 1776 820 ²⁹
1800 805 1815 839 :
1844 796 2141 855 utrumque

558 889 805 942 eamdem
835 887 1003 941 habet
1039 884 1525 956 signiﬁcationem,
1558 879 1703 950 quod
1730 892 1930 947 nempe
1960 875 2113 930 Domi

559 997 662 1037 nus
696 996 811 1034 rem
856 992 1198 1050 nequaquam
1227 975 1535 1047 probasset.

868 1214 875 1235 '
1128 1153 1418 1224 Difficultas
1467 1169 1578 1207 xu.

631 1250 752 1317 Quo
794 1251 956 1307 modo
995 1251 1235 1306 Joannes
1266 1249 1322 1302 in
1362 1246 1562 1301 atrium
1618 1245 1815 1309 Annae,
1860 1243 2146 1299 Matthzens

559 1343 616 1400 in
663 1345 884 1415 Caiphae
923 1346 1217 1401 adductum
1253 1342 1425 1397 fuisse
1465 1339 1654 1396 Jesum
1692 1340 1761 1395 ab
1785 1339 1852 1394 iis
1879 1337 1969 1409 qui
1994 1336 2146 1390 illum

559 1447 823 1508 ceperant
848 1439 1189 1509 scripserunt
1208 1435 1287 1489 ³⁰⁶ἰ

1249 1528 1477 1584 Salutio.

632 1617 769 1676 Cum
795 1620 983 1677 Annas
1008 1614 1151 1677 esset
1179 1636 1337 1676 socer
1409 1616 1653 1687 Caiphae,
1709 1610 2009 1669 verisimile
2068 1617 2154 1663 est

562 1724 858 1786 utrumque
897 1731 1007 1770 uno
1046 1731 1203 1769 usum
1273 1713 1446 1767 fuisse
1487 1707 1784 1765 domicilio.
1826 1705 1965 1773 Quia
2023 1720 2152 1759 vero

562 1825 672 1864 [Illa
702 1809 898 1863 domus
920 1807 1193 1862 interdum
1247 1804 1427 1859 varias
1458 1802 1622 1857 habet
1668 1799 1905 1870 privatas
1943 1796 2150 1851 habita-

563 1901 764 1965 tiones,
798 1901 983 1953 Annas
1001 1896 1301 1968 quaestione
1331 1893 1514 1948 habita
1546 1891 1615 1946 de
1647 1889 1895 1953 Domino,
1928 1886 2151 1957 ligatum

563 2008 691 2047 eum
724 1998 980 2045 narratur
1007 1989 1217 2044 misisse
1251 1987 1319 2042 ad
1359 1984 1624 2055 Caipham
1684 1982 1737 2035 in
1768 1980 1872 2034 alia
1945 1978 2158 2033 habita-

564 2085 713 2140 tione
734 2084 1126 2140 consistentem
1150 2082 1215 2135 ".

1132 2170 1422 2242 Difficultas
1450 2183 1578 2224 xui.

636 2268 978 2339 Quapropter
1015 2265 1163 2321 solus
1194 2265 1487 2320 Matthaeus
1521 2264 1658 2320 duas
1689 2260 1919 2316 ancillas
1935 2258 2155 2315 adortas

565 2377 688 2417 esse
707 2361 925 2415 Petrum
948 2360 1028 2425 ³¹;
1070 2357 1285 2413 Marcus
1313 2372 1467 2422 vero,
1517 2369 1705 2420 unam,
1740 2352 1837 2408 sed
1858 2367 1977 2407 eam
2034 2351 2152 2419 bis;

566 2454 769 2509 iterum
806 2453 944 2507 alter
968 2451 1147 2506 virum
1179 2465 1349 2505 unum
1382 2459 1633 2519 tempore
1661 2445 1996 2517 negationis,
2060 2444 2151 2498 di-

568 2555 731 2613 cunt;
761 2545 936 2601 Lucas
968 2560 1098 2599 vero
1119 2558 1230 2597 non
1258 2542 1355 2609 ita,
1407 2541 1505 2596 sed
1542 2555 1709 2595 uuam
1728 2539 1947 2609 quidem
1980 2537 2155 2593 ancil-

566 2638 699 2706 lam,
725 2637 1093 2693 masculorum
1127 2650 1259 2692 vero
1278 2635 1415 2689 duas
1440 2647 1709 2704 personas
1740 2631 1896 2702 ponit
1925 2630 2009 2683 '3?

1244 2791 1471 2848 Salutio.

638 2882 698 2940 ln
731 2887 869 2940 atrio
888 2885 1108 2956 quidem
1136 2885 1302 2950 intra,
1361 2883 1648 2939 mulierem
1681 2881 1855 2937 fuisse
1884 2896 2006 2952 qua),
2042 2881 2151 2935 Pe-

570 2983 712 3033 trum
741 2977 810 3033 ad
838 2979 1185 3049 negationem
1217 2975 1503 3048 compulit,
1550 2975 1900 3031 concorditer
1957 2988 2150 3029 omnes

569 3077 941 3140 exposuerunt
970 3088 985 3137 ;
1011 3078 1249 3126 exeunte
1282 3079 1465 3125 autem
1502 3069 1596 3124 illo
1629 3067 1777 3124 foras
1803 3067 1868 3121 ad
1897 3067 2146 3137 ianuam,

570 3164 772 3218 multos
798 3178 1080 3235 aggressos
1108 3178 1229 3218 esse
1257 3162 1500 3217 narravit
1532 3161 1794 3225 Joannes,
1827 3160 1911 3215 his
1943 3158 2144 3221 verbis;

570 3253 829 3309 Dixerunt
859 3254 925 3320 ei,
958 3255 1050 3326 qui
1088 3270 1213 3310 cum
1245 3270 1312 3309 eo
1337 3255 1556 3310 stabant
1583 3255 1651 3309 ad
1683 3269 1905 3324 prunas,
1945 3262 2001 3307 et
2054 3266 2146 3307 ca-

570 3345 898 3401 lefaciebant
928 3361 1018 3402 se:
1057 3346 1314 3418 Nunquid
1349 3356 1397 3401 et
1414 3358 1470 3400 tu
1500 3363 1564 3402 ea:
1583 3346 1853 3416 discipulis
1886 3346 2001 3415 ejus
2015 3344 2149 3399 es"?

573 3439 717 3493 inter
750 3454 887 3509 quos
918 3438 1088 3495 fuisse
1114 3449 1171 3494 et
1197 3440 1453 3494 ancillam
1474 3449 1627 3509 patet
1661 3440 1957 3494 secundam
1976 3436 2155 3491 Marco

573 3530 777 3586 dictam
827 3539 882 3586 et
909 3531 1046 3587 duos
1072 3531 1195 3588 illos
1217 3532 1366 3588 viros
1393 3548 1423 3587 a
1450 3532 1599 3588 Luca
1652 3539 2005 3587 memoratos.

1102 3715 1399 3787 Difﬁcultas
1430 3732 1586 3771 xuii.

643 3804 877 3876 Propter
899 3820 1062 3877 quam
1095 3823 1337 3874 causam,
1372 3809 1495 3863 aliis
1545 3808 1920 3877 narrantibus,
1970 3808 2156 3865 Domi-

571 3913 705 3952 num
730 3897 1048 3967 praedixisse
1076 3898 1260 3966 Petro,
1304 3900 1451 3970 quod
1505 3912 1801 3972 negaturus
1828 3911 1974 3957 esset
2028 3917 2153 3958 eum

572 3997 863 4059 antequam
882 3990 1055 4062 gallus
1088 3999 1354 4054 cantaret,
1393 3990 1606 4047 Marcus
1627 3992 1723 4059 ait,
1749 4004 2042 4065 antequam
2070 3994 2157 4050 bis

572 4088 849 4137 cantasset
875 4081 1054 4153 ipsum
1094 4082 1395 4154 abnegasse
1410 4080 1496 4135 ³⁸⁸1

1256 4174 1483 4233 Salutio.

640 4264 815 4323 Nemo
840 4267 1038 4333 nescit,
1071 4283 1183 4323 non
1205 4269 1396 4334 semel,
1426 4269 1522 4325 sed
1556 4275 1612 4323 ct
1638 4269 1723 4325 bis
1761 4270 1937 4326 solere
1954 4272 2154 4342 gallum

573 4363 716 4418 circa
780 4362 924 4418 idem
982 4369 1202 4433 tempus
1252 4370 1498 4418 cantare.
1538 4359 1617 4417 llli
1666 4378 1797 4434 ergo
1825 4363 2151 4435 simplicius,

574 4456 662 4511 hic
688 4455 998 4511 accuratius
1022 4453 1529 4524 retulit.Siquidem
1554 4455 1766 4511 Marcus
1790 4455 1942 4523 dicit,
1963 4457 2156 4514 Prius-

571 4563 733 4617 quam
752 4547 927 4617 gullus
954 4564 1127 4602 vocem
1154 4547 1231 4600 bis
1252 4545 1452 4600 dederit
1478 4549 1521 4580 ³⁸
1561 4564 1576 4612 ;
1605 4548 1695 4602 alii
1731 4565 1864 4605 vero
1896 4549 2156 4605 indeﬁni-

2243 692 2524 756 Ματθαῖος
2551 691 2653 765 μέν
2687 708 2851 765 φησιν
2904 694 3186 764 εἰρηκέναι
3238 692 3330 746 τὸν
3388 691 3633 763 Κύριον*
3671 694 3824 750 Ἀπό-

2245 789 2517 855 στρεψον
2547 786 2665 854 τὴν
2686 784 2994 855 μάχαιράν
3026 799 3144 840 σου
3167 787 3255 852 εἰς
3283 784 3391 839 τὸν
3418 788 3611 840 τόπον
3632 788 3826 854 αὐτῆς,

2244 879 2341 932 καὶ
2388 879 2457 933 τά
2489 877 2616 948 ἑξῆς
2638 896 2652 909 ο
2694 879 2884 950 ἕτερος
2915 877 2974 933 δὲ
3025 878 3109 932 ὅτι
3134 894 3152 913 ο
3195 877 3450 932 Ὲὰσατε
3486 877 3602 943 ἕως
3631 881 3828 932 τούτου

2246 970 2536 1042 ἀμφότερα
2564 970 2627 1025 τὸ
2653 971 2785 1024 αὐτὸ
2806 970 3079 1042 δηλοῦσιν,
3105 970 3183 1034 ὡς
3202 970 3302 1023 οὐκ
3329 969 3733 1040 ἀποδεξαμένου
3747 971 3829 1024 τοῦ

2247 1062 2456 1135 Κυρίου
2485 1061 2546 1117 τὸ
2573 1061 2818 1133 γεγονός.

2900 1154 3166 1223 Ἀπορία.

2324 1245 2451 1310 Πῶς
2483 1245 2741 1317 Ἰωάννης
2776 1248 2857 1311 εἰς
2876 1247 2976 1315 τὴν
3009 1246 3178 1317 αὐλὴν
3205 1243 3301 1301 τοῦ
3322 1246 3496 1301 Ἀννα
3522 1260 3537 1276 ⁸
3576 1244 3833 1309 Βιατθαῖος

2249 1339 2307 1393 δὲ
2337 1343 2417 1405 εἰς
2443 1341 2544 1410 τὴν
2575 1341 2743 1412 αὐλὴν
2762 1339 2858 1394 τοῦ
2888 1342 3116 1410 Καῖάφα
3147 1340 3488 1413 παραλαόεἰν
3512 1339 3608 1393 τὸν
3647 1338 3834 1409 Ἰησοῦν

2250 1433 2378 1497 τοὺς
2408 1433 2772 1499 συλλαϐόντας
2793 1434 3042 1506 ἔγραψαν
3061 1450 3076 1500 ;

2924 1527 3137 1592 Λύσις.

2323 1620 2593 1693 Πενθεροῦ
2622 1620 2777 1684 δντος
2798 1620 2895 1675 τοῦ
2932 1621 3103 1674 'Avva
3133 1618 3229 1673 τοῦ
3280 1618 3535 1689 Καῖάφα,
3571 1617 3719 1681 εἰκὸς
3748 1618 3838 1686 ἀμο

2256 1712 2523 1784 φοτέρους
2555 1711 2683 1784 μίαν
2728 1710 2874 1783 ἔχειν
2931 1711 3168 1780 οἴκησιν.
3218 1712 3437 1783 Ἐπειδὴ
3477 1711 3537 1764 δὲ
3593 1711 3686 1763 καὶ
3728 1711 3839 1778 μίαν

2255 1805 2434 1859 οἰκίαν
2473 1804 2674 1869 πολλὰς
2708 1804 2855 1876 ἔχειν
2896 1805 3183 1876 συμϐαίνει
3216 1804 3455 1868 διαίτας,
3502 1801 3840 1873 ἀνακρῖναςὸ

2262 1903 2461 1966 Ἀννας
2496 1900 2589 1955 τὸν
2614 1900 2842 1973 Κύριον,
2880 1901 3018 1975 πρὸς
3059 1901 3316 1970 Καϊάφαν
3353 1899 3649 1969 ἱστόρηται
3672 1897 3842 1950 τοῦτον

2262 1994 2548 2064 δεδεμένον
2579 1994 2919 2061 ἀποστεῖλαι,
2950 1995 3008 2049 ὲν
3046 1996 3213 2067 ἑτέρα
3246 1992 3424 2066 διαίτῃ
3459 1992 3814 2062 τυγχάνοντα.

2912 2178 3179 2247 Ἀπορία.

2330 2273 2487 2328 Διατί
2522 2273 2682 2346 μόνος
2737 2273 2835 2345 μὲν
2862 2274 2891 2328 ό
2933 2272 3161 2343 Μάρκος
3184 2271 3205 2311 ί
3236 2271 3332 2326 δύο
3355 2270 3660 2333 παιδίσκας
3680 2267 3842 2323 ἐπιθέ-

2261 2367 2387 2422 σθαι
2416 2367 2494 2439 τῷ
2522 2367 2743 2439 Πέτρῳο
2778 2366 3058 2430 Macedo;
3093 2368 3118 2407 ε
3140 2365 3199 2421 δὲ
3232 2367 3362 2437 μίαν
3390 2366 3514 2436 μὲν,
3544 2364 3669 2417 ἀλλ’
3692 2364 3841 2433 αὑτὴν

2257 2459 2339 2523 δίς
2363 2476 2377 2490 ο
2414 2454 2533 2514 εἶτα
2575 2459 2737 2512 πάλιν
2763 2456 3023 2529 ἑκάτερος
3052 2457 3081 2496 ιι
3109 2455 3281 2529 ἄνδρα
3316 2457 3415 2509 ἕνα
3444 2455 3599 2509 κατὰ
3627 2453 3714 2507 τὸν
3735 2469 3839 2505 και-

2261 2549 2352 2621 ρὸν
2380 2550 2480 2617 τῆς
2508 2549 2813 2621 ἀρνήσεως,
2877 2547 3134 2616 λέγουσι’
3178 2548 3395 2610 Λουκᾶς
3422 2546 3479 2600 δὲ
3521 2546 3633 2615 οὐχ
3666 2544 3838 2606 οὕτως,

2256 2640 2395 2695 ἀλλά
2429 2639 2724 2711 παιδίσκην
2755 2640 2854 2713 μὲν
2880 2642 3030 2712 μίαν,
3056 2640 3305 2713 ἀρρένων
3335 2638 3396 2693 δὲ
3437 2637 3536 2692 δύο
3587 2637 3842 2710 πρόσωπα

2256 2734 2469 2806 τίθησιν
2488 2746 2513 2800 ,⁸

2276 2828 2281 2832 ’
2367 2804 2376 2806 ἡ
2948 2804 3159 2871 Λύσις.

2336 2902 2424 2956 Ἐν
2456 2899 2556 2971 μὲν
2588 2901 2655 2971 τῇ
2683 2898 2820 2970 αὐλῇ
2847 2897 2958 2952 ἔσω
2984 2901 3223 2968 γυναῖκα
3255 2915 3398 2951 ε.ναι
3425 2899 3521 2951 τὸν
3538 2895 3749 2967 Πέτραν
3775 2894 3842 2957 εἰς

2250 2993 2351 3065 τὴν
2372 2994 2604 3065 ἄρνησιν
2623 2991 2974 3063 ὲρεθίσασαν,
2994 2991 3294 3064 ὁμοφώνως
3320 2992 3565 3051 ἅπαντες
3591 2986 3839 3053 ἐξέθεντο·

2251 3085 2520 3151 ἐξελθόντι
2550 3085 2609 3138 δὲ
2646 3084 2798 3156 αὐτῷ
2826 3083 2933 3149 ἔξω
2963 3083 3099 3155 πρὸς
3132 3082 3211 3153 τῶ
3259 3081 3468 3135 πυλῶνι
3503 3079 3714 3149 πλῆθος
3743 3079 3845 3130 ἐπι-

2250 3176 2439 3232 θέσθαι
2468 3180 2497 3233 ό
2527 3176 2780 3245 Ἰωάννης
2809 3175 3116 3246 ἱστόρησεν,
3147 3173 3387 3246 εἰρηκώς
3406 3190 3419 3205 ’
3449 3169 3655 3228 Εἶπον
3677 3168 3840 3234 αὐτῷ.

2252 3270 2302 3322 οἰ
2332 3271 2428 3323 σὺν
2454 3268 2602 3339 αὑτῴ
2622 3268 2857 3330 ἑστῶτες
2903 3269 2998 3320 ἐπὶ
3026 3267 3124 3337 τῆς
3151 3266 3454 3339 ἀνθρακίας
3495 3266 3595 3319 καὶ
3621 3265 3839 3335 θερμαι-

2259 3363 2474 3433 νόμενοι
2499 3378 2512 3391 ·
2562 3360 2661 3429 Μὴ
2689 3360 2790 3415 καὶ
2834 3360 2915 3415 σὺ
2944 3360 3013 3415 ἐκ
3046 3358 3161 3414 τῶν
3209 3358 3493 3430 μαθητῶν
3534 3357 3731 3412 αὑτοῦ
3762 3352 3841 3417 sl;

2257 3458 2315 3509 ὲν
2337 3450 2418 3519 οἷς
2446 3449 2587 3509 εἶναι
2624 3455 2782 3525 δῆλον
2810 3455 2905 3508 καὶ
2946 3453 3045 3526 τὴν
3087 3454 3381 3523 παιδίσκην
3421 3452 3523 3523 τὴν
3573 3450 3840 3522 δευτέραν,

2256 3547 2358 3619 τὴν
2380 3548 2459 3619 τῷ
2481 3548 2696 3621 Μάρκῳ
2724 3547 3045 3620 εἰρημένην,
3078 3549 3174 3601 καὶ
3204 3548 3272 3602 τά
3317 3546 3411 3601 δύο
3440 3545 3720 3617 πρόσωπα
3746 3540 3840 3595 τῶν

2258 3637 2472 3709 ἀνδρῶν
2508 3639 2616 3693 τῶν
2638 3637 2717 3711 τῷ
2743 3639 2929 3710 Λουκᾷ
2958 3637 3374 3710 ἱστορηθέντων.

2910 3730 3177 3800 Ἀπορία.
3330 3786 3337 3794 ,

2332 3823 2486 3878 Διατί
2531 3821 2643 3876 τῶν
2672 3822 2846 3877 ἄλλων
2877 3824 3285 3893 ἰστορησιὶντων
3338 3823 3629 3893 προειπεῖν
3650 3820 3727 3891 τῷ
3756 3818 3837 3873 Πέ-

2259 3935 2374 3988 τρῳ
2413 3917 2506 3971 τὸν
2547 3915 2789 3985 Κύριον.
2844 3914 3181 3986 ἀρνήσεσθαι
3224 3914 3387 3970 αὐτὸν
3422 3915 3554 3985 πρὶν
3604 3913 3836 3983 φωνῆσαι

2259 4010 2351 4064 τὸν
2382 4008 2677 4081 ἀλέκτορα,
2706 4008 2933 4080 Μάρκος
2961 4007 3116 4079 φησί,
3150 4008 3281 4079 πρὶν
3310 4008 3565 4078 φωνῆσαι
3586 4008 3669 4070 δὶς
3692 4004 3835 4059 αὐτὶν

2261 4100 2627 4174 ἀπαρνεῖσθαι
2653 4117 2669 4168 ;

2959 4192 3170 4259 Λύσις.
3418 4238 3425 4243 ,

2332 4288 2473 4341 Πᾶσι
2494 4287 2653 4357 δῆλον
2677 4287 2762 4340 ὅτι
2785 4286 2883 4356 οὐχ
2917 4284 3064 4351 ἅπαξ
3087 4324 3102 4349 ,
3132 4284 3267 4339 ἀλλά
3300 4286 3397 4339 καὶ
3420 4284 3504 4347 δὶς
3548 4285 3579 4337 ὁ
3605 4284 3833 4349 ἀλέκτωρ

2259 4380 2352 4435 ὲπί
2380 4381 2440 4433 τὸ
2467 4379 2599 4432 αὐτὸ
2647 4380 2844 4449 φωνεῖν
2888 4376 3097 4432 εἴωθεν.
3144 4377 3205 4429 '0
3241 4374 3257 4414 ί
3291 4377 3390 4447 μὲν
3431 4372 3526 4431 οὗν
3552 4373 3833 4429 ἀπλουστέο

2264 4485 2392 4538 ρως,
2420 4468 2449 4521 ό
2480 4467 2536 4521 δὲ
2568 4464 2978 4537 ἀκριϐεστέρως
3025 4464 3259 4529 ἐξέθετο.
3306 4465 3540 4534 Μάρκος
3588 4465 3688 4532 μὲν
3735 4463 3829 4531 γὰρ

2260 4556 2381 4613 εἷπε
2405 4575 2420 4592 ·
2454 4560 2604 4628 Πρὶν
2658 4557 2954 4627 ἀλέκτορα
3001 4556 3278 4627 φωνῆσαι
3324 4556 3454 4624 δίς⁸
3502 4558 3551 4609 οἰ
3586 4556 3644 4609 δὲ
3698 4554 3825 4608 ἄλλω

568 4655 647 4705 ιο,
682 4639 978 4709 Antequam
999 4639 1172 4710 gallus
1203 4648 1408 4694 cantet.
1454 4637 1509 4694 Si
1538 4640 1700 4711 igitur
1728 4641 1818 4696 alii
1859 4642 2147 4710 dixissent,

2259 4652 2579 4725 ἀδιορίστως
2602 4667 2616 4683 °
2648 4653 2796 4720 Πρὶν·
2809 4651 3107 4719 ἀλέκτορα
3137 4649 3435 4720 φωνῆσαι.
3456 4649 3519 4701 Εἰ
3540 4647 3717 4700 τοίνυν
3733 4644 3824 4697 τῶν

569 4732 821 4800 primum,
837 4729 1090 4801 opposito
1113 4730 1310 4785 merito
1340 4740 1659 4799 censeretur
1682 4732 1793 4787 :sin
1818 4743 1997 4789 autem
2012 4734 2149 4789 Mar-

2260 4743 2437 4801 ἄλλων
2493 4743 2795 4813 εἰρηκότων
2823 4738 2891 4814 ἦν
2921 4741 3056 4812 (24).
3094 4741 3157 4794 Εἰ
3189 4740 3247 4794 δὲ
3268 4738 3363 4793 τοῦ
3393 4739 3621 4809 Μάρκου
3648 4737 3705 4790 τὸ
3747 4735 3825 4800 ὄις

570 4838 637 4878 co
692 4823 932 4885 dicente,
982 4824 1080 4888 bis,
1140 4823 1325 4879 cazteri
1386 4824 1597 4893 absque
1621 4840 1853 4881 numero
1880 4826 2149 4895 scribunt,

2263 4834 2566 4907 εἰρηκότος,
2594 4835 2644 4887 οἱ
2675 4834 2826 4888 ἄλλοι
2861 4836 3030 4906 χωρὶς
3079 4831 3317 4905 ἀριθμοῦ
3344 4833 3666 4903 γράφουσιν,
3697 4828 3824 4881 οὔδει

571 4916 721 4970 nulla
780 4915 842 4969 in
901 4915 989 4970 his
1041 4915 1429 4971 contradictio.
1466 4916 1620 4971 Licet
1648 4918 1795 4972 enim
1826 4918 2149 4992 intelligere,

2268 4928 2366 5000 μία
2396 4928 2454 4979 ὲν
2482 4926 2692 4990 τούτοις
2715 4926 3017 4995 ἀντιλογία.
3051 4925 3268 4991 Ἔξεστι
3287 4924 3395 4994 γάρ
3426 4925 3567 4975 νοεῖν
3621 4921 3679 4974 τὸ
3714 4918 3825 4988 πρὶν

570 5020 865 5080 antequam
902 5024 1046 5079 saepe
1079 5014 1285 5064 cantet.
1309 5007 1444 5063 Nam
1475 5009 1646 5065 semel
1663 5022 1914 5075 cantans,
1938 5022 1993 5068 et
2013 5029 2149 5085 saepe

2265 5018 2513 5089 φωνῆσαι
2569 5018 2850 5084 πολλάκις.
2896 5018 3092 5074 Φωνῶν
3121 5017 3229 5089 γὰρ
3259 5015 3426 5081 ἅπαξ,
3459 5016 3556 5070 καὶ
3588 5013 3824 5074 πολλάκις

642 5164 691 5240 ff
719 5163 911 5240 Matth.
965 5164 1244 5240 πῃπῇ.
1328 5166 1559 5240 _f'_l.uc.
1622 5168 1922 5240 xxu,51.,_
1987 5170 2034 5201 ³⁰
2057 5169 2149 5227 Joa

2257 5187 2386 5228 xvnl
2415 5214 2429 5237 ,
2473 5174 2542 5228 15
2578 5190 2593 5240 ;
2624 5170 2816 5227 Matth.
2877 5189 3024 5237 τινι,
3068 5172 3157 5227 57.
3267 5170 3494 5226 "Joan.
3542 5185 3700 5240 mu,
3743 5165 3819 5240 ει.

571 5235 620 5309 ff
644 5235 834 5309 Matth.
861 5251 1008 5300 xxvr,
1041 5236 1132 5309 ρει,
1160 5237 1247 5309 ᾙ.
1325 5236 1371 5269 ³³
1400 5235 1561 5309 Marc.
1592 5253 1702 5309 xxy,
1745 5239 1830 5299 66.
1865 5238 1966 5303 69;
2000 5240 2149 5296 Joan.

2260 5259 2339 5309 ιιι,
2358 5235 2460 5305 26;
2501 5235 2631 5299 Luc.
2661 5260 2792 5306 χχιι,
2816 5243 2903 5309 56,
2931 5235 3019 5307 58,
3048 5244 3139 5298 59.
3212 5242 3259 5275 “
3282 5241 3443 5298 JOan.
3474 5256 3630 5306 mu,
3656 5238 3817 5305 25,18.

572 5305 621 5341 ”
640 5304 831 5395 Matth.
861 5322 1015 5373 xxvn,
1042 5306 1145 5374 54;
1169 5305 1307 5363 Luc.
1334 5323 1469 5374 χιιι,
1507 5307 1611 5372 54;
1644 5306 1746 5363 Job
1777 5325 1891 5377 xm,
1918 5310 2021 5378 38;
2062 5312 2227 5368 Marc.
2263 5304 2376 5381 διν,
2411 5304 2498 5370 72.
2611 5315 2657 5347 ³⁸
2685 5304 2851 5370 Marc.
2877 5304 3103 5379 ὶινίὸο.

1888 5450 2126 5507 VARUS
2166 5452 2568 5511 LECTIONES.

649 5540 673 5583 ¹
701 5542 971 5609 Μαθαίος.
1051 5544 1078 5584 ⁸
1096 5540 1344 5614 Μάρκος.
1414 5541 1451 5623 ,ιι
1472 5539 1534 5596 F.
1564 5538 1774 5614 ἔτερος.
1854 5539 2000 5596 iAn.
2033 5542 2122 5597 al?

2091 5653 2326 5711 NOTAE.

643 5757 758 5829 (24)
787 5756 1125 5829 Εξζρηκότως
1152 5749 1251 5824 ἦν.
1292 5752 1496 5809 Locum
1531 5752 1782 5807 mutilum
1811 5750 2152 5829 s_up_p_lev_i_ex
2255 5747 2379 5828 ψεν,
2412 5743 2690 5829 ἀντιλοχία
2712 5738 3048 5829 εἰκότως-ᾖν.
3080 5743 3142 5800 Si
3165 5759 3288 5827 ergo
3312 5743 3407 5826 alii
3438 5760 3564 5829 cum.

573 5813 758 5885 sensu:
818 5813 1047 5883 Videtur
1086 5813 1269 5880 autem
1317 5840 1472 5879 error
1500 5833 1653 5879 ortus
1699 5838 1763 5878 ex
1799 5813 2154 5889 similitudine
2257 5813 2518 5889 primum,
2554 5815 2872 5889 velusemel,
2925 5813 3141 5871 Marcus
3176 5813 3489 5885 sc'ripsisset-
3514 5815 3619 5881 bis,
3652 5814 3813 5869 merita

573 5896 873 5968 εἰρηκότων
900 5904 967 5968 εἰ
1020 5895 1268 5968 εἰκότως.
1296 5894 1613 5968 Εἰρηκότων
1628 5894 1730 5968 _‘_'_‘
1777 5894 2008 5968 εἰκότως
2043 5887 2111 5963 ἦν
2136 5907 2150 5921 ·
2258 5887 2389 5943 esset
2421 5887 2787 5953 contradictio,

575 5961 698 6024 seu
721 5965 1023 6038 εἰρηκότων
1077 5964 1294 6035 πρῶτον
1318 6003 1333 6031 ,
1367 5961 1407 6034 ἦ
1424 5961 1603 6030 ἀπαξ,
1628 5962 1853 6037 Μάρκος
1881 5963 1962 6027 δὶς
1985 5961 2151 6031 ἔγρα-
