4006 6406
520 454 659 523 ἱίθθ

1722 448 2094 518 ΙΙΕΞΥΟΗἹΙ
2126 451 2604 521 PRESBYTER!

518 568 782 624 minicum
816 566 1053 638 positum
1082 567 1279 623 fuerat.
1315 566 1500 638 Itaque
1524 567 1671 638 quod
1713 567 1783 622 ab
1820 567 1926 623 illis
1965 582 2109 636 pra:-

2217 563 2348 619 ίδεῖν
2385 562 2480 616 τὸν
2495 561 2683 627 τόπον,
2716 559 2847 614 ἔνθα
2872 560 2934 612 τὸ
2965 556 3127 628 σῶμα
3150 553 3214 610 τδ
3236 551 3571 609 Δεσποτικδν
3594 554 3761 608 ἔκειτο.

520 662 834 717 termissum
865 669 970 723 est,
1018 658 1194 715 Lucas
1242 659 1552 716 accuratius
1603 658 1841 730 scripsit,
1878 658 2102 715 dicens:

522 752 783 823 Ingressis
830 768 932 807 non
969 753 1282 807 invenerunt
1309 769 1496 821 corpus
1516 753 1727 807 Domini
1746 753 1895 808 λεια.
1950 752 2108 809 Unde

522 847 660 901 nihil
687 846 805 902 aliis
831 845 1164 903 contrarium
1187 846 1385 918 singuli
1418 848 1783 919 protulerunt.

1101 1023 1400 1094 Difﬁcultas
1429 1039 1526 1078 LII.

595 1116 711 1183 Qua
746 1116 957 1172 ratione
989 1117 1389 1188 apparitionem
1435 1114 1775 1185 angelorum,
1823 1113 2108 1185 ipsamque

527 1209 737 1265 Domini
765 1210 832 1265 ad
865 1210 1144 1274 mulieres,
1172 1210 1323 1265 varie
1354 1209 1764 1279 descripserunt
1794 1206 1818 1260 ?

1208 1384 1434 1441 Salutio.

597 1475 874 1530 Contrarii
907 1476 1043 1531 nihil
1075 1478 1239 1533 habet
1263 1478 1534 1549 apparitio
1562 1479 1904 1551 angelorum.
1930 1480 2111 1551 Siqui-

526 1565 650 1621 dem
683 1566 969 1623 Matthazus
1001 1580 1057 1623 et
1086 1568 1296 1625 Marcus
1352 1586 1543 1634 unum,
1572 1580 1633 1626 ut
1660 1581 1819 1627 antea
1848 1572 2107 1638 diximus,

525 1660 777 1730 angelum
808 1661 1116 1717 retulerunt
1138 1662 1457 1733 apparuisse
1480 1665 1804 1720 mulieribus
1832 1666 1901 1733 ‘7;
1936 1666 2111 1723 Lucas

525 1766 658 1807 vero
694 1762 748 1807 et
785 1752 1045 1819 Joannes,
1083 1756 1314 1825 primam
1346 1757 1745 1827 apparitionem
1779 1762 2109 1829 praetermit-

500 1853 706 1900 ‘lentes
740 1846 806 1910 ⁸⁸,
828 1846 1051 1917 angelos
1081 1848 1240 1912 aluos,
1272 1848 1362 1919 qui
1405 1849 1555 1905 intus
1586 1850 1689 1907 visi
1720 1861 1868 1915 sunt,
1899 1853 2110 1907 descri-

2222 655 2309 720 Ὠς
2363 653 2742 733 παραλειφθὲν
2792 651 2944 726 πιρά
2992 649 3223 710 τούτων,
3253 649 3283 702 ὁ
3326 648 3543 709 Λουκᾶς
3572 646 3765 716 ἀκριδὲ-

2211 764 2407 820 στερον,
2444 747 2686 818 ἔγραψεν
2720 744 2918 799 εἰπών’
2950 740 3363 799 Εἱσελθοῦσαι
3392 741 3504 807 οὐχ
3523 734 3691 805 εὖρον
3713 742 3767 793 τὸ
3858 762 3881 781 ο

2210 839 2386 910 σῶμα
2414 838 2523 894 τοῦ
2550 839 2773 908 Κυρίου
2793 836 3021 906 Ἰησοῦ.
3057 834 3223 888 Ὅθεν
3244 832 3349 886 οὒκ
3366 831 3608 886 ἐναντίον
3628 830 3767 903 ἀλλή-

2210 933 2324 998 λοις
2346 934 2623 1006 εἰρήκασι.

2881 1019 3141 1089 Ἀπορία.

2282 1115 2406 1169 Τίνι
2440 1114 2586 1185 λόγῳ
2610 1111 2887 1183 διαφόρως
2939 1110 3040 1181 τὴν
3071 1110 3184 1165 τῶν
3211 1108 3465 1179 ἀγγέλων
3504 1106 3766 1172 ὀπτασίαν,

2210 1208 2389 1279 αὑτήν
2434 1224 2495 1261 τε
2536 1206 2637 1278 τὴν
2665 1205 2763 1260 τοῦ
2816 1205 3029 1277 Κυρίου
3062 1204 3163 1277 τὴν
3192 1202 3333 1277 πρὸς
3370 1202 3470 1266 τάς
3529 1204 3765 1271 γυναῖκας

2210 1301 2512 1372 γενομένην
2540 1298 2729 1371 ίστόρη
2738 1316 2863 1365 σανς

2893 1389 3106 1454 Λύσις.

2282 1486 2397 1539 Οὐκ
2449 1482 2671 1539 ἐναντία
2716 1483 2751 1555 ﬂ
2786 1482 2898 1535 τῶν
2947 1482 3198 1552 ἀγγέλων
3226 1478 3485 1534 ὀπτασία.
3520 1477 3769 1541 Ματθαῑος

2214 1575 2315 1648 μὲν
2352 1576 2463 1647 γὰρ
2517 1576 2612 1627 καὶ
2663 1574 2915 1644 Μάρκος,
2970 1572 3071 1627 ἕνα
3120 1569 3307 1634 καθὼς
3355 1569 3766 1641 προειρήκαμεν,

2214 1668 2507 1740 ἱστόρησαν
2528 1669 2648 1729 ταῖς
2672 1666 2920 1733 γυναιξὶν
2948 1666 3281 1735 ἐπιφανῆναι
3305 1662 3557 1732 ἄγγελον·
3582 1663 3770 1724 Λουκᾶς

2210 1759 2269 1813 δὲ
2302 1760 2398 1814 καὶ
2440 1759 2720 1829 Ἰωάννης,
2775 1758 2876 1828 τὴν
2931 1755 3161 1828 πρώτην
3193 1755 3471 1809 ὀπτασίαν.
3510 1754 3770 1824 παραδρα-

2216 1849 2431 1918 μόντες,
2461 1848 2592 1912 τοὺς
2631 1848 2780 1901 ἔνδον
2813 1846 3084 1918 φανέντας
3114 1846 3385 1915 ἀγγέλους
3425 1844 3521 1898 δύο
3558 1847 3770 1916 γράφου-

523 1937 707 1993 bunt:
756 1938 999 1995 Joannes
1045 1948 1255 2003 autem,
1309 1942 1364 1997 in
1416 1942 1677 1997 exteriori
1730 1944 1991 2014 spelunca
2034 1945 2104 2000 ad

2216 1958 2311 1995 σιν·
2357 1942 2616 2010 Ἰωάννης
2645 1940 2704 1994 δὲ
2732 1942 2790 1993 ὲν
2818 1939 2896 2011 τῷ
2935 1939 3043 2003 ἔξω
3082 1938 3336 2009 σπηλαίῳ
3385 1937 3537 2006 παρά
3568 1938 3661 2007 τὴν
3689 1937 3770 1990 θύο

526 2027 725 2083 ostium
755 2028 983 2083 Mariam
1029 2030 1278 2102 designat
1306 2040 1565 2098 stantem,
1601 2042 1657 2088 et
1706 2033 1851 2089 intro
1894 2036 2112 2106 prospi-

529 2121 790 2184 cientem,
822 2122 1022 2178 vidisse
1054 2124 1192 2179 duos
1234 2126 1458 2197 angelos
1513 2126 1568 2181 in
1619 2127 1757 2183 albis
1783 2144 1798 2193 ;
1826 2136 1884 2183 at
1914 2129 2110 2197 Lucas,

527 2229 652 2268 cum
690 2214 949 2285 ingressae
977 2224 1162 2270 essent
1208 2216 1263 2271 in
1296 2217 1605 2287 sepulcrum
1640 2220 1705 2285 ",
1740 2236 1845 2275 nec
1868 2220 2114 2276 invenis-

527 2313 651 2361 sent
700 2322 922 2377 corpus,
973 2306 1206 2377 ideoque
1252 2318 1437 2363 mente
1484 2319 1852 2366 consternatae
1900 2323 2111 2379 essent,

527 2399 882 2470 conspexisse
915 2400 1055 2455 duos
1087 2400 1255 2464 viros,
1285 2402 1338 2456 in
1379 2412 1526 2457 veste
1577 2403 1837 2476 fulgenti;
1874 2406 1926 2461 id
1967 2408 2113 2477 quod

527 2506 623 2547 eos
657 2493 878 2559 angelos
910 2508 1031 2550 esse
1057 2495 1371 2551 denotabat.
1404 2495 1559 2563 Quod
1590 2508 1773 2553 autem
1810 2500 1909 2565 ait,
1939 2499 2112 2555 Stete-

532 2593 653 2638 runt
683 2603 849 2651 secus,
879 2602 989 2641 non
1016 2588 1283 2658 signiﬁcat
1324 2590 1643 2660 apparuisse
1668 2607 1783 2658 eos,
1816 2592 1912 2647 sed
1942 2594 2109 2664 quod,

528 2687 588 2733 ut
612 2679 807 2750 angeli,
843 2680 1007 2734 etiam
1041 2692 1363 2752 przesentes,
1383 2699 1491 2737 non
1516 2700 1754 2756 semper,
1777 2687 1873 2741 sed
1891 2689 2114 2757 quando

526 2772 804 2835 volebant,
836 2773 1337 2843 conspiciebantur.
1375 2775 1534 2832 Unde
1567 2792 1670 2831 nec
1710 2777 1872 2833 Petro
1902 2780 1955 2834 in
1998 2797 2114 2836 mo-

528 2873 852 2918 numentum
883 2866 1127 2936 ingresso
1147 2878 1538 2936 apparuerunt,
1562 2871 1812 2939 quamvis
1833 2871 2110 2939 adessent;

528 2955 854 3011 mulieribus
884 2973 1015 3012 vero
1042 2958 1258 3013 divisim
1286 2960 1542 3030 ingressis
1568 2972 1691 3032 post
1714 2965 2115 3021 consternatio-

529 3061 679 3110 nem.
712 3056 972 3119 tanquam
998 3049 1393 3107 inﬁrmioribus
1417 3052 1563 3123 ipsos
1586 3069 1647 3108 se
1677 3054 1938 3111 videndos
1968 3074 2109 3128 prac-

528 3135 789 3194 buerunt.
816 3139 970 3205 Quod
991 3140 1035 3194 si
1053 3140 1287 3198 dixeris:
1318 3140 1437 3207 Quo
1485 3143 1648 3198 modo
1671 3144 1813 3214 apud
1843 3143 2111 3201 Joannem

529 3230 758 3294 angelus
790 3247 956 3303 super
973 3232 1206 3303 lapidem
1240 3234 1441 3289 sedens
1468 3251 1580 3289 non
1603 3236 2113 3307 apparueritMarizc

532 3322 733 3380 iterum
789 3326 1050 3398 ingressa:
1072 3326 1144 3380 “‘i
1187 3342 1350 3382 causa
1402 3328 1689 3384 manifesta
1739 3340 1842 3385 est.
1896 3328 2110 3385 Etenim

531 3418 712 3489 primo
756 3418 975 3488 quidem
1011 3432 1246 3473 cernens
1280 3418 1442 3473 Maria
1499 3419 1734 3489 lapidem
1780 3420 2109 3487 revolutum,

531 3508 670 3564 nihil
698 3510 930 3579 amplius
964 3510 1180 3575 rimata,
1210 3510 1277 3565 ad
1328 3509 1548 3565 Petrum
1593 3520 1650 3565 et
1696 3509 1961 3565 Joannem
2013 3513 2113 3567 ob-

534 3614 689 3655 versa
716 3610 817 3655 est.
847 3601 1101 3657 Secundo
1130 3612 1336 3667 autem,
1368 3603 1549 3659 eidem
1598 3604 1807 3674 angelis
1845 3604 1993 3658 intus
2029 3620 2116 3659 se-

533 3693 793 3749 dentibus
828 3709 1160 3759 occursurae,
1221 3710 1360 3765 opus
1410 3711 1520 3750 non
1573 3695 1676 3751 fuit
1713 3707 1773 3751 ut
1825 3709 2117 3767 appareret

534 3787 760 3859 angelus
788 3787 879 3857 qui
911 3802 1074 3857 supra
1096 3786 1331 3857 lapidem
1363 3788 1607 3843 sedebat.
1641 3788 1774 3843 Nam
1807 3790 1874 3844 de
1899 3788 2115 3845 Domini

534 3880 876 3951 apparitione
906 3896 1028 3950 quae
1056 3880 1382 3935 mulieribus
1432 3879 1573 3935 facta
1607 3891 1712 3945 est,
1746 3897 1857 3936 non
1898 3892 2118 3952 oportet

535 3986 803 4045 quaerere.
829 3972 923 4027 sed
950 3971 1285 4027 credendum
1309 3980 1393 4027 est
1420 3971 1654 4026 veritati.
1687 3973 1926 4029 Diversis
1967 3975 2117 4029 enim

536 4067 752 4121 vicibus
779 4081 902 4121 cum
934 4065 999 4120 ad
1032 4075 1449 4125 monumentum
1482 4066 1848 4129 cucurrerint,
1878 4083 1988 4122 non
2018 4084 2119 4124 eae-

537 4161 661 4216 dem
690 4161 969 4222 mulieres.
990 4176 1175 4215 verum
1208 4160 1368 4215 modo
1393 4161 1513 4215 dua:
1542 4176 1607 4215 ex
1640 4160 1789 4231 ipsis,
1822 4162 1985 4219 modo
2009 4178 2117 4217 una

537 4262 594 4308 et
617 4252 850 4316 diversa,
879 4253 1039 4307 modo
1068 4252 1219 4318 alim;
1252 4253 1467 4308 diverso
1488 4264 1703 4323 quoque
1740 4254 1901 4309 modo
1933 4255 2118 4311 Domi-

536 4362 643 4400 nus
690 4345 794 4399 illis
826 4345 1110 4415 apparuit;
1147 4362 1377 4415 quarum
1402 4345 1555 4400 alteri
1588 4354 1846 4415 tanquam
1879 4348 2119 4403 imbecil-

538 4435 681 4500 liori,
713 4435 867 4490 alteri
914 4445 972 4490 ut
1010 4435 1344 4505 perfectiori,
1390 4451 1455 4490 ex
1500 4437 1855 4506 proportione
1893 4454 2119 4495 mensus
2158 4456 2163 4461 ’

535 4538 621 4583 est
667 4527 928 4583 Dominus
957 4527 1354 4598 apparitioncm
1387 4542 1562 4581 suam.
1594 4526 1861 4594 Quocirca
1907 4529 2119 4585 Marcus

2217 2049 2319 2104 ραν
2347 2032 2446 2103 τὴν
2489 2032 2711 2103 Μαρίαν
2740 2031 3052 2103 διαγράψας
3085 2030 3331 2085 ἑστῶσαν
3363 2030 3461 2083 καὶ
3489 2028 3634 2081 ἔνδον
3679 2046 3771 2082 πα-

2218 2125 2564 2195 ρακύψασαν,
2593 2124 2871 2196 θεωρῆσαι
2911 2124 3040 2188 τοὺς
3062 2124 3158 2178 δύο
3187 2122 3456 2192 ἀγγέλους
3486 2125 3542 2176 ὲν
3559 2122 3769 2182 λευκοῖς·

2215 2220 2429 2283 Λουκᾶς
2456 2218 2511 2272 δὲ
2548 2220 2606 2272 έν
2637 2218 2717 2290 τῷ
2752 2217 3103 2280 είσελθούσας
3135 2218 3307 2281 αὐτὰς
3352 2217 3523 2281 ἔνδον,
3566 2216 3656 2270 καί⁵
3710 2216 3773 2285 μὴ

2216 2307 2503 2381 εὑρούσας,
2523 2307 2817 2363 τεθεᾶσθαι
2839 2307 2935 2363 δύο
2965 2308 3165 2380 ἄνδρας
3196 2310 3257 2363 ὲν
3279 2307 3567 2379 ἐσθήσεσιν
3589 2307 3771 2379 ἀστρα-

2216 2404 2506 2467 πτούσαις,
2569 2404 2710 2476 ὅπερ
2761 2404 3035 2474 ἀγγέλους
3084 2405 3286 2468 αὐτοὺς
3340 2404 3770 2477 ἐχαρακτήριζεν.

2215 2494 2290 2548 Τὸ
2336 2493 2394 2548 δὲ
2445 2493 2626 2564 λέγειν
2654 2510 2669 2526 ο
2716 2494 3130 2563 ⁹Επέστησαν,
3158 2496 3258 2566 οὐχ
3302 2495 3447 2549 ὥστε
3504 2495 3769 2566 φανέντων.

2215 2585 2331 2640 ἀλλ’
2360 2588 2443 2641 ὅτι
2469 2587 2544 2651 ὼς
2566 2586 2810 2656 ἄγγελοι,
2836 2587 2935 2643 καὶ
2965 2589 3259 2660 παρόντες.
3310 2588 3371 2643 οὐ
3402 2588 3650 2650 πάντοτε,
3673 2586 3771 2641 ἀλλ’

2215 2679 2305 2732 ὅτε
2348 2678 2541 2749 ἤθελον
2565 2679 2871 2749 ἐφαίνοντο.
2918 2679 3085 2733 Ὅθεν
3136 2680 3261 2734 οὐδὲ
3288 2680 3484 2750 Πέτρῳ
3510 2678 3771 2733 εἰσελθόντι

2214 2773 2296 2836 εἰς
2327 2772 2387 2825 τὸ
2428 2775 2698 2844 μνημεῖον
2745 2772 3052 2844 ἐφάνησαν.
3083 2772 3263 2826 καίτοι
3292 2772 3564 2843 παρόντες
3596 2788 3611 2804 ο
3670 2774 3774 2834 ταῖς

2213 2863 2271 2918 δὲ
2318 2865 2535 2934 γυναιξὶ
2582 2865 2935 2937 διῃρημένως
2989 2862 3366 2928 είσελθοῦσαις
3396 2863 3537 2936 μετὰ
3566 2863 3624 2917 τὸ
3659 2864 3775 2917 ἀπο-

2217 2959 2401 3032 ρῆσαι,
2440 2959 2517 3020 ὡς
2545 2958 2966 3031 ἀσθενεστέραις
2994 2958 3223 3021 ἑαυτοὺς
3254 2958 3617 3028 ὲνεφάνησαν.
3646 2957 3700 3009 El
3724 2956 3775 3009 ἃ

2214 3048 2415 3117 λέγοις⁸
2447 3048 2573 3112 Πῶς
2606 3049 2757 3121 παρὰ
2782 3050 2860 3120 τῷ
2901 3049 3126 3120 Ἰωάννῃ
3158 3047 3353 3121 Μαρίᾳ
3386 3050 3486 3118 μὲν
3507 3047 3602 3102 οὐκ
3623 3048 3776 3116 ἐφάνη

2214 3143 2242 3195 ὁ
2271 3143 2366 3197 ἐπὶ
2401 3143 2481 3215 τῷ
2509 3142 2643 3215 λίθῳ
2688 3142 3003 3215 καθήμενος
3041 3142 3295 3211 ἄγγελος,
3335 3141 3647 3213 εἰσελθούσῃ
3679 3140 3779 3194 δεύ-

2215 3254 2410 3307 τερον;
2443 3238 2476 3308 ἡ
2509 3237 2656 3291 αἰτία
2695 3236 2852 3308 δήλη.
2905 3236 2980 3290 Τὸ
3010 3236 3109 3307 μὲν
3140 3236 3251 3307 γὰρ
3290 3234 3517 3305 πρῶτον.
3546 3232 3709 3287 ίδοῦοα
3747 3234 3777 3302 ἡ

2218 3328 2406 3399 Μαρία
2443 3328 2535 3382 τὸν
2570 3326 2720 3382 λίθον
2757 3327 3248 3399 ὲκκεκυλισμένον,
3283 3326 3440 3381 οὐδὲν
3466 3325 3621 3379 πλέον
3644 3340 3778 3395 περι-

2215 3423 2596 3493 εργασαμένη,
2646 3422 2787 3495 πρὸς
2826 3422 2917 3477 τὸν
2970 3422 3179 3492 Πέτρον
3225 3422 3323 3475 καὶ
3373 3419 3628 3489 Ἰωάννην
3677 3418 3780 3471 ἀντσ

2216 3513 2502 3583 ἔστρεψεν.
2545 3513 2618 3566 Τὸ
2645 3513 2901 3583 δεύτερον
2934 3511 2993 3566 δὲ
3030 3513 3147 3576 τοῖς
3180 3509 3327 3564 ἔνδον
3369 3508 3622 3577 ἀγγέλοις
3656 3522 3778 3575 1:59:-

2215 3608 2507 3677 τυγχάνειν
2562 3606 2677 3677 (29)
2741 3607 3043 3678 μέλλουσαν
3066 3616 3093 3656 τι
3115 3647 3130 3671 ,
3158 3604 3220 3657 οὐ
3264 3602 3429 3675 χρεία
3467 3601 3556 3655 τὸν
3589 3600 3676 3654 ἐπὶ
3698 3597 3776 3650 τοῦ

2218 3700 2365 3755 λίθου
2397 3701 2633 3771 φανῆναι
2664 3702 2973 3773 καθήμενον
3009 3699 3261 3768 ἄγγελον.
3282 3695 3420 3767 Περὶ
3457 3695 3568 3764 γὰρ
3589 3693 3678 3763 τῆς
3697 3689 3777 3743 τοῦ

2219 3791 2427 3864 Κυρίου
2462 3792 2814 3861 ἐπιφανείας,
2849 3792 2951 3862 τῆς
2984 3792 3107 3853 τατς
3141 3787 3360 3858 γυναιξὶ
3395 3786 3704 3856 γενομένης,
3725 3782 3775 3835 οὐ

2218 3884 2375 3955 χρεία
2408 3883 2616 3955 ζητεῖν,
2647 3882 2787 3936 ἀλλά
2824 3885 2892 3953 τῇ
2938 3881 3170 3953 ἀληθείᾳ
3196 3877 3498 3932 πιστεύειν.
3528 3875 3779 3945 Διαφόρως

2218 3978 2328 4050 γὰρ
2350 3979 2487 4050 πρὸς
2511 3978 2573 4032 τὸ
2605 3980 2797 4050 μνῆμα
2836 3974 3185 4047 δραμούσαις
3202 4016 3215 4036 ,
3239 3972 3301 4026 οὐ
3333 3972 3459 4033 ταῖς
3488 3968 3675 4029 αὑταῖς
3698 3983 3780 4031 γν-

2220 4071 2417 4138 ναιξὶν,
2452 4070 2589 4126 ἀλλά
2619 4071 2750 4124 ποτὲ
2783 4069 2884 4140 μὲν
2916 4068 3070 4120 δυσὶν
3099 4064 3159 4131 ἐξ
3188 4063 3390 4125 αὐτῶν,
3420 4061 3558 4114 ποτὲ
3602 4059 3656 4111 δὲ
3700 4055 3780 4124 μιᾷ

2220 4163 2385 4234 ἑτέρᾳ
2414 4162 2547 4232 παρ’
2574 4161 2745 4223 αὐτάς
2782 4158 3153 4230 τυγχανούσῃ.
3186 4155 3319 4209 ποτε
3349 4154 3406 4208 δὲ
3445 4152 3656 4213 ἄλλαις,
3684 4150 3783 4201 δια-

2219 4256 2403 4329 φόρως
2435 4255 2528 4310 καὶ
2575 4257 2603 4308 ὁ
2651 4254 2857 4325 Κύριος
2896 4252 3107 4322 ἐφάνη·
3154 4244 3229 4303 ὧν
3275 4251 3343 4318 τῇ
3384 4247 3486 4318 μὲν
3516 4245 3592 4308 ὼς
3617 4242 3783 4297 ἀσθεν-

2220 4347 2441 4418 εστέρα,
2478 4347 2546 4417 τῇ
2589 4344 2648 4399 δὲ
2687 4344 2763 4408 ὼς
2794 4342 3106 4413 τελεωτέρα
3134 4337 3509 4410 τυγχανοὺσῃ,
3538 4331 3783 4400 καταλλή-

2220 4442 2329 4506 λως
2360 4439 2585 4512 ἐμέτρει
2627 4438 2719 4492 τὸν
2757 4435 2954 4490 ἑαυτοῦ
2981 4433 3331 4505 ὲμφανισμδν
3357 4432 3387 4485 ὁ
3416 4425 3785 4499 Κύριος.⁹οθεν

2219 4535 2446 4606 Μάρκος
2481 4534 2580 4606 μὲν
2622 4533 2682 4584 ὲν
2720 4531 2967 4601 tam-6pm
3005 4528 3075 4581 τὰ
3118 4526 3283 4597 μέχρι
3310 4522 3406 4577 τοῦ
3434 4522 3555 4585 ἐνὸς
3579 4518 3785 4587 ἀγγέλου

536 4623 927 4692 compendiose
960 4621 1235 4693 percursis
1262 4622 1328 4676 iis
1359 4638 1481 4691 quae
1525 4621 1595 4676 ad
1651 4638 1821 4677 unum
1857 4622 2114 4678 duntaxat

2225 4610 2470 4691 διελθὼν,
2497 4624 2591 4679 τὸν
2638 4623 2799 4691 λόγον
2842 4620 3193 4675 κατέπαυσεν
3215 4634 3229 4647 ο
3264 4615 3485 4678 Λουκᾶς
3510 4614 3566 4667 δὲ
3591 4611 3683 4682 τὴν

538 4714 792 4784 angelum
845 4713 1232 4784 pertinebant.
1282 4713 1524 4767 sermoni
1588 4712 1752 4767 ﬁnem
1816 4713 2115 4784 imposuit:

541 4806 717 4862 Lucas
750 4808 965 4863 Domini
1011 4806 1077 4862 ad
1113 4806 1370 4861 mulieres
1402 4806 1799 4876 apparitioncm
1858 4807 2118 4875 reticens,

539 4906 595 4953 et
619 4899 855 4955 innuens
887 4908 1121 4964 tantum,
1145 4900 1199 4953 in
1227 4899 1453 4955 historia
1477 4899 1545 4953 de
1564 4898 1803 4970 Cle0pha
1839 4900 2121 4972 evangeli-

540 5007 669 5045 cum
697 5007 835 5061 opus
879 4992 1180 5053 conclusit.
1214 4991 1451 5047 dicendo
1480 5008 1494 5045 :
1530 4990 1783 5046 Abierant
1815 4994 2032 5064 quidam
2057 5009 2122 5047 ea:

614 5167 881 5244 "nam.
922 5188 1116 5242 xxvm,
1141 5175 1197 5244 2;
1233 5174 1397 5231 Marc.
1433 5190 1545 5240 xvt.
1586 5174 1639 5234 5.

540 5238 832 5308 ιι,1,12.

1748 5179 1796 5212 ⁸⁸
1826 5176 1959 5236 Luc.
1985 5196 2150 5247 xxrv,
2178 5179 2244 5246 ις
2268 5179 2427 5235 Joan.
2451 5194 2518 5232 xx
2537 5217 2553 5243 ,
2587 5176 2674 5240 il,
2704 5173 2793 5229 12.

2229 4720 2438 4789 Κυρίου
2468 4717 2604 4788 πρὸς
2640 4716 2739 4777 τὰς
2767 4716 3032 4785 γυναῖκας
3070 4710 3341 4764 ὀπτασίαν
3387 4707 3689 4777 σιωπήσας,
3720 4701 3787 4754 al-

2221 4812 2512 4880 νιξάμενος
2538 4809 2595 4862 δὲ
2627 4808 2808 4880 μόνον,
2833 4808 2893 4859 ὲν
2920 4808 2987 4876 τῇ
3012 4804 3155 4858 κατά
3183 4800 3455 4857 Κλεῶπαν
3480 4795 3690 4867 ἱστορία
3706 4791 3791 4859 τὴν

2221 4900 2590 4973 εὐαγγελικὴν
2632 4896 3025 4970 πραγματείαν
3070 4893 3473 4964 συνεπέρανενο
3516 4892 3577 4943 ὲν
3618 4887 3693 4956 τῷ
3720 4884 3791 4937 λέ·

2222 5010 2374 5063 γεινσ
2419 4991 2719 5061 Ἀπῆλθόν
2753 5007 2917 5058 τινες
2949 4988 3070 5044 τῶν
3097 4988 3219 5043 σὺν
3266 4984 3412 5054 ἡμῖν
3440 4981 3538 5036 ἐπὶ
3572 4978 3636 5033 τὸ
3662 4993 3791 5047 μνη-

2895 5171 2941 5205 ⁸⁹
2974 5169 3110 5226 Luc.
3138 5185 3265 5224 xxiv
3291 5209 3307 5235 ,
3334 5169 3388 5229 '5,
3422 5166 3477 5221 ςι.
3584 5163 3628 5196 ⁸⁸
3652 5161 3791 5215 Joan-

1848 5338 2086 5395 VARIAE
2125 5332 2535 5393 LECTIONES.

616 5432 642 5477 1
667 5423 727 5482 F.
757 5425 1054 5502 μελλούσῃ.

2065 5543 2302 5601 NOTAE.

617 5634 729 5705 (29)
758 5635 1126 5711 Μέμουᾳινξ.
1164 5636 1455 5711 Praestaret
1495 5639 1786 5711 μελλούσῃ.
1847 5638 1945 5694 Est
1990 5652 2123 5693 sane

544 5697 934 5773 error'passim
981 5708 1195 5776 obvius,
1233 5713 1300 5764 ad
1336 5697 1507 5765 tinem.
1528 5697 1939 5773 vocabulorum,
1970 5717 2149 5771 ortus-

543 5790 613 5826 ex
646 5776 1077 5849 antiquariorum
1140 5780 1467 5849 negligentia
1496 5821 1509 5843 .
1561 5791 1616 5834 et
1643 5779 1969 5848 compendio
1991 5779 2126 5834 scri-

548 5854 741 5916 pturae,
769 5845 1125 5919 corrigendus
1147 5845 1329 5919 autem
1370 5865 1469 5917 per
1498 5866 1721 5904 sensum
1749 5845 1805 5904 et
1848 5865 2122 5919 gramma-

547 5921 711 5967 ticam
738 5916 1223 5973 constructionem.
1254 5916 1498 5983 Quatuor
1527 5919 1772 5989 exempla
1811 5916 2125 5991 suppedita-

2230 5637 2313 5692 bit
2358 5650 2529 5690 unum
2584 5647 2725 5703 opus
2771 5630 3002 5687 Joannis
3045 5627 3336 5703 Philoponi
3399 5627 3475 5703 1ηΔ
3517 5626 3791 5703 "amicam

2233 5698 2680 5777 εοσηιοςιοηὶαηιίς⁸
2707 5704 2805 5767 lib,
2833 5718 2870 5766 ι,
2911 5718 3053 5777 cap._
3071 5703 3155 5767 10,
3194 5698 3581 5777 dimi-coptiqu
3609 5713 3703 5769 pro
3719 5698 3790 5750 αῐο

2232 5769 2546 5844 νιττὸμῖενος
2579 5792 2595 5839 ς
2629 5775 2723 5829 lib.
2752 5790 2835 5835 Ill,
2871 5769 2993 5843 cap.
3024 5773 3077 5844 ξ),
3113 5769 3435 5839 κινούμενον
3478 5785 3579 5844 pro
3623 5786 3789 5821 κινου-

2238 5839 2444 5917 μένηνς
2479 5847 2571 5901 lib.
2602 5863 2656 5907 ν,
2692 5860 2817 5917 (τιρἐ
2849 5845 2897 5917 ί.
2933 5839 2987 5911 p.
3013 5842 3117 5917 487
3140 5858 3153 5906 ;
3178 5850 3444 5917 extrema,
3472 5839 3673 5917 ταύτης
3703 5851 3789 5909 pro

2235 5910 2472 5982 ταύτας,
2506 5926 2559 5971 ct
2596 5931 2717 5985 cap.
2756 5910 2822 5970 l3
2850 5910 3175 5985 δυναμένην,
3206 5927 3303 5983 pro
3331 5910 3630 5980 δυναμένη.

3650 418 3881 508 tuo‘
