4040 6462
148 388 271 455 illi

1510 382 2034 457 QUASSTIONES.

3275 380 3297 445 l
3310 380 3412 443 442

138 512 327 577 μεῖον,
358 505 454 561 καὶ
486 502 669 573 εὖρον
692 503 881 570 οὕτως
904 503 1096 570 καθὼς
1125 501 1223 556 και
1252 502 1315 555 al
1341 497 1621 568 γυναῖκες
1642 492 1729 550 el-

1854 495 2027 549 iostris
2052 494 2123 548 ad
2149 503 2581 555 monumentum;
2610 500 2661 546 et
2698 492 2773 547 ita
2799 492 3110 548 invenerunt
3133 494 3265 547 sicut
3296 512 3415 548 mu-

142 618 279 667 πον,
306 597 496 654 αὐτὸν
526 597 597 650 δὲ
625 600 739 652 οὐκ
770 591 958 650 εἶδον.

802 685 1051 754 Ἀποριά
1061 727 1075 741 .

214 782 341 842 Πῶς
398 780 657 850 Ἰωάννης
708 779 887 851 φησὶν
940 776 1229 848 εἰρηκέναι
1283 777 1350 847 τῇ
1405 773 1596 845 Μαρίᾳ
1641 770 1734 825 τὸν

1836 589 1988 643 lieres
2009 590 2281 653 dixerunt,
2310 588 2484 657 ipsum
2518 603 2638 640 vero
2671 603 2774 640 non
2804 587 3045 641 uiderunt
3075 588 3143 643 ⁶ι.

2404 679 2696 749 Difﬁcultas
2737 695 2847 734 un.

1902 773 2036 839 Qua:
2091 772 2249 838 ratio,
2293 773 2438 843 quod
2477 773 2720 827 Joannes
2766 772 2842 827 ait
2877 771 3169 827 Dominum
3214 770 3419 826 dixisse

147 875 382 946 tidptov'
420 870 516 939 Μή
559 891 681 942 μου
720 871 939 935 ἅπτου,
982 869 1078 923 καὶ
1125 867 1195 921 τὰ
1243 867 1402 939 ἑξῆς*
1447 865 1734 921 Ματθαίου

1854 864 2018 920 ηατίω
2051 886 2062 921 :
2098 864 2228 919 Noli
2284 882 2368 920 me
2429 876 2646 935 tangere
2674 868 2741 933 θ’,
2766 876 2822 921 et
2882 865 3086 937 reliqua
3122 864 3419 933 ;Mattlueo

167 966 556 1038 στορήσαντος,
613 964 697 1017 ὃτι
751 962 1107 1035 κρατήσασαι
1157 961 1283 1023 τοὺς
1341 959 1512 1024 πόδας
1568 954 1735 1012 αὐτοῦ

1854 967 2135 1023 narrante,
2185 974 2281 1014 eas
2337 959 2653 1030 complexae
2707 960 2875 1030 pedes
2931 959 3051 1028 ejus
3105 959 3419 1016 adomvisse

151 1054 571 1127 προσεκύνησαν
602 1054 753 1126 αὑτῷ
773 1073 789 1123 ;

591 1155 598 1160 ”
830 1144 1043 1209 Λύσις.

229 1237 319 1302 Ὠς
349 1238 446 1292 καὶ
478 1237 581 1309 ἢδη
613 1236 1015 1300 ἀποδέδεικται,
1050 1233 1421 1305 ἀσθενεστέρα
1454 1234 1520 1303 τῇ
1555 1229 1738 1284 πίστει

144 1332 255 1385 τῶν
292 1330 499 1385 λοιπῶν
537 1326 604 1402 ἦν
655 1328 818 1387 αὕτη.
856 1328 1021 1381 Ὅθεν
1068 1326 1340 1398 νομίσασα
1387 1324 1462 1389 ὡς
1491 1325 1553 1377 τὸ
1584 1325 1737 1395 πρὶν,

143 1424 290 1477 οὕτω
324 1422 649 1477 συνέσεσθαι
705 1420 784 1491 τῷ
812 1419 1058 1492 Χριστῷ,
1099 1419 1267 1490 μηδὲν
1294 1419 1440 1490 μέγα
1475 1418 1602 1489 περὶ
1639 1417 1740 1470 αὐ-

144 1516 243 1569 τοῦ
281 1514 956 1586 φαντασθεῖσαηδικαίως
1015 1514 1350 1584 ἐπετιμήθη,
1395 1514 1490 1566 καὶ
1537 1510 1742 1581 ἔμαθεν

144 1611 230 1661 ὅτι
265 1609 405 1679 πρὸς
433 1610 525 1661 τὸν
558 1608 616 1661 ἐν
656 1608 909 1679 οὐρανοῖς
944 1606 1162 1678 Πατέρα
1194 1606 1320 1661 ὅθεν
1357 1605 1486 1675 ἥκει
1514 1603 1595 1657 δεῖ
1639 1603 1741 1656 αὐ-

144 1700 242 1753 τὸν
276 1699 564 1754 ἀπελθεῖν.

825 1790 1082 1860 Ἀπορία.

224 1885 384 1949 Τίνος
414 1884 578 1955 χάριν
608 1884 824 1946 Λουκᾶς
854 1883 953 1952 μὲν
982 1882 1079 1936 καὶ
1120 1881 1377 1950 Ἰωάννης
1406 1876 1743 1947 ἀπαγγεῖλαι

150 1979 255 2041 τὰς
286 1979 552 2045 γυναῖκας
582 1976 695 2039 τοῖς
730 1975 1054 2037 ἀποστόλοις
1089 1972 1187 2027 τοῦ
1220 1970 1462 2043 Χριστοῦ
1485 1970 1583 2042 τὴν
1613 1968 1745 2023 ἀνά-

155 2087 351 2123 στασιν
411 2068 653 2140 ἔγραφον
679 2083 693 2097 ’
727 2068 955 2138 Μάρκος
999 2066 1056 2119 δὲ
1115 2064 1394 2134 σιωπῆσαι
1438 2064 1533 2117 καὶ
1578 2060 1745 2132 μηδὲν

152 2165 331 2215 εἰπεῖν
382 2161 470 2215 διὰ
515 2161 609 2213 τὸν
659 2159 825 2230 φόϐον
878 2158 1255 2230 μαρτύρεταισ
1301 2159 1331 2211 ό
1368 2155 1425 2208 δὲ
1467 2154 1748 2215 Ματθαῖος

154 2258 337 2327 σιωπῇ
362 2252 717 2324 παρέδραμεν
740 2253 835 2305 καὶ
862 2250 973 2303 τῶν
1001 2250 1308 2323 εἰρημένων
1336 2247 1635 2319 ὲκάτερον;

202 2328 205 2329 ν
848 2343 1057 2408 Λύσις.

226 2436 303 2490 Τὸ
330 2437 429 2507 μὲν
460 2434 743 2490 Ματθαίου
776 2434 1004 2506 ἑτοίμην
1032 2433 1148 2503 ἔχει
1180 2432 1281 2504 τὴν
1310 2431 1485 2488 λύσιν.
1519 2431 1594 2485 Οὐ
1639 2429 1748 2502 γὰρ

152 2523 313 2579 εἶπεν
350 2525 426 2589 ὡς
458 2526 513 2579 αῖ
541 2526 799 2594 γυναῖκες
828 2522 899 2577 τὰ
937 2522 1264 2577 ὲνταλθέντα
1299 2520 1635 2590 ἀπαγγεῖλαι
1676 2530 1698 2558 ι·
1731 2536 1748 2552 ο

149 2619 278 2671 ἀλλ’
309 2619 393 2671 ὅτι
425 2614 815 2687 πορευομένων
848 2614 1182 2682 ἀπαγγεῖλαι
1231 2615 1344 2677 τοῖς
1395 2612 1684 2683 μαθηταῖς,
1716 2613 1749 2682 ὴ

148 2709 267 2760 τῶν
299 2705 652 2776 στρατιωτῶν
686 2706 912 2774 γέγονεν
945 2704 1131 2771 ἄφιξις
1181 2704 1239 2756 ἐν
1287 2706 1356 2775 τῇ
1403 2702 1561 2756 πόλει
1615 2702 1751 2773 πρὸς

147 2803 284 2864 τοὺς
319 2801 617 2871 ἀρχιερεῖς,
664 2798 726 2851 τὸ
794 2798 1012 2869 συμϐὰν
1046 2798 1179 2869 περὶ
1226 2796 1286 2850 τὸ
1338 2796 1530 2867 μνῆμα
1566 2795 1751 2866 θαῦμα

151 2892 499 2963 μηνυόντων.
535 2890 752 2952 Λουκᾶς
792 2888 851 2941 δὲ
903 2889 998 2943 καὶ
1040 2889 1297 2959 Ἰωάννης
1338 2887 1647 2959 συμφώνως
1672 2887 1752 2958 τῷ

149 2984 490 3055 προλαϐόντι
556 2983 921 3054 εὐαγγελιστῇ
988 2982 1322 3050 ἀπαγγεῖλαι
1385 2981 1590 3046 ταύτας
1640 2984 1754 3045 τοῖς

147 3076 485 3139 ἀποστόλοις
511 3075 919 3146 ἀνεγράψαντο.
950 3074 1177 3143 Μάρκος
1212 3073 1269 3127 δὲ
1302 3074 1402 3137 τὰς
1432 3074 1754 3138 τελευταίας

1838 1067 1965 1108 eum
1989 1052 2034 1084 “
2062 1051 2084 1106 ?

2509 1144 2737 1200 Salutio.

1911 1237 2382 1303 Quemadmodum
2437 1253 2601 1309 supra
2663 1247 2946 1295 ostensum
3001 1251 3105 1305 est,
3154 1240 3423 1295 inﬁrmior

1843 1329 1947 1385 ﬁde
1970 1329 2182 1385 caeteris
2208 1331 2326 1386 haec
2354 1340 2489 1387 erat.
2519 1330 2699 1397 Quare
2722 1333 2981 1388 arbitrata
3009 1333 3153 1402 quod
3188 1344 3248 1388 ut
3269 1334 3422 1404 prius

1843 1421 1916 1475 ita
1944 1437 2070 1476 cum
2106 1422 2327 1477 Christo
2359 1434 2749 1479 conversatura
2792 1434 2957 1491 esset,
2988 1426 3125 1480 nihil
3166 1442 3422 1497 magnum

1843 1517 1912 1570 de
1959 1517 2079 1586 ipso
2124 1515 2444 1587 imaginata,
2474 1518 2595 1589 jure
2641 1519 2919 1591 increpata
2974 1520 3093 1583 fuit,
3127 1522 3423 1591 didicitque

1843 1605 2045 1660 reverti
2082 1620 2208 1660 eum
2241 1606 2443 1662 debere
2469 1608 2538 1663 ad
2572 1608 2788 1664 Patrem
2832 1611 3134 1677 caelestem,
3156 1613 3304 1667 unde
3327 1593 3423 1665 vc-

1844 1708 2024 1753 nerat.

2409 1791 2701 1864 Difﬁcultas
2750 1812 2859 1850 LIV.

1917 1882 2058 1948 Quid
2084 1897 2264 1939 causa;
2293 1892 2396 1949 est,
2434 1885 2577 1954 quod
2610 1884 2785 1939 Lucas
2819 1894 2874 1940 et
2901 1884 3140 1940 Joannes
3166 1885 3426 1940 mulieres

1846 1974 2189 2043 scripserunt
2243 1975 2592 2029 renuntiasse
2645 1977 2908 2046 apostolis
2966 1977 3424 2031 resurrectionem

1845 2063 2047 2117 Christi
2083 2064 2164 2132 εις
2202 2063 2411 2121 Marcus
2445 2080 2594 2124 vero.
2619 2082 2714 2120 eas
2746 2067 3000 2130 tacuisse,
3036 2066 3281 2136 nihilque
3315 2081 3427 2135 prae

1850 2155 2045 2209 timore
2089 2155 2293 2209 dixisse
2342 2157 2685 2225 perhibet”;
2727 2168 2783 2213 at
2819 2157 3105 2214 Matthaaus
3136 2166 3429 2228 utrumque

1849 2245 2119 2299 dictorum
2145 2245 2340 2300 tacitus
2367 2246 2696 2315 praeterivit?

2528 2338 2754 2394 Salutio.

1922 2432 2052 2486 Illud
2090 2430 2329 2486 Matthzei
2354 2474 2368 2497 ,
2409 2431 2569 2487 facile
2612 2433 2843 2488 solvitur
2866 2435 2930 2489 “.
2965 2433 3084 2488 Non
3114 2435 3262 2489 enim
3292 2434 3433 2489 dixit

1851 2525 2112 2580 mulieres
2138 2524 2390 2579 mandata
2430 2540 2539 2578 non
2571 2527 2916 2580 renuntiasse
2948 2543 2963 2593 ;
2996 2527 3091 2582 sed
3145 2527 3211 2581 iis
3246 2530 3428 2597 profe-

1852 2618 1955 2670 ctis
1988 2625 2048 2670 ut
2070 2615 2393 2669 nuntiarent
2417 2614 2719 2685 discipulis,
2746 2616 2949 2672 milites
2974 2616 3191 2671 venisse
3213 2617 3268 2671 in
3296 2617 3431 2671 civi-

1855 2717 2021 2763 tatem
2043 2707 2111 2762 ad
2145 2706 2423 2777 principes
2448 2707 2818 2771 sacerdotum,
2855 2716 2910 2762 et
2933 2708 3259 2764 iudicavisse
3286 2708 3431 2778 quod

1853 2801 2158 2873 contigerat
2197 2799 2521 2855 miraculum
2555 2800 2620 2854 ad
2650 2800 2985 2870 sepulcrum.
3022 2799 3196 2856 Lucas
3217 2816 3347 2855 vero
3379 2810 3434 2854 ct

1853 2894 2092 2950 Joannes
2120 2892 2530 2948 consentientes
2560 2907 2683 2946 cum
2709 2892 3037 2962 praecedenti
3073 2894 3430 2964 evangelista,

1856 2988 2139 3042 nuntiasse
2174 3001 2267 3041 eas
2295 2983 2555 3055 apostolis
2581 2985 3048 3055 conscripserunt.
3084 2984 3296 3041 Marcus
3333 3002 3435 3041 au-

1857 3090 1989 3146 tem,
2026 3088 2329 3150 postremas
2365 3077 2636 3148 profectas
2671 3088 2792 3131 orto
2817 3078 2930 3147 jam
2963 3077 3099 3143 sole,
3127 3078 3323 3133 merito
3359 3078 3436 3132 ait

147 3166 425 3230 ἐλθούσας
450 3165 546 3221 τοῦ
578 3166 730 3237 ἡλίου
770 3165 959 3219 λοιπὸν
1008 3164 1393 3228 ἀνατείλαντος
1422 3166 1559 3232 (50),
1600 3166 1746 3219 εἰκό-

1859 3172 1997 3227 nihil
2041 3173 2110 3226 ob
2160 3172 2411 3225 timorem
2457 3168 2676 3224 dixisse.
2705 3169 2780 3223 Ea
2827 3185 2958 3241 ergo
3008 3170 3076 3224 de
3124 3185 3284 3224 causa
3332 3170 3437 3225 illze

144 3275 268 3322 τως
296 3260 435 3329 φησὶ
466 3258 556 3312 διὰ
586 3260 679 3312 τὸν
708 3258 877 3329 φόϐον
911 3257 1079 3328 μηδὲν
1100 3258 1298 3311 εἰπεῖν.
1318 3257 1389 3310 Ἦ
1416 3257 1610 3311 τούτου
1634 3258 1748 3312 τοί-

146 3369 257 3407 νυν
312 3350 496 3421 χάριν,
544 3349 750 3414 ταύτας
810 3351 979 3421 μηδὲν
1027 3349 1461 3420 ἀπαγγεῖλαι,ἢ
1496 3365 1749 3420 προσυπ-

146 3444 386 3499 ακούειν
401 3443 482 3497 δεῖ
504 3442 579 3505 ὡς
604 3443 735 3513 ἄχρι
752 3442 852 3513 τῆς
875 3440 970 3496 τοῦ
988 3442 1194 3514 Κυρίου
1217 3443 1358 3514 πρὸς
1375 3442 1547 3508 αὑτὰς
1571 3443 1751 3514 ἐμφά-

143 3552 312 3589 νειαν
348 3534 504 3588 οὐδὲν
546 3526 723 3587 εἷπον.

834 3625 1091 3693 Ἀποριά.

229 3721 389 3783 Τίνος
422 3721 612 3791 χάριν,
656 3719 905 3774 Ἰωάννου
950 3719 1157 3789 Πέτρον
1193 3718 1289 3771 καὶ
1330 3716 1582 3788 Ἰωάννην
1614 3715 1753 3787 πρὸς

140 3814 218 3866 τὸ
254 3812 586 3865 Δεσποτικὸν
626 3813 819 3882 μνῆμα
840 3810 1072 3881 δραμεῖν
1104 3804 1527 3880 ἱστορήσαντος,
1561 3810 1589 3862 ὁ
1616 3810 1753 3863 Λου-

143 3909 265 3963 κᾶε
295 3906 460 3977 μόνον
494 3906 590 3959 τὸν
623 3906 832 3976 Πέτρον
878 3903 1017 3976 πρὸς
1046 3902 1137 3957 τὸν
1199 3903 1372 3971 τάφον
1405 3901 1591 3956 ἐλθεῖν
1622 3919 1752 3957 συν-

138 4016 174 4053 ε
186 4018 220 4067 γ
230 3999 442 4071 ράψατο
461 4016 477 4066 ;

844 4090 1058 4157 Λύσις.

224 4182 434 4248 Καθὼς
477 4183 571 4239 καὶ
602 4182 861 4256 ἀνωτέρω
894 4184 1024 4254 περὶ
1065 4179 1262 4235 τούτου
1306 4181 1747 4252 ἀναγέγραπται,

1860 3266 1997 3321 nihil
2034 3264 2461 3330 denuntiarunt;
2497 3263 2580 3317 vel
2612 3262 2905 3318 subaudire
2942 3272 3179 3333 oportet,
3212 3274 3271 3318 ut
3301 3263 3436 3318 nihil

1859 3357 2098 3413 dixerint
2144 3373 2316 3428 usque
2366 3356 2434 3412 ad
2488 3355 2889 3427 apparitionem
2951 3355 3165 3411 Domini
3226 3357 3294 3413 ad
3343 3372 3438 3414 eas

1860 3450 2080 3505 factam.

2425 3627 2721 3699 Difficultas
2767 3645 2855 3685 LV.

1929 3722 2201 3791 Quorsum
2233 3722 2445 3778 Joanne
2484 3722 2771 3787 referente,
2800 3720 3019 3777 Petrum
3066 3732 3122 3777 et
3171 3721 3436 3776 Joannem

1859 3816 1927 3871 ad
1985 3814 2327 3870 Dominicum
2374 3823 2793 3868 monumentum
2828 3813 3138 3869 cucurrisse
3162 3815 3228 3878 ⁸⁷,
3263 3813 3440 3868 Lucas

1860 3910 2037 3966 solum
2064 3908 2283 3964 Petrum
2321 3908 2544 3980 scripsit
2574 3907 2791 3965 venisse
2814 3908 2881 3963 ad
2917 3908 3231 3979 sepulcrum
3264 3908 3310 3939 ⁸⁸
3345 3908 3368 3961 ?

2529 4088 2757 4145 Salutio.

1929 4185 2082 4239 Sicut
2112 4183 2366 4254 superius
2390 4197 2451 4236 ea
2484 4182 2551 4237 de
2578 4197 2636 4236 re
2653 4182 2912 4253 scriptum
2935 4191 3038 4248 est,
3058 4197 3179 4237 cum
3211 4182 3442 4238 diversa

135 4275 436 4347 διαφόρων
479 4277 792 4347 γενομένων
826 4277 947 4338 ταῖς
998 4274 1219 4342 γυναιξὶ
1255 4273 1395 4342 πρὸς
1447 4278 1507 4326 τὸ
1558 4273 1749 4343 μνῆμα

134 4366 421 4437 ἁφίξεων,
453 4367 728 4435 διαφόρως
755 4368 850 4419 καὶ
878 4365 950 4419 τὰ
976 4366 1064 4418 ἐπ’
1096 4366 1246 4435 αὑτῳ
1266 4364 1581 4435 πραχθέντα
1610 4364 1747 4416 ἱστό-

1860 4369 2077 4424 diverso
2106 4381 2323 4436 quoque
2367 4365 2528 4419 modo
2560 4381 2681 4434 quae
2707 4362 2816 4418 illic
2839 4373 2988 4434 gesta
3021 4376 3149 4418 sunt
3176 4379 3438 4418 enarran-

138 4473 380 4528 ρηνται.
420 4456 547 4509 Ὅτε
588 4452 681 4509 οὖν
709 4456 901 4527 Πέτρῳ
943 4457 1041 4509 καὶ
1080 4455 1306 4525 Ἰωάννῃ
1352 4452 1746 4526 ήΜαγδαληνὴ

1862 4470 1969 4515 tur.
1998 4458 2224 4524 Quando
2257 4457 2420 4528 igitur
2451 4456 2609 4512 Petro
2624 4467 2679 4512 et
2705 4455 2908 4511 Joanni
2936 4455 3248 4526 Magdalena
3273 4454 3436 4509 Maria

130 4549 351 4620 Μαρία
379 4549 714 4620 ἀπήγγειλεν
737 4549 975 4620 ἀρθῆναι
1005 4548 1070 4601 ὲκ
1092 4547 1185 4601 τοῦ
1211 4548 1387 4616 τάφου
1412 4545 1507 4600 τοῦ
1537 4546 1744 4617 Κυρίου

1854 4550 2209 4619 renuntiavit,
2230 4550 2505 4605 sublatum
2531 4549 2701 4605 fuisse
2730 4564 2761 4604 e
2787 4547 3040 4617 sepulcro
3068 4544 3280 4601 Domini
3308 4562 3434 4601 cor-

125 4644 215 4697 τὸ
253 4643 415 4713 σῶμα
439 4645 574 4714 (5|),
614 4642 920 4714 ἀμφότεροι
952 4643 1134 4695 ἐκεῖσε
1168 4641 1563 4713 παρεγένοντο.
1587 4639 1742 4693 Μετὰ

1854 4658 1972 4714 pus.
2024 4642 2185 4697 ambo
2233 4641 2361 4696 illnc
2408 4648 2789 4712 perrexerunt.
2838 4637 3037 4695 Postea
3091 4653 3243 4703 vero,
3297 4653 3425 4692 cum

122 4733 206 4788 δὲ
243 4733 404 4787 τοῦτο
430 4734 539 4787 τῶν
561 4732 640 4804 τῷ
675 4734 863 4804 Λουκᾷ
898 4731 1295 4805 ίστορηθεισῶν
1325 4730 1603 4800 γυναικῶν
1632 4734 1742 4794 τοῖς

1854 4734 2109 4789 mulieres
2162 4749 2261 4804 per
2305 4734 2508 4788 Lucam
2569 4740 2910 4798 memoratae,
2959 4730 3243 4802 discipulis
3286 4730 3433 4801 quod

224 4851 275 4882 ⁸¹
313 4849 447 4906 Luc.
479 4866 639 4916 xxrv,
665 4851 755 4906 24.
832 4851 878 4883 δ’
913 4848 1076 4905 Joan.
1107 4865 1197 4913 xx,
1230 4851 1318 4904 t7.
1437 4849 1483 4881 ⁸³
1508 4847 1700 4902 Matth.
1734 4864 1936 4914 xxvm,
1967 4849 2021 4904 9.
2124 4850 2169 4882 "'
2201 4849 2334 4906 Luc.
2369 4867 2526 4917 xxiv,
2561 4850 2594 4904 9
2617 4867 2633 4917 ;
2656 4850 2815 4907 Joan.
2870 4867 2976 4916 xx,
3012 4848 3099 4907 l8.

123 4937 270 4986 ινι,
304 4922 359 4976 8.
436 4922 483 4953 “
510 4922 700 4977 Matth.
733 4937 925 4986 xxvnt,
960 4922 1048 4975 tt.
1125 4922 1167 4953 "
1199 4920 1358 4975 Joan.
1383 4935 1474 4986 xx,
1500 4920 1555 4973 5.
1631 4919 1676 4951 ⁸⁸
1700 4918 1832 4974 Luc.
1859 4936 2007 4985 xxrv,
2035 4921 2123 4977 12.
2200 4920 2425 4976 “Joan.
2460 4938 2548 4986 xx,
2587 4921 2635 4977 Ι.

241 5044 267 5076 ι’
303 5034 367 5090 F.
393 5037 494 5091 οὐκ
524 5034 893 5107 ἀπήγγειλαν.

1860 4278 2063 4334 fuerint
2096 4276 2382 4330 mulierum
2426 4274 2492 4328 ad
2528 4282 2944 4328 monumentum
2976 4274 3344 4344 profectiones
3368 4275 3436 4337 ",

3198 4848 3243 4880 ⁸⁸
3268 4847 3412 4904 Marc

1666 5100 1902 5158 NOTE.

227 5199 350 5276 (50)
400 5200 872 5276 ⁸Ἀνιιτετίλᾳντορ
935 5199 992 5254 Si
1033 5197 1303 5276 _hom_i_nes
1365 5197 1523 5276 doc_ti_
1559 5196 1746 5276 Graeca
1851 5199 2197 5276 (latenam__in
2222 5197 2464 5255 Marcum
2492 5200 2655 5276 initio
2685 5215 2807 5276 cap.
2830 5201 2940 5276 16;
2975 5201 3074 5276 Ἰξίς
3098 5196 3246 5276 οὖνὴ
3272 5207 3435 5276 χρείᾳ

118 5264 589 5343 consuluissent,
630 5271 775 5326 circa
815 5264 993 5343 locum
1027 5269 1208 5343 C_y_rilli
1231 5268 1585 5343 Alexandrini
1625 5269 1747 5338 epi-

1854 5270 1949 5343 τῆς
1995 5270 2229 5343 ἀγγέλου
2269 5272 2573 5339 παρουσίας
2594 5288 2612 5343 ;
2672 5264 2869 5343 φαίνην
2918 5264 3065 5342 ὲγὼί
3121 5276 3203 5329 ὅτι
3233 5264 3433 5331 ἐἰὶξειθὶ

117 5342 299 5414 stola
328 5342 396 5397 ad
435 5342 695 5414 Acacium
737 5342 921 5414 (etiam
962 5342 1020 5395 in
1050 5338 1326 5414 Liberale,
1359 5353 1481 5408 cap.
1512 5338 1747 5414 8).__non

1854 5338 1979 5414 τους
2037 5338 2720 5414 ζητοῦνταςλὲγηγέρθαιλ
2760 5338 2879 5397 ἀλλ’
2906 5338 2971 5397 οὗ
3009 5344 3304 5414 βεϐλέφθαι
3337 5349 3434 5399 τὸν

119 5411 527 5467 ιιωείιαεεοηι.
577 5408 766 5487 Primo
816 5411 1019 5487 quippe
1047 5410 1271 5487 intuitu
1321 5408 1747 5487 atpoava'eellav-

1854 5408 2103 5487 Ιξῷριονζ
2129 5409 2266 5475 Quid
2302 5408 2649 5487 igitur‘o‘pus
2682 5415 2783 5484 fuit
2839 5408 3195 5487 apparitione
3218 5417 3436 5487 angeli?

116 5497 251 5543 τος
282 5496 409 5555 esse
450 5483 807 5555 Δρζιινοπ-ίιηεριγ
833 5479 1128 5555 Nel‘prius
1158 5479 1387 5533 oriretur
1407 5479 1605 5555 ecquis
1639 5494 1748 5555 non
1855 5479 2045 5555 picum
2082 5498 2209 5551 ego,
2248 5479 3053 5555 utpersuaderetquwre'ntibus
3094 5479 3436 5540 resurrei'isse

118 5551 695 5623 intelligatzEadem
722 5550 909 5623 Graeca
940 5549 1238 5623 oStenduiit
1261 5564 1386 5602 mox
1407 5550 1608 5623 ibidem
1644 5549 1748 5619 legi

112 5619 369 5679 debere
396 5641 409 5693 ι
437 5620 508 5675 Et
537 5622 676 5693 quod
704 5621 1006 5687 specialiter
1034 5622 1352 5676 contristare
1374 5630 1479 5685 eat,
1513 5619 1751 5673 Alexan-

111 5692 612 5761 driteepiscopus,
637 5701 745 5748 etc.

230 5759 358 5832 t5!)
413 5759 685 5832 ᾎρθῆναι
733 5763 803 5817 ἐκ
856 5760 963 5815 τοῦ
1014 5759 1226 5832 τάφους
1255 5760 1362 5813 τοῦ
1417 5761 1640 5828 Κυρίου
1680 5760 1749 5813 τὸ

116 5830 361 5900 σῶμα.
412 5830 625 5905 Insigne
668 5833 966 5900 mendum,
1006 5831 1264 5901 jocularis
1290 5845 1463 5896 error,
1510 5839 1742 5901 occupat

1857 5549 2162 5614 hominum,
2204 5553 2300 5605 etsi
2328 5549 2446 5606 eum
2493 5554 2596 5623 ipsi
2625 5549 2728 5607 non
2762 5564 3051 5611 cernerent.
3085 5556 3257 5611 Nemo
3285 5558 3431 5611 enim

1857 5635 1969 5674 non
2022 5623 2206 5677 statim
2259 5623 2636 5692 deprehendet
2670 5640 2856 5679 veram
2900 5625 3199 5679 lectionem
3237 5628 3432 5679 κεκλέ-

1856 5691 2009 5768 φθαι.
2054 5691 2419 5768 ﬂeturi-exisse
2459 5694 2763 5768 Domin_u_m_,
2783 5711 2886 5750 non
2910 5704 3086 5749 autem
3110 5696 3251 5765 furto
3271 5707 3431 5768 [uisse

1854 5761 2143 5818 sublatum.
2171 5760 2390 5833 (Matth.
2412 5780 2604 5829 xxvnt,
2640 5764 2749 5834 15.)
