4040 6402
671 367 809 432 1443

1860 351 2222 415 HESYCHII
2259 344 2739 410 PRESBYTERI

3758 328 3875 410 ιω

672 476 1039 546 ἱιιόὶοσεεεηιζ,
1072 490 1173 530 nec
1202 472 1272 529 ab
1302 472 1369 527 iis
1424 470 1803 534 crederentur,
1841 467 2034 522 Petrus
2066 473 2128 519 ut
2161 478 2247 517 ar-

2366 459 2626 533 ιαθηταῖς
2652 457 2714 511 τὸ
2741 456 2938 530 όραθὲν
2962 454 3152 518 αὑταῖς
3186 447 3533 525 μηνυσασῶν,
3557 452 3645 505 καὶ
3666 454 3863 513 ἁπιστοο

671 575 831 637 dens,
859 572 1059 626 iterum
1089 568 1180 622 illo
1204 564 1480 638 profectus
1504 568 1612 617 est.

1241 742 1532 815 Difﬁcultas
1578 757 1686 795 Lvl.

746 844 879 910 Quae
921 854 1084 895 causa
1125 836 1247 898 fuit,
1289 844 1346 889 ut
1393 832 1483 903 qui
1533 830 1814 900 discipulis
1862 828 1927 883 ad
1975 827 2250 883 Galilaeam

582 1004 585 1007 ἰ
676 952 971 1009 properare
1016 948 1111 1003 per
1150 929 1409 984 mulieres
1459 932 1811 996 praeceperat,
1850 923 2006 993 quasi
2052 922 2160 977 illic
2188 922 2255 975 iis

676 1030 1047 1100 appariturus,
1075 1025 1129 1077 in
1153 1022 1281 1076 Sion
1307 1028 1531 1090 apparet
1555 1018 1636 1069 ὀἳ
1693 1018 1759 1073 Et
1783 1016 2055 1087 quomodo
2085 1016 2256 1068 Lucas

677 1122 811 1177 dicit
840 1120 1080 1174 adfuisse
1128 1114 1383 1170 undecim
1407 1114 1476 1175 ⁷³,
1500 1127 1621 1165 cum
1659 1118 1838 1163 tamen
1867 1109 2084 1163 abesset
2110 1108 2259 1161 Tho-

676 1229 795 1268 mas
817 1215 840 1265 ἰν

1357 1293 1581 1348 Salutio.
2056 1364 2059 1367 ἱ

748 1392 933 1446 Primo
972 1388 1190 1460 quidem
1230 1387 1434 1441 territis
1471 1385 1747 1454 apostolis,
1781 1398 1884 1437 nec
1933 1381 2260 1437 audentibus

677 1482 1012 1552 Jerosolyma
1068 1478 1250 1549 egredi
1308 1478 1378 1531 ob
1438 1486 1640 1530 metum
1694 1475 2028 1538 Judaeorum,
2062 1476 2260 1527 merito

679 1576 923 1648 oportuit
950 1574 1241 1629 Dominum
1271 1572 1323 1625 in
1350 1571 1479 1625 Sion
1508 1586 1791 1641 apparere,
1810 1578 1864 1622 et
1886 1570 2129 1623 adimere
2156 1568 2261 1622 illis

682 1672 959 1733 timorem,
993 1681 1293 1737 pacemque
1329 1666 1480 1727 dare,
1530 1679 1592 1717 ac
1626 1662 2043 1717 resurrectionis
2100 1660 2261 1713 iidem

682 1762 909 1817 facere:
965 1770 1205 1815 attamen
1256 1758 1457 1811 viviﬁci
1513 1756 1861 1825 baptismatis
1912 1753 2258 1808 traditionem

684 1871 790 1909 una
816 1870 940 1907 cum
969 1851 1385 1921 perlectioribus
1417 1848 1759 1918 dogmatibus
1788 1846 2032 1916 praebere
2072 1845 2179 1899 illis
2208 1845 2261 1897 in

685 1947 926 2006 Galilma,
968 1943 1207 1999 Judaicze
1240 1940 1561 1995 temeritatis
1584 1949 1732 1992 metu
1763 1937 2006 1992 liberatis
2035 1952 2049 2000 ;
2087 1944 2146 1989 ut
2170 1934 2263 2003 qui

686 2038 744 2092 in
777 2036 994 2090 Galihea
1025 2048 1273 2104 magnam
1312 2032 1486 2085 lucem
1509 2030 1839 2084 ostendisset
1881 2029 1945 2083 iis
1970 2028 2059 2097 qui
2103 2027 2262 2080 sede-

686 2129 821 2184 bant
848 2129 903 2181 in
935 2127 1197 2190 tenebris,
1230 2125 1521 2179 salutarem
1551 2136 1749 2190 nempe
1790 2120 2118 2189 baptismum
2151 2135 2165 2184 ;
2196 2115 2264 2170 ad

687 2237 849 2290 quem
874 2220 1167 2274 cohortans
1197 2217 1362 2271 dixit:
1388 2216 1758 2269 Pazuiteutiam
1786 2213 1944 2284 agile,
1978 2211 2267 2281 appropin-

689 2312 870 2382 quavit
927 2312 1064 2364 rnim
1093 2326 1308 2381 regnum
1363 2308 1610 2362 «clarum
1646 2308 1711 2361 ⁷³.
1773 2305 2035 2360 Undcciin
2082 2313 2265 2358 autem

689 2405 1083 2474 discipulorum
1112 2403 1316 2456 idcirco
1346 2401 1519 2455 Lucas
1545 2399 1812 2461 meminit,
1839 2398 2093 2467 quoniam
2127 2395 2265 2450 Juda

690 2499 746 2552 in
780 2506 1061 2567 peccatum
1098 2494 1342 2564 delapso,
1375 2503 1429 2548 et
1476 2492 1686 2547 Thoma
1732 2492 1978 2553 absente,
2014 2489 2267 2542 Matthias

688 2588 851 2659 plane
895 2586 1102 2647 aderat,
1146 2599 1307 2653 quem
1355 2598 1453 2652 pro
1484 2580 1623 2636 Juda
1677 2591 1824 2635 sorte
1855 2580 2173 2651 elegerunt,
2212 2586 2270 2633 ut

688 2680 781 2750 qui
815 2680 869 2733 in
894 2678 1042 2733 omni
1079 2686 1323 2745 tempore
1358 2690 1528 2744 usque
1559 2674 1623 2728 ad
1655 2672 2033 2729 ascensionem
2064 2670 2268 2725 Christi

691 2771 848 2826 testis
894 2778 1041 2824 esset
1098 2767 1513 2821 resurrectionis
1562 2766 1704 2837 ejus,
1735 2763 2195 2835 quemadmodum
2237 2777 2269 2816 a

689 2859 838 2920 Luca
870 2868 1124 2917 narratur
1145 2861 1209 2914 ⁷³.

1256 3100 1547 3172 Diﬂiculms
1577 3115 1704 3154 Lvtt.
2270 3134 2276 3140 -

767 3193 870 3261 Qui
928 3192 1137 3248 factum
1184 3203 1269 3247 cst
1317 3201 1377 3246 ut
1422 3191 1663 3246 Joannes
1705 3190 1922 3255 dixerit,
1955 3204 2080 3245 cum
2127 3200 2273 3245 esset

694 3304 819 3345 sero
844 3303 951 3341 una
989 3285 1349 3340 Sabbatorum
1381 3285 1447 3348 7‘,
1471 3282 1686 3339 cunctis
1708 3283 2009 3354 discipulis,
2043 3292 2270 3353 praeter-

695 3394 859 3451 quam
909 3377 1172 3443 Thomae,
1226 3375 1503 3431 Christum
1562 3375 1802 3443 seipsum
1854 3372 2269 3437 tnauilestasse;

695 3470 874 3526 Lucas
904 3485 1055 3533 vero,
1086 3469 1185 3522 soli
1218 3467 1400 3532 Petro,
1426 3466 1646 3536 quando
1677 3465 1949 3535 Cleophas
1981 3479 2274 3532 comesque

696 3562 844 3617 illius
857 3575 1081 3630 vespere
1103 3559 1346 3627 ejusdem
1366 3558 1471 3611 diei
1490 3556 1878 3627 Jerosolymam
1900 3555 2100 3608 reversi
2126 3564 2273 3619 sunt,

698 3662 982 3724 postquam
1018 3651 1308 3705 Dominum
1355 3650 1407 3701 in
1456 3649 1712 3701 Emmaus
1753 3647 2278 3717 conspexissent"?

1369 3738 1597 3793 Salutio.

767 3835 953 3892 Primo
1006 3844 1128 3904 post
1184 3832 1444 3887 mulieres
1500 3830 1679 3893 Petro,
1735 3829 1969 3900 indeque
2018 3832 2276 3901 apostolis

696 3930 950 3984 Christus
980 3926 1250 3996 apparuit,
1294 3924 1435 3977 sicut
1475 3923 1677 3976 Paulus
1703 3923 1808 3977 ait:
1844 3923 1979 3986 Quia
2011 3926 2149 3978 visus
2202 3934 2277 3980 est

697 4021 906 4092 Ceplzw,
944 4030 992 4075 et
1025 4030 1204 4091 postea
1236 4019 1509 4072 duodecim
1548 4019 1637 4070 ηε
1674 4032 1784 4072 non
1820 4016 2086 4073 Thomam
2142 4035 2276 4076 con-

700 4127 1021 4176 numerans,
1060 4124 1238 4179 neque
1284 4108 1429 4161 enim
1481 4107 1689 4171 aderat,
1742 4108 1835 4161 sed
1889 4108 2169 4162 Matthiam
2222 4119 2277 4164 et

2353 553 2533 624 μένων
2565 551 2699 624 παρ’
2735 551 2937 615 αὐτῶν,
2968 553 2996 605 ὁ
3035 548 3242 620 Πέτρος
3292 548 3368 612 ὡς
3402 547 3697 619 θερμδς,ὲκ
3722 551 3846 609 δεντί

2354 661 2449 715 pou
2489 643 2671 697 ἐκεῖσε
2696 645 3050 716 παρεγένετο.

3025 734 3281 801 Ἂπορία.

2423 833 2581 898 Τίνος
2621 833 2779 904 χάριν
2807 833 2920 895 τοῖς
2957 830 3229 901 μαθηταῖς
3256 828 3335 890 είς
3365 826 3463 897 τὴν
3492 827 3758 882 Γαλιλαίαν
3775 832 3873 903 δρα.

2358 930 2500 998 μεῖν,
2529 926 2617 980 διὰ
2647 927 2758 979 τῶν
2793 922 3068 993 γυναικῶν
3098 919 3594 991 ὲντειλάμενος,ἶὼς
3623 922 3777 976 tuis:
3805 928 3874 979 αὺ-

2354 1021 2467 1081 τοῖς
2493 1017 3036 1089 ὲμφανισθησόμενος
3060 1056 3075 1080 ,
3110 1016 3175 1066 ὲκ
3218 1011 3358 1065 Σιὼν
3391 1012 3762 1081 ὲμφανίξεταις
3786 1016 3876 1080 Ili»;

2354 1110 2412 1163 δὲ
2455 1110 2550 1162 καὶ
2585 1112 2613 1163 6
2658 1110 2875 1171 Λουκᾶς
2919 1107 3067 1174 λέγει
3125 1106 3382 1176 παρεῖναι
3414 1104 3543 1166 τοὺς
3584 1103 3774 1171 ἕνδεκα,
3813 1109 3875 1161 to}

2357 1202 2533 1272 Θωμᾶ
2557 1201 2951 1271 ίστορήσαντος
2987 1209 3041 1263 ·;

3041 1291 3251 1357 Λύσις.

2432 1386 2657 1458 Πρῶτον
2688 1385 2786 1456 μὲν
2810 1401 2877 1436 πε
2889 1384 3132 1456 ριφόὸοις
3156 1378 3311 1437 οὖσιν
3330 1384 3448 1446 τοῖς
3472 1382 3791 1447 ἀποστόλοις,
3814 1390 3879 1438 καὶ

2363 1480 2500 1551 μηδὲ
2529 1479 2764 1544 ἐξελθεῖν
2815 1478 2914 1547 τῆς
2955 1474 3316 1546 Ἰερουσαλὴμ
3337 1473 3583 1545 τολμῶσι
3610 1474 3692 1527 διὰ
3719 1475 3797 1527 τὸν

2361 1548 2454 1625 δον
2486 1572 2595 1625 τῶν
2643 1568 2937 1634 Ἰουδαίων,
2978 1568 3206 1630 εἰκότως
3263 1568 3373 1621 ἔδει
3406 1568 3465 1619 ὲν
3490 1571 3558 1637 τῇ
3591 1565 3721 1619 Σιὼν
3748 1548 3880 1636 ἐμοὶ.

2360 1664 2612 1735 νισθῆναι
2657 1664 2750 1716 τὸν
2780 1661 3011 1733 Κύριον,
3052 1662 3148 1715 καὶ
3189 1660 3351 1714 λῦσαι
3390 1660 3578 1721 αὐτοῖς
3617 1659 3701 1712 τὸν
3745 1660 3880 1728 ιρόόον,

2364 1758 2458 1811 καὶ
2497 1758 2597 1826 τὴν
2647 1755 2875 1827 εἰρήνην
2906 1754 3237 1823 παρασχεῖν,
3274 1753 3370 1806 καὶ
3393 1752 3496 1823 τὴν
3529 1752 3799 1806 ἀνάστασιν
3820 1772 3883 1806 τι·

2367 1846 2683 1901 στὼσασθαι
2707 1864 2721 1879 ·
2749 1847 2847 1916 τὴν
2902 1846 3091 1916 μέντοι
3121 1844 3216 1897 τοῦ
3246 1842 3523 1909 ζωοποιοῦ
3575 1841 3883 1911 βαπτίσματος

2366 1941 2689 2012 παράδοσιν,
2746 1939 2862 2010 ἅμα
2911 1941 3024 2002 τοῖς
3074 1937 3428 2007 τελειοτέροις
3470 1935 3727 2003 δόγμασιν
3762 1937 3809 1988 ἑν
3839 1939 3882 2005 τῇ

2365 2031 2634 2105 Γαλιλαίᾳ
2660 2035 2873 2094 τούτοις
2907 2029 3227 2101 ἐγχειρῆσαι
3266 2030 3312 2093 ί,
3341 2028 3442 2097 τῆς
3497 2026 3776 2093 Ἰουδαῑκῆς
3798 2026 3886 2096 θρα·

2368 2124 2598 2196 σύτητος
2628 2124 2720 2178 τὸν
2760 2121 2924 2191 φόϐον
2944 2118 3405 2187 ἀποσεισαμένοις
3427 2134 3442 2149 ο
3478 2115 3575 2170 ἅτε
3607 2118 3664 2168 ὲν
3688 2120 3744 2185 τῇ
3773 2116 3885 2168 Γαλι-

2366 2218 2493 2289 λαίᾳ
2523 2218 2583 2270 τὸ
2613 2215 2757 2288 μέγα
2786 2215 2901 2283 φῶς
2927 2213 3181 2278 δείξαντα
3205 2254 3219 2277 ,
3256 2212 3367 2273 τοῖς
3395 2211 3452 2263 ὲν
3482 2209 3662 2262 σκότει
3701 2208 3886 2277 καθημέ-

2368 2327 2502 2374 νοις,
2540 2309 2601 2362 τὸ
2630 2308 2894 2379 σωτήριον
2924 2304 3127 2376 δηλαδὴ
3178 2303 3468 2374 βάπτισμα
3495 2318 3513 2334 ·
3538 2300 3624 2370 ἐφ’
3646 2293 3687 2368 ᾧ
3711 2318 3883 2370 sparg-

2370 2403 2602 2472 πόμενος
2639 2399 2791 2468 ἔλεγε
2820 2415 2833 2430 ·
2886 2396 3260 2459 Μετανοεῖτε,
3316 2394 3537 2463 fin-ms
3567 2396 3671 2462 γὰρ
3703 2394 3735 2460 ἠ
3756 2392 3885 2456 βασι-

2368 2495 2505 2549 λεία
2538 2492 2656 2546 τῶν
2692 2490 2988 2559 οὐρανῶν.
3024 2487 3145 2541 Τῶν
3182 2488 3237 2541 δὲ
3268 2487 3465 2540 ἕνδεκα
3505 2484 3778 2556 μαθητῶν,
3801 2485 3884 2538 wi-

2371 2603 2463 2639 του
2503 2586 2665 2655 χάριν
2692 2586 2720 2637 ό
2753 2584 2972 2645 Λουκᾶς
2996 2580 3425 2651 ἐμνημόνευσεν,
3453 2579 3544 2630 ὅτι
3584 2576 3741 2629 Ἰούδα
3768 2576 3883 2627 ἐκπε-

2375 2677 2581 2741 σόντος,
2622 2675 2716 2728 καὶ
2767 2674 2939 2743 Θωμᾶ
2983 2671 3059 2742 μὴ
3097 2671 3388 2742 παρόντος,
3436 2667 3691 2730 Ματθίας
3730 2667 3886 2727 πάντας

2372 2770 2556 2841 παρῆν
2581 2807 2595 2831 ,
2628 2765 2688 2820 ὃν
2716 2764 2838 2819 ἀντὶ
2875 2763 2968 2817 τοῦ
3009 2762 3184 2816 Ἰούδα
3209 2760 3559 2831 ὲκλήρωσαν,
3594 2758 3666 2820 ὡς
3693 2760 3743 2810 ὲν
3774 2760 3887 2809 παντὶ

2373 2859 2451 2930 τῷ
2482 2858 2660 2930 χρόνῳ
2699 2858 2861 2928 μέχρι
2902 2855 3001 2925 τῆς
3052 2853 3373 2924 ἀναλήψεως
3410 2849 3511 2903 τοῦ
3540 2847 3760 2920 Χριστοῦ
3792 2848 3888 2917 μάρ-

2372 2967 2518 3021 τυρα
2540 2948 2639 3017 τῆς
2666 2946 3017 3009 ἀναστάσεως
3044 2944 3209 2999 αὑτοῦ
3232 2942 3563 3013 γενόμενον,
3581 2940 3747 3004 καθὼς
3759 2941 3889 3008 Λονιᾷ

2378 3043 2685 3113 ἱστόρηται.

2295 1822 2336 1874 Β

3048 3107 3299 3176 Ἀπορία.

2448 3204 2570 3269 Πῶς
2626 3202 2879 3272 Ἰωάννης
2916 3199 3098 3270 λέγει,
3135 3201 3217 3253 ὅτι
3244 3197 3404 3264 ὀψίας
3433 3196 3610 3266 οὔσης
3633 3198 3693 3266 τῇ
3725 3192 3890 3265 μιᾷτῶτ

2373 3297 2670 3351 Σαϐϐάτων
2697 3337 2711 3361 ,
2751 3296 2895 3357 ὅλοις
2942 3294 3138 3347 ἑαυτὸν
3176 3294 3289 3354 τοῖς
3344 3290 3641 3362 μαθηταῖς,
3683 3288 3801 3357 πλὴν
3830 3286 3892 3337 toi

2374 3387 2548 3457 Θωμᾶ
2583 3389 2613 3440 ὁ
2645 3386 2881 3458 Χριστὸς
2926 3384 3275 3453 ἐνεφάνισεν·
3311 3383 3532 3447 Λουκᾶς
3560 3381 3617 3433 δὲ
3656 3380 3728 3433 ὅτι
3758 3379 3893 3445 Πέτρῳ

2379 3479 2538 3549 μόνον
2562 3517 2577 3542 ,
2608 3479 2771 3548 ⁴ἡνίκα
2799 3480 2848 3530 οί
2877 3480 3005 3545 περὶ¹
3037 3475 3304 3529 Κλεῶπαν
3340 3476 3397 3527 ἐν
3424 3473 3640 3544 ἑσπέρα
3663 3472 3751 3540 τῆς
3774 3469 3892 3534 uini;

2375 3573 2591 3642 ἡμέρας
2643 3571 2724 3632 είς
2768 3568 3129 3640 Ἰερουσαλὴμ
3170 3566 3528 3636 ὑπέστρεψαν
3577 3566 3654 3627 εἰς
3690 3563 3774 3631 τὴν
3803 3559 3891 3627 Ἐμο

2380 3664 2503 3735 μαῶ
2531 3663 2623 3716 τὸν
2654 3662 2860 3733 Κύριον
2895 3661 3263 3729 θεασάμενοι;

3069 3751 3280 3816 Λύσις.

2452 3846 2675 3919 Πρῶτον
2701 3846 2802 3917 μὲν
2832 3853 2861 3882 ἰ
2907 3845 3007 3908 τάς
3036 3848 3305 3912 γυναῖκας
3333 3843 3413 3914 τῷ
3440 3844 3637 3913 Πέτρῳ
3662 3884 3676 3907 ,
3710 3840 3788 3894 καὶ
3810 3839 3889 3892 τότε

2377 3942 2490 4003 τοῖς
2518 3937 2845 4000 ἀποστόλοις
2879 3937 2907 3988 6
2937 3935 3173 4008 Χριστὸς
3196 3936 3391 4004 ἐφάνη,
3415 3933 3601 3995 καθὼς
3635 3931 3802 3999 ἐφάνη,
3822 3946 3888 3981 xa-

2379 4031 2485 4093 θὼς
2524 4030 2735 4093 Παῦλός
2762 4045 2926 4098 φησιν
2951 4045 2966 4061 ο
2995 4029 3118 4081 ’Ὁτι
3169 4022 3333 4097 ὤφθη
3362 4024 3539 4094 Κηφᾷ
3561 4067 3577 4091 ,
3604 4024 3784 4078 ἔπειτα
3809 4018 3891 4082 τοῖς

2377 4122 2606 4177 δώδεκα
2639 4137 2652 4151 ·
2685 4121 2746 4173 οὐ
2788 4121 2880 4173 τὸν
2908 4120 3110 4191 Θωμᾶν
3166 4117 3520 4188 σνναριθμῶν
3542 4160 3558 4184 ,
3587 4117 3647 4170 οὑ
3695 4114 3788 4183 γὰρ
3824 4128 3891 4162 τι·

698 4206 939 4263 Justum.
966 4204 1101 4258 Cum
1129 4202 1294 4273 igitur
1320 4202 1497 4255 adhuc
1521 4201 1572 4254 in
1606 4201 1691 4255 via
1714 4202 1780 4258 ab
1808 4200 2063 4257 Emmaus
2092 4212 2267 4258 essent

2383 4218 2502 4286 ρῆνν
2537 4214 2673 4269 ἀλλὰ
2723 4213 2972 4269 Ματθίαν
3019 4212 3114 4265 καὶ
3166 4211 3419 4265 Ἰοῦστον.
3456 4210 3584 4263 Ἔτι
3629 4207 3785 4261 τοίνυν
3820 4203 3890 4255 τῶν

699 4302 811 4356 duo
833 4299 930 4358 illi.
954 4313 1181 4367 quorum
1215 4312 1356 4351 unus
1377 4294 1667 4365 Cleophas,
1690 4295 1941 4352 Christus
1986 4296 2150 4351 Petro
2179 4313 2267 4369 ap-

2380 4307 2508 4378 περὶ
2560 4305 2829 4361 Κλεῶπαν
2875 4304 3018 4359 κατὰ
3065 4304 3163 4374 τὴν
3207 4303 3326 4357 ὁδὸν
3381 4302 3483 4372 τὴν
3538 4302 3647 4356 ἀπὸ
3680 4295 3890 4369 Ἐμμαοεέ

704 4396 880 4459 paret.
917 4384 985 4440 Ut
1010 4394 1189 4439 autem
1221 4386 1289 4438 ab
1327 4386 1581 4439 Emmaus
1616 4386 1819 4439 reversi
1852 4394 2001 4453 sunt,
2049 4397 2103 4441 et
2147 4404 2267 4457 apo-

2379 4401 2588 4463 ὄντων,
2645 4398 2723 4467 τῷ
2796 4396 2988 4467 Πέτρῳ
3050 4398 3079 4449 6
3130 4394 3365 4465 Χριστὸς
3429 4392 3804 4463 ἐμφανίζεται,
3843 4387 3889 4448 ὡς

701 4478 856 4533 stolis
878 4477 1291 4541 anmuntiarunt,
1319 4492 1428 4545 quo
1460 4487 1618 4547 pacto
1641 4478 1707 4531 ab
1742 4478 1845 4532 illis
1866 4451 2082 4549 agnitus
2112 4451 2267 4536 fuerit

2379 4451 2782 4560 δὲγέπάνῆλθον
2825 4451 2937 4543 dmi)
2960 4451 3286 4557 ⁸Ἐμμαούς,
3333 4451 3429 4538 καὶ
3461 4451 3587 4547 τοῖς

703 4568 760 4622 in
794 4568 1057 4621 fractione
1091 4569 1288 4637 panis;
1320 4577 1449 4622 tunc
1482 4567 1550 4621 ad
1585 4578 1812 4623 cunctos
1860 4570 1980 4624 illos
2023 4568 2267 4624 Christus

2380 4582 2767 4653 ἀπήγγειλαν,
2807 4581 2925 4645 πῶς
2976 4579 3225 4650 ἐγνώσθη
3277 4579 3461 4641 αὐτοῖς
3512 4581 3579 4649 τῇ
3635 4576 3793 4630 κλάσει
3829 4570 3889 4623 τοῦ

704 4658 761 4714 iu
804 4656 938 4711 Sion
989 4635 1209 4712 advenit
1248 4658 1315 4722 ⁷⁷,
1352 4657 1806 4726 quemadmodum
1863 4660 2026 4715 tradit
2080 4659 2267 4715 Lucas.

2379 4635 2584 4745 ἄρτοι)ἱ
2618 4635 2936 4729 τότειπᾶσιν
2960 4635 3142 4735 αύτοῖς
3172 4635 3229 4726 έν
3255 4675 3320 4742 τῇ
3350 4635 3487 4725 Σιων
3515 4635 3786 4741 όηΧριστδς
3824 4666 3888 4715 ετ·

704 4745 825 4801 Non
855 4744 1003 4799 enim
1037 4746 1291 4799 admirari
1341 4755 1576 4814 Oportet,
1607 4748 1749 4816 quod
1779 4749 1969 4803 eodem
2005 4751 2093 4805 die
2128 4768 2157 4805 a
2191 4752 2267 4805 .Ie-

2382 4728 2659 4839 εδήμησε,
2704 4766 2887 4829 καθὼς
2930 4766 3147 4828 Λουκᾶς
3197 4728 3591 4835 παραδίδωσιν.
3632 4728 3706 4814 ,οὖ
3722 4760 3807 4829 γὰρ
3838 4755 3890 4807 δεῖ

707 4836 944 4892 rusalem
978 4837 1032 4889 in
1060 4836 1338 4901 Emmaus,
1376 4847 1431 4891 et
1480 4839 1549 4892 ab
1582 4838 1839 4895 Emmaus
1875 4841 1927 4897 in
1979 4841 2267 4899 Jerusalem

2384 4836 2686 4931 θαυμάζειν
2710 4902 2725 4926 ,
2760 4861 2809 4912 εί
2839 4860 2897 4912 ἐν
2952 4860 3049 4929 μιᾷ
3097 4857 3284 4928 ἡμέρᾳ
3331 4856 3439 4912 ἀπὸ
3478 4855 3807 4927 Ἰερουσαλὴμ
3838 4850 3888 4906 εἰς

708 4930 939 5002 proiecti
973 4930 1192 4984 fuerint.
1218 4931 1405 5000 Neque
1434 4932 1580 4986 enim
1602 4933 1862 5003 scriptum
1891 4946 1976 4990 est
1997 4952 2278 5007 vesperam
2840 4912 2963 5001 an);
3003 4912 3270 5007 ’ἑμρἶαοιῦξ

710 5022 900 5083 fuisse,
919 5022 1137 5090 quando
1156 5023 1728 5093 apprOpinquaverunt
1746 5029 1970 5083 castello
2001 5030 2278 5096 Emmaus,

711 5114 808 5167 sed
833 5114 1222 5183 advesperasse
1256 5124 1311 5170 et
1338 5116 1649 5173 inclinatam
1670 5133 1790 5174 esse
1810 5120 1921 5189 jam
1947 5122 2119 5183 diem;
2145 5124 2282 5177 adeo

712 5211 773 5256 ut
800 5212 942 5257 esset
963 5203 1143 5257 forsan
1168 5214 1355 5260 octava
1375 5206 1456 5260 vel
1475 5221 1617 5260 nona
1635 5207 1769 5262 hora
1790 5248 1805 5271 ,
1825 5210 1950 5278 quia
1973 5226 2003 5264 a
2028 5212 2279 5280 septima,

2402 4950 2655 5021 Ἐμμαῶ,
2684 4951 2791 5002 ’καὶ
2840 4949 2948 5001 ἀπὸ
3003 4947 3285 5018 Ἐμμαοῦς
3315 4948 3394 5007 εἰς
3429 4943 3769 5017 Ἰερουσαλὴμ
3797 4954 3887 5004 παρ’

2391 5040 2659 5108 εγένοντο.
2685 5037 2821 5093 Οὔτε
2848 5040 2957 5111 γάρ
2980 5039 3289 5110 γέγραπται
3323 5040 3407 5091 ὃτι
3436 5038 3647 5107 ἑσπέρα
3672 5032 3732 5106 ἦν
3757 5035 3821 5085 ὅτε
3846 5031 3883 5095 ti

2403 5131 2632 5202 Ἐμμαῶ
2661 5133 2896 5202 ήγγισαν
2916 5169 2932 5194 ,
2959 5131 3095 5185 ἀλλὰ
3118 5132 3253 5200 πρὸς
3276 5132 3520 5202 ἑσπέραν
3538 5168 3555 5194 ,
3594 5130 3672 5183 ὅτι
3706 5124 3885 5179 κέκλικεν

853 5215 1143 5305 Lsct‘torsan
1168 5215 1355 5305 octava
1375 5215 1456 5260 vel
1475 5221 1617 5260 nona
1636 5215 1769 5262 hora
1790 5248 1805 5271 ,
1825 5215 1950 5278 quia
1973 5226 2003 5264 a
2028 5215 2279 5280 septima,
2392 5224 2427 5294 ἡ
2466 5223 2671 5293 ἡμέρα,
2712 5223 2787 5285 ὡς
2825 5218 2963 5276 εἶναι
3013 5223 3172 5294 τυχὸν
3205 5224 3400 5294 ὀγδόην
3424 5263 3440 5285 ,
3467 5222 3501 5293 ἢ
3558 5221 3740 5289 ἐνάτην
3771 5215 3885 5283 6:55"-

711 5295 868 5365 quasi
902 5295 969 5350 ad
994 5296 1353 5365 vespertinam
1396 5306 1604 5368 partem
1641 5300 1868 5357 inclinat
1913 5302 2015 5357 sol.
2051 5302 2267 5359 Praeter

2403 5315 2540 5370 Ἀπδ
2583 5317 2693 5387 γὰρ
2721 5315 2977 5387 ἑϐδόμης,
3002 5315 3081 5379 ὡς
3117 5315 3252 5386 πρὸς
3287 5315 3347 5369 τὸ
3375 5315 3628 5386 ἑσπέριον
3662 5307 3885 5375 κλίνει

709 5403 875 5458 quam
900 5388 1046 5459 quod
1074 5406 1298 5447 cursum
1320 5390 1395 5445 illi
1424 5392 1799 5457 adhibuerim,
1836 5410 1945 5464 pra:
1972 5396 2190 5467 gaudio,
2229 5414 2264 5452 u

2396 5425 2489 5481 ρος
2520 5410 2548 5462 6
2574 5409 2744 5480 ἥλιος.
2783 5408 2975 5472 Ἐκτὸς
3019 5408 3201 5462 τοίνυν
3234 5407 3328 5462 καὶ
3353 5408 3543 5478 δρόμῳ
3562 5406 3765 5465 τούτους
3798 5399 3886 5477 χρῇ·

783 5522 1044 5605 ’ξς-Μαρια.
1066 5540 1263 5605 -ξκνω,
1298 5526 1382 5581 10.
1528 5525 1659 5605 Luc:
1686 5544 1845 5605 _xxrv,
1879 5530 1969 5583 55.
2042 5531 2088 5562 ’⁸
2119 5531 2267 5589 Mattl

2366 5555 2533 5605 :xvm,
2573 5542 2654 5605 16;
2692 5541 2860 5596 Marc.
2891 5558 3002 5605 xvr,
3037 5541 3124 5602 15;
3145 5541 3337 5597 Matth.
3367 5556 3447 5605 tv,
3481 5541 3578 5605 16,
3609 5540 3687 5595 Π.
3750 5534 3886 5587 "Att

713 5608 755 5663 ι,
786 5593 990 5657 21,22.
1066 5580 1292 5651 "Joan.
1324 5580 1413 5663 xx,
1448 5598 1533 5652 19.
1610 5599 1652 5629 τε
1683 5580 1993 5663 ιαόῖιᾶεἱν,
2027 5580 2267 5661 δι.””τὶ’]

2366 5626 2427 5672 π.
2462 5582 2550 5677 xv’,
2585 5585 2654 5666 5.’
2712 5583 3313 5682 "Luc.x1’uv,36,39.
3432 5580 3505 5606 ’⁸
3561 5584 3578 5608 ’

1999 5713 2236 5772 νΑΒίᾸΞ
2271 5719 2676 5784 LECTIONES.

790 5804 814 5833 '
842 5802 1258 5875 ὑστερήσαντος.
1342 5808 1358 5843 ι
1393 5803 1456 5861 F.
1487 5806 1697 5872 τούτοις
1731 5809 2060 5883 ἐγχειρίσαι.
2139 5825 2163 5854 υ
2202 5814 2365 5885 μετά.
