4040 6454
288 434 422 501 1ἰ45

1651 420 2172 495 ΟΠΕΞΤΙΟΝΕΞ.

3398 430 3535 498 1446

286 546 480 603 σασθαι
528 543 633 598 ύπδ
680 539 1039 613 περιχαρείας
1067 540 1126 593 τὸ
1174 537 1360 610 θαῦμα
1391 534 1860 606 ἀπαγγέλλοντας,

1982 533 2290 589 iuntiarcnt
2324 534 2667 603 miraculum,
2694 547 2748 593 et
2792 540 3141 608 pervenerint
3184 542 3340 597 valde
3385 560 3535 605 sero.

285 642 376 695 καὶ
407 638 612 709 φθάσαι
644 636 837 708 μέχρις
868 634 1024 703 ὀψίας
1059 633 1315 704 βαθείαςο
1353 631 1512 701 ὀψίαν
1535 630 1647 700 γὰρ
1671 628 1733 681 τὸ
1766 626 1861 696 μέ-

284 750 372 803 χρι
408 730 603 784 πολλοῦ
644 728 745 798 τῆς
795 726 988 791 νυκτὸς
1034 722 1496 796 παρατεινόμενον
1540 722 1704 792 μέρος
1739 718 1860 782 ἔθος

286 826 415 894 ἡμῖν
450 822 638 876 καλεῖν
661 837 675 852 °
709 819 891 874 ὲκεῖσέ
923 836 983 872 τε
1014 818 1199 881 αὐτοῖς
1228 816 1345 886 ἅμα
1378 818 1491 878 τοῖς
1519 814 1727 876 λοιποῖς
1760 828 1863 881 φα·-

285 918 443 988 νῆναι
465 916 556 969 τὸν
587 914 814 987 Κύριον.
1302 918 1303 921 “

950 1002 1203 1071 Ἀπορία.

358 1100 469 1155 Ποῦ
496 1102 587 1152 τὸν
620 1097 774 1169 ἰχθὺν
819 1098 847 1151 6
891 1095 1126 1168 Χριστὸς
1160 1093 1390 1163 ἐφαγενς
1423 1092 1470 1145 εἰ
1507 1090 1603 1162 μὲν
1633 1088 1742 1159 γάρ
1772 1088 1865 1141 ἐπὶ

288 1192 388 1263 τῆς
431 1190 821 1263 Ἰερουσαλὴμ,
855 1188 974 1251 πῶς
1006 1187 1099 1241 ἐπὶ
1130 1190 1227 1259 τῆς
1257 1184 1545 1246 Γαλιλαίας
1578 1181 1864 1251 γεγονέναι

289 1287 317 1338 6
348 1283 601 1351 Ἰωάννης
636 1280 954 1352 ἰστόρησενς
988 1280 1051 1333 Εἰ
1085 1278 1141 1332 δὲ
1169 1279 1262 1331 ἐπὶ
1290 1277 1391 1347 τῆς
1410 1274 1719 1337 Γαλιλαίας,
1748 1272 1866 1335 πῶς

290 1378 318 1430 6
350 1375 566 1437 Λουκᾶς
609 1389 776 1443 φησιν
808 1368 1146 1425 ἐντείλασθαι
1185 1370 1298 1432 τοῖς
1344 1367 1616 1438 μαθηταῖς
1636 1364 1885 1433 ’Ὑμεῖςη

292 1468 577 1522 καθίσατε
608 1465 678 1518 ἐν
708 1463 783 1532 τῇ
815 1464 989 1516 πόλει
1030 1460 1466 1529 Ἰερουσαλήμ;
1492 1459 1614 1522 Πῶς
1646 1458 1701 1512 δὲ
1728 1458 1860 1511 έκεῖ-

295 1558 385 1612 θεν
415 1558 494 1622 εἰς
520 1556 791 1626 Βηθανίαν
806 1554 1000 1617 αὐτοὺς
1029 1552 1334 1622 ἐξαγαγὼν,
1352 1551 1656 1621 ἀνελήφθη;

654 1712 657 1713 ν
977 1643 1183 1707 Λύσις.

369 1737 632 1800 Πολλάκις
662 1734 738 1802 ὡς
764 1735 823 1788 ὲν
854 1733 1091 1807 ἡμέραις
1111 1734 1520 1805 τεσσαράκοντα
1549 1736 1660 1795 τοῖς
1689 1732 1862 1802 μαθη-⁸

1965 625 2160 680 Serum
2214 628 2361 682 enim
2413 631 2689 699 appellare
2743 633 2984 688 solemus
3017 635 3162 705 quod
3212 638 3278 691 ad
3313 642 3539 695 multant

1963 728 2177 773 noctem
2211 721 2554 790 protenditur
2590 731 2827 793 tempus.
2857 725 3036 796 Atque
3072 726 3184 783 illic
3222 728 3354 800 ipsis
3386 731 3540 801 juxta

1963 828 2027 869 ac
2064 814 2292 884 reliquis
2323 817 2575 887 apparuit
2604 817 2893 875 Dominus.

2512 995 2804 1068 Difﬁcultas
2840 1015 2992 1054 Lvm.

2035 1084 2265 1141 Ubinam
2313 1086 2563 1143 Christus
2592 1091 2794 1160 piscem
2815 1090 3056 1147 comedit
3089 1092 3133 1125 ⁷⁸
3158 1092 3182 1147 ?
3215 1092 3349 1150 Nam
3380 1094 3423 1149 si
3451 1095 3544 1151 Je-

1968 1178 2286 1248 rosolymis,
2346 1183 2617 1250 quomodo
2659 1181 2898 1240 Joannes
2952 1186 3009 1239 in
3068 1185 3285 1241 Galilaea
3340 1187 3543 1243 factum

1969 1271 2251 1324 narravit?
2288 1270 2341 1326 Si
2375 1273 2427 1327 in
2462 1273 2702 1341 Galilaea,
2732 1277 3008 1346 quomodo
3049 1277 3220 1333 Lucas
3248 1280 3341 1343 ait,
3400 1296 3544 1350 prae-

1970 1363 2180 1434 cepisse
2201 1364 2510 1432 discipulis:
2529 1366 2628 1421 Vos
2649 1370 2819 1422 sedete
2847 1370 2903 1422 in
2928 1370 3137 1423 civitate
3156 1370 3547 1425 Jerusalem"?

1969 1453 2088 1521 Quo
2116 1464 2276 1525 pacto
2318 1457 2483 1511 etiam
2533 1459 2684 1515 illinc
2711 1460 2767 1512 in
2808 1460 3128 1515 Bethaniam
3161 1476 3257 1516 eos
3282 1463 3544 1527 educens,

1970 1555 2285 1617 assumptus
2319 1549 2443 1602 est?

2548 1674 2551 1677 λ
2642 1639 2868 1695 Salutio.

2043 1729 2491 1800 Quandoquidem
2546 1746 2709 1800 saepe,
2744 1742 2804 1785 ut
2855 1748 2953 1801 per
3000 1734 3119 1789 dies
3166 1735 3545 1805 quadraginta.

296 1836 414 1896 ταῖς
444 1831 934 1900 συνδειπνήσαντος
970 1827 1062 1882 τοῦ
1096 1829 1304 1897 Κυρίου
1324 1865 1339 1890 ,
1372 1826 1429 1879 ἓν
1464 1826 1562 1896 μὲν
1594 1826 1806 1879 δεῖπνον
1843 1827 1870 1879 6

1982 1823 2216 1876 coenavit
2273 1822 2533 1877 Dominus
2583 1839 2709 1877 cum
2761 1824 3065 1895 discipulis,
3113 1842 3279 1881 unam
3327 1830 3547 1896 quidem

312 1884 564 1995 ζίωάννης
588 1926 650 1977 ’έν
679 1884 746 1993 si)
774 1884 1037 1993 Γαλιλαίᾳ
1069 1884 1377 1993 ἱστόρησεν,
1409 1884 1499 1973 δύιο
1541 1918 1598 1973 δὲ
1637 1920 1873 1983 Λουκᾶς,

1982 1934 2190 1973 caenam
2226 1919 2277 1971 in
2309 1917 2525 1972 Galilzra
2558 1928 2872 1988 apparatum
2901 1921 3083 1974 retulit
3115 1921 3388 1984 Joannes;
3416 1923 3550 1977 duas

299 2016 516 2088 πρῶτον
543 2016 633 2069 τὸν
662 2015 759 2083 τῆς
804 2013 1107 2084 Ἐμμαοῦς,
1142 2013 1239 2066 καὶ
1276 2013 1462 2082 ἓτερον
1496 2013 1553 2065 τὸ
1580 2013 1680 2083 τῆς
1702 2013 1837 2065 Σιών
1859 2027 1874 2041 ⁸

1982 2025 2113 2065 vero
2130 2009 2305 2064 Lucas
2327 2010 2392 2073 ⁸⁰;
2416 2010 2642 2079 primam
2666 2011 2720 2064 in
2748 2011 3026 2077 Emmaus,
3049 2012 3273 2067 alteram
3305 2014 3370 2068 ad
3396 2013 3549 2079 Sion,

300 2110 357 2164 ὲν
381 2100 424 2179 ᾧ
448 2107 541 2160 καὶ
572 2105 663 2162 τοῦ
703 2104 870 2161 ὀπτοῦ
919 2103 1102 2175 ἰχθύος
1149 2105 1589 2175 ἐμνημόνευσενο
1632 2103 1748 2160 ἀλλ’
1777 2104 1878 2157 οὐκ

1982 2102 2035 2156 in
2067 2117 2172 2170 qua
2202 2109 2259 2156 et
2287 2100 2396 2157 assi
2433 2101 2597 2171 piscis
2629 2103 2962 2157 mentionem
2998 2103 3163 2170 fecit,
3206 2120 3316 2160 non
3368 2114 3551 2160 autem

305 2200 500 2270 ἰχθύων
530 2197 656 2255 οὔτε
686 2198 1009 2269 ἀνθρακιᾶς,
1036 2195 1159 2253 οὔτε
1187 2197 1374 2269 ἄρτου,
1406 2197 1658 2268 καθάπερ
1706 2197 1763 2251 ὲν
1802 2196 1879 2268 τῷ

1982 2191 2235 2261 piscium,
2266 2205 2444 2260 neque
2461 2207 2669 2261 prunae,
2689 2208 2865 2262 neque
2894 2193 3071 2262 panis,
3097 2197 3550 2265 quemadmodum

301 2292 400 2362 τῆς
429 2291 716 2355 Γαλιλαίας
744 2291 850 2344 ὑπὸ
888 2292 1136 2345 Ἰωάννου
1167 2290 1536 2362 ἀναγραφέντι
1586 2290 1805 2361 δείπνῳ.

968 2464 1224 2533 Ἄποριά.

377 2554 516 2608 Πότε
549 2553 610 2608 τὸ
642 2554 924 2626 ἱστορηθὲν
954 2556 1168 2610 δεῖπνον
1209 2556 1288 2629 τῷ
1336 2557 1522 2630 Λουκᾷ
1552 2558 1875 2628 γεγένηται;

306 2647 369 2700 Εἰ
413 2647 508 2716 μὲν
535 2646 645 2717 γὰρ
681 2646 788 2718 πρὸ
822 2645 1017 2698 πολλοῦ
1045 2646 1142 2716 τῆς
1179 2648 1618 2718 τεσσαρακοστῆς
1646 2648 1878 2717 ἡμέρας,

304 2738 509 2809 δηλαδὴ
554 2741 651 2809 τῆς
693 2735 1044 2808 ἀναλήψεως,
1096 2736 1213 2801 πῶς
1260 2738 1460 2811 εὐθέως
1505 2738 1882 2809 ἀναληφθῆναι

306 2830 471 2883 αὐτὸν
500 2828 755 2899 ἔγραψεν,
786 2825 1025 2897 εἰρηκὼς
1048 2827 1128 2879 ὃτι
1167 2826 1486 2897 Ἐξήγαγεν
1518 2828 1739 2893 αὐτοὺς
1768 2830 1882 2893 ἔξω

307 2921 419 2987 ἕως
459 2922 548 2990 εἰς
578 2920 900 2987 Βηθανίαν,
929 2920 1025 2971 καὶ
1062 2919 1131 2971 τὰ
1164 2921 1309 2989 ἑξῆς.
1358 2921 1622 2985 Καὶ,”οτι
1667 2922 1881 2989 ἀνεφέ.

300 3028 444 3083 pero
492 3015 578 3076 εἰς
628 3011 771 3077 τοὺς
813 3012 1142 3082 οὐρανούς;
1177 3012 1238 3066 Εἰ
1266 3011 1321 3065 δὲ
1353 3014 1418 3082 τῇ
1448 3017 1881 3084 τεσσαρακοστῇ,

312 3104 426 3168 πῶς
475 3106 594 3158 τότε
646 3105 750 3158 ὑπὸ
788 3105 896 3159 τῶν
929 3105 1187 3175 μαθητῶν
1216 3105 1564 3175 ἐψηλαφᾶτο,
1593 3107 1659 3175 τῇ
1693 3104 1884 3178 πρώτῃ

1981 2282 2036 2337 in
2062 2297 2220 2338 cinna
2259 2280 2495 2338 Galilaeae
2524 2298 2555 2337 a
2583 2282 2792 2339 Joanne
2815 2284 3087 2356 descripta
3110 2287 3178 2342 δι.

2547 2465 2839 2535 Diﬁicultas
2882 2482 2990 2521 ιιι.

2051 2557 2281 2625 Quando
2307 2566 2526 2613 narrata
2559 2573 2657 2627 per
2685 2558 2886 2613 Lucam
2915 2573 3072 2614 coena
3119 2559 3381 2631 contigit?
3418 2559 3553 2614 Nam

1983 2650 2025 2706 si
2083 2653 2255 2707 multo
2306 2660 2432 2707 ante
2486 2650 2957 2720 quadragesimum
3011 2651 3177 2713 diem,
3217 2652 3557 2707 ascensionis

1982 2742 2276 2809 Videlicet;
2337 2757 2573 2812 quonam
2627 2742 2786 2796 modo
2821 2742 3003 2795 statim
3043 2752 3380 2812 assumptum
3426 2758 3552 2797 eum

1984 2833 2155 2889 fuisse
2204 2834 2433 2899 scribit,
2467 2834 2689 2889 dicens:
2736 2831 2935 2886 Eduxit
2975 2849 3059 2886 eos
3097 2833 3242 2901 foras
3289 2850 3448 2902 usque
3483 2834 3555 2887 ad

1982 2925 2294 2980 Bethaniam
2325 2927 2391 2991 ⁸⁸,
2424 2935 2479 2980 et
2514 2923 2817 2994 sequentia.
2848 2923 2912 2978 Et
2938 2942 2951 2978 :
2976 2924 3262 2978 Ferebatur
3288 2927 3345 2979 r'n
3370 2927 3557 2982 caelos?

1987 3020 2082 3074 Sin
2112 3034 2240 3074 vero
2269 3018 2356 3073 die
2385 3017 2819 3087 quadragesimo,
2844 3031 2953 3086 quo
2990 3025 3151 3085 pacto
3186 3028 3314 3072 tunc
3339 3033 3368 3071 a
3395 3018 3558 3073 disci-

1988 3110 2130 3181 pulis
2160 3111 2497 3181 palpabatur,
2521 3109 2612 3179 qui
2642 3107 2818 3177 primo
2844 3119 2897 3161 et
2925 3120 3121 3162 octavo
3138 3108 3557 3164 resurrectionis

310 3196 493 3268 ἡμέρᾳ
521 3196 614 3251 καὶ
630 3199 695 3268 τῇ
713 3196 875 3270 ὀγδόη
894 3200 993 3267 τῆς
1009 3199 1358 3263 ἀναστάσεως
1381 3198 1482 3270 ήδη
1501 3198 1842 3270 ψηλαφηθείς
1862 3216 1877 3266 ;

1985 3205 2071 3260 die
2096 3204 2208 3274 jam
2240 3211 2611 3258 contrectatus
2634 3202 2812 3279 fuerat
2834 3200 2917 3254 "lt

990 3292 1198 3357 Λύσις.

384 3381 507 3437 Ὀτι
536 3385 602 3454 τῇ
640 3383 827 3454 πρώτῃ
875 3385 1057 3456 ἡμέρᾳ
1101 3387 1201 3454 τῆς
1250 3384 1618 3451 ἀναστάσεως,
1650 3386 1711 3438 τὸ
1747 3386 1883 3457 πρὸς

311 3472 508 3535 αὐτοὺς
556 3474 835 3544 ἱστορηθὲν
879 3476 972 3528 τοῦ
1027 3477 1212 3547 Λουκᾷ
1253 3475 1348 3529 τοῦ
1395 3477 1576 3546 ἰχθύος
1613 3477 1826 3531 δεῖπνον
1854 3478 1883 3530 6

314 3562 520 3633 Κύριος
555 3563 779 3632 ἔφαγεν,
821 3568 885 3620 ἐκ
913 3564 1022 3619 τῶν
1055 3569 1562 3639 προγεγραμμένων
1594 3568 1749 3638 δῆλον
1776 3569 1880 3622 ὃτι.

318 3652 376 3703 Εἰ
401 3652 456 3704 δὲ
479 3654 506 3705 6
528 3654 743 3718 Λουκᾶς
770 3672 934 3723 φησιν
955 3673 968 3686 ·
1004 3656 1332 3728 Ἐξήγαγεν
1354 3659 1576 3731 αὐτοὺς
1603 3659 1712 3726 ἕως
1736 3659 1885 3728 πρὸς

314 3745 637 3809 Βηθανίαν,
673 3745 769 3799 καὶ
806 3746 1284 3818 ὂτι,Ἀνελήςρθη·
1319 3750 1379 3804 ού
1424 3751 1641 3815 πάντως
1669 3753 1733 3805 ἐκ
1764 3751 1885 3804 τού-

315 3840 423 3887 τῶν
466 3834 681 3889 δίδωσιν
726 3838 859 3908 ἡμῖν
904 3838 1149 3903 εύθέωςν
1184 3841 1344 3894 αὑτὸν
1374 3841 1882 3910 ἀνειλῆφθαι.Ἐθος

314 3927 424 3998 γὰρ
479 3931 593 3992 τοῖς
646 3930 1029 4002 συγγραφεῦσι
1080 3933 1373 4003 συντομίας
1418 3933 1835 4005 ἐπιμελομένοις
1866 3974 1881 3999 ,

317 4020 558 4091 ἱστορίαν
598 4022 860 4094 ἱστορίαις
902 4023 1215 4078 συνάπτειν.
1258 4025 1397 4078 Καθ’
1429 4025 1465 4080 ἃ
1498 4027 1591 4080 καὶ
1618 4027 1885 4098 Ματθαίῳ

314 4113 766 4183 ἀναγέγραπται,
822 4115 989 4185 μήπω
1035 4117 1221 4187 σχεδὸν
1266 4118 1634 4191 περαιώσαντι
1680 4120 1778 4191 τὴν
1827 4120 1887 4185 ἐξ

314 4204 592 4273 Αἰγύπτου
627 4206 974 4280 ὑποστροφὴν
1007 4210 1101 4261 τοῦ
1130 4211 1360 4280 Κυρίου,
1385 4213 1480 4264 καὶ
1510 4212 1608 4281 τὴν
1634 4213 1692 4264 ὲν
1727 4213 1885 4266 Γαλι-

314 4294 443 4365 λαίᾳ
496 4294 747 4365 οἴκησιν,
793 4297 888 4349 καὶ
932 4298 1031 4368 τὴν
1074 4298 1317 4355 Ἰωάννου
1364 4303 1444 4364 εἰς
1488 4301 1578 4354 τὸν
1616 4302 1887 4372 Ἰορδάνην

315 4386 550 4455 ἢευσιν,
580 4387 676 4441 καί
700 4387 762 4440 τὸ
795 4387 985 4442 τούτου
1013 4393 1277 4461 κήρυγμα
1313 4393 1450 4463 μετὰ
1474 4393 1771 4464 τριάκοντα
1791 4394 1884 4465 ἔτη

317 4476 503 4547 σχεδὸν
527 4478 769 4545 γεγονός.
804 4479 914 4532 Καὶ
940 4481 1076 4534 ἄλλα
1102 4482 1158 4538 δὲ
1192 4483 1362 4535 πολλά
1393 4483 1618 4539 τοιαῦτα
1639 4489 1751 4548 τοῖς
1773 4485 1889 4556 βου-

2653 3294 2884 3350 Salutio.

2055 3387 2210 3455 Quod
2243 3388 2417 3458 primo
2448 3388 2867 3443 resurrectionis
2901 3386 3007 3451 die,
3044 3390 3100 3440 in
3136 3401 3290 3440 cmna
3344 3385 3436 3440 illa
3470 3385 3556 3455 pi-

1985 3481 2092 3535 scis
2120 3495 2219 3550 per
2260 3477 2458 3534 Lucam
2493 3486 2765 3540 enarrata,
2790 3493 2912 3532 cum
2944 3478 3075 3546 ipsis
3103 3476 3398 3533 comederit
3447 3477 3555 3533 Do-

1983 3572 2191 3634 minus,
2228 3585 2293 3624 ex
2347 3570 2599 3639 superius
2633 3569 2851 3637 scriptis
2876 3578 3042 3637 patet.
3075 3567 3129 3622 Si
3162 3577 3342 3622 autem
3381 3566 3556 3623 Lucas

1984 3661 2096 3716 ait:
2132 3660 2333 3714 Eduxit
2361 3676 2445 3713 eos
2477 3676 2637 3729 usque
2663 3660 2733 3711 ad
2763 3658 3095 3717 Bethaniam,
3157 3668 3211 3712 et
3243 3660 3555 3727 Assumptus

1985 3760 2058 3804 est
2088 3750 2176 3815 ⁸⁵;
2211 3764 2320 3804 non
2359 3749 2519 3819 plane
2556 3764 2654 3818 per
2686 3763 2745 3801 ca
2802 3748 2966 3802 tradit
3001 3748 3177 3812 nobis,
3213 3748 3394 3801 statim
3429 3763 3553 3802 eum

1985 3841 2155 3897 fuisse
2210 3850 2571 3910 assumptum.
2622 3839 2735 3893 Mos
2772 3839 2916 3893 enim
2965 3849 3046 3893 est
3084 3837 3441 3908 scriptoribus
3490 3838 3559 3894 de

1986 3931 2253 3986 brevitate
2300 3931 2566 3992 sollicitis,
2601 3928 2879 3984 historiam
2912 3928 3153 3982 historiis
3205 3937 3554 3982 connectere.

1987 4022 2452 4089 Quemadmodum
2480 4022 2766 4076 Mattbzeus
2788 4020 2854 4082 ⁸⁸,
2888 4019 3128 4073 nondum
3165 4018 3277 4073 fere
3303 4018 3562 4087 imposito

1988 4114 2095 4170 (ine
2124 4113 2425 4168 narrationi
2463 4113 2533 4167 de
2580 4112 2894 4167 reversione
2936 4109 3152 4164 Domini
3182 4124 3249 4163 ex
3299 4108 3560 4180 Egypto,

1988 4214 2043 4260 et
2095 4205 2431 4261 habitatione
2482 4204 2535 4258 in
2590 4203 2842 4267 Galilaea,
2882 4202 3176 4272 descripsit
3221 4200 3450 4257 Joannis
3503 4202 3559 4256 in

1986 4298 2275 4353 Jordanem
2306 4296 2617 4359 adventum,
2642 4295 2923 4365 ipsiusque
2955 4294 3419 4364 praedicationem.
3439 4310 3562 4364 quae

1989 4399 2110 4459 post
2150 4388 2368 4458 triginta
2412 4396 2621 4441 tantum
2656 4402 2761 4440 non
2790 4400 2962 4439 annos
3016 4392 3271 4455 suscepta
3308 4394 3412 4438 est.
3454 4384 3561 4440 Sed

1990 4489 2046 4535 et
2083 4480 2252 4537 multa
2286 4478 2505 4541 similia,
2535 4477 2626 4546 qui
2674 4477 2860 4534 volent
2896 4476 3233 4547 collegerint,
3288 4477 3352 4530 ad
3400 4476 3559 4531 ﬁdem

314 4567 561 4637 λομένοις
593 4569 769 4639 ἔξεστι
798 4578 1122 4641 συναγαγεῖν
1143 4574 1276 4646 πρὸς
1308 4576 1572 4630 πίστωσιν
1598 4579 1696 4648 τῆς
1724 4549 1879 4648 εύαγ-

1993 4571 2293 4627 facicndam
2345 4569 2672 4641 evangelica;
2722 4568 3047 4624 concordiae.
3096 4567 3169 4623 Ut
3220 4568 3560 4633 omittamus,

314 4656 541 4725 γελικῆς
577 4658 930 4729 συμφωνίαςο
973 4660 1059 4713 ἵνα
1090 4661 1517 4731 παρσλείψωμεν
1537 4702 1552 4725 ,
1576 4663 1659 4716 ὅτι
1686 4666 1743 4717 έν
1772 4666 1892 4727 ταῖς

315 4747 702 4813 άποστολικαῖς
732 4749 963 4821 πράξεσι
992 4750 1061 4804 τά
1095 4753 1222 4823 περὶ
1255 4753 1355 4823 τῆς
1386 4753 1728 4825 ’Λναλήψεως
1756 4756 1891 4809 ἀνα-

1988 4664 2208 4735 quodin
2242 4663 2467 4717 Actibus
2488 4661 2881 4732 apostolorum,
2913 4662 3562 4740 repetensnarrationem

1987 4758 2057 4812 de
2081 4755 2347 4820 Ascensu,
2369 4753 2783 4825 quadragesimo
2810 4753 2898 4808 die
2927 4751 3220 4823 contigisse
3251 4766 3376 4808 eum
3414 4762 3565 4810 retu-

316 4838 803 4911 κεφαλαιούμενος,
832 4842 891 4895 ὲν
933 4845 1000 4913 τῇ
1043 4847 1449 4917 τεσσαρακοστῇ
1477 4846 1660 4918 ἡμέρᾳ
1686 4846 1890 4918 ταύτην
1987 4850 2051 4905 lit
2074 4849 2141 4905 ⁸⁸.

315 4930 600 4999 γεγονέναι
633 4931 940 5003 ἱστόρησεν.

982 5026 1234 5097 Ἃπορία.

388 5114 517 5179 Πῶς
552 5116 767 5182 Λουκᾶς
812 5119 873 5171 ὲν
917 5122 1032 5183 τοῖς
1058 5119 1421 5189 Εὐαγγελίοις
1458 5121 1773 5194 ἱστορήσας.
1810 5127 1889 5188 εἰς

316 5205 591 5271 Βηθανίαν
638 5206 731 5262 τὸν
780 5208 1017 5278 Χριστὸν
1068 5210 1196 5273 τοὺς
1260 5209 1502 5283 μαθητάς.
1558 5213 1883 5283 ἐξαγαγεῖνο

316 5297 529 5352 ἐκεῖθέν
579 5314 642 5352 τε
701 5301 1113 5374 ἀναληφθῆναι·
1146 5304 1204 5358 ὲν
1260 5307 1382 5370 ταῖς
1436 5306 1678 5378 Πράξεσί
1728 5325 1886 5379 φησι,

389 5493 611 5565 1'Joan.
639 5511 751 5559 xxi,
789 5497 840 5558 l.
867 5503 974 5552 etc.
1050 5498 1094 5530 "
1115 5495 1250 5553 Luc.
1280 5515 1428 5565 xxxv,
1460 5500 1551 5562 49,
1588 5500 1677 5557 50.
1754 5503 1799 5536 ³⁸
1822 5503 1955 5560 ibid.
1977 5503 2068 5561 42.

2562 5023 2854 5095 Βὶηῑοιιιιαε
2896 5040 2984 5079 1.x.

2063 5119 2347 5189 Quomodo
2374 5117 2549 5172 Lucas
2575 5117 2667 5186 qui
2713 5116 2769 5169 in
2796 5114 3088 5186 Evangelia
3110 5113 3373 5180 narravit,
3400 5112 3567 5172 Chri-

1990 5224 2138 5269 stum
2171 5212 2224 5265 in
2264 5208 2583 5264 Bethaniarn
2614 5205 2869 5260 eduxisse
2890 5204 3189 5275 discipulos
3215 5205 3282 5272 ",
3309 5204 3565 5276 illincque

1992 5306 2164 5361 fuisse
2194 5309 2557 5371 assumptum,
2589 5298 2644 5351 in
2670 5297 2820 5353 Actis
2846 5297 2941 5364 ait,
2977 5312 3008 5351 a
3034 5305 3242 5360 monte,
3272 5297 3366 5368 qui
3395 5312 3564 5353 voca-

2144 5503 2187 5535 ⁸¹
2220 5498 2384 5556 Joan.
2418 5514 2527 5555 χχι.
2563 5494 2648 5559 10,
2678 5494 2732 5549 9.
2808 5495 2853 5526 ⁸¹
2883 5493 3015 5550 Luc.
3042 5510 3185 5561 xxiv,
3223 5493 3312 5560 50,
3342 5495 3432 5563 5|,
3473 5496 3567 5554 39.

316 5562 366 5596 ⁸³
391 5564 551 5620 Joan.
583 5582 671 5633 xx,
702 5568 796 5634 20,
826 5567 919 5623 27.
991 5567 1039 5600 ⁸⁸
1063 5567 1187 5624 Act.
1221 5582 1261 5637 ι,
1289 5570 1346 5627 2.
1414 5562 1466 5602 ’⁸⁵
1496 5571 1689 5627 Matth.
1724 5589 1738 5627 t
1769 5584 1825 5628 et
1856 5591 1871 5628 ι

1994 5572 2041 5605 ⁸⁸
2069 5574 2190 5627 Act.
2217 5588 2256 5638 ι,
2283 5571 2339 5626 ὅ.
2415 5568 2458 5600 ⁸⁷
2502 5567 2635 5622 Luc.
2669 5582 2815 5633 xxiv,
2844 5565 2945 5633 50,
2982 5565 3071 5621 51.

1583 5749 1821 5808 VARle
1859 5751 2266 5811 LECTIONES.

394 5847 417 5878 ν
445 5838 514 5896 ι’.
550 5840 647 5895 ξω.
683 5840 837 5894 νοεῖν.
