4040 6406
566 390 697 455 1447

1752 395 2120 458 HESYCHII
2160 392 2636 459 PRESBYTERI

3694 409 3818 478 1448

560 490 649 563 tur
677 506 871 562 Oliveti
914 523 1164 565 reversos
1179 524 1301 567 esse
1331 511 1629 583 discipulos
1656 510 1726 581 ",
1753 513 1907 584 quasi
1940 515 2128 569 istbim

2244 511 2356 564 ἀπὸ
2409 513 2504 566 τοῦ
2556 514 2721 587 ὅρους
2748 514 2843 569 τοῦ
2879 517 3217 589 καλουμένου
3254 518 3456 575 ἐλαιῶν
3492 521 3820 595 ὑποστρέψαι

557 597 776 667 Christo
806 605 1127 674 assumpto?
1155 604 1224 659 Et
1263 605 1538 674 quomodo
1591 607 1646 660 in
1685 607 1979 677 Evangelia
2007 623 2137 661 nar-

558 708 713 756 rans,
751 704 869 763 post
892 697 1269 752 ascensionem
1296 696 1595 768 discipulos
1620 697 1677 752 in
1704 699 1907 770 templo
1938 699 2137 753 immo-

557 793 707 840 ratos
734 784 924 853 fuisse,
959 788 1244 843 laudantes
1280 798 1337 844 et
1370 790 1757 846 benedicentes
1786 790 1953 845 Deum
1973 789 2043 854 ⁸⁹,
2080 791 2135 845 in

557 878 876 947 apostolicis
928 881 1177 942 Actibus,
1223 896 1318 935 eos
1351 882 1406 935 in
1445 884 1787 938 coenaeulum
1821 884 2137 940 ascendisse

558 980 615 1025 et
643 970 753 1027 illic
776 972 1043 1027 mansisse
1066 973 1294 1043 exponit
1316 974 1408 1028 "1'

1231 1150 1459 1209 Salutio.

627 1239 790 1294 Aliud
828 1250 913 1295 est
945 1239 1013 1295 In
1047 1241 1383 1305 Bel/lanium.
1419 1254 1473 1301 et
1500 1247 1645 1303 aliud
1680 1248 1759 1303 Ad
1793 1249 2132 1305 Bethaniam.

556 1330 772 1386 Etenim
808 1334 878 1387 ad
922 1334 1259 1403 Bethaniam,
1307 1339 1398 1394 dat
1440 1341 1600 1396 nobis
1635 1343 1942 1414 intelligere
1992 1344 2135 1399 viam

556 1439 680 1491 qua:
734 1425 863 1481 illuc
912 1427 1082 1491 ducit,
1137 1430 1226 1483 cui
1278 1448 1437 1487 mons
1468 1433 1743 1489 Olivarum
1787 1437 2043 1506 adjacet:
2080 1437 2134 1492 id

555 1518 699 1584 quod
728 1516 903 1572 Lucas
932 1522 1206 1589 exposuit,
1226 1523 1433 1586 dicens,
1453 1526 1525 1578 ad
1551 1526 1890 1587 Bel/mnium.
1919 1539 1977 1584 et
2011 1530 2137 1585 ﬁni-

558 1607 747 1661 timam
783 1608 883 1681 ipsi
914 1613 1117 1668 montis
1162 1627 1369 1684 partem
1403 1615 1488 1671 his
1526 1618 1749 1674 vocibus
1795 1621 2132 1691 signiﬁcans,

556 1701 651 1755 ubi
691 1702 977 1759 Dominum
1018 1717 1360 1778 assumptum
1408 1709 1577 1765 fuisse
1625 1713 1914 1768 narravit?
1956 1716 2133 1771 locum

558 1795 968 1865 quodammodo
998 1798 1170 1854 instar
1202 1802 1566 1873 chorographi
1604 1806 1939 1863 describens.
1966 1806 2134 1863 Porro

557 1889 798 1943 secunda
831 1892 1060 1959 quaestio
1117 1892 1261 1949 hanc
1293 1894 1458 1949 habet
1504 1897 1858 1953 solutionem.
1892 1898 2023 1954 Post
2046 1916 2133 1954 as-

556 1984 928 2052 sumptionem
970 1984 1181 2040 Domini
1211 1990 1432 2059 regressi
1458 1999 1579 2043 sunt
1599 1992 1823 2060 apostoli
1846 1993 1899 2046 in
1917 1991 2137 2048 Jerusa-

557 2072 763 2139 lem,ut
786 2076 840 2129 in
875 2075 1167 2147 Evangelio
1201 2080 1550 2145 continetur,
1582 2091 1629 2135 et
1663 2095 1812 2137 erant
1849 2101 2051 2153 semper
2078 2086 2136 2138 in

559 2168 752 2236 templo
777 2185 795 2231 ;
824 2184 922 2238 per
956 2172 1321 2239 praestitutum
1360 2188 1556 2243 nempe
1589 2183 1806 2245 tempus
1845 2178 2132 2243 orationis,

558 2273 669 2327 quo
710 2258 909 2313 licebat
940 2259 995 2313 in
1026 2261 1229 2331 templo
1266 2265 1595 2318 commorari
1625 2306 1639 2329 ,
1675 2267 1910 2337 reliquas
1950 2279 2132 2324 autem

559 2348 726 2401 horas
772 2348 916 2402 domi
952 2352 1378 2415 consumebant,
1406 2354 1509 2408 hoc
1536 2365 1639 2419 est,
1664 2357 1716 2410 in
1752 2360 2036 2415 cmnaculo
2077 2362 2133 2417 in

555 2438 705 2494 Actis
742 2441 1111 2509 apostolorum
1144 2443 1459 2513 declarato;
1484 2447 1673 2517 utique
1703 2448 1754 2501 in
1782 2449 1900 2519 ipso
1918 2452 2135 2507 indesi-

556 2540 753 2586 nenter
781 2532 1126 2590 celebrantes
1146 2545 1206 2591 et
1235 2537 1622 2595 benedicentes
1657 2541 1970 2599 Dominum.
1995 2544 2134 2611 Quia

553 2621 733 2690 ipsum
757 2622 912 2678 decet
933 2624 1124 2695 gloria,
1152 2642 1261 2682 una
1277 2643 1403 2684 cum
1432 2629 1590 2686 Patre
1612 2642 1871 2690 etsancto
1899 2634 2130 2707 Spiritu,

552 2711 610 2766 in
640 2714 861 2770 saecula.
896 2717 1096 2772 Amen.

729 2889 786 2945 S.
816 2891 1078 2964 Hesychii,
1103 2895 1387 2965 presbyteri
1437 2898 1942 2970 Hierosolymorum.

622 2981 804 3048 Quare
841 2984 1082 3040 Joannes
1124 2987 1343 3056 quidem
1388 2989 1680 3045 Dominum
1721 2993 1898 3063 ipsum
1946 3003 2133 3050 narrat

548 3086 801 3149 portasse
841 3092 1063 3133 crucem
1092 3095 1107 3145 ;
1137 3082 1319 3135 caeteri
1360 3098 1494 3137 vero
1547 3086 1918 3156 evangelista.
1950 3087 2131 3143 Simo-

548 3183 678 3224 nem
713 3168 1031 3238 Cyrenamm
1060 3170 1113 3225 id
1137 3173 1313 3243 egisse
1339 3176 1893 3246 conscripserunt“?

615 3343 750 3409 Quia
784 3352 1080 3416 utrumque
1106 3345 1309 3403 factum
1341 3358 1449 3405 est.
1475 3348 1649 3405 Simul
1679 3353 1825 3407 enim
1856 3369 1921 3409 ac
1951 3356 2128 3413 abdu-

549 3445 672 3491 ctus
702 3436 805 3491 fuit
828 3438 1089 3495 Dominus
1119 3449 1179 3495 ut
1210 3442 1648 3512 cruciﬁgeretur,
1679 3461 1846 3517 super
1867 3448 2128 3507 humeros

546 3526 797 3595 bajulans
818 3526 933 3597 ipse
955 3544 1172 3584 crucem
1190 3532 1341 3597 exiit,
1367 3534 1631 3589 militibus
1645 3552 1756 3590 non
1778 3537 2127 3609 dignantibus

549 3616 694 3671 illam
724 3628 955 3687 gestare,
980 3635 1081 3675 nec
1097 3631 1309 3678 astante
1339 3626 1510 3681 altero
1525 3627 1617 3696 qui
1643 3639 1859 3699 portare
1877 3632 2121 3689 deberet.

549 3704 653 3760 Ubi
685 3716 868 3762 autem
903 3709 1009 3763 iter
1050 3712 1493 3780 capessivissent,
1540 3725 1671 3771 tunc
1702 3721 2011 3790 angaria‘tus
2041 3724 2127 3779 Si-

547 3812 676 3850 mon
699 3812 729 3851 a
760 3798 1043 3865 militibus,
1072 3811 1348 3871 sumptam
1374 3818 1493 3857 eam
1512 3818 1579 3859 ex
1599 3807 1820 3864 Christo
1843 3811 2122 3882 bajulavit.

546 3889 703 3954 Quod
743 3899 925 3945 autem
956 3891 1029 3945 ita
1061 3908 1151 3947 res
1178 3894 1398 3960 habent,
1431 3895 1662 3966 ipsamet
1691 3916 1793 3958 nos
1839 3903 2125 3978 Evangeli-

542 4080 943 4136 prwtereuntem
965 4074 1232 4133 Simonem
1251 4078 1557 4150 Cyrenarum
1581 4087 1871 4144 venientem
1886 4092 1952 4146 de
1972 4094 2121 4151 villa.

543 4163 704 4229 Quod
752 4163 978 4231 indicat,
1022 4168 1088 4222 iis
1132 4169 1275 4225 viam
1302 4172 1687 4232 insistentibus
1717 4179 1787 4233 ad
1820 4181 2121 4255 Golgotha,

608 4772 656 4805 ⁸⁸
680 4774 801 4831 Act.
827 4791 868 4845 ι,
903 4775 993 4833 12.
1068 4776 1112 4812 ε’
1138 4778 1274 4839 Luc.
1304 4801 1451 4852 χειν,
1486 4786 1575 4846 55.
1664 4791 1711 4824 ⁹⁰
1744 4770 1936 4863 Αοιᾼ,
1974 4799 2061 4854 1⁸5.

541 4857 696 4901 nul.
727 4845 818 4901 26.

580 4861 696 4909 xm,
727 4861 818 4901 2t).

2236 602 2367 664 τοὺς
2399 604 2672 675 μαθητὰς,
2717 607 2794 673 ὡς
2835 609 3052 664 ἐκεῖθεν
3083 610 3181 664 τοῦ
3228 613 3441 685 Κυρίου
3489 614 3822 688 ἀναληφθὲν.

2236 711 2361 760 τος;
2392 696 2517 761 Πῶς
2548 698 2606 751 δὲ
2633 700 2691 752 ὲν
2728 699 2808 771 τῷ
2845 702 3169 775 Εύαγγελίῳ
3202 704 3527 777 ἱστορήσας,
3568 710 3709 778 μετά
3729 711 3823 783 τὴν

2234 784 2506 856 ἀνάληψιν
2533 788 2591 843 ὲν
2619 789 2699 861 τῷ
2732 791 2866 863 ἱερῴ
2899 793 3208 866 διατρίϐειν
3249 798 3377 861 τοὺς
3413 798 3693 869 μαθητάς,
3724 803 3822 873 ὐμ-

2234 877 2460 944 νοῦντας
2493 883 2589 937 καὶ
2617 883 2977 953 εὐλογοῦντας
3004 886 3099 941 τὸν
3146 886 3313 942 Θεάν·
3346 891 3407 944 ὲν
3435 894 3559 957 ταῖς
3598 892 3827 948 ἀποστοο

2234 967 2414 1035 λικαίς
2454 973 2727 1044 Πράξεσιν
2775 978 2859 1041 εἰς
2899 976 3153 1050 ὑπερῷον
3184 981 3384 1047 αὐτοὺς
3424 984 3823 1057 ἀναόεϐηκέναι

2236 1066 2331 1117 καὶ
2360 1068 2697 1138 καταμένειν
2725 1070 2975 1141 ἑξέθετος

2923 1168 3139 1238 Λύσις.

2311 1246 2540 1319 Ἕτερόν
2589 1252 2742 1307 ἐστιν
2768 1255 2872 1323 Ε’ίς
2919 1259 3249 1329 Βηθανιαν,
3282 1262 3377 1317 καὶ
3436 1263 3629 1337 ἕτερον
3671 1268 3827 1336 Πρὸς

2235 1340 2561 1407 Βηθανίαν.
2596 1345 2671 1398 Τὸ
2708 1346 2820 1420 γὰρ
2849 1350 3009 1417 Πρὸς
3052 1354 3385 1422 Βηθανίαν,
3433 1358 3658 1413 δίδωσιν
3700 1363 3826 1429 ἡμῖν

2235 1434 2379 1485 νοεῖν
2406 1432 2505 1522 τὴν
2525 1435 2642 1489 ὁδὸν
2664 1439 2765 1510 τὴν
2796 1441 3124 1512 ἀπάγουσαν
3158 1448 3277 1502 ἐκεῖ
3302 1450 3384 1514 είς
3410 1456 3441 1486 ³
3468 1449 3529 1505 τὸ
3564 1451 3697 1522 ὅρος
3724 1454 3825 1505 τῶν

2236 1520 2462 1576 Ἐλαιῶν
2481 1526 2813 1596 παράκειται
2837 1531 3003 1604 ’ὅπερ
3035 1534 3253 1602 Λουκᾶς
3284 1537 3527 1604 ἐξέθετο,
3543 1520 3699 1608 πρὸς
3716 1544 3824 1607 Βη-

2237 1613 2453 1667 θανίαν
2474 1615 2667 1683 εἰπὼν,
2692 1620 2789 1673 καὶ
2812 1622 2875 1674 τὸ
2891 1623 3128 1695 ὁμοροῦν
3159 1628 3297 1699 αὐτῇ
3319 1628 3492 1701 μέρος
3514 1631 3611 1685 τοῦ
3641 1632 3822 1702 ὅρους,

2234 1704 2451 1769 τούτοις
2484 1707 2833 1781 αἰνιξάμενος
2854 1754 2869 1780 ,
2908 1714 3037 1769 ἔνθα
3066 1716 3159 1772 τὸν
3204 1720 3410 1793 Κύριον
3444 1723 3823 1795 ἀναληφθῆναι

2242 1791 2566 1865 ἱστόρησενο
2610 1804 3054 1876 χωρογραφήσας
3094 1791 3303 1879 τρόπον
3345 1810 3471 1864 τινὰ
3510 1791 3821 1868 τὸν

2196 1866 2215 1916 δ
2244 1878 2317 1936 Τὸ
2348 1886 2533 1955 μέντοι
2565 1866 2819 1964 δεύτερον
2850 1866 3096 1968 chapix,
3130 1866 3337 1973 ταύτην
3372 1903 3488 1974 ἔχει
3514 1904 3618 1976 τὴν
3646 1866 3819 1961 λύσινι

2249 1976 2263 1996 ’
2277 1977 2674 2050 Υπέστρεψαν
2704 1985 2824 2056 μὲν,
2846 1988 3254 2060 ἀναληφθέντος
3274 1994 3368 2048 τοῦ
3388 1998 3599 2069 Κυρίου
3621 2001 3672 2053 oi
3688 2001 3821 2055 ἀπύ-

2232 2071 2416 2125 στολοι
2445 2076 2534 2141 εἰς
2575 2074 2998 2151 Ἰερουσαλὴμ,
3035 2084 3220 2152 καθὼς
3254 2087 3334 2160 τῷ
3368 2090 3699 2163 Εὑαγγελίῳ
3725 2112 3822 2148 πε-

2238 2161 2501 2233 ριέχεται,
2527 2167 2625 2220 καὶ
2658 2163 2825 2239 ἦσαν
2852 2170 3181 2244 διαπαντὸς
3209 2179 3282 2233 ἐν
3310 2178 3390 2247 τῷ
3416 2182 3556 2251 ἱερῷ
3578 2161 3821 2259 τὸν-ὠρι-

2238 2255 2440 2323 σμένον
2478 2257 2685 2330 δηλαδὴ
2726 2262 2943 2332 χρόνον,
2973 2267 3076 2338 τῆς
3120 2272 3469 2343 προσευχῆς,
3506 2275 3569 2327 ὃν
3611 2255 3821 2346 ἐξῆν-ἐν

2235 2344 2312 2416 τῷ
2351 2346 2482 2418 ἱερῷ
2511 2348 2813 2421 διατρίϐειν
2838 2371 2853 2386 ·
2885 2355 2983 2421 τὰς
3017 2359 3074 2412 δὲ
3115 2359 3312 2427 λοιπάς
3349 2363 3503 2437 ὥρας
3540 2344 3709 2421 οἴκοι⁷
3741 2368 3821 2422 δι-

2237 2438 2475 2508 έτριὸον,
2505 2444 2787 2499 τουτέστιν
2830 2448 2890 2503 ἐν
2916 2450 2995 2520 τῷ
3023 2453 3262 2526 ὑπερῴῳ
3293 2456 3371 2528 τῷ
3423 2460 3485 2513 ὲν
3520 2462 3644 2524 ταῖς
3670 2461 3815 2533 Πρά-

2237 2531 2353 2596 ξεσι
2393 2534 2501 2587 τῶν
2550 2536 2866 2594 ἀποστόλων
2902 2541 3287 2618 δεδηλωμένῳο
3320 2549 3415 2603 καὶ
3448 2550 3558 2620 μὴν
3590 2552 3648 2604 ὲν
3674 2531 3818 2623 αύτῷ

2234 2623 2535 2690 ἀπαύστως
2582 2629 2884 2700 ὑμνοῦντες
2927 2636 3020 2688 καὶ
3074 2638 3424 2707 εὐλογοῦντες
3462 2642 3558 2695 τὸν
3590 2642 3814 2716 Κύριον.

2236 2714 2369 2768 ’Ότι
2400 2718 2551 2789 αὐτῷ
2599 2721 2806 2793 πρέπει
2848 2726 2881 2796 ή
2929 2725 3077 2793 δόξα,
3118 2729 3235 2800 ἅμα
3268 2731 3345 2801 τῷ
3384 2734 3565 2805 Πατρὶ
3615 2714 3712 2790 καλ
3742 2737 3817 2809 τῷ

2234 2808 2377 2881 ἁγίῳ
2408 2811 2711 2884 Πνεύματι,
2742 2818 2825 2881 είς
2847 2820 2975 2884 τοὺς
3009 2822 3231 2888 αίῶνας.
3265 2826 3461 2898 Ἀμήν.

2480 2905 2591 2959 Τοῦ
2618 2905 2713 2975 ἀγ.
2763 2907 3057 2979 Ἡσυχίου
3085 2917 3299 2982 πρεσ6.
3362 2916 3576 2988 Ἰεροσ.

2304 2993 2465 3057 Τίνος
2483 2996 2646 3069 χάριν
2672 3000 2700 3052 ὁ
2728 2999 2827 3069 μὲν
2869 3001 3122 3075 Ἰωάννης
3148 3006 3417 3076 βαστάσαι
3437 3013 3531 3065 τὸν
3560 3014 3808 3081 σταυρὸν,

2233 3083 2398 3139 αὐτὸν
2439 3089 2648 3159 ἱστορεῖ
2693 3091 2786 3146 τὸν
2824 3092 3030 3165 Κύριον
3054 3110 3069 3125 ο
3111 3098 3164 3150 οἱ
3209 3098 3268 3152 δὲ
3302 3100 3483 3156 λοιποὶ
3524 3105 3809 3175 εὐαγγελι-

2155 3219 2199 3278 c
2235 3176 2377 3241 σταὶ,
2396 3178 2617 3250 Σίμωνα
2646 3182 2741 3237 τὸν
2763 3183 3075 3256 Κυρηναῖον
3114 3192 3480 3263 πεποιηκέναι
3497 3195 3659 3250 τοῦτο
3690 3215 3810 3253 σνν-

2231 3269 2478 3341 έγραψαν
2498 3290 2513 3338 ;

2315 3358 2535 3431 Ἐπειδὴ
2582 3360 2845 3434 ἑκάτερον
2898 3365 3244 3438 πέπρακται.
3303 3373 3458 3446 Ἅμα
3510 3377 3624 3451 γὰρ
3676 3380 3753 3451 τῷ
3779 3389 3807 3430 1

2231 3449 2549 3521 ἀπαχθῆναι
2571 3454 2666 3507 τὸν
2687 3456 2894 3528 Κύριον
2926 3458 3022 3513 ἐπὶ
3053 3462 3115 3515 τὸ
3145 3468 3554 3538 σταυρωθῆναι.
3584 3449 3679 3526 ἐπὶ
3704 3449 3807 3527 τῶν

2229 3540 2398 3612 ὤμων
2449 3542 2736 3614 βαστάζων
2778 3549 2870 3603 τὸν
2916 3554 3153 3625 σταυρὸν
3201 3558 3366 3623 αὐτὸς
3416 3560 3669 3631 ἐξῆλθεν,
3706 3566 3808 3619 τῶν

2234 3637 2588 3708 στρατιωτῶν
2616 3639 2719 3693 οὐκ
2743 3640 3038 3705 ἀξιούντων
3060 3646 3331 3716 βαστάσαι
3362 3652 3548 3720 αὐτὸν,
3584 3656 3664 3727 μὴ
3706 3675 3807 3709 παι

2237 3728 2425 3800 ρόντος
2482 3731 2670 3801 ἑτέρου
2715 3733 2815 3786 τοῦ
2867 3735 3159 3806 βαστάζειν
3208 3742 3542 3811 ὀφείλοντος.
3612 3748 3703 3812 Ὦς
3753 3750 3808 3804 δὲ

2225 3820 2435 3892 ἥψαντο
2461 3824 2562 3895 τῆς
2581 3824 2727 3890 ὁδοῦ,
2754 3827 2877 3881 τότε
2908 3830 3054 3900 ἁγγα
3065 3833 3278 3905 ρευθεὶς
3303 3840 3330 3890 ὀ
3355 3838 3541 3909 Σίμων
3578 3841 3686 3896 ὑπὸ
3707 3844 3809 3896 τῶν

2214 3916 2604 3985 στρατιωτῶν,
2626 3917 2804 3974 λαϐὼν
2822 3920 2984 3976 αὑτὸν
3002 3925 3110 3979 ἀπὸ
3137 3926 3232 3979 τοῦ
3257 3926 3459 4000 Κυρίου
3483 3932 3806 3989 ἐϐάστασεν.

547 3987 753 4031 starum
821 3980 1100 4038 docebunt
1151 3985 1315 4040 verba
1358 4006 1371 4040 :
1407 4003 1657 4060 nempe;
1709 3996 2125 4064 angariaverunt
2229 4006 2251 4025 "

2228 4557 2322 4611 τὸν
2351 4528 2580 4630 σταυρὸν
2610 4528 2791 4629 ούκθὲξ
2831 4528 3031 4635 ἀρχῆς,
3069 4528 3791 4647 *τύτενάἦέρευθελςζ

2228 4646 2551 4701 ὲδάστασεν.

2161 4803 2204 4834 ’ί
2228 4800 2394 4860 Joan.
2422 4825 2534 4874 xix,
2572 4812 2658 4879 l7;
2686 4811 2875 4870 Matth.
2902 4831 3069 4885 xxvii,
3094 4815 3185 4883 ὗες
3208 4806 3379 4874 Marc.
3409 4833 3478 4873 xv
3502 4861 3517 4885 ,
3549 4820 3641 4888 2|;
3670 4822 3785 4877 Luc.

1802 4955 2037 5015 νΑιιιΑη]
2065 4959 2469 5023 LECTIONES.

613 5036 642 5068 ι
680 5030 742 5087 ιν.
779 5027 835 5110 ᾖ.
902 5043 926 5084 ν
950 5036 1037 5094 Al.
1075 5038 1155 5096 τό.
