4006 6398
574 440 709 511 1451

1759 430 2122 493 HESYCHII
2159 426 2635 487 PRESBYTER!

3689 419 3809 481 1452

574 556 888 615 crucifixum
935 554 1038 617 ait,
1095 552 1331 608 Joannes
1376 567 1540 611 vero.
1592 548 1784 603 sexta?
1854 545 2141 607 Nimirum,

2253 541 2486 609 Χριστὸν
2530 538 2928 607 σταυρωθῆναυ
2961 538 2987 589 ὁ
3008 536 3063 589 δὲ
3088 536 3360 603 Ἰωάννης,
3386 535 3575 603 ἐκτηνς
3603 535 3811 603 Μάρκος

575 646 787 702 Marcus
832 644 1049 714 quidem
1111 643 1299 697 horam
1356 640 1515 703 dicit,
1572 653 1674 707 qua
1741 635 1920 689 crucis
1981 649 2141 703 poena

573 739 792 794 decreta
820 734 923 789 fuit
955 752 968 788 :
1002 732 1202 802 quippe
1226 730 1389 785 etiam
1418 729 1629 798 judices
1650 726 1843 796 punire
1867 725 2140 785 dicuntur,

574 841 641 882 ex
709 840 817 894 quo
876 833 1118 892 tempore
1174 819 1521 891 protulerunt
1578 818 1942 883 sententiam;
2001 814 2143 883 quod

575 918 835 973 nimirum
870 913 1120 984 supplicii
1157 913 1266 968 vim
1311 927 1374 966 ac
1405 912 1597 966 mortis
1627 912 1864 964 habeant
1910 908 2144 978 positam

576 1008 632 1062 in
660 1007 879 1077 linguis.
910 1004 1119 1059 Idcirco
1144 1002 1379 1066 Marcus,
1423 1002 1557 1056 bora
1587 1016 1710 1055 eum
1769 998 1923 1053 tertia
1965 995 2143 1052 cruci-

576 1099 742 1152 fixum
776 1096 870 1161 ait,
895 1110 962 1149 ex
992 1109 1097 1165 qua
1132 1092 1332 1147 Pilatus
1353 1092 1681 1146 sententiam
1719 1091 1839 1145 tulit
1866 1109 1877 1142 :
1906 1090 2143 1144 Joannes

575 1202 724 1251 vero,
750 1187 1020 1257 quodjam
1040 1184 1253 1238 Marcus
1282 1184 1401 1237 latae
1427 1191 1638 1250 tempus
1668 1181 1951 1236 sententiae
1972 1181 2144 1235 dixis-
2188 1170 2191 1173 ’

576 1284 679 1341 set,
717 1276 1044 1344 boramipse
1068 1273 1222 1338 dixit,
1256 1290 1361 1343 qua
1396 1274 1575 1342 rcipsa
1624 1273 1712 1326 ille
1760 1272 1909 1326 cruci
1957 1272 2145 1325 aﬂixus

576 1361 701 1417 fuit.
744 1362 957 1415 Etenim
990 1361 1231 1430 cogitare
1262 1369 1495 1430 oportet,
1525 1376 1684 1429 quam
1716 1361 1884 1414 multa
1925 1360 2144 1413 interim

576 1460 725 1522 gesta
760 1452 888 1517 sint,
916 1452 982 1505 ab
1012 1451 1165 1516 hora,
1203 1468 1309 1521 qua
1357 1452 1535 1505 crucis
1581 1451 1853 1504 sententia
1893 1466 1923 1503 a
1974 1449 2145 1503 Pilato

578 1544 794 1597 decreta
828 1542 1049 1612 prodiit,
1074 1542 1141 1595 ad
1166 1543 1354 1596 horam
1392 1558 1497 1611 qua
1532 1543 1793 1596 Dominus
1844 1542 1897 1595 in
1927 1558 2144 1596 crucem

577 1634 842 1690 ascendit.
880 1633 954 1687 Ea
1004 1634 1275 1703 siquidem
1327 1634 1569 1688 Joannes
1611 1634 1955 1703 conscripsit.
2012 1633 2144 1687 Nam

576 1734 699 1795 post
730 1725 1013 1779 dimissum
1054 1740 1083 1777 a
1111 1724 1284 1779 Pilato
1308 1724 1627 1786 Barabbam,
1658 1740 1720 1779 ac
1750 1725 1933 1779 Jesum
1961 1724 2146 1793 ﬂagel-

576 1816 1148 1885 latum,traditumque
1184 1826 1242 1869 ut
1263 1817 1693 1886 crucifigeretur,
1726 1824 1872 1885 post,
1902 1816 2141 1884 inquam,

2254 632 2351 701 μὲν
2401 632 2498 700 τὴν
2546 631 2696 701 ὥραν
2734 630 2831 699 τῆς
2882 626 3214 695 ἀποφάσεως
3273 625 3368 677 τοῦ
3421 624 3698 694 σταυροῦο
3729 628 3813 676 καὶ

2251 725 2668 795 τιμωρήσασθαι
2705 723 2893 777 ἔκτοτε
2937 723 2985 774 οἱ
3023 720 3279 774 δικασταὶ
3320 718 3598 786 λέγονται,
3640 721 3726 786 ἀφ’
3762 716 3813 772 οὗ

2250 818 2349 889 τὴν
2378 819 2652 885 ἀπόφασιν
2696 814 3060 881 ἐξενέγκωσι⁶
3103 811 3192 863 διά
3224 812 3287 863 τὸ
3324 811 3424 879 τὴν
3467 810 3703 879 δύναμιν
3729 810 3814 877 τῆς

2250 911 2520 980 τιμωρίας
2559 907 2770 962 καὶτοῦ
2802 907 3032 960 Θανάτου
3070 906 3127 957 ἐν
3164 906 3283 965 ταῖς
3312 902 3590 970 γλώσσαις
3629 904 3815 969 κεκτῆ-

2252 998 2398 1052 σθαι.
2429 1000 2633 1051 Τούτου
2677 998 2838 1065 χάριν
2894 998 2922 1048 ὁ
2967 994 3197 1065 Μάρκος
3228 993 3411 1055 αὐτὸν,
3455 992 3651 1062 τρίτην
3682 991 3816 1061 ὥραν

2254 1088 2638 1158 σταυρωθῆναι
2664 1087 2831 1155 λέγει,
2860 1086 2951 1153 ἀφ’
2986 1080 3053 1156 ἦς
3108 1085 3207 1153 τὴν
3242 1084 3520 1150 ἀπόφασιν
3549 1084 3576 1133 ὁ
3603 1082 3815 1144 Πιλάτος

2252 1179 2569 1250 ἐξήνεγκεν.
2618 1179 2874 1247 Ἰωάννης
2911 1177 2989 1237 δὲ,
3022 1176 3095 1238 ὡς
3142 1176 3424 1245 εἰρηκότος
3460 1173 3555 1225 τοῦ
3602 1174 3816 1241 Μάρκον

2252 1272 2343 1325 τὸν
2372 1271 2565 1342 καιρὸν
2591 1271 2693 1339 τῆς
2718 1269 3070 1337 ἀποφάσεως,
3099 1269 3258 1329 αὐτὸς
3284 1270 3383 1331 τὴν
3409 1266 3579 1335 ὥραν,
3615 1268 3671 1317 ἐν
3754 1269 3818 1333 τῷ

2254 1364 2473 1434 σταυρῷ
2497 1364 2864 1433 προσήλωσαν
2908 1362 2997 1414 τὸν
3028 1360 3256 1431 Ἰησοῦν,
3302 1362 3531 1429 ἔφρασε.
3568 1360 3691 1428 Χρὴ
3724 1360 3817 1427 γὰρ

2255 1454 2551 1523 σκοπῆσαι,
2596 1455 2736 1506 πόσα
2786 1453 2988 1521 μεταξὺ
3018 1455 3115 1521 τῆς
3143 1450 3295 1522 παρά
3322 1452 3413 1504 τοῦ
3446 1451 3684 1503 Πιλάτου
3706 1453 3817 1520 περὶ

2251 1545 2347 1598 τοῦ
2384 1545 2619 1616 σταυροῦ
2639 1545 3011 1615 προελθούσης
3042 1543 3394 1611 ἀποφάσεως,
3430 1543 3525 1595 καὶ
3554 1542 3655 1610 τῆς
3686 1542 3818 1609 ὧρας

2252 1638 2439 1705 αὐτῆς,
2482 1638 2538 1688 ὲν
2580 1631 2719 1709 ᾖεξς
2776 1636 2865 1687 τὸν
2914 1633 3147 1705 σταυρὸν
3185 1633 3442 1703 όΚύριος
3489 1632 3814 1701 ἀναεέίηκε,

2253 1728 2589 1797 πέπρακται.
2628 1726 2814 1779 Ταῦτα
2861 1727 2969 1796 γὰρ
3008 1727 3035 1777 ὁ
3073 1724 3329 1793 Ἰωάννης
3361 1724 3633 1793 γέγραφε.
3681 1724 3817 1774 Μετὰ

2252 1822 2359 1889 γὰρ
2388 1819 2447 1871 τὸ
2472 1818 2741 1871 ἀπολῦσαι
2766 1817 2857 1871 τὸν
2878 1818 3108 1871 Πιλάτον
3135 1818 3225 1868 τὸν
3262 1815 3580 1885 Βαραὸὁὰν,
3622 1831 3817 1882 φραγε-

577 1908 686 1970 illa,
723 1908 915 1961 miiites
940 1907 1217 1974 plectentes
1241 1924 1487 1961 coronam
1511 1908 1574 1960 de
1598 1908 1785 1971 spinis,
1815 1908 1861 1959 ci
1887 1908 2146 1975 imposue-

2253 1911 2420 1963 λῶσυι
2440 1912 2497 1962 δὲ
2529 1911 2619 1963 τὸν
2639 1910 2873 1979 Ἰησοῦν,
2898 1908 2994 1961 καὶ
3016 1906 3353 1977 παραδοῦναι
3393 1908 3479 1959 ἵνα
3514 1908 3813 1976 σταυριιϋῇ,

577 1999 759 2061 runt‘,
780 2012 845 2051 ac
872 1998 975 2050 alia
1012 2006 1235 2068 agentes
1257 1998 1303 2051 ei
1354 1997 1659 2050 illuserunt.
1686 1995 1954 2051 Prtetcrea
1987 1998 2149 2050 etiam

578 2086 785 2141 Pilatus
808 2100 931 2140 eum
961 2085 1147 2140 eduxit
1182 2085 1355 2154 spinis
1391 2091 1735 2141 coronatum.
1768 2098 1831 2136 ac
1880 2098 2150 2152 purpurea

579 2188 730 2234 veste
755 2178 1028 2241 indutum,
1080 2176 1342 2245 dixitque,
1393 2176 1522 2229 Ecce
1570 2176 1775 2228 homo'.
1814 2174 2039 2233 Accedit
2093 2182 2152 2227 ut

578 2270 749 2326 Judrei
782 2269 1167 2325 clamaverint:
1192 2267 1467 2338 Cruci/iga,
1498 2268 1741 2337 cruciﬁge
1763 2284 1881 2321 eum
1906 2268 1957 2333 ³;
1982 2276 2151 2337 utque

578 2378 702 2417 cum
726 2362 799 2417 illi
826 2361 1267 2431 respondissent:
1308 2359 1414 2412 Nos
1453 2359 1615 2429 legem
1662 2359 1977 2425 habemus‘,
2013 2368 2147 2425 etc.,

583 2457 784 2511 iterum
847 2455 1130 2522 ingressus
1181 2452 1421 2516 Pilatus,
1472 2449 1603 2505 Jesu
1662 2466 1882 2506 causam
1948 2466 2147 2505 novum

578 2547 1006 2612 examinaverit,
1064 2546 1252 2600 ite‘rata
1304 2559 1430 2599 eum
1494 2545 1809 2615 cognitione
1878 2546 2152 2600 dimittere

578 2637 790 2700 volens,
848 2652 911 2691 ac
957 2651 1077 2705 quae.
1123 2645 1427 2704 sequuntur
1475 2639 1754 2701 universa,
1815 2653 1987 2707 usque
2022 2638 2150 2693 dum

580 2729 636 2783 in
662 2728 1002 2783 Litbostroto
1038 2728 1233 2782 iterum
1259 2730 1406 2783 aliud
1443 2731 1509 2783 de
1542 2730 1661 2798 ipso
1693 2729 1821 2783 facit
1864 2730 2149 2799 judicium.

580 2819 932 2889 Satisitaque
972 2819 1060 2872 illa
1081 2820 1261 2873 omnia
1298 2820 1608 2874 habuerunt
1653 2820 1979 2875 insumendo
2012 2831 2152 2876 tem-

579 2912 719 2983 pori,
743 2912 811 2965 ab
844 2912 978 2966 hora
1002 2912 1161 2965 tertia
1186 2928 1357 2981 usque
1375 2912 1441 2966 ad
1465 2922 1669 2967 sextam
1692 2931 1707 2980 ;
1731 2929 1965 2983 cumque
1990 2914 2154 2969 Joan-

580 3004 779 3060 nesilla
798 3003 1128 3072 exposuerit,
1146 3013 1401 3073 tanquam
1419 3006 1509 3074 qui
1523 3006 1778 3060 omnibus
1793 3006 2149 3073 interfuisset,

580 3095 889 3151 necessario
912 3095 1101 3150 debuit
1126 3097 1440 3151 meminisse
1471 3108 1658 3164 sextze,
1686 3114 1791 3168 qua
1825 3099 1986 3153 etiam
2015 3099 2153 3153 Pila-

2253 2005 2390 2074 μετά
2435 2005 2630 2065 ταῦτα,
2678 2005 2741 2056 Οἱ
2772 1999 3124 2068 στρατιῶται
3153 1998 3487 2063 πλέξαντες
3523 1998 3818 2065 στέφανον

2249 2097 2317 2160 ἐξ
2344 2094 2641 2157 ἀκανθῶν,
2676 2094 2896 2147 ἔϐαλον
2933 2091 3114 2155 αὐτῷ,
3138 2090 3317 2142 καὶτὰ
3339 2090 3503 2141 λοιπά
3538 2090 3816 2142 ἐπετέλουν

2250 2186 2607 2259 ἐμπαίζοντες
2628 2184 2799 2255 αὐτῷ.
2836 2185 2955 2236 Ἔτι
3008 2182 3066 2235 δὲ
3097 2181 3190 2233 καὶ
3218 2182 3245 2233 ὁ
3265 2180 3493 2243 Πιλάτος
3534 2182 3817 2250 ἐξήνεγκεν

2250 2279 2413 2332 αὑτὸν
2456 2277 2905 2345 ἐστεφανωμένον
2932 2276 3054 2335 ταῖς
3082 2272 3367 2338 ἀκάνθαις,
3402 2274 3494 2325 καὶ
3522 2272 3585 2324 τὸ
3617 2289 3815 2341 πορφνο

2251 2369 2379 2440 ροῦν
2423 2367 2895 2439 περιϐεϐλημένον
2942 2366 3187 2435 ἱμάτιον,
3236 2364 3331 2417 καὶ
3382 2360 3577 2415 εἶπεν·
3622 2361 3817 2417 Ἰδοὺδ

2249 2461 2583 2529 ἄνθρωπος.
2622 2460 2955 2524 Πρόσκειται
2992 2458 3084 2511 καὶ
3106 2458 3188 2510 ὅτι
3220 2455 3459 2525 ἐϐόησαν
3482 2456 3532 2507 οἱ
3564 2454 3813 2517 Ἰουδαῖοι,

2250 2552 2629 2618 Σταύρωσον,
2660 2550 3013 2618 σταύρωσον
3047 2550 3265 2603 αὐτόν·
3297 2547 3393 2599 καὶ
3422 2548 3502 2599 ὅτι
3540 2546 3652 2597 τῶν
3689 2547 3812 2597 Ἰουο

2248 2644 2414 2697 δαίων
2454 2641 2908 2712 ἀποκριναμένων
2931 2680 2945 2707 ,
2993 2638 3193 2707 Ἡμεῖς
3231 2639 3420 2708 νόμον
3458 2639 3697 2706 ἔχομεν,
3732 2636 3817 2689 καὶ

2249 2736 2317 2787 τά
2346 2734 2471 2803 ἑξῆς
2493 2751 2507 2765 υ
2541 2734 2703 2786 πάλιν
2733 2731 2991 2785 εἰσελθὼν
3026 2734 3053 2784 ὸ
3081 2730 3336 2793 Πιλάτος,
3365 2730 3557 2798 ἑτέραν
3598 2731 3817 2781 ποιεῖται

2250 2827 2343 2879 τοῦ
2372 2825 2547 2897 Ἰησοῦ
2573 2826 2670 2895 τὴν
2694 2826 3002 2894 ἀνάκρισιν,
3031 2825 3123 2891 ἀφ’
3150 2818 3217 2893 ἦς
3248 2823 3409 2875 αὐτὸν
3434 2822 3529 2873 καὶ
3560 2818 3814 2872 ἀπολῦσαι

2251 2907 2522 2980 ἐϐούλετο,
2542 2918 2635 2970 καὶ
2652 2918 2720 2969 τὰ
2736 2915 3006 2969 ἀκόλουθα
3020 2916 3075 2969 δὲ
3093 2916 3289 2977 πάντα,
3314 2914 3417 2974 ἓως
3433 2908 3494 2965 οὗ
3535 2915 3594 2964 ἐν
3606 2912 3680 2980 τῷ
3694 2911 3816 2961 λιθο-

2255 3010 2476 3079 στρώτῳ
2502 3010 2664 3063 πάλιν
2702 3010 2787 3061 ἐτέ
2798 3027 2897 3079 ραν
2925 3010 3053 3078 περὶ
3084 3007 3250 3060 αὑτοῦ
3268 3008 3499 3058 ποιεῖται
3514 3005 3811 3069 διάγνωσιν.

2254 3101 2438 3154 Ταῦτα
2470 3098 2562 3154 οὗν
2614 3102 2790 3155 πάντα
2851 3100 3012 3153 ἱκανά
3066 3099 3317 3167 ὑπῆρχε,
3359 3096 3456 3148 τοῦ
3498 3096 3611 3148 ἀπὸ
3644 3094 3817 3161 τρίτης

580 3197 669 3243 tus
705 3188 953 3243 absolute
983 3188 1413 3259 crucifigendum
1437 3191 1751 3247 tradidisset
1783 3208 1893 3247 non
1918 3193 2149 3261 amplius

2255 3192 2405 3263 ὥρας
2457 3193 2618 3263 μέχρι
2665 3192 2767 3261 τῆς
2798 3194 2965 3260 ἕκτης
2998 3190 3312 3258 δαπανῆσαι
3352 3187 3579 3257 χρόνονο
3619 3185 3757 3255 άπερ
3791 3186 3815 3236 ὁ

580 3276 691 3347 iam
718 3278 884 3348 virgis
913 3278 1163 3332 czedens:
1191 3279 1300 3348 iam
1340 3281 1485 3334 enim
1509 3296 1681 3336 caesus
1712 3282 1907 3348 fuerat,
1935 3284 2151 3352 quando

580 3382 706 3423 eum
738 3368 942 3437 prolata
973 3369 1244 3422 sententia
1282 3370 1427 3425 cruci
1452 3372 1763 3437 addixerat;
1794 3389 1939 3428 nunc
1966 3383 2147 3429 autem

582 3458 698 3528 ipsa
725 3474 794 3519 re,
825 3458 1068 3529 crucifigi
1094 3461 1278 3528 jussit.
1308 3460 1675 3527 Quamobrem
1729 3466 1897 3518 etiam
1944 3466 2150 3520 nullius

582 3548 831 3602 meminit
852 3548 997 3617 quod
1014 3549 1271 3619 deinceps
1301 3561 1510 3621 gestum
1542 3554 1645 3619 sit;
1673 3563 1905 3624 excepto
1935 3565 2147 3611 tantum

583 3646 647 3693 ut
667 3638 735 3693 ad
755 3653 970 3693 crucem
1006 3640 1274 3696 abductus
1309 3643 1399 3697 sit.
1432 3642 1589 3708 Quod
1646 3646 1687 3697 si
1746 3646 1869 3714 quis
1923 3659 2150 3715 quaerat,

2257 3287 2510 3357 Ἰωάννης
2537 3286 2851 3355 ἐκθέμενος,
2886 3288 2959 3344 ὡς
3000 3284 3097 3336 καὶ
3139 3280 3354 3343 τούτοις
3388 3280 3554 3331 πᾶσιν
3587 3293 3814 3346 παρηκο-

2256 3377 2556 3447 λουθηκὼς,
2579 3376 2892 3443 ἀναγκαίως
2920 3374 3022 3442 τῆς
3053 3374 3219 3442 ἕκτης
3248 3371 3397 3440 ὥρας
3432 3371 3810 3439 ἐμνημόνευσε,

2371 3469 2465 3521 καὶ
2506 3467 2822 3538 παρέδωκεν
2862 3466 3024 3519 αὑτὸν
3070 3464 3256 3527 αὐτοῖς
3296 3462 3520 3525 τελείως
3552 3462 3637 3513 ἵνα
3669 3478 3815 3513 σταυ-

2261 3561 2406 3630 ρωθῇ
2434 3576 2447 3589 ·
2511 3560 2693 3613 οὐκέτι
2742 3557 3042 3628 μαστίξας·
3088 3558 3187 3627 ἤδη
3234 3556 3341 3625 γὰρ
3378 3551 3445 3625 ἦν
3492 3554 3812 3624 μαστιχθεὶς,

2255 3654 2341 3705 ὅτε
2384 3652 2542 3705 αὑτὸν
2605 3654 2670 3721 τῇ
2718 3651 2993 3719 ἀποφάσει
3055 3648 3445 3719 σταυρωθῆναι
3504 3647 3810 3718 παρέδωκε.

584 3744 692 3799 qua
733 3730 801 3784 de
834 3744 998 3785 causa
1027 3746 1151 3784 cum
1194 3734 1363 3787 semel
1406 3735 1736 3790 sententiam
1788 3738 2021 3804 tulisset,
2053 3741 2149 3795 ite-

2257 3744 2350 3797 νῦν
2389 3745 2443 3796 δὲ
2499 3743 2647 3813 αύτῷ
2693 3742 2771 3811 τῷ
2806 3742 2952 3812 ἔργῳ
2984 3740 3146 3794 τοῦτο
3191 3741 3446 3809 γενέσθαι
3501 3738 3811 3809 προσέταξεο

582 3836 706 3875 rum
738 3820 1011 3876 dimittere
1041 3822 1225 3886 vellet,
1283 3825 1701 3893 respondemus,
1734 3829 1971 3897 primum
2030 3833 2149 3901 qui-

2260 3836 2449 3906 διόπερ
2491 3833 2704 3897 οὐδενὸς
2731 3833 2858 3903 ἑξῆς
2901 3833 3060 3887 ἄλλου
3089 3834 3486 3903 πεπραγμένου
3519 3834 3779 3901 μέμνηται
3799 3870 3811 3887 .

583 3907 709 3963 dem
746 3910 891 3978 quod
939 3910 1286 3965 multitudine
1331 3912 1439 3966 vim
1498 3914 1768 3972 inferente
1828 3921 2149 3976 sententiam

2268 3927 2437 3997 μόνης
2480 3926 2537 3978 δὲ
2571 3927 2673 3995 τῆς
2720 3926 2815 3977 ἐπὶ
2857 3925 2949 3977 τὸν
2989 3925 3224 3995 σταυρὸν
3244 3924 3570 3993 ἀπαγωγῆς.
3617 3924 3736 3975 Ἐὰν
3765 3921 3814 3972 δὲ

583 4001 844 4069 dixisset;
869 4012 1057 4074 postea
1088 4019 1219 4059 vero
1251 4005 1440 4059 uxoris
1490 4018 1877 4076 compunctum
1912 4012 2147 4068 somnio.

2254 4018 2387 4088 λέγῃ
2418 4034 2523 4081 τις,
2554 4017 2635 4070 ὅτι
2670 4016 2782 4068 Καὶ
2819 4016 3006 4069 ἕνεκεν
3034 4016 3179 4079 τίνος
3208 4016 3356 4081 ἅπαξ
3387 4014 3812 4085 ἀποφηνάμενος.

585 4093 798 4164 Quippe
820 4096 1187 4163 nuntiaverat,
1220 4107 1279 4151 ut
1317 4098 1603 4155 Matthaaus
1632 4102 1740 4155 ait:
1794 4101 1946 4157 Nihil
1972 4104 2068 4158 tibi
2101 4118 2149 4160 et

2255 4109 2419 4163 πάλιν
2464 4110 2626 4163 αὐτὸν
2661 4109 2933 4162 ἀπολῦσαι
2976 4107 3264 4173 ἐθούλετος
3305 4108 3526 4177 Πρῶτον
3558 4106 3656 4175 μὲν
3677 4145 3691 4166 ,
3722 4104 3813 4155 ὑπὸ

584 4186 781 4240 homini
810 4188 946 4251 illi',
977 4198 1083 4244 etc.
2259 4201 2354 4254 τοῦ
2385 4201 2623 4269 πλήθους
2666 4200 2912 4271 βιασθεὶς
2959 4199 3111 4252 ἔθετο
3144 4199 3245 4270 τὴν
3289 4200 3562 4267 ἀπόφασιν
3585 4213 3600 4228 ·
3640 4198 3812 4249 ἔπειτα

586 4280 681 4331 καὶ
708 4277 785 4349 τῷ
812 4278 1004 4351 ὀνείρῳ
1028 4281 1126 4350 τῆς
1151 4281 1407 4348 γυναικὸς
1436 4282 1686 4336 ἐνύττετο
1707 4298 1721 4313 °
1751 4278 1819 4355 ἦν
1850 4285 1958 4356 γὰρ
1986 4288 2159 4361 αὐτῷ,
2199 4292 2275 4357 ὥς
2332 4310 2499 4363 φησιν
2524 4294 2551 4344 ὁ
2581 4291 2882 4357 Ματθαῖος,
2919 4290 3201 4361 μηνύσασα
3225 4306 3239 4319 ·
3268 4289 3475 4358 Μηδὲν
3501 4290 3600 4343 σοι
3633 4290 3725 4341 καὶ
3744 4283 3812 4348 τῷ

586 4371 872 4440 ἀνθρώπῳ
901 4374 1107 4439 τούτω,
1128 4376 1222 4428 καὶ
1250 4376 1316 4428 τά
1348 4376 1496 4445 ἐξῆς.

588 4645 887 4726 Ηιὲυειιὶἱ*
914 4652 1196 4726 presbyteri
1228 4651 1708 4726 _Hierosolymitani
1782 4654 2037 4726 theologi,
2091 4655 2156 4710 de

660 4716 1298 4795 Recurrectione'Domini
1332 4716 1501 4775 nostri
1504 4794 1507 4795 ν
1520 4723 1644 4795 ἄεσα
1667 4722 1893 4795 Christi:
1914 4716 2151 4795 quodque

660 4788 802 4863 nullo
836 4790 988 4842 modo
1022 4790 1159 4863 inter
1183 4807 1237 4844 ae
1258 4794 1510 4863 contrarii
1533 4793 1905 4863 Evangelistw,
1926 4788 2151 4849 diversis

658 4859 826 4933 modis
857 4860 1126 4933 memoriae
1144 4861 1467 4933 prodiderint
1491 4878 1552 4916 ea
1597 4859 1713 4933 qua}
1739 4866 2043 4919 acciderunt
2098 4865 2155 4917 in

663 4924 1055 4983 Resurrectione
1084 4924 1445 4984 Einmanuelis

658 5118 978 5192 Quanquam
1002 5137 1194 5180 omnes
1217 5124 1436 5195 quidem
1467 5127 1886 5196 propemodum,
1948 5128 2155 5198 dilecti,

590 5217 695 5265 etc.

2998 4523 3063 4578 Γ.

2274 4653 2563 4723 Ἦσυχίου
2585 4652 2991 4721 πρεσϐυτέρου
3025 4652 3458 4723 Ἰεροσολύμων
3479 4650 3585 4723 τοῦ
3624 4649 3805 4723 ϐεξολρ-

2333 4715 2464 4790 τούξ
2511 4715 2643 4789 περῖ
2690 4723 2798 4791 τῆς
2831 4715 3222 4784 ἀναστάοῖεως
3264 4715 3370 4791 τοῖι
3403 4721 3623 4791 Κιφίου
3661 4715 3806 4786 ἡμῶν

2335 4789 2531 4859 Ἰησοῦ
2560 4789 2815 4859 Χριστοῦ
2834 4808 2847 4822 ⁸
2880 4794 2977 4846 καὶ
3020 4792 3109 4844 ὅτι
3138 4789 3296 4842 κατὰ
3334 4790 3530 4859 μηδὲν
3556 4792 3806 4841 ἐναντιω-

2335 4862 2540 4926 θέντες
2580 4858 2632 4915 οι
2678 4861 3121 4931 εὐαγγελισταὶ.
3164 4858 3461 4931 διαφόρως
3488 4858 3567 4931 τὰ.
3608 4859 3805 4931 umife-

2337 4925 2559 4998 δηκότα
2601 4931 2675 4998 τῇ
2717 4925 3049 4986 ἀναστάσει
3105 4930 3210 4983 τοῦ
3241 4925 3626 4997 Ἐμμανουήλ
3666 4925 3807 4980 ιστό-

2327 5016 2553 5067 ρησαν.

2338 5132 2549 5196 Πάντες
2601 5133 2719 5203 μὲν,
2767 5132 3062 5203 ἀγαπητοὶ,
3111 5132 3185 5195 ὠς
3223 5132 3423 5196 εἰπεῖν,
3452 5129 3802 5199 ἀποδέχονται,

2266 5243 2321 5280 κ.
2357 5242 2410 5279 τ.
2439 5227 2490 5279 λ.

664 5390 680 5420 ¹
705 5387 861 5445 Joan.
889 5406 997 5458 xu,
1027 5390 1083 5446 2.
1158 5391 1179 5422 ²
1200 5390 1357 5459 ibid.,
1382 5389 1436 5447 5.
1511 5391 1707 5462 'ibid.,
1730 5392 1784 5450 6.
1858 5392 1885 5427 ⁸
1914 5394 2068 5465 ibid.,
2101 5395 2149 5449 7.

2279 5396 2471 5454 Matth.
2499 5413 2666 5463 xxvn,
2691 5400 2778 5453 19.

2063 5552 2297 5610 NOT/E.

663 5683 685 5707 ‘
712 5681 910 5739 Putant
936 5683 1184 5738 nonnulli
1209 5683 1355 5738 hunc
1380 5682 1709 5753 Hesychium
1744 5700 1865 5740 esse
1903 5687 2153 5742 eumdem

592 5753 688 5825 qui
713 5754 929 5826 scripsit
951 5755 1352 5813 Commentaria
1378 5755 1437 5812 in
1457 5753 1779 5823 chiticum,
1836 5772 1998 5826 quem
2041 5760 2157 5828 epi-

2265 5706 2491 5761 scopum
2526 5691 3075 5764 Iiierosolymitanum
3113 5695 3595 5764 appellatStrabus
3640 5710 3807 5751 mona-

2264 5764 2423 5829 chus,
2477 5764 2796 5833 praefatione
2832 5763 3039 5819 Glossze
3059 5763 3350 5822 ordinaria:
3405 5768 3461 5821 in
3505 5767 3806 5829 Leviticum;
