4006 6426
241 444 382 514 1453

1670 439 2099 504 SERMONES.

3369 422 3502 486 1454

313 565 467 619 Hanc
487 562 768 618 [manilium
794 577 953 632 quam
1011 559 1357 628 Combeﬁsius
1411 561 1644 630 vulgari!
1671 576 1734 612 ex
1768 548 1968 611 vetusto
2002 556 2176 610 codice
2205 569 2347 624 regio
2387 552 2441 604 in
2474 546 2711 631 ductarii
2752 543 2880 625 novi
2921 550 3059 594 tomo
3095 538 3224 663 ι
3261 537 3507 593 743—774

338 635 487 663 -..:...
525 651 646 663 .......
685 633 922 663 ...ημεηω
953 632 1042 663 ...ιι
1081 633 1291 663 ..ηωε-η,
1320 629 1491 663 ροηονε
1561 631 1865 663 Αηιεηι-ιωηε
1906 628 2101 663 m-ndiit
2141 628 2191 663 in
2265 622 2625 663 (Iullmidmnn
2701 613 3021 663 Bibliotheca
3060 618 3098 663 ι.
3190 611 3254 663 Ι.
3294 625 3346 663 υ.
3375 607 3502 663 ἳῗὶί.

229 645 280 690 et
1081 613 1865 705 nomineﬁeverifAntioQIeni
1899 628 2102 705 prodiit
2140 628 2225 705 in”
2253 613 3021 705 illallundi‘ﬁngmliib[toi/ww
3060 618 3098 664 ι-

3239 648 3254 673 ,
3294 625 3346 677 p.
3375 607 3502 673 2:21,

232 687 500 778 legere'est
523 687 674 759 'inter
710 703 885 773 Opera
919 700 974 756 S.
1016 700 1260 770 Gregorii
1286 701 1511 770 Nysseni
1534 699 1692 766 hujus
1720 687 2041 768 Patr-elogia:
2072 708 2109 748 ι.
2149 694 2238 749 XL
2253 693 2343 758 VI,
2381 708 2434 760 p.
2468 687 2750 754 627-659..)

649 839 829 910 (Picus
855 841 1238 908 interpretatus
1270 846 1345 890 est
1365 853 1382 902 ;
1408 838 1571 890 edidit
1590 837 1817 891 Ducena
1845 836 2104 906 supplem.
2133 833 2378 887 Biblioth.
2418 830 2665 891 Patrum,
2697 836 2736 880 t.
2773 825 2840 890 lt,
2877 840 2933 894 p.
2969 822 3120 892 417.)

990 955 1064 1011 Δ’.

247 1088 547 1159 Ἡσυχίου
599 1089 1008 1156 πρεσϐύτερον
1063 1089 1524 1157 Ἰεροσολύμων,
1576 1087 1664 1150 εἱς
1713 1083 1827 1152 τὴν

561 1159 742 1228 ἁγίαν
773 1159 1010 1226 Μαρίαν
1049 1159 1164 1217 τὴν
1193 1162 1506 1213 Θεοτόκον.

308 1271 472 1326 Πᾶσα
506 1270 606 1340 μὲν
639 1271 829 1342 μνήμη
876 1269 1103 1323 δικαίων
1153 1269 1534 1340 πανεύφημος,
1559 1268 1652 1322 καὶ
1678 1270 1828 1322 πᾶσα.

233 1368 548 1436 πανήγυρις
583 1364 849 1434 θεοφιλῶν
881 1365 1134 1435 εὐκλεὴς,
1179 1366 1381 1429 πάντες
1431 1367 1570 1438 ὑπὲρ
1614 1370 1714 1438 τῆς
1739 1367 1828 1419 εύ-

234 1455 458 1519 σεϐείας
492 1455 844 1526 ἠρίστευσαν,
880 1456 1084 1518 πάντες
1132 1456 1256 1519 τοὺς
1308 1457 1501 1521 πόνους
1549 1457 1689 1529 ὑπὲρ
1727 1457 1828 1524 τῆς

233 1546 475 1617 ἀληθοῦς
503 1546 798 1618 ὁμολογίας
828 1545 1176 1612 ὑπεδέξαντο,
1222 1547 1426 1611 πάντες
1457 1548 1544 1602 διὰ
1574 1550 1697 1611 τοὺς
1730 1549 1828 1618 τῆς

233 1636 498 1708 ἀληθείας
553 1638 851 1709 στεφάνους
907 1640 1023 1701 τοῖς
1076 1638 1338 1703 κινδύνοις
1394 1640 1821 1711 ὲνεϐόικχευσαν.

249 1727 317 1781 Ἦ
350 1729 409 1782 δὲ
441 1728 693 1800 παροῦσα
723 1730 816 1783 νῦν
845 1729 1031 1801 ἡμέρα
1064 1731 1160 1800 τῆς
1208 1731 1405 1803 ἑορτῆς
1454 1732 1829 1804 ὑπερένδοξος.

233 1821 522 1894 Παρθένου
569 1822 678 1892 γὰρ
726 1823 975 1894 περιέχει
1022 1825 1358 1895 πανήγυριν,
1405 1826 1528 1894 ἥτις
1577 1826 1833 1880 τοσοῦτον

236 1911 775 1980 ὖπερέϐαλεπάσας,
804 1913 879 1976 ὡς
904 1913 998 1966 καὶ
1024 1915 1188 1968 αὐτὸν
1223 1915 1314 1968 τὸν
1345 1915 1478 1968 Θεὸν
1510 1915 1683 1982 Λόγον
1716 1915 1832 1968 ὲθέο

2669 943 2755 999 ιν.

1937 1085 2180 1156 Hesychii
2209 1083 2494 1156 presbyteri
2520 1078 2991 1156 Hierosolymitani
3022 1079 3084 1132 de
3111 1086 3296 1131 sancta
3333 1077 3508 1131 Maria

2457 1153 2685 1218 Deipara
2721 1148 2978 1203 Moniilia.

2005 1267 2195 1324 Omnis
2235 1267 2482 1339 profecto
2510 1266 2769 1322 memoria
2801 1267 3074 1336 justorum
3107 1265 3234 1318 totis
3259 1263 3400 1318 votis
3426 1270 3510 1317 est

1939 1361 2296 1422 celebranda,
2349 1371 2404 1414 et
2459 1360 2638 1414 omnis
2699 1358 3020 1413 solemnitas
3075 1358 3375 1410 amicorum
3412 1354 3506 1407 Dei

1933 1454 2188 1524 gloriosa.
2219 1453 2414 1507 Cuncti
2447 1453 2592 1506 enim
2619 1451 2896 1519 religionis
2921 1467 3050 1520 ergo
3085 1449 3298 1503 fortiter
3357 1448 3506 1500 fece-

1936 1555 2102 1612 runt,
2155 1546 2338 1600 cuncti
2397 1561 2496 1615 pro
2561 1544 2911 1599 confessione
2967 1558 3094 1597 vera
3145 1550 3508 1609 susceperunt

1935 1639 2179 1693 labores:
2218 1636 2421 1700 cuncti,
2451 1644 2510 1690 ut
2543 1651 2776 1690 coronas
2815 1633 3059 1689 veritatis
3107 1646 3509 1702 consequeren-

1940 1738 2046 1793 tur,
2099 1729 2268 1783 veluti
2320 1728 2548 1782 numine
2601 1727 2790 1781 divino
2851 1727 3018 1791 ducti,
3082 1725 3340 1795 periculis
3388 1739 3508 1778 sese

1934 1821 2278 1891 objecerunt.
2313 1821 2414 1876 Hic
2441 1831 2623 1876 autem
2665 1821 2783 1875 dies
2811 1820 2983 1874 festus
3010 1820 3101 1888 qui
3126 1835 3272 1872 nunc
3307 1817 3506 1888 agitur,

1935 1928 2155 1967 onlnem
2211 1913 2440 1984 gloriam
2519 1921 2777 1983 superat,
2837 1912 3172 1981 utpote‘qui
3233 1912 3511 1965 contineat

233 2001 403 2056 λοντα
448 2002 816 2069 ὑποδέξασθαι
865 2004 1186 2076 χωρηθέντα
1233 2007 1363 2077 παρ’
1393 2007 1567 2077 αὐτῆς
1611 2008 1830 2060 ἀστενο-

1935 2004 2334 2059 solemnitatem
2359 2003 2617 2073 Virginis,
2663 2021 2784 2073 quae
2838 2019 3008 2072 usque
3065 2002 3200 2055 adeo
3254 2001 3510 2055 omnibus

233 2095 526 2166 χωρήτως.
571 2095 713 2166 Πρὸς
749 2097 812 2167 ἢν
844 2097 951 2168 πρὸ
976 2096 1070 2150 τοῦ
1107 2098 1310 2162 παντὸς
1354 2101 1382 2151 ὁ
1410 2098 1516 2152 τῶν
1551 2099 1829 2170 ἀρχαγγέ-

232 2187 346 2241 λων
403 2189 650 2260 Γαϐριὴλ
704 2189 974 2258 ἀνεϐόησε
1016 2189 1254 2260 πρῶτος,
1306 2190 1480 2258 Χαῖρε
1516 2208 1833 2258 κεχαριτω-

227 2279 412 2348 μένη,
448 2282 481 2334 ὁ
505 2281 718 2348 Κύριος
735 2281 886 2349 μετὰ
914 2280 1054 2334 σοῦ.
1094 2281 1240 2335 Ἰδοὺ
1275 2282 1386 2350 γὰρ
1417 2283 1716 2350 συλλήψῃ
1764 2281 1833 2335 ἐν

235 2371 475 2440 γαστρὶ,
515 2373 615 2426 καὶ
663 2372 807 2441 τέξῃ
860 2374 1034 2440 υἱὸν,
1071 2373 1170 2427 καὶ
1220 2375 1501 2441 καλέσεις
1532 2374 1597 2428 τό
1643 2375 1833 2443 ὄνομα

233 2464 433 2518 αὑτοῦ
488 2465 888 2534 Ἐμμανουήλ.
944 2466 1136 2537 Χαρᾶς
1180 2467 1340 2531 εὐθὺς
1374 2467 1517 2538 ἀρχὴ
1561 2467 1698 2537 πρὸς
1733 2467 1832 2521 αύ-

236 2557 362 2623 τὴν,
397 2555 462 2608 τὰ
490 2556 642 2627 παρὰ
668 2556 760 2609 τοῦ
799 2558 1040 2629 Γαϐριὴλ
1071 2559 1385 2628 εὐαγγέλια.
1455 2559 1675 2628 Ἐπειδὴ
1722 2559 1832 2629 γὰρ

239 2651 275 2720 ἡ
340 2648 534 2720 πρώτη
596 2649 862 2720 παρθένος
901 2653 1021 2712 ταῖς
1061 2651 1158 2719 τῆς
1226 2651 1554 2720 ἀποφάσεως
1613 2650 1706 2704 ὲπὶ
1765 2653 1829 2721 τῇ

239 2741 556 2812 παραϐάσει
590 2741 1036 2814 περιεκέκ).ειστο
1075 2743 1293 2806 λύπαις,
1339 2745 1435 2797 καὶ
1467 2743 1535 2796 τὰ
1565 2743 1673 2795 τῶν
1704 2759 1828 2795 στε-

237 2835 472 2905 ναγμῶν
512 2835 570 2900 ἐξ
599 2835 769 2904 αὐτῆς
802 2834 1087 2887 ἀνέϐαινον
1138 2834 1352 2905 πλήθη’
1386 2834 1480 2887 καὶ
1525 2837 1673 2887 πᾶσα
1694 2834 1830 2904 γυνὴ

238 2927 308 2980 δι’
341 2925 509 2997 αὐτὴν
541 2929 598 2979 ὲν
628 2925 815 2997 ὀδύνῃ,
862 2930 953 2979 καὶ
984 2927 1140 2990 τόκος
1183 2927 1327 2991 ἄπας
1353 2927 1418 2980 δι’
1452 2926 1624 2998 αὐτὴν
1653 2929 1708 2979 ἐν
1740 2943 1831 2978 πι-

239 3019 379 3088 κρία
398 3034 411 3047 ·
445 3018 477 3088 ἡ
507 3015 738 3087 δευτέρα
764 3017 1032 3086 παρθένος
1091 3017 1179 3070 διὰ
1207 3018 1304 3088 τῆς
1351 3017 1744 3089 προσηγορίας,
1773 3017 1833 3069 τὸ

239 3108 338 3161 τοῦ
368 3108 558 3177 θήλεος
587 3111 694 3162 πᾶν
725 3107 974 3178 θλιϐερὸν
1006 3107 1287 3172 ἀπώσατο,
1317 3110 1410 3161 καὶ
1437 3110 1620 3162 πᾶσαν
1650 3108 1830 3177 λύπης

242 3199 430 3271 πηγὴν
460 3202 553 3253 ἐπὶ
577 3201 690 3263 τοῖς
717 3200 895 3261 τόκοις
926 3199 1214 3271 ἐνέφραξε,
1248 3199 1344 3253 καὶ
1369 3200 1427 3253 τὸ
1458 3203 1558 3270 τῆς
1591 3199 1830 3269 ἀθυμίας

239 3294 338 3346 ἐπὶ
366 3295 433 3364 τῇ
479 3293 794 3364 τεκνογονίᾳ
839 3293 947 3344 τῶν
977 3291 1253 3360 γυναικῶν
1279 3292 1590 3345 διεσκέδασε
1633 3291 1791 3359 νέφος
1811 3306 1824 3320 °

243 3388 342 3441 καὶ
361 3386 432 3446 τὰ
458 3389 558 3456 τῆς
585 3387 760 3457 χαρᾶς
781 3386 880 3449 τὰς
902 3386 1208 3456 ὁμοφύλους
1237 3385 1618 3456 περιήστραψε
1649 3385 1824 3454 φῶτα,

244 3477 402 3549 παρὰ
443 3477 536 3530 τοῦ
584 3477 623 3529 Γ
627 3475 824 3548 αϐριὴλ
867 3477 1248 3536 ὲπακούσασα,
1293 3475 1470 3544 Χαῖρε
1512 3492 1828 3544 κεχαριτω-

240 3571 420 3640 μένη,
447 3573 480 3625 ό
511 3571 722 3638 Κύριος
740 3571 892 3639 μετὰ
921 3572 1064 3635 σοῦ,
1090 3571 1188 3641 οὐχ
1219 3571 1397 3640 ἠσυχῆ
1423 3569 1512 3622 τὸν
1538 3567 1827 3637 ἀσπασμὸν

248 3662 488 3728 ἐδέξατο,
520 3661 655 3714 ἀλλὰ
685 3661 785 3730 τῆς
821 3661 1080 3732 τοιαύτης
1109 3661 1291 3730 φωνῆς
1318 3659 1694 3724 ὲπακούσασα,
1735 3657 1828 3710 καὶ

247 3753 341 3805 τὸν
397 3751 734 3822 ἀρχάγγελον
778 3751 1017 3823 Γαϐριὴλ
1073 3752 1398 3822 θεωρήσασα
1433 3749 1574 3802 κατὰ
1617 3747 1714 3818 τὴν
1753 3749 1829 3799 ol-

249 3845 377 3898 κίαν
417 3844 568 3915 παρὰ
597 3845 876 3916 πρόθεσιν,
920 3843 1016 3896 καὶ
1059 3846 1157 3913 τῆς
1201 3842 1329 3911 περὶ
1361 3841 1450 3892 τὸν
1497 3839 1656 3891 τόκον
1700 3837 1828 3899 τοὺς

248 3936 544 4006 λογισμοὺς
600 3935 1033 4006 συγκλονηθεῐσα
1088 3933 1306 4003 φωνῆς,
1359 3929 1616 3993 τοιαύτας
1675 3929 1830 3991 τινὰς

250 4028 392 4099 πρὸς
431 4028 521 4080 τὸν
563 4027 934 4097 ἀρχάγγελον,
980 4025 1056 4088 ὡς
1100 4026 1264 4090 εἰκὸς,
1318 4023 1686 4094 προύϐάλλετο
1733 4024 1829 4092 ῥή-

252 4137 392 4185 σεις,
423 4120 583 4186 Ὀλα,
625 4121 880 4188 λέγουσα,
919 4117 1197 4189 παράδοξα
1220 4118 1311 4170 καλ¹
1359 4115 1483 4180 ξένα
1516 4114 1629 4185 ὁρῶ
1661 4116 1833 4184 σήμε-

249 4230 348 4286 ρον
384 4213 476 4266 ἑπὶ
505 4212 620 4266 σοῦ.
655 4213 765 4265 Καὶ
789 4211 868 4276 τὸ,
892 4211 1015 4274 Πῶς
1045 4209 1348 4280 ἐτόλμησας
1381 4209 1456 4279 μὴ
1493 4224 1831 4278 μεμνηστευ-

251 4307 397 4379 μένῃ
427 4305 671 4368 αὐθαδῶς
700 4304 960 4372 ἐπιϐῆναι
995 4303 1269 4373 παρθένῳ,
1312 4304 1407 4356 καὶ
1447 4301 1555 4353 τῶν
1584 4301 1830 4354 ἀπίστων

252 4413 353 4450 σου
405 4396 666 4467 ῥημάτων
710 4395 770 4447 τὸ
813 4395 1077 4463 κήρυγμα
1127 4396 1333 4462 φᾶναι;
1379 4393 1574 4461 Λέγεις
1617 4392 1726 4460 γάρ
1763 4406 1830 4460 με

249 4489 459 4541 τίκτειν
506 4487 633 4541 ἄνευ
689 4486 892 4555 σπόρου
949 4484 1193 4537 παιδίον
1257 4484 1388 4537 ἄνευ
1456 4483 1634 4551 γάμου
1694 4480 1831 4551 ἔφης

254 4581 572 4646 συλλαϐεῖν,
602 4580 730 4634 ἄνευ
765 4579 1050 4649 συντυχίας
1082 4578 1174 4630 καὶ
1214 4576 1431 4646 ὁμιλίας
1467 4573 1656 4641 ἀνδρὸς
1690 4589 1829 4642 καρ-

1933 2096 2230 2154 antecellit.
2267 2106 2325 2150 ut
2357 2096 2529 2164 ipsum
2563 2097 2728 2149 Deum
2765 2095 3002 2150 Verbum
3040 2095 3312 2149 volentem
3329 2106 3515 2146 susce-

1933 2187 2096 2256 perit,
2132 2201 2294 2254 quem
2337 2185 2455 2256 ipsa
2495 2185 2629 2240 citra
2656 2186 2819 2240 ullam
2873 2186 2977 2240 loci
3026 2186 3328 2256 angustiam
3358 2199 3510 2238 com-

1933 2278 2246 2347 prehendit.
2271 2277 2355 2333 Ad
2388 2294 2548 2347 quam
2579 2287 2707 2332 ante
2747 2277 2929 2342 omnia
2959 2277 3172 2332 Gabriel
3205 2279 3508 2348 archange-

1935 2370 2019 2424 lus
2059 2369 2269 2438 primus
2291 2369 2633 2430 exclamavit,
2663 2369 2769 2422 Ave
2807 2371 2982 2439 gratia
3031 2369 3207 2438 plena,
3256 2369 3510 2423 Dominus

1933 2473 2140 2516 tecum:
2192 2477 2307 2513 ecce
2360 2462 2499 2513 enim
2543 2461 2804 2528 concipies
2856 2462 2912 2512 in
2973 2470 3156 2522 utero,
3225 2471 3273 2513 et
3333 2461 3509 2529 paries

1935 2557 2160 2616 Filium,
2202 2565 2250 2609 et
2279 2555 2487 2608 vocabis
2537 2571 2722 2608 nomen
2744 2554 2858 2623 ejus
2902 2554 3274 2608 Emmanuel‘.
3309 2553 3507 2608 Fausta

1931 2650 2198 2704 Gabrielis
2237 2647 2428 2702 nuntia
2455 2647 2683 2702 fuerunt
2720 2647 2793 2700 illi
2846 2663 2970 2701 mox
3017 2646 3233 2700 initium
3283 2646 3503 2700 laetitizn.

1931 2744 2067 2796 Cum
2131 2744 2277 2797 enim
2332 2743 2506 2812 prima
2548 2743 2701 2810 virgo
2759 2742 3186 2796 concluderetur
3243 2741 3509 2796 molestiis

1932 2851 2029 2903 per
2045 2835 2375 2889 sententiam
2396 2835 2903 2889 condemnatoriam
2925 2833 2996 2888 ob
3021 2832 3505 2904 transgressionem

1932 2925 2166 2990 inﬂictis,
2192 2935 2247 2981 et
2283 2926 2352 2980 ab
2368 2942 2430 2981 ea
2461 2927 2695 2995 gemitus
2727 2925 2944 2996 plurimi
2977 2925 3276 2994 prodirent,
3302 2925 3507 2980 omnis-

1929 3034 2036 3087 que
2065 3019 2278 3080 mulier,
2307 3018 2452 3071 illius
2472 3033 2656 3082 causa,
2691 3018 2744 3070 in
2792 3017 2978 3072 dolore
3013 3024 3158 3070 esset
3188 3016 3503 3079 constituta,

1929 3121 1984 3163 et
2017 3118 2204 3180 partus
2225 3111 2404 3165 omnis
2421 3120 2645 3180 propter
2676 3125 2795 3163 eam
2829 3109 3179 3164 acerbitatem
3207 3116 3503 3178 pateretur,

1930 3203 2169 3256 secunda
2236 3203 2388 3272 virgo
2435 3217 2502 3256 ex
2559 3202 3005 3256 denominatione
3055 3203 3218 3255 etiam
3262 3202 3504 3273 angelica

1931 3292 2205 3347 miseriam
2230 3307 2447 3347 omnem
2477 3291 2695 3346 feminei
2724 3307 2888 3346 sexus
2911 3292 3129 3361 repulit.
3176 3306 3504 3360 omnemqte

1938 3386 2169 3440 tristitiae
2208 3385 2414 3440 fontem
2448 3386 2540 3455 qui
2585 3385 2726 3438 inter
2761 3385 3081 3454 pariendum
3108 3385 3303 3439 adesse
3341 3385 3499 3450 solet,

1929 3477 2218 3542 obstruxit,
2257 3486 2312 3531 et
2344 3476 2546 3530 nubem
2583 3474 3007 3544 desperationis,
3033 3489 3138 3543 qua
3182 3484 3504 3543 premuntur

1931 3567 2190 3621 mulieres
2245 3568 2300 3621 in
2348 3576 2528 3636 partu,
2581 3564 2898 3634 dissipavit:
2952 3572 3010 3618 et
3053 3563 3258 3617 lumina
3307 3563 3503 3619 laetitia:

1931 3657 2077 3728 apud
2131 3656 2469 3711 contribules
2529 3669 2822 3710 coruscare
2883 3653 3031 3708 fecit.
3096 3655 3232 3708 Dum
3289 3655 3503 3709 audiret

1930 3748 2112 3818 itaque
2139 3764 2168 3800 a
2193 3747 2466 3809 Gabriele,
2489 3747 2595 3800 Ave
2613 3746 2786 3815 gratia
2817 3745 2994 3814 plena,
3028 3746 3282 3799 Dominus
3309 3755 3501 3810 terum,

1931 3855 2041 3894 non
2069 3839 2284 3909 excepit
2306 3839 2689 3894 salutationem
2716 3838 3008 3907 tranquillo
3034 3839 3236 3904 animo,
3259 3839 3354 3894 sed
3379 3854 3503 3893 cum

1933 3933 2092 3986 talem
2121 3948 2308 3987 vocem
2339 3932 2672 3994 exaudisset,
2702 3938 2758 3984 et
2779 3929 3087 3984 Gabrielem
3119 3930 3503 4000 archangelum

1932 4023 2126 4078 intuita
2149 4023 2296 4077 domi
2317 4038 2383 4077 ex
2410 4022 2708 4090 insperato,
2739 4029 2794 4075 et
2814 4021 2884 4075 ob
2912 4035 3101 4075 vocem
3131 4021 3199 4076 de
3220 4021 3502 4090 pariendo,

1932 4118 2266 4186 cogitatione
2299 4117 2615 4186 perturbata
2644 4123 2812 4178 esset,
2847 4115 2984 4169 tales
3014 4116 3273 4183 quasdam
3299 4116 3379 4186 (ut
3409 4131 3506 4169 ve-
3609 4128 3618 4136 '

1934 4211 2161 4265 risimile
2188 4211 2292 4279 est)
2322 4207 2612 4278 abjiciebat
2635 4206 2903 4261 Gabrielis
2933 4205 3503 4268 locutiones:0mnia.

1936 4306 2210 4375 inquiens,
2233 4312 2428 4373 praeter
2460 4303 2799 4372 opinionem,
2827 4309 2881 4354 et
2919 4300 3207 4369 peregrina
3246 4301 3406 4353 video
3451 4302 3505 4353 in

1934 4410 1986 4454 te
2017 4399 2200 4454 hodie.
2250 4398 2314 4450 Et
2371 4395 2553 4450 istud:
2607 4393 2727 4458 Quo
2777 4402 2937 4462 pacto
2975 4408 3140 4446 ausus
3195 4407 3254 4445 es
3302 4401 3507 4446 temere

1935 4487 2196 4540 accedere
2227 4484 2294 4537 ad
2333 4483 2600 4551 virginem
2633 4496 2741 4534 non
2787 4480 3191 4548 deSponsatam,
3223 4489 3276 4533 et
3323 4480 3503 4533 incre-

1934 4580 2121 4635 dibilia
2164 4577 2329 4632 verba
2377 4573 2709 4646 praedicare?
2748 4572 2839 4626 Ais
2886 4571 3032 4625 enim
3078 4586 3164 4624 me
3206 4571 3504 4640 parituram

252 4673 562 4743 nayovﬁoat
589 4672 650 4724 τὸ
681 4671 772 4741 τῆς
797 4671 1011 4741 μήτρας
1037 4668 1256 4738 χωρίον.
1294 4666 1389 4729 Τίς
1416 4667 1490 4717 ἴδε
1511 4707 1526 4729 ,
1557 4663 1640 4726 τίς
1667 4664 1830 4734 ἡκου-

1936 4687 2166 4742 puerum
2197 4669 2404 4736 absque
2427 4665 2658 4729 semine,
2697 4672 3088 4732 concepturam
3119 4662 3300 4717 dixisti
3345 4663 3506 4717 nullis

255 4783 350 4820 σεν
387 4765 446 4831 ἐξ
478 4763 880 4835 ἀρουρογονίας
915 4761 975 4814 τὸ
1006 4759 1274 4830 πρότερον
1317 4756 1560 4828 ἄρουραν
1616 4753 1830 4824 ἀγεώρ-

253 4874 422 4931 γητον
456 4857 833 4928 ἐξανθήσασαν
861 4855 1125 4923 ἄσταχυν,
1173 4852 1206 4922 ἢ
1255 4850 1358 4920 γῆν
1390 4849 1698 4918 ἀφύτευτον
1747 4845 1834 4915 βό-

1933 4763 2140 4833 nuptiis
2166 4757 2690 4815 intervenientibus:
2721 4755 2960 4809 loculum
2992 4754 3132 4808 uteri
3166 4755 3370 4822 absque
3398 4753 3505 4807 ulla

1934 4873 2059 4912 cum
2089 4857 2206 4910 viro
2232 4851 2638 4907 cohabitatione
2665 4857 2720 4902 et
2768 4846 3188 4900 conversatione
3227 4846 3505 4899 editurum

251 4969 391 5024 τρυν
434 4951 838 5022 βλαστήσασαν,
870 4943 1010 5026 σξιον
1041 4944 1170 4999 ἄνευ
1201 4940 1472 5013 ἀμπέλου,
1511 4939 1544 5010 ἢ
1593 4936 1830 5005 ποταμὸν

1937 4949 2196 5001 fructum.
2231 4941 2368 5008 Quis
2409 4939 2564 5000 vidit,
2606 4937 2729 5006 quis
2747 4931 3504 5006 audivitfertiliumagrorum

253 5045 387 5099 ἄνευ
417 5042 602 5112 πηγῆς
631 5041 923 5112 προῖόντα;
952 5040 1088 5107 ὅπερ
1120 5035 1294 5096 οὐδεὶς
1330 5030 1562 5102 πρώτων
1597 5027 1833 5090 αἰώνων,

252 5135 289 5206 ἢ
323 5137 437 5197 τοῖς
465 5133 597 5186 ὠσὶν
631 5133 886 5204 ἤκουσεν,
927 5130 960 5200 ἢ
1006 5128 1360 5181 κατώπτευσε
1391 5123 1503 5185 τοῖς
1533 5119 1832 5188 ὀφθαλμοῖς

253 5227 502 5298 γεγονός.
539 5224 664 5288 Πῶς
699 5221 974 5277 πιστεύσω
1007 5237 1090 5273 σοι
1124 5217 1265 5290 πρὸς
1302 5217 1403 5285 ἐμὲ
1434 5211 1828 5285 κωμῳδοῦντι;

325 5385 345 5419 ⁸
365 5385 499 5440 Luc.
531 5397 570 5449 1,
600 5381 688 5447 28,
713 5378 801 5434 50.

1934 5049 2144 5094 naturae
2169 5035 2395 5105 peritus,
2448 5039 2609 5084 antea
2643 5043 2832 5098 agrum
2881 5027 3145 5105 incultum
3189 5026 3508 5096 produxisse

1939 5132 2178 5202 spicam,
2247 5133 2341 5179 aut
2398 5131 2598 5177 terram
2652 5135 2765 5174 non
2825 5118 3120 5188 plantatam
3171 5117 3508 5188 germinasse

1939 5238 2123 5286 uvam,
2159 5219 2343 5274 vinum
2371 5213 2489 5270 sine
2535 5213 2680 5277 vite,
2739 5220 2833 5265 aut
2861 5209 3081 5265 ﬂuvium
3130 5210 3335 5279 absque
3362 5208 3510 5264 fonte

1699 5496 1928 5552 NOTAE.

259 5650 452 5720 sicque
516 5648 836 5720 existimant
895 5656 1174 5720 auctorem
1249 5642 1418 5720 huius
1461 5637 1714 5720 _llomilia::
1767 5651 1836 5717 ex

262 5708 580 5790 presbytero
597 5708 1577 5790 llierosolymitanoiactume]iisdem.
1593 5708 1838 5790 ecclesiae

261 5779 607 5858 Episcopum,
653 5779 882 5857 esseque
914 5788 1062 5858 illum
1088 5779 1412 5858 llesychiu'm
1439 5781 1529 5849 qui
1556 5780 1619 5858 in
1649 5779 1837 5856 ordine

263 5848 882 5930 llierosblyniitanorum
941 5848 1258 5910 Antistitu'm
1317 5848 1638 5908 numeratur
1671 5848 1831 5917 quin-

1941 5629 2292 5701 quagesimus
2319 5638 2497 5680 nonus
2524 5622 2576 5676 in
2604 5619 2969 5701 Chronologja
2997 5616 3168 5696 sancti
3192 5614 3508 5701 ξκξίιτοριιοτίΞ

1945 5684 2303 5766 ἧοτῖἱὶεςθίιιιο
2368 5706 2611 5766 tempore
2633 5690 2833 5766 ‘sancti
2885 5684 3154 5766 Gregorii,
3191 5684 3512 5766 itaqu-iam

1945 5755 2107 5840 quem
2142 5755 2321 5840 exstat
2351 5755 2597 5840 ejusdem
2632 5758 2891 5840 Epirtol'a,
2932 5771 3051 5835 qua}
3080 5765 3164 5836 est
3212 5756 3280 5810 όιυ
3304 5755 3428 5810 libri
3459 5770 3512 5808 Ix

1941 5825 2191 5911 lli-gistri.
2215 5825 2452 5890 Consule
2481 5825 2801 5902 apparatum
2829 5825 3131 5882 Possevini.
