4006 6404
482 428 620 495 1155

1671 429 2037 491 HESYCHII
2076 430 2554 491 PRESBYTERI

3614 428 3754 490 iisti

480 539 1064 617 prodeuntem?Quod
1099 539 1320 610 quidem
1363 554 1526 595 nemo
1564 554 1627 593 ex
1662 539 1856 608 primis
1887 556 2060 594 saecu-

2171 542 2231 593 Τί
2260 539 2350 594 οὖν
2377 545 2404 594 6
2449 542 2692 613 Γαϐριὴλ
2721 542 2856 612 πρὸς
2880 541 3056 611 αὐτὴν
3092 541 3530 603 δυσπιστοῦσαν;
3569 545 3755 608 ’ὓπερ

481 631 548 684 lis
576 627 784 683 audivit
813 625 1060 690 auribus,
1085 632 1180 678 aut
1205 623 1378 677 oculis
1432 624 1719 692 conspexit
1765 623 2054 677 accidisse.

481 719 597 786 Qua
648 718 860 772 ratione
924 715 1021 770 tibi
1072 714 1232 768 fidem
1288 712 1506 767 habebo
1557 727 1644 765 me
1696 711 2058 782 suggillanti?

481 813 622 879 Quid
667 827 796 881 ergo
857 809 1075 865 Gabriel
1127 808 1177 862 ei
1242 807 1517 862 haesitanti
1568 805 1890 874 respondit?
1940 806 2058 859 Dixi

483 906 628 975 quod
664 903 849 965 didici,
882 902 1026 971 quod
1061 900 1240 953 audivi
1291 899 1483 968 loquor
1515 917 1528 952 :
1567 897 1797 964 Spiritus
1848 906 2059 950 sanctus

483 998 809 1068 superveniet
858 997 913 1048 in
975 1005 1041 1058 te,
1091 1005 1139 1046 et
1191 994 1360 1046 virtus
1416 991 1674 1044 Altissimi
1735 991 2058 1043 obumbrabit

487 1092 598 1146 tibi.
633 1091 860 1159 Ideoque
886 1088 1023 1157 quod
1052 1096 1298 1138 nascetur
1319 1101 1383 1138 ex
1414 1094 1461 1136 te
1482 1092 1748 1144 sanctum,
1791 1081 2062 1136 vocabitur

489 1186 654 1241 Filius
703 1183 870 1247 Dei’;
925 1190 1180 1248 tanquam
1215 1178 1260 1231 is
1290 1177 1420 1230 sita
1469 1192 1598 1244 quo,
1635 1185 1690 1228 et
1728 1176 1878 1228 velut
1906 1174 1953 1226 is
1994 1174 2060 1226 ad

486 1293 648 1348 quem
681 1273 861 1328 omnis
891 1279 1164 1331 creatura,
1201 1279 1454 1336 tanquam
1509 1266 1738 1320 Creator
1785 1273 1841 1319 et
1870 1263 2062 1333 Opifex

487 1368 785 1431 omnium,
848 1375 1107 1433 tanquam
1177 1362 1501 1416 saeculorum
1572 1359 1753 1421 Pater,
1803 1367 2061 1424 tanquam

487 1460 668 1515 saeculi
699 1473 918 1528 parens.
941 1465 1198 1524 tauquam
1226 1454 1471 1508 omnium
1500 1452 1774 1514 conditor,
1805 1459 2061 1518 tanquam

486 1550 640 1604 caelis
698 1547 993 1616 antiquior,
1048 1553 1307 1612 tanquam
1361 1541 1680 1613 angelorum
1742 1538 1946 1609 opifex,
2009 1548 2065 1591 et

487 1639 845 1697 humanitatis
894 1637 1180 1702 formator,
1250 1644 1510 1703 tanquam
1551 1632 1788 1701 denique
1837 1646 2060 1691 eorum,

487 1734 579 1804 qui
607 1732 808 1800 alioqui
838 1730 1071 1800 perituri
1110 1738 1317 1789 essent,
1379 1725 1627 1779 Salvator
1667 1742 1679 1778 :
1722 1732 1919 1792 praeter
1950 1722 2066 1776 haec

487 1825 626 1881 nihil
645 1839 866 1895 possum
887 1821 1230 1877 denuntiare.
1253 1819 1371 1874 Non
1390 1817 1557 1880 enim,
1584 1833 1616 1872 ο
1635 1815 1821 1886 Virgo,
1836 1813 2062 1868 manda-

2164 632 2390 704 ἔμαθον,
2434 629 2605 700 εἷπον,
2643 635 2778 707 ὅπερ
2823 635 3056 705 ηκουσα,
3087 635 3265 703 λέγωο
3300 636 3541 704 Πνεῦμα
3578 634 3756 704 ἅγιον

2164 727 2556 782 ἐπελεύσεται
2592 729 2688 782 ἐπὶ
2737 728 2830 790 σὲ,
2864 727 2964 781 καὶ
3003 727 3259 796 δύναμις
3305 729 3589 795 Ὑψίστου
3625 729 3745 779 ἐπι-

2167 818 2407 873 σκιάσει
2433 836 2552 873 σοι.
2586 821 2681 873 Διὸ
2722 820 2818 874 καὶ
2863 820 2930 872 τὸ
2964 819 3342 889 γεννώμενον
3369 819 3560 888 ἅγιον,
3599 825 3752 884 κλη-

2169 912 2416 980 θήσεται
2454 912 2587 978 Υἱὸς
2636 913 2784 966 Θεοῦ
2807 931 2820 943 ’
2850 912 3041 982 ὥσπερ
3093 911 3355 982 ὑπάρχων
3385 914 3519 982 πρὸς
3552 906 3641 974 οὗ,
3675 912 3752 974 ὡς

2125 1019 2130 1021 '
2167 1006 2303 1074 πρὶς
2329 1005 2388 1056 ὃν
2412 1005 2590 1074 πάσης
2619 1006 2872 1067 κτίσεως,
2904 1005 2980 1068 ὼς
3012 1005 3252 1076 Κτίστης
3281 1007 3375 1058 καὶ
3405 1007 3754 1076 Δημιουργὺς

2167 1096 2277 1148 τῶν
2313 1096 2590 1162 ἁπάντων,
2626 1098 2701 1160 ὡς
2727 1090 2854 1148 ’τῶν
2889 1099 3100 1150 αἰώνων
3155 1097 3367 1167 Πατὴρ,
3399 1098 3474 1160 ὡς
3523 1099 3620 1150 τοῦ
3663 1101 3755 1148 κό-

2170 1205 2307 1258 σμου
2345 1189 2650 1260 Γεννήτωρ,
2687 1187 2758 1252 ὡς
2807 1189 2900 1242 τοῦ
2953 1191 3162 1254 Παντὸς
3213 1192 3462 1262 ποιητὴς,
3520 1193 3596 1253 ὡς
3645 1192 3754 1243 τῶν

2168 1280 2414 1350 οὐρανῶν
2454 1281 2830 1356 ἀρχαιότερος,
2865 1280 2939 1345 ὡς
2970 1282 3084 1334 τῶν
3115 1283 3362 1350 ἀγγέλων
3391 1283 3752 1353 δημιουργὸς,

2168 1373 2244 1435 ώς
2293 1374 2392 1444 τῆς
2436 1375 2860 1446 ἁνθρωπότητος
2893 1375 3156 1445 πλάστης,
3193 1376 3268 1440 ὼς
3299 1377 3408 1428 τῶν
3441 1377 3756 1445 ἀπολλυμέ-

2168 1481 2274 1518 νων
2301 1466 2492 1535 Σωτήρ
2514 1482 2526 1495 ·
2561 1466 2714 1519 οὐδὲν
2743 1467 2902 1520 πλέον
2932 1467 3138 1521 τούτων
3169 1468 3535 1537 ἀπαγγέλλειν
3559 1469 3751 1537 ἰσχύω.

2171 1558 2244 1610 Οὐ
2279 1558 2388 1627 γὰρ
2417 1558 2478 1610 τὸ
2506 1559 2621 1622 πῶς
2649 1559 2831 1627 λέγειν
2874 1559 3275 1631 προσετάχθην,
3311 1561 3554 1631 Παρθένε
3575 1578 3588 1588 ·
3617 1561 3757 1612 ἀλλὰ

2171 1649 2264 1702 τοῦ
2291 1650 2701 1721 εὑαγγελισμοῦ
2732 1651 2869 1720 πρὸς
2899 1651 2958 1703 σὲ
2989 1652 3315 1724 διακονῆσαι
3334 1654 3402 1706 τὰ
3422 1653 3753 1724 πράγματα.

2170 1737 2432 1807 Θαύμαζε
2470 1734 2562 1792 οὖν
2600 1740 2696 1792 σὺν
2727 1740 2850 1808 ἐμοὶ
2896 1740 2957 1792 τὸ
2988 1742 3310 1810 μυστήριον,
3336 1743 3428 1794 καὶ
3470 1741 3757 1795 ἀνενδοιά-

2174 1848 2314 1894 στως
2367 1831 2524 1900 δέχου
2573 1831 2641 1884 τὰ
2695 1825 3012 1900 εὐαγγέλια.
3078 1833 3140 1885 Ἠ
3184 1833 3240 1885 δέ
3292 1850 3478 1903 φησιν,
3526 1834 3683 1888 Ἰδοὺ
3719 1835 3754 1899 ἡ

491 1929 604 1974 tum
631 1918 828 1980 habeo,
861 1925 922 1971 ut
951 1931 1050 1986 per
1074 1913 1285 1983 singula
1313 1912 1511 1975 dicam,
1531 1926 1640 1980 quo
1661 1917 1851 1980 pacto:
1888 1906 1983 1960 sed
2007 1912 2066 1959 ut

2171 1922 2357 1990 δούλη
2398 1923 2644 1991 Κυρίου,
2683 1923 2917 1990 γένοιτό
2963 1941 3062 1994 μοι
3111 1926 3260 1978 κατὰ
3304 1925 3372 1979 τὸ
3398 1925 3566 1993 ῥῆμά
3611 1940 3754 1978 σου.

490 2026 676 2066 earum
701 2025 884 2064 rerum
937 2006 1188 2062 minister
1220 2005 1320 2059 sim
1351 2019 1472 2073 qua:
1499 2002 1703 2056 faciunt
1730 1998 1796 2053 ad
1830 1997 2066 2052 faustum

490 2118 615 2174 erga
641 2111 692 2156 te
717 2099 994 2154 nuntium.
1011 2096 1299 2152 Admirare
1316 2095 1478 2165 igitur
1495 2108 1709 2148 mecum
1725 2091 2065 2161 mysterium,

491 2205 545 2250 ct
577 2196 721 2249 bona
753 2197 945 2247 nuntia
975 2191 1181 2260 absque
1205 2189 1550 2244 dubitatione
1579 2186 1788 2254 excipe.
1821 2185 1912 2238 llla
1937 2199 2066 2238 vero

491 2288 603 2341 ait:
633 2285 769 2339 Ecce
799 2284 999 2338 ancilla
1039 2282 1271 2345 Domini,
1314 2281 1407 2349 ﬁat
1444 2280 1574 2332 mihi
1622 2278 1906 2331 secundum
1947 2291 2066 2328 ver-

491 2379 613 2431 bhm
632 2376 824 2429 tuum'.
843 2373 953 2428 Nos
975 2373 1140 2440 igitur
1167 2370 1506 2424 nativitatem
1527 2365 1863 2419 Dominicam
1888 2359 2064 2417 edocti

491 2467 889 2539 archangelicis
934 2463 1284 2518 sermonibus
1327 2459 1621 2521 Gabriclis,
1671 2456 1990 2511 inccdamus
2035 2468 2066 2508 a

492 2571 644 2632 tergo
679 2560 889 2616 semitis
918 2558 1058 2628 ejus.
1097 2557 1228 2627 Ego,
1283 2551 1742 2624 quemadmodum
1799 2550 1908 2613 ille,
1957 2547 2067 2602 vim

494 2662 720 2722 partus,
785 2649 922 2704 citra
974 2646 1413 2717 disquisitionem
1473 2643 1778 2706 curiosam,
1827 2639 2068 2692 divinant

493 2759 730 2816 agnosco
751 2752 805 2797 et
842 2756 1076 2796 censeo:
1103 2739 1396 2795 didicimus
1450 2752 1480 2790 a
1514 2735 1684 2802 Magis
1704 2734 1745 2798 ⁸,
1781 2734 1888 2786 imo
1938 2745 2070 2786 vero

493 2838 747 2892 instructi
783 2851 1006 2898 sumus,
1049 2843 1110 2888 ut
1154 2849 1275 2888 eam
1330 2847 1446 2885 rem
1495 2829 1749 2899 religiose
1802 2826 2065 2880 colamus.

496 2931 600 2997 Qui
629 2930 848 2999 quidem
881 2927 1224 2997 inquirentes
1252 2925 1540 2987 infantem,
1577 2919 1733 2975 stella
1759 2920 1918 2984 duce,
1955 2933 2065 2971 non

2169 2015 2294 2079 Τοῖς
2325 2013 2754 2085 ἁρχαγγελικοῖς
2777 2015 2960 2068 τοίνυν
2992 2015 3085 2068 καὶ
3125 2017 3283 2087 ἡμεῖς
3317 2015 3755 2084 μαθητεύσωμεν

2166 2106 2348 2174 λόγοις
2375 2107 2469 2161 τοῦ
2499 2107 2743 2178 Γαϐριὴλ
2764 2108 2894 2179 περὶ
2923 2106 3024 2176 τῆς
3049 2107 3391 2176 Δεσποτικῆς
3420 2108 3754 2176 γεννήσεως,

2166 2203 2285 2263 ταῖς
2324 2200 2534 2253 ἐκείνου
2579 2200 2789 2270 τρίϐοις
2836 2199 3068 2252 κατόπιν
3098 2198 3430 2268 όδεύσωμεν.
3481 2198 3566 2261 Ὠς
3610 2199 3758 2251 ὲκεῖο

2168 2311 2256 2357 νος
2290 2281 2559 2357 ὲκθειόιξω
2593 2293 2944 2364 ἀπεριέργως
2987 2291 3082 2346 τοῦ
3131 2293 3293 2346 τόκου
3339 2292 3438 2362 τὴν
3478 2291 3714 2361 δύναμιν
3739 2308 3756 2321 ·

2170 2385 2326 2456 παρὰ
2366 2384 2475 2437 τῶν
2515 2384 2706 2453 μάγων
2739 2383 2983 2436 εὐσεϐεῖν
3027 2383 3391 2454 διδαχθῶμεν,
3449 2384 3652 2453 μᾶλλον
3698 2384 3757 2436 δὲ

2170 2475 2586 2545 παιδευθῶμεν,
2643 2475 2697 2528 οἵ
2737 2491 2882 2542 τινες
2931 2473 3222 2543 “rogits;
3270 2474 3330 2526 τὸ
3365 2474 3582 2546 βοέφος,
3630 2474 3757 2526 ποδ-

2168 2564 2428 2633 ηγοῦντος
2451 2565 2701 2635 ἀστέρος,
2722 2565 2822 2616 οὑκ
2847 2559 3009 2616 εἶπαν
3028 2564 3162 2634 πρὸς
3183 2565 3311 2627 τοὺς
3331 2567 3756 2634 ἐρωτωμένους,

2172 2655 2298 2716 Πῶς
2340 2655 2373 2722 ή
2417 2653 2680 2723 σύλληψις
2711 2653 2852 2719 θεία,
2905 2652 3025 2717 πῶς
3065 2654 3310 2724 ἄσπορος
3359 2645 3607 2724 ήνηδὺς,
3639 2655 3758 2718 πῶς

2170 2744 2409 2815 ἄφθορος
2447 2748 2473 2798 ὁ
2507 2745 2686 2808 τόκος,
2725 2745 2844 2808 πῶς
2878 2745 3018 2816 μετὰ
3049 2745 3139 2799 τὸν
3167 2746 3328 2798 τόκον
3357 2747 3416 2797 ἐν
3459 2747 3757 2816 παρϐένοις

2171 2839 2204 2907 ή
2237 2839 2446 2908 μήτηρ,
2481 2837 2597 2900 πῶς
2629 2836 2734 2890 ὑπό
2773 2839 3053 2900 ἐνιαυτοὺς
3086 2839 3114 2890 6
3148 2837 3354 2909 προὼν,
3393 2838 3508 2901 πῶς
3530 2841 3587 2891 ὲν
3623 2840 3755 2908 χρόο

2142 2929 2284 3006 ξνοις
2329 2934 2356 2984 6
2404 2930 2510 3000 πρὸ
2563 2930 2672 2983 τῶν
2712 2929 2947 2992 αἰώνων,
3003 2931 3118 2993 πῶς
3170 2933 3202 3000 ή
3248 2932 3350 3001 τῆς
3406 2933 3618 3002 μήτρας
3662 2933 3758 2984 τὶν

495 3019 754 3073 dixerunt
789 3018 872 3072 his
898 3032 1036 3086 quos
1076 3013 1505 3084 interrogabant,
1543 3009 1826 3076 Quomodo
1856 3007 1914 3060 tit
1938 3021 2068 3060 con-

2173 3020 2462 3092 ἀχώρητον
2508 3018 2758 3091 ἐχώρησε
2812 3020 2994 3089 φύσις,
3050 3021 3166 3085 πῶς
3218 3023 3413 3091 γέγονε
3466 3022 3625 3093 σὰρξ,
3678 3023 3756 3093 μὴ

497 3111 675 3180 ceptio
698 3109 925 3164 divina?
951 3107 1222 3176 quomodo
1255 3114 1442 3159 uterus
1489 3103 1607 3157 sine
1660 3101 1886 3164 semine,
1929 3112 2067 3168 quo-

496 3203 659 3257 modo
704 3207 892 3269 partus
953 3198 1322 3265 incorruptus,
1375 3193 1656 3259 Quomodo
1713 3199 1888 3244 mater
1945 3193 2064 3257 post

2169 3115 2398 3186 τραπεὶς
2426 3117 2454 3167 6
2482 3115 2774 3183 ἀσώματος
2797 3130 2812 3144 ’
2843 3115 2960 3177 πῶς
2990 3116 3018 3167 6
3060 3115 3192 3178 Θεὸς
3219 3115 3394 3182 Λόγος
3422 3118 3479 3168 ἐν
3509 3119 3574 3186 τῇ
3615 3133 3758 3184 παρ-

2172 3207 2357 3277 Θενικῇ
2417 3205 2662 3269 κενώσας
2713 3207 2904 3259 ἑαυτὸν
2951 3207 3108 3276 νηδύϊ
3165 3208 3557 3277 πανεὺφημος,
3618 3201 3759 3277 πρὶς

499 3303 712 3365 partum
747 3301 832 3346 est
881 3290 1048 3359 virgo,
1099 3286 1373 3357 quomodo
1399 3284 1688 3352 subjicitur
1741 3280 1920 3344 annis,
1976 3277 2068 3348 qui

2171 3268 2358 3350 δούλοό
2408 3297 2923 3369 μορφὴνέφρήτως
2963 3268 3024 3363 ἐξ
3069 3299 3240 3370 αὑτῆς
3287 3268 3601 3368 ἐσαρκώθη,
3637 3268 3758 3362 πῶς

496 3386 647 3456 prior
692 3383 798 3438 illis
857 3381 987 3444 est?
1029 3380 1304 3450 quomodo
1336 3387 1420 3432 est
1453 3377 1502 3430 in
1548 3386 1812 3444 tempore,
1863 3372 1952 3442 qui
1988 3377 2073 3424 est

497 3486 624 3531 ante
654 3472 1171 3543 szeeula?quomodo
1207 3478 1398 3522 natura
1434 3465 1570 3520 uteri
1606 3462 2073 3534 comprehendere

501 3565 678 3635 potuit
706 3579 853 3627 eum,
885 3563 972 3632 qui
1014 3569 1098 3614 est
1136 3555 1664 3628 incomprehensus?
1719 3553 1996 3623 quomodo
2029 3551 2073 3604 is

498 3655 702 3724 quiest
752 3655 1126 3722 incorporeus,
1187 3651 1306 3703 sine
1357 3646 1714 3702 conversione
1765 3644 1939 3697 factus
1991 3650 2075 3696 est

497 3746 656 3802 caro?
674 3744 947 3815 quomodo
980 3741 1119 3796 Deus
1143 3740 1378 3794 Verbum
1409 3739 1651 3807 seipsum
1679 3735 1996 3790 exinaniens
2019 3735 2074 3787 in

499 3846 659 3892 utero
689 3835 990 3907 virgineo',
1058 3849 1181 3887 cum
1213 3840 1363 3885 esset
1405 3828 1632 3899 insignis
1676 3835 1731 3881 et
1783 3826 2071 3895 gloriosus,

499 3927 673 3980 instar
700 3925 865 3986 servi,
896 3923 1060 3977 modo
1084 3919 1343 3975 indicibili
1395 3934 1459 3972 ex
1487 3933 1555 3972 eo
1596 3916 1912 3970 incarnatus
1955 3916 2074 3969 est?

499 4017 777 4089 quomodo
799 4017 853 4070 id
881 4014 1022 4084 quod
1045 4020 1132 4068 est
1151 4011 1473 4082 perfectum,
1499 4007 1679 4063 infans
1709 4024 1829 4063 esse
1853 4008 2075 4078 potest?

499 4107 776 4178 quomodo
802 4106 886 4159 lac
936 4103 1083 4173 sugit
1116 4103 1163 4156 is
1205 4101 1295 4170 qui
1325 4102 1500 4155 nutrit
1531 4102 1554 4154 ‘I
1580 4099 1852 4169 quomodo
1885 4099 1931 4154 is
1981 4099 2074 4169 qui

501 4200 634 4271 tegit
660 4209 714 4254 et
743 4197 1122 4268 complectitur
1144 4195 1416 4260 universa,
1448 4193 1763 4248 continetur
1791 4192 1845 4246 in
1893 4191 2076 4246 ulnis?

500 4293 773 4364 quomodo
806 4292 967 4346 Pater
1001 4289 1167 4344 futuri
1200 4287 1407 4348 saeculi,
1464 4285 1525 4339 fit
1555 4285 1775 4338 infans?
1803 4284 2076 4354 quomodo

501 4400 717 4441 sursum
750 4394 804 4439 et
823 4384 1076 4438 deorsum
1099 4381 1216 4436 est?
1252 4379 1524 4450 quomodo
1552 4378 1597 4432 is
1625 4377 1718 4447 qui
1737 4386 1821 4432 est
1849 4377 1901 4430 in
1924 4376 2077 4431 cretis

501 4486 585 4534 est
617 4477 782 4531 etiam
808 4476 860 4528 in
899 4474 1084 4528 terra?
1111 4471 1384 4541 quomodo
1419 4469 1615 4540 pannis
1645 4468 1964 4534 involvitur,
1983 4466 2074 4536 qui

503 4569 688 4640 auriga
719 4575 804 4622 est
835 4565 1266 4621 Cherubicorum
1296 4562 1596 4617 curruum?
1633 4561 1907 4630 quomodo
1928 4561 2075 4630 jacet

504 4661 559 4713 in
587 4657 872 4729 praesepio,
906 4655 996 4726 qui
1034 4664 1118 4710 est
1153 4655 1208 4708 in
1240 4654 1362 4709 sinu
1405 4653 1615 4708 Patris?
1643 4654 1916 4723 quomodo
1957 4653 2072 4707 fas-

503 4751 600 4806 ciis
639 4749 970 4811 continetur,
993 4747 1085 4816 qui
1141 4747 1323 4801 educit
1348 4746 1560 4801 vinctos
1585 4746 1660 4808 in,
1685 4744 2072 4800 fortitudine“?

500 4850 558 4896 et
619 4850 818 4898 cuncta
899 4840 1002 4894 alia
1071 4855 1192 4909 qua:
1261 4839 1345 4892 vel
1418 4837 1623 4892 referre
1668 4837 2069 4893 horrescimus:

500 4934 597 4988 sed
635 4949 758 4988 cum
796 4933 1050 4989 taciturni
1097 4931 1474 5001 pervenissent
1514 4931 1581 4984 ad
1622 4931 1932 4996 stabulum,
1982 4933 2071 4986 ubi

501 5021 894 5091 inquisierunt,
928 5021 1212 5076 decentem
1266 5020 1472 5074 cultum
1516 5020 1882 5075 exhibuerunt
1936 5020 2071 5091 Regi

501 5121 558 5167 ct
627 5110 740 5166 Deo
793 5127 915 5166 cum
985 5111 1342 5176 muneribus,
1415 5111 1700 5180 cupientes
1764 5128 1887 5166 cum
1947 5128 2077 5183 gau-

501 5203 594 5258 dio
628 5203 824 5257 reverti
876 5203 932 5256 in
965 5217 1121 5257 suam
1159 5204 1461 5273 regionem,
1491 5197 1585 5272 qui
1641 5204 1904 5258 declarati
1952 5212 2081 5258 sunt

502 5311 627 5367 erga
655 5304 844 5366 gentes
872 5311 994 5350 esse
1026 5295 1284 5364 primitiae
1321 5295 1654 5366 cognitionis
1683 5296 1881 5350 divina:
1908 5311 2079 5365 :quos

503 5397 695 5458 gentes
719 5388 941 5459 quidem
979 5389 1248 5443 :cmulataa
1276 5398 1426 5456 sunt,
1461 5388 1633 5443 Judaei
1661 5399 1841 5443 autem
1872 5389 2080 5442 inﬂexi-

504 5480 660 5546 biles,
692 5481 776 5536 vel
807 5482 1010 5551 potius
1063 5481 1331 5536 obdurata
1372 5482 1609 5545 cervice,
1651 5497 1747 5537 eos
1789 5483 1883 5551 qui
1916 5482 2082 5535 mini-

505 5573 673 5627 sterio
705 5573 874 5628 stella:
897 5589 926 5628 c
961 5572 1276 5644 longinquis
1305 5572 1618 5643 regionibus
1649 5583 1805 5626 erant
1835 5573 2076 5635 adducti,

504 5665 872 5736 neglexerunt
912 5665 1135 5730 imitari,
1181 5674 1242 5720 ut
1278 5679 1613 5736 cognoscere
1645 5673 1870 5735 possent
1898 5665 2075 5719 Solem

583 5861 604 5893 ³
634 5860 764 5918 ibid.
788 5863 877 5918 35.

2171 3388 2233 3442 τὸ
2273 3389 2478 3442 τέλειον
2531 3389 2750 3460 βρέφος,
2787 3389 2982 3464 πῶςθρ
2999 3389 3246 3459 ,τρέφων
3261 3386 3538 3461 ﬂagitat,
3573 3391 3695 3452 πῶς
3728 3392 3758 3442 6

2175 3485 2354 3538 πάντα
2385 3486 2664 3554 περιέπων
2697 3484 2969 3552 ἀγκάλαις
3024 3486 3364 3555 περιέχεται,
3420 3486 3538 3546 πῶς
3578 3487 3610 3536 ὁ
3660 3483 3759 3535 τοῦ

2178 3574 2466 3643 μέλλοντος
2511 3574 2709 3638 αἰῶνος
2756 3575 2962 3646 πατὴρ,
2994 3577 3209 3646 νήπιον,
3269 3577 3388 3637 πῶς
3428 3577 3455 3629 6
3501 3576 3613 3628 ἄνω
3661 3580 3758 3628 καὶ

2176 3669 2346 3730 κάτω,
2410 3667 2526 3731 πῶς
2573 3669 2600 3720 ό
2637 3668 2694 3720 ὲν
2744 3667 2996 3739 οὐρανοῖς
3049 3669 3146 3722 καὶ
3198 3669 3295 3721 ἐπὶ
3345 3669 3468 3739 γῆς,
3521 3668 3644 3730 πῶς
3696 3670 3760 3720 ὲν

2178 3759 2515 3829 σπαργάνοις
2563 3761 2591 3812 6
2641 3759 2750 3812 τῶν
2809 3761 3147 3832 χερουϐικῶν
3198 3762 3463 3832 ἁρμάτων
3515 3763 3757 3832 ήνίοχος,

2135 3847 2293 3992 Ὡτῶς
2338 3849 2367 3901 6
2412 3851 2471 3902 ἐν
2501 3849 2724 3912 κόλποις
2773 3849 2869 3903 τοῦ
2919 3851 3153 3922 Πατρδς,
3184 3852 3242 3905 ὲν
3277 3853 3472 3924 φάτνῃ.
3525 3853 3644 3915 πῶς
3701 3854 3760 3904 ὲν

2215 3941 2532 3992 παογάνοις.
2563 3943 2591 3992 ὁ
2619 3939 2830 3992 ἐξάγων
2866 3943 3077 3992 πεπεδτι
3091 3945 3286 3992 μένους
3311 3946 3369 3992 ὲν
3400 3944 3595 3992 ἀνδρία
3618 3963 3632 3992 2
3664 3947 3760 3992 καὶ

2215 3941 2532 4011 παργάνοις,
2563 3943 2591 3994 6
2619 3939 2830 4009 ἐξάγων
2866 3943 3286 4012 πεπεδημένους
3311 3946 3369 3997 ὲν
3400 3944 3633 4015 ἀνδρίας
3664 3947 3761 3997 καὶ

2175 4033 2243 4085 τὰ
2271 4031 2411 4085 ἀλλὰ
2467 4033 2668 4095 πάντα,
2724 4034 2868 4103 ἅπερ
2923 4035 3016 4087 καὶ
3056 4033 3238 4087 λαλεῖν
3291 4036 3556 4106 φρικτόνο
3618 4038 3762 4089 ἀλλὰ

2181 4120 2319 4192 μετὰ
2349 4121 2537 4192 δώρων
2574 4125 2698 4192 σιγῇ
2726 4122 3133 4186 καταλαϐόντες
3171 4125 3455 4193 σπήλαιον,
3493 4126 3632 4194 μετὰ
3660 4128 3762 4194 τὴν

2177 4213 2466 4284 ἐρώτησιν,
2511 4212 2590 4284 τῷ
2632 4214 2846 4281 βασιλεῖ
2877 4216 2972 4268 καὶ
3019 4215 3138 4285 Θεῷ
3186 4219 3471 4287 πρεπῶδες
3523 4235 3765 4287 προσκο-

2182 4304 2440 4372 μίσαντες
2473 4302 2663 4369 σέϐας,
2697 4303 2833 4373 πρὸς
2855 4303 2956 4374 τὴν
2983 4304 3360 4375 ὲνεγκαμένην
3403 4306 3544 4374 μετά
3584 4309 3762 4377 χαρᾶς

2176 4392 2317 4468 ἦσαν
2365 4396 2827 4467 φιλυπόστροῳοι,
2878 4398 3102 4467 ἀπαρχὴ
3155 4399 3486 4464 θεογνωσίας
3543 4399 3760 4451 ἀναδει-

2170 4478 2402 4558 ’χθέντες
2431 4489 2546 4551 τοῖς
2591 4487 2797 4541 ἔθνεσιν
2823 4501 2834 4513 '
2882 4486 2976 4550 οὒς
3007 4489 3075 4540 τὰ
3125 4487 3224 4557 μὲν
3255 4488 3386 4558 ἔθνη
3439 4488 3755 4558 ἐζήλωσαν·

2108 4615 2150 4667 ο
2192 4581 2435 4636 Ἰουδαῖοι
2479 4581 2534 4633 δὲ
2575 4581 2876 4648 ἀκαμπεῖς,
2932 4579 3133 4649 μᾶλλον
3179 4579 3239 4632 δὲ
3287 4580 3760 4650 σκληρπράχηλοι

2180 4673 2354 4738 ὄντες,
2389 4671 2512 4725 οὔτε
2558 4675 2636 4734 εἰς
2667 4673 2858 4725 Ἥλιον
2904 4671 3005 4741 τῆς
3047 4671 3398 4742 δικαιοσύνης
3441 4675 3500 4725 ἐν
3531 4675 3645 4736 τοῖς
3684 4673 3760 4724 oi-

2181 4765 2351 4828 κείοις
2401 4770 2586 4828 τόποις
2635 4765 2871 4834 φανέντα
2906 4765 3041 4835 πρὸς
3070 4763 3370 4833 ἐπίγνωσιν
3420 4765 3759 4820 ἐσπούδασαν

2184 4854 2524 4924 μιμήσασθαι
2557 4857 2683 4916 τοὺς
2718 4855 2821 4906 ὑπὸ
2868 4855 3098 4924 ἀστέρος
3139 4855 3418 4926 μακρόθεν
3459 4856 3755 4927 όδηγηθέν-

2180 4963 2298 5008 τας.
2347 4945 2486 5013 Ἐγὼ
2540 4946 2616 5010 δὲ,
2668 4948 2963 5017 ἀγαπητοὶ,
3009 4947 3147 5016 πρὸς
3191 4947 3254 5000 τὺ
3287 4947 3569 5018 πρόθυμον
3607 4948 3758 5018 ὑμῶν

2180 5039 2277 5109 τῆς
2311 5039 2625 5108 ἀκροάσεως
2662 5039 2768 5091 τῶν
2801 5040 2965 5092 οεῑών
2997 5041 3195 5109 λογίων
3227 5040 3393 5109 ὁρῶν,
3424 5041 3520 5093 καὶ⁸
3541 5040 3602 5092 τὺ
3636 5043 3758 5111 περὶ

2180 5131 2305 5193 τοὺς
2336 5129 2734 5200 ἐξηγουμένους
2780 5132 3163 5202 φιλόστοργον,
3194 5135 3260 5202 τῇ
3307 5131 3570 5201 φιληκοΐᾳ
3611 5132 3760 5199 ὑμῶν

2181 5222 2486 5292 νικώμενος
2537 5224 2676 5294 πρὸς
2725 5224 2818 5276 τὸν
2865 5224 2964 5293 τῆς
3007 5224 3361 5288 διδασκαλίας
3410 5224 3756 5294 διανίσταμαι

2183 5314 2380 5367 πόθονο
2417 5317 2481 5385 τῇ
2513 5316 2608 5383 τῆς
2651 5316 2880 5384 ἀγάπης
2908 5316 3060 5386 ὑμῶν
3095 5319 3460 5386 συγκροτήσει
3496 5319 3759 5388 τερπόμε-

2183 5415 2291 5458 νος.
2344 5399 2530 5468 Ὑμεῖς
2559 5402 2666 5471 γὰρ
2693 5404 2822 5464 τοὺς
2845 5402 3122 5470 λέγοντας,
3158 5404 3236 5468 ὡς
3281 5405 3636 5475 πολυϊστορες
3667 5423 3758 5475 μα-

2183 5489 2364 5558 Θηταὶ,
2404 5493 2643 5559 συνεχῶς
2677 5497 3052 5564 συγκροτεῖτε,
3095 5496 3256 5565 ὑμεῖς
3299 5495 3390 5549 τὸν
3425 5497 3756 5567 κυϐερνήτην

2183 5579 2260 5642 ὡς
2291 5582 2548 5635 ἐπιϐάται
2582 5583 2877 5654 ρυΘμίξετε
2901 5604 2913 5615 ·
2951 5587 3108 5657 ὑμεῖς
3133 5587 3202 5640 τὰ
3245 5588 3346 5658 τῆς
3387 5587 3626 5658 γλώττης
3655 5607 3758 5660 πη-

2183 5672 2339 5724 δάλια
2392 5679 2724 5745 προσευχαῖς
2764 5676 3130 5750 διακρατείτε.
3178 5679 3275 5746 Τίς
3307 5682 3369 5735 τὸ
3399 5681 3561 5754 ζήλου
3602 5681 3753 5753 ὑμῶν

970 5863 990 5894 ³
1017 5863 1149 5919 ibid.
1177 5864 1266 5920 58.
1344 5865 1366 5898 ⁸
1392 5864 1582 5920 Matth.
1620 5881 1678 5932 ιι,
1716 5865 1740 5920 -l
1777 5879 1930 5934 seqq.
2005 5861 2068 5917 ε’]

2171 5863 2290 5936 ὶίρρ.
2316 5881 2376 5935 ιι,
2409 5866 2462 5936 6,
2491 5869 2545 5926 7.
2624 5873 2644 5905 ⁸
2672 5873 2816 5929 Psal.
2854 5892 3019 5947 vau,
3049 5878 3100 5933 6.
