4040 6448
334 477 472 544 145⁵1

1731 487 2161 556 SERMON‘ES.

3449 489 3589 556 1458

327 598 661 666 ἀπαγγεῖλαι
693 599 931 666 ἐπαξίως
972 603 1296 675 δυνήσεται;
1333 609 1425 673 Τίς
1472 609 1531 664 τὸ
1561 611 1680 664 καθ’
1721 608 1899 676 Ἑλλή·

2010 607 2239 674 justitize
2288 607 2341 662 in
2393 606 2630 678 propriis
2661 620 2852 662 eorum
2893 603 3028 660 locis
3065 610 3443 675 apparentem.
3476 605 3590 675 Ego

328 707 437 742 νων
463 691 616 759 ὑμῶν
651 691 975 760 ἐξηγήσεται
1011 699 1164 763 μῖσος
1192 715 1204 760 ;
1241 698 1336 762 Τίς
1369 702 1428 753 τὸ
1461 703 1583 755 καθ’
1611 702 1906 773 αἱρετικῶν

327 780 484 849 ὑμῶν
522 783 856 836 ἀναπετάσει
904 785 1138 853 Θράσοςς
1191 792 1287 850 Τίς
1324 791 1384 844 τὸ
1429 793 1566 863 πρὸς
1621 795 1905 857 Ἰουδαίους

327 869 484 938 ὑμῶν
530 871 796 940 δυσμενὲς
854 875 1153 946 δυνήσηται
1218 882 1572 950 ἀναγγεῖλαι;
1628 885 1904 956 βδελυκτοὶ

325 963 438 1032 γὰρ
473 964 611 1031 μετὰ
653 964 761 1016 τῶν
808 965 985 1020 ἄλλων
1027 970 1240 1040 ἀληθῶς
1279 973 1540 1040 Ἰουδαῖοι,
1584 977 1738 1030 οὐδὲν
1781 995 1904 1030 πει-

324 1051 526 1114 νῶντες
556 1056 651 1108 καὶ
683 1056 947 1126 διψῶντες
977 1061 1084 1125 ἀεὶ,
1125 1064 1296 1135 ἀλλ’ἢ
1326 1067 1520 1134 φόνους
1547 1067 1782 1132 ἀθὼους,
1811 1071 1904 1121 οὐ·-

321 1141 438 1194 δενὶ
475 1145 780 1215 χαίροντες,
815 1150 848 1219 ἢ
879 1151 938 1203 τὸ
965 1152 1188 1218 λάκκοις
1219 1157 1496 1228 ἐρῤίπτειν
1529 1160 1654 1222 τοὺς
1691 1163 1903 1232 προφή-

319 1250 444 1300 τας,
477 1237 536 1288 τὸ
566 1240 684 1290 κατ’
719 1240 952 1308 ἐδάφους
982 1245 1185 1311 ἕλκειν,
1231 1249 1326 1301 καὶ
1355 1249 1594 1314 λιθάζειν
1636 1251 1900 1316 δικαίους,

318 1327 387 1379 τὸ
431 1331 703 1399 μαχαίρας
744 1335 1041 1400 ὲκκεντείν,
1091 1340 1184 1392 καὶ
1238 1342 1486 1412 μερίζειν
1537 1346 1723 1416 πρίοσι
1774 1347 1902 1410 τοὺς

319 1421 425 1488 τῆς
455 1423 740 1487 εὐσεϐείας
777 1428 1043 1497 κήρυκας,
1092 1432 1152 1484 τὸ
1181 1434 1403 1488 κόπτειν
1433 1439 1630 1507 χειρῶν
1665 1440 1760 1492 καὶ
1802 1456 1900 1492 πο-

317 1511 430 1563 δῶν
462 1513 602 1584 μέρη
643 1516 752 1568 τῶν
790 1519 1029 1573 εὐσεϐῶν
1057 1562 1072 1582 ,
1116 1527 1212 1578 καὶ
1258 1528 1376 1589 ταῖς
1426 1530 1614 1598 χερσὶν
1643 1529 1900 1598 ᾑμαγμέ-

316 1621 443 1666 ναις
475 1610 695 1676 κρατεῖν
726 1610 790 1660 τὰ
825 1612 960 1680 πρὸς
1001 1615 1214 1682 ἄμυναν
1262 1618 1491 1689 ὄργανα,
1539 1620 1600 1672 τὸ
1648 1621 1747 1683 τὰς
1792 1639 1898 1676 πα-

318 1692 502 1762 λάμας
529 1696 825 1764 φοινίσσειν
851 1703 915 1769 τῇ
931 1708 1148 1772 συνεχεῖ
1179 1706 1461 1777 ἀναιρέσει
1496 1707 1604 1760 τῶν
1635 1709 1892 1763 δικαίων·

316 1785 520 1848 οἵτινες
591 1787 843 1842 τοσοῦτον
923 1793 1056 1862 πρὸς
1118 1796 1558 1869 δυσσεϐεστάτην
1615 1801 1756 1854 κατὰ
1802 1801 1894 1854 τοῦ

317 1877 575 1946 Σωτῆρος
621 1880 775 1948 ἡμῶν
825 1882 1123 1952 ὲληλάκασι
1168 1887 1395 1957 τόλμαν,
1423 1889 1497 1953 ὡς
1544 1892 1770 1962 ἀναίδην
1802 1893 1896 1946 ἐπὶ

2019 714 2168 762 vero,
2203 697 2553 760 charissimi,
2609 698 3054 752 animadvertens
3117 705 3356 755 vestram
3417 695 3589 749 animi

2015 789 2500 859 promptitudinem
2522 791 2588 844 ad
2621 790 2890 844 audienda
2919 789 3134 858 eloquia
3177 787 3382 854 d-ivina,
3413 795 3466 842 et
3501 787 3588 840 in-

2015 882 2207 935 timum
2257 898 2496 937 amorem
2555 899 2681 953 erga
2742 883 2956 937 illorum
3001 882 3353 951 interpretes,
3403 886 3589 935 vestro

2012 975 2268 1029 audiendi
2305 975 2487 1030 studio
2516 975 2714 1038 victus,
2757 976 2964 1030 excitur
3012 977 3079 1029 ad
3109 973 3341 1030 docendi
3371 972 3588 1030 deside:

2011 1065 2176 1132 rium,
2208 1067 2681 1138 congratulatione
2723 1068 3006 1122 charitatis
3035 1075 3230 1122 vestrae
3261 1065 3582 1121 delectatus.

2012 1152 2121 1210 Vos
2147 1156 2292 1209 enim
2325 1157 2678 1211 continenter
2701 1172 2824 1211 cum
2867 1157 3059 1226 plausu
3096 1155 3349 1226 excipitis
3365 1169 3462 1208 eos
3491 1154 3583 1223 qui

2011 1259 2319 1300 sermonem
2353 1245 2580 1310 habent,
2613 1246 2840 1316 perinde
2865 1262 2946 1305 ,ac
2974 1245 3255 1315 discipuli,
3287 1245 3583 1298 multarum

2011 1351 2188 1389 rerum
2223 1346 2565 1392 enarratores
2601 1353 2736 1392 :vos
2766 1337 2914 1391 velut
2946 1348 3217 1401 vectores,
3251 1336 3584 1407 gubernato-

2010 1443 2123 1481 rem
2152 1428 2252 1496 ipsi
2281 1429 2609 1498 componitis
2635 1449 2647 1484 :
2674 1445 2772 1484 vos
2798 1429 3165 1500 gubernacula
3199 1429 3418 1498 linguae,
3455 1441 3584 1497 pre-

2006 1519 2162 1574 cibus
2187 1521 2503 1574 continetis.
2542 1520 2677 1587 Quis
2707 1522 2885 1576 zelum
2916 1532 3160 1576 vestrum
3199 1536 3296 1590 pro
3319 1519 3581 1591 dignitate

2006 1613 2205 1681 poterit
2259 1615 2554 1666 enarrare?
2597 1615 2719 1682 quis
2768 1615 2951 1668 verbis
3000 1613 3295 1683 explicabit
3339 1619 3578 1666 vestrum

2004 1705 2266 1760 adversus
2299 1705 2518 1760 Graecos
2552 1705 2800 1760 inﬁdeles
2839 1707 3064 1760 odium?
3092 1706 3216 1773 quis
3246 1714 3435 1760 contra
3464 1701 3580 1758 lue-

2006 1796 2204 1851 reticos
2266 1806 2509 1851 vestram
2574 1797 2865 1866 patefaciet
2917 1797 3221 1852 animosam
3289 1794 3584 1850 ﬁduciam?

2004 1891 2126 1960 quis
2167 1901 2372 1946 vestras
2404 1893 2460 1945 in
2507 1892 2726 1947 Judmos
2783 1890 3096 1945 inimicitias
3149 1901 3584 1944 commemorare

315 1970 415 2021 τοῦ
449 1971 716 2039 παρόντος
755 1974 890 2044 πρὸς
922 1977 1084 2029 αὐτὸν
1115 1980 1447 2049 ἀνακράζειν
1473 2001 1486 2013 ·
1523 1981 1718 2052 ἸΙμεῖς
1745 1984 1899 2038 οἴδα-

2007 1983 2241 2052 poterit?
2270 1983 2598 2040 Exsecrandi
2633 1985 2777 2038 enim
2822 2000 2948 2039 cum
2979 1983 3204 2052 reliquis
3229 1995 3421 2035 revera
3453 1988 3582 2037 sunt

312 2079 435 2128 μεν
482 2063 570 2117 ὅτι
630 2066 857 2134 Μωῦσῇ
894 2071 1239 2137 λελάληκεν
1285 2076 1318 2126 ὀ
1353 2074 1520 2139 Θεὸς,
1584 2076 1799 2130 τοῦτον
1832 2075 1901 2129 δὲ

319 2155 435 2204 οὐκ
469 2154 716 2223 οἴδαμεν
758 2161 945 2213 πόθεν
972 2161 1162 2214 ἐστίν.
1187 2163 1249 2214 Ὢ
1271 2164 1380 2217 τῶν
1410 2165 1699 2236 τολμηρῶν
1727 2183 1903 2236 πραγ-

324 2245 549 2312 μάτωνῐ
582 2247 625 2298 ὣ
669 2245 859 2317 μίσους
911 2255 1047 2322 πρὸς
1076 2255 1365 2320 Ἰουδαίους
1395 2258 1531 2327 πρὸς
1565 2259 1739 2329 φυγὴν
1773 2262 1898 2314 ατο-ν

320 2339 577 2401 νοῦντοςι
627 2342 845 2405 Ὁσάκις
892 2348 1000 2416 γὰρ
1059 2345 1125 2400 ἂν
1165 2348 1263 2418 τὴν
1293 2353 1430 2420 πρὸς
1473 2353 1672 2415 αὐτοὺς
1701 2355 1904 2425 δραπε-

322 2431 515 2480 τεῦσαι
549 2429 794 2501 βουληθῶ
827 2434 1130 2506 βδελυρίαν.
1160 2441 1488 2503 τοσαυτάκις
1521 2459 1610 2509 μω
1650 2443 1900 2513 φανερῶς

324 2519 677 2583 ἀπαντῶσιν,
728 2522 760 2590 ἢ
808 2527 1103 2594 προφητῶν
1155 2529 1552 2598 ἐγκαλούμενοι
1600 2531 1811 2598 λόγοις,
1865 2534 1898 2603 ἢ

322 2611 444 2669 ταῖς
488 2609 581 2660 τοῦ
629 2613 793 2679 νόμου
828 2615 1121 2678 συλλαϐαῖς
1174 2618 1542 2688 ὑϐριζόμενοι,
1575 2621 1607 2690 ἢ
1644 2625 1762 2684 ταῖς
1792 2625 1900 2677 τῶν

325 2702 818 2772 προσκυνουμένων
864 2706 1210 2773 Εὑαγγελίων
1271 2711 1620 2782 ἐνηλούμενοι
1667 2714 1895 2784 βίϐλοις,

323 2789 403 2853 ὡς
461 2792 650 2860 καινὴν
713 2795 770 2845 αἱ
813 2794 954 2848 θεῖαι
1019 2798 1223 2862 σελίδες
1252 2800 1450 2870 ὓποψιν
1480 2806 1612 2874 ἡμῖν
1642 2809 1898 2877 παρήγα-

324 2896 424 2946 γον
477 2883 693 2948 αὐτοὺς,
751 2886 847 2949 τὰς
895 2888 1285 2960 ἀναισχύντους
1346 2898 1474 2964 περὶ
1505 2898 1597 2949 τὸν
1621 2901 1899 2971 Δεσπότην

323 2972 435 3024 τῶν
468 2973 604 3027 ὅλων
633 2977 1112 3048 προϐαλλομένους
1136 2985 1340 3052 φωνᾲς,
1376 2990 1473 3046 καὶ¹
1495 2988 1753 3056 λέγοντας
1775 2991 1899 3044 τολ-

329 3064 541 3134 μηρῶς.
571 3067 1037 3139 ἅπερ-ἠκούσατε,
1065 3076 1291 3143 Μωϋσῇ
1315 3080 1658 3146 λελάληκεν
1677 3084 1709 3134 ό
1732 3083 1898 3148 Θεὸς,

326 3155 545 3208 τοῦτον
586 3157 653 3209 δὲ
682 3161 791 3212 οὐκ
826 3161 1074 3230 οἴδαμεν
1105 3167 1302 3220 πόθεν
1325 3168 1518 3226 ἐστίν.
1568 3173 1629 3223 Ὢ
1664 3174 1762 3243 τῆς
1793 3192 1898 3242 φα-

324 3247 495 3347 νερᾶς,
531 3247 838 3347 αναιδείαςι
873 3251 918 3304 ὦ
945 3254 1044 3323 τῆς
1088 3258 1616 3332 ἁνακεκαλυμμένης
1649 3264 1757 3316 τῶν
1798 3265 1894 3337 λῃ-

327 3339 470 3387 στῶν
496 3339 878 3408 γλωσσαλγίας
905 3345 917 3398 l
949 3343 994 3396 ὣ
1031 3347 1128 3415 τῆς
1154 3349 1360 3419 τυφλῆς
1399 3352 1506 3403 τῶν
1536 3353 1711 3420 λόγων
1740 3357 1897 3410 ἐναν-

323 3427 604 3495 τιότητοςι
640 3431 766 3484 Ὅτε
796 3433 894 3501 μὲν
935 3436 1042 3507 γὰρ
1095 3437 1342 3511 Ἡρώδης
1369 3443 1498 3511 παρ’
1539 3422 1720 3497 αὐτῶν
1747 3449 1902 3501 ἐπυν-

325 3516 534 3610 θάνετο,
566 3523 702 3582 Ποῦ¹
725 3527 756 3576 ό
786 3527 1038 3594 Χριστὸς
1077 3530 1393 3596 Terr-citat;
1429 3537 1901 3610 παρῤησιέστερον

324 3608 529 3676 ἔλεγον,
577 3613 678 3667 Ἐν
722 3617 993 3685 Βηθλεέμ
1023 3618 1134 3686 τῆς
1181 3623 1506 3689 Ἰουδαίας-ο
1535 3629 1635 3679 ικαὶ
1666 3629 1765 3698 τὴν
1800 3608 1901 3700 τῆς

326 3705 665 3774 προφητείας
693 3709 1044 3764 ἐπεδείκνυον
1074 3712 1288 3780 κλῆσιν,
1325 3718 1419 3770 καὶ
1448 3719 1538 3771 τὸν
1573 3722 1901 3793 ἱεροφάντην

329 3804 709 3866 μαρτυροῦντα
758 3804 1026 3871 παρῆγον,
1075 3806 1392 3874 Προφήτης
1425 3810 1612 3878 μέγας
1651 3813 1900 3882 ἐγήγερ-

325 3903 420 3995 ται
461 3889 532 3942 ἐν
571 3891 649 3956 τῷ
677 3891 967 3995 ,Ἰσραήλο
1007 3901 1101 3950 καὶ
1145 3900 1239 3954 νῦν
1283 3905 1686 3978 κεκαλυμμένῳ
1730 3922 1910 3980 προσ·’

325 3983 462 4049 ώπῳ
523 3983 864 4054 κεκράγασι,
920 3990 1148 4057 Mummi
1218 3993 1563 4061 λελάληκεν
1621 4002 1653 4051 ό
1733 4001 1896 4066 Θεὸς,

325 4072 542 4126 τοῦτον
566 4074 633 4126 δὲ
669 4079 780 4130 οὐκ
824 4079 1072 4149 οἴδαμεν
1105 4086 1291 4138 πόθεν
1331 4087 1523 4141 ἐστίν.
1564 4092 1768 4156 Ὄντως
1799 4094 1900 4147 οὐκ

326 4161 573 4230 ἔγνωσαν
622 4168 742 4221 οὐδὲ
793 4173 1067 4239 συνῆκαν,
1117 4177 1176 4228 ἐν
1231 4178 1426 4230 σκότει·
1457 4179 1895 4251 διαπορεύονται.

340 4252 580 4324 Ἀληθῶς
606 4251 760 4321 οὗτος
792 4259 918 4324 λαός
955 4264 1136 4334 μωρὸς
1167 4267 1258 4318 καὶ
1291 4268 1411 4336 οὐχὶ
1439 4271 1621 4339 σοφός.
1658 4272 1898 4336 Εἰκότως

325 4347 353 4397 ὁ
380 4347 612 4416 Χριστὸς
647 4351 783 4420 πρὸς
824 4354 1024 4416 αὐτοὺς
1067 4357 1287 4420 ἀνεϐόα,
1325 4362 1696 4431 Ηύλήσαμεν
1731 4364 1894 4432 ὑμῖν,

326 4437 424 4489 καὶ
482 4440 592 4492 οὐκ
660 4440 1057 4511 ὠρχήσασθεο
1110 4449 1530 4518 ἐθρηνήσαμεν
1588 4453 1752 4522 ὑμῖν,
1797 4457 1896 4509 καὶ

326 4531 438 4581 οὐκ
479 4530 804 4598 ἐκόψασθε.
857 4538 897 4587 Τ
905 4538 952 4599 ίς
996 4539 1131 4609 πρὸς
1177 4541 1276 4610 τὴν
1326 4542 1499 4607 οὕτως
1545 4548 1666 4599 κατ’
1715 4548 1898 4606 αὐτῶν

2002 2078 2197 2144 Judaei,
2230 2081 2322 2147 qui
2359 2079 2496 2132 nihil
2526 2079 2669 2133 aliud
2701 2086 2970 2148 perpetuo
3010 2075 3262 2130 esuriunt
3297 2082 3355 2128 et
3383 2071 3584 2127 sitiunt

2005 2169 2107 2222 nisi
2138 2169 2313 2223 caules
2364 2170 2760 2231 innocentium,
2801 2169 2949 2222 nulla
2991 2183 3048 2222 re
3091 2165 3264 2235 magis
3298 2162 3580 2226 Oblectati,

2002 2276 2166 2330 quam
2214 2271 2273 2314 ut
2308 2261 2603 2330 prophetas
2634 2259 2689 2314 in
2717 2260 2903 2315 foveas
2948 2257 3261 2328 projiciant,
3290 2254 3344 2309 in
3378 2263 3591 2308 terram.

2002 2353 2347 2422 protrahant,
2371 2353 2610 2423 lapident
2630 2354 2831 2422 justos,
2864 2350 3070 2422 gladios
3090 2356 3347 2403 exserant
3370 2347 3426 2400 in
3453 2345 3582 2402 relic-

2003 2443 2180 2514 gionis
2215 2458 2516 2512 prazcones,
2553 2443 2718 2498 serris
2745 2441 2797 2494 in
2830 2441 3003 2494 frusta
3042 2436 3359 2498 concidant,
3391 2443 3580 2503 partes

2001 2551 2263 2588 manuum
2299 2550 2362 2589 ac
2403 2534 2605 2604 pedum
2637 2535 2852 2603 piorum
2900 2533 3142 2586 virorum
3189 2533 3498 2598 alnputent,
3525 2533 3587 2581 et

2002 2630 2246 2681 cruentis
2297 2629 2551 2681 manibus
2600 2635 2822 2681 teneant
2861 2626 3222 2680 instrumenta
3267 2621 3335 2675 ad
3369 2618 3582 2688 suppli-

2001 2719 2145 2772 cium
2177 2718 2395 2781 idonoa,
2440 2720 2701 2772 continua
2739 2717 3013 2786 iustorum
3051 2712 3434 2767 interfectione
3459 2709 3582 2779 pal-

2002 2823 2120 2862 mas
2171 2807 2435 2876 sanguine
2479 2804 2859 2875 perfundant:
2910 2802 3003 2872 qui
3050 2800 3274 2870 quidem
3315 2797 3583 2852 adversus

2001 2900 2334 2955 Salvatorem
2364 2910 2614 2954 nostrum
2643 2904 2845 2950 tantam
2875 2903 2930 2948 et
2967 2901 3074 2947 tam
3106 2891 3328 2962 impiam
3359 2888 3582 2944 eﬂ'utie-

2003 3003 2135 3047 runt
2157 2992 2459 3055 audaciam,
2503 2998 2564 3045 ut
2589 2988 2939 3058 impudenter
2977 3001 3044 3041 eo
3088 2993 3359 3055 praesente
3399 2980 3579 3035 excla-

2003 3091 2218 3138 marent
2247 3082 2302 3135 in
2332 3082 2502 3135 illum:
2531 3080 2639 3134 Nos
2663 3080 2856 3133 scimus
2895 3078 3031 3148 quod
3060 3075 3222 3144 Moysi
3265 3075 3464 3127 locutus
3503 3079 3578 3124 est

2003 3171 2164 3234 Deus,
2192 3171 2326 3223 hunc
2353 3175 2531 3221 autem
2560 3168 2814 3221 nescimus
2845 3169 2981 3219 unde
3017 3165 3084 3219 sit
3115 3164 3155 3216 ⁷.
3203 3160 3247 3216 0
3291 3176 3378 3214 res
3406 3158 3578 3213 auda-

1929 3293 1972 3352 C
2005 3270 2120 3316 cter
2147 3261 2353 3332 gestas!
2387 3258 2430 3313 Ο
2458 3259 2644 3312 odium
2672 3258 2728 3313 in
2750 3255 2986 3320 Iudaeos,
3015 3253 3159 3323 quod
3189 3267 3276 3306 me
3298 3250 3573 3306 declinare

2005 3369 2114 3407 non
2141 3353 2290 3406 sinit.
2321 3351 2546 3417 Quoties
2570 3350 2714 3404 enim
2736 3347 3197 3402 abominationem
3224 3358 3414 3398 eorum
3435 3339 3579 3396 ellu-

2005 3463 2130 3519 gere
2189 3446 2462 3509 desidero,
2516 3445 2677 3499 toties
2736 3443 2912 3512 palam
2965 3440 3100 3495 mihi
3136 3444 3456 3499 occurrunt,
3489 3433 3576 3489 vel

2005 3538 2396 3608 prophetarum
2443 3537 2604 3591 verba
2651 3535 3072 3596 calumniantes,
3112 3531 3297 3586 autin
3345 3525 3580 3598 syllabas

2002 3627 2136 3698 legis
2163 3625 2571 3688 contumeliosi,
2591 3633 2686 3678 aut
2704 3623 2876 3677 libros
2901 3620 3303 3676 adorandorum
3331 3617 3581 3684 Evange-

2001 3718 2200 3773 liorum
2240 3715 2645 3787 perturbantes,
2689 3714 2763 3766 ita
2797 3720 2857 3766 ut
2893 3712 3098 3764 chartae
3141 3707 3340 3763 divinae
3378 3717 3579 3758 novam

2001 3810 2368 3880 suspicionem
2428 3807 2586 3862 nobis
2639 3805 2991 3875 ingesserint,
3039 3803 3188 3870 ipsos
3229 3797 3580 3867 impudentes

2003 3919 2164 3958 voces
2195 3902 2464 3971 obiecisse
2495 3900 2548 3953 in
2590 3898 2884 3952 Dominum
2921 3895 3188 3958 omnium,
3227 3900 3282 3945 et
3315 3889 3596 3944 audacter-

2000 3997 2203 4050 dixisse
2233 4010 2354 4062 qua:
2394 3992 2660 4046 audistis:
2699 3989 2869 4059 Moysi
2900 3987 3100 4041 locutus
3131 3994 3204 4038 est
3237 3983 3394 4045 Deus,
3440 3981 3580 4033 hunc

2001 4097 2178 4139 autem
2221 4086 2476 4138 nescimus
2512 4084 2647 4136 unde
2682 4084 2771 4135 sit.
2801 4079 2845 4134 Ο
2876 4077 3218 4133 manifestam
3257 4072 3576 4144 impruden-

2004 4179 2162 4230 tiauil
2198 4179 2238 4228 Ο
2267 4175 2644 4246 aegritudinem
2671 4174 2863 4242 linguae
2892 4171 3166 4224 latronum
3203 4164 3508 4221 detectam!
3532 4159 3578 4215 Ο

2000 4284 2198 4324 caecam
2224 4269 2538 4322 sermonum
2569 4265 3048 4322 contrarietatem!
3080 4261 3214 4315 Nam
3245 4273 3370 4314 cum
3406 4255 3580 4310 Hero-

1999 4361 2096 4414 dus
2144 4366 2597 4428 percunctaretur
2648 4371 2764 4417 eos,
2822 4355 2908 4406 ubi
2963 4353 3198 4407 Christus
3249 4354 3584 4411 nasceretur,

1999 4465 2121 4504 cum
2153 4447 2345 4502 ﬁducia
2362 4446 2632 4505 dicebant,
2663 4444 2718 4497 in
2737 4442 2995 4497 Bethleem
3010 4441 3162 4494 Iuda:
3187 4439 3232 4504 ⁸,
3251 4436 3586 4494 etostende-

2001 4543 2131 4596 bant
2162 4538 2569 4594 conclusionem
2597 4537 2897 4606 prophetiae
2927 4535 3264 4589 adducentes
3293 4542 3580 4584 sacrarum

327 4620 710 4689 παρατάξηται
741 4625 1028 4695 ἀγνώμονα
1051 4629 1305 4700 γνὼμην;
1333 4634 1426 4697 Τίς
1460 4636 1558 4706 τὴν
1591 4639 1891 4705 φιλόνεικον

2004 4647 2178 4685 rerum
2199 4633 2570 4698 interpretem,
2595 4626 2971 4682 testiﬁcantem
2989 4624 3071 4678 bis
3087 4621 3294 4677 verbis:
3311 4618 3577 4685 Propheta

327 4707 506 4759 αὐτῶν
551 4709 790 4782 δυσμενῆ
839 4713 1142 4782 διελέγξει;
1195 4718 1476 4784 Τοσαύτας
1515 4722 1714 4787 αὐτοὺς
1762 4725 1897 4777 Οαυ-

331 4801 665 4869 ματουργίας
687 4803 712 4852 ὁ
738 4803 973 4871 Χριστὸς
1008 4807 1398 4878 περιήντλησε,
1429 4813 1556 4876 τοὺς
1595 4815 1898 4884 παραλελυσ

331 4888 526 4954 μένους
561 4893 788 4961 νευρῶν,
834 4896 960 4956 τοὺς
998 4896 1234 4968 λεπροὺς
1269 4901 1603 4971 καθαρίζων,
1633 4909 1759 4970 τοὺς
1799 4927 1898 4963 κα-

328 4981 607 5047 κωμένους
674 4983 947 5050 ὑγιάζων,
999 4989 1122 5051 τοὺς
1192 4990 1608 5060 δαιμονιῶντας,
1647 4996 1898 5066 ἰώμενος,

329 5070 561 5170 ἀνοίγων
605 5071 712 5124 τῶν
763 5073 1024 5141 ὀμμάτων
1069 5077 1135 5130 τὰ
1187 5077 1452 5148 βλέφαρα,
1502 5085 1626 5148 τοὺς
1673 5091 1900 5156 νεκροὺς

329 5159 506 5212 αὐτῶν
533 5162 763 5214 ἀνιιστῶν
797 5164 858 5216 ὲκ
878 5165 1084 5233 τάφων,
1120 5167 1262 5240 ὕδωρ
1285 5173 1362 5232 είς
1389 5168 1529 5226 οἶνον
1563 5159 1901 5242 μεταποιῶν,

330 5252 424 5302 καὶ
477 5251 612 5304 ἄλλα
661 5256 830 5323 μυρία
885 5258 1161 5326 παρέχων,
1211 5262 1353 5332 ἆπερ
1398 5263 1636 5331 ἐργῶδες
1683 5267 1899 5320 λαλεῖνο

329 5343 424 5394 καὶ
456 5344 843 5440 πίστεωςσπαα
877 5351 1060 5414 αὐτοῖς
1092 5353 1330 5421 οὐδαμοῦ
1357 5355 1460 5408 κᾶν
1492 5357 1688 5427 βραχύ.
1724 5361 1903 5412 Ἔστω

331 5435 506 5504 ὑμῶν,
539 5438 635 5506 οὐχ
668 5435 800 5507 ῆμίν
834 5443 1014 5514 πείθῃ,
1048 5438 1092 5496 ὧ
1136 5446 1376 5508 Ἰουδαῖε,
1411 5450 1536 5510 τοὺς
1584 5451 1902 5520 ἱεροφάντας

327 5528 623 5595 ἀνὰογνωοι,
651 5536 746 5594 τας
770 5537 917 5604 παρὰ
943 5555 1023 5590 σοι
1052 5541 1310 5608 κειμένας
1338 5542 1549 5607 σελίδας
1574 5545 1898 5612 ἁνάπτυξον,

333 5619 469 5688 μηδὲ
505 5619 665 5691 ξηρὸν
697 5622 922 5694 Πέτρον,
959 5628 1092 5697 μηδὲ
1131 5629 1224 5683 τὸν
1266 5633 1498 5696 Παῦλον,
1530 5638 1655 5698 τοὺς
1677 5639 1904 5706 εὐαγγε-

330 5709 516 5774 λιστὰς
545 5714 866 5782 ἀφοσίωσαι.
904 5718 1167 5772 ¹Ἀκουσον
1200 5721 1331 5789 γοῦν
1368 5726 1462 5778 καὶ
1505 5728 1798 5791 Μωῦσεως.
1837 5728 1901 5780 Τί

2003 4739 2224 4792 magnus
2253 4722 2505 4775 excitatus
2540 4727 2613 4771 est
2647 4718 2702 4770 in
2730 4713 2900 4770 Israel
2939 4715 2980 4766 9.
3011 4709 3166 4765 Nunc
3191 4717 3374 4764 autem
3403 4704 3578 4760 velata

2007 4817 2141 4871 facie
2169 4814 2407 4867 clamant
2437 4829 2450 4863 :
2483 4810 2647 4879 Moysi
2689 4808 2890 4862 locutus
2924 4814 2997 4859 est
3031 4803 3192 4866 Deus,
3227 4801 3362 4854 hunc
3398 4805 3576 4851 autem

2009 4907 2261 4960 nescimus
2291 4904 2426 4956 unde
2453 4901 2541 4955 sit.
2575 4900 2728 4955 [laud
2753 4899 2914 4953 dubie
2945 4911 3051 4950 non
3082 4897 3456 4964 cognoverunt
3479 4903 3582 4942 ne-

2008 5015 2115 5068 que
2154 4997 2562 5054 intellexerunt,
2593 4993 2647 5045 in
2681 4990 2919 5046 tenebris
2957 4987 3256 5044 ambulant.
3287 4983 3430 5038 Vere
3478 4995 3578 5051 po».

2007 5090 2168 5165 pulus
2220 5087 2322 5142 iste
2360 5087 2560 5140 stultus
2582 5091 2638 5139 et
2663 5083 2887 5137 minime
2911 5080 3151 5149 sapiens,
3190 5075 3336 5131 unde
3381 5072 3583 5129 merito

2003 5186 2256 5240 Christus
2289 5180 2554 5235 exclamat
2593 5177 2648 5230 in
2689 5189 2784 5228 eos
2819 5192 2832 5228 :
2872 5172 3166 5229 Cecinimus
3203 5167 3368 5232 vobis,
3397 5174 3446 5220 et
3476 5179 3580 5218 non

2006 5275 2244 5331 saltastis
2269 5289 2286 5326 :
2311 5270 2590 5325 lamentati
2617 5283 2797 5321 sumus
2821 5267 2986 5329 vobis,
3011 5273 3058 5319 et
3081 5280 3185 5318 non
3206 5259 3488 5332 planxistis
3508 5258 3575 5310 ‘°.

2006 5367 2140 5432 Quis
2168 5370 2358 5419 contra
2381 5377 2476 5416 eos
2504 5375 2571 5415 ex
2595 5359 2826 5414 adverso
2859 5357 3026 5412 stabit
3061 5356 3128 5410 ad
3153 5348 3583 5432 impugnandam

2010 5466 2116 5510 tam
2153 5455 2390 5522 iniquam
2435 5450 2798 5506 sententiam?
2821 5449 2954 5515 Quis
2983 5454 3172 5516 arguet
3205 5431 3580 5498 contentiosa's

2009 5561 2196 5600 eorum
2232 5541 2582 5597 inimicitias?
2621 5540 2725 5595 Tot
2749 5539 2894 5608 apud
2925 5552 3018 5591 eos
3051 5534 3300 5590 Christus
3336 5531 3578 5586 miracu-

2011 5636 2154 5688 losas
2179 5633 2525 5702 operationes
2553 5631 2976 5698 circumquaque
3007 5623 3273 5688 exhibuit,
3317 5619 3577 5676 corrobo-

2011 5741 2139 5780 rans
2173 5724 2515 5794 paralyticos,
2545 5722 2818 5778 mundans
2844 5720 3108 5789 leprosos,
3141 5715 3283 5771 male
3313 5714 3586 5770 habentes

401 5887 422 5920 "
451 5889 607 5947 Joan.
640 5910 715 5962 Ix,
741 5893 832 5949 29.
911 5894 1140 5952 'Matth.
1171 5914 1230 5964 ll,
1253 5899 1307 5965 Ξ,
1344 5901 1397 5954 5.
1425 5923 1438 5927 -
1473 5903 1492 5932 ⁹
1525 5902 1655 5958 Luc:
1679 5904 1894 5969 vin-16.
1968 5904 2008 5935 ‘°
2041 5901 2232 5957 Matth.
2259 5917 2338 5970 χι,
2373 5901 2462 5956 Π.
