4006 6434
457 469 592 537 1459

1636 463 1991 539 HESYCHI]
2038 477 2508 543 PRESBYTER]

3569 470 3715 538 1460

453 605 675 653 sanans,
709 601 908 644 curans
936 597 1158 646 vexatos
1180 604 1210 645 ε
1245 587 1533 653 daemonio,
1563 588 1815 658 aperiens
1839 589 2015 659 palpe-

2130 593 2183 645 ἒν
2217 593 2366 664 νόμῳ
2397 591 2747 663 προέγραψες
2781 587 3104 659 Προφήτην
3122 586 3460 655 ἀναστήσει
3486 588 3714 656 Κύριος

450 681 578 737 bras
607 682 911 750 oculorum,
957 693 1200 739 mortuos
1239 685 1455 739 illorum
1492 681 1738 736 excitans
1765 697 1795 735 e
1840 683 2024 752 sepul-

449 777 580 839 cris,
617 792 813 846 aquam
856 777 915 830 in
954 777 1139 831 vinum
1183 787 1437 840 mutans,
1495 788 1550 831 et
1604 777 1709 830 alia
1755 785 2022 845 praestans

450 868 681 933 inﬁnita,
709 886 828 939 quze
851 871 1182 926 laboriosum
1212 881 1358 924 esset
1399 885 1708 925 recensere.
1738 870 1807 923 Et,
1839 877 2018 921 tamen

391 952 394 954 ’
449 975 716 1029 nusquam
744 962 886 1031 apud
917 977 1010 1017 eos
1040 972 1122 1016 est
1144 962 1228 1014 vel
1260 963 1532 1016 tantillum
1560 961 1706 1015 ﬁdei.
1737 959 1885 1023 Esto,
1910 973 2020 1011 non

449 1050 626 1108 credis
687 1052 865 1114 nobis,
932 1067 965 1105 ο
1016 1051 1236 1116 Judaze,
1298 1050 1414 1122 lege
1480 1065 1666 1104 sacros
1724 1049 2016 1111 antistites,

449 1142 639 1196 evolve
661 1143 825 1197 libros
852 1145 942 1212 qui
976 1151 1103 1197 sunt
1131 1144 1275 1212 apud
1305 1153 1357 1197 te
1389 1161 1402 1196 :
1441 1159 1621 1212 neque
1652 1143 1790 1198 velis
1824 1142 2021 1195 leviter

449 1236 706 1290 detestari
739 1243 978 1298 sanctos,
1012 1235 1232 1290 Petrum
1261 1243 1354 1290 aut
1376 1236 1605 1290 Paulum
1637 1234 2016 1303 evangelistas.

448 1324 585 1380 Audi
619 1326 806 1380 saltem
838 1328 922 1382 vel
954 1327 1170 1397 Moysen
1200 1327 1328 1395 quid
1352 1327 1746 1396 prwscripserit
1778 1325 1831 1378 in
1865 1325 2017 1394 lege:

454 1411 766 1480 Prop/ictam
794 1415 1066 1468 suscitabit
1102 1417 1352 1469 Dominus
1392 1417 1528 1468 Deus
1555 1417 1617 1468 de
1649 1414 1902 1485 fratribus
1933 1431 2020 1466 ce-

447 1507 590 1564 stris.
622 1507 793 1575 ipsum
837 1516 1093 1578 tanquam
1140 1525 1220 1561 me
1259 1509 1484 1562 audietis
1529 1510 1593 1560 “.
1641 1509 1854 1561 Intuere
1890 1507 2017 1576 quid

450 1597 614 1652 Isaias
670 1599 1001 1668 prophetans
1061 1600 1354 1654 inclamet:
1404 1600 1536 1653 Ecce
1581 1600 1726 1669 virgo
1770 1599 1825 1651 in
1875 1608 2020 1651 utero

448 1686 670 1753 habebit,
693 1699 740 1742 et
757 1693 926 1758 pariet
947 1691 1136 1759 ﬁlium,
1172 1700 1220 1742 et
1242 1686 1511 1744 vocabitur
1541 1707 1724 1743 nomen
1758 1689 1871 1759 ejus
1893 1689 2020 1742 Em-

447 1780 660 1833 manuel
688 1781 750 1832 “.
784 1783 920 1836 Audi
963 1782 1254 1836 Jeremiain
1300 1785 1686 1838 vociferantem
1733 1785 1969 1854 ingentia
2003 1803 2015 1837 :

448 1867 551 1922 Hic
599 1883 674 1924 est
710 1872 847 1925 Deus
885 1883 1079 1935 noster,
1132 1891 1233 1927 nou
1277 1877 1604 1943 reputabitur
1645 1878 1780 1929 alius
1828 1887 2020 1944 praeter

445 1975 564 2012 eum
587 1976 604 2012 :
631 1970 679 2013 et
708 1962 1036 2024 descendam,
1071 1964 1248 2033 inquit
1282 1984 1294 2018 :
1327 1976 1441 2035 post
1473 1967 1582 2019 hate
1618 1968 1671 2019 in
1699 1969 1850 2020 terris
1880 1968 2018 2020 visus

445 2061 541 2113 est,
564 2061 613 2105 et
635 2069 752 2105 cum
775 2055 1066 2108 hominibus
1099 2067 1428 2111 conversatus
1463 2072 1535 2111 est
1563 2058 1769 2113 “.Vide
1801 2075 2016 2112 rursum

444 2142 573 2211 quid
611 2142 802 2197 innuat
832 2145 1122 2201 Zacharias
1157 2165 1168 2201 :
1211 2147 1344 2222 Ecce
1373 2151 1470 2213 vir,
1515 2166 1700 2203 nomen
1729 2152 1776 2203 ei
1809 2149 1899 2205 Sol
1922 2151 2018 2221 ju-

442 2235 623 2301 stitiw,
656 2250 706 2290 et
733 2241 938 2294 sanitas
967 2240 1021 2294 in
1063 2243 1247 2310 pennis
1284 2243 1400 2312 ejus
1437 2245 1500 2298 ¹⁵.
1557 2237 1622 2298 Et
1664 2245 1861 2299 mulier
1895 2261 2017 2315 qua

346 2390 348 2392 ν
442 2324 590 2381 fluxu
637 2330 917 2400 sanguinis
951 2333 1206 2389 laborans
1241 2335 1440 2390 multos
1469 2345 1592 2406 post
1627 2352 1800 2391 annos
1829 2348 2016 2391 sanata

443 2428 545 2479 est,
575 2435 680 2473 una
716 2437 839 2475 cum
871 2424 990 2478 aliis
1019 2440 1328 2481 sermonem
1356 2428 1718 2492 conﬁrmavit,
1754 2439 1808 2484 et
1840 2431 2017 2501 sigillo

442 2513 674 2576 notavit,
730 2515 844 2567 solo
901 2516 1126 2570 ﬁmbriae
1174 2528 1320 2572 tactu
1380 2520 1649 2589 recipiens
1703 2523 2012 2577 sanitatem.

441 2596 622 2663 Quid?
650 2601 768 2671 iege
811 2603 1054 2658 studiose
1087 2606 1453 2669 Ezechielem,
1501 2618 1553 2662 et
1589 2610 1764 2663 virum
1798 2611 2015 2665 deside-

442 2686 667 2750 riorum,
713 2705 821 2758 quo
871 2699 1030 2758 pacto
1069 2692 1158 2745 ille
1207 2694 1426 2760 quidem
1466 2695 1676 2749 dicebat
1713 2713 1726 2748 :
1768 2695 1895 2749 Haec
1941 2709 2015 2751 est

439 2786 592 2843 parta
647 2779 878 2845 Domini,
925 2790 974 2833 et
1025 2783 1348 2850 ingredietur
1397 2784 1650 2838 Dominus
1693 2803 1786 2854 per
1810 2804 1928 2840 eam
1967 2798 2016 2841 et

439 2867 750 2935 egredietur,
780 2880 826 2921 et
850 2871 949 2922 erit
982 2881 1132 2938 porta
1166 2872 1349 2926 clausa
1385 2875 1449 2928 ¹⁸,
1492 2876 1678 2929 Daniel
1711 2888 1893 2931 autem
1929 2879 2014 2932 in-

438 2955 598 3023 quit:
631 2956 701 3010 Et
739 2975 852 3011 ecce
883 2961 936 3012 in
985 2961 1205 3014 nubibus
1244 2963 1357 3016 coeli
1398 2964 1538 3017 velut
1581 2965 1746 3019 Filius
1787 2967 2014 3022 hominis

438 3050 646 3102 ueniens
689 3052 753 3105 ιθ.
793 3051 925 3106 Asta
958 3053 1058 3122 ipsi
1093 3054 1282 3119 Jacob,
1325 3065 1380 3110 et
1428 3057 1579 3112 disce
1605 3059 1733 3127 quid
1780 3059 1925 3114 dicat
1959 3061 2014 3114 in

440 3139 908 3197 benedictionibus
939 3143 1298 3199 emittendis:
1350 3146 1471 3199 Non
1521 3149 1723 3217 deﬁciet
1777 3152 2016 3221 princeps

2125 691 2158 740 ό
2206 686 2350 751 Θεὸς
2411 686 2480 738 ἐκ
2533 683 2652 738 τῶν
2688 683 2967 752 ἀδελφῶν
2999 680 3191 751 ὑμῶν,
3240 682 3321 746 ὡς
3349 679 3475 750 ἐμὲ,
3508 679 3713 733 αὐτοῦ

2123 781 2437 832 ἀκούσετε.
2512 777 2684 830 Βλέπε
2733 777 2786 828 τί
2849 773 3211 844 προφητεύων
3271 772 3501 833 Ἦσαῖας
3577 771 3709 840 βοᾷ,

2136 871 2292 924 Ἰδοὺ
2344 872 2382 938 ἠ
2425 869 2720 938 παρθένος
2767 869 2838 922 ἐν
2883 866 3091 937 γαστρὶ
3133 866 3278 928 ἕξει,
3329 864 3428 917 καὶ
3471 863 3712 927 τέξεται

2121 961 2279 1026 υΙὸνς
2343 961 2439 1014 καὶ
2494 960 2828 1015 καλέσουσι
2878 958 2946 1012 τὸ
2997 958 3182 1026 ὄνομα
3231 957 3418 1010 αὑτοῦ
3482 958 3712 1025 Ἐμμα-

2122 1053 2335 1121 νουήλ.
2399 1054 2667 1106 ’Ἄκουσον
2733 1052 3000 1125 Ἱερεμίου
3061 1051 3393 1122 κεκραγότος
3447 1051 3705 1118 μεγάλα·

2127 1143 2314 1209 Οὗτος
2367 1148 2399 1200 d
2454 1145 2600 1210 Θεὸς
2654 1142 2843 1213 ἡμῶν,
2908 1145 2980 1198 οὐ
3024 1143 3452 1212 λογισθήσεται
3495 1143 3708 1209 ἕτερος

2122 1235 2271 1301 πρὸς
2289 1235 2495 1297 αὐτὸν,
2522 1234 2615 1287 καὶ
2647 1234 3120 1299 ι’·ποκαταόαἰνω,
3147 1233 3310 1301 φησί·
3333 1233 3485 1302 μετὰ
3512 1232 3710 1286 ταῦτα

2121 1325 2215 1378 ἐπὶ
2237 1324 2350 1392 ⁸Γῆς
2375 1324 2563 1394 ὤφθη,
2584 1325 2682 1379 καὶ
2703 1325 2826 1391 τοῖς
2847 1323 3180 1392 ἀνθρώποις
3202 1324 3704 1392 συνιινεστράςρη.

2125 1417 2265 1485 Ὅρα
2299 1415 2463 1468 πάλιν
2516 1415 2578 1466 τί
2605 1414 2878 1485 Ζαχαρίας
2931 1416 3240 1484 ὲσὴμανεν’
3306 1413 3466 1467 Ἰδοὺ
3515 1412 3700 1480 ἀνὴρ,

2124 1506 2311 1575 ὄνομα
2362 1504 2522 1570 αὐτῷ
2565 1507 2763 1571 Ἥλιος
2813 1506 3223 1572 δικαιοσύνης,
3268 1504 3362 1557 καὶ
3410 1504 3579 1568 ἴασις
3629 1503 3706 1556 ἐν

2124 1598 2250 1664 ταῖς
2267 1596 2553 1665 πτέρυξιν
2573 1597 2778 1650 αὑτοῦ.
2801 1598 2910 1649 Καὶ
2936 1596 3028 1648 τὸν
3049 1595 3205 1663 λόγον
3236 1596 3535 1666 αἱμόρρους
3560 1596 3704 1666 γυνὴ

2126 1689 2262 1758 μετὰ
2299 1686 2468 1740 πολλὰ
2514 1687 2607 1754 ἐτη
2643 1686 2872 1750 ἰαθεῖσα,
2920 1687 3017 1739 σὺν
3052 1686 3146 1738 καὶ
3179 1685 3359 1748 ἄλλοις
3395 1685 3702 1738 ἐϐεϐαίωσε

2123 1783 2216 1834 καὶ
2245 1781 2562 1850 ὲσφράγισε,
2596 1782 2660 1849 τῇ
2693 1780 2803 1848 ἁφῇ
2835 1777 2929 1830 τοῦ
2951 1777 3262 1848 κρασπέδου
3294 1777 3570 1844 δεξαμένη
3597 1777 3706 1846 τὴν

2125 1873 2291 1927 ἴασιν.
2343 1874 2441 1936 Ti;
2484 1873 2576 1924 τον
2635 1869 2916 1940 ἰεζεκιὴλ,
2961 1871 3055 1922 καὶ
3088 1869 3179 1922 τὸν
3199 1869 3370 1937 ἄνδρα
3416 1867 3525 1920 τῶν
3571 1869 3702 1920 ἐπι-

2050 1925 2092 1983 B
2122 1925 2332 2033 θυμιῶν
2369 1925 2666 2030 φιλολόγως
2712 1925 3009 2027 όνὰγνωθι.
3066 1959 3192 2021 Πῶς
3224 1962 3253 2013 ό
3302 1925 3428 2027 μὲν,
3455 1959 3615 2024 Αὕτη
3654 1958 3699 2024 ἡ

2120 2058 2282 2124 πύλη
2329 2056 2436 2109 τοῦ
2469 2055 2706 2123 Κυρίου,
2732 2054 2907 2121 ἔλεγε,
2931 2054 3028 2105 καὶ
3048 2052 3457 2105 εισελεύσεται
3480 2051 3705 2116 Κύριος

2118 2147 2194 2205 δῖ
2226 2153 2418 2220 αὐτῆς
2474 2149 2570 2204 καὶ
2617 2149 3026 2212 ἐξελεύσεται,
3067 2145 3163 2198 καὶ
3212 2145 3384 2198 ἐσται
3435 2145 3473 2210 ή
3527 2145 3700 2210 πύλη

2119 2244 2536 2312 κεκλασμένη.
2573 2246 2632 2296 '0
2661 2244 2716 2295 δὲ
2747 2240 2969 2309 Δανιὴλ,
3007 2238 3357 2306 Ἐθεώρουν,
3384 2239 3537 2305 φησὶ,
3593 2238 3694 2288 καὶ

2117 2337 2247 2391 ιδοὺ
2303 2336 2400 2389 ἐπὶ
2445 2335 2565 2389 τῶν
2611 2332 2883 2402 νεφελῶν
2939 2331 3046 2384 τοῦ
3089 2326 3373 2396 ούρανοῦ,
3422 2327 3504 2390 ὡς
3565 2325 3702 2388 me

2116 2427 2432 2496 ἀνθρώπου
2467 2428 2808 2495 ἐρχόμενος.
2849 2422 3166 2493 Παράστηθι
3213 2419 3293 2491 τῷ
3348 2417 3568 2478 Ἰακὼϐ,
3602 2419 3699 2470 καὶ

2116 2521 2168 2574 τί
2223 2520 2374 2588 λέγει
2443 2519 2642 2586 μεταξὺ
2711 2517 2819 2569 τῶν
2873 2515 3137 2582 εύλογιῶν
3195 2510 3503 2581 κατάμαθε.
3571 2511 3696 2562 οὐκ

2115 2613 2384 2679 ἐκλείψει
2431 2609 2630 2677 ἅρχων
2670 2607 2739 2671 ἐξ
2796 2605 2992 2661 Ἰούδα
3021 2645 3034 2668 ,
3077 2603 3175 2657 καὶ
3234 2604 3570 2671 ἡγούμενος
3626 2600 3698 2652 ἐκ

2117 2701 2235 2756 τῶν
2271 2699 2479 2770 μηρῶν
2507 2698 2712 2761 αὑτοῦ,
2765 2697 2876 2762 ἓως
2924 2691 2996 2750 οὗ
3037 2696 3186 2762 ἔλθῃ
3241 2693 3310 2759 ὃς
3360 2693 3694 2751 ἀπόκειται,

2117 2797 2210 2848 καὶ
2245 2792 2428 2856 αὐτὸς
2485 2789 2817 2858 προσδοκία
2847 2785 3058 2842 ἐθνῶν.
3092 2785 3264 2852 "Aqua:
3317 2783 3415 2852 τῆς
3458 2782 3698 2850 κιθάρας

2115 2885 2208 2938 τοῦ
2255 2885 2591 2953 Πνεύματος,
2630 2883 2726 2934 καὶ
2759 2879 2948 2932 θέασαι
2983 2877 3037 2929 τί
3077 2877 3245 2929 Δαϐὶδ
3275 2874 3520 2943 ἀκριϐῶς
3554 2875 3694 2941 ἐμε-

2114 2974 2342 3044 λῴδησε,
2379 2971 2586 3040 Μήτηρ
2623 2969 2775 3025 Σιὼν
2799 2968 2937 3037 ἐρεῖ·
2971 2969 3318 3034 Ἀνθρωπος
3345 2963 3442 3016 καὶ
3468 2963 3699 3030 ἄνθρω-

2115 3083 2228 3132 πος
2257 3066 2550 3134 ἐγεννήθη
2586 3063 2656 3116 ἐν
2705 3059 2880 3127 αὐτῇ,
2930 3059 3032 3114 καὶ
3068 3057 3252 3122 αὐτὸς
3290 3056 3698 3124 Maps-limae?

2115 3158 2310 3225 αὐτὴν
2341 3161 2373 3212 ό
2422 3157 2742 3224 ’Υψιστοφ
2793 3152 3069 3224 Παρθένος
3106 3151 3216 3223 γὰρ
3255 3152 3289 3220 ἠ
3339 3150 3544 3219 μήτηρ,
3593 3146 3695 3200 καὶ

438 3231 501 3281 de
527 3229 688 3294 Juda,
731 3241 779 3284 et
809 3233 918 3286 dum
953 3236 1016 3288 de
1045 3237 1326 3305 femoribus
1355 3238 1490 3306 ejus,
1527 3240 1688 3293 donec
1723 3243 1896 3295 veniat
1926 3245 2015 3310 qui

2123 3248 2259 3319 μετὰ
2306 3247 2464 3300 τόκον
2500 3245 2733 3316 διέμεινε
2771 3244 2873 3313 τῆς
2911 3241 3209 3313 παρθενίας
3247 3239 3502 3311 σφραγὶς,
3540 3239 3608 3307 ἣν
3655 3239 3691 3306 ἠ

441 3322 694 3388 repositus
743 3332 837 3387 est,
871 3336 920 3378 et
968 3327 1078 3394 ipse
1124 3332 1441 3397 exspectatio
1487 3333 1720 3401 gentium
1758 3335 1820 3388 ".
1854 3335 2012 3389 Pulsa

440 3411 706 3467 citharam
743 3418 912 3470 sancti
964 3417 1218 3486 Spiritue,
1269 3428 1339 3488 et
1376 3423 1624 3491 perspice
1667 3425 1794 3493 quid
1845 3423 2014 3482 David

440 3510 691 3557 accurate
737 3505 1110 3562 decantaverit
1139 3529 1151 3562 :
1185 3511 1352 3564 Mater
1377 3511 1504 3566 Sion
1533 3515 1710 3568 dicet:
1735 3517 1924 3581 Homo,
1965 3529 2013 3573 et

441 3586 592 3639 homo
636 3600 792 3643 natus
820 3603 893 3645 est
929 3595 983 3646 in
1021 3612 1105 3657 ea,
1139 3607 1186 3649 et
1221 3599 1332 3664 ipse
1377 3601 1618 3669 fundavit
1656 3619 1773 3656 eam
1801 3605 2015 3659 Altissi-

442 3692 557 3731 mus
589 3679 652 3732 ⁸⁸.
689 3679 847 3751 Virgo
875 3685 1016 3737 enim
1050 3694 1131 3739 est
1159 3695 1349 3751 mater,
1381 3699 1434 3742 et
1466 3701 1588 3758 post
1628 3703 1842 3760 partum
1888 3712 2014 3765 per-

377 3778 644 3828 ,mansn
684 3771 916 3842 sigillum
965 3775 1308 3844 virginitatis.
1353 3782 1496 3846 quod
1549 3792 1741 3838 natura
1794 3785 2011 3851 indidit,

444 3860 825 3916 inconcussum
853 3866 1191 3920 custodiens.
1234 3867 1469 3922 Rursum
1523 3873 1735 3942 inspice
1773 3878 1901 3945 quid
1939 3881 2016 3934 ait

442 3949 606 4004 David
635 3969 646 4004 :
677 3951 893 4007 Orietur
923 3956 977 4008 in
1016 3958 1196 4010 diebus
1222 3959 1334 4026 ejus
1367 3961 1602 4027 justitia,
1631 3973 1678 4016 et
1711 3967 1898 4021 deinde
1923 3971 2013 4022 do-

442 4041 733 4095 minabitur
775 4062 807 4096 a
862 4047 1000 4098 mari
1025 4064 1188 4117 usque
1217 4053 1286 4102 ad
1337 4067 1503 4115 mare,
1559 4065 1604 4107 et
1642 4072 1672 4108 a
1707 4059 2014 4125 ﬂuminibus

442 4154 604 4208 usque
633 4142 703 4194 ad
729 4145 976 4197 terminos
1013 4154 1167 4200 terra:
1205 4148 1268 4200 ¹⁹.
1297 4147 1436 4202 Num
1467 4152 1588 4220 quis
1620 4166 2011 4226 praeceptorum

442 4241 754 4288 nostrorum
779 4236 892 4290 haec
905 4240 1276 4306 pronuntiavit
1295 4240 1466 4296 ?Num
1481 4245 1604 4314 quis
1621 4247 2012 4316 discipulorum

440 4320 733 4378 Salvatoris
785 4327 838 4379 in
905 4329 1100 4383 tabulis
1163 4341 1256 4386 aut
1313 4334 1518 4390 chartis
1583 4338 1708 4390 talia
1775 4339 2014 4394 circum-

439 4413 694 4482 scripsit?
733 4416 924 4472 Nonne
967 4420 1278 4491 quicunque
1327 4425 1394 4479 de
1441 4441 1507 4480 eo
1553 4436 1712 4482 antea
1751 4432 2014 4498 praedica-

438 4513 587 4568 runt,
625 4505 660 4558 ii
697 4517 853 4561 erant
883 4509 1432 4569 ﬁliicircumcisionis
1470 4519 1563 4587 qui
1601 4518 1718 4574 haec
1748 4523 2013 4590 praecine-

2115 3341 2277 3408 φύσις
2312 3338 2582 3405 ἐπέθηκεν
2622 3333 3075 3406 ἀπαρασὰλευτον
3112 3331 3479 3400 φυλάττουσα.
3522 3329 3695 3382 Πάλιν

2113 3431 2214 3500 ὅρα
2236 3428 2287 3481 τι
2320 3429 2467 3496 λέγει
2488 3426 2670 3488 Δαϐὶδ,
2689 3423 3069 3480 Ἀνατελεῖἐν
3089 3422 3209 3488 ταῖς,
3237 3420 3485 3490 ἡμέραις
3504 3418 3697 3472 αὐτοῦ

2114 3521 2464 3587 δικαιοσύνη
2488 3536 2502 3551 °
2527 3520 2622 3572 καὶ
2649 3517 2774 3588 ἑξῆς
2797 3532 2810 3544 ·
2836 3513 3304 3581 Κατακυριεύσει
3328 3511 3444 3565 ἀπὸ
3464 3507 3696 3564 θαλάσ-

2100 3615 2360 3685 σηςὲως
2393 3611 2731 3678 θαλάσσης,
2766 3609 2861 3662 καὶ
2901 3607 3019 3661 ἀπὸ
3046 3604 3329 3671 ποταμῶν
3365 3603 3476 3667 ἕως
3508 3600 3695 3668 περά-

2115 3725 2232 3762 των
2253 3705 2362 3774 τῆς
2392 3702 2772 3772 οἰκουμένης.
2805 3701 2894 3769 Μὴ
2919 3698 3093 3752 ταῦτά
3115 3715 3200 3757 τις
3223 3696 3333 3749 τῶν
3357 3695 3698 3748 διδασκάλων

2114 3798 2222 3850 τῶν
2244 3795 2526 3866 ἡμετέρων
2555 3791 2903 3862 προεμήνυσε
2928 3805 2942 3854 ;
2975 3789 3050 3858 μή
3081 3805 3161 3850 τις
3180 3785 3289 3838 τῶν
3313 3784 3570 3854 μαθητῶν
3596 3780 3695 3834 τοῦ

2117 3889 2370 3959 Σωτῆρος
2397 3888 2454 3937 ὲν
2479 3883 2701 3946 δέλτοις,
2727 3882 2759 3952 ἢ
2791 3880 3023 3951 χάρταις
3049 3877 3116 3930 τὰ
3152 3877 3378 3929 τοιαῦτα
3419 3873 3695 3943 συνέγραο

2113 3981 2242 4050 ψενς
2291 3979 2404 4048 Οὐχ
2433 3978 2547 4031 ὅσοι
2577 3975 2704 4044 περὶ
2732 3969 2895 4026 αὐτοῦ
2940 3969 3326 4041 προεκήρυξαν
3453 3966 3552 4063 τῆξ
3593 3979 3694 4063 πεῖ

2118 4070 2368 4142 ριτομῆς,
2416 4066 2589 4121 ταῦτα
2631 4062 3063 4134 περιεσάλπισοιν
3094 4059 3295 4120 τέχνας
3347 4055 3550 4159 Obx'ol
3593 4055 3698 4159 τού

2128 4159 2380 4230 Ἀϐραὰμ
2407 4156 2622 4224 ἔγγονοι
2650 4153 2825 4207 ταῦτα
2869 4148 3246 4220 ἀνεκήρυξανς
3289 4149 3347 4199 ὲν
3395 4144 3609 4204 τούτοις
3632 4144 3696 4194 οὐ

2114 4250 2295 4321 χαίρει
2350 4247 2651 4307 πιστεύειν,
2702 4239 3006 4312 ὲντράπηθι
3054 4240 3182 4301 τοὺς
3237 4237 3499 4306 δαίμονας
3556 4233 3696 4285 ἀνα-

2116 4343 2378 4407 ϐοῶντας,
2428 4339 2526 4393 καὶ
2569 4339 2850 4406 λέγοντας,
2903 4334 2964 4388 Τί
2984 4331 3128 4402 ἡμῖν
3160 4329 3257 4383 καὶ
3293 4327 3414 4393 σοι,
3454 4325 3550 4380 Υἱὲ
3589 4324 3697 4378 τοῦ

2118 4435 2264 4490 Θεοῦ
2297 4433 2405 4488 τοῦ
2435 4432 2691 4494 (danae;
2731 4427 3016 4496 Αἱδέσθητι
3050 4423 3302 4492 ἀγγέλων
3345 4421 3439 4473 καὶ
3481 4417 3700 4487 ἀνθρώ-

2117 4546 2235 4582 πων
2266 4527 2365 4581 καὶ⁸
2407 4525 2699 4595 δαιμόνων,
2750 4522 2844 4574 καὶ
2895 4519 3074 4587 πάσης
3119 4514 3257 4585 όμοῦ
3310 4512 3413 4581 τῆς
3462 4510 3697 4570 κτίσεως

439 4592 605 4647 bant?
634 4595 727 4650 His
772 4597 912 4654 forte
981 4616 1088 4655 non
1122 4602 1219 4656 tibi
1275 4605 1406 4660 libet
1447 4609 1714 4664 credere:
1750 4588 2014 4670 reverere

2117 4620 2217 4690 τὴν
2241 4619 2371 4686 περὶ
2388 4616 2482 4671 τοῦ
2501 4588 2782 4669 λεσπότου
2814 4610 3052 4683 Χριστοῦ
3077 4608 3391 4678 ὁμολογίαν.
3424 4607 3486 4659 Et
3515 4605 3571 4657 δὲ
3597 4604 3694 4656 καὶ

437 4683 714 4742 όωηιοηεε
742 4691 1112 4748 exclamantes
1141 4695 1227 4750 bis
1257 4699 1457 4765 verbis,
1497 4699 1635 4765 Quid
1659 4704 1803 4758 nobis
1832 4716 1880 4760 et
1899 4709 2012 4773 tibi,

438 4775 550 4830 Fili
597 4779 691 4834 Dei
751 4784 1076 4839 viventis“?
1123 4786 1395 4843 Reverere
1441 4792 1779 4862 angelorum,
1835 4799 2015 4853 homi-

437 4885 590 4936 num,
627 4873 956 4940 dzemonum,
993 4893 1058 4933 ac
1091 4880 1253 4934 simul
1296 4884 1562 4938 universa:
1588 4898 1850 4944 creatura
1885 4907 2017 4946 eon-

439 4959 730 5017 fessionem
765 4965 830 5020 de
857 4967 1078 5022 Christo
1111 4969 1360 5025 Domino.
1398 4972 1492 5026 Sin
1523 4975 1686 5030 etiam
1713 4979 1830 5034 haec
1855 4997 2014 5038 aver-

2118 4711 2326 4774 τούτοις
2377 4711 2642 4780 παραιτῇ,
2691 4705 2839 4770 δέξαι
2881 4707 2982 4774 τὴν
3023 4702 3116 4754 τοῦ
3158 4699 3370 4771 Πατρός
3417 4696 3503 4750 ἐπ’
3545 4692 3695 4763 αὐτῷ

2122 4808 2428 4879 μαρτυρίαν
2476 4804 2764 4877 οὐρανόθεν
2814 4799 3156 4873 βροντῶσαν,
3203 4792 3394 4859 οὗτός
3440 4792 3610 4846 ἐστιν
3661 4791 3696 4841 δ

2127 4899 2260 4965 Υἱός
2286 4916 2406 4967 μου
2459 4900 2492 4951 ὀ
2539 4894 2870 4963 ἀγαπητὸς,
2905 4894 2975 4946 ἐν
3009 4886 3058 4958 ᾧ
3109 4889 3432 4953 εὐδόκησα·
3480 4880 3692 4952 Αὐτῷθ

2116 4990 2242 5054 δόξα
2268 4993 2346 5053 εἰς
2371 4989 2498 5052 τοὺς
2529 4987 2732 5050 αἰῶνας
2758 4986 2869 5037 τῶν
2896 4982 3131 5038 αἰώνων.
3175 4982 3373 5048 Ἀμήν.

439 5054 594 5119 saris,
625 5060 813 5128 excipe
840 5064 1174 5118 testatricem
1214 5065 1387 5121 Patris
1419 5085 1627 5137 vocem,
1657 5075 1802 5134 illius
1832 5086 2004 5152 gratia
2040 5105 2071 5144 e
2101 5091 2314 5160 superis
2349 5089 2521 5143 instar
2579 5084 2803 5140 tonitrui
2850 5089 3218 5143 resonantem,
3263 5075 3360 5131 Hic
3401 5084 3476 5129 est
3518 5071 3690 5126 Filius

441 5165 583 5207 meus
620 5151 838 5207 dilectus
870 5156 924 5207 in
964 5173 1064 5225 quo
1113 5160 1238 5212 mihi
1279 5160 1405 5214 bene
1452 5166 1744 5235 complacui
1782 5151 1852 5229 ’πί
1898 5177 2003 5250 Ipsi
2044 5151 2211 5254 glori-3
2238 5182 2290 5236 in
2314 5180 2509 5236 εωουιτ.
2541 5177 2886 5233 mentorum.
2917 5175 3112 5228 Amen.

1195 5297 1260 5353 ν.

936 5434 1188 5502 Ejusdem
1217 5437 1280 5492 de
1313 5441 1516 5495 eadem.

508 5566 636 5622 Jure
666 5570 1021 5638 proculdubio
1057 5572 1237 5626 omnis
1264 5572 1400 5644 grati
1442 5572 1610 5627 animi
1640 5574 1824 5646 lingua
1871 5579 2009 5632 salu«

511 5765 554 5796 “
592 5766 745 5822 Deut.
783 5785 935 5834 xviii,
972 5771 1060 5825 15.

440 5847 496 5899 x,
525 5836 612 5888 16.
691 5839 732 5870 "
756 5838 891 5893 Gen.
923 5855 1070 5905 xux,
1096 5841 1183 5896 10.

1299 5844 1340 5874 ⁸⁸
1374 5842 1517 5900 Psal.
1569 5861 1785 5911 ωιιιγι,
1839 5847 1894 5901 5.

446 5918 575 5969 xvu,
601 5906 652 5959 5.

2871 5308 2947 5362 E'.

2484 5447 2594 5500 Τοῦ
2630 5443 2814 5500 αὐτοῦ
2853 5446 2939 5510 εἰς
2976 5459 3091 5510 την
3126 5441 3339 5506 αὐτην.

2190 5579 2344 5632 Πᾶσα
2391 5577 2490 5647 μὲν
2525 5576 2826 5647 εὐγνώμων
2867 5575 3085 5645 γλῶττα
3115 5574 3211 5646 τὴν
3247 5569 3526 5643 Παρθένον
3551 5567 3689 5622 εἰκό-

1139 5773 1180 5802 ¹²
1207 5772 1305 5827 lsa.
1334 5789 1432 5836 vn,
1458 5773 1544 5828 Η.
1626 5774 1918 5830 "Barucb.
1949 5792 2031 5835 Ill.
2069 5777 2266 5840 57,38.
2345 5777 2389 5809 "
2418 5777 2821 5844 Malacb.1v,2.
2897 5778 2941 5809 “
2969 5777 3164 5832 Ezecb.
3195 5793 3336 5841 xuv,
3359 5777 3414 5831 2.
3495 5774 3537 5806 ¹⁶
3558 5774 3686 5827 Dan.

1139 5841 1183 5896 θ.
1299 5844 1340 5874 ⁸⁸
1374 5842 1517 5900 Psal.
1569 5861 1785 5904 ωιιιγι.
1839 5847 1894 5901 5.
1987 5845 2202 5903 "Psal.
2256 5864 2400 5904 uxr.
2453 5848 2528 5904 ’1.
2586 5848 2644 5904 8.
2742 5849 2788 5882 ³ο
2817 5847 3009 5904 Matth.
3067 5863 3186 5904 vm.
3246 5847 3336 5903 29.
3439 5843 3686 5900 "Matth.

1972 5913 1975 5916 Ι
2059 5887 2079 5901 Ι
2103 5887 2202 5903 ιταιο
2256 5887 2400 5917 “.‘II’
2460 5887 2477 5902 Ι
2513 5890 2528 5918 ’
2586 5887 2644 5905 υ.

2742 5849 2788 5882 ³ο
2817 5847 3009 5904 Matth.
3067 5863 3186 5914 vm,
3246 5847 3336 5903 29.
3439 5843 3689 5900 "Matth.
