4040 6472
367 471 502 538 1-161

1747 483 2182 549 SERMONES.

3492 487 3630 553 1462

358 608 472 652 τως
506 589 598 643 καὶ
643 589 908 644 Θεοτόκον
939 590 1269 656 ἀσπάζεται,
1313 594 1405 646 καὶ
1439 593 1530 647 τὸν
1566 595 1806 668 Γαϐριὴλ
1853 616 1940 669 μι-

2052 610 2130 657 tat
2162 602 2439 672 Virginem
2481 611 2539 658 et
2575 601 2880 674 Deiparam,
2915 616 2978 657 ac
3019 616 3120 672 pro
3161 581 3370 660 viribus
3402 603 3630 660 Gabrie-

363 686 551 753 μεῖται
579 683 671 736 τὸν
700 683 940 753 ἄρχοντα
973 684 1081 738 τῶν
1113 686 1360 753 ἀγγέλων
1389 689 1469 750 είς
1501 688 1750 760 δύναμιν.
1783 690 1888 744 Καὶ
1917 692 1945 743 ὁ

360 778 463 845 μὲν
491 776 629 845 αὐτῇ
660 777 891 844 χαίρειν
924 776 1070 844 λέγει
1089 793 1101 806 ·
1134 781 1162 830 ό
1188 777 1266 844 δὲ,
1295 779 1513 846 Κύριος
1532 781 1598 834 ἐκ
1620 781 1758 847 σοῦ,
1777 799 1946 853 προσ-

356 870 550 934 φωνεῖ,
580 868 668 920 διὰ
695 869 787 920 τὸν
817 869 876 934 ἐξ
903 869 1073 939 αὐτῆς
1098 869 1360 940 τεχθέντα
1386 912 1402 936 ,
1443 873 1536 925 καὶ
1568 874 1708 944 μετὰ
1742 874 1946 945 σαρκὸς

354 959 436 1027 τῷ
467 960 614 1026 γένει
646 961 754 1014 τῶν
798 959 1104 1032 ἀνθρώπων
1152 961 1485 1033 ἐπιφανέντα
1511 965 1739 1037 Κύριον.
1773 960 1943 1031 Οὗτος

354 1053 530 1125 αὐτὴν
562 1054 794 1125 Μητέρα
843 1055 1022 1123 φωτὸς
1074 1056 1431 1126 ἐπονομάζει·
1470 1059 1680 1122 ἐκεῖνος
1714 1061 1944 1132 Ἀστέρα

353 1145 504 1216 ζωῆς
527 1163 539 1177 ·
573 1147 735 1211 ἄλλος
761 1149 962 1218 Θρόνον
992 1149 1393 1218 προσαγορεύει
1423 1150 1582 1218 Θεοῦ,
1605 1153 1765 1215 ἄλλος
1796 1155 1944 1208 Ναὸν

353 1238 589 1309 ούρανοῦ
640 1239 894 1308 μείζοναο
933 1238 1119 1308 ἔτερος
1148 1238 1430 1310 Καθέδραν
1464 1241 1565 1311 τῆς
1601 1243 1710 1296 τῶν
1746 1239 1942 1314 χερον-

355 1330 532 1383 ϐικῶν
560 1330 832 1400 καθέδρας
867 1331 966 1384 οὐκ
990 1329 1251 1385 ἐλάττονα
1270 1347 1284 1366 ο
1315 1331 1503 1401 ἕτερος
1533 1334 1716 1399 πάλιν,
1752 1338 1943 1407 Κῆπον

354 1425 619 1492 ἄσπορον,
653 1421 921 1494 εὔφορον,
963 1423 1340 1495 ἀγεώργητον,
1379 1427 1625 1492 ἄμπελον
1657 1427 1940 1502 εὖϐοτρυν,
1986 1413 1998 1426 ⁸

352 1515 586 1586 εὐθαλῆ,
621 1515 1000 1585 ἀψηλάφητον,
1033 1517 1274 1586 τρυγόνα
1301 1518 1572 1589 καθαράν,
1609 1523 1942 1593 περιστεράν

353 1615 640 1682 ἀμίαντον,
673 1611 904 1682 νεφέλην
930 1612 1039 1664 τῶν
1069 1611 1242 1665 ὑετῶν
1263 1614 1434 1684 χωρὶς
1466 1614 1673 1686 φθορᾶς
1703 1617 1942 1688 συλλαμ..

351 1707 657 1760 ϐάνουσαν’
694 1707 899 1777 πήραν,
931 1703 999 1776 ἧς
1026 1707 1054 1758 ὁ
1089 1706 1444 1777 μαργαρίτης
1477 1708 1572 1761 τοῦ
1606 1709 1759 1778 ἡλίου
1797 1711 1939 1780 λαμ-

355 1800 623 1869 πρότερος
641 1817 652 1828 ·
685 1797 946 1868 μέταλλον
977 1799 1034 1864 ἐξ
1059 1792 1122 1852 οὗ
1146 1799 1174 1850 ὁ
1199 1798 1345 1862 λίθος
1374 1799 1502 1869 ὃλην
1531 1801 1821 1873 καλύπτων
1843 1803 1942 1873 τὴν

349 1892 480 1961 γῆν,
507 1892 718 1953 οὐδενὸς
750 1892 913 1945 αὐτὸν
945 1891 1308 1962 λατομοῦντος
1338 1895 1704 1964 προέρχεται·
1741 1896 1942 1950 ὁλκάδα

2049 692 2155 746 lem
2217 693 2535 764 angelorum
2596 694 2902 764 principem
2962 693 3228 748 imitatur.
3295 694 3484 765 Itaque
3538 693 3630 751 hic

2048 785 2268 854 quidem
2305 784 2437 839 dicit
2465 787 2537 851 ci,
2583 785 2707 850 Ave,
2758 786 2848 840 ille
2887 800 3017 841 vero
3048 786 3334 852 acclamat,
3368 787 3627 842 Dominus

2048 893 2112 930 ea:
2145 886 2194 931 te
2225 880 2290 944 η,
2329 893 2396 932 eo
2435 878 2584 948 quod
2631 878 2894 934 Dominus
2931 879 3112 934 editus
3153 888 3434 951 assumpta
3462 895 3630 936 carne

2047 970 2364 1040 apparuerit
2396 972 2637 1027 humano
2680 971 2891 1042 generi.
2934 971 3041 1027 Iste
3091 974 3443 1043 cognominat
3481 989 3626 1041 eam,

2048 1074 2277 1120 matrem
2317 1064 2495 1120 lucis:
2531 1066 2641 1130 ille,
2666 1063 2894 1120 Stellam
2937 1065 3063 1120 vitae
3095 1083 3108 1120 :
3137 1065 3278 1120 alius
3326 1065 3416 1119 Dei
3448 1063 3627 1119 Tbro-
3654 1058 3662 1073 ’

2046 1173 2179 1212 num
2211 1157 2449 1228 appellat
2479 1176 2493 1213 :
2522 1159 2684 1224 alius,
2719 1159 3006 1229 Templum
3037 1159 3214 1228 majus
3246 1157 3388 1213 caelo
3421 1172 3434 1210 :
3467 1155 3627 1224 alius,

2045 1250 2372 1306 Cathedram
2423 1268 2532 1306 non
2590 1251 2906 1307 inferiorem
2980 1252 3239 1307 cathedra
3277 1250 3627 1306 cherubica:

2045 1341 2184 1397 alius
2219 1341 2370 1405 item,
2413 1342 2645 1397 Hortum
2690 1357 2801 1397 non
2847 1342 3197 1408 seminatum,
3232 1341 3496 1407 fertilem,
3541 1342 3629 1396 in-

2045 1435 2253 1490 cultum
2275 1436 2342 1500 '3,
2375 1435 2540 1515 vitent
2570 1451 2800 1491 uvarum
2835 1435 3095 1502 feracem,
3125 1436 3281 1492 valde
3312 1434 3625 1501 ﬂorentem,

2043 1528 2302 1583 intactam
2340 1546 2352 1581 :
2388 1536 2655 1583 turturem
2700 1528 2978 1593 mundam,
3014 1529 3323 1585 columbam
3374 1528 3628 1600 impollu-

2047 1625 2156 1669 tam
2189 1655 2204 1677 ,
2267 1616 2470 1670 nubem
2524 1615 2737 1685 pluvias
2791 1616 3145 1688 incorruptas
3197 1618 3574 1673 continentem
3607 1659 3626 1687 ,

2043 1705 2324 1776 specimen
2373 1706 2533 1775 cujus
2572 1722 2785 1777 gemma
2825 1709 2938 1763 sole
2978 1709 3335 1778 Splendidior,
3385 1708 3627 1765 fodinatn

2044 1796 2190 1852 unde
2220 1797 2401 1867 prodit
2429 1798 2568 1869 lapis
2611 1806 2783 1852 totam
2817 1808 3018 1853 terram
3053 1809 3261 1871 tegens,
3301 1817 3332 1855 a
3365 1800 3516 1856 nullo
3541 1801 3627 1856 in-

2045 1891 2190 1945 cisus
2222 1892 2266 1922 ’i
2295 1895 2526 1946 :‘navem
2553 1890 2828 1945 mercibus
2863 1890 3139 1956 refertam,
3174 1893 3434 1963 nulloque
3457 1907 3628 1965 egen-

351 1984 575 2055 φορτίου
621 1985 922 2053 γέμουσαν,
959 1985 1053 2036 καὶ
1097 1985 1435 2056 κυϐερνήτου
1483 1987 1556 2056 μὴ
1608 1986 1937 2058 χρῄζουσαν,

2049 1996 2156 2041 tem
2192 1987 2603 2056 gubernatore:
2645 1985 2966 2040 thesaurum
3015 1984 3483 2054 locupletantem;
3533 1984 3626 2040 alii

350 2077 626 2147 θησαυρὸν
677 2075 1065 2129 πλουτοποιόν·
1132 2077 1281 2131 ἄλλοι
1328 2078 1383 2130 δὲ
1455 2079 1656 2148 ὁμοίως
1703 2079 1939 2149 ἄστομον

349 2168 542 2237 λύχνον
576 2166 668 2236 ἀφ’
695 2165 894 2234 ἑαυτῆς
925 2165 1205 2219 ἆπτουσαν
1224 2205 1237 2229 ,
1276 2167 1522 2221 Κιϐωτὸν
1555 2170 1653 2238 τὴν
1694 2169 1789 2222 τοῦ
1814 2171 1938 2223 Νῶε

350 2258 736 2328 πλατυτέραν,
803 2255 1239 2326 εὐμηκεστέραν,
1312 2257 1677 2330 ἐνδοξοτέραν.
1724 2261 1937 2330 Ἑκείνη

350 2352 508 2418 ζώων
542 2351 794 2414 κιϐωτὸς,
829 2336 966 2420 αὕτη
985 2349 1041 2402 δὲ
1067 2349 1214 2418 ζωῆς
1233 2366 1247 2380 ο
1266 2351 1449 2422 εκείνη
1483 2353 1636 2417 ζώων
1659 2353 1937 2424 φθαρτῶν,

348 2441 492 2511 αὕτη
519 2442 580 2494 δὲ
614 2441 894 2512 ἀφθάρτου
951 2439 1132 2510 ζωῆς·
1165 2440 1351 2510 ἐκείνη
1405 2442 1494 2495 τὸν
1525 2443 1669 2507 Νῶε,
1711 2443 1848 2516 αὕτη
1883 2445 1941 2498 δὲ

348 2536 446 2588 τοῦ
475 2535 598 2587 Νῶε
633 2535 726 2588 τὸν
753 2533 986 2605 ποιητὴν
1014 2533 1321 2587 ἐϐάστασεν
1343 2550 1357 2564 ο
1387 2535 1570 2604 ἐκείνη
1599 2537 1825 2609 διόροφα
1847 2537 1940 2591 καὶ

347 2626 614 2696 τριόροφα
642 2624 927 2695 ἐκέκτητο,
953 2623 1092 2694 αὕτη
1119 2623 1177 2676 δὲ
1199 2623 1320 2676 ὅλον
1339 2623 1440 2693 τῆς
1467 2625 1698 2694 Τριὰδος
1721 2628 1782 2680 τδ
1799 2627 1904 2699 πλή
1924 2657 1940 2668 -

351 2717 884 2788 ρωμα.Ἐπειδήπερ
934 2719 1028 2770 καὶ
1077 2717 1138 2770 τὺ
1193 2715 1418 2786 Πνεῦμα
1467 2718 1754 2788 ἐπεδήμει,
1787 2722 1880 2773 καὶ
1910 2721 1940 2773 ὁ

348 2809 540 2881 Πατὴρ
570 2810 890 2876 ἐπεσκίασε,
923 2811 1020 2864 καὶ
1039 2811 1068 2864 6
1088 2809 1217 2873 Υἱὸς
1243 2810 1535 2880 ἐνεσκὴνου
1565 2813 1941 2886 κυοφορούμε-

347 2919 459 2966 νος.
494 2901 739 2970 Πνεῦμα
785 2902 897 2971 τὰρ
935 2902 1129 2971 ἅγιον,
1164 2903 1348 2972 φησὶν,
1395 2902 1791 2959 ἐπελεύσεται
1840 2906 1936 2960 ἐπὶ

345 2992 444 3058 σὲ,
499 2993 600 3046 καὶ
647 2992 903 3062 δύναμις
945 2993 1231 3061 Ὑψίστου
1283 2993 1630 3049 ἐπισκιάσει
1682 3011 1806 3052 σοι.
1840 2996 1939 3050 Διό

348 3087 448 3139 καί
476 3085 543 3140 τὸ
567 3083 950 3155 γεννώμενον
976 3086 1170 3156 ἅγιον,
1198 3087 1572 3153 κληθήσεται
1610 3089 1742 3156 Υἱὸς
1769 3090 1936 3145 Θεοῦ.

357 3179 524 3251 Ὀρᾷς
556 3181 682 3233 ὅσον
730 3181 792 3234 τὸ
836 3182 936 3251 τῆς
968 3179 1232 3234 Θεοτόκου
1275 3179 1556 3250 Παρθένου
1589 3182 1683 3235 καὶ
1712 3181 1941 3252 πηλίκον

347 3264 599 3336 ἀξίωμας
633 3266 692 3320 '0
725 3267 836 3338 γὰρ
865 3270 1160 3338 μονογενὴς
1192 3269 1319 3331 Υἱὸς
1339 3270 1444 3327 ,τοῦ
1474 3269 1633 3334 Θεοῦ,
1670 3271 1698 3323 ὁ
1723 3273 1815 3323 τοῦ
1851 3271 1942 3324 κό-

2042 2079 2292 2135 similiter
2318 2077 2596 2131 lucernam
2626 2077 2738 2131 oris
2764 2083 3067 2144 expertem,
3096 2092 3218 2146 qua:
3242 2093 3272 2130 a
3303 2091 3362 2132 se
3390 2077 3507 2148 ipsa
3534 2077 3626 2148 ju-

2041 2169 2181 2236 giter
2206 2167 2429 2231 ardeat;
2458 2180 2640 2221 arcam
2687 2181 2813 2220 arca
2845 2165 2958 2220 Noe
2991 2166 3265 2233 latiorem,
3297 2167 3623 2238 longiorem,

2040 2257 2412 2312 illustriorem.
2451 2256 2547 2310 llla
2588 2265 2705 2310 erat
2729 2256 3050 2310 animalium
3093 2272 3241 2319 arca,
3287 2257 3404 2313 [nec
3442 2268 3626 2314 autem

2040 2367 2166 2406 arca
2193 2351 2318 2407 vitae
2345 2368 2357 2404 :
2386 2350 2480 2404 illa
2505 2349 2950 2419 corruptibilium
2982 2350 3322 2416 animalium,
3355 2352 3461 2406 ista
3495 2365 3626 2406 vero

2041 2443 2165 2497 vitae
2194 2440 2627 2512 incorruptibilis
2657 2457 2669 2496 :
2691 2440 2779 2494 illa
2803 2441 2978 2510 ipsum
3004 2440 3140 2509 Noe,
3164 2441 3282 2497 haec
3305 2441 3432 2497 vero
3455 2441 3626 2512 ipsius

2041 2537 2158 2592 Noe
2189 2536 2448 2591 factorem
2479 2535 2718 2606 portavit
2752 2553 2766 2590 :
2799 2535 2887 2590 illa
2917 2536 3052 2592 duas
3101 2543 3157 2591 et
3204 2543 3316 2591 tres
3340 2537 3628 2608 contigna-

2042 2628 2219 2683 tiones
2239 2638 2297 2683 et
2326 2628 2639 2684 mansiones
2669 2627 2924 2692 habebat,
2959 2629 3076 2683 haec
3099 2637 3280 2682 autem
3306 2628 3625 2683 universum

2043 2720 2327 2776 Trinitatis
2349 2723 2837 2792 complementum,
2881 2721 3324 2791 quandoquidem
3357 2729 3413 2776 et
3452 2719 3626 2791 Spiri-

2042 2825 2130 2869 tus
2161 2824 2386 2869 sanctus
2411 2815 2734 2870 adveniebat
2755 2825 2916 2884 atque
2941 2815 3344 2884 hospitabatur,
3381 2822 3439 2868 et
3465 2812 3628 2869 Pater

2042 2909 2425 2970 obumbrabat,
2475 2917 2529 2962 et
2562 2907 2733 2962 Filius
2768 2915 2922 2961 utero
2966 2914 3210 2977 gestatus
3264 2905 3624 2962 inbabitabat.

2044 2997 2274 3067 Spiritus
2300 3000 2438 3052 enim
2463 3007 2698 3062 sanctus,
2730 2997 2824 3061 ait,
2850 2996 3178 3064 superveniet
3208 2997 3265 3049 in
3284 3004 3354 3060 te,
3385 3004 3434 3049 et
3461 2996 3625 3049 virtus

2043 3090 2295 3144 Altissimi
2334 3089 2663 3142 obumbrabit
2704 3087 2818 3142 tibi.
2855 3086 3082 3157 Ideoque
3109 3087 3248 3158 quod
3278 3094 3524 3140 nascetur
3563 3101 3628 3139 ea:

2047 3193 2095 3236 te
2121 3193 2382 3248 sanctum,
2427 3182 2696 3236 vocabitur
2725 3181 2894 3235 Filius
2922 3181 3021 3235 Dei
3048 3181 3115 3235 ³⁵.
3149 3179 3312 3235 Vides
3339 3188 3542 3249 quanta
3570 3186 3628 3232 et

2045 3275 2219 3344 qualis
2254 3283 2337 3330 est
2391 3274 2634 3344 Deiparae
2689 3271 2929 3343 Virginis
2978 3270 3254 3342 dignitas?
3301 3269 3626 3340 Unigenitus

348 3373 488 3426 σμου
535 3358 792 3429 ποιητὴς,
828 3359 905 3422 ὡς
954 3359 1156 3430 βρέφος
1208 3361 1340 3432 παρ’
1367 3363 1539 3432 αὐτῆς
1581 3363 1935 3426 ἐϐαστάζετο,

2042 3369 2187 3423 enim
2219 3366 2312 3422 Dei
2345 3367 2513 3421 Filius
2536 3365 2722 3420 mundi
2760 3363 3030 3428 conditor,
3070 3364 3219 3418 velut
3247 3363 3430 3418 infans
3451 3372 3626 3435 gesta-

345 3457 445 3506 καὶ
472 3452 564 3508 τὸν
594 3454 768 3525 Ἀδὰμ
798 3455 1074 3510 ἀνέπλασε
1097 3495 1112 3520 ,
1150 3457 1246 3509 καὶ
1276 3457 1375 3527 τὴν
1402 3455 1547 3511 Εὕαν
1575 3458 1770 3528 ήγίασε
1793 3499 1805 3522 ,
1843 3460 1938 3513 καὶ

345 3545 618 3616 κατήργει
647 3546 740 3599 τὸν
768 3547 1039 3617 δράκοντα
1060 3590 1074 3614 ,
1109 3549 1206 3601 καὶ
1234 3548 1326 3601 τὸν
1367 3549 1700 3620 παράδεισον
1729 3549 1934 3620 ἤνοιγε,

347 3639 444 3692 καὶ
473 3639 572 3709 τὴν
605 3639 880 3709 σφραγῖδα
907 3639 1008 3709 τῆς
1043 3639 1278 3709 γαστρὸς
1311 3640 1665 3711 ήσφαλίζετο.
1698 3640 1938 3704 Εἰκότως

348 3730 557 3800 σφόδρα
598 3732 695 3784 καὶ
742 3730 886 3784 κατὰ
919 3730 1102 3800 λόγον,
1137 3733 1423 3803 ἑκάτερον.
1453 3732 1556 3785 Τὸν
1602 3732 1712 3804 γὰρ
1755 3733 1938 3802 παρά-

345 3823 522 3876 δεισον
550 3824 792 3894 ἧνοιγεν,
824 3824 1012 3894 ἐπειδὴ
1042 3823 1246 3897 λῃστὴν
1279 3824 1576 3894 εἰσφέρειν,
1601 3821 1695 3877 καὶ
1729 3824 1938 3887 πάντας

346 3917 428 3978 είς
462 3917 627 3970 αὑτὸν
667 3918 1039 3986 χειραγωγεῖν
1084 3917 1212 3978 τοὺς
1249 3915 1624 3986 κληρονόμους
1654 3916 1755 3984 τῆς
1786 3915 1940 3985 βασι-

347 4007 498 4072 λείας
519 4009 741 4078 ήμελλε.
757 4009 868 4080 Τὴν
897 4008 1176 4080 σφραγῖδα
1194 4008 1292 4077 τῆς
1321 4010 1560 4079 γαστρὸς
1583 4009 1935 4080 ήσιραλίζετο,

344 4101 482 4162 Θεὸς
514 4103 607 4154 καὶ
655 4102 830 4171 Λόγος
870 4102 1136 4172 ὑπάρχων
1169 4103 1197 4155 ό
1230 4101 1604 4171 σαρκούμενος
1630 4139 1644 4162 ,
1683 4101 1941 4171 ούδαμῶς

346 4192 520 4264 θύρας
543 4195 680 4264 προς
705 4196 806 4264 τὴν
834 4195 1038 4248 εἴσοδον
1067 4194 1100 4264 ἢ
1128 4195 1227 4263 τὴν
1257 4191 1435 4257 ἔξοδον
1458 4191 1679 4265 ἔχρῃζε.
1724 4192 1815 4244 Σοὶ
1841 4192 1940 4261 μὲν

342 4281 463 4348 οὖν,
496 4279 540 4337 ὣ
575 4287 844 4357 Παρθένε,
876 4287 1005 4349 τοὺς
1054 4283 1311 4347 ἐπαίνους
1355 4283 1404 4336 οἱ
1454 4284 1731 4353 προφῆται
1781 4283 1940 4353 μερί-

345 4373 553 4442 ζονται,
572 4379 667 4430 καὶ
691 4376 842 4444 λέγει
867 4376 967 4447 τὴν
997 4375 1272 4445 Θεοφόρον
1302 4373 1558 4436 ἕκαστος,
1590 4373 1648 4435 6;
1670 4373 1782 4425 τῶν
1807 4372 1940 4425 θαυ-

349 4467 541 4536 μάτων
573 4467 870 4538 ἐπιστεύθη
923 4467 1224 4537 μυστήρια.
1255 4466 1368 4518 Kal
1409 4465 1438 4517 6
1485 4464 1585 4533 μέν
1631 4481 1690 4517 σε
1745 4464 1940 4534 ῥάϐδον

359 4558 557 4610 Ἰεσσαὶ
588 4559 766 4623 καλεῖ,
797 4559 886 4613 ἵνα
914 4560 976 4612 τὸ
997 4559 1244 4629 ἄτρωτον
1272 4557 1367 4610 καὶ
1391 4557 1651 4626 ἀκαμπὲς
1677 4558 1775 4628 τῆς
1796 4576 1941 4629 παρ-

347 4647 529 4712 θενίας
549 4649 844 4718 αἰνίξηται.
865 4651 923 4702 '0
952 4649 1007 4700 δὲ
1029 4648 1176 4718 βάτῳ
1198 4647 1499 4720 προϐάλλει
1523 4647 1818 4718 καιομένῃ,
1846 4649 1940 4702 καὶ⁵

350 4738 426 4808 μὴ
467 4740 905 4810 κατακαιομένῃ,
946 4740 1034 4792 ἵνα
1067 4737 1169 4809 τὴν
1220 4739 1402 4809 σάρκα
1446 4736 1541 4790 τοῦ
1595 4738 1941 4806 Μονογενοῦς

347 4832 444 4887 καὶ
495 4834 594 4903 τὴν
635 4833 917 4902 Παρθένον
956 4831 1055 4904 τὴν
1087 4831 1352 4885 Θεοτόκον
1393 4830 1689 4904 αἰνίξηται.
1723 4831 1787 4883 Ἦ
1841 4831 1941 4900 μὲν

347 4925 459 4997 γὰρ
500 4925 753 4991 ἐκαίετο,
785 4926 883 4978 καὶ
918 4926 978 4978 οὐ
1012 4903 1372 4988 κατεκαίετο,
1417 4903 1718 4995 ἐπειδήπερ
1760 4922 1939 4987 ἔτεκε,

346 5018 442 5070 καὶ
475 5018 574 5089 τὴν
605 5020 854 5089 γαστέρα
887 5019 987 5070 οὐκ
1011 5017 1191 5089 ἤνοιξε
1218 5034 1231 5048 ·
1267 5016 1550 5079 συνέλαϐε,
1584 5015 1678 5070 καὶ
1704 5016 1800 5086 τὴν
1833 5017 1940 5086 μή·

344 5126 482 5181 τραν
512 5109 612 5162 οὐκ
643 5109 925 5182 ἔφθειρενο
955 5109 1194 5181 ἐξήγαγε
1217 5108 1278 5161 τὺ
1309 5107 1532 5179 βρέφος,
1566 5107 1660 5160 καὶ
1692 5106 1793 5175 τὴν
1821 5124 1937 5159 κοι-

345 5203 465 5255 λίαν
517 5202 969 5274 ἐσφραγισμένην
1028 5202 1360 5256 κατέλιπεν·
1421 5202 1727 5272 ἐχορήγησε
1775 5201 1936 5267 γάλα,

347 5297 440 5349 καὶ
473 5297 600 5358 τοὺς
627 5295 870 5365 μασθοὺς
906 5295 1298 5365 ἀψηλαφήτους
1337 5291 1602 5360 ἐφύλαξεν
1625 5306 1639 5320 ⁶
1671 5291 1939 5345 ἐϐάστασε

346 5390 581 5454 παιδίον,
610 5388 709 5443 καὶ
731 5387 826 5442 τοῦ
856 5387 1070 5441 παιδίου
1101 5386 1315 5457 πατέρα
1345 5385 1444 5438 οὐκ
1467 5383 1789 5437 ἐγίνωσκενο
1817 5382 1939 5435 ἐνέ-

2039 3459 2198 3512 batur
2225 3458 2293 3512 ab
2320 3473 2404 3522 ea,
2434 3465 2490 3512 et
2519 3456 2788 3511 Adamum
2821 3453 3174 3520 reformabat,
3208 3455 3483 3524 Evamque
3499 3468 3626 3508 san-

2040 3551 2335 3615 ctiiicabat,
2361 3550 3022 3612 excludebatdraconem,
3055 3555 3111 3602 et
3140 3547 3454 3617 paradisum
3493 3561 3624 3616 ape-

2040 3643 2236 3708 riebat,
2285 3641 2526 3713 sigillum
2595 3643 2731 3696 uteri
2798 3639 3053 3694 muniens
3110 3638 3175 3692 “.
3244 3637 3440 3693 Merito
3493 3652 3626 3693 sane

2041 3741 2334 3803 utrumque
2363 3743 2418 3788 et
2443 3734 2588 3803 justa
2625 3733 2859 3787 ratione.
2892 3727 3377 3810 Aperiﬁebatmenim
3408 3728 3624 3798 paradi-

2040 3842 2184 3892 sum,
2214 3827 2472 3897 quoniam
2499 3827 2765 3882 latronem
2795 3808 3348 3880 introductur‘userat
3389 3821 3444 3876 in
3473 3836 3621 3887 eum,

2040 3927 2376 3988 cunctosque
2439 3919 2590 3990 regni
2646 3917 2892 3973 haeredes
2953 3916 3310 3972 deducturus.
3375 3913 3622 3996 SigﬂLum
3724 3920 3733 3929 '

2041 4009 2186 4064 uteri
2220 4011 2519 4075 muniebat,
2559 4026 2626 4064 eo
2650 4010 2795 4079 quod
2833 4009 2878 4064 is'
2907 4010 2997 4078 qui
3028 4023 3251 4064 carnem
3287 4007 3622 4069 assumebat,

2041 4109 2187 4155 esset
2233 4102 2374 4156 Deus
2424 4110 2480 4155 et
2513 4099 2776 4166 Verbum,
2822 4113 3168 4170 nequaquam
3218 4112 3355 4168 opus
3416 4095 3626 4152 habens

2041 4193 2213 4262 portis
2243 4192 2578 4263 ingrediendi
2602 4206 2766 4246 causa
2792 4201 2886 4246 aut
2918 4190 3257 4263 egrediendi.
3286 4189 3406 4245 Tibi
3433 4189 3622 4260 igitur,

2042 4301 2075 4342 ο
2099 4284 2283 4355 Virgo,
2326 4285 2608 4354 prophetae
2653 4285 2900 4340 tribuunt
2941 4285 3131 4340 laudes
3159 4283 3261 4348 ²⁶⁴,
3305 4291 3361 4338 et
3391 4281 3625 4352 quisque

2043 4377 2311 4431 Deii'eram
2363 4375 2513 4437 dicit,
2568 4375 2660 4444 qui
2709 4373 3095 4429 miraculorum
3149 4372 3422 4444 mysteriis
3463 4371 3625 4426 ﬁdem

2044 4468 2315 4524 habuerit.
2349 4466 2416 4520 Et
2445 4464 2536 4519 ille
2566 4464 2788 4533 quidem
2819 4473 2870 4518 te
2904 4463 3108 4533 virgam
3140 4463 3294 4518 Jesse
3324 4461 3526 4516 vocitat
3555 4461 3624 4524 ",

2045 4565 2106 4611 ut
2133 4556 2364 4610 obscure
2399 4553 2641 4607 declaret
2683 4549 3070 4620 virginitatem,
3111 4565 3234 4620 qua:
3275 4548 3425 4604 nullo
3464 4548 3629 4604 modo

2045 4646 2321 4703 vulnerari
2371 4654 2467 4700 aut
2504 4644 2780 4700 incurvari
2832 4642 3094 4713 potuerit.
3153 4641 3259 4697 Iste
3301 4655 3432 4696 vero
3473 4655 3626 4695 com-

1976 4719 2017 4774 ί)
2047 4747 2200 4809 parat
2224 4751 2349 4791 cum
2381 4735 2518 4789 rubo
2538 4734 2785 4798 ardente,
2810 4734 2901 4803 qui
2925 4741 3106 4788 tamen
3137 4748 3251 4786 non
3273 4729 3523 4786 exuritur
3545 4731 3626 4786 ":

2048 4839 2108 4886 ut
2141 4828 2450 4884 subindicet
2485 4842 2708 4881 carnem
2761 4824 3063 4896 Unigeniti,
3097 4832 3152 4880 et
3184 4822 3462 4892 Virginem
3505 4822 3629 4878 Dei-

2045 4937 2252 4992 param.
2291 4917 2418 4974 Haec
2454 4917 2598 4973 enim
2648 4917 2894 4983 ardebat,
2927 4925 2982 4971 et
3009 4930 3120 4970 non
3153 4914 3580 4970 consumebatur
3611 4931 3625 4968 :

2044 5009 2260 5081 peperit
2275 5007 2631 5078 siquidcm,ct
2655 5014 2867 5060 uterum
2879 5021 2992 5060 non
3008 5004 3220 5074 aperuit
3240 5005 3286 5038 ’θ
3310 5022 3324 5060 :
3350 5002 3627 5074 concepit,

2043 5112 2097 5156 et
2129 5100 2344 5155 vulvam
2386 5113 2496 5152 non
2526 5097 2805 5166 corrupit;
2859 5097 3048 5151 eduxit
3084 5095 3371 5161 infantem,
3413 5104 3472 5150 et
3505 5103 3628 5149 uteo

2048 5210 2168 5248 rum
2225 5193 2500 5262 signatum
2554 5189 2805 5258 reliquit;
2862 5189 2945 5244 lac
3011 5189 3401 5260 suppeditavit,
3457 5187 3627 5242 ubera

2049 5296 2231 5341 tamen
2264 5283 2466 5338 intacta
2489 5280 2835 5349 conservavit
2859 5298 2872 5334 :
2902 5281 3446 5352 portabatpuerum,
3469 5276 3628 5350 pueri

2045 5387 2226 5434 tamen
2256 5385 2466 5448 patrem
2506 5390 2620 5433 non
2653 5373 2984 5448 agnoscebat
3011 5390 3034 5427 :_
3076 5381 3251 5432 mater
3287 5371 3484 5429 effecta
3521 5379 3624 5435 est,

413 5615 456 5648 "
492 5617 622 5672 Luc.
657 5633 697 5681 ι,
727 5617 818 5672 ‘28.
843 5617 1020 5687 Editio
1049 5616 1286 5687 vulgata,
1310 5627 1508 5672 tecum:
1534 5632 1666 5682 non,
1697 5633 1761 5671 ea:
1784 5624 1850 5671 te.
1887 5615 2072 5670 habet.
2127 5615 2198 5687 ﬂ"
2227 5612 2386 5669 Cant.
2405 5629 2458 5687 ν.
2485 5607 2929 5687 Incuttumdicjt,
2954 5607 3082 5676 quia
3109 5613 3303 5687 praeter
3328 5605 3628 5687 humanam

350 5687 840 5741 cohabitationem.
947 5686 994 5718 “
1045 5686 1178 5740 Dan.
1207 5703 1265 5750 ll,
1299 5687 1387 5740 45.
1494 5691 1539 5721 ⁸⁵
1580 5688 1714 5742 Luc.
1751 5704 1787 5748 ι,
1819 5687 1908 5740 55.

348 5755 416 5789 ’ν
446 5758 644 5813 Ezech.
677 5774 802 5812 xxrv
833 5765 888 5812 et
905 5773 1052 5811 xxvi.
1130 5758 1174 5787 ³⁷
1210 5756 1311 5811 lsa.
1341 5771 1402 5822 ll,
1439 5757 1487 5811 Ι.

1599 5757 1644 5789 ’⁸
1672 5757 1843 5811 Exod.
1872 5773 1950 5821 Ill,
1977 5756 2012 5810 2
2040 5771 2195 5825 seqq.

2023 5687 2070 5717 ’⁸
2101 5685 2346 5754 Claustra
2392 5681 2633 5754 virginei
2681 5678 2905 5749 pudoris
2934 5673 3046 5754 non
3077 5673 3289 5754 aperuit
3349 5673 3626 5732 Christus.

2308 5746 2549 5828 "caute
2616 5746 2756 5828 lege,
2812 5762 2940 5828 vere
3001 5746 3265 5828 siquidem
3329 5758 3534 5828 sponsa
3573 5755 3627 5798 et

349 5829 550 5895 certqu
581 5827 704 5892 fuit,
735 5829 915 5897 quoad
970 5827 1253 5897 veritatem
1271 5835 1343 5897 _et
1368 5818 1659 5882 essentiam
1688 5818 1960 5895 coniugii,
2029 5818 2138 5881 non
2159 5818 2369 5897 'quoad
2413 5823 2629 5880 tltorum
2673 5818 2756 5876 vel
2802 5818 3038 5891 coniugii
3067 5818 3624 5879 consummationem,

352 5904 414 5950 ut
453 5894 652 5955 docent
687 5894 949 5970 theologi.
1002 5896 1129 5952 Vide
1169 5894 1225 5953 S.
1258 5895 1480 5962 Thom.,
1511 5912 1569 5951 III
1602 5907 1764 5968 parL,
1789 5894 1982 5967 quaest.
2014 5897 2106 5963 99,
2129 5905 2234 5951 art.
2268 5895 2344 5952 2..
2917 5905 2922 5908 ’
