4040 6458
495 431 636 499 1463

1685 429 2046 490 HESYCHII
2085 429 2560 491 PRESBYTERI

3622 429 3758 497 1464

490 565 612 622 qua:
640 547 865 602 minime
894 561 1091 617 sponsa
1116 544 1258 600 fuit:
1289 545 1632 600 nutriebatur
1670 546 1830 609 (ilius,
1865 555 1919 601 et
1957 561 2056 600 non

2172 563 2296 598 νετο
2335 548 2542 617 μήτηρ,
2581 547 2675 600 καὶ
2709 547 2808 600 οὐκ
2836 548 3054 615 ἐγένετο
3085 547 3293 618 νύμφη.
3315 548 3448 611 Υἱὸς
3481 547 3757 619 ἐτρέφετοο

489 640 873 695 inveniebatur
894 646 1048 707 pater
1075 655 1089 691 :
1121 650 1248 706 ager
1270 635 1505 690 fructum
1533 636 1749 694 edebat.
1777 646 1831 691 et
1853 636 2064 690 fructus

489 731 709 786 carebat
734 731 941 785 cultore
979 746 992 782 :
1041 728 1235 783 messis
1271 729 1532 782 reddebat
1559 744 1680 797 qua:
1728 734 1912 783 s‘cmen
1955 746 2064 784 non

487 829 773 893 acceperat
805 837 818 874 :
869 821 1123 876 currebat
1149 819 1366 885 ﬂuvius,
1405 829 1460 874 et
1497 820 1618 876 l‘ons
1647 837 1973 891 quacunque
1999 839 2066 876 ex

485 922 640 982 parte
663 913 879 967 clausus
913 918 1049 972 erat,
1088 917 1147 962 ut
1185 909 1531 978 perspicuum
1569 910 1722 964 ﬁeret
1755 920 1806 965 te
1833 921 2063 966 matrem

488 1019 608 1059 esse
635 1003 852 1065 factam,
879 1011 932 1056 et
963 1011 1142 1055 tamen
1177 1016 1284 1054 non
1311 1016 1431 1055 esse
1453 1018 1669 1071 passam
1700 1019 1762 1057 ea
1792 1019 1912 1072 qua;
1941 1020 2063 1057 mu-

487 1095 713 1150 lieribus
755 1094 1030 1148 accidunt.
1077 1092 1334 1161 Peperisti
1379 1104 1634 1162 tauquam
1687 1095 1905 1158 mulier,
1954 1110 2061 1148 non

487 1196 669 1241 tamen
698 1192 758 1239 ut
794 1184 990 1238 mulier
1023 1191 1279 1252 corrupta
1306 1200 1366 1237 es
1401 1202 1413 1237 :
1451 1186 1604 1253 juxta
1633 1185 1805 1254 legem
1837 1193 2064 1238 natura-

487 1281 591 1334 lem
615 1278 865 1350 gcstabas
913 1277 968 1330 in
1017 1286 1194 1338 utero,
1247 1277 1509 1346 quoniam
1555 1286 1770 1347 tempus
1818 1277 2098 1363 pariendi.

483 1373 860 1444 praescriptum
906 1373 1306 1441 exspectabas:
1349 1382 1728 1426 verumtamen
1761 1371 2060 1442 concepisti

482 1474 682 1535 praeter
711 1465 880 1535 legem
914 1464 1255 1530 naturalem;
1289 1465 1427 1518 alius
1464 1474 1515 1520 te
1536 1465 1825 1534 appellavit
1850 1474 2061 1534 portam

463 1557 723 1612 -clausam
755 1557 810 1610 in
833 1557 1048 1612 oriente
1076 1557 1238 1612 sitam
1261 1557 1327 1624 ⁸⁵,
1353 1573 1476 1626 qua:
1507 1557 1813 1612 introduxit
1845 1558 2061 1612 clausa-

479 1666 603 1706 rum
630 1660 910 1721 portarum
934 1667 1118 1722 regem
1157 1669 1172 1706 :
1213 1667 1426 1706 necnon
1452 1651 1615 1706 etiam
1651 1661 1864 1721 portam
1899 1653 2062 1706 emit-

483 1751 684 1798 tentem
732 1753 782 1798 te
842 1744 1076 1805 vocavit,
1124 1744 1381 1812 quoniam
1422 1753 1580 1814 porta
1619 1745 1903 1813 praesentis
1938 1744 2060 1798 vitae

484 1835 776 1905 Unigenito
805 1834 999 1890 eﬁ‘ecta
1023 1850 1102 1890 es.
1136 1835 1351 1890 Portam
1373 1835 1444 1889 in
1482 1836 1696 1890 oriente
1721 1837 1904 1898 sitam,
1933 1836 2057 1905 quia

2179 638 2274 690 καὶ
2309 638 2493 708 πατὴρ
2526 638 2624 707 οὐχ
2654 637 2972 708 εὑρίσκετο⁸
3001 640 3030 691 ὁ
3060 639 3230 709 ἀγρὸς
3250 640 3648 709 ὲκαρποφόρει,
3668 641 3758 692 καὶ

2171 733 2198 783 ὁ
2224 730 2438 799 καρπὸς
2457 730 2706 800 γεωργὸν
2731 732 2835 784 οὐκ
2866 731 3132 803 ἐκέκτητο
3151 747 3164 760 ·
3188 733 3349 802 θέρος
3373 733 3649 792 ἀπέδωκε.
3668 736 3761 785 καὶ

2173 822 2374 891 σπόρον
2425 822 2527 875 οὐκ
2575 822 2824 888 ἐδέξατοσ
2857 824 3104 891 ποταμὸς
3131 825 3342 894 ἔτρεχε,
3383 825 3481 877 καὶ
3530 827 3562 893 ἡ
3609 827 3757 892 πηγὴ

2171 910 2510 982 πανταχόθεν
2557 911 2876 966 ἐκέκλειστο
2901 915 2983 976 εἰς
3014 911 3259 978 ἔνδειξιν,
3295 916 3382 967 ὅτι
3425 915 3528 967 καὶ
3578 914 3757 984 μήτηρ

2171 1006 2382 1074 ἐγένου,
2407 1007 2499 1060 καὶ
2524 1007 2593 1061 τὰ
2624 1007 2881 1078 μητέρων
2897 1009 2997 1062 οὐκ
3029 1010 3231 1073 ἔπαθες
3247 1025 3263 1038 ο
3292 1010 3484 1071 ἔτεκες
3503 1009 3581 1071 ὡς
3604 1010 3757 1076 γυνὴ,

2170 1101 2265 1153 καὶ
2307 1100 2408 1152 οὐκ
2454 1100 2702 1171 ὲφθάρης
2739 1101 2815 1162 ὡς
2845 1102 2982 1171 γυνή
3006 1119 3020 1132 ο
3055 1101 3196 1155 κατὰ
3238 1102 3408 1170 νόμον
3441 1102 3759 1168 ἐκυοιῖιτερεις

2169 1191 2270 1260 τῆς
2298 1191 2536 1259 φύσεως,
2567 1192 2756 1262 ἐπειδὴ
2782 1193 2875 1245 τὸν
2907 1193 3243 1263 τεταγμένον
3273 1194 3469 1265 καιρὸν
3498 1194 3612 1247 τῶν
3635 1193 3758 1246 ὠδί-

2169 1300 2276 1336 νων
2303 1284 2587 1353 ἀνέμενες.
2608 1283 2768 1339 Ἀλλὰ
2801 1286 2908 1354 γὰρ
2953 1286 3048 1337 καὶ
3084 1286 3380 1348 συνέλαδες
3414 1287 3570 1356 παρᾶ
3600 1285 3760 1352 νόμον

2169 1378 2268 1447 τῆς
2299 1375 2860 1447 φύσεωςῘΕτερόςνσε
2889 1377 3064 1448 πύλην
3095 1377 3515 1448 κεκλεισμένην,
3543 1379 3603 1429 ὲν
3632 1380 3759 1432 ἀνα-

2168 1469 2355 1532 τολαῖς
2388 1469 2444 1521 δὲ
2478 1469 2768 1540 κειμένην,
2805 1471 3238 1540 προσηγόρευσε,
3271 1472 3369 1524 καὶ
3391 1471 3486 1524 τὸν
3537 1471 3758 1541 βασιλέα

2166 1559 2277 1613 τῶν
2293 1559 2474 1625 θυρῶν
2496 1559 2903 1630 κεκλεισμένων
2926 1561 3274 1628 εἰσάγουσαν·
3295 1562 3440 1615 οὕτω
3460 1562 3526 1631 δὴ
3555 1563 3652 1615 καὶ
3668 1565 3759 1614 έκ-

2169 1653 2441 1722 φέρουσαν
2469 1651 2647 1721 πύλην
2674 1669 2732 1704 σε
2763 1652 3261 1722 κέκληκεν,ὲπειδὴ
3285 1653 3429 1723 θύρα
3447 1652 3762 1721 τοῦιπαρόν-

2154 1761 2262 1806 .τος
2293 1743 2408 1813 βίου
2435 1743 2514 1814 τῷ
2543 1746 2842 1812 Μονογενεῖ
2865 1745 3102 1813 γέγονας
3122 1762 3134 1775 ·
3165 1745 3345 1812 πύλην
3375 1747 3432 1798 έν
3471 1743 3760 1805 ἀνατολαῖς

2167 1836 2454 1905 κειμένην,
2495 1837 2682 1905 ἐπειδὴ
2730 1835 2792 1889 τὸ
2840 1836 2958 1905 φῶς
3013 1837 3074 1890 τὸ
3123 1835 3381 1906 ἀληθινὸν
3422 1835 3487 1888 τὸ
3527 1833 3760 1901 φωτίζον

481 1931 574 1984 lux
618 1945 764 1994 vera,
803 1945 924 1999 qua:
949 1930 1222 1985 illuminat
1261 1947 1481 1986 omnem
1521 1933 1796 1986 hominem
1839 1933 2056 1987 venien-

2169 1928 2348 1981 πάντα
2381 1927 2667 1997 ἄνθρωπον
2713 1927 3010 1997 ἐρχόμενον
3057 1928 3136 1990 εἰς
3179 1927 3272 1980 τὸν
3303 1927 3539 1994 κόσμον.
3574 1927 3640 1978 ὲκ
3664 1925 3761 1993 τῆς

482 2032 590 2078 tem
616 2022 670 2076 in
705 2024 969 2078 mundum
998 2027 1066 2090 ³¹,
1102 2040 1168 2079 ex
1201 2035 1358 2080 utero
1398 2034 1493 2080 tuo
1523 2025 1812 2095 processit,
1841 2026 1992 2079 velut
2032 2040 2063 2079 ε

479 2117 713 2185 quodam
746 2117 991 2173 thalamo
1014 2120 1183 2188 regio.
1223 2118 1304 2174 Tu
1330 2135 1510 2190 regem
1540 2129 1818 2188 portarum
1849 2121 2063 2175 clausa-

395 2221 603 2350 /rum
629 2207 1006 2274 introduxisti,
1033 2217 1200 2278 atque
1221 2210 1417 2264 iterum
1439 2212 1690 2267 eduxisti.
1716 2210 2064 2280 Nequaquam

478 2299 624 2350 enim
661 2299 776 2350 Rex
813 2300 1020 2350 αἱρεῖτε.
1053 2301 1182 2350 dum
1226 2303 1608 2350 conciperetur
1649 2311 1742 2350 aut
1787 2303 2060 2350 ederetur-

381 2299 436 2372 /
478 2299 624 2353 enim
661 2299 777 2354 Rex
813 2300 1020 2369 glorier,
1053 2301 1182 2356 dum
1226 2303 1608 2371 conciperetur
1649 2311 1742 2357 aut
1787 2303 2060 2366 ederetur,

477 2392 654 2445 vulvae
684 2399 792 2446 tuae
817 2402 1008 2461 portas
1030 2405 1252 2461 prorsus
1275 2397 1508 2464 aperuit,
1537 2411 1716 2465 neque
1740 2394 2066 2464 virginitatis

397 2521 404 2527 .
477 2479 698 2533 vincula
747 2479 974 2534 laxavit.
1029 2480 1260 2536 Vocavit
1301 2491 1352 2537 te
1382 2484 1599 2537 hortum
1639 2484 1978 2547 conclusum,
2009 2492 2065 2536 et

476 2570 686 2625 fontem
737 2572 1036 2643 signatum,
1082 2575 1130 2630 is
1159 2574 1251 2644 qui
1283 2571 1350 2629 ex
1393 2585 1448 2631 te
1486 2584 1642 2631 ortus
1677 2585 1762 2631 est
1799 2590 2058 2646 sponsus,

480 2664 731 2733 praedixit
759 2665 813 2719 in
845 2665 1091 2722 Canticis
1133 2669 1200 2721 ".
1247 2666 1475 2723 Hortum
1508 2669 1854 2733 conclusum,
1904 2669 1975 2724 ob
2009 2669 2063 2723 id

477 2755 621 2823 quod
655 2756 766 2810 falx
797 2760 1195 2827 corruptionis,
1221 2775 1288 2814 au
1350 2761 1615 2815 vindemia
1645 2771 1696 2816 te
1722 2777 1828 2815 non
1862 2761 2059 2829 attigit:

477 2846 668 2902 ﬂorem
693 2858 902 2913 autem,
936 2851 1028 2918 qui
1063 2866 1127 2904 ex
1162 2852 1346 2905 radice
1375 2851 1530 2907 Jesse
1569 2853 1848 2906 hominum
1880 2852 2061 2923 generi

475 2955 612 3008 pure
642 2942 959 3008 exhibetur,
1013 2945 1267 2999 excultus
1302 2945 1395 2999 tibi
1433 2960 1462 2998 a
1491 2945 2063 3014 puro-et‘intemerato

477 3031 709 3100 Spiritu.
736 3031 970 3088 Fontem
1002 3037 1342 3101 conclusum,
1375 3037 1499 3106 quia
1531 3035 1732 3091 ﬂumen
1766 3037 1888 3091 vitae
1911 3051 1975 3090 ex
2009 3046 2062 3090 te

478 3125 741 3195 prodiens
772 3128 1004 3196 replevit
1049 3137 1273 3189 terram,
1327 3129 1525 3198 alioqui
1570 3145 1758 3184 ramus
1802 3130 2060 3199 nuptialis

2171 2019 2273 2090 σῆς
2301 2020 2538 2090 γαστρὸς
2570 2018 2826 2090 καθάπερ
2874 2018 2937 2071 ἐκ
2983 2035 3128 2082 τινος
3164 2019 3440 2081 παστάδος
3474 2017 3758 2087 βασιλικῆς

2167 2114 2517 2184 προέρχεται.
2550 2115 2622 2166 Σὺ
2657 2112 2752 2167 τὸν
2787 2113 3012 2183 βασιλέα
3051 2113 3161 2167 τῶν
3201 2112 3386 2184 θυρῶν
3430 2111 3759 2180 κεκλεισμέ-

2165 2223 2274 2259 νων
2299 2207 2616 2274 εἰσήγαγες,
2649 2206 2787 2260 ἀλλὰ
2813 2207 2978 2260 πάλιν
3014 2205 3463 2276 ὲξήγαγες.οὖτε
3498 2207 3611 2275 γὰρ
3636 2207 3759 2258 συλ-

2166 2296 2576 2368 λαμϐανόμενος
2597 2341 2610 2362 ,
2642 2296 2768 2351 οὔτε
2797 2298 2933 2362 ὅλως
2959 2299 3284 2368 τικτόμενος
3310 2300 3339 2352 ὁ
3367 2297 3632 2368 βασιλεὺς
3659 2298 3758 2364 τῆς

2165 2385 2323 2455 δόξης
2349 2388 2449 2450 τὰς
2479 2386 2653 2458 θύρας
2685 2389 2782 2458 τῆς
2817 2389 2918 2458 σῆς
2954 2391 3169 2460 μήτρας
3196 2388 3458 2461 ἠνέφξεν.
3490 2388 3620 2442 οὕτε
3656 2389 3756 2457 τῆς

2167 2479 2465 2550 παρθενίας
2490 2481 2618 2543 τοὺς
2648 2479 2988 2550 συνδέσμους
3005 2481 3316 2550 ὲχαύνωσε⁶
3354 2483 3417 2536 σὲ
3447 2483 3646 2553 Κῆπον
3667 2500 3754 2535 κερ

2165 2571 2484 2641 κλεισμένον
2508 2573 2778 2638 ὠνόμαζε,
2818 2574 2914 2626 καὶ
2945 2574 3137 2645 Πηγὴν
3166 2576 3624 2646 ὲσφραγισμένην
3644 2577 3753 2628 ὁὲκ

2168 2664 2261 2718 σοῦ
2291 2665 2544 2735 νυμφίος,
2580 2668 2674 2718 καὶ
2701 2669 2967 2736 προεῖπεν
3005 2669 3063 2720 ὲν
3101 2671 3215 2732 τοῖς
3245 2669 3512 2740 ’ᾼσμασιη
3561 2669 3753 2738 Κῆπον

2165 2757 2588 2826 κεκλεισμένον·
2625 2759 2813 2827 ἐπειδὴ
2866 2759 2960 2812 σοῦ
3013 2761 3134 2830 μὲν,
3165 2759 3407 2832 δρεπάνη
3459 2761 3670 2830 φθορᾶς
3717 2761 3747 2826 ἢ

2165 2851 2434 2921 τρυγητδς
2459 2853 2557 2920 οὐχ
2589 2851 2992 2922 ἥψατο.”Ανθος
3017 2853 3096 2913 δὲ,
3125 2853 3186 2904 τὸ
3214 2855 3278 2906 ὲκ
3307 2854 3407 2916 τῆς
3439 2853 3639 2922 ῥάϐδου
3658 2853 3747 2905 τοῦ

2177 2944 2378 2996 Ἰεσσαὶ
2406 2943 2666 3013 καθαρῶς
2693 2944 2771 3012 τῷ
2794 2945 2943 3011 γένει
2966 2945 3074 2997 τῶν
3104 2945 3432 3015 ἀνθρώπων.
3465 2947 3562 2999 καὶ
3584 2945 3753 2999 καθα·

2169 3035 2279 3102 ρῶς
2300 3035 2651 3103 παρίστησιν,
2677 3034 2784 3087 ὑπὸ
2814 3037 2976 3103 μόνου
3003 3034 3322 3106 γεωργηθέν
3349 3051 3434 3088 σοι
3465 3034 3561 3087 τοῦ
3580 3034 3750 3088 καθα-

2168 3124 2261 3193 ροῦ
2297 3125 2394 3176 καὶ
2441 3124 2722 3194 ἀκηράτου
2764 3122 3102 3195 Πνεύματος.
3141 3123 3330 3193 Πηγὴν
3372 3125 3745 3194 ἐσφραγισμέ-

478 3216 683 3271 l'ontem
717 3225 868 3272 tuum
904 3234 1246 3288 nequaquam
1297 3221 1572 3276 exhausit.
1612 3222 1779 3276 David
1823 3223 1941 3276 sine
1975 3223 2056 3276 in-

2167 3234 2285 3287 νην,
2319 3217 2402 3270 ὅτι
2437 3216 2682 3286 ποταμὸς
2713 3215 2862 3283 ζωῆς
2893 3216 2959 3268 ἐκ
2991 3214 3086 3268 σοῦ
3117 3214 3398 3284 προελθὼν
3431 3216 3535 3283 τὴν
3564 3216 3744 3266 οἰκου-

459 3311 831 3366 'termissione
882 3311 1090 3367 cithara
1141 3314 1380 3369 celebrat
1422 3329 1547 3369 eum
1593 3315 1686 3384 qui
1714 3331 1781 3370 ex
1825 3324 1875 3369 te
1901 3325 2063 3370 natus

479 3410 621 3457 cst:
693 3401 885 3473 Surge,
940 3403 1174 3465 Domine,
1210 3406 1288 3458 "in
1360 3407 1594 3473 requiem
1667 3416 1835 3468 tuam,
1905 3417 1958 3459 tu
2012 3417 2061 3460 et

479 3511 608 3547 arra
661 3495 1102 3564 sanctiﬁcationis
1127 3531 1130 3534 -
1161 3506 1264 3551 tuae
1287 3497 1350 3550 ³³.
1407 3498 1578 3569 Surge
1611 3517 1624 3551 :
1655 3499 1839 3553 unde?
1867 3499 1908 3552 E
1939 3499 2060 3553 sinu

477 3587 691 3647 Patris,
746 3603 857 3640 non
923 3596 982 3641 ut
1032 3602 1060 3640 a
1108 3585 1267 3641 Patre
1351 3589 1620 3656 separeris
1709 3589 1856 3656 (hoc
1913 3588 2060 3642 enim

480 3676 666 3728 dicere
719 3676 805 3729 vel
856 3676 1096 3746 cogitare
1143 3675 1300 3730 nefas
1347 3677 1462 3746 est)
1496 3693 1509 3730 :
1539 3677 1633 3732 sed
1668 3685 1730 3731 ut
1773 3677 2059 3746 dispensa-

480 3769 682 3823 tionem
742 3783 992 3840 peragas,
1042 3767 1128 3822 vel
1171 3768 1447 3838 quidpiam
1500 3783 1532 3822 ε
1588 3767 1742 3822 εωιίε
1787 3777 1914 3821 ante
1959 3782 2060 3821 sa:-

479 3862 600 3914 cula
624 3869 681 3915 et-
709 3869 836 3915 ante
893 3859 1295 3931 generationes
1333 3858 1427 3912 tibi
1470 3858 1821 3928 pmﬁnitum.
1863 3859 2057 3928 Surge,

479 3959 541 4004 ut
561 3951 742 4018 lapsos
780 3952 978 4020 erigas,
1014 3958 1071 4003 ut
1091 3948 1466 4004 claudicantes
1513 3958 1661 4004 recta
1681 3949 1936 4004 incedere
1981 3950 2060 4003 fa-

479 4043 612 4107 cias,
633 4052 694 4097 ut
723 4045 1135 4114 possessionem
1158 4051 1306 4098 tuam
1331 4043 1585 4114 recipias,
1631 4059 1754 4114 qua:
1792 4044 1860 4098 ab
1901 4045 2056 4097 hoste

477 4137 545 4191 ad
577 4136 682 4191 hoc
733 4152 906 4206 usque
953 4145 1170 4206 tempus
1201 4137 1484 4206 tyrannico
1545 4137 1706 4190 modo
1735 4145 2051 4206 occupatur.

479 4223 668 4296 Surge,
688 4225 934 4292 Domine,
954 4227 1010 4279 in
1032 4223 1264 4289 requiem
1287 4234 1456 4289 tuam,
1484 4241 1646 4295 quam
1669 4241 1834 4295 snper
1853 4235 2052 4279 terram

477 4317 886 4387 praescripsisti,
921 4325 978 4372 et
1029 4318 1084 4371 in
1141 4318 1418 4372 Bethleem
1462 4318 1816 4382 constituisti,
1861 4323 2053 4387 utpote

443 4408 771 4469 stabulum,
824 4423 1091 4477 praesepe,
1124 4409 1436 4462 et-iascias.
1485 4407 1604 4460 Non
1653 4408 1800 4461 enim
1827 4422 1954 4478 eges
1997 4406 2052 4462 in

474 4500 626 4554 caelis
651 4500 862 4569 requie,
896 4501 994 4555 sed
1026 4500 1144 4569 ipse
1159 4515 1230 4554 cs-
1249 4501 1467 4569 requies
1500 4499 1769 4553 universa
1824 4508 2045 4553 creatu-

2167 3311 2336 3379 μένην
2365 3307 2705 3379 ἐπλήρωσεν.
2725 3307 2886 3360 Ἀλλὰ
2913 3307 3107 3370 κλάδος
3137 3307 3376 3375 γαμικὸς
3391 3307 3498 3374 τὴν
3525 3308 3624 3374 σὴν

2163 3401 2267 3469 γὴν
2302 3400 2402 3454 οὐκ
2432 3400 2690 3471 ἦντλησε.
2723 3400 2859 3469 Περὶ
2888 3398 2982 3452 σοῦ
3018 3399 3186 3453 Δαῦὶδ
3225 3401 3290 3453 ἐκ
3316 3398 3412 3452 σοῦ
3451 3398 3749 3468 κιθαρίζων

2162 3494 2221 3546 οὐ
2249 3493 2482 3547 παύεται
2503 3509 2518 3523 ο
2559 3480 2892 3557 Ἀνάστηθι,
2917 3492 3116 3559 Κύριε,
3139 3494 3226 3557 εἰς
3249 3492 3370 3557 τὴν
3395 3491 3748 3545 ἀνὰπσῑνσίν

2161 3600 2299 3648 σου,
2331 3583 2412 3637 σὺ
2439 3584 2536 3636 καὶ
2562 3585 2602 3652 ἡ
2637 3583 2882 3649 κιϐωτὸς
2909 3582 3015 3638 τοῦ
3033 3583 3403 3653 ἁγιάσματός
3432 3599 3573 3640 σου.
3591 3584 3747 3636 Ἀνά-

2163 3676 2342 3746 στηθι,
2378 3675 2573 3740 πόθεν;
2613 3675 2706 3728 Ἐκ
2741 3675 2850 3728 τῶν
2881 3676 3096 3730 κόλπων
3122 3676 3216 3733 τοῦ
3254 3676 3491 3746 Πατρὸς,
3528 3676 3626 3743 οὐχ
3662 3677 3747 3728 ἵνα

2161 3768 2438 3839 χωρισθῇς
2464 3767 2557 3820 τοῦ
2590 3767 2800 3839 Πατρδς
2832 3768 3012 3838 (τοῦτο
3037 3768 3230 3837 γὰρού
3255 3767 3416 3837 θέμις
3445 3767 3478 3836 ἦ
3508 3767 3744 3820 νοεῖσθαι

2159 3861 2190 3931 ἢ
2232 3859 2568 3929 λέγεσθαι),
2604 3860 2695 3913 ἵνα
2747 3859 2804 3913 δὲ
2847 3859 2947 3930 τὴν
2993 3861 3306 3928 οἰκονομίαν
3341 3860 3582 3932 πράξῃς,
3614 3860 3649 3929 ἢ
3691 3875 3744 3912 τι

2157 3952 2366 4006 ἄνωθέν
2413 3969 2494 4004 σοι
2548 3951 2656 4022 πρὸ
2705 3949 2918 4004 αἰώνων
2952 3952 3048 4005 καὶ
3093 3952 3200 4020 πρὸ
3229 3952 3337 4005 τῶν
3371 3953 3578 4020 γενεῶν
3606 3969 3741 4021 προ-

2156 4043 2378 4112 ῶριστο.
2429 4041 2746 4110 Ἀνάστηθι,
2781 4041 2865 4094 ἵνα
2906 4041 3032 4102 τοὺς
3078 4041 3346 4104 πεσόντας
3370 4040 3616 4113 ἐγείρῃς,
3649 4040 3737 4092 ἵνα

2155 4136 2282 4196 τοὺς
2328 4133 2708 4194 σκελισθέντας
2757 4132 3036 4205 όρθώσῃς,
3071 4132 3162 4186 ἵνα
3205 4133 3267 4185 τὸ
3316 4133 3408 4186 σὺν
3457 4129 3736 4203 ἀναλάσης

2155 4221 2362 4291 κτῆμα,
2397 4221 2548 4291 παρὰ
2569 4220 2664 4274 τοῦ
2698 4220 2896 4291 ἐχθροῦ
2936 4221 3099 4290 μέχρι
3127 4221 3223 4274 τοῦ
3254 4219 3349 4274 νῦν
3377 4221 3734 4292 τυραννούμε-

2154 4328 2263 4365 νον.
2283 4310 2624 4378 Ἀνάστηθι,
2651 4313 2850 4378 Κύριε,
2871 4314 2963 4376 εἰς
2981 4312 3105 4379 τὴν
3128 4311 3485 4368 ἁνάπαυσίν
3512 4329 3649 4376 σου,
3666 4315 3731 4382 ἣν

2153 4404 2246 4456 ἐπὶ
2273 4405 2375 4473 τῆς
2402 4405 2505 4473 γῆς
2538 4403 2775 4474 ὥρισας,¹
2799 4405 2892 4457 καὶ
2922 4406 3004 4467 εἰς
3032 4404 3134 4475 τὴν
3160 4404 3652 4474 Βηθλεὲμ-ἔταξας,
3672 4407 3730 4458 τὸ

2155 4495 2420 4565 σπήλαιον
2463 4497 2560 4548 καὶ
2589 4495 2689 4564 τὴν
2721 4495 2930 4564 φάτνην
2973 4496 3069 4549 καὶ
3095 4495 3165 4549 τὰ
3193 4497 3487 4566 σπάργανα
3507 4513 3521 4526 ·
3548 4499 3604 4548 ἐν
3637 4497 3728 4548 οὐ·

469 4606 549 4646 rae
577 4609 590 4644 :
624 4593 760 4646 at‘in
785 4601 953 4654 terra,
984 4600 1169 4646 nostra
1199 4606 1363 4645 causa
1418 4589 1622 4660 pateris
1650 4604 1773 4658 quae
1804 4589 1871 4643 ad
1931 4604 2050 4643 car-

2160 4588 2340 4656 ρανοῖς
2368 4585 2476 4655 γὰρ
2519 4586 2578 4638 ού
2625 4585 2848 4666 χρῄζεις
2882 4586 3264 4649 ἀναπαύσεως.
3300 4587 3476 4652 Αὐτὸς
3509 4587 3565 4640 δὲ
3601 4587 3730 4640 ἀνά-

470 4698 596 4737 nem
654 4685 955 4753 pertinent.
991 4683 1111 4739 Non
1160 4684 1306 4738 enim
1364 4691 1484 4736 erat
1536 4682 1750 4737 esuries
1779 4690 1875 4736 aut
1931 4681 2049 4736 sitis

467 4789 596 4828 vera
633 4791 795 4845 quam
823 4776 1098 4840 habebas;
1153 4763 1402 4844 quinimo
1453 4773 1726 4835 esuriens,
1777 4773 1935 4842 panis
1989 4789 2049 4827 es

468 4865 594 4919 vitae
627 4882 640 4917 :
673 4877 728 4921 et
763 4868 956 4920 sitiens
990 4867 1107 4936 ipse
1133 4881 1192 4921 es
1225 4865 1531 4920 consolatio
1558 4865 1920 4918 laborantium
1934 4865 2046 4929 siti,

430 4978 436 4984 ·
469 4971 593 5008 cum
623 4957 700 5011 sis
729 4957 931 5012 lluvius-
956 4957 1388 5027 incorruptionis
1417 4973 1432 5009 :
1464 4965 1519 5010 et
1570 4957 1700 5010 dum
1731 4955 2046 5026 fatigabaris

468 5046 872 5103 obambulando
898 5059 1124 5111 terram,
1155 5065 1255 5118 per
1276 5049 1475 5103 ﬂuctus
1504 5050 1668 5103 maris
1689 5049 1792 5103 iter
1815 5049 2043 5118 pedibus

435 5137 437 5140 ’
466 5137 708 5194 faciebas
735 5141 940 5210 absque
979 5141 1184 5194 labore.
1216 5138 1403 5209 Surge,
1437 5140 1677 5203 Domine,
1724 5141 1779 5195 in
1813 5141 2044 5210 requiem

467 5238 617 5282 tuam
652 5271 666 5294 ,
730 5240 784 5284 tu
837 5241 884 5284 et
929 5247 1055 5284 arca
1099 5232 1538 5300 sanctiﬁcationis
1595 5241 1700 5284 true
1734 5273 1747 5296 ,
1794 5247 1915 5300 quae
1957 5239 2043 5284 est

465 5319 610 5373 haud
638 5320 803 5375 dubie
822 5317 986 5391 Virgo
1011 5319 1258 5390 Deipara.
1284 5321 1340 5376 Si
1372 5321 1522 5375 enim
1592 5330 1648 5375 tu
1691 5337 1769 5374 es
1807 5337 2038 5389 gemma,

463 5411 767 5464 merito-illa
802 5420 885 5466 est
915 5427 1061 5467 arca.
1097 5412 1160 5466 Et
1185 5411 1312 5480 quia
1357 5410 1446 5464 Sol
1481 5410 1718 5473 exsistis,
1783 5425 2037 5463 necessa—

461 5497 544 5554 rio
582 5498 745 5573 Virgo
777 5502 1059 5567 vocabitur
1085 5501 1306 5555 cmlum.
1360 5499 1494 5553 Cum
1522 5500 1596 5572 sis
1627 5499 1724 5553 llos
1754 5499 2038 5553 immarce-

459 5591 692 5657 scibilis,
712 5594 959 5663 profecto
981 5593 1148 5664 Virgo
1183 5592 1290 5646 erit
1347 5592 1532 5662 planta
1579 5592 2033 5662 incorruptiouis,

456 5691 515 5735 et
541 5686 830 5752 paradisus
877 5682 1305 5740 immortalitatis
1347 5699 1361 5736 :
1415 5681 1468 5738 in
1525 5698 1686 5752 quam
1718 5682 1884 5736 Isaias
1920 5682 2035 5737 haec

2151 4694 2353 4739 παυσις
2390 4679 2658 4747 ὑπάρχεις
2699 4677 2826 4748 ὅλης
2857 4679 2955 4746 τῆς
2984 4679 3232 4740 κτίσεως.
3253 4679 3382 4730 Ἐπὶ
3416 4681 3522 4749 γῆς
3569 4678 3624 4732 δὲ
3652 4678 3729 4732 δι’

2152 4767 2302 4836 ἡμᾶς
2333 4767 2401 4820 τὰ
2427 4767 2524 4836 τῆς
2553 4767 2758 4838 σαρκὸς
2792 4768 3044 4837 πάσχεις.
3063 4769 3126 4821 Ἡ
3151 4769 3259 4839 γὰρ
3281 4770 3412 4839 οὐχὶ¹
3439 4770 3538 4824 καὶ
3568 4772 3724 4841 πείνη

2149 4860 2244 4914 καὶ
2262 4859 2385 4930 δίψη
2415 4899 2430 4925 ,
2453 4860 2519 4930 ἣν
2544 4859 2725 4930 ἔσχου.
2743 4861 2904 4914 Ἀλλὰ
2947 4861 3054 4932 γὰρ
3083 4861 3178 4916 καὶ
3206 4863 3406 4915 πεινῶν
3437 4864 3600 4933 ἄρτος
3626 4865 3727 4916 ὑπο

2149 4950 2335 5021 άρχεις
2367 4951 2530 5020 ζωῆς,
2563 4953 2657 5004 καὶ
2685 4951 2856 5021 διψῶν
2883 4952 3046 5015 αὐτὸς
3075 4948 3134 5005 -εῐ
3169 4952 3280 5006 τῶν
3310 4953 3593 5022 διψώντων
3624 4971 3726 5008 πα-

2150 5041 2432 5109 ράκλησις.
2465 5042 2713 5111 Ποταμὸν
2743 5041 2853 5112 γὰρ
2884 5043 3194 5114 ἀφθαρσίας
3217 5043 3569 5115 καθέστηκας
3590 5062 3603 5074 ·
3635 5047 3725 5099 καὶ

2148 5132 2352 5185 κοπιῶν
2379 5135 2492 5196 τοῖς
2527 5135 2852 5204 περιπάτοις
2891 5139 2992 5206 τῆς
3029 5139 3223 5206 ξηρᾶς,
3256 5138 3512 5202 πεζεύεις
3557 5139 3721 5192 κόπου

2145 5221 2313 5292 χωρὶς
2335 5221 2436 5291 τῆς
2462 5222 2735 5294 θαλάσσης
2773 5225 2842 5278 τὰ
2891 5225 3134 5295 κύματα.
3153 5226 3486 5294 Ἀνάστηθι,
3526 5228 3719 5295 Κύριε,

2143 5316 2231 5378 εις
2271 5313 2397 5381 τὴν,
2426 5315 2776 5379 ἁνάπαυσίν
2806 5333 2942 5380 σου,
2973 5317 3054 5371 σὺ
3103 5318 3200 5372 καὶ
3245 5321 3307 5386 ἡ,
3338 5320 3589 5386 κιϐωτὸς
3619 5320 3722 5372 τοῦ

2144 5407 2511 5477 ιὶγιάσματός
2539 5424 2678 5473 σου,
2712 5412 2744 5478 ἡ
2774 5409 3070 5478 Παρθένος,
3099 5412 3132 5481 ἡ
3166 5411 3453 5475 Θεοτόκος,
3475 5411 3717 5482 εὔδηλον.

2145 5503 2205 5553 Εἰ
2253 5501 2362 5574 γὰρ
2412 5503 2476 5555 σὺ
2528 5503 2897 5572 μαργαρίτης,
2930 5505 3156 5566 εἰκότως
3210 5503 3396 5574 ἐκείνη
3451 5505 3715 5568 κιϐωτὸς·

2142 5591 2330 5661 ἐπειδὴ
2382 5592 2444 5644 σὺ
2484 5592 2771 5660 τυγχάνεις
2791 5591 3018 5656 Ἤλιος,
3049 5593 3275 5664 οὐρανὸς
3323 5595 3640 5662 ἀναγκαίως
3687 5596 3717 5665 ἡ

2144 5667 2419 5752 Παρθένος
2470 5679 2831 5754 κὶιηθήσεται”
2881 5683 3073 5756 ἐπειδὴ
3117 5685 3181 5738 σὺ
3223 5683 3384 5750 ἄνθος
3427 5688 3717 5758 τυγχάνεκ

541 5855 582 5886 ⁸⁸
601 5854 800 5910 Ezech.
827 5870 974 5922 κων,
1002 5857 1057 5910 2.
1118 5838 1161 5889 δι
1188 5855 1346 5912 Joan.
1372 5873 1410 5922 ι,
1440 5856 1493 5911 9.
1569 5857 1612 5889 υ
1637 5857 1794 5912 Cant.
1831 5873 1906 5924 Iv,
1930 5857 2016 5914 12.

2167 5859 2306 5914 Psal.
2364 5875 2540 5924 cxxxl,
2565 5859 2616 5916 8.
