4006 6416
162 455 318 523 ἒ4Ἷ5

1582 465 2010 528 SERMONES.

3296 474 3433 540 1466

154 570 508 642 ἀμάραντον,
537 570 645 641 ἄρα
679 571 712 642 ή
739 571 1013 643 Παρθένος
1047 573 1360 646 ἀφθαρσίας
1393 576 1590 645 φυτὸν,
1626 579 1754 629 ἀθα-

1862 581 2200 650 prospiciens
2233 599 2410 654 nuper
2471 584 2805 640 acclamaliat
2847 585 3034 640 dicens
3071 605 3084 639 :
3125 586 3257 641 Ecce
3289 592 3434 661 virgo

159 664 363 727 νασίας
393 662 738 733 παράδεισος.
771 662 866 726 Είς
907 665 972 736 ἦν
1004 667 1230 729 Ἡσαΐας
1260 667 1432 720 ταῦτα
1475 668 1613 722 θεῶν
1652 670 1747 739 ἀρο

161 755 301 818 τίως
350 752 777 826 προανεφώνησε
821 754 1024 822 λέγων’
1053 755 1232 822 Ἰδοὺ,
1271 759 1310 825 ἡ
1347 759 1647 826 Παρθένος
1679 761 1750 814 ἐν

163 847 386 915 γαστρὶ
412 845 689 914 λήψεται,
729 845 826 898 καὶ
853 845 1082 910 τέξεται
1111 849 1269 912 υἱὸν,
1291 850 1387 902 καὶ
1411 852 1750 906 καλέσουσι

163 938 235 991 τὸ
288 939 478 1006 ὄνομα
521 936 709 990 αὐτοῦ
740 937 1144 1006 Ἐμμανουήλ.
1176 939 1310 993 Ἰδοὺ
1368 943 1400 1010 ἡ
1452 942 1746 1012 Παρθένος·

167 1031 337 1094 ποίας
386 1029 449 1081 Ἦ
495 1028 603 1083 τῶν
648 1028 924 1098 γυναικῶν
957 1028 1231 1102 ἐγκριτος,
1267 1033 1300 1102 ἡ
1332 1031 1438 1084 τῶν
1470 1033 1750 1102 παρθένων

165 1118 474 1188 ἐξαίρετος,
504 1117 564 1170 τὸ
601 1118 796 1188 σεμνὸν
840 1118 943 1187 τῆς
985 1119 1259 1192 ἡμετέρας
1294 1119 1508 1188 φύσεως
1553 1121 1748 1188 ἐγκαλο

165 1209 454 1280 λώπισμα,
484 1210 544 1262 τὸ
592 1210 686 1262 τοῦ
732 1209 904 1282 πηλοῦ
955 1213 1225 1282 ἡμετέρου
1280 1212 1560 1284 καύχημα,
1590 1215 1622 1283 ἡ
1650 1213 1750 1283 τῆς

168 1302 438 1372 αἰσχύνης
485 1302 585 1372 τὴν
639 1301 781 1354 Εὕαν
809 1343 824 1367 ,
871 1302 963 1354 καὶ
1014 1301 1114 1372 τῆς
1162 1304 1395 1374 ἀπειλῆς
1445 1305 1536 1357 τὸν
1576 1305 1750 1373 Ἀδὰμ

167 1393 552 1458 ἀπαλλάξασα,
583 1395 614 1464 ἡ
644 1394 740 1464 τὴν
776 1395 1088 1465 παρρησίαν
1114 1396 1468 1466 ἀποτεμοῦσα
1495 1395 1587 1450 τοῦ
1617 1397 1748 1466 δρά-

166 1503 394 1550 κοντος·
427 1482 494 1559 ἦς
530 1488 734 1549 καπνὸς
769 1469 1065 1555 ἐπιθυμίας
1092 1488 1190 1557 οὐχ
1216 1489 1424 1558 ἥψατο,
1452 1489 1574 1542 οὐδὲ
1603 1489 1748 1542 σκώ-

167 1579 270 1650 ληξ
316 1581 486 1650 αὐτὴν
529 1579 866 1649 ἡδυπαθείας
913 1579 1166 1649 ἔϐλαψεν.
1189 1580 1348 1634 Ἰδοὺ
1377 1583 1414 1650 ἡ
1448 1582 1749 1648 Παρθένος

167 1675 239 1726 ἐν
275 1672 487 1742 γαστρὶ
517 1672 801 1740 λήψεται·
836 1671 1018 1731 πόθεν,
1054 1667 1098 1726 ὦ
1145 1675 1432 1745 προφήτας
1462 1675 1536 1726 Οὐ
1585 1673 1747 1741 λέγω,

169 1765 326 1835 φησί.
364 1766 534 1819 Τοῦτο
583 1767 690 1837 γὰρ
744 1765 822 1837 τῷ
871 1766 1112 1836 Γαϐριὴλ
1160 1766 1527 1836 πεφύλακται.
1562 1768 1751 1819 Πολλοὶ

166 1857 267 1926 τῆς
297 1856 560 1909 Θεοτόκου
590 1857 923 1927 διαιροῦνται
945 1858 1014 1910 τᾶ.
1039 1857 1312 1926 θαύματα,
1332 1859 1502 1912 πολλὰ
1524 1859 1578 1912 δὲ
1601 1861 1750 1929 ὅμως

167 1948 264 2001 καὶ
298 1948 359 2012 ἐξ
390 1948 568 2000 αὐτῶν
604 1949 1076 2020 παραλέλειπται·
1127 1949 1266 2019 πλὴν
1312 1950 1420 2016 ἐγὼ
1462 1951 1553 2004 τὸν
1595 1951 1752 2004 τόκον

166 2044 268 2106 τῆς
292 2040 684 2109 Ἀειπαρθένου
717 2042 1088 2110 πεπίστευμαι
1109 2057 1124 2072 ⁸
1167 2041 1426 2111 Μιχαίας,
1446 2043 1537 2095 τὸν
1576 2043 1750 2114 χῶρον

169 2134 224 2184 ἐν
253 2125 298 2200 ᾧ
317 2132 376 2183 τὸ
402 2131 588 2200 θαῦμα
622 2133 937 2204 πέπρακται
959 2149 972 2162 °
1009 2132 1192 2196 Δαϐιδ,
1221 2134 1312 2185 τὸν
1343 2133 1553 2204 καιρόν.
1580 2136 1750 2197 Αὐτὸς

167 2225 278 2294 γὰρ
309 2223 392 2287 τὸ,
422 2225 522 2278 Ἐκ
555 2227 814 2294 γαστρὸς
840 2225 954 2291 πρὸ
985 2225 1296 2294 ἑωσφόρον
1319 2224 1619 2294 ἐγέννησά
1656 2243 1749 2288 σε,

167 2319 233 2386 τῇ
266 2317 378 2370 τῶν
409 2317 654 2386 Ψαλμῶν
686 2318 998 2388 προφητείᾳ
1026 2319 1276 2389 ἐνέθηκε.
1307 2318 1548 2389 Γαϐριὴλ
1572 2319 1752 2372 τοίνυν

168 2397 288 2478 ἐρεῖ
312 2408 392 2471 τὸ,
431 2408 616 2460 πόθεν.
642 2409 884 2472 Ἐκεῖνος
903 2409 1012 2478 γὰρ
1037 2408 1098 2472 ἐξ
1124 2409 1354 2480 οὐρανοῦ
1388 2410 1748 2481 κατέρχεται·

165 2502 379 2562 ἐκεῖνος
409 2500 496 2552 ἐπ’
519 2500 650 2554 αὐτὸ
688 2501 846 2554 τοῦτο
873 2503 965 2554 ἐπὶ
993 2502 1092 2572 τὴν
1124 2502 1396 2573 Παρθένον
1428 2495 1748 2572 «emetat-

164 2593 379 2654 ἐκεῖνος
406 2595 464 2645 ἐν
495 2593 671 2663 καιρῷ
698 2592 791 2646 τοῦ
823 2595 982 2647 τόκου
1014 2596 1400 2664 παραγίνεται,
1434 2597 1526 2649 καὶ
1549 2594 1641 2648 τοῦ
1668 2595 1753 2646 τό·

163 2701 267 2736 κου
297 2684 399 2754 τὴν
426 2672 721 2740 ὑπόστασιν
769 2686 1084 2753 ἀναγκαίως
1133 2688 1468 2758 ἑρμηνεῦσαι
1498 2689 1750 2743 πιστεύε-

161 2794 279 2830 ται.
313 2777 377 2829 Εἰ
412 2776 468 2828 δὲ
503 2777 595 2830 καὶ
638 2777 769 2848 παρ’
792 2777 927 2847 ἐμοῦ
959 2778 1251 2848 μανθάνειν
1281 2781 1476 2844 θέλεις,
1510 2781 1578 2835 τά
1623 2781 1750 2847 ἑξῆς

163 2867 270 2937 τῆς
300 2868 638 2938 προφητείας
664 2868 860 2922 ἔπελθε
884 2886 900 2901 ο
927 2870 1034 2923 Kal
1069 2870 1297 2935 τέξεται
1331 2875 1487 2938 υἱὸν,
1519 2873 1615 2926 καὶ
1646 2889 1750 2926 κα-

162 2957 430 3012 λέσουσι
463 2959 528 3011 τὸ
568 2958 758 3028 ὄνομα
781 2959 968 3014 αὑτοῦ
999 2961 1399 3030 Ἐμμανουήλ.
1438 2963 1502 3014 Τί
1524 2963 1578 3016 δέ
1605 2966 1750 3016 ἐστιν

179 3046 562 3117 Ἐμμανουήλς
586 3049 723 3103 Μεθ’
737 3050 906 3118 ἡμῶν
927 3054 958 3104 ό
977 3053 1142 3116 Θεός.
1168 3053 1259 3122 Μὴ
1285 3055 1462 3106 τοίνυν
1485 3053 1618 3118 Θεὸς
1643 3055 1750 3107 ἀπὸ

165 3140 358 3211 γάμου
381 3141 476 3196 καὶ
505 3141 709 3213 φθορᾶς
737 3143 1199 3220 συλλαμδάνεται,
1231 3146 1324 3197 καὶ
1356 3145 1413 3209 ἐξ
1447 3145 1636 3216 ἀνδρὸς
1659 3147 1752 3199 καὶ

167 3233 360 3303 κοίτης
388 3233 646 3304 τεχθῆναι
696 3235 731 3306 ἢ
781 3235 1131 3305 σαρκωθῆναι
1173 3235 1432 3300 δύναταις
1462 3237 1750 3308 Οὐδαμῶς,

169 3323 288 3376 ἀλλ’
311 3323 370 3389 ἐξ
401 3324 682 3395 ἐνεργείας
726 3324 884 3389 Θεοῦ,
917 3327 979 3390 ἐξ
1023 3327 1431 3396 ἐπιφυτεύσεως
1475 3329 1750 3398 Ὑψίστου,

167 3419 240 3469 ἐκ
273 3416 579 3487 παρουσίας
611 3417 953 3486 Πνεύματος.
985 3419 1049 3471 Τί
1090 3419 1198 3489 γὰρ
1229 3415 1319 3471 οὖν
1350 3419 1512 3488 ἡνίκα
1546 3423 1578 3489 ή
1609 3422 1756 3491 Παρ·

174 3506 330 3570 θένος
354 3511 490 3577 πρὸς
510 3508 602 3561 τὸν
627 3508 868 3579 Γαϐριὴλ
892 3509 1044 3578 ἔλεγε
1061 3527 1072 3540 ⁸
1099 3509 1229 3576 Πῶς
1247 3512 1418 3564 ἔσται
1433 3528 1534 3580 μοι
1558 3511 1751 3574 τοῦτο,

171 3601 307 3657 ἐπεὶ
341 3602 530 3670 ἄνδρα
551 3605 623 3656 οὺ
644 3602 911 3672 γινώσκω
929 3619 948 3667 ;
969 3601 1112 3654 τοῦτ’
1137 3602 1304 3666 ἔστιν,
1337 3603 1663 3673 Ἐκπλήττει
1689 3621 1755 3674 με

171 3692 236 3746 τὺ
269 3692 476 3763 θαῦμα,
505 3693 874 3763 καταπλήττει
927 3711 995 3762 με
1033 3693 1093 3744 τὸ
1123 3693 1295 3764 ῥῆμα,
1330 3693 1424 3746 καὶ
1465 3696 1492 3747 6
1529 3693 1624 3760 τοῦ
1655 3696 1756 3764 ἀγ-

173 3785 340 3852 γέλου
372 3785 755 3856 χρηματισμὸς
791 3784 886 3854 τὴν
921 3784 1198 3854 Παρθένον
1233 3784 1513 3854 ἐξίστησι,
1548 3787 1757 3856 θαυμα-

176 3876 281 3931 στὰ
301 3876 510 3943 λέγεις,
543 3876 665 3944 ἐμοὶ
693 3876 748 3929 δὲ
775 3875 864 3934 διὰ
889 3875 947 3928 τὸ
977 3875 1123 3940 ξένον
1151 3875 1386 3932 ὕποπτα.
1418 3877 1643 3930 Δέδοικα
1663 3878 1757 3930 τοῦ

175 3969 582 4039 εὖαγγελισμοῦ
625 3969 684 4023 τὸ
735 3968 939 4033 καινὸν,
971 3967 1308 4038 θορυϐοῦμαι
1351 3969 1486 4033 πρὸς
1535 3969 1596 4021 τὸ
1638 3968 1758 4020 λίαν

148 4062 286 4115 ’τῶν
314 4060 623 4130 λεγομένων
655 4059 848 4128 ἄηθες.
896 4057 1027 4124 Πῶς
1071 4061 1238 4114 ἔσται
1266 4075 1369 4127 μοι
1403 4059 1601 4122 τοῦτο,
1628 4059 1756 4112 ἐπεὶ

177 4153 373 4221 ἄνδρα
419 4153 494 4209 οὺ
531 4151 839 4220 γινώσκιοη
885 4149 1003 4212 πῶς
1039 4149 1234 4218 ἔσομαι
1269 4150 1477 4218 μήτηρ,
1511 4149 1584 4227 μῂ
1608 4167 1760 4218 γενο-

179 4245 317 4314 μένη
349 4242 578 4314 νύμφη;
619 4243 718 4295 οὐκ
762 4241 974 4312 ἐφθάρη
1017 4241 1076 4294 τὸ
1122 4240 1221 4308 τῆς
1260 4239 1409 4311 ὥρας
1454 4240 1634 4304 ἄνθος,
1669 4240 1760 4294 τὸν

177 4337 440 4407 ζωστῆρα
473 4335 574 4404 τῆς
619 4334 920 4405 παρθενίας
961 4333 1061 4387 οὐκ
1094 4333 1286 4396 ἔλυσα,
1319 4332 1408 4386 τὸν
1436 4333 1634 4403 δεσμὸν
1663 4335 1760 4404 τῆς

179 4429 399 4498 μήτρας
427 4427 525 4481 οὐκ
553 4427 855 4496 ἐχαύνωσα,
877 4425 976 4494 τὴν
1010 4423 1281 4492 σφραγῖδα
1312 4424 1413 4492 τῆς
1441 4424 1676 4494 γαστρὸς
1698 4424 1758 4476 οὐ

176 4520 488 4588 παρέλυσα.
531 4517 590 4571 '0
642 4517 699 4570 δὲ
767 4516 997 4585 ἄγγελος
1059 4514 1408 4585 παραχρῆμα
1479 4516 1756 4585 ἐπήγαγεο

1860 673 1913 724 in
1943 683 2088 726 utero
2118 677 2392 745 concipiet,
2418 687 2465 730 et
2495 679 2665 746 pariet
2680 678 2871 746 ﬁlium,
2901 689 2948 731 et
2975 679 3228 731 vocabunt
3249 697 3434 736 nomen

1858 765 1972 831 ejus
1993 762 2310 820 Emmanuel
2333 769 2394 822 ".
2430 767 2568 822 Ecce
2593 767 2764 837 virgo,
2801 770 3088 836 quamam?
3147 769 3433 825 Mulierum

1857 855 2089 924 egregia,
2125 873 2154 909 e
2177 857 2476 926 virginibus
2511 859 2703 922 electa,
2739 859 3056 928 praeclarum
3098 871 3304 915 natura:
3332 878 3434 914 no-

1861 956 1955 1001 trze
1987 957 2396 1015 ornamentum,
2426 951 2596 1020 gloria
2633 951 2727 1004 luti
2763 952 2958 1014 nostri,
2988 968 3106 1017 quae
3132 952 3295 1005 Evam
3325 969 3428 1023 pu-

1857 1036 2009 1098 dore,
2036 1046 2090 1090 et
2117 1038 2382 1091 Adamum
2413 1039 2834 1093 comminatione
2862 1039 3129 1102 liberavit,
3150 1041 3431 1095 audaciam

1857 1129 2109 1184 draconis
2161 1131 2392 1185 abscidit
2450 1147 2462 1183 :
2512 1147 2674 1200 quam
2728 1132 3192 1200 concupiscentiae
3249 1134 3434 1188 fumus

1857 1238 1966 1276 non
1995 1222 2190 1292 attigit,
2227 1238 2405 1290 neque
2433 1222 2633 1276 vermis
2656 1223 2947 1292 voluptatis
2977 1240 3094 1277 eam
3127 1225 3279 1278 lzesit.
3303 1223 3434 1278 Ecce

1857 1317 1998 1386 virgo
2022 1317 2074 1368 in
2097 1325 2246 1368 utero
2263 1318 2534 1382 concipiet,
2567 1317 2859 1379 undenam,
2885 1331 2918 1369 o
2960 1316 3265 1385 propheta?
3316 1315 3432 1370 Non

1856 1408 2002 1468 dico,
2037 1407 2129 1461 ait.
2165 1406 2278 1474 Hoc
2306 1409 2452 1462 enim
2490 1419 2829 1462 reservatum
2880 1416 2964 1460 est
2991 1407 3254 1462 Gabrieli.
3297 1408 3433 1461 Per-

1857 1502 2011 1555 multi
2043 1502 2297 1555 distincte
2326 1501 2609 1555 declarare
2641 1499 2894 1553 nituntur
2925 1497 3184 1564 miracula
3250 1497 3430 1568 Virgi-

1858 1594 1961 1655 nis,
1997 1593 2255 1662 pleraque
2280 1603 2459 1646 tamen
2485 1608 2672 1646 eorum
2732 1591 3100 1659 praetermissa
3125 1602 3271 1644 sunt.
3316 1592 3436 1646 Cte-

1859 1693 2035 1740 terum
2062 1702 2162 1753 ego
2193 1686 2260 1740 de
2295 1695 2452 1756 partu
2485 1700 2700 1753 semper
2724 1683 2984 1753 Virginis,
3046 1681 3206 1735 ﬁdem
3256 1683 3430 1736 facio:

1859 1780 2130 1843 Michaeas,
2184 1778 2252 1832 de
2309 1777 2531 1848 regione
2562 1786 2617 1830 et
2665 1776 2786 1830 loco
2845 1775 2901 1828 in
2951 1791 3060 1844 quo
3105 1775 3431 1828 miraculum

1860 1879 2138 1939 peractum
2189 1879 2274 1923 est
2338 1885 2351 1921 :
2407 1867 2596 1931 David,
2660 1867 2728 1921 de
2779 1875 3044 1935 tempore.
3100 1865 3225 1935 lpse
3285 1867 3432 1920 enim

1860 1960 2164 2029 Prophetire
2233 1959 2573 2012 Psalmorum
2623 1957 2855 2011 inseruit
2915 1955 3058 2009 istud
3097 1973 3110 2008 :
3143 1955 3225 2008 Ea:
3282 1968 3433 2009 utero

1859 2061 1984 2104 ante
2032 2050 2307 2120 luciferum
2340 2051 2496 2118 qenui
2543 2060 2590 2102 te
2619 2049 2684 2101 ³⁵.
2718 2047 2935 2102 Gabriel
2971 2047 3134 2117 igitur
3186 2047 3434 2102 dicturus

1859 2153 1941 2196 cst
1993 2143 2160 2196 unde.
2217 2141 2311 2195 Ille
2372 2142 2517 2194 enim
2568 2140 2634 2193 de
2703 2141 2841 2193 coelo
2885 2139 3188 2202 descendit.
3231 2139 3321 2193 ille
3366 2138 3434 2192 ad

1862 2239 1963 2288 hoc
2027 2235 2206 2303 ipsum
2278 2232 2514 2286 mittitur
2563 2231 2629 2284 ad
2687 2229 2990 2300 Virginem,
3053 2231 3140 2284 ille
3189 2239 3437 2298 tempore

1863 2335 2051 2396 partus
2124 2326 2309 2388 adest,
2365 2332 2420 2377 et
2482 2323 2846 2377 substantiam
2941 2331 3131 2390 partus
3193 2321 3437 2375 creditur

1860 2416 2174 2471 necessario
2227 2415 2554 2469 declarasse.
2606 2411 2699 2466 Sin
2783 2411 2939 2480 cupis
2992 2421 3048 2464 et
3101 2427 3132 2464 a
3216 2427 3304 2465 me
3353 2410 3437 2465 di-

1859 2525 2035 2574 scere,
2068 2524 2187 2577 quze
2224 2515 2530 2577 sequuntur
2584 2505 2637 2556 in
2689 2503 2955 2573 propheta
2981 2517 3238 2571 percurre
3294 2519 3308 2554 :
3366 2500 3435 2554 Et

1859 2602 2027 2670 pariet
2078 2600 2268 2668 ﬁlium,
2345 2607 2393 2651 et
2440 2598 2693 2649 vocabunt
2746 2611 2931 2647 nomen
2959 2594 3074 2663 ejus
3093 2591 3431 2647 Emmanuel.

1858 2693 1997 2758 Quid
2025 2708 2187 2763 porro
2215 2701 2300 2745 est
2334 2688 2693 2744 Emmanuel?
2744 2685 3031 2740 Nobiscum
3068 2685 3229 2738 Deus.
3279 2683 3435 2738 Nun-

1857 2785 1988 2856 quid
2014 2801 2142 2856 ergo
2178 2785 2318 2837 Deus
2347 2798 2414 2836 ex
2446 2781 2655 2850 nuptiis
2701 2789 2754 2833 et
2782 2779 3138 2847 corruptione
3180 2773 3430 2847 concipi-

1860 2889 1968 2940 tur,
1991 2887 2043 2930 et
2069 2893 2135 2930 ex
2170 2875 2285 2929 viro
2316 2885 2479 2942 atque
2510 2872 2808 2928 concubitu
2836 2872 3015 2926 editus
3054 2879 3147 2924 aut
3173 2869 3434 2923 incarna-

1861 2977 1945 3023 tus
1979 2983 2100 3022 esse
2125 2966 2337 3036 potest?
2355 2964 2727 3034 Nequaquam,
2763 2963 2857 3017 sed
2885 2961 3207 3032 operatione
3225 2959 3434 3022 divina,

1859 3060 2219 3114 seminatione
2271 3070 2530 3126 superna,
2562 3063 2617 3109 et
2643 3056 2879 3110 adventu
2926 3053 3160 3123 Spiritus
3236 3053 3439 3106 sancti.

1859 3149 2224 3216 Quamobrem
2249 3163 2372 3201 cum
2407 3144 2572 3215 Virgo
2598 3144 2834 3198 Gabrieli
2884 3144 3095 3198 diceret
3124 3160 3137 3196 :
3167 3141 3436 3207 Quomodo

1859 3242 1947 3310 ﬁet
1966 3239 2104 3294 istud
2143 3239 2285 3308 apud
2313 3254 2415 3299 me,
2448 3237 2572 3306 quia
2600 3237 2769 3288 virum
2795 3252 2894 3288 non
2937 3251 3184 3305 cognosco
3208 3235 3285 3287 ³⁸⁸2
3314 3251 3436 3303 per—

1857 3333 2004 3388 cellit
2030 3347 2154 3386 me:
2188 3331 2508 3384 miraculum
2550 3329 2694 3398 quod
2736 3329 2942 3391 dixisti,
2997 3345 3085 3385 me
3120 3337 3432 3398 perterret:

1857 3432 1911 3475 et
1937 3419 2216 3474 oraculum
2249 3418 2425 3488 angeli
2453 3415 2732 3487 Virginem
2767 3416 3160 3487 obstupefacit,
3187 3417 3435 3472 miranda

1858 3512 2255 3581 dicis,ideoque
2280 3511 2411 3565 mihi
2436 3510 2620 3572 dubia,
2647 3509 2773 3578 quia
2797 3510 3108 3579 peregrina,
3131 3510 3438 3564 extimesco

1860 3605 2038 3660 nuntii
2072 3603 2232 3658 fausti
2258 3601 2554 3655 novitatem
2591 3615 2603 3651 :
2641 3601 2932 3670 perturbor
2965 3601 3035 3654 ob
3073 3615 3135 3654 ea
3177 3615 3296 3670 quae
3351 3599 3436 3654 di-

1859 3706 2054 3770 cuntur
2085 3712 2114 3749 a
2149 3705 2201 3750 te
2225 3698 2518 3752 admodum
2545 3700 2784 3758 insolita.
2857 3700 3130 3765 Quomodo
3187 3700 3314 3752 mihi
3349 3698 3437 3767 [iet

1859 3790 2019 3851 istud,
2091 3789 2215 3859 quia
2236 3790 2407 3843 virum
2453 3808 2554 3845 non
2579 3793 2863 3863 cognosco?
2910 3808 3016 3862 qua
3047 3790 3260 3845 ratione
3310 3791 3434 3844 ﬁam

1859 3887 2052 3941 mater,
2078 3893 2196 3946 qua:
2219 3894 2329 3932 non
2364 3879 2439 3933 fui
2468 3884 2704 3950 sponsa?
2735 3883 2833 3937 ﬂos
2859 3883 3035 3937 aetatis
3053 3881 3286 3952 vigentis
3326 3897 3434 3933 non

1859 3979 1944 4022 est
1979 3979 2319 4038 corruptus:
2381 3971 2658 4041 cingulum
2709 3974 3037 4045 virginitatis
3081 3988 3194 4026 non
3243 3970 3380 4024 solvi
3419 3988 3435 4026 :

1857 4059 2074 4113 vincula
2157 4060 2329 4115 vulva:
2378 4078 2487 4116 non
2539 4064 2707 4118 laxavi
2765 4083 2778 4119 :
2824 4065 2965 4118 uteri
3028 4080 3140 4118 non
3213 4061 3437 4117 dissolvi

1861 4151 2117 4221 sigillum.
2159 4153 2398 4222 Angelus
2455 4155 2744 4209 confestim
2798 4157 3082 4223 subjunxit
3126 4172 3140 4209 :
3203 4153 3439 4224 Spiritus

1859 4254 2070 4295 sanctus
2090 4245 2410 4310 superveniet
2463 4246 2518 4297 in
2575 4255 2642 4312 te,
2689 4257 2737 4300 et
2774 4249 2938 4302 virtus
2970 4247 3224 4300 Altissimi
3254 4247 3439 4299 obum-

1862 4333 2033 4388 brabit
2055 4335 2246 4402 tibi";
2297 4337 2398 4390 hoc
2422 4345 2527 4403 est,
2568 4338 2612 4391 si
2673 4354 3033 4409 cognosceres
3068 4339 3267 4401 virum,
3325 4353 3436 4391 non

1860 4441 2082 4496 pareres
2109 4425 2300 4492 Deum,
2328 4427 2413 4481 cui
2450 4427 2624 4481 visum
2646 4438 2725 4484 est
2759 4445 2824 4484 ex
2852 4439 2923 4495 te,
2983 4439 3204 4499 propter
3229 4437 3280 4481 te
3303 4427 3434 4481 citra

1861 4517 2290 4585 corruptionem,
2338 4517 2477 4570 servi
2531 4518 2758 4572 formam
2816 4535 3032 4574 sumere
3091 4537 3103 4570 :
3157 4532 3436 4587 nunquam

172 4611 426 4678 Πνεῦμα
473 4609 642 4679 ἄτιον
681 4610 1074 4662 ἐπελεύσεται
1107 4607 1205 4660 ἐπὶ
1236 4605 1331 4671 σὲ,
1361 4606 1457 4660 καί
1500 4606 1754 4676 δύναμις

1863 4605 2020 4659 ﬁeres
2042 4605 2463 4659 instrumentum
2496 4605 2890 4660 incarnationis
2949 4607 3068 4675 ejus
3118 4605 3208 4673 qui
3255 4603 3437 4658 omnia

188 4703 491 4770 ’Υψίστου
513 4701 854 4755 ἐπισκιάσει
872 4717 999 4755 σοι·
1024 4700 1169 4754 τοῦτ’
1190 4700 1357 4760 ἐστιν,
1383 4701 1444 4753 Εἰ
1469 4700 1762 4768 ἐγίνωσκες

172 4793 374 4862 ἄνδρα,
407 4793 506 4846 οὐκ
543 4793 607 4846 ἂν
638 4793 824 4855 ἔτεκες
855 4792 1008 4857 Θεὸν,
1039 4791 1226 4844 δούλου
1259 4791 1470 4862 μορφὴν
1495 4791 1680 4844 λαϐεῖν
1701 4793 1764 4844 ὲκ

176 4885 277 4940 σοῦ
304 4884 392 4938 διὰ
429 4884 487 4937 σὲ
523 4884 690 4958 χωρὶς
716 4881 924 4952 φθορᾶς
956 4881 1344 4951 εὐδοκήσαντα,
1373 4882 1470 4934 οὐκ
1501 4881 1566 4934 ἂν
1593 4873 1761 4950 ὄργα-

173 4993 269 5032 νον
297 4974 482 5042 ὲγίνου
513 4975 610 5045 τῆς
643 4973 738 5027 τοῦ
767 4975 952 5034 πάντα
967 4972 1381 5043 παραγαγόντος
1410 4970 1759 5042 σαρκώσεως.

188 5069 336 5121 Ἀλλ’
386 5065 831 5136 ἐπειδὴκαθαρὲι
885 5066 1174 5136 τυγχάνεις
1233 5063 1421 5133 κοίτης
1469 5065 1757 5133 γαμικῆς,

177 5156 374 5227 ἐπειδὴ
421 5157 514 5210 τὸν
561 5157 686 5210 ναὸν
730 5156 1149 5225 ἄφθαρτον,-καὶ
1195 5155 1292 5226 τὴν
1340 5157 1548 5226 σκηνήν
1585 5157 1760 5226 ῥύπου

179 5250 388 5311 παντὸς
431 5248 719 5319 ἐλευθέραν
767 5249 1064 5318 ἐτήρησας,
1093 5249 1185 5300 κα)⁸
1214 5249 1242 5300 ὁ
1272 5247 1462 5317 Πατήρ
1505 5248 1764 5318 ἐπιδημεῖ

181 5358 288 5403 σοι,
320 5341 417 5393 καὶ⁵
451 5340 512 5393 τὸ
545 5339 768 5409 Πνεῦμα
799 5339 1130 5402 ἐπισκιάζει,
1165 5340 1262 5391 καὶ
1299 5338 1440 5409 μετὰ
1472 5338 1673 5406 σαρκὸς
1697 5340 1762 5391 ἐκ

180 5430 279 5485 σοῦ
312 5432 341 5482 ὁ
363 5429 673 5500 Μονογενὴς
711 5429 977 5482 τίκτεται.
1019 5429 1089 5480 Σὺ
1131 5422 1224 5480 οὖν
1254 5425 1518 5497 μηδαμῶς
1546 5426 1762 5496 διακρι-

175 5525 283 5594 Oﬁ;
313 5526 384 5576 τὰ
411 5523 540 5590 ἑξῆς
569 5503 865 5593 μυστήρια,
902 5520 975 5590 μὴ
1003 5521 1284 5593 διακριθῇς
1316 5523 1372 5573 ἐν
1408 5503 1656 5590 σπηλαίῳ
1682 5520 1762 5571 τί-

180 5630 388 5667 κτουσα
423 5614 513 5666 τὸν
557 5614 686 5682 ὅλης
730 5613 829 5683 τῆς
877 5611 1111 5673 κτίσεως
1151 5612 1512 5681 Δημιουργὸν,
1546 5612 1619 5681 μὴ
1651 5611 1765 5664 δια-

182 5703 379 5774 κριθῇς
410 5706 467 5756 ἐν
494 5705 668 5774 φάτνῃ
699 5703 998 5767 καθίζουσα
1023 5702 1114 5755 τὸν
1161 5701 1254 5754 ἐπὶ
1299 5702 1408 5754 τῶν
1441 5703 1624 5756 νώτων
1655 5702 1764 5756 τῶν

1859 4695 2137 4767 produxit.
2184 4695 2386 4750 Verum
2433 4695 2561 4765 quia
2619 4698 2823 4751 munda
2864 4713 2924 4752 es
2955 4712 2984 4751 a
3016 4695 3311 4751 concubitu
3335 4710 3439 4748 nu-

1859 4789 2032 4860 ptiali,
2057 4789 2182 4858 quia
2218 4791 2478 4858 templum
2508 4789 2908 4860 incorruptum,
2932 4799 2988 4845 et
3023 4788 3439 4844 tabernaculum

1859 4882 1927 4936 ab
1966 4881 2114 4934 omni
2143 4881 2303 4935 sorde
2331 4881 2558 4933 liberum
2587 4881 2924 4936 conservasti
2957 4899 2969 4936 :
2994 4891 3050 4935 et
3077 4880 3240 4934 Pater
3259 4877 3442 4948 hospi.

1859 4981 2005 5028 tatur
2027 4972 2169 5040 apud
2202 4980 2274 5032 te.
2295 4979 2350 5025 et
2383 4970 2619 5040 Spiritus
2643 4983 2867 5028 sanctus
2915 4972 3226 5038 obumbrat,
3263 4979 3320 5025 et
3350 4985 3438 5024 as-

1868 5071 2086 5132 sumpta
2107 5078 2272 5116 carne
2301 5063 2627 5133 L‘nigenitus
2660 5079 2728 5119 ex
2779 5074 2832 5119 te
2877 5065 3164 5119 nascitur:
3206 5079 3324 5118 eam
3371 5062 3441 5115 ob

1868 5168 2006 5213 rem,
2031 5166 2098 5204 ne
2119 5151 2340 5204 dubites
2379 5151 2488 5205 ullo
2523 5151 2706 5217 modo,
2777 5151 2845 5206 de
2895 5151 3123 5221 reliquis
3164 5147 3442 5220 mysteriis

1867 5256 1937 5295 ne
1967 5240 2042 5296 sis
2063 5240 2244 5304 anxia,
2264 5241 2306 5294 si
2333 5241 2514 5310 parias
2554 5243 2610 5295 in
2642 5241 2858 5296 stabulo
2882 5241 3150 5298 universa:
3179 5249 3441 5294 creatura:

1869 5332 2116 5401 opiﬁcem
2154 5345 2170 5384 :
2211 5347 2280 5386 ne
2311 5332 2553 5399 haesitas,
2591 5333 2637 5386 si
2661 5332 2855 5387 sedere
2893 5333 3063 5387 facias
3094 5331 3148 5384 in
3173 5327 3439 5399 praesepio

1870 5441 1993 5479 eum
2025 5423 2116 5493 qui
2149 5425 2304 5477 sedet
2335 5423 2386 5476 in
2429 5423 2595 5477 dorso
2629 5423 2946 5488 Cberubim,
2979 5422 3023 5477 si
3080 5436 3191 5474 non
3241 5417 3441 5472 habeas

1869 5518 2046 5572 locum
2103 5517 2160 5570 in
2207 5517 2527 5581 diversorio,
2568 5534 2692 5572 cum
2755 5517 2832 5573 sis
2865 5523 3038 5570 mater
3071 5511 3213 5582 regis
3250 5522 3440 5564 eorum

1868 5626 1988 5680 qua:
2018 5623 2232 5664 sursum
2261 5617 2388 5663 sunt
2413 5619 2466 5663 et
2485 5610 2761 5664 deorsum.
2789 5608 2990 5662 Libens
3007 5604 3151 5660 enim
3175 5601 3268 5672 qui
3304 5606 3442 5655 exte

1871 5709 2034 5756 natus
2057 5708 2163 5766 est,
2209 5715 2417 5771 pauper
2443 5699 2695 5767 efficitur,
2746 5709 2806 5755 ut
2839 5697 3040 5755 divites
3093 5693 3350 5758 refrenet,
3387 5698 3440 5746 et

259 5879 303 5911 ³³
335 5877 453 5934 Joa.
481 5894 574 5947 vn,
604 5880 691 5936 M.
771 5880 815 5937 ³9
845 5879 986 5934 Psal.
1012 5896 1070 5950 ιι,
1091 5881 1144 5959 7.
1221 5876 1414 5933 “Luc.
1440 5893 1480 5944 ι,
1501 5877 1572 5935 54
1669 5879 1713 5912 ³⁷
1743 5878 1876 5934 ibid.
1904 5877 1993 5932 35.
