4040 6416
160 462 306 530 1469

1593 470 1680 532 SE
1689 470 1903 532 RMON
1908 473 1997 534 ES

3283 480 3304 544 1
3318 481 3421 546 470

157 581 232 634 δὲ
273 580 414 648 τέκῃ
463 579 639 648 θῆλυ,
680 581 773 650 δίς
805 583 955 640 ἑπτὰ
981 587 1312 656 ἀκάθαρτος
1337 589 1532 646 ἔσται.
1576 589 1732 647 Τίνος

1864 591 2087 646 idduxit.
2146 594 2205 648 Si
2264 603 2437 650 autem
2480 599 2739 667 pepererit
2790 598 3169 669 feminam,bis
3223 610 3422 667 septem

156 674 326 745 χάριν
379 673 614 728 ἐνταῦθα
658 675 757 738 τὰς
818 677 1038 749 ἡμέρας
1096 680 1445 744 διπλασίονας
1508 680 1741 744 ἕταξενς

169 765 398 838 Ἐπειδὴ
423 765 538 821 Εὕα
565 768 724 821 πάλιν
744 770 851 820 ἀπὸ
870 770 967 840 τῆς
994 771 1134 834 libat;
1162 773 1426 835 τίκτεται,
1454 772 1513 824 τὸ
1544 771 1743 842 σαθρὸν

158 861 380 924 σκεῦος.
409 863 470 914 τὸ
507 863 730 925 ἀσθενὲς
759 868 982 932 ἀγγεῖον
1006 908 1017 926 ,
1052 866 1112 918 τὸ
1151 867 1614 938 συντετριμμένον
1647 884 1743 920 κε-

160 956 382 1023 ράμιον,
418 954 450 1020 ή
487 959 831 1024 χειραγωγὸς
871 960 970 1026 τῆς
1027 958 1336 1028 παρακοῆς,
1374 960 1406 1026 ἡ
1470 957 1563 1010 τοῦ
1613 958 1750 1030 δρά-.

159 1063 354 1109 κοντος
381 1045 684 1116 σύμϐουλος
707 1065 721 1078 ο
748 1048 861 1101 ἀλλ’
897 1048 1084 1120 ὥσπερ
1119 1051 1361 1119 ἤκουσας
1395 1049 1652 1117 γυναικὸς
1678 1051 1746 1104 τὰ

159 1139 509 1210 ἐγκλήματα,
546 1139 705 1212 δεῦρο
732 1143 827 1194 καὶ
852 1143 912 1194 τὸ
947 1141 1005 1207 ἐξ
1043 1144 1213 1212 αὐτῆς
1240 1142 1576 1210 κατόρθωμα
1607 1143 1744 1212 μάν-

159 1231 316 1282 θανε.
369 1231 510 1302 Γυνὴ
535 1233 839 1302 παρθενίαν
875 1233 952 1295 τῷ
989 1234 1088 1304 βίῳ
1118 1235 1436 1304 εἰσήγαγεν,
1464 1232 1746 1304 ἐχώρησεν

159 1322 223 1373 ἐν
252 1324 316 1392 τῇ
348 1323 548 1394 γαστρὶ
579 1323 668 1377 τὸν
698 1324 829 1376 Θεὸν
855 1324 911 1377 ὃν
941 1327 972 1395 ὴ
1019 1326 1200 1385 κτίσις
1233 1326 1482 1396 χωρῆσαι
1529 1326 1590 1378 ού
1652 1324 1745 1378 δύ-

159 1431 327 1466 ναται
355 1431 368 1443 ·
404 1416 589 1468 ἔτεκεν
621 1417 676 1468 ἐν
710 1417 874 1486 σαρκὶ
902 1416 1112 1480 τοῦτον,
1138 1419 1285 1479 ὅστις
1316 1418 1472 1486 ἡμῶν
1503 1417 1562 1470 τὸ
1587 1417 1747 1485 γένος

159 1505 469 1559 ἀνέπλασεν
499 1522 513 1536 '
548 1505 739 1576 πρώτη
775 1508 866 1559 τὸν
914 1507 1122 1577 Ἰησοῦν
1147 1509 1209 1561 ἐκ
1239 1508 1452 1578 νεκρῶν
1479 1506 1744 1570 ὑπεδέξα-

159 1617 246 1665 το,
281 1598 469 1670 πρώτη
498 1599 592 1652 τοῦ
622 1599 982 1670 κηρύγματος
1013 1601 1111 1669 τῆς
1144 1601 1495 1662 ἀναστάσεως
1519 1599 1743 1670 ἤρξατο,

161 1697 361 1768 πρώτη
395 1697 493 1765 τὴν
545 1698 722 1768 χαρὰν
756 1701 871 1761 τοῖς
922 1698 1196 1767 μαθηταῖς
1239 1699 1531 1768 ἐμήνυσεν.
1573 1696 1744 1764 Γυνὴ

161 1788 302 1855 ἥτις
330 1830 344 1854 ,
379 1791 562 1857 φησιν,
596 1790 1017 1858 σπερματισθῆ
1041 1807 1054 1820 ·
1090 1794 1122 1861 ἡ
1177 1791 1439 1852 Θεοτόκος
1498 1791 1553 1844 δὲ
1607 1792 1744 1862 γυνὴ

165 1882 270 1951 μὲν
308 1876 398 1950 ἦν,
428 1882 496 1934 τὰ
541 1882 818 1948 γυναικῶν
845 1883 902 1935 δὲ
935 1885 994 1936 ού
1030 1883 1300 1936 πέπονθεν
1327 1897 1340 1911 °
1380 1883 1604 1953 σπέρμα
1635 1883 1744 1954 γὰρ

1680 1944 1744 1998 ε’-
1782 1944 1824 1998 Β

162 1973 361 2042 ἀνδρὸς
383 1976 414 2044 ἡ
444 1975 655 2045 γαστὴρ
679 1976 778 2027 οὐκ
803 1974 1039 2040 ἐδέξατο,
1063 1978 1160 2029 οὐκ
1189 1973 1330 2028 εἶδεν
1346 1978 1576 2046 ἄροτρον
1603 1975 1744 2046 ὁτῆς

160 2041 658 2133 Μαρίοις-ἀγρὸςξο
690 2066 1017 2136 παρθενικδς
1041 2066 1302 2136 ἀμπελὼν
1329 2041 1426 2137 οὐχ
1453 2041 1746 2136 ὐίπέμείνεν

163 2153 437 2219 δίκελλαν,
463 2155 604 2208 ὥστε
635 2157 734 2228 ούχ
785 2158 930 2228 ὑπὲρ
971 2159 1143 2228 αὐτῆς
1179 2160 1211 2229 ἡ
1258 2159 1574 2228 προσφορὰ,
1612 2158 1752 2227 ὑπὲρ

165 2248 296 2300 ὅλου
343 2248 436 2301 τοῦ
466 2249 657 2315 γένους
704 2251 956 2318 ἐγένετοο
991 2252 1150 2322 ἡμῶν
1182 2252 1292 2322 γὰρ
1324 2251 1490 2304 ἕνεκα
1531 2251 1753 2321 περιτέ-

171 2357 366 2410 μνεται
395 2342 653 2412 Χριστὸς,
673 2344 815 2414 ὑπὲρ
846 2345 1004 2415 ήμῶν
1030 2346 1124 2397 καὶ
1148 2345 1596 2414 βαπτίζεται,ὲφ’
1624 2347 1753 2414 ἡμῖν

167 2432 407 2486 τελεῖται
435 2435 503 2487 τά
535 2433 628 2486 νοῦ
663 2436 830 2505 νόμου
857 2437 1132 2508 καθάρσια
1155 2453 1168 2467 '
1211 2437 1306 2490 ἐὰν
1349 2437 1596 2508 δακρύσῃ
1616 2476 1628 2499 ,
1657 2438 1756 2502 τὴν

171 2521 339 2589 φύσιν
376 2523 635 2577 ἐκπλύνει
665 2540 681 2554 ·
726 2527 821 2579 ἐὰν
865 2526 1112 2597 ραπισθῇ
1145 2565 1158 2588 ,
1194 2528 1292 2598 τὴν
1325 2529 1600 2598 ἡμετέραν
1632 2530 1754 2599 αἰχ-

175 2612 465 2681 μαλωσίαν
485 2613 783 2685 ἐλευθεροῖ·
809 2617 906 2669 ἐὰν
927 2617 1190 2688 βαστάσει
1217 2620 1309 2670 τὸν
1333 2619 1589 2690 σταυρὸν,
1609 2621 1757 2689 ἡμᾶς

172 2703 427 2772 κουφίζει
467 2707 562 2759 τοῦ
599 2707 768 2776 ζυγοῦ
801 2709 906 2777 τῆς
959 2711 1274 2780 ἁμαρτίας·
1303 2713 1398 2764 ἐὰν
1445 2711 1752 2782 ὲμπτυσθῇ,

171 2794 271 2848 τὸν
309 2795 481 2866 Ἀδὰμ
533 2801 872 2854 ἀπαλλάττει
929 2803 1028 2856 τοῦ
1082 2802 1184 2873 τῆς
1241 2803 1489 2874 κατάρας
1541 2803 1756 2874 ἐμπτύο

177 2903 414 2957 σματος.

253 2979 391 3034 Ὅτε
423 2981 847 3052 ἐπλήσθησαν,
878 2985 1063 3057 φησὶν,
1102 2991 1162 3041 αἱ
1192 2999 1402 3057 ημεραι
1447 2989 1554 3043 τοῦ
1583 2992 1761 3042 καθα-

166 3074 400 3143 ρισμοῦ
430 3074 647 3140 αὐτῶν,
673 3076 982 3148 ἀνήγαγον
1011 3080 1198 3133 αὑτὸν
1226 3084 1314 3146 εις
1345 3081 1760 3150 Ἰεροσόλυμα,

177 3166 378 3232 καθὼς
409 3166 727 3236 γέγραπται
750 3170 820 3224 ἐν
846 3173 1008 3240 νόμῳ
1029 3173 1271 3242 Κυρίου,
1309 3172 1396 3226 ὅτι
1427 3173 1552 3230 πᾶν
1574 3174 1763 3244 ἄρσεν

1847 689 2054 756 impura
2086 690 2206 742 erit.
2239 688 2409 758 Cujus
2440 689 2518 744 rei
2548 690 2718 760 gratia
2753 689 2843 742 hic
2880 689 3092 742 dierum
3133 704 3425 742 numerum

1847 781 2120 850 duplicem
2176 781 2412 835 statuit?
2442 780 2578 846 Quia
2606 779 2716 835 Eva
2746 796 2966 834 rursum
3008 781 3075 834 ab
3117 780 3227 834 Eva
3250 781 3426 851 gigni-

1849 886 1955 941 tur,
2012 874 2202 945 fragile
2258 874 2702 936 instrumentum,
2761 873 2940 928 debile
3000 889 3113 932 vas.
3194 871 3427 926 contrita

1849 967 2417 1029 tosta,manuductrix
2447 966 2853 1029 inobedientiae,
2909 981 3006 1035 per
3042 980 3206 1034 quam
3257 963 3427 1018 suasit

1847 1075 2096 1129 serpens.
2122 1059 2227 1113 Sed
2262 1059 2406 1113 sicut
2437 1057 2634 1111 audisti
2675 1057 2919 1111 mulieris
2951 1056 3304 1125 improperia,
3337 1055 3428 1110 hic

1849 1167 2066 1222 quoque
2087 1159 2142 1205 et
2169 1151 2410 1204 mulieris
2439 1150 2629 1204 merita
2667 1149 2852 1216 disce;
2912 1149 3108 1203 mulier
3140 1147 3426 1219 virginita-

1849 1258 1955 1303 tem
1993 1247 2194 1301 szeculo
2225 1247 2460 1307 induxit,
2488 1245 2717 1299 contulit
2740 1245 2794 1297 in
2813 1243 3015 1313 gremio
3064 1243 3232 1294 Deum
3263 1256 3426 1310 quem

1860 1340 2066 1395 creatio
2091 1339 2372 1393 continere
2420 1353 2529 1390 non
2571 1344 2769 1405 potest,
2797 1334 3076 1403 generavit
3129 1333 3183 1386 in
3259 1347 3426 1386 carne

1849 1432 1997 1485 illum
2024 1431 2115 1500 qui
2140 1439 2384 1482 nostram
2425 1427 2834 1498 generationem
2866 1423 3190 1488 fabricavit;
3249 1422 3427 1492 prima
3526 1445 3533 1447 -

1847 1520 2122 1575 Jesumex
2145 1520 2374 1573 mortuis
2399 1518 2638 1571 solutum
2694 1515 2924 1586 accepit,
2982 1515 3154 1584 prima
3215 1512 3428 1581 procla-

1867 1623 2025 1668 matae
2059 1612 2480 1670 resurrectionis
2506 1609 2780 1680 primitias
2807 1609 3045 1676 accepit;
3076 1607 3248 1677 prima
3292 1621 3428 1676 gau-

1849 1708 1996 1762 dium
2029 1708 2314 1778 discipulis
2346 1703 2716 1759 annuutiavit.
2776 1702 2990 1768 Mulier,
3056 1701 3254 1771 inquit,
3311 1716 3429 1770 qua

1849 1805 2136 1872 susceperit
2191 1817 2386 1856 semen.
2454 1799 2680 1868 Deipara
2738 1805 2918 1850 autem
2953 1795 3152 1848 mulier
3205 1795 3428 1864 quidem

1851 1905 1990 1958 erat,
2018 1895 2308 1950 muliebria
2337 1909 2468 1948 vero
2505 1908 2619 1945 non
2669 1906 2827 1961 passa
2877 1899 2994 1956 est;
3049 1904 3234 1943 semen
3282 1887 3430 1942 enim

1853 1989 1955 2044 viri
1978 2000 2170 2044 venter
2206 2004 2317 2041 non
2345 1985 2606 2056 suscepit,
2656 1998 2834 2053 neque
2863 1981 3016 2036 novit
3052 1989 3290 2034 aratrum
3320 1977 3432 2032 Ma-

1855 2085 1952 2138 riae
1977 2097 2129 2151 ager,
2161 2079 2466 2150 virgineum
2491 2079 2736 2130 vinetum
2784 2074 3057 2144 pastinum
3088 2086 3195 2126 non
3227 2071 3433 2126 tolera-

1854 2175 1953 2240 vit,
2010 2175 2084 2228 ita
2137 2179 2198 2226 ut
2249 2187 2357 2224 non
2391 2185 2489 2236 pro
2533 2184 2591 2222 se
2619 2168 2974 2230 oblationem,
3008 2164 3101 2220 sed
3136 2179 3236 2233 pro
3281 2161 3433 2216 omni

1863 2267 2107 2320 humano
2131 2277 2328 2332 genere
2357 2259 2549 2316 lrccrit
2576 2276 2589 2323 ;
2615 2268 2836 2328 propter
2850 2271 2951 2309 nos
2973 2255 3117 2308 enim
3142 2251 3434 2309 circumci-

1858 2359 2007 2414 ditur
2040 2356 2314 2421 Christus,
2347 2362 2571 2423 propter
2601 2365 2702 2404 nos
2734 2359 2789 2403 et
2854 2346 3182 2416 baptizatur,
3214 2358 3311 2412 pro
3335 2357 3436 2396 no—

1857 2451 1944 2506 bis
1977 2449 2190 2518 perlicit
2223 2446 2356 2517 legis
2384 2441 2829 2514 puriﬁcationes;
2862 2437 2905 2491 si
2926 2435 3158 2497 ﬂeverit,
3183 2443 3435 2488 naturam
3496 2455 3503 2461 -

1859 2541 2040 2603 lavat;
2087 2539 2131 2593 si
2162 2538 2345 2606 alapas
2392 2532 2703 2605 pertulerit,
2735 2538 2918 2583 nostra
2959 2543 3061 2582 nos
3119 2524 3438 2594 captivitate

1858 2634 2083 2698 liberat;
2117 2632 2162 2686 si
2194 2645 2409 2684 crucem
2445 2623 2792 2686 sustinuerit,
2814 2637 2914 2676 nos
2937 2620 3134 2674 allevat
3177 2617 3308 2688 jugo
3337 2615 3438 2669 ini-

1858 2724 2177 2798 quitatis;si
2212 2731 2368 2791 sputa
2426 2716 2784 2779 induraverit,
2815 2715 3082 2769 Adamum
3104 2709 3296 2765 liberat
3320 2721 3439 2760 ma-

1860 2820 2170 2877 ledictionis
2199 2825 2382 2888 sputo.

1941 2980 2232 3049 Postquam
2277 2973 2481 3044 impleti
2505 2979 2648 3035 sunt,
2683 2968 2879 3039 inquit,
2909 2968 3019 3021 dies
3053 2961 3443 3036 puriﬁcationi:

1864 3091 2066 3138 eorum,
2128 3071 2361 3125 tulerunt
2405 3067 2557 3121 illum
2602 3066 2658 3117 in
2683 3059 2998 3124 Jerusalem,
3026 3059 3161 3112 sicut
3187 3057 3442 3124 scriptum

1866 3179 1939 3222 est
1966 3170 2018 3221 in
2047 3167 2157 3236 lege
2183 3164 2415 3228 Domini,
2436 3161 2562 3230 quia
2621 3174 2773 3212 omne
2839 3152 3191 3208 masculinum
3249 3151 3498 3234 adape—r

178 3257 488 3328 διανοῖγον
521 3261 778 3329 μήτραν,
810 3263 982 3333 ἅγιον
1013 3264 1092 3330 τῷ
1132 3266 1328 3334 Κυρίῳ
1369 3241 1759 3334 κληθήσεται·

1869 3263 2008 3315 riens
2031 3259 2262 3317 vulvam,
2287 3263 2526 3310 sanctum
2557 3250 2782 3305 Domino
2825 3246 3122 3301 vocabitur.
3152 3243 3304 3297 Talia
3357 3241 3447 3296 lex

178 3347 359 3402 ταῦτα
380 3351 407 3402 ὀ
434 3352 597 3420 νόμος
625 3351 758 3422 ἔχει.
793 3353 851 3408 '0
879 3356 1113 3426 Χριστὸς
1149 3356 1225 3421 δὲ,
1246 3357 1391 3410 καθὰ
1420 3358 1653 3430 ἔφημεν,
1689 3360 1765 3424 ὡς

178 3439 484 3510 νομοθέτης
521 3442 613 3494 τὸν
644 3443 840 3496 ἑαυτοῦ
871 3447 1037 3516 νόμον
1066 3448 1204 3520 ὑπὲρ
1236 3450 1400 3518 νόμον
1423 3450 1762 3521 ἐπλήρωσενο

179 3529 307 3583 οὐδὲ
345 3531 454 3603 γὰρ
483 3532 717 3603 ἡνοιξεν,
746 3535 883 3591 ἀλλὰ
915 3539 1316 3611 κεκλεισμένην
1339 3540 1437 3612 τὴν
1458 3541 1636 3614 πύλην
1666 3546 1766 3614 τῆς

180 3623 466 3693 Παρθένου
499 3627 798 3682 κατέλιπεν
831 3646 846 3661 ·
903 3631 1002 3684 οὐκ
1037 3632 1306 3705 ἐσύλησεν
1347 3636 1446 3706 τὴν
1489 3637 1766 3707 σφραγῖδα

181 3715 285 3785 τῆς
313 3717 527 3786 φύσεως
549 3735 564 3751 ·
592 3721 692 3774 ούκ
720 3723 1031 3794 ἐζημίωσεν
1060 3727 1161 3796 τὴν
1182 3727 1473 3782 τεκοῦσαν·
1502 3731 1766 3802 ἀκέραιον

183 3809 298 3880 γὰρ
341 3812 477 3883 αὐτῇ
533 3813 594 3867 τὸ
636 3817 821 3886 σχῆμα
857 3818 958 3888 τῆς
992 3819 1323 3891 παρθενείας
1355 3822 1682 3878 κατέλιπεν·
1717 3825 1766 3875 εί

182 3903 243 3956 δὲ
276 3903 543 3970 ἀπιστεῖς,
580 3908 734 3979 παρὰ
765 3909 860 3962 τοῦ
905 3910 1166 3983 Ίεζεκιὴλ
1197 3915 1434 3984 μάνθανε
1464 3932 1477 3945 ’
1514 3917 1621 3970 Καὶ
1655 3918 1768 3971 ἀπ-

183 3992 488 4064 ἐστρεψέν
500 4015 578 4065 με
598 4004 750 4054 κατὰ
778 4001 892 4068 τὴν
915 4003 1061 4057 ὁδὸν
1081 4004 1192 4072 τῆς
1216 4008 1418 4073 πύλης
1439 4006 1558 4059 τῶν
1585 4009 1770 4077 ἁγίων

184 4084 301 4152 τῆς
324 4087 612 4157 ἐξωτέρας
643 4092 750 4161 τῆς
770 4095 1132 4163 βλεπούσης
1159 4098 1310 4151 κατὰ
1328 4099 1648 4165 ἀνατολὰς,
1672 4078 1768 4154 καί

184 4179 341 4245 αὕτη
369 4181 448 4248 ἦν
477 4185 873 4254 κεκλεισμένη
904 4203 919 4217 ο
953 4188 1051 4240 καὶ
1113 4186 1286 4242 εἶπεν
1349 4191 1565 4259 Κύριος
1619 4195 1770 4260 πρός

180 4287 263 4337 με
288 4285 300 4298 ·
353 4270 424 4326 ’Π
448 4275 609 4341 πύλη
635 4276 786 4343 αὕτη
824 4280 1226 4349 κεκλεισμένη
1254 4281 1448 4346 ἔσται,
1470 4285 1580 4336 οὐκ
1605 4283 1771 4338 ἀνοι-

186 4360 501 4450 χθήσεται,
558 4365 656 4418 καί
730 4368 930 4434 οὐδεὶς
1012 4372 1083 4424 οὐ
1131 4371 1218 4440 μὴ
1284 4372 1492 4441 διέλθῃ
1539 4373 1615 4427 δι’
1658 4377 1768 4428 αὑ·-

186 4453 300 4522 τῆς
319 4473 332 4486 ·
363 4456 451 4510 ὅτι
475 4460 690 4526 Κυρίος
717 4464 749 4515 d
784 4463 927 4529 Θεὸς
956 4465 1063 4518 τοῦ
1107 4465 1344 4535 Ἰσραὴλ
1377 4468 1475 4521 καί
1506 4471 1773 4523 εἰσελεύ-

186 4562 361 4602 σεται
411 4549 508 4602 καὶ
562 4552 985 4621 ἐξελεύσεται,
1051 4559 1148 4611 καὶ
1207 4559 1376 4613 ἕσται
1426 4561 1774 4630 κεκλεισμέ-

184 4653 288 4704 νη.
321 4665 388 4676 —-
422 4640 554 4694 Πᾶν
602 4641 795 4708 ἄρσεν
831 4644 1142 4714 διανοῖγον
1165 4647 1402 4715 μήτραν
1423 4689 1438 4711 ,
1473 4649 1646 4718 ἅγιον
1693 4647 1771 4715 τῷ

183 4730 387 4796 Κυρίῳ
407 4731 778 4798 κληθήσεται
807 4751 824 4768 ⁶
855 4731 1012 4800 οὗτος
1029 4738 1086 4790 δὲ
1109 4739 1168 4790 οὐ
1210 4739 1370 4808 μόνον
1400 4739 1578 4808 ἅγιος.
1607 4741 1772 4795 Ὅσον

182 4820 372 4875 τοίνυν
394 4823 756 4896 ὑπερέχειτῷ
787 4828 1066 4899 ἁγιασμῷ,
1102 4830 1358 4885 τοσοῦτον
1395 4834 1489 4886 καὶ
1522 4833 1601 4902 τῷ
1627 4836 1772 4906 τόκῳ

187 4911 531 4979 πλεονεκτεῖ,
565 4919 658 4970 καὶ
695 4917 790 4971 τοῦ
821 4920 989 4990 νόμον
1020 4922 1118 4993 τὴν
1153 4923 1372 4994 ἐντολὴν
1407 4926 1769 4996 ἀναϐέϐηκεν·

186 5005 334 5074 πλὴν
364 5007 420 5058 δὲ
459 5008 629 5078 ὅμως,
669 5012 780 5066 Τοῦ
820 5013 1031 5066 δοῦναι
1065 5017 1288 5071 θυσίαν
1325 5019 1476 5072 κατὰ
1513 5020 1578 5071 τὸ
1613 5023 1771 5088 εἰρη-

178 5094 376 5163 μένον
406 5098 475 5150 ἐν
515 5099 675 5168 νόμῳ
720 5102 966 5168 Κυρίου,
1001 5103 1202 5174 ζεῦγος
1233 5109 1560 5176 τρυγόνων,
1598 5112 1632 5178 ἢ
1660 5110 1770 5165 δύο

185 5188 501 5281 νεοσσούς
533 5191 917 5281 ,περιστερῶν
942 5234 956 5258 ,
996 5197 1181 5249 ἀτελεῖ
1226 5200 1315 5250 τὸν
1356 5199 1520 5270 νόμον
1554 5203 1581 5253 ὁ
1630 5203 1771 5254 Λου-

185 5277 336 5342 κᾶς;
370 5278 484 5331 Ούκ
520 5277 714 5352 ἀγνοίᾳ
769 5284 1106 5353 κρατηθεὶς,
1142 5288 1306 5358 σοφίᾳ
1353 5287 1410 5340 δὲ
1455 5289 1767 5360 ὁδηγηθεὶς,

185 5367 427 5435 ιξέθετο.
495 5369 553 5423 '0
597 5374 694 5442 μὲν
733 5375 896 5444 νόμος
951 5376 1134 5445 ἔλεγεν
1195 5381 1366 5448 ἀμνὸν
1402 5383 1496 5434 καὶ
1529 5385 1770 5438 νεοσσόνο

185 5461 294 5515 οὐκ
325 5464 686 5534 εὐποροῦντος
717 5467 774 5521 δὲ
804 5469 899 5522 τοῦ
933 5473 1335 5544 προσφέροντος
1359 5515 1371 5538 ,
1409 5474 1603 5544 ζεῦγος
1638 5495 1772 5548 τρυ-

186 5559 369 5623 γόνων
423 5558 456 5629 ἧ
512 5559 606 5612 δύο
655 5562 915 5625 νεοσσοὺς
960 5567 1438 5635 περιστερῶν,καὶ
1496 5569 1775 5638 σεμίδαλιν

186 5651 604 5720 προσέταττεν·
661 5655 690 5706 ὁ
744 5655 958 5719 Λουκᾶς
1015 5657 1074 5711 δὲ
1120 5657 1218 5730 τὴν
1264 5661 1360 5713 τοῦ
1411 5661 1778 5729 πλουτοῦντος

187 5741 405 5813 ἀφῆκεν
449 5746 801 5816 προσφοράν·
841 5749 1059 5820 πτωχοῦ
1100 5751 1208 5822 γὰρ
1238 5753 1650 5827 ἐμνημόνευσεν
1676 5760 1772 5814 τοῦ

281 5913 327 5947 ³⁸
357 5913 557 5976 Ezech.
587 5933 735 5986 xuv,
766 5919 804 5974 2

1869 3351 2033 3405 habet
2075 3368 2087 3402 :
2122 3347 2374 3402 Christus
2390 3353 2595 3408 autem,
2626 3349 2684 3396 ut
2709 3337 3098 3411 jamdiximus,
3143 3350 3249 3404 qua
3279 3333 3446 3404 legis-

1867 3444 2008 3497 lator
2060 3456 2215 3495 suam
2259 3437 2629 3508 ipsiuslegcm
2652 3446 2814 3502 supra
2837 3431 3010 3501 legem
3033 3425 3304 3496 implevit.
3336 3423 3447 3478 Ne-

1869 3550 1974 3605 que
1999 3534 2147 3588 enim
2168 3530 2474 3600 adaperuit,
2501 3527 2595 3581 sed
2651 3525 2892 3579 clausam
2951 3530 3163 3591 portam
3212 3514 3450 3586 Virginis

1869 3627 2121 3696 reliquit;
2143 3640 2252 3679 non
2280 3623 2440 3693 fregit
2465 3619 2698 3690 sigillum
2728 3625 2974 3680 naturae;
3001 3628 3110 3666 non
3166 3605 3452 3663 deﬂoravit

1869 3718 2232 3790 genitricem;
2275 3714 2661 3767 intemeratum
2699 3707 2844 3760 enim
2895 3703 2971 3758 illi
3008 3701 3224 3772 signum
3276 3695 3439 3765 virgi-

1870 3788 2060 3866 nitatis
2112 3807 2350 3877 reliquit.
2390 3805 2449 3858 Si
2496 3816 2767 3862 veronon
2819 3797 3018 3860 credis,
3048 3796 3116 3847 ab
3164 3788 3452 3844 Ezechiele

1869 3906 2108 3961 docere:
2139 3902 2208 3956 Et
2239 3901 2492 3954 convertit
2532 3911 2614 3950 me
2639 3897 2708 3950 ad
2748 3894 2891 3947 viam
2933 3900 3102 3962 porta:
3150 3895 3453 3941 sanctorum

1871 3996 2146 4051 exterioris
2178 4009 2294 4062 qua:
2327 3990 2637 4059 respiciebat
2670 3987 2740 4039 ad
2791 3984 3068 4044 orientem,
3110 3985 3157 4031 et
3190 3977 3304 4046 ipsa
3338 3981 3453 4028 erat

1873 4087 2091 4150 clausa;
2128 4093 2176 4137 et
2202 4083 2336 4136 dixit
2370 4080 2628 4134 Dominus
2653 4077 2722 4130 ad
2756 4090 2886 4128 me:
2921 4073 3087 4126 Porta
3125 4070 3235 4123 lucc
3269 4065 3454 4120 clausa

1873 4181 1995 4244 erit,
2024 4195 2127 4231 non
2158 4176 2429 4245 aperietur
2452 4183 2497 4226 et
2537 4187 2686 4224 nemo
2719 4168 2966 4222 transibit
2999 4181 3090 4234 per
3121 4179 3272 4226 eam;
3327 4159 3455 4230 quia

1873 4273 2130 4327 Dominus
2150 4267 2289 4323 Deus
2320 4265 2491 4320 Israel
2514 4266 2782 4333 ingressus
2831 4268 2906 4313 est
2965 4267 3015 4311 et
3069 4270 3305 4323 egressus
3356 4261 3456 4313 est,

1873 4377 1921 4420 et
1952 4368 2049 4421 erit
2092 4365 2276 4418 clausa
2300 4362 2364 4414 ³⁸.
2400 4390 2468 4399 -
2500 4358 2665 4412 Omne
2743 4351 3089 4408 masculinum
3142 4344 3458 4414 adaperiens

1875 4461 2104 4524 vulvam,
2149 4465 2392 4511 sanctunt
2441 4452 2662 4506 Domino
2693 4447 2986 4502 vocabitur.
3014 4442 3123 4496 lste
3142 4448 3325 4493 autem
3344 4451 3453 4490 non

1875 4554 2052 4608 solum
2112 4558 2382 4608 sanctus;
2449 4550 2715 4614 quantum
2792 4538 2939 4594 enim
3014 4534 3303 4591 sanctitate
3359 4545 3458 4584 ex-

1804 4631 1848 4686 Ῑ)
1881 4647 2118 4709 tollitur,
2154 4649 2365 4698 tantmn
2387 4635 2646 4708 praicellit
2675 4630 2958 4686 nativitate
2993 4636 3047 4681 et
3073 4621 3458 4694 superabunde

1881 4740 2015 4811 legis
2045 4744 2316 4808 praecepta
2344 4730 2604 4800 complet.
2642 4726 2704 4780 In
2743 4725 2850 4778 hoc
2880 4732 3061 4775 autem
3097 4733 3112 4771 :
3153 4717 3214 4771 Ut
3269 4715 3457 4768 darent

1878 4833 2124 4893 hostium,
2151 4831 2437 4882 secundum
2465 4819 2601 4891 quod
2628 4817 2820 4870 dicitur
2849 4812 2902 4864 in
2936 4809 3044 4878 lege
3065 4803 3300 4862 Domini,
3359 4815 3460 4867 par

1882 4935 2170 4985 turturum,
2197 4929 2292 4974 aut
2322 4919 2450 4972 duos
2484 4912 2652 4984 pullos
2687 4905 3093 4962 columbarum:
3144 4907 3329 4950 nonne
3379 4891 3461 4944 le-

1880 5034 1998 5088 gem
2030 5015 2324 5070 obtruncat
2379 4983 2587 5063 Lucas?
2629 5002 2746 5057 Non
2783 4993 3088 5069 ignorantia
3136 4995 3330 5059 captus
3363 4983 3461 5040 sed

1877 5074 2147 5178 sapientia
2211 5104 2429 5166 ductus,
2490 5099 2563 5152 ita
2617 5088 2948 5150 enuntiavit.
2988 5087 3095 5139 Lex
3153 5081 3300 5136 enim
3329 5074 3463 5132 dicit

1877 5169 2079 5276 agnum
2111 5207 2166 5254 et
2195 5195 2541 5257 columbam;
2573 5189 2616 5244 si
2641 5196 2824 5243 autem
2850 5183 3006 5236 dives
3033 5194 3142 5233 non
3173 5174 3344 5230 fuerit
3373 5169 3463 5225 ille

1878 5261 1971 5364 qui
2003 5290 2185 5349 offert,
2215 5301 2316 5356 par
2357 5290 2637 5336 turturum
2677 5268 2773 5329 aut
2805 5272 2942 5326 duos
2983 5267 3162 5339 pullos
3181 5261 3463 5320 columba-

1880 5403 2024 5450 rum,
2051 5393 2107 5440 et
2152 5382 2341 5437 ﬂorem
2374 5377 2564 5432 larium
2606 5377 2873 5441 apponet;
2910 5363 3084 5419 Lucas
3113 5374 3246 5416 vero
3281 5352 3464 5410 divitis

1882 5477 2070 5534 omisit
2114 5473 2472 5535 oblationem,
2511 5462 2992 5525 humilitatemque
3011 5442 3466 5508 commemoravit

1885 5574 2032 5628 illius
2065 5568 2158 5640 qui
2185 5561 2494 5622 voluntarie
2525 5564 2753 5630 propter
2803 5567 2904 5606 nos
2950 5543 3306 5612 semetipsum
3359 5536 3464 5590 liu-

1884 5638 2137 5724 miliavi‘t.
2178 5660 2295 5714 Non
2322 5665 2441 5711 crat
2475 5652 2572 5714 illi,
2595 5649 2815 5708 dicitur,
2850 5643 2938 5697 ubi
2979 5638 3463 5702 reclinaretcaput,

1886 5760 2032 5817 unde
2059 5766 2259 5826 agnum
2290 5740 2697 5817 comparasset?
2742 5737 2798 5792 in
2841 5731 3107 5805 praesepio
3135 5724 3331 5801 pannis
3375 5723 3467 5779 in-
