4040 6452
209 447 349 515 1473

1655 453 2086 515 SERMONES.

3338 439 3476 521 1m

201 565 315 617 Kal
340 562 456 625 πῶς
483 563 512 614 6
540 559 765 631 Συμεὼν
799 559 991 616 θυσίαν
1009 561 1109 632 τὴν
1127 561 1275 634 αὕτῷ
1309 563 1384 635 μὴ
1415 566 1784 637 προσήκουσαι

1902 570 1978 638 pli
2023 569 2293 644 minister,
2329 570 2599 640 siquidem
2659 572 2758 624 soli
2814 572 2957 625 tribu
3010 571 3135 625 Levi
3169 588 3256 627 res
3307 589 3477 630 sacra:

199 658 548 727 ἀνήνεγκεν;
583 653 703 707 οὐδὲ
725 653 836 725 γὰρ
861 650 929 725 ἦν
963 654 1142 725 ἱερεύς
1166 672 1179 685 ⁸
1213 656 1274 708 οὐ
1311 656 1421 728 γὰρ
1449 657 1610 711 τοῦτο
1643 661 1794 730 εἴρη-

195 765 321 802 ται·
358 749 480 802 οὐδὲ
524 748 794 817 Λευίτης,
836 747 960 801 οὐδὲ
993 749 1293 819 νεωκόρος·
1327 750 1516 821 ἐπειδὴ
1552 753 1690 822 μόνῃ
1727 755 1791 824 τῇ

197 840 343 911 φυλῇ
377 839 470 893 τοῦ
502 838 638 892 Λευ-ἲ
676 839 736 891 τὸ
766 839 1143 909 λειτουργικδν
1185 839 1535 909 κεκλήρωται
1557 855 1572 870 ⁸
1606 843 1704 893 οὐκ
1727 836 1795 912 ἦν

198 933 404 1006 ἱερεὺς,
431 931 499 1005 ἦν
525 933 582 987 δὲ
634 934 844 998 δίκαιος
873 950 886 963 ⁸
928 936 960 1005 ἠ
997 935 1314 1004 δικαιοσύνη
1346 935 1402 988 δὲ
1429 935 1528 1006 τὴν
1565 935 1796 1007 ἱερωσύ-

196 1043 301 1096 νην
323 1027 428 1080 ύπδ
467 1027 592 1088 τοὺς
618 1026 784 1089 πόδας
817 1027 1079 1081 κέκτηται
1103 1043 1117 1058 ⁸
1157 1030 1257 1080 οὐκ
1295 1024 1361 1099 ἦν
1385 1029 1648 1096 Λευίτης,
1674 1029 1789 1083 ἀλλ’

195 1117 436 1189 εὐλαϐής
459 1134 473 1147 ⁸
509 1120 537 1170 6
565 1116 621 1170 δέ
649 1134 711 1186 γε
735 1117 969 1188 εὐλαϐὴς
987 1118 1079 1186 ἀφ’
1112 1119 1308 1172 ἑαυτοῦ
1340 1119 1399 1172 τὸ
1425 1120 1631 1190 χρίσμα
1653 1119 1786 1190 ἔχει.

271 1211 381 1263 Kal
431 1208 750 1275 βαστάζων
791 1209 856 1262 τὸ
902 1209 1133 1277 ,βρέφος
1170 1211 1306 1278 ἔφη’
1338 1211 1468 1265 Νῦν
1493 1212 1786 1278 ἀπολύεις
1845 1257 1877 1272 ,,

192 1302 308 1356 τὸν
339 1303 570 1357 δοῦλόν
599 1319 740 1367 σου,
774 1302 1068 1366 Δέσποτα,
1112 1305 1262 1357 κατὰ
1291 1304 1358 1356 τὸ
1374 1293 1543 1372 ῥῆμά
1572 1319 1690 1357 σου
1718 1303 1788 1355 ἐν

191 1395 435 1464 εἰρήνῃ.
475 1395 591 1449 Νῦν
621 1394 886 1458 ἀπολύεις
909 1412 926 1429 ⁸
947 1391 1110 1466 ἦλθεν
1143 1395 1252 1464 γὰρ
1290 1397 1317 1447 6
1347 1395 1538 1468 καιρὸς
1555 1396 1657 1467 τῆς
1688 1397 1794 1464 ἀφ-

192 1488 373 1551 έσεως
394 1506 406 1518 ⁸
436 1488 754 1559 ἀπήντησεν
778 1487 889 1540 τῶν
919 1486 1286 1557 αἰχμαλώτων
1309 1488 1342 1557 ή
1369 1485 1662 1558 λύτρωσις,
1683 1487 1792 1539 τῶν

191 1579 436 1648 χρεῶνὴ
495 1577 846 1650 συγχώρησις
870 1593 884 1608 ⁸
932 1577 1201 1650 ἐγεννήθη
1240 1579 1531 1649 βασιλεὺς,
1563 1579 1693 1641 τοὺς
1731 1579 1790 1631 ὲν

1897 669 2044 714 sorte
2073 660 2581 726 distribuebantur;
2617 677 2724 715 non
2756 671 2874 715 erat
2905 662 3179 726 sacerdos,
3207 671 3325 716 erat
3379 679 3478 717 au-

1898 757 2006 803 tem
2051 749 2272 820 justus:
2302 751 2513 820 justitia
2550 767 2680 806 vero
2727 752 3090 806 sacerdotium
3125 754 3226 806 sub
3247 754 3476 824 pedibus

1897 841 2096 907 habet;
2134 858 2244 897 non
2276 853 2393 897 erat
2423 844 2608 909 levita,
2651 844 2746 898 sed
2783 845 3115 900 timoratus:
3152 845 3236 898 vir
3292 853 3475 899 autem

1897 931 2183 989 timoratus
2202 949 2232 989 a
2253 935 2434 1006 seipso
2469 936 2786 991 unctionem
2814 937 2996 993 habet.

1971 1193 2039 1248 Et
2081 1194 2290 1250 elevans
2307 1213 2530 1266 puerum
2570 1199 2758 1254 dixit:
2819 1198 2977 1253 Nunc
2995 1201 3224 1255 dimittis
3266 1218 3473 1255 servum

1894 1295 2062 1351 tuum,
2093 1288 2333 1356 Domine,
2356 1292 2639 1344 secundum
2666 1290 2874 1344 verbum
2907 1301 3053 1346 tuum
3075 1294 3128 1346 in
3156 1307 3285 1362 pace
3321 1295 3475 1349 Nunc

1893 1373 2151 1440 dimittis,
2180 1375 2294 1445 jam
2322 1377 2470 1431 enim
2490 1378 2642 1433 venit
2681 1387 2898 1450 tempus
2927 1381 3303 1449 liberationis;
3377 1399 3474 1438 oc-

1894 1465 2433 1536 curritcaptivorum
2469 1471 2796 1538 redemptio,
2854 1473 3166 1527 debitorum
3198 1475 3470 1542 remissio;

1896 1566 2061 1612 natus
2115 1567 2200 1613 est
2226 1575 2346 1624 rex,
2381 1575 2602 1615 carcere
2645 1563 2900 1617 detentos
2947 1564 3207 1631 liberans,
3255 1565 3474 1620 vincula

193 1672 468 1740 φυλακαῖς
519 1671 845 1743 ἐλευθερῶν,
887 1673 1014 1737 τοὺς
1054 1674 1110 1726 ὲν
1148 1672 1370 1742 δεσμοῖς
1407 1671 1784 1738 ἀπαλλάττων,

1897 1663 2179 1718 rumpens,
2245 1660 2492 1705 mortuos
2559 1654 2627 1707 ad
2695 1654 2860 1708 vitam
2900 1669 3185 1720 revocans,
3233 1656 3474 1710 allevans

192 1762 331 1825 τοὺς
369 1763 427 1814 ὲν
456 1761 670 1832 θανάτῳ
712 1764 793 1826 είς
824 1760 971 1830 ζωὴν
1016 1761 1491 1831 ἀνακαλούμενος,
1515 1763 1790 1830 κουφῖζων

191 1853 294 1904 τὸν
319 1855 483 1924 φόρον
526 1854 624 1925 τῆς
686 1853 814 1924 γῆς.
884 1853 1014 1907 Νῦν
1069 1853 1364 1918 ἀπολύεις
1391 1853 1498 1905 τὸν
1563 1852 1792 1907 δοῦλόν

192 1962 344 2010 σου,
395 1945 685 2000 Δέσποτα.
725 1946 848 2009 Πῶς
897 1942 1083 2011 οἱδας;
1137 1945 1278 2015 Ὀρῶ
1343 1943 1434 1998 τὸν
1468 1945 1784 2016 Δεσπότην,

193 2037 394 2106 φησὶν,
430 2039 615 2108 σχῆμα
648 2037 839 2090 δούλου
882 2037 1268 2108 περικείμενον
1300 2053 1313 2065 ⁸
1346 2038 1446 2091 οὐκ
1478 2037 1544 2090 ἂν
1591 2039 1787 2091 δεσπό-

191 2144 300 2196 της
333 2127 428 2193 ὢν,
455 2128 644 2182 δούλου
703 2128 920 2200 μορφὴν
969 2129 1253 2200 ἐφόρεσεν,
1284 2132 1332 2183 εἰ
1377 2132 1453 2201 μὴ
1483 2131 1574 2184 τὸν
1601 2130 1788 2185 δοῦλον

190 2223 424 2277 ὲνδύσαι
465 2223 561 2278 τοῦ
596 2225 872 2278 Δεσπότου
917 2225 1016 2295 τὴν
1059 2225 1275 2296 μορφὴν
1321 2225 1608 2294 ἐλογίσατο
1635 2242 1649 2256 ⁸
1688 2226 1788 2280 οὐκ

190 2315 267 2368 ἂν
297 2315 398 2386 τὴν
450 2314 605 2380 τάξιν
637 2316 948 2387 ἐνήλλαξεν,
977 2317 1084 2370 οὐδ’
1118 2317 1321 2387 ὑψηλὸς
1366 2315 1443 2371 ὢν
1486 2317 1784 2372 ὲταπεινὼο

187 2404 302 2475 θη,
337 2407 384 2458 εί
425 2405 499 2476 μὴ
538 2404 600 2457 τὸ
636 2406 893 2459 ταπεινὸν
931 2408 1012 2471 εἰς
1063 2403 1198 2474 ὕψος
1228 2407 1528 2476 ἀναγαγεῖν
1559 2406 1791 2477 ἠϐουλή-

194 2496 292 2566 Θη.
325 2496 487 2550 Ἀλλὰ
515 2497 632 2561 πῶς
653 2497 818 2550 αὑτὸν
843 2497 1100 2559 ἀπολύεις
1132 2511 1148 2561 ;
1192 2498 1352 2559 Κατὰ
1379 2498 1445 2551 τὸ
1471 2497 1640 2568 ῥῆμά
1669 2513 1786 2551 σου

188 2589 267 2642 ἐν
297 2588 511 2657 εἰρήνῃ
544 2606 566 2626 ⁸ν
593 2592 643 2642 εί
670 2591 776 2659 γὰρ
808 2590 1018 2662 ῥήματι
1061 2591 1162 2661 τὴν
1222 2590 1402 2644 κτίσιν
1436 2593 1784 2663 παρήγαγες,

193 2682 411 2750 ῥήματι
435 2684 654 2734 πάντως
677 2681 981 2753 ὲλευθεροίς
1001 2683 1094 2736 τὸν
1139 2687 1236 2754 τῆς
1265 2683 1494 2745 κτίσεως
1524 2685 1783 2753 ἄρχοντα.

189 2771 306 2824 Ἐν
353 2769 560 2841 simini
582 2788 596 2803 ⁸
636 2772 800 2842 ποίας
838 2776 905 2844 τῇ
939 2775 1034 2826 τοῦ
1067 2773 1302 2844 σταυροῦ
1325 2791 1337 2804 ⁸
1370 2774 1556 2844 ἐκείνη
1621 2777 1727 2842 γὰρ
1751 2775 1784 2843 ἡ

195 2863 458 2935 μάχαιρα.
493 2863 588 2916 τοῦ
628 2863 893 2935 τυράννου
933 2866 1032 2934 τὴν
1067 2866 1310 2938 κεφαλὴν
1341 2866 1638 2934 ἀπέτεμεν,
1691 2867 1785 2918 καὶ

191 2955 427 3025 εἰρήνην
460 2957 572 3015 τοῖς
600 2956 736 3023 μετὰ
768 2955 1010 3030 Χριστοῦ
1069 2957 1526 3027 στρατευομένοις
1560 2955 1782 3010 ἔδωκεν.

1897 1741 2102 1795 tributo
2156 1751 2380 1795 terram.
2443 1740 2600 1796 Nunc
2650 1745 2872 1799 dimittis
2914 1763 3119 1800 servum
3167 1757 3336 1810 tuum,
3366 1748 3472 1801 Do-

1897 1833 2056 1887 mine.
2096 1833 2382 1900 Quomodo
2413 1843 2467 1888 lu
2501 1837 2651 1890 scis?
2678 1835 2858 1891 ‘Video
2923 1837 3237 1904 Dominum,
3275 1841 3470 1909 inquit,

1895 1923 2070 1978 forma
2122 1925 2266 1980 servi
2310 1927 2599 1982 indutum:
2645 1928 2906 1984 Dominus
2947 1945 3069 1984 cum
3099 1930 3190 1995 sit,
3241 1931 3470 1985 formam

1893 2017 2036 2070 servi
2064 2033 2172 2071 non
2207 2028 2495 2088 portasset.
2530 2021 2633 2074 nisi
2665 2038 2882 2077 servum
2920 2023 3124 2078 vestire
3157 2023 3328 2078 forma
3366 2025 3472 2077 Do-

1895 2109 2023 2162 mini
2051 2110 2373 2181 cogitasset;
2432 2128 2715 2182 nunquam
2767 2116 2990 2170 ordines
3051 2115 3470 2180 intervertisset,

1892 2218 2071 2272 neque
2103 2203 2400 2258 altissimus
2437 2203 2552 2274 ipse
2585 2206 2942 2276 semetipsum
2970 2208 3338 2273 humiliasset,
3367 2210 3472 2265 nisi

1894 2296 2156 2350 humilem
2191 2296 2246 2349 in
2279 2296 2452 2350 altum
2487 2297 3020 2356 elevarevoluisset.
3055 2283 3159 2356 Sed
3197 2287 3472 2372 quomodo

1892 2385 2042 2440 illiilli
2102 2386 2372 2440 dimittis?
2403 2387 2702 2442 Secundum
2752 2391 2961 2443 verbum
3009 2400 3157 2444 tuum
3200 2393 3257 2443 in
3299 2407 3469 2462 pace:

1891 2479 1933 2531 si
1993 2479 2140 2532 enim
2199 2479 2368 2534 verbo
2399 2481 2734 2534 creationem
2784 2482 3061 2550 producis,
3098 2482 3269 2538 verbo
3310 2484 3472 2553 plane

1889 2572 2147 2626 liberabis
2203 2588 2329 2626 eum
2387 2574 2482 2642 qui
2537 2582 2701 2642 caput
2741 2583 2824 2627 est
2858 2575 3175 2630 creationis.
3212 2574 3278 2629 In
3305 2591 3470 2643 pace:

1888 2681 2010 2736 qua:
2031 2665 2180 2735 pax?
2215 2655 2325 2720 Part
2377 2667 2558 2720 crucis
2599 2682 2611 2716 :
2672 2667 2787 2736 ipsa
2817 2668 2960 2720 enim
3016 2668 3226 2740 gladius
3245 2679 3330 2723 est
3373 2669 3470 2739 qui

1891 2758 2102 2828 tyranni
2139 2765 2303 2827 caput
2333 2757 2699 2821 obtruncavit,
2757 2769 2812 2813 et
2846 2751 3045 2828 pacem.
3072 2775 3194 2814 cum
3253 2760 3471 2814 Christo

1888 2848 2252 2903 militantibus
2273 2850 2443 2904 dedit.
2467 2849 2606 2916 Quia
2629 2852 2874 2905 viderunt
2913 2852 3049 2905 oculi
3094 2854 3196 2906 mei
3234 2853 3472 2906 salutare

1889 2950 2038 2994 tuum
2069 2946 2206 3014 quod
2238 2946 2466 3012 parasti.
2489 2944 2760 2999 Viderunt
2803 2947 2944 3016 quod
2981 2947 3135 3000 multi
3197 2947 3471 3002 desidera-

193 3046 335 3099 Ὀτι
355 3045 488 3099 ῑδον
501 3048 555 3098 ol
572 3046 1002 3116 ὀφθαλμοίμου
1019 3047 1086 3100 τὸ
1106 3047 1407 3116 σωτήριόν
1433 3065 1549 3101 σου
1571 3046 1602 3098 ὃ
1625 3048 1784 3114 ἡτοί-

1889 3036 2312 3101 veruntviderc,
2345 3045 2399 3090 et
2423 3054 2528 3092 non
2549 3038 2823 3102 viderunt,
2857 3039 3025 3092 Deum
3051 3041 3104 3092 in
3141 3049 3346 3104 tcarne,
3378 3055 3470 3094 so-

192 3157 423 3207 ιιασας.
450 3143 586 3196 Ἷδον
637 3141 673 3194 ἃ
728 3137 915 3192 πολλοὶ
974 3138 1330 3208 ἐπεθύμησαν
1368 3138 1516 3201 ίδεῐν,
1551 3140 1644 3189 καὶ
1681 3137 1783 3188 οὐκ

196 3232 336 3295 ἴδον,
366 3233 498 3284 Θεὸν
563 3233 620 3284 ὲν
675 3231 864 3300 σαρκὶ,
911 3228 1062 3298 ἥλιον
1108 3231 1166 3280 ἐν
1205 3228 1404 3300 νεφέλῃ
1456 3227 1779 3296 φωτίζοντα.

196 3325 372 3380 Ἰδον
407 3327 458 3378 οἱ
502 3323 799 3392 ὀφθαλμοί
836 3339 954 3389 μου
1004 3321 1069 3373 τὸ
1113 3321 1415 3388 σωτήριόν
1453 3337 1603 3372 σου·
1638 3317 1782 3372 τοῦτ’

194 3419 351 3473 ἐστιν
377 3435 390 3448 ⁸
422 3417 556 3469 Ἱδον
592 3433 685 3469 σου
713 3415 810 3485 τὴν
843 3415 1182 3484 ἑνσάρκωσιν
1201 3413 1265 3466 δι’
1295 3407 1361 3484 ἦς
1386 3412 1484 3482 τὴν
1509 3413 1783 3483 σωτηρίαν

193 3509 316 3563 τῶν
346 3507 648 3580 ἀνθρώπων
693 3507 1052 3578 ᾠκονόμησας
1085 3520 1098 3532 ⁸
1133 3506 1194 3558 οὐ
1250 3507 1358 3575 γὰρ
1413 3505 1521 3558 ἴδον
1567 3505 1783 3577 γυμνὴν

197 3600 456 3668 θεότητα,
485 3599 670 3668 ἐπειδὴ
706 3601 796 3652 τὸν
839 3599 973 3650 Θεὸν
1006 3596 1189 3659 καθώς
1229 3599 1379 3649 ἐστιν
1417 3597 1576 3650 οὐσία
1607 3597 1782 3660 οὐδεὶς

197 3690 301 3744 ἀνθ
313 3690 506 3762 ρώπων
522 3689 735 3759 ὄψεται.
771 3689 899 3740 Ὅτι
917 3687 1051 3740 ἴδον
1067 3688 1122 3739 οἱ
1139 3686 1436 3754 ὀφθαλμοί
1445 3704 1566 3755 μου
1585 3686 1649 3738 τὸ
1665 3702 1780 3738 σωο

197 3782 411 3850 τήριόν
440 3797 578 3844 σου,
603 3781 634 3834 ὃ
652 3781 986 3848 ἡτοίμασας
1015 3779 1164 3832 κατὰ
1185 3779 1514 3846 πρόσωπον
1539 3777 1783 3830 πάντων

196 3870 324 3925 τῶν
346 3870 512 3924 λαῶν
535 3887 549 3900 ⁸
581 3868 706 3939 φῶς
739 3872 826 3935 εἰς
860 3866 1257 3934 ἀποκάλυψιν
1301 3865 1516 3927 ἐθνῶν,
1543 3867 1640 3918 καί
1684 3865 1782 3919 δό-

198 3962 486 4028 {mulam}
505 3981 621 4016 σου
635 3960 904 4030 Ἰσραήλ.
940 3959 1108 4013 Κοινά
1125 3960 1235 4021 τοῖς
1253 3957 1530 4019 Ἰουδαίοις
1557 3956 1651 4008 καὶ
1671 3960 1780 4020 τοῖς

197 4055 412 4107 ἔθνεσιν
429 4058 498 4106 τὰ
517 4053 698 4121 ἀγαθά
725 4053 818 4105 καὶ
854 4051 1127 4120 ἀμέριστα
1151 4067 1163 4080 ⁸
1205 4047 1282 4118 μὴ
1312 4048 1489 4100 τοίνυν
1515 4049 1572 4115 φ’
1591 4047 1782 4099 ονείτω

195 4149 224 4198 6
267 4145 539 4208 Ἰουδαῖος,
586 4145 724 4214 μήτε
756 4140 1204 4211 στενοχωρείσθω
1242 4139 1269 4190 6
1301 4140 1614 4208 Φαρισαῖος,
1642 4139 1780 4209 μήτε

196 4237 510 4307 πειραζᾱω
541 4237 568 4287 6
602 4233 970 4306 Γραμματεύς
1003 4249 1017 4262 ⁸
1058 4232 1132 4302 μὴ
1172 4229 1506 4283 εύλαὸείσθω
1534 4230 1781 4298 περὶτῆς

194 4331 368 4384 αὐτοῦ
401 4328 680 4398 βασιλείας
713 4329 741 4379 6
782 4327 1030 4396 Ἡρώδης
1058 4342 1072 4356 ⁸
1099 4324 1173 4394 μὴ
1216 4322 1467 4376 δειλιάτω
1512 4322 1642 4390 περὶ
1681 4322 1778 4390 τῆς

200 4421 506 4492 ἱερωσύνης
562 4420 764 4480 ’Λννας
801 4417 898 4470 καὶ
940 4417 1198 4484 Καϊάφας
1231 4431 1245 4445 ⁸
1283 4415 1312 4466 6
1363 4411 1536 4464 ἐλθὼν
1603 4413 1736 4464 πᾶσι
1791 4411 1997 4478 δίδωσι,
2052 4418 2182 4488 παρ’
2225 4417 2440 4480 οὐδενὸς
2487 4417 2756 4488 λαμϐάνει
2792 4435 2805 4448 ⁸

191 4531 310 4576 ται,
333 4515 499 4584 χωρὶς
531 4512 729 4583 μέτρου
761 4511 1067 4581 χαρίζεται.

1894 3125 2000 3180 lem
2036 3127 2090 3180 in
2140 3128 2287 3181 nube
2334 3129 2661 3184 radiantem.
2702 3130 2951 3184 Viderunt
2988 3131 3126 3185 oculi
3176 3133 3276 3185 mei
3319 3131 3471 3185 salu-

1895 3227 2011 3271 tare
2035 3231 2182 3272 tuum
2214 3238 2226 3273 :
2261 3220 2316 3274 id
2340 3230 2444 3284 est,
2467 3221 2720 3298 viderunt
2739 3231 2885 3276 tuam
2913 3223 3346 3278 incarnationem
3375 3239 3472 3294 per

1892 3325 2056 3378 quam
2081 3312 2315 3365 salutem
2345 3313 2631 3366 hominum
2665 3315 2961 3379 ordinasti;
3001 3331 3108 3369 non
3142 3302 3287 3369 enim
3317 3317 3470 3394 vide-

1893 3410 2022 3455 runt
2047 3403 2250 3457 nudam
2277 3404 2640 3467 divinitatem,
2668 3406 2936 3474 siquidem
2975 3389 3183 3468 .Deum'
3205 3411 3342 3465 sicut
3388 3389 3472 3463 est

1891 3492 1945 3546 in
1979 3496 2284 3551 substantia
2318 3498 2501 3551 nullus
2561 3497 2846 3553 hominum
2901 3501 3131 3555 videbit.
3174 3499 3308 3566 Quia
3332 3501 3472 3554 vide-

1890 3599 2018 3641 runt
2043 3589 2178 3641 oculi
2236 3591 2336 3643 mei
2381 3590 2619 3645 salutare
2676 3601 2845 3657 tuum,
2907 3593 3044 3663 quod
3087 3596 3292 3663 parasti
3347 3606 3470 3662 ante

1890 3677 2078 3750 [aciem
2113 3684 2346 3734 omnium
2385 3683 2734 3754 populorum;
2773 3685 2948 3738 lumen
2989 3687 3060 3738 ad
3098 3685 3470 3742 reuelationem

1887 3775 2145 3842 gentium,
2177 3783 2226 3826 et
2268 3773 2498 3842 gloriam
2552 3776 2714 3843 plebis
2768 3787 2871 3829 tum
2914 3768 3468 3834 IsraelfComnnznia

1888 3876 2018 3918 sunt
2045 3864 2251 3920 Iudaeis
2281 3876 2336 3919 et
2358 3868 2612 3937 gentibus
2634 3869 2797 3930 bona,
2828 3879 2882 3922 et
2925 3870 3180 3925 indivisa.
3212 3870 3330 3925 Non
3353 3873 3466 3942 jam

1889 3957 2201 4020 invidentur
2223 3957 2466 4023 Judaeus,
2505 3976 2684 4031 neque
2719 3964 3114 4031 comprimatur
3133 3964 3464 4030 Pharisseus,

1886 4065 2066 4119 neque
2093 4059 2332 4104 tentetur
2355 4053 2544 4106 Scriba
2567 4070 2707 4120 ;non
2732 4066 3036 4124 pra-caveat
3056 4073 3153 4126 pro
3183 4074 3348 4128 regno
3367 4074 3468 4112 suo

1890 4140 2153 4205 Herodes,
2170 4158 2271 4195 nec
2295 4142 2518 4197 timeant
2533 4160 2630 4212 pro
2649 4147 2950 4199 sacerdotio
2964 4148 3118 4200 Anna
3137 4158 3191 4201 et
3209 4149 3464 4218 Caipbas;

1887 4233 1978 4301 qui
2007 4233 2152 4287 venit
2171 4233 2262 4287 dat
2281 4235 2556 4301 omnibus,
2580 4237 2779 4290 nttllius
2796 4253 3083 4306 personam
3112 4239 3329 4309 aecipit.
3359 4239 3470 4292 Ah-

1889 4326 2033 4380 unde
2062 4326 2383 4396 magniﬁcus
2421 4340 2524 4390 est.
2562 4330 2765 4398 absque
2792 4345 3046 4384 mensura
3080 4331 3219 4385 dona
3255 4332 3461 4385 tribuit.

2865 4419 3112 4487 ἀφθόνως
3163 4420 3464 4490 φιλοτιμεῖ-

285 4607 460 4660 aut:
495 4607 716 4674 Ἰωσὴφ
742 4605 840 4657 καὶ
877 4606 910 4672 ἡ
939 4603 1138 4672 μήτηρ
1180 4601 1368 4655 αὐτοῦ
1399 4601 1777 4669 ἀκούσαντες

1955 4604 2058 4658 Sed
2072 4603 2260 4672 Josep/i
2295 4611 2342 4655 et
2381 4611 2551 4655 mater
2568 4601 2680 4670 ejus
2701 4602 2971 4655 audientes
3002 4619 3117 4672 quce
3135 4619 3228 4671 per
3254 4601 3464 4658 Simeo-

195 4700 272 4753 τὰ
305 4698 462 4767 παρὰ
513 4698 618 4751 τοῦ
658 4695 974 4766 Συμεῶνος
998 4694 1376 4768 λαληθέντα,
1403 4695 1776 4763 ἐθαύμασαν,

197 4789 316 4852 πῶς
346 4793 374 4842 6
403 4789 638 4859 Χριστὸς
688 4790 940 4858 ἀνέχεται
987 4787 1100 4849 υίὸς
1144 4785 1432 4856 ανθρώπου
1481 4785 1776 4853 γενέσθαι⁸

196 4878 511 4949 ἐθαύμασεν
549 4881 581 4949 ἡ
621 4880 812 4949 Μαρία
850 4879 967 4942 πῶς
992 4878 1204 4948 γαστὴρ
1233 4879 1493 4946 γυναικὸς
1529 4877 1777 4948 ἐχώρησε

197 4973 356 5036 Θεὸν,
387 4975 501 5036 πῶς
528 4977 560 5045 ή
591 4973 750 5044 δούλη
775 4975 866 5026 τὸν
891 4972 1279 5042 ἐλευθεροῦντα
1305 4973 1400 5042 τὴν
1425 4973 1602 5026 κτίσιν
1623 4974 1779 5040 ὲγένο

197 5083 365 5137 νησεν
396 5082 408 5096 ⁸
449 5068 545 5121 καί
588 5082 804 5137 φησιν,
843 5063 1034 5134 Οὗτος
1075 5066 1260 5120 κεῖται
1286 5069 1371 5132 εὶς
1403 5065 1635 5118 πτῶσιν
1679 5065 1778 5119 καὶ

196 5155 538 5211 ἀνάστασιν
554 5158 803 5212 πολλῶν
821 5159 890 5211 ἐν
911 5158 990 5223 τῷ
1007 5157 1276 5226 Ἰσραὴλ,
1299 5157 1397 5210 καὶ
1417 5161 1506 5222 εἰς
1527 5157 1779 5224 σημεῖον

195 5249 684 5318 ἀντιλεγόμενον.
719 5251 811 5313 Εἰς
871 5251 1096 5303 πτῶσιν·
1128 5251 1235 5301 τῶν
1301 5250 1682 5323 ἐπιμενόντων¹
1709 5251 1774 5319 τῇ

195 5340 449 5412 ἀπιστίᾳ,
483 5343 559 5403 εἰς
593 5337 888 5394 ἀνάστασιν
937 5343 1045 5394 τῶν
1079 5342 1138 5407 ἐξ
1177 5342 1436 5403 ἀπιστίας
1479 5342 1557 5403 εἰς
1594 5341 1776 5392 πίστιν

199 5432 663 5502 μετατιθεμένων.
701 5433 862 5496 Alﬁo;
914 5429 981 5502 ἦν
1010 5433 1038 5484 6
1090 5433 1325 5504 Χριστὸς
1371 5435 1450 5495 εἰς
1485 5430 1773 5500 οἰκοδομὴν

199 5523 472 5591 κείμενος,
499 5523 636 5577 ἀλλὰ
685 5526 1061 5595 προσέκοπτον
1095 5525 1144 5576 οἱ
1184 5525 1375 5594 τυφλοὶ
1421 5525 1546 5588 τοὺς
1579 5524 1776 5592 ὀτρθαλ-

197 5615 333 5683 μους
365 5616 693 5685 ῥεμϐόμενοι
725 5630 738 5644 ⁸
773 5618 832 5669 οὐ
884 5617 1064 5668 τοίνυν
1094 5616 1242 5686 αὐτῷ
1288 5617 1386 5686 τὴν
1431 5617 1640 5669 πτῶσιν
1669 5615 1778 5668 τῶν

195 5707 588 5772 πεπτωκότων,
623 5708 759 5761 ἀλλὰ
798 5707 896 5777 τὴν
928 5707 1222 5759 ἀνάστασιν
1265 5707 1584 5776 λογίζεσθαι
1619 5709 1721 5781 χρή
1757 5725 1773 5741 ⁸

192 5795 244 5850 ἐξ
287 5797 386 5866 μὲν
423 5798 531 5870 γὰρ
569 5798 798 5852 ἔπιπτον
856 5800 1036 5868 μόνον,
1065 5799 1188 5868 οὐχὶ
1221 5799 1276 5851 δὲ
1324 5802 1418 5853 καὶ
1467 5801 1774 5861 ἀνίσταντο,

193 5887 422 5954 δικαίως
450 5889 632 5946 αὐτῶν
661 5891 758 5963 τῆς
785 5889 1023 5954 πίστεως
1055 5889 1382 5956 ὑποπτεύεις
1409 5891 1580 5945 αἴτιον
1605 5907 1618 5921 ⁸
1652 5891 1772 5944 εἰδὲ

1886 4715 2002 4752 nem
2070 4698 2402 4757 dicebantur,
2472 4695 2829 4758 mirabantur,
2890 4697 3166 4764 quomodo
3209 4695 3464 4752 Christus

1889 4793 2145 4861 dignatus
2185 4799 2266 4844 est
2315 4789 2460 4843 ﬁlius
2505 4787 2739 4844 hominis
2778 4788 2932 4854 ﬁeri;
2966 4789 3270 4843 mirabatur
3299 4788 3461 4843 Maria

1883 4883 2161 4952 quomodo
2183 4888 2377 4936 venter
2399 4879 2646 4934 mulieris
2665 4880 2938 4935 continuit
2968 4879 3161 4946 Deum,
3188 4883 3464 4950 quomodo

1885 4972 2084 5026 ancilla
2117 4972 2467 5042 liberatorem
2495 4971 2789 5033 creationis
2835 4974 3141 5042 generavit.
3173 4973 3252 5040 Et
3281 4973 3415 5028 dixit
3432 4989 3464 5044 ιε

1883 5061 1991 5114 Iste
2011 5062 2212 5129 positus
2234 5070 2311 5114 est
2340 5063 2396 5115 in
2432 5062 2648 5136 ruinam
2672 5072 2718 5114 et
2745 5063 2802 5115 in
2834 5064 3271 5117 resurrectionem
3328 5063 3466 5118 mul-

1883 5163 2056 5207 torum
2073 5155 2128 5207 in
2179 5152 2374 5216 Israel,
2408 5155 2535 5207 etin
2567 5157 2774 5226 signum
2818 5158 2902 5209 cui
2953 5159 3362 5212 contradicetur.
3406 5157 3465 5212 In

1883 5246 2098 5298 ruinam
2129 5229 2596 5313 perseverantium
2625 5247 2676 5300 in
2705 5247 3044 5313 inﬁdelitate,
3109 5249 3161 5300 in
3215 5263 3463 5302 resurre-

1882 5339 2122 5392 ctionem
2156 5353 2219 5393 ex
2240 5338 2557 5393 inﬁdelitate
2589 5339 2645 5393 in
2681 5339 2840 5394 ﬁdem
2890 5339 3314 5394 transeuntium.
3361 5337 3465 5408 Pe-

1888 5440 1970 5486 tra
1995 5441 2109 5485 erat
2137 5430 2388 5487 Christus
2415 5433 2469 5486 in
2504 5432 2922 5488 fundamentum
2952 5433 3148 5502 posita,
3173 5432 3267 5486 sed
3291 5431 3467 5485 oﬂ'en-

1885 5522 2082 5577 derunt
2104 5524 2233 5578 caeci
2263 5524 2436 5578 oculis
2455 5534 2737 5589 errantes;
2766 5540 2877 5578 non
2910 5534 3090 5579 tamen
3120 5524 3196 5576 illi
3248 5522 3465 5576 ruinam

1882 5615 2194 5668 cadentium
2218 5654 2232 5678 ,
2267 5616 2362 5670 sed
2395 5618 2853 5672 resurrectionem
2915 5617 3155 5670 tribuere
3209 5621 3463 5684 oportet;

1879 5705 2161 5760 enimvero
2212 5707 2257 5760 si
2322 5709 2649 5785 ceciderunt
2703 5720 2938 5772 tantum,
2993 5726 3103 5762 non
3162 5717 3346 5762 autem
3405 5715 3463 5762 et

1877 5807 2259 5862 surrexerunt,
2281 5800 2429 5867 juste
2464 5816 2654 5854 eorum
2689 5803 2848 5856 ﬁdem
2909 5802 3313 5872 suspectaberis
3339 5815 3466 5855 cau-

1880 5906 2018 5960 sam;
2053 5891 2148 5946 sed
2175 5890 2219 5946 si
2247 5907 2314 5946 ex
2342 5893 2422 5947 eis
2451 5894 2542 5963 qui
2565 5894 2845 5950 debilitate
2870 5897 3206 5961 ceciderunt,
3231 5895 3324 5955 oui
3362 5910 3458 5946 vn-
