4040 6428
609 372 751 438 1475

1801 369 2157 428 HESYCHII
2201 370 2589 430 PRESBYTE
2604 368 2685 429 BI

3754 370 3886 431 HTE}

609 485 730 540 lunt
768 489 1077 554 resurgunt,
1111 480 1266 535 ruina
1310 477 1653 550 negligentia:
1696 487 1799 543 est,
1856 478 2060 533 Christi
2097 494 2176 532 re-

2291 479 2399 532 τῶν
2433 481 2497 532 ἐκ
2529 479 2803 551 ῥᾳθυμίας
2835 479 3144 532 πιπτόντων
3162 481 3210 532 οἱ
3245 478 3609 550 βουληθέντες
3637 481 3890 533 ἀνίεται..

609 577 901 634 surrectio.
930 575 1122 630 Nonne
1147 574 1468 629 ceciderunt
1494 572 1664 627 Judas
1687 571 1852 626 simul
1886 580 1939 626 et
1957 570 2189 625 Petrus?

608 669 699 724 ille
729 668 948 739 quidem
998 668 1076 722 sic
1119 667 1306 721 dicens
1347 681 1362 720 :
1409 664 1545 730 Quid
1578 665 1708 717 mihi
1749 663 1903 718 vultis
1933 664 2089 730 dare,
2140 673 2187 715 et

607 778 701 832 ego
743 760 879 815 vobis
908 759 1121 813 tradam
1149 759 1296 812 illum
1315 759 1340 811 ?
1369 759 1459 812 hic
1485 766 1665 811 autem
1701 757 1779 811 sic
1804 757 1990 811 dicens
2020 774 2034 809 :
2067 757 2190 809 Ani-

609 868 754 904 mam
784 867 954 904 meam
979 866 1073 919 pro
1117 860 1164 903 te
1194 866 1389 917 ponam
1417 849 1482 904 δ’.
1514 848 1812 918 Oportebat
1846 848 1992 902 enim
2031 847 2182 900 illum

609 943 752 997 scire
781 941 925 1010 quod
955 941 1196 995 mortalis
1229 942 1464 995 animam
1499 957 1596 1010 pro
1644 940 2050 993 immortalitate
2073 954 2184 992 non

609 1032 721 1097 dat;
745 1041 800 1086 et
828 1032 1046 1086 adhuc:
1080 1032 1304 1086 Etiamsi
1353 1033 1639 1101 oportuerit
1681 1047 1761 1084 me
1811 1031 1945 1083 mori
1991 1040 2180 1095 tecum,

608 1139 712 1176 non
750 1132 799 1176 te
841 1124 1040 1192 negabo
1065 1123 1146 1188 Μ¹;
1179 1124 1363 1177 dicere
1425 1130 1640 1190 poterat
1685 1138 1698 1173 :
1749 1122 1804 1174 Si
1855 1119 2188 1174 sustinueris

608 1228 715 1278 me,
752 1227 862 1267 non
895 1221 948 1268 te
978 1215 1226 1284 negabo;
1286 1214 1330 1268 si
1369 1213 1768 1267 confortaveris
1820 1227 1928 1278 me,
1989 1209 2185 1266 debilis

608 1318 723 1360 non
779 1304 947 1358 timeo
1007 1305 1378 1374 naufragium;
1411 1305 1453 1358 si
1499 1304 1680 1358 socius
1703 1319 1761 1356 es
1793 1303 1847 1356 in
1871 1302 2031 1366 bello,
2072 1317 2182 1355 non

607 1410 888 1465 praecaveo
914 1405 1179 1463 mortem;
1212 1397 1307 1451 sed
1331 1397 1430 1450 iste
1454 1397 1657 1466 lingua,
1693 1397 1782 1450 ille
1808 1406 1988 1450 autem
2020 1398 2184 1450 corde

605 1488 886 1558 peccavit;
910 1498 1134 1558 propter
1165 1489 1310 1558 quod
1337 1489 1556 1558 quidem
1611 1490 1809 1543 Petrus
1837 1489 2022 1557 lapsus
2057 1503 2182 1542 sur-

606 1578 767 1644 rexit,
788 1589 843 1634 et
863 1581 968 1634 dus
999 1595 1188 1634 eorum
1206 1581 1295 1651 qui
1322 1580 1833 1635 cecideruntfactus
1863 1589 1984 1646 est;
2013 1578 2183 1634 Judas

605 1679 790 1725 autem
818 1671 884 1725 de
915 1672 1110 1743 abysso
1141 1671 1194 1725 in
1239 1673 1495 1743 abyssum
1543 1673 1765 1738 ductus,
1815 1673 2046 1743 projecit
2092 1688 2184 1726 ar-

607 1772 854 1834 gentum,
873 1773 927 1818 et
946 1762 1134 1819 funem
1167 1765 1442 1834 accipiens
1467 1779 1526 1821 se
1549 1764 1858 1834 suspendit.
1921 1787 1927 1794 -

676 2106 903 2177 Signum
962 2103 1051 2158 cui
1099 2101 1501 2156 contradicetur
1522 2115 1691 2167 crux;
1723 2114 1752 2152 a
1782 2096 1985 2153 Judaais
2034 2097 2178 2150 enim

607 2195 1071 2268 crucifigentibus,
1090 2193 1379 2264 refugitsol
1403 2208 1418 2258 ;
1438 2201 1493 2247 et
1508 2192 1786 2262 Synagoga
1803 2188 2180 2244 calumniaba-

608 2299 718 2355 tur,
742 2297 795 2342 et
817 2299 960 2341 terra
982 2283 1466 2347 commovebatur;
1494 2280 1726 2350 populus
1746 2279 2018 2334 clamabat
2040 2277 2177 2333 Cru-

606 2379 754 2449 ciﬁge
783 2393 901 2432 eum
928 2377 994 2442 ”,
1025 2375 1121 2430 sed
1141 2382 1308 2443 petrae
1325 2388 1434 2426 non
1479 2372 1813 2426 sustinentes
1857 2370 2178 2439 gravitatem

605 2471 959 2544 blasphemiae
995 2468 1418 2531 scindebantur;
1469 2465 1779 2520 sacerdotes
1801 2472 1855 2518 et
1885 2462 2077 2517 scribae
2101 2462 2183 2516 di-

605 2567 802 2623 cebant
832 2585 845 2621 :
876 2563 1234 2618 Recordamur
1263 2560 1401 2629 quod
1457 2559 1701 2612 seductor
1723 2557 1812 2610 ille
1845 2557 1978 2610 dixit
2011 2557 2180 2608 adhuc

605 2656 799 2716 vivens,
825 2652 947 2706 Post
993 2661 1096 2704 tres
1137 2649 1248 2702 dies
1308 2663 1581 2718 resurgam
1616 2647 1694 2711 “;
1735 2647 1986 2700 centurio
2052 2660 2181 2700 vero

606 2744 892 2805 clamabat,
936 2741 1060 2794 Vere
1098 2738 1268 2792 Filius
1299 2737 1396 2790 Dei
1413 2745 1526 2790 erat
1580 2737 1677 2789 iste
1695 2738 1758 2790 ⁸³.
1789 2736 1896 2790 Sed
1923 2745 1975 2789 et
2009 2749 2180 2805 usque

605 2850 753 2889 nunc
827 2832 1057 2889 verbum
1117 2829 1295 2884 crucis
1346 2827 1551 2882 Judaeis
1582 2827 1802 2896 quidem
1838 2827 2176 2890 scandalum,

604 2926 858 2999 gentibus
883 2939 1014 2979 vero
1039 2921 1290 2986 stultitia,
1322 2921 1484 2974 nobis
1512 2932 1694 2974 autem
1720 2919 1927 2975 vocatis
1962 2935 1990 2972 a
2017 2919 2175 2972 Chri-

603 3027 690 3076 sto
729 3018 824 3072 Dei
866 3016 1041 3071 virtus
1084 3022 1139 3068 et
1195 3013 1290 3066 Dei
1311 3011 1576 3081 sapientia
1599 3010 1666 3064 “.
1723 3010 1787 3064 Et
1821 3019 1968 3063 tuam
2014 3011 2178 3078 ipsius

603 3110 842 3162 animam
869 3102 1207 3175 pertransibit
1251 3101 1475 3173 gladius,
1510 3109 1566 3153 ut
1605 3100 1893 3154 revelantur
1937 3117 2000 3153 ex
2039 3099 2178 3153 mul-

607 3201 671 3253 tis
703 3199 944 3252 cordibus
972 3195 1333 3268 cogit‘atioues.
1373 3191 1598 3248 Gladius
1633 3193 1919 3246 diversitas
1959 3193 2176 3261 opinio-
2205 3179 2249 3239 C

603 3306 736 3345 num
783 3290 1004 3353 dicitur,
1045 3287 1306 3357 quoniam
1342 3285 1484 3340 sicut
1517 3292 1573 3338 et
1625 3283 1834 3356 gladius
1863 3285 2063 3338 scindit
2113 3300 2174 3338 ac

601 3382 837 3454 partitur
865 3395 1117 3451 corpora,
1144 3379 1216 3434 ita
1250 3387 1304 3433 et
1365 3375 1579 3431 animas
1617 3392 1717 3445 per
1778 3376 2172 3430 indecisionem

602 3472 992 3538 contradictio;
1023 3472 1070 3526 si
1099 3471 1244 3526 enim
1268 3480 1323 3524 et
1346 3470 1500 3539 virgo
1525 3478 1665 3529 erat,
1701 3467 1796 3521 sed
1832 3470 1885 3521 e't
1935 3469 2171 3532 mulier;

603 3565 649 3620 si
679 3579 896 3634 quoque
929 3565 1181 3633 Deipara,
1207 3562 1301 3617 sed
1333 3571 1525 3615 nostro
1553 3569 1838 3629 compacta
1869 3561 2033 3624 limo;
2057 3561 2172 3631 gla-

602 3657 726 3712 dius
756 3657 866 3726 jam
902 3655 1075 3724 ipsius
1127 3654 1368 3708 animam
1418 3653 1794 3723 pertransivit,
1834 3661 1896 3706 ut
1942 3654 2168 3708 manife-

601 3738 912 3806 stentur-ex
946 3746 1130 3801 multis
1159 3745 1414 3800 cordibus
1443 3745 1836 3814 cogitationes:
1861 3745 1929 3799 de
1957 3745 2174 3799 Christo

601 3842 659 3896 in
708 3849 951 3910 tempore
1015 3837 1291 3908 passidnis
1353 3837 1765 3899 dissensiones;
1813 3851 1962 3890 nunc
2015 3837 2168 3890 illum

600 3932 971 4003 prophetam,
1025 3942 1173 3981 nunc
1250 3941 1382 3980 vero
1445 3925 1784 3979 Salvatorem
1845 3926 2007 3980 Israel
2061 3942 2168 3980 non

600 4022 1030 4085 subscribentes,
1053 4018 1279 4073 multam
1320 4031 1536 4086 quoque
1575 4018 1630 4070 in
1669 4017 1753 4071 his
1774 4018 2166 4084 diversitatem,

599 4121 823 4183 propter
843 4111 1195 4182 agitationem
1226 4123 1290 4162 ex
1317 4110 1430 4178 ipsa
1486 4109 1740 4177 passione
1800 4109 2168 4175 sustinentes;

600 4205 674 4259 ita
712 4212 770 4256 ut
800 4217 925 4256 cum
955 4201 1196 4269 Cleopha
1250 4200 1500 4268 discipuli
1541 4200 1645 4253 iter
1683 4199 1946 4254 facientes
2002 4210 2059 4255 et
2104 4203 2171 4256 ad

599 4296 779 4366 ipsum
803 4293 1045 4348 dicerent
1075 4308 1089 4344 :
1119 4292 1190 4344 Tu
1215 4291 1355 4344 solus
1389 4294 1591 4344 advena
1616 4308 1668 4344 es
1704 4293 1758 4344 in
1774 4292 2092 4356 Jerusalem,
2120 4303 2168 4346 et

597 4389 812 4458 ignoras
829 4400 944 4455 qua:
970 4385 1112 4455 facta
1133 4393 1254 4436 sunt
1293 4384 1348 4436 in
1378 4383 1562 4436 diebus
1579 4384 1690 4436 istis
1713 4384 1738 4435 Ρ
1771 4383 1970 4438 deinde
1995 4386 2168 4439 inter-

599 4478 796 4548 rogati,
829 4476 990 4546 quze?
1019 4475 1350 4529 addiderunt
1381 4491 1394 4527 :
1425 4473 1502 4526 De
1556 4472 1681 4527 Jesu
1741 4474 2023 4528 Nazareno
2079 4478 2167 4546 qui

597 4570 697 4640 fuit
736 4571 818 4622 vir
854 4569 1110 4638 propheta
1155 4565 1221 4628 ⁸⁷,
1249 4573 1444 4633 etquae
1490 4574 1813 4634 sequuntur.
1849 4567 1991 4636 Ergo
2053 4568 2162 4621 sic-

598 4673 659 4719 ut
689 4662 757 4717 de
789 4661 1058 4731 propheta
1101 4657 1412 4712 sentiebant
1439 4663 1496 4710 et
1529 4656 1596 4710 de
1656 4655 1940 4711 Salvatore
1972 4658 2166 4723 Israel,

598 4762 821 4826 propter
839 4759 1021 4805 autem
1042 4748 1350 4818 passionem
1368 4757 1423 4802 et
1450 4748 1628 4801 varias
1672 4748 1900 4801 emissas
1950 4749 2166 4816 opinio-

594 4858 695 4898 nes
723 4842 869 4914 quod
916 4841 1300 4910 redempturus
1335 4848 1481 4892 esset
1511 4836 1817 4892 Jerusalem
1857 4837 2049 4892 incerti
2094 4841 2175 4894 vi-

597 4936 888 4992 debantur.
917 4934 1048 5001 Quae
1075 4933 1297 5003 quidem
1329 4947 1440 4985 non
1485 4931 1539 4983 in
1596 4947 1794 4986 vanum
1841 4941 2170 4998 evenerunt,

599 5028 694 5082 sed
727 5027 792 5081 ad
813 5025 1300 5090 manil‘estandum,
1327 5022 1453 5092 quia
1488 5021 1639 5087 Quod
1681 5021 1902 5076 stultum
1933 5032 2008 5076 est
2049 5023 2171 5088 Dei,

597 5118 885 5186 sapientius
915 5127 988 5171 est
1007 5117 1300 5171 hominibus
1323 5116 1392 5170 “'.
1426 5114 1641 5170 Etenim
1672 5115 1726 5168 in
1768 5116 2020 5184 passione
2048 5131 2172 5170 cru-

598 5211 678 5266 cis
703 5224 892 5265 omnes
922 5210 1142 5264 crihrati
1161 5218 1289 5264 sunt
1329 5207 1609 5277 etagitati,
1657 5221 1763 5260 non
1803 5208 1980 5260 solum
2039 5207 2171 5260 sim-

599 5303 768 5374 plices
783 5301 1052 5378 discipuli,
1094 5302 1190 5356 sed
1219 5311 1272 5356 et
1295 5301 1453 5357 electi
1482 5309 1538 5354 et
1573 5309 1746 5353 mater
1797 5299 1937 5367 ejus,
1973 5308 2028 5352 et
2052 5299 2170 5353 haec

598 5396 779 5465 pa'ssio
826 5393 1141 5449 universum
1191 5395 1377 5449 orbem
1422 5390 1782 5454 confirmavit,
1846 5389 1900 5442 in
1951 5389 2168 5444 Christo

595 5483 729 5542 Iesu
750 5485 980 5541 Domino
998 5495 1206 5552 nostro,
1239 5502 1336 5556 per
1365 5499 1528 5554 quem
1558 5491 1613 5536 et
1662 5495 1787 5536 cum
1854 5495 1963 5550 quo
2021 5481 2167 5536 Patri

665 5664 895 5744 210331.
933 5680 1056 5744 xiii,
1090 5664 1180 5720 57.
1255 5665 1300 5696 ⁸³
1328 5664 1685 5744 Μαιῑιλζκχνι,
1877 5667 1922 5700 ⁸³
1951 5669 2109 5744 Joan.
2138 5685 2176 5723 ι

2281 5674 2331 5730 6.
2406 5674 2451 5706 ιδ
2473 5671 2662 5729 Matth.
2722 5692 2893 5744 xxv",
2951 5678 3020 5732 65

595 5736 752 5803 1,23,
781 5738 872 5793 24.
949 5739 992 5771 ⁸⁷
1019 5739 1150 5793 Luc.
1183 5751 1340 5805 χχιιι,
1363 5737 1448 5802 l9,
1473 5736 1565 5793 20.
1641 5738 1685 5770 ⁸⁸
1715 5738 1883 5794 lCor.
1916 5757 1954 5808 I,
1982 5742 2073 5796 25.

2292 589 2402 633 ται,
2434 571 2492 622 τὸ
2530 571 2731 641 πτῶμα
2777 570 2872 623 τοῦ
2923 571 3298 642 ρᾳθυμοῦντος
3341 575 3557 640 γίνεται
3579 614 3595 634 ,
3627 574 3720 626 τοῦ
3755 575 3887 645 Χρι-

2295 664 2419 715 στοῦ
2456 665 2488 734 ἠ
2533 665 2853 728 ἀνάστασις.
2883 665 2997 718 Οὐκ
3027 665 3221 719 ἔπεσον
3264 667 3472 730 Ἰούδας
3507 667 3628 736 ἅμα
3665 670 3762 720 καὶ
3789 669 3888 720 Il:-

2290 772 2418 825 τρος
2453 773 2468 822 ;
2500 759 2528 810 6
2561 758 2659 826 μὲν
2691 757 2764 818 ὡς
2792 754 2984 822 εἰπὼν,
3010 758 3072 811 Τί
3091 775 3193 826 μοι
3227 758 3435 812 θέλετε
3452 759 3694 824 δοῦ-ναι,
3725 761 3886 826 κάγὼ

2290 848 2435 916 ὑμῖν
2456 847 2794 916 παραδώσω
2827 849 3016 901 αὐτόν
3035 866 3050 914 ;
3070 849 3098 900 6
3125 848 3182 902 δέ
3204 850 3278 912 ὠς
3294 848 3493 910 εἰπὼν,
3528 851 3650 917 Τὴν
3677 853 3884 921 ψυχή)-

2284 957 2408 1008 μου
2441 938 2594 1005 ὑπὲρ
2621 940 2738 994 σοῦ
2767 940 2955 1007 θήσω.
2997 942 3198 1012 Ἐχρῆν
3230 943 3340 1012 γὰρ
3367 944 3536 996 αὑτὸν
3569 944 3775 996 εἰδέναι
3808 948 3882 997 ἐτι

2291 1031 2484 1102 θνητές
2511 1033 2610 1102 τὴν
2632 1032 2808 1102 ψυχὴν
2832 1032 2972 1104 ὑπὲρ
2993 1033 3291 1098 ἀθανασίας
3317 1037 3378 1087 οὐ
3407 1037 3601 1088 δίδωσι
3622 1055 3634 1066 ·
3661 1039 3756 1089 καὶ
3783 1040 3880 1090 πά-

2287 1124 2391 1188 λιν,
2436 1125 2576 1178 Ἐὰν
2625 1123 2732 1192 δέῃ
2776 1141 2854 1193 με
2901 1125 3021 1178 σὺν
3059 1128 3158 1180 σοὶ
3206 1127 3564 1190 ἀποθανεῖν,
3600 1132 3675 1183 οὐ
3701 1131 3788 1198 μή
3815 1149 3879 1184 σε

2287 1213 2736 1283 ἀπαρνήσομαι·
2770 1215 2889 1279 ἐξὸν
2916 1216 3114 1278 εἰπεῖν,
3155 1217 3282 1271 Ἐάν
3319 1236 3389 1289 με
3417 1219 3686 1292 ἱσχύσῃς,
3715 1223 3774 1272 οὐ
3812 1226 3874 1290 μή

2289 1322 2347 1357 σε
2385 1307 2793 1376 ἀπαρνήσωμαι
2824 1321 2838 1336 °
2872 1308 2967 1361 ἐὰν
3015 1309 3292 1382 ἁσφαλίσῃ
3341 1329 3433 1380 με,
3471 1316 3501 1364 6
3547 1313 3788 1382 ἀσθενὴς
3826 1320 3874 1366 οᾲ

2286 1395 2496 1449 δέδοικα
2526 1397 2586 1449 τὸ
2606 1399 2865 1467 ναυάγιον
2895 1413 2908 1428 ⁸
2941 1399 3036 1452 ἐὰν
3076 1401 3155 1472 τῷ
3189 1403 3413 1472 πολέμῳ
3459 1409 3761 1473 κοινωνῇς,
3791 1408 3876 1457 οὐχ

2287 1489 2626 1560 εὐλαϐοῦμαι
2662 1491 2894 1545 θάνατον
2921 1509 2936 1524 ⁸
2979 1493 3115 1546 ἀλλὰ
3159 1495 3219 1548 τὸ
3271 1497 3371 1565 μὲν
3401 1496 3665 1565 γλώττης
3710 1498 3877 1567 ὑπῆρ-

2286 1599 2403 1651 χεν,
2427 1582 2488 1634 τὸ
2517 1583 2575 1635 δὲ
2605 1584 2836 1655 καρδίας
2873 1586 3179 1656 ἁμάρτημα
3204 1604 3218 1618 ο
3245 1588 3335 1641 διὰ
3358 1588 3524 1640 τοῦτο
3548 1589 3656 1658 μὲν
3682 1589 3877 1656 Πέτρος

2287 1673 2469 1727 πεσὼν
2501 1674 2725 1745 ἀνέστη,
2755 1677 2849 1729 καὶ
2883 1678 3230 1748 χειραγωγὸς
3263 1680 3471 1749 ἐτέρων
3506 1681 3879 1733 πεπτωκότων

2286 1767 2505 1835 ἐγένετο
2530 1785 2544 1798 ο
2575 1769 2602 1821 6
2647 1768 2703 1820 δὲ
2731 1768 2840 1821 ἀπὸ
2893 1769 3095 1839 βάθους
3135 1772 3270 1840 πρὸς
3319 1771 3517 1842 βόθρον
3562 1773 3877 1842 ὁδηγηθεὶς,

2214 1839 2260 1900 Β
2287 1858 2514 1930 ἒῤῥιψεν
2557 1858 2619 1912 τὸ
2658 1859 2945 1930 ἀργύριον,
2982 1861 3077 1916 καὶ
3111 1839 3442 1932 τδσχοιῗνίον
3478 1839 3669 1918 λαϐὼν
3705 1839 3880 1934 απήγ-

2284 1951 2434 2016 ξατο.

2353 2090 2588 2158 Σημεῖον
2633 2090 3053 2162 ἀντιλεγόμενον
3080 2091 3110 2146 6
3142 2093 3403 2164 σταυρός·
3436 2092 3552 2146 τῶν
3595 2091 3712 2162 γὰρ
3755 2093 3880 2145 ’1ου-

2281 2179 2446 2233 δαίων
2473 2181 2874 2252 σταυροῦντων,
2901 2181 3167 2252 ἀνεχώρει
3195 2183 3224 2234 ό
3242 2183 3398 2254 ἥλιος
3416 2199 3430 2214 ο
3453 2184 3552 2236 καὶ
3586 2185 3877 2248 συναγωγὴ

2285 2275 2664 2342 ἐσυκοφάντει,
2688 2277 2782 2329 καὶ
2811 2277 2842 2346 ἡ
2871 2279 2942 2348 γῆ
2966 2276 3278 2331 ἐσαλεύετο·
3297 2280 3323 2332 6
3342 2278 3471 2341 λαὸς
3502 2278 3662 2342 ἐϐόα,
3691 2281 3876 2330 Σταύ-

2277 2383 2488 2436 μωσόν
2513 2369 2725 2432 αὐτὸν,
2749 2370 2865 2422 ἀλλ’
2887 2373 2945 2423 αί
2969 2371 3166 2441 πέτραι
3194 2371 3267 2440 μὴ
3298 2371 3566 2440 φέρουσαι
3594 2372 3693 2422 τὸν
3715 2370 3876 2436 δῄων

2281 2458 2378 2525 τῆς
2411 2458 2768 2530 βλασφημίας
2802 2463 3139 2532 ἐρρήγνυντο
3171 2479 3186 2492 ο
3218 2463 3268 2514 oi
3303 2462 3680 2533 πρεσὸύτεροι
3701 2463 3800 2515 καὶ
3829 2464 3872 2512 ci

2281 2554 2633 2621 γραμματεῖς
2680 2552 2906 2620 ἔλεγονο
2949 2551 3372 2621 Ἑμνήσθημεν
3419 2553 3512 2606 ὅτι
3564 2557 3600 2606 ό
3643 2554 3872 2617 πλάνος

2280 2643 2514 2709 ἐκεῖνος
2537 2640 2707 2697 εἶπεν
2728 2644 2815 2697 ἑτι
2845 2643 2974 2704 ζῶον
3013 2644 3180 2698 Μετὰ
3209 2645 3366 2713 τρεῖς
3388 2645 3622 2714 ἡμέρας
3658 2646 3872 2713 ἐγείρο-

2276 2749 2414 2802 μαιο
2439 2737 2467 2786 6
2514 2735 2572 2788 δὲ
2620 2736 3021 2807 ἑκατόνταρχος
3064 2735 3218 2798 ἐϐόα,
3263 2735 3533 2803 Ἀληθῶς
3563 2737 3722 2790 Θεοῦ
3748 2737 3869 2798 nec

2279 2822 2358 2895 ἦν
2383 2823 2562 2892 οὗτος
2581 2845 2594 2858 ·
2623 2828 2760 2881 ἀλλὰ
2782 2829 2876 2881 καὶ
2901 2829 3065 2899 μέχρι
3091 2827 3186 2880 νῦν
3215 2829 3245 2881 6
3263 2828 3420 2897 λόγος
3445 2829 3476 2879 6
3499 2829 3594 2883 τοῦ
3634 2828 3866 2895 σταυμῦ

2293 2917 2568 2981 Ἰουδαίοις
2599 2921 2696 2988 μὲν
2717 2919 3039 2986 σκάνδαλον,
3069 2919 3280 2980 ἔθνεσιν
3307 2921 3363 2973 δὲ
3411 2921 3622 2990 μωρία,
3647 2922 3786 2990 ἡμῖν
3813 2920 3866 2971 δὲ

2279 3014 2391 3076 τοῖς
2413 3012 2634 3080 κλητοῖς
2657 3011 2917 3081 Χριστοῦ,
2943 3011 3077 3065 Θεοῦ
3097 3012 3333 3082 δύναμις
3375 3014 3467 3065 καὶ
3505 3011 3650 3064 Θεοῦ
3687 3011 3863 3080 σοφία.

2281 3105 2390 3160 Kal
2421 3107 2538 3160 σοῦ
2569 3106 2637 3158 δὲ
2663 3105 2854 3174 αὐτῆς
2907 3106 3020 3172 τὴν
3052 3107 3267 3176 Ψυχὴν
3293 3106 3678 3160 διελεύσεται
3717 3109 3861 3174 ῥομ-

2281 3198 2611 3266 φαίᾳ,ὄπως
2622 3196 2697 3252 ἂν
2711 3199 2944 3251 ducem.)
2953 3196 3224 3266 υςρθῶσιν
3244 3199 3312 3251 ἐκ
3332 3197 3587 3251 πολλῶν
3605 3195 3865 3265 καρδιῶν

2282 3286 2681 3356 διαλογισμοί.
2749 3287 3024 3356 Ῥομφαὶα
3053 3290 3086 3357 ἡ
3121 3287 3358 3357 διχόνοια
3398 3288 3642 3355 λέγεται,
3681 3286 3861 3356 ἐπειδὴ

2284 3379 2534 3449 καθάπερ
2571 3381 2604 3450 ἡ
2644 3379 2890 3450 ῥομφαία
2930 3379 3107 3448 σχίζει
3133 3381 3229 3432 καὶ
3256 3380 3472 3450 μερίζει
3508 3380 3578 3432 τὰ
3608 3378 3858 3448 σώματα,

2283 3469 2456 3532 οὕτως
2516 3471 2611 3522 καὶ
2654 3471 2753 3532 τὰς
2787 3470 2963 3540 ψυχὰς
2995 3471 3130 3541 πρὸς
3163 3472 3473 3541 ἀμφιὸολὴν
3523 3473 3558 3540 ἡ
3584 3471 3820 3540 διχόνοια
3844 3487 3858 3497 '

2282 3565 2329 3614 ει
2355 3561 2462 3631 γὰρ
2490 3561 2584 3614 καὶ
2620 3561 2888 3630 παρθένος
2913 3557 3014 3632 ἦν,
3049 3562 3187 3615 ἀλλὰ
3226 3563 3362 3632 γυνή
3391 3579 3405 3592 ·
3444 3564 3495 3614 εί
3539 3563 3639 3614 καὶ
3675 3562 3859 3614 Θεοτέ-

2282 3667 2396 3715 κος,
2449 3652 2564 3704 ἀλλ’
2596 3654 2658 3705 ἐκ
2708 3650 2802 3704 τοῦ
2854 3652 3126 3722 ἡμετέρου
3185 3653 3535 3722 φυράματος.
3587 3651 3860 3721 Ῥομφαία

2281 3742 2460 3794 τοίνυν
2501 3743 2673 3811 αὐτῆς
2705 3744 2804 3812 τὴν
2827 3743 3006 3814 ψυχὴν
3031 3744 3324 3807 διέϐαινεν,
3377 3743 3530 3804 ὅπως
3579 3745 3857 3797 ἀποκαλυ-

2282 3832 2486 3901 φθῶσιν
2517 3836 2580 3886 ἐκ
2610 3834 2820 3886 πολλῶν
2846 3834 3082 3903 καρδιῶν
3109 3834 3473 3904 διαλογισμοὶ,
3520 3837 3573 3886 οἱ
3605 3836 3744 3900 περὶ
3773 3835 3856 3886 τοῦ

2279 3926 2519 3995 Χριστοῦ
2551 3928 2692 3980 κατὰ
2721 3928 2813 3979 τὸν
2843 3926 3033 3997 καιρὸν
3063 3926 3159 3978 τοῦ
3191 3925 3398 3989 πάθους
3422 3927 3706 3997 διάφοροι,
3739 3929 3860 3980 ποτὲ

2282 4021 2380 4089 μὲν
2419 4019 2582 4072 αὐτὸν
2615 4020 2922 4089 προφήτην,
2942 4018 3075 4071 ποτὲ
3103 4020 3160 4071 δὲ
3195 4019 3476 4090 λυτρωτὴν
3509 4019 3608 4072 τοῦ
3654 4019 3858 4090 Ἰσραὴλ

2278 4111 2377 4179 οὐχ
2403 4112 2844 4180 ὑπογράφοντες,
2881 4109 3084 4180 πολλὴν
3118 4112 3214 4162 κοιλ⁵
3261 4113 3352 4163 ἐπὶ
3385 4112 3602 4175 τούτοις
3629 4112 3857 4181 ἀμφιεο·

2277 4203 2396 4255 λίαν
2429 4203 2516 4255 διὰ
2543 4203 2634 4255 τὸν
2673 4203 2832 4254 σάλον
2877 4203 2966 4253 τὸν
2992 4206 3057 4255 ἐκ
3087 4202 3181 4254 τοῦ
3221 4203 3424 4266 πάθους
3456 4207 3852 4274 ὑπομένοντες

2277 4292 2414 4345 ὥστε
2468 4295 2593 4356 τοὺς
2672 4294 2801 4363 περὶ
2867 4293 3115 4345 Κλεόπαν
3191 4296 3439 4364 μαθητάς
3526 4298 3853 4364 περιόντας,

2278 4387 2373 4438 καὶ
2435 4387 2571 4456 πρὸς
2627 4387 2792 4439 αὑτὸν
2855 4387 3077 4452 λέγειν·
3148 4387 3231 4439 Σὺ
3286 4388 3472 4455 μόνος
3557 4387 3854 4455 παροικεῖς

2277 4477 2346 4528 ἐν
2387 4476 2797 4543 Ἰερουσαλὴμ,
2857 4477 2973 4538 καί
3016 4478 3128 4530 οὐκ
3183 4477 3373 4544 ἔγνως
3438 4479 3512 4529 τὰ
3571 4482 3854 4546 γενόμενα

2273 4569 2344 4621 ἐν
2415 4567 2544 4631 ταῖς
2611 4566 2860 4634 ἡμέραις
2916 4568 3198 4630 ταύταις;
3254 4561 3372 4618 εἶτα
3460 4566 3850 4637 ἐρωτηθέντες,

2274 4664 2447 4724 ποῖα;
2481 4659 2782 4728 ἐπήγαγον,
2818 4659 2891 4710 Τὰ
2926 4658 3060 4725 περὶ
3103 4657 3306 4723 Ἰησοῦ
3344 4658 3453 4711 τοῦ
3490 4658 3848 4727 Ναζωραίου,

2275 4751 2343 4816 ὃς
2358 4749 2596 4820 ἐγένετο
2618 4748 2771 4817 ἀνὴρ
2795 4749 3128 4816 προφήτης,
3159 4747 3254 4801 καὶ
3279 4749 3344 4801 τὰ
3365 4750 3512 4820 ἑξῆς.
3546 4751 3761 4804 Οὐκοῦν
3785 4752 3849 4814 εἰς

2276 4843 2408 4912 περὶ
2439 4843 2723 4912 προφήτου
2754 4842 2854 4910 μὲν
2879 4838 3025 4911 εἶχον
3066 4843 3159 4896 καὶ
3189 4841 3561 4913 λυτρουμένου
3609 4845 3704 4897 τὸν
3757 4845 3846 4898 Ἰσ-

2282 4935 2418 5006 ραήλ
2443 4949 2456 4961 ⁸
2488 4935 2575 4987 διὰ
2603 4935 2660 4986 δέ
2702 4933 2764 4986 τὸ
2792 4934 2964 4996 πάθος
2996 4936 3091 4988 καὶ
3134 4935 3338 5004 ταύτην
3386 4936 3686 5006 ἐμϐάλλειν
3736 4941 3847 5007 περὶ

2277 5026 2443 5079 αὑτοῦ
2500 5026 2598 5096 τὴν
2656 5025 2948 5096 ὑπόληψιν,
2995 5027 3077 5078 ὃτι
3138 5027 3427 5096 λυτροῦται
3481 5028 3572 5080 τὸν
3643 5028 3845 5098 Ἰσραὴλ

2277 5120 2649 5176 ἐκινδύνευον·
2676 5120 2838 5174 τοῦτο
2865 5122 2921 5175 δὲ
2945 5123 3003 5175 οὺ
3035 5124 3212 5192 μάτην
3261 5125 3492 5190 ἐγίνετο,
3551 5125 3669 5177 ἀλλ’
3719 5124 3841 5175 ὥστε

2275 5212 2466 5277 δεῖξαι,
2515 5214 2598 5266 ὅτι
2647 5216 2717 5266 Τὸ
2765 5215 2969 5282 μωρὸν
3022 5216 3128 5270 τοῦ
3161 5216 3330 5280 Θεοῦ,
3363 5215 3842 5285 σοφώτεροντιῖη*

2269 5304 2597 5371 ἀνθρώπων
2653 5305 2845 5357 ἐστίν.
2882 5306 2956 5357 Τὸ
2996 5306 3105 5376 γὰρ
3155 5306 3248 5358 τοῦ
3297 5308 3537 5377 σταυροῦ
3589 5308 3839 5370 πάθκωί

2275 5397 2475 5461 πάντες
2508 5398 2891 5468 ἐσινιάνθησαν
2921 5399 3014 5450 καὶ
3050 5400 3450 5470 ἐσαλεύθησαν,
3487 5403 3547 5454 οὐ
3608 5403 3764 5471 μόνον
3797 5401 3838 5452 oi

2277 5489 2464 5553 ἁπλῶς
2497 5491 2760 5560 μαθηταὶ,
2786 5489 2925 5544 ἀλλὰ
2970 5490 3062 5544 καὶ
3095 5492 3144 5544 οἰ
3181 5491 3430 5546 ἐκλεκτοὶ
3481 5496 3574 5547 καὶ
3603 5495 3634 5563 ή
3672 5499 3837 5562 μήτηρ

3619 5675 3663 5705 "
3684 5675 3704 5727 ι
3724 5670 3831 5727 Cor.

3179 5678 3222 5710 "
3251 5675 3382 5731 ibid.
3413 5675 3503 5730 54.
