4040 6430
197 423 348 489 1477

1640 422 2071 485 SERMONES.

3341 429 3476 493 1478

189 536 375 590 αὐτοῦ
399 550 413 564 ⁸
447 533 607 587 τοῦτο
646 535 830 586 πᾶσαν
885 532 983 604 τὴν
1025 533 1352 605 οἰκουμένην
1399 534 1703 605 ἐστήριξεν,
1735 537 1792 586 ἐν

1910 538 2087 608 gloria,
2107 553 2232 593 cum
2255 545 2444 593 sancto
2474 538 2706 609 Spiritu,
2749 554 2898 593 nunc
2931 550 2986 595 et
3027 557 3243 613 semper
3266 555 3321 599 et
3380 563 3478 616 per

189 626 431 698 Χριστῷ
465 626 641 697 Ἰησοῦ
675 626 751 692 τῷ
795 626 986 696 Κυρίῳ
1015 625 1171 696 ἡμῶν
1191 641 1206 656 ⁸
1238 626 1306 678 δι’
1331 619 1392 680 οὗ
1438 628 1533 680 καί
1583 627 1702 698 μεθ’
1727 621 1790 681 οὗ

1899 630 2081 683 omnia
2101 631 2298 685 smcula
2326 630 2672 685 saeculorum.
2705 631 2897 686 Amen.

189 719 286 790 τῷ
325 719 558 790 Πατρὶή
597 717 744 782 δόξα,
783 717 879 770 σὺν
923 718 1065 788 ἁγίῳ
1121 717 1419 790 Πνεύματι,
1452 718 1547 772 νῦν
1599 720 1692 772 καὶ
1745 720 1832 772 ἀεὶ
1898 721 1993 772 καὶ
2059 723 2140 785 εἰς
2202 723 2331 784 τοὺς
2401 722 2724 794 σύμπαντας
2795 724 2998 788 αἰῶνας
3063 726 3173 780 τῶν
3242 729 3475 784 αἰώνων.

230 811 418 882 AM“
957 879 1070 934 vn.

208 996 518 1066 Ἦσυχίου
557 993 968 1066 πρεσϐυτέρου
1008 993 1447 1066 Ἱεροσολύμων
1474 997 1542 1050 ἐκ
1576 997 1682 1050 τοῦ
1710 997 1798 1063 εἰς

566 1065 667 1118 τὸν
691 1064 862 1132 ἅγιον
890 1063 1096 1133 Θωμᾶν
1133 1067 1445 1134 ἐγκωμίου.

288 1246 537 1316 Σάλπιγξ
565 1248 715 1318 ἡμᾶς
743 1246 993 1317 ἰερατικὴ
1026 1249 1162 1318 πρὸς
1195 1251 1507 1322 πανήγυριν
1539 1250 1792 1321 ἤθροισεν

211 1339 506 1410 Ἀνδρέας,
529 1339 562 1391 6
584 1339 679 1392 τοῦ
710 1339 875 1410 χοροῦ
907 1341 1014 1393 τῶν
1032 1341 1348 1415 ἀποστόλων
1371 1343 1737 1412 πρωτότοκος,
1767 1345 1794 1396 6

198 1429 586 1500 πρωτοπαγὴς
602 1431 699 1499 τῆς
715 1431 1044 1501 Ἐκκλησία,
1064 1431 1278 1496 στύλος,
1301 1436 1328 1486 6
1347 1435 1452 1504 πρὸ
1469 1435 1678 1502 Πέτρου
1696 1433 1794 1487 Πέ-

199 1536 365 1590 τρος,
385 1521 412 1572 6
434 1519 529 1572 τοῦ
561 1519 814 1590 θεμελίου
845 1521 1116 1590 θεμέλιος,
1137 1523 1164 1575 6
1183 1523 1282 1590 τῆς
1304 1523 1476 1594 ἀρχῆς
1493 1536 1519 1564 α
1547 1523 1792 1595 ἀπαρχὴ,
1830 1553 1870 1606 Β

202 1611 242 1661 ὁ
280 1610 413 1681 πρὶν
442 1609 713 1681 κληθῆναι
746 1611 947 1676 καλῶν,
975 1613 1004 1665 6
1026 1613 1154 1682 πρὶν
1195 1613 1583 1684 προσαχθῆναι
1621 1632 1794 1684 προσ-

205 1701 387 1770 άγων.
440 1703 777 1770 Εὑαγγέλιον
822 1702 1085 1773 κηρύττει
1119 1705 1146 1757 ὂ
1193 1707 1358 1775 μήπω
1402 1707 1794 1759 πεπίστευταιο

203 1796 347 1865 πρὶν
404 1794 617 1865 μαθεῖν,
675 1795 754 1866 τῷ
810 1796 1027 1866 ἀδελφῷ
1077 1796 1577 1867 ἀποκαλύπτειτὴν
1627 1797 1795 1866 ζωήν·

202 1887 471 1941 τοσοῦτον
511 1887 660 1957 αὐτῷ
692 1887 922 1940 πλοῦτον
950 1891 983 1958 ή
1012 1887 1130 1951 τοῦ,
1167 1889 1275 1942 Ποῦ
1311 1889 1492 1959 μένεις
1519 1905 1533 1952 ;
1563 1888 1797 1958 ἀπόκρι-

211 1997 302 2043 σις
323 1980 352 2020 ι’
381 1980 697 2050 ἐχαρίσατο.
737 1981 936 2034 Καίτοι
965 1999 1016 2034 τι
1053 1981 1196 2052 μέγα
1229 1977 1375 2052 εἶχεν
1408 1985 1441 2052 ή
1484 1983 1796 2051 ἀπόκρισις,

208 2068 331 2126 οἷον
374 2073 629 2144 ’Δνδρέας
658 2073 985 2143 ἐμϐαθύνων
1020 2074 1111 2127 τὸν
1150 2072 1275 2128 νοῦν
1306 2073 1637 2145 ἐθεώρησεν.
1666 2073 1800 2144 Ἔρ-

208 2182 318 2236 χου
347 2166 474 2238 γάρ,
510 2168 663 2237 ιρηοί,
694 2167 789 2219 καί⁵
831 2165 929 2222 ἴδε.
966 2167 1089 2229 Πῶς
1121 2165 1282 2238 [γὰρ]
1315 2166 1544 2235 γέγονας
1589 2167 1802 2237 προφή-

207 2275 355 2329 τηςς
396 2259 558 2311 πόθεν
613 2258 871 2330 θεοφόρος
919 2257 1156 2328 ἀθρόον;
1189 2261 1239 2310 τί
1287 2259 1538 2327 θορυΰεῐς
1570 2256 1666 2310 τοῦ
1701 2257 1801 2309 Πέ·

210 2365 353 2418 τρου
394 2348 494 2410 τὰς
549 2349 751 2414 ἀκοάς;
795 2349 848 2401 τί
892 2349 1096 2417 φθάσαι
1144 2349 1419 2413 σπεύδεις,
1462 2348 1519 2400 ὃν
1565 2348 1625 2400 οὐ
1671 2347 1801 2418 δύνῃ

215 2440 427 2507 φθάσαι
453 2457 468 2506 ;
496 2441 524 2492 6
549 2438 830 2510 πανταχοῦ
851 2439 1061 2511 παρὼν,
1093 2440 1208 2502 πῶς
1227 2439 1516 2510 εὑρεθῆναι
1536 2439 1758 2493 δύναται
1786 2457 1800 2504 ;

231 2531 397 2586 Ἀλλά
425 2532 533 2603 γὰρ
573 2527 763 2586 οἶδενό
807 2533 1060 2603 Ἀνδρέας
1092 2533 1120 2584 6
1156 2533 1343 2599 λέγει,
1379 2533 1712 2604 Εὑρήκαμεν
1744 2532 1803 2586 δν

218 2623 508 2677 ἀπώλεσεν
531 2626 559 2678 6
594 2625 795 2694 Ἀδὰμ,
830 2624 888 2677 ὃν
927 2623 1212 2693 ἐζημιώθη
1238 2626 1271 2692 ή
1306 2622 1436 2688 Εὔα,
1462 2623 1521 2677 δν
1550 2627 1581 2694 ή
1606 2625 1802 2710 νειρέλη

219 2713 326 2782 τῆς
376 2713 651 2784 ἁμαρτίας
693 2715 804 2767 ἀπὸ
857 2713 965 2766 τῶν
1019 2712 1316 2782 ὀφθαλμῶν
1361 2713 1471 2765 τῶν
1521 2715 1804 2783 ἡμετέρων

222 2802 487 2876 ἔκρυψεν,
522 2805 581 2858 ὃν
625 2804 890 2875 ἐχώρισεν
927 2804 1085 2874 ήμῶν
1115 2805 1148 2874 ή
1204 2805 1490 2874 παρακοὴ,
1523 2805 1581 2857 ὃν
1623 2806 1805 2876 ἐζήτει

2649 876 2726 932 Z'.

1900 990 1986 1064 Ea.
2027 990 2273 1064 Ilesyrhji
2316 992 2605 1064 presbyteri
2634 991 3099 1064 Hierosolymitani
3136 995 3386 1050 Encomio
3420 999 3474 1052 in

1968 1009 1984 1044 ι
2027 1009 2271 1062 uesyrnu
2316 1009 2464 1062 presn
2507 1009 2604 1046 teri
2634 1009 3096 1064 merosmymuam
3136 1009 3386 1050 [Lucontio
3420 1009 3474 1052 in

1968 1062 2180 1135 beatum
2207 1009 2790 1135 Thomumi’Andream]
2817 1065 2892 1135 (1)
2933 1064 3232 1135 [Dominica
3257 1069 3308 1121 in
3331 1068 3474 1134 Albis

1967 1134 2099 1201 forte
2137 1133 2501 1200 pronuntiato.
2543 1133 2699 1188 Joan.
2740 1133 2852 1205 9.0].

1969 1245 2134 1302 Sacra
2169 1247 2257 1300 illa
2297 1249 2423 1302 tuba
2448 1249 2711 1310 Andreas,
2741 1250 2952 1318 primus
2972 1260 3339 1319 apostolorum
3377 1253 3478 1308 fa:-

1901 1347 2008 1404 tus,
2065 1339 2238 1409 prima
2265 1341 2524 1395 Ecclesia:
2564 1342 2840 1405 columna,
2876 1351 3002 1396 ante
3058 1341 3274 1397 Petrum
3302 1356 3477 1414 petra,

1900 1430 2241 1484 fundamenti
2265 1431 2700 1496 fundamentum,
2720 1433 2858 1486 initii
2879 1434 3357 1502 primitiae,vocans
3378 1454 3478 1492 an-

1902 1531 2120 1592 tequam
2148 1525 2753 1588 vocaretur,adducens
2779 1535 3069 1595 antequam
3092 1529 3476 1592 adduceretur.

1899 1629 2000 1670 nos
2032 1613 2098 1668 ad
2131 1625 2464 1669 conventum
2499 1616 2647 1670 hunc
2681 1617 3000 1672 solemniter
3037 1622 3304 1690 agendum
3338 1624 3479 1678 inci-

1899 1705 2053 1758 tavit.
2092 1703 2447 1774 Evangelinm
2485 1704 2569 1758 tui
2597 1706 2837 1758 nondum
2867 1710 3191 1764 credebatur
3219 1714 3482 1780 praedica-

1899 1796 1996 1862 vit,
2029 1805 2082 1849 et
2110 1795 2261 1848 fratri
2297 1796 2450 1864 prius
2471 1812 2632 1864 quam
2665 1797 2940 1866 disceret,
2969 1801 3133 1854 vitam
3192 1805 3476 1860 revelavit.

1900 1887 2106 1941 Tantas
2129 1886 2203 1939 illi
2227 1887 2444 1941 divitias
2467 1887 2555 1942 illa
2581 1888 2936 1958 interrogatio
2957 1893 3136 1947 attulit
3163 1911 3176 1946 :
3200 1893 3298 1949 Ubi
3322 1897 3479 1951 habi-

1903 1977 2007 2032 tas?
2029 1976 2349 2047 Quanquam
2373 1994 2628 2048 magnum
2648 1981 2849 2050 aliquid
2874 1984 3160 2052 responsio
3193 1985 3402 2052 habuit,
3419 1997 3478 2041 ut

1899 2070 2146 2124 Andreas
2179 2071 2349 2125 menti
2379 2072 2485 2126 alte
2520 2071 2771 2143 infigens,
2792 2073 3004 2128 viderit.
3023 2074 3180 2141 Veni,
3206 2077 3404 2146 inquit,
3425 2087 3482 2132 et

1902 2161 2025 2216 vide
2045 2161 2113 2216 ".
2132 2160 2419 2227 Quomodo
2448 2162 2625 2217 factus
2651 2178 2710 2217 es
2733 2163 3004 2233 Propheta
3025 2167 3208 2222 ?unde
3235 2171 3371 2223 adeo
3397 2171 3484 2225 di-

1903 2252 2102 2307 vinus?
2128 2252 2256 2322 quid
2289 2251 2435 2307 Petri
2464 2255 2689 2310 auribus
2720 2255 3032 2324 obstrepis?
3060 2259 3190 2326 quid
3220 2261 3482 2330 consequi

1904 2341 2054 2396 illum
2087 2343 2324 2408 conaris,
2355 2340 2518 2412 quem
2575 2347 2772 2414 nequis
2813 2348 3334 2416 comprehendere?
3377 2351 3482 2417 Qui

1904 2434 2107 2504 ubique
2133 2445 2235 2501 est,
2266 2439 2540 2506 quomodo
2570 2437 2801 2493 inveniri
2825 2448 3006 2509 potest
3031 2441 3053 2493 ?
3075 2441 3290 2497 Etenim
3322 2445 3484 2499 scivit

1903 2526 2150 2581 Andreas
2193 2529 2322 2598 quid
2375 2530 2586 2584 diceret
2621 2548 2631 2584 :
2673 2531 2986 2586 Invenimus
3031 2549 3194 2602 quem
3248 2537 3485 2604 perdidit

1903 2616 2200 2683 Adam,cui
2229 2619 2340 2673 Eva
2359 2620 2618 2675 damnum
2635 2623 2835 2683 attulit,
2860 2639 3019 2692 quem
3045 2626 3252 2689 peccati
3285 2626 3484 2680 nebula

1906 2710 1973 2765 ab
1988 2711 2159 2766 oculis
2176 2711 2382 2766 nostris
2396 2713 2701 2777 abscondit,
2723 2730 2882 2783 quem
2901 2715 3265 2770 inobedientia
3282 2734 3310 2771 a
3328 2720 3484 2772 nobis

1910 2800 2188 2866 alienavit,
2222 2819 2383 2872 quem
2411 2805 2663 2872 (linesivit
2695 2805 2860 2858 David
2889 2823 2900 2856 :
2934 2805 2997 2859 In
3027 2808 3110 2859 die
3132 2809 3487 2863 tribulationis

221 2897 424 2950 Aa6i6'
467 2899 568 2951 Ἐν
602 2897 792 2965 ἡμέρᾳ
833 2895 1096 2965 0.11pm;-
1128 2914 1246 2964 μου
1276 2897 1383 2950 τὸν
1413 2897 1562 2950 Θεὸν
1603 2896 1803 2962 ἐξεζή-

1910 2909 2036 2947 ιηειε
2056 2894 2222 2947 Deum
2253 2896 2509 2964 exquisivi
2535 2895 2599 2948 ⁸⁰.
2628 2896 2691 2949 Et
2719 2895 3028 2966 Sophonias
3061 2900 3257 2954 clamat
3289 2920 3300 2953 :
3333 2900 3487 2965 ουιυ-

221 3005 409 3058 τησα.
444 2989 576 3056 Καὶ,
604 2990 917 3056 Ζητήσατε
941 2987 1094 3060 [τὸν]
1118 2989 1356 3056 Κύριον,
1385 2990 1648 3058 Σοφονίας
1687 2989 1806 3060 βοᾷ,

223 3081 454 3147 πάντες
481 3082 749 3135 ταπεινοὶ
783 3080 915 3150 γῆς.
937 3081 1214 3134 Πέπαικεν
1237 3082 1384 3151 ἡμᾶς
1413 3083 1441 3134 6
1469 3081 1624 3143 Θεὸς,
1646 3081 1806 3151 ήνὶκα

221 3173 326 3226 τοῦ
369 3173 541 3243 Ἀδὰμ
588 3173 914 3226 κατεδίκασε
949 3170 1178 3225 θάνατον
1230 3172 1324 3224 καὶ
1362 3170 1476 3240 βίον
1519 3173 1808 3226 ἐπίπονονο

236 3265 470 3320 Ἰάονατο
495 3264 594 3328 δὲ,
637 3263 736 3318 καί
763 3264 1038 3330 πατάξας
1071 3264 1408 3332 ἐμότωσενο
1443 3263 1530 3316 ὅτε
1560 3279 1810 3332 σταυρω-

224 3356 347 3420 θεὶς
376 3357 514 3427 ὑπὲρ
542 3355 637 3409 τοῦ
665 3356 878 3424 γένους,
923 3353 1003 3425 τῷ
1048 3353 1277 3424 μώλωπι
1321 3353 1484 3406 αὑτοῦ
1504 3394 1519 3419 ,
1550 3355 1692 3406 κατά
1720 3353 1811 3406 τὸν

193 3478 196 3481 -
235 3448 494 3511 Ἠσαῗαν,
537 3448 632 3501 καὶ
663 3449 728 3516 τῇ
763 3447 1060 3500 ἀναστάσει
1110 3446 1318 3509 πάντας
1360 3445 1566 3498 ἰάσατο.
1600 3445 1812 3514 Γυμνὺς

225 3540 326 3593 ἐπὶ
365 3539 458 3592 τοῦ
495 3538 734 3608 σταυροῦ
764 3540 792 3590 ὁ
831 3538 1067 3609 Χριστὸς
1094 3539 1360 3608 ἀνήγετο·
1393 3538 1670 3608 ἁμαρτίαν
1704 3537 1812 3604 γὰρ

226 3631 335 3684 οὐκ
373 3629 534 3700 ἔχων,
578 3630 837 3700 ἰμάτιονο
869 3630 970 3682 οὐκ
1015 3629 1266 3701 ἔχρῃζεν.
1309 3631 1576 3698 ⁸Ἀμωμος
1617 3624 1684 3700 ἦν
1719 3628 1814 3681 καὶ

226 3719 520 3773 λανθάνειν
559 3719 660 3772 οὐκ
701 3718 954 3788 ὠφειλεν.
1011 3719 1182 3772 Οὐθὲν
1220 3715 1289 3789 ἦν
1332 3719 1580 3790 ἄσχημον
1627 3720 1810 3789 αὐτῷ’

231 3809 400 3872 αὐτὸς
428 3808 536 3880 γὰρ
563 3808 722 3879 ἡμῶν
760 3809 829 3862 τὰ
858 3810 1147 3878 ἀσχήμονα
1176 3810 1488 3878 εὐσχήμονα
1517 3809 1810 3862 δείκνυσιν.

233 3895 412 3971 Εὗρον
433 3902 491 3954 αἰ
525 3902 843 3972 μυροφόροι,
872 3903 1012 3971 ὅπερ
1043 3901 1129 3953 διά
1174 3902 1273 3970 τῆς
1307 3901 1451 3964 Elia;
1482 3900 1772 3954 ἀπώλεσαν
1797 3916 1834 3953 ’.

233 3986 364 4062 εὗρε
394 3991 454 4044 τὸ
489 3992 676 4064 κέρδος
707 3994 741 4062 ή
778 3991 1140 4062 παρασχοῦσα
1169 3995 1269 4062 τῆς
1309 3991 1515 4061 ζημίας
1542 3993 1640 4062 τήν
1680 3993 1814 4045 ὑπό-

235 4083 413 4137 θεσιν.
452 4083 612 4147 Ἥξει
644 4083 808 4151 ἡμῖν,
844 4083 926 4148 ὡς
966 4083 1143 4148 ὑετὸς
1184 4081 1444 4152 πρώΐμος
1475 4082 1568 4136 καὶ
1600 4084 1816 4152 ὅψιμος

1912 2984 2012 3037 rite
2039 2984 2227 3050 Deum,
2273 3003 2448 3039 omnes
2477 2989 2742 3040 mansueti
2780 2999 2935 3041 terra:
2958 2991 3026 3041 “.
3063 2991 3337 3046 Percussit
3386 3009 3486 3048 nos

1911 3075 2054 3131 Deus
2083 3118 2097 3140 ,
2156 3079 2376 3146 quando
2408 3077 2674 3133 Adamum
2719 3081 2785 3133 ad
2831 3091 3060 3136 mortem
3095 3085 3485 3156 molestamque

1912 3167 2077 3220 vitam
2104 3169 2489 3225 condemnavit
2524 3189 2536 3224 :
2567 3169 2788 3226 Sanavit
2815 3179 3226 3245 nos,_pereussit,
3257 3189 3306 3231 et
3331 3195 3486 3232 rura-

1913 3260 1984 3312 vit
2021 3277 2111 3314 nos
2137 3262 2205 3328 5’,
2240 3263 2459 3332 quando
2499 3263 2792 3318 cruciﬁxus
2830 3281 2928 3333 pro
2960 3269 3160 3336 populo
3185 3309 3199 3333 ,
3228 3269 3486 3340 languore

1912 3358 1968 3402 et
2003 3351 2406 3405 resurrectione
2429 3367 2619 3407 omnes
2646 3354 2857 3407 sanavit
2886 3356 2950 3406 ⁵³.
2998 3355 3188 3423 Nudus
3236 3357 3288 3409 in
3324 3373 3486 3412 cruce

1913 3440 2162 3497 Christus
2195 3444 2480 3514 pependit,
2517 3445 2728 3510 insons,
2764 3458 2913 3500 veste
2954 3462 3063 3501 non
3106 3449 3372 3519 indigens.
3401 3449 3487 3502 ln-

1914 3549 2120 3590 nocens
2150 3535 2252 3589 fuit
2273 3577 2286 3596 ,
2337 3547 2392 3590 et
2425 3537 2652 3590 multam
2697 3537 2988 3591 manifesto
3017 3539 3292 3606 dependit.
3338 3538 3390 3607 In
3422 3555 3487 3593 eo

1915 3623 2120 3678 fwdum
2152 3625 2288 3678 nihil
2326 3626 2430 3679 fuit
2461 3642 2474 3679 :
2508 3627 2622 3696 ipse
2655 3627 2800 3680 enim
2830 3639 3073 3679 nostram
3105 3627 3401 3681 fceditatem
3434 3629 3488 3682 in

1915 3725 2169 3769 ornatum
2210 3717 2500 3770 convertit.
2545 3717 2878 3770 Invenerunt
2924 3729 3198 3786 unguenta
3251 3720 3490 3774 ferentes

1918 3807 2196 3870 mulieres,
2223 3808 2365 3876 quod
2389 3823 2486 3876 per
2508 3807 2676 3861 Evam
2700 3809 3013 3861 amiserant.
3042 3808 3253 3863 invenit
3279 3811 3490 3865 lucrum

1917 3913 2037 3966 quae
2080 3913 2255 3967 pinnae
2307 3915 2528 3953 causam
2573 3899 2843 3954 dederat:
2885 3900 3054 3952 Veniet
3096 3901 3260 3965 nobis,
3308 3912 3362 3954 ut
3408 3920 3491 3956 ros

1920 3992 2213 4042 matutinus
2240 4000 2286 4042 ct
2321 3991 2584 4043 serotiuus
2609 4001 2764 4043 terra:
2789 3991 2851 4041 “.
2893 3989 3089 4059 Aspice
3121 3991 3282 4061 igitur
3307 3991 3492 4045 Domi-

1918 4098 2073 4147 num,
2106 4090 2227 4151 post
2244 4082 2699 4136 resurrectionem
2727 4098 2885 4135 mane
2910 4083 3249 4144 mulieribus,
3269 4099 3493 4152 vespere

235 4174 317 4244 τῇ
343 4173 439 4246 τῆ.
473 4177 618 4247 Ὅρα
647 4175 828 4228 τοίνυν
861 4176 951 4227 τὸν
988 4174 1193 4244 Κύριον
1227 4175 1369 4246 μετά
1390 4174 1490 4244 τὴν
1519 4175 1808 4229 ἀνάστασιν

1919 4173 2181 4242 apostolis
2239 4183 2614 4242 apparentem.
2669 4173 2828 4226 Mane
2877 4173 3097 4242 quidem
3149 4177 3490 4241 mulieribus,

238 4241 492 4338 πρώῖμον
520 4241 640 4330 ταῖς
669 4265 936 4334 γυναιξὶν,
965 4241 1167 4335 ὄψιμον
1196 4241 1307 4336 τοῖς
1338 4241 1658 4326 ἀποστόλοις
1686 4281 1808 4333 φαι-

1921 4269 2110 4330 Avete,
2140 4281 2370 4333 vespere
2388 4265 2442 4317 in
2473 4265 2687 4318 civitate
2719 4265 2848 4317 Sion
2876 4279 3061 4333 pacem
3088 4266 3368 4334 discipulis
3396 4269 3493 4320 de-

236 4357 486 4428 νόμενον.
521 4357 672 4429 Πρωῖ
712 4358 811 4428 μὲν
842 4357 950 4429 γὰρ
983 4361 1104 4418 ταῖς
1131 4355 1379 4424 γυναιξὶ,
1415 4357 1681 4426 Χαίρετε’
1716 4355 1813 4424 ὀψὲ

236 4449 299 4502 δὲ
320 4452 378 4503 ἐν
408 4453 471 4520 τῇ
503 4448 641 4502 Σιὼν
671 4451 896 4520 εἰρήνην
929 4452 1042 4511 τοῖς
1083 4448 1353 4518 μαθηταῖς
1380 4447 1774 4518 προσεφώνησέ
1797 4465 1814 4481 ο

237 4545 363 4606 ταῖς
394 4543 515 4611 μὲν,
551 4541 640 4594 ἵνα
685 4541 824 4612 λύσῃ
863 4539 961 4609 τὴν
992 4539 1269 4607 ἀπόφασιν
1309 4539 1407 4608 τῆς
1451 4537 1662 4607 λύπηςο
1705 4539 1816 4599 τοῖς

239 4633 324 4698 δέ,
358 4633 443 4686 ἵνα
483 4631 764 4705 καταλύσῃ
792 4632 888 4701 τὴν
911 4630 1129 4700 ἔχθραν,
1161 4633 1224 4699 ἢν
1246 4631 1273 4681 6
1304 4629 1519 4700 δράκων
1550 4627 1818 4698 ἐκακούρ-

240 4741 406 4796 γησε.
449 4723 532 4777 Σὺ
573 4722 853 4792 κληθήσῃ
898 4719 1144 4790 Κηφᾶς·
1188 4720 1294 4786 πρὸ
1335 4722 1431 4788 τῆς
1474 4719 1761 4790 ὁμολογίας
1793 4721 1820 4770 ὁ

246 4816 480 4888 μισθός’
529 4816 659 4886 πρὶν
704 4814 918 4884 ἐργάσῃ
965 4813 1054 4866 τὸν
1098 4813 1425 4882 ἀμπελῶνα,
1463 4813 1522 4864 τὸ
1564 4811 1820 4880 δηνάριον

243 4909 436 4973 ἔλαϐες
455 4924 470 4940 ·
501 4907 631 4979 πρὶν
661 4907 726 4960 ἀν
759 4905 902 4976 ᾶψῃς
932 4905 1026 4958 τὸν
1059 4905 1262 4975 βωμὸν,
1297 4905 1390 4975 τὴν
1426 4905 1619 4957 θυσίαν
1647 4919 1818 4973 προς-

242 5002 488 5067 δέδεξαιο
525 5002 656 5070 πρὶν
699 4999 979 5069 κηρύξεις,
1005 4997 1410 5067 ἐστεφανώθης.
1445 4998 1702 5067 Πτωχοὺς
1727 4997 1821 5051 καὶ

319 5159 364 5230 θ’
385 5161 543 5218 Joan.
577 5180 615 5230 ι,
646 5163 736 5219 59.
811 5163 856 5194 ⁵⁰
882 5163 1024 5218 Psal.
1080 5120 1262 5226 txxvi,
1299 5159 1353 5214 2.

245 5232 294 5265 ⁸⁵
314 5229 472 5288 Joan.
507 5251 544 5288 ι.

1453 5161 1497 5192 δι
1533 5160 1702 5229 Soph.
1735 5173 1796 5224 ιι,
1849 5159 1904 5212 5.

1924 4358 2218 4412 nuntiavit.
2262 4357 2369 4410 Illis
2412 4357 2631 4426 quidem
2690 4365 2747 4408 ut
2791 4371 3080 4410 maerorem
3140 4357 3489 4427 detergeret:

1925 4448 2012 4503 his
2042 4464 2172 4503 vero
2205 4458 2259 4502 ut
2295 4450 2535 4503 solveret
2563 4448 2912 4509 inimicitias,
2951 4464 3086 4516 quas
3127 4463 3355 4517 serpens
3407 4451 3494 4502 in-

1923 4542 2090 4594 vexit.
2155 4540 2225 4593 Tu
2274 4541 2540 4594 vocaberis
2577 4538 2783 4608 Ceplms
2814 4540 2859 4569 ⁵⁵
2894 4558 2905 4591 :
2939 4550 3064 4593 ante
3091 4541 3492 4594 confessionem

1923 4649 2170 4695 merces,
2234 4643 2528 4700 antequam
2582 4633 2634 4685 in
2702 4632 2859 4685 vinea
2908 4631 3171 4684 laboraris
3209 4631 3492 4686 denarium

1923 4725 2201 4793 accepisti.
2257 4723 2563 4792 Antequam
2623 4739 2771 4776 aram
2832 4723 3112 4792 tetigeris,
3168 4723 3494 4778 sacrificium

1925 4816 2068 4870 Deus
2091 4815 2336 4884 suscepit
2373 4835 2385 4869 :
2421 4825 2712 4884 antequam
2747 4816 3091 4882 praedicares,
3119 4832 3374 4870 coronam
3403 4835 3494 4871 ac-

1926 4907 2140 4977 cepisti.
2181 4907 2456 4962 Mendicos
2492 4915 2548 4962 et
2588 4907 2838 4962 indoctos
2869 4909 3119 4962 Christus
3164 4909 3344 4979 elegit.
3380 4910 3493 4977 Ipsa

1929 4999 2196 5068 sapientia
2219 5008 2475 5068 patronos
2502 5013 2610 5052 non
2637 4997 2851 5068 quaerit,
2879 4999 2972 5053 sed
2997 5000 3293 5053 ministros.
3329 4999 3495 5053 Nemo

2003 5158 2048 5189 ⁸⁸
2076 5154 2216 5210 Osee
2246 5172 2323 5215 vr.
2375 5155 2425 5211 1.
2534 5156 2712 5210 “lsa.
2763 5171 2877 5209 LIII.
2918 5156 2968 5210 6.
3077 5154 3278 5210 “Osce
3325 5172 3393 5215 γι,
3439 5155 3490 5207 5.

1509 5379 1742 5434 VARIAE
1783 5377 2196 5435 LECTIONES.

328 5538 357 5570 ι
381 5526 468 5581 Al.
498 5525 652 5600 ήτῆς
682 5525 880 5598 ἀρχῆς.
957 5523 986 5565 1³
1017 5523 1306 5595 ἐρώτησις.
1387 5529 1408 5557 ο
1439 5519 1529 5574 Ia.
1563 5517 1819 5588 ἰματιων,

1711 5671 1942 5730 ΝΟΤΙΕ.

327 5793 667 5866 (UPnortus
729 5789 1060 5849 Bibliotheca
1100 5790 1214 5847 edit
1265 5759 1497 5847 cenem
1551 5789 1804 5860 1612,12.
1844 5789 2004 5846 “86.
