4006 6420
209 399 350 464 1481

950 403 1048 461 DE
1076 400 1618 463 TEMPERANTIA
1656 399 1750 460 ET
1789 398 2148 461 VIRTUTE.
2180 422 2248 432 —
2283 396 2674 459 CENTURIA
2702 397 2752 457 Ῑ.

3322 397 3459 462 1482

200 515 304 567 καὶ
337 511 637 584 προθύμως
671 512 966 583 ὁδευομένη
987 530 1002 544 ·
1050 513 1253 582 γνῶσίν
1291 531 1352 567 τε
1384 513 1604 584 ἀσφαλῆ
1646 510 1783 565 Θεοῦ

1890 511 2070 580 pravis
2095 509 2377 580 operibus,
2421 507 2724 578 opitulante
2771 506 2908 574 Deo,
2944 521 3173 576 prorsus
3231 507 3458 564 liberat.

197 601 299 656 τοῦ
354 601 742 671 ἀκαταλήπτου
792 601 1085 673 ὁδευομένη
1133 602 1441 673 χαρίζεται,
1494 601 1616 655 καθ’
1662 601 1787 654 ὅσον

198 697 454 766 ἐφικτὸν,
486 696 582 749 καὶ
616 696 936 768 μυστηρίων
983 697 1144 752 θείων
1172 701 1266 751 καὶ
1287 697 1628 768 ἀποκρύφων
1654 697 1788 749 ἀπο-

199 787 436 857 κρύφως
485 784 676 838 λύσιν*
734 785 970 856 ὑπάρχει
1019 803 1081 838 τε
1134 786 1317 855 πάσης
1370 784 1591 854 ἐντολῆς
1649 783 1787 837 Θεοῦ

200 880 455 942 Παλαιᾶς
494 879 590 932 κα)⁸
635 878 781 942 Νέας
829 878 1106 949 Διαθὴκης
1140 877 1423 949 ποιητικὴ,
1457 878 1554 931 καὶ
1587 877 1788 939 παντὸς

199 970 418 1038 ἀγαθοῦ
462 971 558 1024 τοῦ
613 970 903 1040 μέλλοντος
939 972 1140 1035 αἰῶνος
1171 972 1504 1042 παρεκτική.
1549 969 1700 1041 Αῦτη
1729 969 1787 1022 δέ

200 1064 415 1132 κυρίως
444 1064 612 1129 ἐστὶν,
653 1066 686 1134 ἡ
733 1064 832 1133 τῆς
882 1064 1109 1135 καρδίας
1144 1065 1492 1137 καθαρότης*
1525 1067 1648 1136 ἡτις
1694 1063 1787 1117 διὰ

198 1156 262 1209 τὸ
297 1155 533 1225 μέγεθος
564 1156 658 1209 καὶ
690 1156 791 1225 τὴν
821 1156 1087 1228 καλλονὴν
1130 1158 1324 1229 αὐτῆς,
1371 1159 1403 1227 ἢ
1438 1159 1786 1229 κυριωτέρως

199 1252 412 1311 εἰπεῖν,
486 1248 578 1302 διὰ
629 1249 727 1319 τὴν
779 1250 1113 1320 ἀπροσεξίαν
1160 1252 1254 1304 καὶ
1301 1252 1564 1320 ἀμέλειαν
1605 1249 1784 1321 ἡμῶν,

201 1339 461 1402 σπανίζει
492 1340 734 1411 σήμερον
783 1341 928 1394 πάνυ
971 1343 1033 1395 ἐν
1079 1345 1333 1412 μοναχοῖς
1353 1357 1366 1371 ⁸
1399 1344 1466 1414 ἥν
1494 1345 1522 1396 6
1551 1343 1786 1414 Χριστὸς

203 1430 504 1500 μακαρίζει
550 1431 726 1498 λέγων
757 1448 770 1460 ·
817 1433 1106 1501 Μακάριοι
1155 1437 1210 1488 οι
1247 1436 1491 1504 καθαροί
1538 1435 1610 1503 τῇ
1647 1451 1787 1503 καρ-

199 1521 328 1588 δίᾳ,
378 1521 470 1575 ὅτι
514 1523 687 1576 αὐτοὶ
727 1525 836 1577 τὸν
871 1525 1018 1578 Θεὸν
1072 1525 1349 1593 ὄψονται.
1407 1527 1642 1598 Τοιαύτη
1691 1527 1786 1581 οὖν

199 1611 362 1677 οὖσα,
397 1613 596 1668 πολλοῦ
629 1615 986 1686 ἀγοράζεται.
1034 1617 1216 1688 Νῆψις
1245 1619 1304 1671 ἐν
1351 1618 1622 1690 ἀνθρώπῳ
1655 1637 1784 1690 χρο-

201 1709 452 1773 νίζουσα,
489 1709 653 1780 ὀρθοῦ
693 1711 788 1764 καὶ⁵
834 1711 1126 1782 θεαρέστου
1166 1711 1283 1782 βίου
1325 1713 1518 1783 ὁδηγὸς
1551 1714 1782 1781 γίνεται.

201 1799 416 1853 Τούτου
464 1801 561 1853 καὶ
606 1801 882 1865 ἐπίόασις.
917 1804 1151 1874 θεωρίαν
1179 1805 1274 1857 καὶ
1300 1804 1362 1858 τὺ
1391 1804 1650 1876 τριμερὲς
1685 1805 1784 1875 τῆς

1889 614 2094 660 certam
2124 604 2288 659 etiam
2340 603 2409 658 de
2457 603 2571 658 Deo
2627 601 3164 672 incomprehensibili
3210 601 3458 658 notitiam

1889 696 2135 767 largitur,
2166 704 2429 764 quantum
2461 695 2677 764 assequi
2699 695 2860 748 licet:
2897 708 3111 748 necnon
3150 693 3461 749 divinorum

1887 795 1944 840 et
1978 785 2316 840 occultorum
2350 785 2734 856 mysteriorum
2763 795 3030 841 secretam
3068 785 3277 856 praebet
3315 786 3463 841 solu-

1888 873 2092 929 tionem
2117 893 2130 928 :
2160 875 2474 944 suppeditat
2498 875 2644 929 vires
2682 875 2943 946 implendi
2967 885 3162 930 cuncta
3192 875 3286 932 Dei
3305 891 3463 931 mane.

1889 967 2036 1030 data.
2058 977 2168 1022 tam
2201 968 2386 1023 Veteri
2412 983 2576 1038 quam
2611 967 2766 1024 Novo
2817 969 3167 1023 Testamento
3206 983 3463 1039 compre~

1889 1059 2091 1114 hensa:
2141 1067 2196 1114 et
2237 1059 2456 1114 tandem
2515 1059 2770 1114 universa
2829 1059 2971 1114 bona
3020 1068 3244 1130 prrestat
3289 1059 3458 1115 futuri

1887 1149 2092 1206 saeculi.
2119 1149 2242 1206 Haec
2272 1159 2452 1204 autem
2485 1150 2705 1220 proprie
2735 1160 2818 1206 est
2855 1150 3064 1220 puritas
3110 1151 3292 1206 cordis
3336 1167 3459 1222 quas

1887 1242 2104 1312 quidem
2147 1252 2368 1312 propter
2399 1243 2776 1298 excellentiam
2826 1251 2882 1297 et
2936 1242 3233 1298 bonitatem
3279 1257 3460 1307 suam,

1885 1335 1972 1388 vel
2009 1339 2089 1404 (ut
2109 1336 2281 1405 magis
2311 1335 2531 1405 proprie
2561 1333 2771 1404 loquar)
2803 1335 2873 1390 ob
2898 1335 3168 1407 ignaviam
3212 1344 3268 1389 et
3287 1333 3459 1405 negli-

1886 1426 2124 1496 gentiam
2157 1437 2423 1492 nostram,
2451 1427 2610 1482 hodie
2637 1427 2884 1496 profecto
2909 1442 3029 1481 rara
3061 1436 3144 1480 est
3170 1426 3223 1480 in
3266 1441 3459 1480 mona-

1885 1518 2033 1571 chis:
2063 1532 2226 1586 quam
2253 1516 2504 1572 Christus
2538 1518 2752 1572 beatam
2804 1517 3082 1588 prmdicat,
3127 1517 3213 1572 bis
3255 1517 3455 1582 verbis,

1885 1607 2040 1661 Beati
2073 1609 2267 1660 mundo
2293 1607 2468 1672 corde,
2502 1609 2752 1677 quoniam
2785 1609 2884 1678 ipsi
2919 1608 3087 1662 Deum
3121 1609 3365 1663 videbunt
3385 1609 3455 1663 ⁸⁸.

1885 1699 2020 1755 Cum
2037 1715 2166 1769 ergo
2196 1699 2266 1753 sit
2295 1698 2586 1767 ejusmodi,
2632 1715 2827 1770 magno
2880 1701 3184 1755 redimitur.
3221 1701 3459 1770 Tempe-

1886 1790 2062 1844 rantia
2092 1805 2212 1859 quze
2251 1790 2513 1859 perdurat
2542 1790 2597 1844 in
2621 1791 2866 1855 homine,
2894 1800 3056 1846 recta:
3087 1792 3307 1861 Dcoque
3338 1792 3457 1862 pla-

198 1891 388 1961 ψυχῆι,
432 1891 659 1955 δικαίως
707 1895 875 1946 κινεῖν
909 1895 1058 1965 ἡμᾶς
1101 1895 1432 1959 ἐκδιδάσκει,
1464 1895 1564 1959 τάς
1595 1895 1785 1966 αἰσθή-

1890 1879 2060 1934 centis
2113 1879 2238 1934 vita:
2285 1880 2393 1935 dux
2437 1879 2707 1935 efﬁcitur:
2768 1881 2925 1950 cujus
2986 1897 3309 1954 progressus
3355 1897 3460 1938 nos

203 2001 326 2047 σεις
368 2001 426 2036 τε
465 1985 720 2054 ἀσφαλῶς
758 1990 938 2058 τηρεῖ,
973 1989 1068 2042 καὶ
1101 1989 1200 2053 τάς
1243 1989 1467 2058 γενικὰς
1513 1990 1784 2060 τέσσαρας

199 2079 411 2146 ἀρετάς
444 2081 502 2134 ἐν
532 2080 611 2151 τῷ
641 2081 856 2152 μετόχῳ
887 2080 1057 2152 αὐτῆς
1086 2081 1208 2135 καθ’
1242 2082 1455 2153 ἡμέραν
1478 2080 1655 2148 αὔξει.

279 2338 350 2409 β’.
403 2341 462 2394 Ὀ
518 2343 690 2410 μέγας
738 2341 1036 2413 νομοθέτης
1087 2344 1312 2414 Μωσῆς,
1367 2344 1566 2413 μᾶλλον
1617 2345 1673 2399 δὲ
1723 2348 1783 2398 τὺ

205 2431 508 2502 Πνεῦματδ
537 2435 712 2501 ἅγιον,
745 2434 1113 2489 ὑποδεικνύων
1138 2435 1196 2488 τὸ
1223 2436 1511 2507 ἄμεμπτον
1541 2437 1634 2490 καὶ
1677 2454 1782 2490 κα-

203 2521 395 2592 θαρὸν,
436 2522 531 2575 καὶ
563 2525 935 2593 περιεκτικδν,
971 2527 1066 2578 καὶ
1099 2526 1358 2588 ὑψοποιὸν
1386 2530 1498 2591 τοῖς
1528 2528 1782 2599 τοιαύτης

203 2614 441 2684 ἀρετῆς,
475 2616 570 2667 καὶ
606 2614 872 2669 διδάσκων
906 2617 1073 2687 ἡμᾶς,
1105 2619 1255 2682 ὅπως
1284 2618 1489 2690 ταύτης
1519 2619 1782 2689 ἄρχεσθαι

203 2703 301 2755 καὶ
327 2701 566 2756 ἐκτελεῖν
593 2704 692 2768 δεῖ,
717 2706 957 2776 Πρόσεχε
991 2708 1228 2778 σεαυτῷ,
1264 2708 1417 2778 φησὶ,
1454 2709 1530 2780 μὴ
1558 2708 1782 2778 γένηται

206 2794 367 2864 ῥῆμα
397 2796 658 2864 κρυπτὸν,
687 2797 787 2868 τὴν
839 2798 1218 2868 μονολόγιστον
1248 2801 1548 2870 ἐμφάνειαν
1581 2802 1782 2871 ὀνομά-

204 2883 318 2948 ζων
381 2885 707 2956 πράγματός
768 2904 917 2952 τινος
982 2890 1317 2960 μισουμένου
1383 2891 1624 2963 πονηροῦ
1677 2891 1783 2946 ὑπὸ

201 2975 383 3029 Θεοῦο
427 2979 494 3048 ἢν
536 2980 601 3048 δὴ
650 2981 746 3034 καὶ
793 2982 1102 3054 προσϐολὴν
1148 2983 1400 3052 λέγουσιν
1431 2987 1480 3038 ot
1513 2985 1779 3056 ΙΙατέρες,

203 3071 628 3143 προσαγομένην
657 3077 724 3144 τῇ
755 3075 955 3145 καρδίᾳ
1003 3093 1096 3129 σου
1141 3077 1290 3149 παρά
1311 3077 1404 3130 τοῦ
1442 3078 1711 3142 διαϐόλου,

203 3165 666 3221 ἐπακολουθοῦσιν
713 3171 763 3222 οί
791 3171 950 3241 ἡμῶν
995 3172 1270 3243 λογισμοὶ,
1316 3174 1479 3238 εὐθὺς
1523 3193 1780 3247 παραφα-

202 3257 359 3327 νείσῃ
401 3257 478 3328 τῷ
508 3258 603 3330 νῷ,
639 3262 906 3332 ἐμπαθῶς
935 3282 992 3318 τε
1023 3266 1158 3338 αὐτῇ
1194 3268 1696 3338 προσδιαλέγονται.

275 3435 348 3497 γ’.
390 3431 568 3502 Νῆψίς
621 3435 768 3489 ἐστιν
806 3437 925 3501 ὁδὸς
974 3439 1156 3510 πάσης
1189 3442 1389 3513 ἀρετῆς
1436 3445 1530 3497 καὶ
1562 3443 1783 3513 ἐντολῆς

203 3517 367 3588 Θεοῦ,
398 3523 520 3593 ἥτις
551 3525 646 3578 καὶ
676 3527 872 3597 καρδία
902 3529 998 3582 καὶ
1039 3532 1260 3602 ἡσυχία,
1307 3536 1404 3587 καὶ
1440 3535 1784 3605 ἀφάνταστος

203 3609 560 3668 τελειωθείσα
590 3617 810 3690 φυλακὴ
837 3621 956 3684 νοὸς
991 3622 1024 3693 ἡ
1053 3622 1217 3692 αύτή.

277 3798 340 3854 δ’.
386 3802 499 3870 Οὐχ
528 3803 630 3874 ὁρᾷ
659 3803 774 3872 φῶς
801 3805 955 3876 ἡλίου
981 3809 1009 3860 6
1034 3811 1314 3879 γεννηθεὶς
1338 3813 1540 3880 τυφλός
1565 3829 1578 3841 ·
1611 3811 1783 3877 οὕτως

206 3887 330 3941 ούδέ
361 3891 389 3942 6
427 3889 502 3962 μὴ
545 3892 701 3963 νὴψει
731 3894 932 3949 ὁδεύων
961 3898 1062 3968 ὁρᾷ
1107 3898 1381 3965 πλουσίως
1415 3901 1514 3964 τάς
1560 3919 1784 3972 μαρμα-

209 3987 386 4055 ρυγὰς
422 3986 522 4054 τῆς
562 3987 768 4041 ἀνωθεν
817 3991 1070 4061 χάριτος·
1103 3991 1225 4046 οὔτε
1263 3993 1319 4046 δὲ
1350 3994 1784 4066 ἐλευθερωθήσε-

206 4094 298 4130 ται
349 4081 416 4132 ἐκ
469 4081 722 4150 πονηρῶν
772 4085 867 4136 καί
920 4086 1168 4156 μισητῶν
1213 4086 1334 4156 Θεῷ
1369 4089 1543 4160 ἔργων
1581 4107 1640 4142 τε
1687 4092 1785 4145 καὶ

206 4168 383 4236 λόγων
427 4171 522 4224 καὶ
553 4174 793 4239 ἐννοιῶν,
829 4175 889 4240 ὃς
933 4177 1031 4230 οὐκ
1076 4177 1366 4252 ἐλευθερίῳ
1401 4182 1588 4252 τρόπῳ
1617 4183 1675 4236 ἐν
1713 4185 1782 4254 τῇ

204 4263 376 4334 ἐξόδῳ
406 4266 534 4329 τοὺς
565 4269 890 4339 ταρταρίους
920 4273 1319 4342 παρελεύσεται
1350 4276 1640 4347 ἄρχοντας.

278 4451 341 4498 ε’.
385 4446 631 4518 Προσοχή
683 4448 822 4513 ἐστι,
875 4451 1143 4524 καρδιακὴ
1191 4455 1536 4521 ἀδιάλειπτος
1585 4460 1784 4530 ἡσυχία

1886 1968 2099 2034 edocet,
2135 1977 2195 2023 ut
2216 1969 2362 2039 juste
2383 1986 2696 2026 moveamus
2717 1973 3170 2042 speculationem,
3196 1983 3250 2028 et
3283 1974 3458 2044 tripli-

1884 2073 2003 2114 cem
2035 2059 2230 2114 animaa
2270 2059 2585 2116 facultatem
2613 2081 2626 2117 :
2659 2078 2856 2119 sensus
2882 2064 2939 2118 in
2986 2073 3105 2120 tuto
3135 2073 3456 2122 conservat:

1883 2159 2116 2220 quatuor
2170 2152 2336 2206 etiam
2401 2155 2687 2224 generales
2741 2155 2973 2212 virtutes
3039 2156 3328 2228 participio
3373 2158 3459 2212 sui

1884 2252 2046 2314 auget
2075 2243 2338 2312 quotidie.

1952 2338 2009 2391 2.
2037 2337 2264 2410 Magnus
2287 2339 2376 2394 ille
2397 2339 2676 2412 legislator
2699 2339 2896 2404 Moses,
2931 2339 3040 2395 imo
3066 2355 3196 2396 vero
3223 2341 3460 2411 Spiritus

1884 2439 2129 2497 sanctus,
2157 2433 2283 2486 dum
2328 2433 2557 2502 hujusce
2592 2433 2810 2488 virtutis
2859 2432 3173 2488 facultatem
3225 2433 3460 2504 irrepre-

1884 2522 2233 2588 hensihilem,
2271 2539 2483 2593 puram,
2515 2538 2798 2593 capacem,
2828 2533 2885 2579 et
2905 2524 3249 2596 magniﬁcam
3275 2525 3460 2581 subin-

1883 2613 2047 2676 dicat,
2078 2613 2314 2669 instrues
2342 2630 2443 2670 nos
2469 2631 2573 2684 qua
2599 2615 2810 2670 ratione
2843 2614 3152 2672 ducendum
3207 2615 3279 2670 sit
3305 2616 3374 2672 ab
3395 2631 3460 2672 ea

1885 2703 2129 2772 initium,
2153 2714 2314 2776 atque
2361 2707 2837 2777 conplementum:
2895 2708 3131 2763 Attende
3185 2708 3284 2763 tibi
3331 2709 3456 2778 ipsi,

1882 2800 1980 2864 ait,
2007 2814 2078 2854 ne
2104 2799 2329 2853 verbum
2359 2801 2452 2852 tiat
2478 2800 2782 2854 occultum:
2815 2799 3144 2870 singularem
3176 2801 3459 2871 appellans

1883 2893 2302 2949 ostentationem
2353 2892 2635 2962 cujusdam
2691 2893 2770 2947 rei
2826 2909 3005 2963 pravae
3063 2893 3176 2948 Deo
3232 2893 3456 2960 odiosa,

1853 3001 2049 3056 'quam
2083 3001 2215 3039 sane
2269 2985 2456 3040 Patres
2491 2984 2656 3039 etiam
2703 2985 2990 3038 nominant
3033 2985 3458 3056 suggestionem,

1883 3092 2002 3146 qua:
2030 3075 2179 3131 cordi
2211 3084 2304 3130 tuo
2337 3076 2647 3130 obtruditur
2675 3093 2706 3130 a
2755 3074 2992 3129 diabolo.
3041 3075 3236 3139 Quam,
3274 3074 3461 3130 statim

1887 3177 1947 3221 ut
2002 3181 2122 3221 sese
2148 3166 2459 3221 exhibuerit
2501 3165 2690 3231 menti,
2741 3174 3046 3235 sequuntur
3101 3166 3461 3236 cogitationes

1809 3237 1852 3297 (ἶ
1889 3267 2116 3326 nostrm,
2176 3267 2234 3314 ct
2283 3274 2408 3314 cum
2462 3273 2524 3313 ea
2577 3259 2846 3328 colloquia
2887 3261 3118 3315 miscent
3170 3259 3460 3315 atlectibus

1887 3352 2068 3421 plena.

1959 3446 2012 3498 5.
2054 3443 2436 3513 Temperantia
2484 3453 2570 3499 est
2620 3443 2706 3498 via
2761 3443 3026 3499 virtutum
3072 3446 3355 3512 omnium,
3405 3456 3462 3503 et

1886 3535 2271 3591 mandatorum
2332 3534 2450 3602 Dei,
2479 3551 2601 3605 quae
2633 3535 2852 3605 quidem
2903 3536 3066 3591 etiam
3101 3545 3186 3592 est
3228 3553 3342 3602 cor,
3403 3547 3461 3593 et

1885 3625 2074 3694 quies:
2130 3625 2430 3695 eademque
2480 3625 2549 3680 ad
2614 3625 2941 3680 vacuitatem
3011 3626 3460 3698 imaginationum

1885 3720 2128 3790 perfeCIe
2151 3721 2392 3784 redacta,
2425 3721 2626 3775 mentis
2647 3731 2730 3775 est
2757 3720 3025 3776 custodia.

1954 3809 2011 3864 4.
2042 3810 2146 3875 Qui
2175 3820 2481 3866 excaecatus
2512 3820 2614 3876 est,
2646 3826 2755 3865 non
2783 3810 2934 3866 videt
2960 3811 3089 3866 solis
3138 3811 3358 3867 lumen:
3385 3813 3460 3868 ita

1885 3902 1979 3971 qui
2033 3917 2145 3956 non
2199 3904 2440 3958 ambulat
2496 3912 2884 3973 temperanter,
2948 3900 3219 3973 pretiosos
3273 3905 3460 3976 gratia:

1886 4011 2138 4065 superna:
2175 3997 2496 4066 splendores
2558 3998 2751 4067 nequit
2795 3998 3141 4069 perspicere:
3202 4015 3380 4071 neque
3429 4016 3462 4056 a

1886 4087 2041 4140 malis
2065 4097 2120 4141 et
2152 4087 2261 4142 Deo
2294 4088 2498 4142 odiosis
2528 4090 2806 4159 operibus,
2837 4090 3206 4154 sermonibus,
3229 4101 3284 4146 et
3317 4093 3464 4162 cogi-

1885 4181 2184 4235 tationibus
2230 4181 2574 4236 liberabitur.
2619 4182 2688 4236 Et
2723 4183 2768 4236 is
2793 4191 3035 4252 tempore
3079 4183 3277 4249 exitus,
3313 4186 3462 4239 nulla

1883 4272 2054 4327 libere
2075 4273 2340 4328 evadendi
2360 4273 2570 4327 ratione
2599 4289 2889 4344 perpensa,
2919 4282 3277 4329 tartareorum
3307 4278 3464 4346 prin-

1887 4364 2070 4433 cipum
2091 4380 2286 4419 manus
2312 4380 2421 4420 non
2452 4364 2696 4434 cﬂugiet.

1961 4457 2014 4512 5.
2047 4456 2293 4512 Attentio
2320 4466 2404 4511 est
2431 4457 2689 4511 continua
2719 4456 2902 4511 cordis
2941 4457 3181 4527 requies,
3227 4459 3295 4513 ab
3343 4474 3464 4512 om-

204 4535 318 4587 ἀπὺ
353 4536 552 4600 παντὸς
577 4537 862 4609 λογισμοῦ,
886 4541 1123 4611 Χριστὸν
1165 4546 1372 4614 Ἰησοῦν
1394 4547 1484 4602 τὸν
1519 4549 1645 4602 Υἱὸν
1687 4550 1783 4603 τοῦ

1890 4549 2052 4604 nibus
2114 4548 2538 4619 cogitationibus
2579 4547 2794 4602 libera:
2858 4563 2981 4617 qua:
3035 4549 3212 4602 solum
3275 4547 3462 4604 Jesum

204 4624 346 4678 Θεοῦ
381 4628 474 4679 καὶ
514 4629 647 4682 Θεὸν
690 4632 778 4683 ἀεὶ
837 4633 934 4686 καὶ
990 4635 1234 4700 ἀεννάως
1273 4639 1370 4691 καὶ
1427 4641 1790 4707 ἀδιαλείπτως

209 4717 375 4787 μόνον
425 4719 588 4773 αὐτὸν
632 4722 1001 4792 ἀναπνέουσα,
1058 4729 1153 4783 καὶ
1206 4731 1646 4803 ἐπικαλουμένη,
1697 4737 1792 4789 καὶ

206 4810 474 4880 ἀνδρείως
524 4813 659 4883 πρὸς
705 4817 833 4881 τοὺς
884 4819 1116 4890 ἐχθροὺς
1163 4825 1574 4896 συντασσομένη
1615 4826 1787 4898 αύτῷ,

207 4901 360 4971 αὐτῷ
390 4919 450 4954 τε
484 4903 953 4980 ἐξομολογουμένη
979 4911 1059 4980 τῷ
1085 4913 1338 4978 ἐξουσίαν
1368 4915 1544 4985 ἔχοντι
1577 4934 1792 4988 συγχω-

209 4996 328 5063 ρεῖν
361 4994 757 5064 ἁμαρτήματα.
811 5002 1334 5076 Περιπτυσσομένης
1386 5007 1494 5078 γὰρ
1550 5010 1789 5080 συνεχῶς

207 5083 432 5154 Χριστῷ
471 5085 540 5138 δι’
567 5088 910 5160 ἐπικλήσεως
936 5095 1198 5165 κρυπτῶς
1229 5097 1378 5168 μόνῳ
1411 5097 1488 5165 τῷ
1513 5098 1612 5163 τὰς
1653 5117 1790 5171 καρ-

206 5173 326 5238 δίας
358 5175 756 5250 ἐξεταζομένῳ,
803 5183 930 5246 τοὺς
973 5185 1293 5257 ἀνθρώπους
1324 5207 1384 5242 τε
1415 5191 1626 5254 πάντας
1657 5210 1791 5246 παν-

206 5265 366 5328 τοίως
401 5266 585 5321 λαθεῖν
618 5273 968 5346 πειρωμένης
999 5278 1099 5349 τῆς
1131 5279 1311 5351 ψυχῆς
1341 5283 1440 5354 τὴν
1473 5283 1790 5354 γλυκύτητα

207 5357 400 5426 αὐτῆς,
429 5361 520 5412 καὶ
552 5361 642 5414 τὸν
675 5363 822 5418 ἔνδον
849 5368 1058 5435 ἀγῶνα,
1095 5375 1230 5443 μήτε
1275 5377 1303 5428 6
1334 5375 1570 5447 πονηρὸς
1613 5377 1789 5432 λαθὼν

207 5450 463 5505 εύοδώσει
499 5456 720 5520 κακίαν,
754 5459 848 5512 καὶ
879 5462 1134 5530 ἀφανίσει
1166 5467 1456 5539 καλλίστην
1504 5470 1786 5537 ἐργασίαν.

281 5547 358 5605 ς’.
413 5543 590 5614 Νῆψίς
634 5549 802 5614 ἐστιν,
859 5550 1096 5622 ἕμμονος
1138 5556 1398 5628 λογισμοῦ
1451 5561 1640 5630 πῆξις,
1695 5563 1788 5616 καὶ

210 5634 404 5698 στάσις
444 5637 607 5690 αὐτοῦ
648 5641 706 5692 ἐν
753 5641 897 5712 πύλῃ
945 5647 1196 5715 καρδίας,
1228 5653 1260 5720 ἢ
1293 5653 1417 5715 τοὺς
1458 5655 1788 5725 ἐρχομένους

245 5811 291 5846 ⁵⁸
329 5811 515 5865 Matth.
544 5827 597 5866 ν.

539 5903 807 5966 ΡΑτιιοι..
849 5907 962 5968 Gn.
1010 5910 1217 5975 XCIII.

1889 4640 2172 4697 Christum
2203 4639 2297 4695 Dei
2349 4640 2545 4694 Filium
2596 4649 2653 4694 ct
2711 4638 2883 4694 Deum
2926 4649 3192 4709 perpetuo
3243 4655 3307 4694 ac
3345 4639 3464 4692 sine

1891 4731 2299 4787 intermissione
2329 4735 2500 4802 spirat
2525 4739 2580 4786 et
2605 4731 2878 4801 implorat,
2910 4740 3018 4785 stat
3051 4746 3172 4784 cum
3205 4746 3269 4785 eo
3289 4730 3464 4785 virili-

1890 4833 1973 4880 ter
1995 4825 2048 4879 in
2081 4824 2201 4880 acie
2231 4825 2493 4880 adversus
2513 4824 2722 4888 hostes,
2751 4823 2910 4891 eique
2933 4823 3244 4887 conﬁtetur,
3265 4837 3465 4891 nempe

1888 4917 1980 4986 qui
2005 4917 2174 4986 possit
2195 4918 2474 4972 remittere
2502 4925 2744 4985 peccata.
2767 4914 2904 4968 Cum
2931 4913 3076 4968 enim
3100 4915 3280 4968 anima
3312 4913 3466 4970 invo-

1889 5010 2198 5064 cationibus
2226 5009 2460 5064 assiduis
2490 5007 2961 5077 circumplectitur
3013 5005 3315 5072 Christum,
3371 5005 3466 5076 qui

1888 5102 2038 5156 solus
2107 5109 2322 5155 secreto
2379 5108 2657 5155 scrutatur
2722 5098 2927 5160 corda,
2985 5112 3316 5167 omnemque
3376 5098 3468 5152 dat

1889 5209 2136 5263 operam,
2168 5209 2240 5248 ne
2273 5193 2366 5247 ulli
2392 5193 2674 5248 hominum
2704 5201 2846 5246 notae
2877 5191 2986 5244 sint
3017 5191 3334 5245 dulcedines
3355 5205 3468 5244 sua:

1891 5285 2206 5354 internique
2258 5283 2563 5346 conﬂictus,
2612 5281 2764 5336 nullo
2821 5292 2981 5351 pacto
3034 5281 3317 5351 improbus
3377 5282 3467 5335 ille

1897 5376 2034 5430 clam
2059 5377 2359 5442 nequitiam
2404 5389 2726 5446 promovere
2770 5373 2989 5444 poterit,
3021 5381 3076 5425 et
3123 5371 3469 5441 operationes

1896 5469 2130 5537 optimas
2152 5468 2356 5523 delere.

1967 5559 2019 5613 6.
2083 5559 2468 5629 Temperantia
2531 5571 2616 5615 est
2661 5572 3022 5629 perseverans
3080 5554 3468 5626 cogitationum

1894 5656 2201 5710 constantia
2246 5672 2260 5709 :
2318 5654 2541 5725 quando
2609 5654 2814 5709 scilicet
2877 5653 3144 5707 sistuntnr
3194 5649 3324 5720 ipsa:
3375 5663 3471 5718 pro

3017 5916 3029 5950 ι

3013 5919 3082 5978 ῐιἹ
