4040 6432
525 387 553 450 1
565 388 668 450 483

1718 384 1772 443 Η
1778 378 2078 443 ESYCI-III
2119 379 2596 445 PRESBYTERI

3659 385 3790 447 1484

528 502 740 557 foribus
776 497 979 565 cordis,
1011 496 1276 570 perspicit
1299 506 1355 553 et
1403 496 1556 551 audit
1585 495 1673 550 illa
1715 497 1848 566 quid
1900 496 2108 561 dicant,

2225 497 2508 567 λογισμοὺς
2547 497 2762 562 λεπτῶς
2803 499 2910 570 ὁρᾷ
2937 498 3033 552 καὶ
3063 496 3280 565 ἀκούει,
3307 498 3364 552 τί
3407 498 3509 569 μὲν
3553 499 3792 567 λέγουσι,

529 591 733 661 quidve
796 590 1000 645 faciant
1064 589 1256 644 furtim
1339 589 1668 657 obrepentes
1746 586 2110 659 cogitationes

529 683 814 740 exitiales:
852 698 1103 753 quaenam
1129 682 1294 738 etiam
1353 681 1425 735 sit
1455 681 1651 745 forma,
1683 696 1809 750 quae
1843 696 1875 735 a
1902 680 2109 735 daemo-

530 779 698 834 nibus
726 777 1060 848 insculpitur
1091 786 1147 832 et
1188 775 1548 847 imprimitur:
1601 790 1665 829 ac
1720 789 1818 845 per
1875 773 2110 843 seipsam

533 871 1023 944 imaginationibus
1069 870 1371 926 dissolvere
1408 869 1608 925 nititur
1656 867 1925 923 animum.
1986 866 2113 921 Haec

529 963 681 1019 enim
704 963 1003 1034 diligenter
1033 962 1271 1026 exculta,
1299 961 1346 1016 si
1369 962 1622 1026 velimus,
1647 960 1941 1017 admodum
1976 961 2112 1016 scite

528 1072 633 1113 nos
663 1057 862 1112 docent
883 1055 1008 1110 belli
1041 1054 1425 1110 intellectualis
1447 1055 1863 1126 experientiam.

605 1147 654 1200 7.
685 1147 916 1213 Quando
936 1145 1244 1201 deserimur
1281 1161 1312 1199 a
1333 1145 1466 1211 Deo,
1497 1145 1718 1215 quando
1745 1146 1876 1200 item
1917 1158 2112 1199 occur-

531 1252 662 1296 runt
693 1241 1029 1296 tentationes
1067 1240 1136 1294 ad
1188 1238 1552 1294 erudiendum
1588 1247 1749 1309 aptae,
1793 1237 1992 1307 duplex
2024 1236 2114 1291 ille

531 1343 713 1390 metus
738 1333 1059 1388 attentionis
1077 1332 1395 1402 magistram
1425 1331 1896 1386 continuationem
1923 1343 2114 1399 parere

531 1427 672 1481 solet
698 1426 755 1479 in
773 1433 957 1480 mente
980 1425 1253 1480 hominis:
1279 1425 1372 1494 qui
1405 1439 1692 1494 pravarum
1722 1421 2112 1493 cogitationum

530 1532 871 1588 operumque
898 1525 1134 1571 conatur
1164 1516 1422 1571 oblurare
1450 1515 1682 1570 fontem.
1706 1513 1866 1569 Unde
1914 1524 1970 1568 et
2012 1513 2112 1568 (ιθ-

532 1605 806 1661 sertiones
828 1611 884 1660 et
917 1604 1212 1674 insperata:
1237 1619 1268 1657 a
1303 1602 1414 1658 Deo
1446 1602 1788 1658 tentationes
1811 1601 1879 1656 ad
1925 1616 2115 1656 emen-

532 1698 811 1753 dationem
852 1696 979 1752 vita:
1014 1705 1218 1752 nostra:
1264 1696 1567 1751 obveniunt
1598 1695 1758 1750 nobis
1815 1696 2110 1766 praecipue,

531 1790 626 1860 qui
650 1789 1055 1847 recreationem
1082 1789 1247 1859 hujus
1282 1789 1414 1842 boni
1442 1788 1803 1859 gustavimus,
1849 1798 1904 1844 et
1930 1798 2110 1843 tamen

531 1882 876 1953 negligimus.
905 1880 1259 1936 Continuatio
1287 1895 1418 1936 vero
1444 1879 1614 1952 gignit
1631 1880 1907 1935 habitum:
1946 1881 2109 1935 habi-

534 1986 622 2028 tus
648 1983 854 2037 autem,
891 1973 1197 2028 naturalem
1230 1973 1522 2043 quamdam
1559 1973 1938 2044 temperantiae
1993 1973 2106 2027 fre-

532 2066 850 2136 quentiam:
894 2064 1011 2121 haec
1041 2065 1282 2132 tandem,
1317 2081 1418 2135 pro
1460 2066 1725 2134 qualitate
1776 2065 1878 2129 rei,
1905 2066 2109 2120 sensim

532 2159 788 2229 producit
819 2159 1340 2228 contemplationem
1370 2159 1526 2214 belli:
1552 2173 1714 2228 quam
1751 2158 1955 2228 excipit
1982 2173 2111 2228 per-

532 2269 797 2309 severans
831 2268 956 2323 erga
987 2251 1173 2307 Jesum
1208 2250 1474 2321 precatio,
1519 2251 1707 2305 suavis
1738 2250 2111 2320 tranquillitas

531 2346 704 2402 animi
737 2343 1218 2416 imaginationibus
1250 2356 1443 2408 vacua,
1503 2352 1559 2398 et
1589 2342 1857 2398 stabilitas
1891 2342 1947 2397 in
1980 2342 2110 2398 Jesu

532 2439 780 2494 fundata.

601 2532 656 2586 8.
697 2530 965 2586 Constans
983 2529 1222 2594 animus,
1255 2531 1348 2600 qui
1371 2529 1648 2586 Christum
1674 2531 1895 2587 invocat
1916 2530 2113 2586 adver-

532 2639 627 2678 sus
656 2623 865 2688 hostes,
914 2622 982 2676 ad
1035 2622 1297 2692 illumque
1330 2623 1590 2694 perfugit,
1650 2632 1738 2678 est
1793 2623 1946 2678 velut
1995 2623 2111 2677 fera

532 2715 780 2785 quaedam
835 2730 866 2768 a
911 2713 1140 2769 canibus
1173 2730 1285 2768 non
1341 2715 1530 2785 paucis
1574 2715 1932 2782 circumdata,
1992 2733 2113 2787 qua:

532 2808 768 2878 seipsam
806 2822 872 2862 ex
921 2807 1155 2862 adverso
1195 2807 1428 2863 collocat
1458 2808 1511 2863 in
1568 2817 1707 2864 tuto.
1739 2809 1877 2864 Cum
1927 2820 2113 2866 autem

531 2899 725 2972 procul
754 2908 938 2954 mente
958 2899 1258 2970 praevideat
1282 2901 1524 2956 hostium
1564 2902 1924 2958 invisibilium
1947 2904 2114 2960 intel-

534 2994 799 3050 lectuales
828 2993 1075 3057 insidias,
1103 2992 1229 3061 quia
1275 2994 1625 3049 continenter
1656 2995 1946 3052 adversum
1993 2997 2116 3053 illos

534 3094 646 3140 stat
671 3101 796 3140 cum
826 3084 954 3140 Jesu
983 3084 1231 3155 paciﬁca,
1259 3096 1548 3155 permanet
1575 3087 1778 3142 illaesus
1809 3089 1878 3143 ab
1913 3089 2042 3146 illis.

607 3179 663 3232 9.
707 3177 763 3234 Si
792 3193 988 3248 prases,
1016 3193 1081 3232 ac
1129 3178 1229 3233 tibi
1284 3177 1470 3234 datum
1513 3189 1617 3246 est,
1675 3189 1736 3235 ut
1787 3183 2012 3240 assistas
2062 3193 2187 3256 etc

535 3272 802 3344 specteris
837 3272 1096 3326 horarum
1134 3273 1530 3328 matutinarum
1576 3282 1844 3345 tempore,
1888 3291 2117 3333 conces-

535 3381 656 3422 sum
678 3373 761 3420 est
794 3365 1005 3435 utique,
1028 3373 1088 3419 ut
1117 3365 1192 3420 sis
1216 3366 1383 3421 etiam
1419 3374 1720 3437 spectator.
1764 3367 1862 3424 Sin
1911 3369 2116 3433 minus,

536 3459 722 3530 vigila,
744 3465 802 3513 et
835 3459 1217 3528 consequeris.

608 3546 696 3601 10.
737 3545 952 3616 Corpus
983 3548 1151 3602 maris
1175 3548 1428 3603 consistit
1453 3548 1510 3603 in
1559 3564 1824 3619 aquarum
1868 3552 2117 3607 multitu-

537 3639 699 3695 dine:
733 3653 1020 3710 compages
1043 3648 1225 3693 autem
1260 3651 1315 3694 et
1347 3641 1752 3696 ﬁrmamentum
1784 3643 2115 3711 sobrietatis,

537 3727 908 3792 abstinentiae,
934 3735 990 3782 et
1014 3728 1457 3797 profundissimaa
1487 3730 1691 3799 quietis
1716 3733 1937 3799 animae,
1962 3735 2120 3806 abys-

538 3834 631 3872 sus
659 3818 788 3872 item
814 3816 1342 3886 contemplationum
1375 3825 1485 3871 tam
1513 3821 1531 3840 ‘
1585 3833 1750 3888 quam
1768 3835 2116 3888 arcanorum,

535 3909 916 3980 exploratricis
974 3908 1139 3963 etiam
1210 3909 1568 3975 humilitatis,
1643 3911 1993 3967 rectitudinis
2057 3930 2121 3970 ac

536 4001 872 4068 dilectionis,
904 4009 990 4056 est
1019 4015 1231 4055 summa
1277 4001 1642 4071 temperantia
1701 4011 1758 4057 et
1803 4003 2122 4074 deprecatio

534 4095 661 4149 Jesu
705 4093 912 4148 Christi
973 4108 1168 4148 carens
1222 4093 1649 4164 cogitationibus
1692 4113 1707 4152 :
1757 4095 1920 4167 idque
1995 4114 2119 4153 cum

534 4185 918 4255 frequentibus
974 4185 1225 4255 suspiriis
1277 4194 1334 4239 et
1377 4184 1640 4241 continuo
1699 4187 1912 4257 labore,
1980 4189 2120 4246 citra

536 4283 721 4328 tamen
755 4273 1123 4328 offensionem
1157 4275 1266 4330 sui.

612 4365 696 4418 ll.
736 4364 857 4419 Non
890 4366 1059 4419 omnis
1081 4369 1169 4437 qui
1200 4369 1328 4422 dicit
1356 4370 1483 4424 mihi
1516 4385 1534 4423 :
1567 4369 1828 4435 Domine,
1876 4373 2118 4439 Domine,

535 4452 756 4506 intrabit
783 4453 838 4506 in
873 4470 1087 4524 regnum
1107 4455 1379 4521 caelorum,
1404 4457 1619 4527 inquit:
1650 4466 1739 4513 sed
1769 4461 1859 4529 qui
1880 4462 2004 4531 facit
2029 4478 2120 4515 vo-

2209 589 2264 641 τί
2290 588 2346 643 δὲ
2387 588 2636 644 ποιοῦσιν
2663 592 2714 644 οἱ
2751 591 2946 661 φόνιοι,
2977 595 3073 645 καὶ
3098 593 3183 656 τίς
3213 594 3362 645 ἐστιν
3387 594 3421 662 ή
3459 592 3798 662 ἐγγλυφεῖσα

2211 687 2308 740 καὶ
2352 686 2691 757 στηλωθείσα
2745 690 2930 762 μορφή
2985 691 3142 762 παρά
3191 691 3303 744 τῶν
3345 692 3662 762 δαιμόνων,
3711 694 3802 746 καὶ

2213 779 2533 848 πειρωμένη
2572 778 2640 831 δι⁹
2689 781 2892 850 ἑαυτῆς
2943 782 3326 852 φανταστικῶς
3360 782 3674 836 καταλῦσαι
3718 784 3802 835 τὸν

2212 869 2359 925 νοῦν.
2410 869 2598 925 Ταῦτα
2651 870 2762 943 γὰρ
2816 873 3255 945 φιλοπονούμενα
3309 873 3409 942 τὴν
3465 875 3671 944 πεῖραν
3713 872 3802 924 τοῦ

2213 963 2408 1034 νοητοῦ
2437 965 2676 1036 πολέμου
2710 967 3097 1037 ἐπιστημόνως
3129 967 3271 1036 ἀγαν
3300 969 3456 1038 ἡμῖν,
3490 967 3594 1020 ἐὰν
3641 965 3802 1021 θέλω-

2217 1073 2342 1127 μεν,
2367 1055 2725 1111 δεικνύουσιν.

2283 1149 2351 1213 ζ’.
2402 1147 2524 1205 οἶδε
2557 1152 2756 1222 γεννᾷν
2792 1149 2958 1219 φόϐος
2999 1152 3031 1202 ό
3069 1148 3248 1213 διττὸς
3290 1149 3386 1202 καὶ
3434 1150 3493 1202 αί
3531 1146 3644 1201 ὑπὸ
3677 1146 3803 1201 Θεοῦ

2214 1243 2653 1314 ἐγκαταλείψεις,
2685 1244 2781 1297 καὶ
2819 1245 2877 1298 αἱ
2929 1243 3279 1298 παιδευτικαὶ
3315 1243 3426 1296 τῶν
3473 1242 3807 1314 πειρασμῶν

2217 1331 2540 1402 συμϐάσεις,
2599 1333 2880 1403 συνέχειαν
2923 1331 3287 1402 ἐπιστατικὴν
3323 1333 3610 1404 προσοχῆς
3644 1333 3704 1385 ἐν
3736 1333 3808 1403 τῷ

2213 1423 2531 1495 ἡγεμονικῷ
2582 1423 2675 1477 τοῦ
2734 1424 3024 1495 ἀνθρώπου
3071 1425 3421 1495 πειρωμένου
3471 1426 3581 1496 τὴν
3632 1427 3809 1495 πηγὴν

2217 1516 2422 1586 φράξαι
2451 1516 2560 1571 τῶν
2594 1516 2779 1570 κακῶν
2822 1517 3106 1588 λογισμῶν
3132 1519 3228 1571 καὶ
3261 1517 3465 1590 ἔργων,
3497 1518 3570 1571 δι’
3601 1519 3675 1590 ῆν
3721 1520 3809 1572 καὶ

2217 1608 2659 1679 ἐγκαταλείψεις,
2687 1609 2782 1662 καὶ
2817 1611 2868 1663 oi
2896 1609 3153 1680 ἀδόκητοι
3187 1610 3297 1664 ἀπὸ
3327 1609 3468 1663 Θεοῦ
3508 1612 3809 1682 πειρασμοὶ

2215 1703 2353 1773 πρὸς
2378 1702 2476 1774 τὴν
2510 1705 2542 1772 ή
2553 1702 2672 1772 μῶν
2694 1701 2786 1756 τοῦ
2819 1702 2936 1773 βίου
2966 1703 3272 1775 διόρθωσιν,
3299 1704 3393 1757 καὶ
3426 1703 3681 1773 μάλιστα
3706 1707 3810 1768 τοῖς

2216 1796 2575 1865 γευσαμένοις
2610 1795 2712 1865 τὴν
2749 1796 3072 1851 -ἀνάπαυσιν
3121 1796 3218 1850 τοῦ
3269 1797 3438 1853 καλοῦ
3483 1797 3688 1852 τούτου
3722 1800 3810 1851 καὶ

2217 1889 2534 1958 ἀμελοῦσιν.
2570 1887 2638 1942 Ἦ
2663 1888 2721 1942 δὲ
2745 1889 2997 1959 συνέχεια
3030 1891 3195 1960 γεννᾷ
3220 1888 3368 1955 ἒξινθ
3395 1893 3428 1960 ἡ
3462 1890 3546 1957 δὲ,
3576 1891 3812 1960 φυσικήν

2215 1998 2338 2036 τινα
2389 1982 2705 2053 πυκνότητα
2757 1981 3009 2052 νήψεως·
3059 1984 3092 2052 ὴ
3133 1982 3212 2046 δὲ,
3266 1982 3510 2054 Θεωρίαν
3537 1983 3681 2045 τέως
3721 1983 3810 2036 τοῦ

2218 2072 2458 2143 πολέμου
2512 2075 2701 2145 ἡρέμα
2747 2075 2889 2128 κατά
2935 2074 3199 2145 ποιότητα
3243 2077 3429 2146 γεννᾷ,
3475 2077 3546 2146 ἦν
3599 2075 3811 2144 δέχεται

2217 2162 2478 2233 ἐπίμονος
2524 2163 2702 2235 Ἰησοῦ
2745 2164 2899 2236 εὐχὴ,
2936 2166 2970 2236 ἡ
3017 2166 3365 2233 ἀφάνταστος
3407 2166 3532 2229 νοὸς
3585 2166 3810 2234 γλυκεῖα

2217 2253 2448 2324 ἠρεμία,
2495 2253 2591 2307 καὶ
2623 2256 2658 2326 ή
2687 2255 3024 2320 κατάστασις
3052 2254 3113 2319 ἐξ
3146 2255 3324 2325 Ἰησοῦ
3360 2255 3709 2312 συνεστῶσα.

2285 2529 2359 2594 η’.
2407 2523 2695 2593 Ἰσταμένη
2718 2523 2813 2577 καὶ
2839 2522 3246 2593 ἐπικαλουμένη
3271 2523 3304 2593 ή
3331 2521 3544 2576 διάνοια
3574 2522 3810 2592 Χριστὸν

2219 2615 2362 2669 κατὰ
2404 2615 2515 2669 τῶν
2543 2616 2841 2686 πολεμίων,
2890 2615 2988 2670 καὶ
3018 2614 3444 2685 καταφεύγουσα
3489 2616 3581 2667 ἐπ’
3627 2614 3808 2680 αὑτὸν,

2219 2700 2331 2760 οἷον
2363 2706 2468 2778 θήρ
2503 2725 2588 2772 τις
2630 2707 2936 2771 κυκλωθεὶς
2969 2706 3077 2760 ὑπὸ
3103 2705 3282 2761 κυνῶν
3310 2705 3545 2773 πολλῶν,
3580 2708 3682 2760 καὶ
3707 2707 3809 2760 ἀν·-

2219 2800 2482 2870 τιστήσας
2522 2799 2711 2855 ἑαυτὸν
2740 2801 2796 2853 ἐν
2830 2798 3172 2870 ὀχυρώματι,
3200 2798 3485 2871 πόρρωθεν
3517 2800 3575 2853 δὲ
3610 2800 3811 2869 νοητῶς

2220 2893 2349 2957 τοὺς
2378 2894 2603 2965 νοητοὺς
2650 2893 2840 2962 λόχους
2868 2892 2977 2945 τῶν
3014 2891 3267 2962 ἀοράτων
3307 2889 3523 2962 ἐχθρῶν
3569 2889 3802 2960 προϐλέ-

2225 3003 2425 3049 πουσα,
2453 2986 2552 3039 καὶ
2589 2985 2678 3039 διὰ
2709 2985 2769 3038 τὸ
2799 2985 3037 3055 συνεχῶς
3080 2984 3432 3054 ἐντυγχάνειν
3472 2981 3551 3053 τῷ
3597 2984 3810 3053 εἰρηνο-

2222 3075 2362 3145 ποιῷ
2390 3074 2562 3145 Ἰησοῦ
2579 3077 2698 3130 κατ’
2725 3074 2930 3140 αὐτῶν,
2963 3075 3206 3147 ἄτρωτος
3233 3075 3291 3141 ἐξ
3320 3074 3502 3128 αὐτῶν
3537 3073 3808 3142 διαμένει.

2296 3168 2361 3223 θ’.
2411 3170 2474 3222 Εἰ
2526 3157 2845 3223 ἐπίστασαί
2879 3168 2974 3221 καὶ
3016 3167 3176 3239 ἐδόθη
3215 3184 3295 3220 σοι
3337 3168 3419 3230 είς
3456 3167 3557 3230 τάς
3601 3166 3812 3236 πρωῖας

2222 3262 2582 3334 παρεστάναι,
2610 3264 2704 3316 καὶ
2737 3261 3159 3325 ὲποπτεύεσθαι,
3183 3260 3320 3315 ἀλλά
3339 3261 3433 3314 καὶ
3461 3257 3808 3324 ἐποπτεύειν,

2219 3350 2367 3418 οἶδας
2399 3354 2428 3407 ὃ
2455 3354 2600 3423 λέγω
2621 3370 2636 3384 ο
2670 3354 2720 3407 εί
2749 3355 2805 3408 δὲ
2839 3353 2925 3421 οὓ,
2969 3354 3130 3424 νῆφε,
3162 3353 3258 3407 καὶ
3285 3352 3451 3424 λήψῃ.

2295 3543 2348 3592 ι’.
2398 3536 2732 3606 Συστήματα
2761 3533 3043 3590 θαλασσῶν
3072 3533 3216 3604 ὕδωρ
3249 3533 3386 3587 πολύ
3412 3548 3427 3562 ο
3461 3532 3722 3603 σύστημα
3756 3532 3808 3584 δὲ

2221 3629 2320 3683 καὶ
2351 3630 2681 3701 κραταίωμα
2714 3629 2956 3699 νήψεως,
2993 3627 3092 3680 καὶ
3134 3626 3550 3696 νηφαλιότητος,
3589 3627 3688 3679 καὶ
3713 3626 3808 3694 qm-

2222 3722 2384 3792 χικῆς
2426 3722 2569 3776 κατά
2612 3722 2812 3792 βάθους
2851 3721 3107 3794 ἡσυχίας,
3140 3721 3234 3774 καὶ
3278 3719 3516 3783 ἄϐυσσος
3563 3719 3808 3788 θεωριῶν

2222 3815 2314 3868 καὶ
2344 3815 2439 3880 ἐξα
2470 3855 2507 3870 ..
2537 3833 2595 3868 τε
2623 3815 2717 3868 καὶ
2738 3816 3092 3888 ἀπορρήτων,
3119 3815 3215 3868 καὶ⁵
3245 3813 3692 3884 ἐπιγνωμονικῆς
3717 3830 3807 3865 τα-

2223 3907 2558 3972 πεινώσεως,
2587 3909 2682 3962 καὶ
2712 3908 3029 3979 εὐθύτητος,
3059 3909 3153 3961 καὶ⁵
3178 3907 3425 3976 ἀγάπης,
3460 3907 3622 3976 νῆψις
3665 3908 3806 3976 ἄκρα

2223 4001 2322 4056 καὶ
2385 4001 2563 4073 Ἰησοῦ
2602 3999 2842 4072 Χριστοῦ
2897 4000 3066 4072 χωρὶς
3120 3998 3399 4069 λογισμῶν
3460 3997 3595 4068 εὐχὴ
3635 4037 3652 4060 ,
3717 3998 3806 4048 καὶ

2220 4095 2382 4149 τοῦτο
2430 4094 2653 4158 στενῶς,
2703 4095 2798 4147 καὶ
2839 4092 3080 4156 πυκνῶς,
3112 4092 3207 4146 καὶ
3245 4089 3535 4162 διηνεκῶς,
3575 4088 3678 4143 καὶ
3714 4105 3806 4141 πο-

2223 4187 2479 4259 νητικῶς,
2513 4187 2608 4241 καὶ
2642 4187 2717 4259 μὴ
2761 4188 3108 4256 περικακείν.

2296 4371 2387 4419 ια’.
2417 4366 2498 4418 οὐ
2518 4363 2638 4430 πᾶς
2669 4367 2701 4419 ὁ
2729 4363 2925 4434 λέγων
2943 4379 3065 4432 μοι,
3093 4361 3292 4430 Κύριε,
3314 4360 3513 4430 Κύριε,
3541 4359 3803 4414 εισελεύο

2222 4473 2413 4519 σεται,
2456 4458 2655 4528 φησὶν,
2693 4456 2765 4509 ὲν
2814 4455 2890 4524 τῇ
2919 4455 3223 4521 Βασιλείᾳ,
3275 4453 3415 4507 ἀλλ’
3441 4455 3474 4505 ό
3520 4450 3711 4505 ποιῶν
3741 4451 3803 4504 τὸ

536 4543 794 4598 (untatem
817 4543 1001 4598 Patris
1035 4546 1136 4599 mei
1176 4547 1243 4599 ⁵⁸.
1281 4545 1544 4602 Voluntas
1566 4559 1759 4604 autem
1789 4552 1962 4621 patris
1988 4554 2109 4622 ejus

2225 4546 2446 4616 θέλημα
2483 4546 2590 4600 τοῦ
2620 4545 2852 4613 Πατρός
2901 4562 3040 4614 μου.
3070 4543 3295 4612 Θέλημα
3346 4541 3403 4595 δὲ
3456 4540 3553 4595 τοῦ
3596 4541 3802 4610 Πατρὸς

536 4635 656 4689 haec
715 4643 821 4701 est,
871 4651 1121 4706 nempe:
1189 4636 1290 4703 Qui
1346 4641 1568 4712 diligitis
1628 4641 1936 4709 Dominum,
1981 4648 2116 4701 odite

2225 4639 2392 4692 αὑτοῦ
2424 4637 2740 4700 ἐστιτοῦτο,
2764 4637 2847 4701 τὸ,
2917 4639 2980 4688 Οί
3035 4633 3388 4704 ἀγαπῶντες
3415 4631 3523 4686 τὸν
3564 4635 3799 4700 Κύριον,

537 4724 769 4779 mata“.
825 4725 1236 4782 Accedentibus
1273 4743 1404 4800 ergo
1461 4733 1720 4800 precibus
1763 4750 1888 4804 erga
1931 4735 2116 4792 Jesum

2225 4730 2454 4801 μισεῖτε
2484 4729 2741 4798 πονηρά.
2774 4728 2985 4782 Οὐκοῦν
3021 4728 3117 4781 σὺν
3155 4729 3221 4797 τῇ
3269 4726 3403 4796 εὐχῇ
3449 4723 3627 4795 Ἰησοῦ
3671 4726 3800 4794 Χρι-

535 4817 838 4882 Christum,
866 4835 1266 4890 prosequamur
1292 4823 1418 4878 odio
1454 4825 1812 4896 cogitationes
1841 4828 2032 4895 malas,
2065 4841 2116 4886 et

2227 4821 2378 4886 στοῦ,
2411 4824 2734 4892 μισήσωμεν
2766 4821 2862 4872 καὶ
2890 4817 3161 4888 πονηροὺς
3201 4815 3521 4886 λογισμοὺς,
3557 4814 3656 4868 καὶ
3695 4813 3799 4867 ἰδοῦ

537 4926 667 4966 ecce
707 4911 1046 4967 voluntatem
1073 4914 1168 4967 Dei
1196 4913 1451 4971 fecimus.

613 5004 702 5058 12.
743 5002 1000 5060 Omnium
1053 5007 1317 5062 virtutum
1345 5019 1522 5080 typus,
1557 5012 1835 5082 exemplar
1893 5014 2118 5070 humani

540 5096 776 5167 generis,
807 5112 872 5151 ac
905 5113 1110 5152 numen
1152 5100 1522 5157 invocandum
1573 5119 1672 5174 pro
1717 5107 1889 5161 veteri
1941 5108 2119 5178 lapsu,

541 5185 808 5240 Dominus
844 5195 1032 5241 noster
1056 5203 1122 5243 ac
1173 5191 1320 5246 Deus
1369 5192 1706 5261 incarnatus,
1760 5207 1818 5251 ut
1851 5199 2120 5269 picturam

539 5279 723 5332 vivam
753 5279 1035 5349 proposuit
1061 5281 1219 5334 nobis
1271 5297 1444 5347 suam,
1479 5299 1641 5354 quam
1671 5287 1726 5340 in
1748 5302 1914 5343 carne
1953 5298 2124 5346 trans-

541 5369 674 5440 egit,
729 5368 929 5436 vitam,
980 5371 1129 5424 omni
1181 5370 1445 5427 virtutum
1483 5389 1682 5445 genere
1720 5377 2120 5447 splendentem.

541 5459 749 5515 Praeter
799 5460 889 5514 illa
939 5476 1069 5517 vero
1118 5463 1260 5517 bona
1310 5480 1432 5534 qua),
1463 5467 1622 5520 nobis
1669 5468 1942 5535 exhibuit,
1999 5483 2125 5542 post

541 5551 873 5622 baptismum
916 5562 1231 5623 susceptum
1275 5555 1496 5610 rediens
1551 5557 1606 5611 in
1654 5559 1959 5630 desertum,
1997 5579 2122 5619 cum

538 5643 859 5716 jejuuasset,
885 5660 1122 5716 pugnam
1154 5645 1582 5705 intellectualem
1623 5654 1790 5723 ccepit
1815 5655 1954 5712 inire
1995 5671 2120 5713 cum

615 5824 659 5857 ³⁵
694 5823 885 5879 Matth.
921 5841 1013 5892 vn,
1038 5823 1128 5878 2f.
1209 5827 1252 5860 ⁸ο
1282 5826 1428 5884 Psal.
1462 5845 1604 5898 xcvi,
1645 5830 1730 5885 l0.

2225 4915 2609 4985 πεποιήκαμεν
2651 4912 2712 4966 τὸ
2747 4911 2959 4982 θέλημα
3003 4907 3099 4962 τοῦ
3126 4906 3286 4961 Θεοῦ.

2301 5006 2388 5077 ιβ’.
2452 5005 2679 5076 Ἀρετῆς
2711 5005 2894 5074 πάσης
2939 4997 3308 5070 ὑπογραμμδς
3358 4995 3456 5051 καὶ
3499 4994 3799 5063 ὑπόδειγμα

2225 5101 2418 5170 γένους
2445 5097 2770 5169 ἀνθρώπων,
2802 5097 2897 5150 καὶ
2928 5094 3228 5164 ἀνάκλησις
3267 5089 3363 5144 τοῦ
3395 5087 3635 5143 παλαιοῦ
3666 5085 3800 5140 πτώ-

2230 5210 2419 5264 ματος,
2449 5192 2478 5244 ὁ
2505 5191 2785 5259 Δεσπότης
2811 5187 2968 5258 ἡμῶν
3002 5185 3100 5240 καὶ
3147 5184 3280 5248 Θεὸς
3315 5181 3647 5255 σαρκωθεὶς,
3677 5195 3799 5249 προ·

2229 5284 2425 5354 έθηκεν
2453 5285 2606 5354 ἡμῖν,
2638 5280 3008 5351 ζωγραφήσας
3033 5278 3123 5331 τὸν
3163 5277 3222 5331 ὲν
3249 5276 3413 5347 σαρκὶ
3454 5272 3626 5327 αὐτοῦ
3669 5288 3799 5323 παν-

2230 5379 2425 5448 άρετον
2461 5375 2594 5446 βίον.
2641 5375 2746 5427 Σὺν
2792 5375 2928 5426 πᾶσι
2955 5371 3013 5425 δέ
3055 5373 3168 5433 τοῖς
3213 5369 3400 5431 καλοῖς
3438 5361 3522 5429 οἷς
3545 5367 3678 5437 ήμῖν
3705 5364 3798 5415 ὑπ-

2232 5469 2420 5535 έδειξε,
2459 5470 2597 5538 μετὰ
2638 5468 2698 5520 τὸ
2741 5465 3027 5536 βάπτισμα
3069 5462 3308 5516 ἀνελθὼν
3340 5465 3422 5524 εἰς
3447 5460 3546 5529 τὴν
3579 5459 3793 5528 ἔρημον,

2235 5564 2371 5636 μετά
2412 5562 2666 5632 νηστείας
2702 5561 2931 5634 ἄρχεται
2955 5559 3136 5630 πάλης
3163 5559 3360 5626 νοητῆς
3409 5553 3504 5607 τοῦ
3532 5550 3794 5610 διαϐόλου,

2230 5656 2305 5722 ὡς
2331 5654 2604 5727 ἀνθρώπῳ
2629 5653 2771 5724 ψιλῶ
2801 5652 2952 5725 αὐτῷ
2996 5649 3407 5724 προσελθόντος,
3451 5645 3546 5700 καὶ
3592 5643 3676 5698 διὰ
3712 5638 3795 5694 τοῦ
