4006 6402
210 407 351 471 1485

921 408 1020 469 DE
1055 405 1599 468 TEMPERANTIA
1641 407 1735 467 ET
1774 406 2131 469 VIRTUTE.
2164 432 2232 443 -·
2263 407 2658 471 CENTURIA
2686 411 2735 473 Ι.

3339 416 3474 483 1496

205 518 415 586 τρόπου
448 513 550 584 τῆς
593 514 753 586 νίκης
791 513 1003 581 ὲδίδαξε
1048 515 1143 570 καὶ
1186 515 1337 585 ἡμᾶς
1360 513 1491 578 τοὺς
1536 513 1790 599 ἀχρείους

1915 514 2132 582 liabolo,
2155 515 2332 582 illum,
2365 527 2426 573 ut
2453 534 2650 589 purum
2686 519 2965 576 hominem
3001 524 3377 596 aggredientc.
3410 530 3481 588 Et

201 607 479 671 δούλουςό
500 607 779 677 Δεσπότης
802 606 941 679 πρὸς
964 607 1035 661 τά
1063 606 1354 677 πνεύματα
1379 607 1481 678 τῆς
1504 610 1793 677 πονηρίας,

200 700 360 763 ὅπως
380 700 489 772 χρὴ
514 699 614 770 τὴν
639 699 819 769 πάλην
844 700 1111 769 ἐνεργεῖν,
1146 699 1423 753 τουτέστιν
1449 700 1507 751 ὲν
1529 696 1798 753 ταπεινώ-

204 808 297 845 σει
330 795 429 847 καὶ
454 792 701 864 νηστείᾳ,
730 793 827 847 καὶ
868 793 1004 865 εὐχῇ
1038 792 1132 845 καὶ
1168 790 1349 862 νηψει,
1390 790 1420 843 ό
1460 789 1534 860 μὴ
1579 787 1797 859 χρῄζων

202 883 322 938 τῶν
346 885 629 951 τοιούτων,
675 883 813 939 καθὸ
837 884 993 948 Θεὸς,
1026 884 1123 938 καὶ
1152 883 1283 947 Θεδς
1312 881 1421 936 τῶν
1446 880 1604 934 θεῶν.

286 1057 381 1131 ιγ’.
433 1059 507 1115 Τὸ
549 1061 626 1127 δὲ,
663 1063 820 1118 πόσοι
858 1062 1052 1135 τρόποι
1101 1062 1212 1115 είσὶ
1261 1061 1380 1115 κατ’
1413 1059 1515 1130 ltiti:
1548 1060 1649 1130 τῆς
1701 1059 1796 1129 νή-

206 1148 384 1219 ψεως,
420 1150 740 1222 καθαρίζειν
774 1152 882 1205 ἀπὸ
913 1151 1196 1223 λογισμῶν
1228 1150 1501 1223 ὲμπαθῶν
1540 1151 1633 1203 τὸν
1673 1148 1799 1203 νοῦν

207 1244 337 1297 κατ’
382 1244 585 1314 ὀλίγον,
643 1244 754 1299 ἰδοὺ
789 1245 1035 1317 σημάναι
1089 1262 1171 1299 σοι
1215 1244 1381 1300 αὐτοῦ
1431 1242 1799 1314 ἀκομψεύστῳ

206 1333 361 1401 λέξει
411 1336 509 1389 καὶ
555 1336 826 1408 ἀποικῐλῳ
870 1337 971 1391 ούκ
1018 1337 1267 1409 ὀκνήσω·
1316 1336 1377 1390 οὐ
1433 1335 1542 1407 γάρ
1602 1334 1799 1407 ἔκρινα

206 1427 407 1500 ὥσπερ
455 1432 511 1483 ὲν
550 1432 665 1494 τοῖς
713 1431 811 1485 τοῦ
857 1431 1098 1502 πολέμου
1146 1430 1506 1503 διηγήμασιν,
1555 1430 1613 1483 ὲν
1661 1429 1798 1500 τῷδε

205 1521 291 1591 τῷ
330 1521 477 1592 λόγῳ
515 1521 723 1594 κρύψαι
760 1523 860 1594 τὴν
891 1524 1163 1593 ὠφέλειαν
1199 1524 1290 1577 διά
1318 1522 1427 1576 τῶν
1454 1521 1675 1589 λέξεων,
1706 1521 1802 1575 καὶ

208 1614 455 1684 μάλιστα
481 1619 595 1679 τοῖς
643 1615 1061 1689 ἁπλουστέροις.
1109 1616 1184 1670 Σὺ
1213 1615 1293 1682 δὲ,
1314 1615 1507 1669 τέκνον
1542 1613 1797 1689 Τιμόθεε,

211 1707 457 1780 πρόσεχε
491 1703 573 1772 οἷς
603 1708 1023 1778 ἀναγινώσκεις.

1894 620 1959 661 ea
1991 607 2245 664 vincendi
2274 610 2487 667 ratione
2514 613 2675 667 etiam
2706 629 2808 669 nos
2832 614 3056 672 inutiles
3079 633 3268 675 servos
3294 620 3480 676 docuit

1897 695 2186 765 Dominus,
2224 716 2335 770 quo
2358 713 2518 772 pacto
2545 704 2950 777 conﬂigendum
2986 710 3209 768 sitcum
3264 716 3477 787 spiriti-

1896 791 1997 846 bus
2036 794 2316 864 nequitiaa;
2352 796 2457 851 hoc
2483 804 2586 861 est,
2621 797 2675 851 in
2704 798 3033 867 humilitate,
3077 803 3308 874 jejunio,
3349 824 3477 878 pre-

1896 883 2078 950 cibus,
2137 894 2195 941 et
2223 889 2620 958 temperantia:
2672 891 2765 961 qui
2815 904 3025 961 tamen,
3082 906 3141 952 ut
3202 899 3367 968 Deus,
3416 919 3479 958 ac

1896 974 2124 1032 deorum
2155 976 2317 1043 Deus,
2346 980 2542 1036 talibus
2567 998 2674 1037 non
2705 985 2941 1043 habebat
2974 1004 3134 1060 opus.

1970 1068 2057 1123 l5.
2097 1068 2242 1136 Quot
2267 1081 2472 1139 autem,
2497 1090 2619 1129 mea
2649 1080 2945 1144 sententia,
2970 1082 3080 1136 sint
3105 1084 3250 1138 modi
3278 1087 3480 1143 mentis

1900 1162 2268 1233 expurganda:
2352 1166 2615 1235 paulatim
2681 1170 3103 1241 cogitationibus
3179 1177 3477 1234 aﬂectuum

1898 1252 2099 1321 plenis,
2128 1261 2190 1308 ut
2219 1256 2574 1324 perveniatur
2602 1259 2670 1314 ad
2707 1266 3153 1332 temperantiam,
3189 1268 3305 1338 jam
3337 1270 3480 1327 indi-

1899 1359 2027 1400 care
2084 1346 2181 1401 tibi
2236 1363 2347 1403 non
2408 1349 2690 1417 dubitabo,
2743 1368 2999 1410 sermone
3053 1358 3476 1431 haudquaquam

1900 1446 2095 1492 ornato
2118 1448 2215 1493 aut
2247 1440 2418 1494 vario.
2450 1440 2569 1497 Non
2606 1445 2776 1507 enim,
2809 1455 2868 1500 ut
2900 1446 2955 1500 in
2985 1448 3210 1504 historia
3261 1452 3476 1519 bellica,

1902 1528 2069 1584 statui
2091 1530 2191 1585 hac
2224 1532 2474 1588 oratione
2501 1534 2603 1589 sub
2631 1536 2923 1592 verborum
2955 1538 3247 1597 lenociniis
3273 1545 3479 1599 utilita-

1902 1630 2013 1675 tem
2043 1622 2344 1689 occultare,
2372 1633 2427 1679 ct
2454 1625 2688 1682 maxime
2715 1629 3164 1699 simplicioribus.
3211 1634 3292 1690 Tu
3323 1652 3477 1705 vero,

1903 1710 1976 1766 ﬁli
2009 1712 2310 1784 Theodule,
2338 1718 2558 1773 attende
2580 1719 2824 1775 animum
2848 1722 2934 1778 his
2959 1739 3081 1793 quae
3110 1725 3262 1798 legis.

290 1797 351 1851 ιδ’
356 1838 371 1853 .
413 1795 509 1862 Εἷς
556 1798 653 1853 οῦν
701 1799 903 1871 τρόπος
940 1800 1176 1870 νήψεως,
1214 1800 1299 1867 τὸ,
1346 1798 1448 1870 τὴν
1498 1798 1803 1867 φαντασίαν

1979 1804 2067 1860 14.
2111 1802 2267 1861 Unus
2292 1822 2424 1878 ergo
2459 1809 2655 1865 modus
2682 1814 3059 1881 temperantia:
3096 1795 3482 1887 comparanda:

215 1888 404 1943 πυκνά
454 1892 701 1956 σκοπεῖν,
762 1891 932 1961 ἤγουν
984 1891 1083 1963 τὴν
1130 1890 1456 1963 προσϐολὴν,
1496 1890 1585 1944 διὰ
1629 1890 1692 1943 τὸ
1728 1890 1804 1961 μὴ

211 1979 483 2035 δύνασθαι
516 1981 608 2035 τὸν
647 1982 894 2037 Σατανᾶν
936 1985 1108 2054 χωρὶς
1154 1983 1461 2053 φαντασίας
1505 1981 1805 2053 λογισμοὺς

210 2072 593 2145 δημιουργεῖν,
626 2075 721 2129 καὶ
748 2074 1171 2146 παραδεικνύειν
1203 2074 1282 2147 τῷ
1310 2074 1384 2147 νῷ
1420 2075 1557 2147 πρὸς
1586 2075 1806 2144 ἀπάτην

212 2164 419 2236 ψευδῆ.
1182 2199 1192 2206 .

292 2255 380 2310 ιε’.
435 2257 663 2327 Ἕτερος
694 2258 774 2325 δὲ,
811 2259 873 2313 τὸ
902 2258 1047 2330 ἔχειν
1075 2258 1175 2330 τὴν
1209 2258 1437 2330 καρδίαν
1477 2257 1689 2329 βαθέως
1717 2260 1807 2313 διὰ

215 2351 426 2415 παντὸς
460 2351 756 2406 σιωπῶσαν
785 2354 878 2406 καὶ
906 2354 1287 2425 ἡσυχάζουσαν
1317 2353 1426 2407 ἀπὸ
1476 2352 1683 2415 παντὸς
1711 2353 1801 2406 λό-

214 2457 343 2510 γου,
374 2439 468 2494 καὶ
501 2439 776 2512 εὔχεσθαι.
1689 2447 1700 2458 ’

294 2539 393 2598 ις’.
448 2532 665 2599 Ἄλλος,
705 2533 766 2587 τὸ
794 2532 1136 2604 παρακαλεῖν
1174 2532 1268 2586 τὸν
1311 2530 1517 2603 Ἰησοῦν
1562 2533 1641 2594 είς
1678 2531 1803 2603 βοή-

168 2664 171 2667 -
215 2624 377 2680 θειαν
412 2624 661 2696 συνεχῶς
692 2626 750 2679 ὲν
776 2624 1131 2679 ταπεινώσει.

291 2714 384 2781 ιζ’.
442 2716 668 2787 Ἕτερος
696 2714 754 2768 δὲ
786 2714 1007 2786 τρόπος,
1030 2715 1111 2776 τὸ,
1147 2716 1366 2786 μνήμην
1399 2713 1544 2785 ἔχειν
1574 2714 1803 2770 θανάτου

215 2808 573 2863 ἀδιάλειπτον
601 2811 661 2863 ὲν
687 2810 753 2879 τῇ
788 2808 955 2879 ψυχῇ.

290 2907 385 2972 ιη’.
436 2894 607 2954 Abeat
639 2902 811 2955 πᾶσαι
842 2901 898 2954 αί
944 2899 1226 2969 ἐργασίαι,
1269 2898 1544 2969 ἀγαπητὲ,
1573 2900 1671 2962 τάς
1705 2915 1805 2952 πο-

215 2992 396 3064 νηρὰς
421 2992 633 3057 ἑννοίας
664 2992 824 3063 δίκην
852 2991 1121 3063 πυλωρῶν
1150 2989 1442 3045 κωλύουσι.
1484 2990 1559 3043 Τὸ
1588 2990 1645 3044 δὲ
1674 2992 1807 3062 όρᾷν

217 3084 362 3157 πρὸς
386 3084 616 3156 οὐρανὸν
651 3086 744 3138 καὶ
768 3084 896 3154 γῆν,
934 3084 1070 3157 μηδὲ
1118 3082 1376 3154 ἡγεῖσθαι
1405 3082 1555 3144 ὅπως
1580 3082 1806 3152 ἐνεργός

217 3147 354 3229 ἐστι
388 3147 484 3230 σὺν
516 3178 629 3239 τοῖς
660 3147 1041 3241 ἄλλοις,γέεόῦ
1069 3147 1325 3238 διδόντος,
1363 3175 1515 3245 ῥῆμα
1548 3174 1607 3226 ὲν
1655 3147 1802 3245 άλλῳ
1832 3147 1874 3204 c

216 3268 374 3339 τόπῳ
400 3267 777 3339 ὲκτελέστερον
799 3266 1237 3341 ὲκ[τε]θήσομαι.

296 3358 383 3413 ιθ’.
446 3357 574 3412 Ἐὰν
604 3360 744 3429 πρὸς
772 3359 953 3428 ὀλίγον
981 3356 1090 3410 τῶν
1140 3356 1330 3410 παθῶν
1358 3357 1456 3421 τὰς
1486 3356 1665 3421 αίτίας
1706 3358 1802 3411 ὲκ-

219 3449 517 3519 κόψαντες,
567 3450 678 3513 τοῖς
712 3450 1106 3519 πνευματικοῖς
1160 3447 1614 3519 ὲνασχοληθῶμεν
1666 3447 1803 3503 θεωο

222 3545 459 3616 ρήμασι,
494 3543 569 3616 μὴ
620 3546 680 3598 έν
728 3544 910 3609 αὐτοῖς
944 3544 1001 3597 δὲ
1047 3544 1443 3615 διατρίψωμεν,
1473 3545 1605 3599 αὐτὸ
1644 3544 1802 3599 τοῦτο

221 3638 443 3709 ἔχοντες
472 3636 907 3708 ἔργον,εύχερῶς
934 3636 1095 3690 πάλιν
1118 3636 1211 3689 ἐπὶ
1225 3637 1292 3691 τά
1312 3639 1411 3708 τῆς
1428 3637 1629 3709 σαρκὸς
1654 3638 1801 3710 πάθη

223 3727 698 3800 περιτρεπόμεθα,
745 3727 913 3799 μηδὲν
941 3725 1071 3782 ἀλλο
1109 3727 1318 3780 ἐκεῖθεν
1348 3728 1800 3798 καρπωσάμενοι,

221 3820 257 3892 ἢ
312 3820 578 3874 σκότωσιν
621 3818 900 3883 παντελῶς
932 3818 1027 3872 τοῦ
1080 3817 1198 3884 νοῦ,
1247 3818 1342 3871 καὶ
1388 3819 1482 3871 ἐπὶ
1528 3819 1596 3872 τά
1644 3820 1803 3872 ὑλικά

223 3914 521 3985 ἐπιτροπήν.

292 4011 364 4060 κ’.
415 4006 507 4057 Δεῖ
560 4003 654 4058 τὸν
701 4002 1108 4075 ἀγωνιζόμενον
1163 4004 1310 4060 ἔνδον
1370 4004 1512 4059 κατά
1564 4004 1801 4076 στιγμὴν

134 4132 139 4133 ί
220 4097 420 4170 χρόνου
450 4097 595 4168 ἔχειν
620 4097 692 4151 τὰ
722 4097 965 4169 τέσσαρα
990 4096 1164 4151 ταῦτα
1184 4138 1199 4163 ,
1230 4098 1562 4151 ταπείνωσιν
1586 4136 1602 4161 ,
1635 4113 1805 4168 προσ-

220 4192 359 4262 οχήν
379 4206 438 4243 τε
459 4190 655 4261 ἀκραν,
684 4189 1033 4263 ἀντίρρησιν,
1060 4190 1157 4243 καὶ
1174 4191 1504 4260 προσευχήνο
1532 4189 1805 4244 ταπείνω-

222 4302 311 4339 σιν
341 4284 462 4355 μὲν,
492 4284 577 4337 ὅτι
604 4280 742 4353 πρὸς
774 4278 1160 4351 ὑπερηφάνους
1197 4280 1455 4351 δαίμονας
1492 4278 1805 4341 ἀντιθέτους

218 4374 557 4432 ταπεινώσει
600 4374 749 4428 ἐστὶν
800 4372 941 4444 αὕτη
991 4374 1026 4443 ἡ
1078 4372 1249 4441 πάλη,
1301 4372 1387 4426 ἵνα
1420 4371 1519 4444 τὴν
1563 4368 1803 4443 Χριστοῦ

225 4470 481 4544 βοήθειαν
521 4468 581 4522 ἑν
627 4468 775 4539 χειρὶ
806 4465 1035 4537 καρδίας
1078 4465 1200 4537 ἔχῃ,
1244 4464 1332 4518 διὰ
1375 4464 1439 4518 τὸ
1465 4464 1560 4519 τὸν
1600 4464 1805 4564 Κύριον
1839 4504 1886 4564 D

223 4561 615 4635 ὑπερηφάνους
694 4559 912 4630 μισεῖν
966 4559 1241 4631 προσοχὴν
1292 4557 1371 4624 δὲ,
1428 4557 1519 4612 ἵνα
1570 4558 1662 4611 ἀεὶ
1708 4557 1810 4628 τὴν

226 4655 426 4712 ἑαυτοῦ
471 4653 697 4726 καρδίαν
738 4654 867 4724 ποιῇ
928 4650 1135 4722 μηδένα
1189 4650 1454 4722 λογισμὸν
1508 4651 1674 4721 ἔχειν,
1711 4650 1815 4704 κᾶν

226 4749 391 4820 δῆθεν
419 4746 621 4817 ἀγαθὸς
646 4745 944 4817 φαίνηται·
980 4741 1305 4815 ἀντίρρησιν
1346 4742 1427 4809 δὲ,
1459 4742 1549 4796 ίνα
1575 4741 1815 4813 ὁπηνίκα

226 4844 399 4911 ὀξέως
428 4841 593 4910 γνοὺς
631 4839 725 4893 τὸν
760 4838 1007 4903 ὲλθόντα,
1046 4836 1212 4899 εὐθὺς
1244 4837 1367 4905 μετ’
1400 4836 1573 4907 ὀργῆς
1598 4835 1812 4889 ἀντιλο-

227 4934 449 5007 γισθείη
473 4933 551 5004 τῷ
578 4929 821 5003 πονηρῷ.
852 4929 962 4983 Kal
984 4926 1485 4996 ἀποκριθήσομαι,
1504 4925 1662 4998 φησὶ,
1689 4927 1813 4993 τοῖς

229 5027 592 5090 ὀνειδίζουσι
620 5042 725 5095 μοι
753 5023 912 5078 κακά
934 5039 948 5053 ·
978 5021 1127 5090 Οὐχὶ
1156 5019 1238 5086 τῷ
1273 5019 1395 5085 Θεῷ
1433 5018 1814 5089 ὑποταγήσεο

229 5138 326 5178 ται
360 5122 399 5187 ὴ
432 5116 602 5187 ψυχή
629 5131 788 5185 μου;
829 5112 994 5184 εὐχὴν
1022 5112 1102 5176 δὲ,
1134 5112 1224 5165 ἵνα
1257 5111 1395 5182 μετά
1419 5112 1519 5181 τὴν
1550 5111 1815 5182 ἀντίρρη-

235 5229 345 5278 σιν,
377 5208 541 5271 εύθὺς
572 5209 638 5259 ὲκ
674 5202 880 5275 βαθέων
920 5202 1151 5273 καρδίας
1183 5202 1477 5273 κραυγάσῃ
1519 5200 1658 5271 πρὸς
1683 5200 1819 5271 xm-

235 5302 365 5356 στὸν
396 5296 685 5367 στεναγμῷ
737 5295 992 5364 ἀλαλήτῳ
1013 5310 1027 5326 ⁸
1060 5294 1157 5349 atati.
1201 5293 1323 5347 τότε
1356 5292 1521 5356 αὐτὸς
1560 5294 1590 5347 ό
1619 5293 1819 5362 ἀγωνι-

232 5393 460 5462 ζόμενος
493 5386 747 5458 βλέψεται
791 5384 881 5438 τὸν
911 5382 1104 5456 ἐχθρὸν
1135 5383 1397 5454 λυόμενον
1427 5382 1505 5454 τῷ
1534 5382 1677 5454 ἀγίῳ
1719 5386 1814 5437 καὶ

235 5478 599 5553 προσκυνητῷ
629 5476 858 5545 ὀνόματι
890 5473 987 5527 τοῦ
1042 5473 1238 5545 Ἰησοῦ,
1287 5474 1363 5535 ὼς
1393 5473 1522 5545 χοῦν
1559 5473 1664 5527 ὑπὸ
1691 5474 1815 5528 ἀνέ-

239 5592 364 5646 μου,
402 5573 437 5642 ἢ
471 5571 545 5634 ὼς
596 5568 801 5622 καπνὸν
832 5567 1150 5621 ἐκλείποντα
1198 5566 1338 5635 μετά
1379 5568 1479 5637 τῆς
1512 5567 1811 5635 φαντασίας

237 5662 432 5721 αὑτοῦ.

316 5865 362 5899 ⁸⁸
400 5863 541 5920 l'sal.
572 5878 761 5929 cxvm,
791 5861 881 5917 ιε.
964 5861 1007 5893 ⁵²
1039 5857 1186 5914 Psal.
1220 5874 1333 5925 ωιι,
1368 5859 1416 5913 ι.

1906 1906 2010 1961 est,
2048 1906 2106 1952 ut
2146 1897 2595 1970 imaginationem
2619 1902 2814 1959 crebro
2860 1907 3286 1976 perpendamus,
3328 1912 3481 1983 obje-

1903 1988 2147 2045 ctionctn
2190 1991 2491 2047 videlicet:
2534 2010 2602 2051 eo
2646 1997 2793 2065 quod
2825 1997 3035 2068 absque
3089 1999 3482 2071 imaginatione

1908 2076 2141 2134 Satanas
2180 2091 2418 2151 nequeat
2449 2084 2628 2138 moliri
2688 2087 3077 2158 cogitationes,
3114 2103 3209 2146 aut
3259 2092 3481 2150 fallendi

1906 2169 2099 2238 gratia,
2128 2172 2297 2227 menti
2326 2188 2636 2246 proponere
2669 2179 2978 2235 mendacia.

1980 2262 2067 2317 15.
2111 2263 2263 2320 Alter
2285 2282 2437 2332 vero,
2482 2279 2544 2324 ut
2571 2270 2623 2323 in
2646 2270 2919 2340 profundo
2941 2288 3042 2343 per
3086 2278 3270 2332 omnia
3314 2280 3483 2336 silen-

1909 2354 2006 2421 tio,
2059 2368 2115 2412 et
2166 2359 2353 2427 quiete
2398 2362 2549 2416 omni
2609 2378 2867 2420 sermone
2907 2380 3101 2432 vacua,
3161 2368 3483 2429 demersum

1909 2447 2207 2505 habeamus
2236 2451 2502 2518 animum,
2544 2469 2607 2508 ac
2639 2470 2951 2525 precemur.

1985 2540 2067 2593 16.
2110 2541 2285 2608 Alius,
2310 2552 2370 2597 ut
2404 2558 2529 2599 cum
2554 2544 2859 2607 humilitate
2887 2547 3075 2606 Iesum
3112 2552 3166 2606 in
3217 2555 3482 2612 auxilium

1908 2631 2256 2687 continenter
2276 2634 2618 2691 invocemus.

1982 2724 2069 2780 l7.
2113 2725 2353 2791 Quartus
2407 2736 2589 2782 autem
2640 2730 2836 2786 modus
2888 2742 3004 2798 est,
3058 2745 3120 2792 ut
3167 2738 3482 2797 continuam

1909 2810 1961 2865 in
1987 2812 2170 2868 animo
2193 2813 2493 2869 habeamus
2532 2816 2725 2872 mortis
2756 2820 3095 2875 memoriam.

1982 2903 2067 2958 18.
2100 2903 2381 2961 Universae
2416 2908 2768 2977 operationes
2797 2910 3089 2979 ejusmodi,
3138 2914 3481 2983 charissima,

1910 3012 2065 3052 more
2095 2997 2394 3067 janitorum
2424 3015 2613 3055 arcere
2650 3001 2824 3057 solent
2850 3018 3047 3073 pravas
3069 3010 3479 3079 conceptiones.

1908 3088 2111 3155 Quanti
2145 3107 2276 3147 vero
2308 3093 2380 3148 sit
2403 3094 2689 3161 momenti,
2732 3096 2927 3152 caelum
2961 3098 3185 3164 intueri,
3227 3111 3283 3158 et
3326 3105 3484 3161 nihili

1911 3177 2091 3234 facere
2146 3190 2371 3249 terram,
2432 3198 2541 3237 una
2597 3198 2724 3238 cum
2772 3184 3016 3254 reliquis,
3080 3188 3188 3243 Deo
3241 3190 3484 3247 donante

1910 3273 2224 3329 facultatem
2246 3276 2491 3343 dicendi,
2529 3277 2636 3333 alio
2673 3278 2793 3333 loco
2820 3279 3036 3349 plenius
3065 3297 3354 3352 exponam.

1981 3366 2068 3420 t9.
2103 3364 2159 3419 Si
2179 3367 2478 3437 amputatis
2501 3368 2569 3423 ad
2592 3368 2866 3423 modicum
2886 3378 3100 3441 tempus
3130 3373 3483 3431 aﬂ‘ectionutn

1910 3472 2128 3522 causas,
2162 3458 2386 3514 studere
2416 3458 2746 3529 incipiamus
2777 3460 3119 3530 spiritalibus
3148 3465 3485 3523 observatio-

1910 3549 2094 3615 nibus,
2127 3550 2263 3604 etin
2291 3548 2370 3605 eis
2396 3565 2505 3605 non
2534 3550 2907 3617 immoremur,
2943 3554 3187 3609 eamdem
3216 3568 3486 3614 navantes

1910 3657 2155 3713 operam,
2203 3640 2364 3697 facile
2413 3642 2601 3697 denuo
2644 3642 2990 3698 revolvemur
3023 3644 3089 3698 ad
3124 3648 3306 3702 carnis
3348 3649 3485 3705 atl'e-

1918 3743 2067 3799 ctus,
2103 3732 2315 3788 nullum
2343 3732 2473 3789 inde
2495 3734 2735 3792 fructum
2774 3735 2940 3789 alium
2964 3736 3287 3804 referentes,
3323 3756 3484 3811 quam

1910 3826 2281 3881 omnimodam
2334 3826 2846 3884 obtenebrationem
2901 3830 3135 3895 mentis,
3186 3840 3242 3887 et
3278 3833 3348 3889 ad
3396 3849 3487 3890 res

1911 3918 2143 3973 seusiles
2168 3917 2605 3973 conversionem.

1970 4006 2060 4062 20.
2104 4007 2241 4063 Eum
2274 4009 2369 4079 qui
2401 4010 2639 4066 sustinet
2656 4010 2916 4068 interiora
2949 4013 3268 4080 certamina,
3294 4017 3487 4072 eodem

1912 4109 2192 4156 momento
2226 4102 2508 4170 temporis,
2554 4101 2708 4157 hisce
2753 4113 2988 4174 quatuor
3037 4105 3325 4175 praeditum
3367 4122 3489 4163 esse

1910 4190 2192 4254 convenit,
2222 4188 2554 4255 humilitate,
2596 4193 2904 4247 attentione
2961 4209 3196 4259 summa,
3251 4197 3491 4251 relucta-

1914 4284 2083 4349 tione,
2116 4294 2172 4339 et
2204 4285 2544 4354 precatione.
2570 4282 2889 4340 Humilitate
2937 4287 3181 4356 quidem,
3230 4290 3490 4358 quoniam

1913 4376 2201 4432 conflictus
2257 4376 2346 4431 ille
2404 4386 2488 4431 est
2542 4377 2807 4431 adversus
2865 4378 3132 4446 superbos
3170 4378 3488 4447 daemonas,

1914 4469 2240 4525 humilitatis
2303 4469 2681 4524 adversarios:
2723 4485 2832 4539 quo
2879 4468 3081 4525 Christi
3114 4471 3375 4526 auxilium
3431 4472 3490 4527 in

1913 4578 2080 4618 manu
2098 4562 2281 4619 cordis
2303 4562 2534 4617 habeat:
2563 4578 2689 4618 cum
2710 4561 2979 4618 Dominus
2999 4563 3179 4619 oderit
3200 4564 3489 4634 superbos.

1913 4654 2233 4709 Attentione
2266 4667 2417 4717 vero,
2470 4660 2531 4707 ut
2569 4668 2729 4707 suum
2785 4652 2961 4721 ipsius
2990 4652 3235 4706 animum
3284 4652 3492 4724 cogita-

1916 4749 2177 4812 tionibus,
2230 4747 2399 4801 etiam
2448 4746 2600 4800 velut
2644 4744 2912 4799 bonitatis
2972 4744 3212 4814 speciem
3268 4760 3381 4815 pra:
3432 4759 3492 4799 se

1915 4840 2241 4903 ferentibus,
2270 4840 2572 4894 immunem
2596 4851 2827 4907 semper
2855 4835 3070 4891 reddat.
3111 4834 3494 4891 Reluctatione

1915 4939 2120 4994 autem,
2148 4937 2211 4983 ut
2242 4943 2367 4984 cum
2390 4927 2740 4983 accedentem
2794 4924 3038 4996 diligenti
3098 4925 3298 4980 mentis
3361 4940 3496 4980 acuu

1917 5021 2064 5076 mine
2104 5021 2339 5083 noverit,
2392 5034 2518 5074 mox
2556 5017 2969 5073 excaudescens
3022 5016 3362 5072 contradicat
3418 5016 3494 5071 illi

1918 5126 2178 5181 nequam.
2253 5112 2325 5166 Et
2392 5108 2734 5177 respondebo,
2790 5108 3000 5178 inquit,
3058 5108 3496 5177 exprobrantibus

1920 5203 2047 5255 mihi
2107 5203 2253 5257 mala
2284 5202 2381 5255 “z
2440 5200 2629 5255 Nonne
2685 5200 2795 5255 Deo
2850 5200 3089 5270 subjecta
3151 5200 3249 5255 erit
3312 5200 3496 5255 anima

1920 5311 2037 5349 mea
2056 5296 2148 5351 ⁸⁸2
2178 5295 2505 5351 Precatione
2533 5302 2739 5358 autem,
2786 5303 2847 5347 ut
2874 5303 3231 5364 posteaquam
3275 5293 3496 5348 restite.

1922 5388 2015 5451 rit,
2080 5387 2370 5442 confestim
2435 5404 2505 5443 ex
2566 5388 2763 5442 intimo
2815 5386 2980 5441 corde
3039 5384 3373 5439 vocifcretur
3427 5385 3495 5437 ad

1922 5478 2203 5535 Christum
2232 5479 2438 5551 gemitu
2464 5477 2751 5534 indicibili.
2779 5477 3029 5545 Tumque
3063 5475 3129 5541 is,
3190 5474 3284 5542 qui
3335 5474 3498 5529 modo

1925 5572 2190 5635 certabat,
2221 5572 2427 5630 videbit
2452 5572 2666 5626 hostem
2697 5586 2821 5625 cum
2848 5565 3195 5622 illusionibus
3235 5564 3370 5629 suis,
3401 5581 3499 5635 per

1820 5702 1823 5703 ν
1925 5674 2124 5715 nomen
2154 5659 2285 5714 Jesu
2319 5667 2568 5714 sanctum
2597 5669 2653 5713 et
2680 5655 3042 5716 adorandum,
3092 5651 3243 5708 velut
3302 5653 3495 5722 pulve-

1926 5768 2039 5806 rem
2071 5768 2100 5806 a
2123 5760 2308 5817 vento,
2342 5760 2435 5806 aut
2463 5750 2595 5805 fumi
2619 5745 2999 5806 evanescentis
3028 5744 3219 5813 instar,
3248 5743 3491 5800 dissolvi.
