4006 6402
556 396 690 461 H87

1744 399 2113 463 HESYCHII
2153 398 2627 461 PRESBYTERI

3677 404 3800 470 1488

619 516 709 570 2t.
753 514 855 581 Qui
917 528 1025 569 non
1060 524 1143 570 est
1173 514 1346 569 fretus
1373 513 1689 589 precatione
1715 515 2126 587 cogitationibus

2314 518 2417 566 καθ.
2478 513 2540 567 Ὀ
2573 514 2649 585 μὴ
2679 513 2821 585 ἔχων
2857 514 3022 587 εὐχὴν
3053 515 3305 588 καθαρὰν
3342 515 3801 588 λογισμῶνβπὶον

552 619 800 682 purgata,
834 617 986 665 caret
1002 609 1170 664 armis
1199 608 1267 665 ad
1294 608 1499 664 bellum
1535 610 1700 680 aptis.
1746 608 2134 665 Precationem

552 702 696 767 dico,
720 715 939 771 semper
960 700 1238 772 vigentem
1279 700 1336 754 in
1382 701 1757 771 penetralibus
1806 702 2036 757 animae:
2076 708 2139 755 ut

555 811 653 865 per
684 793 1089 849 invocationem
1113 793 1244 848 Jesu
1273 791 1481 850 Christi
1507 804 1564 849 et
1588 793 1909 850 intestinum
1932 794 2135 850 bellum

552 884 872 955 castigetur.
894 892 951 939 et
980 882 1159 939 hostis
1179 890 1461 939 exuratur.

623 973 715 1029 22.
760 973 935 1029 Debes
957 973 1212 1044 equidem
1245 981 1304 1028 tu
1329 971 1516 1029 subtili
1549 981 1605 1028 et
1656 973 1871 1029 iutenso
1934 974 2135 1030 mentis

528 1065 753 1120 ointuitu
773 1065 1111 1136 perspicere,
1142 1064 1490 1136 utintelligas
1522 1064 1896 1136 ingredientes
1923 1066 2133 1138 cogita-

554 1158 755 1215 tiones.
785 1157 888 1213 Ubi
918 1171 1053 1213 vero
1081 1156 1257 1221 noris,
1287 1157 1471 1213 statim
1523 1157 1832 1214 resistendo
1881 1167 2135 1215 conteras

553 1250 1039 1321 caputserpentis:
1074 1264 1294 1320 unaque
1323 1249 1627 1320 suspirans,
1650 1250 1929 1307 Christum
1961 1251 2134 1307 incla-

554 1352 719 1399 mato.
786 1344 856 1399 Et
907 1343 981 1398 ita
1035 1342 1322 1414 experiere
1383 1343 1630 1399 divinam
1687 1353 1744 1400 et
1800 1344 2132 1402 invisibilem

550 1433 960 1490 defensionem.
993 1434 1071 1489 Ac
1098 1442 1213 1490 tum
1234 1433 1445 1505 liquido
1470 1436 1762 1507 perspicua
1813 1437 1909 1494 ﬁet
1953 1438 2133 1495 cordis

552 1527 846 1582 rectitudo.

621 1619 713 1675 25.
784 1619 1256 1686 Quemadmodum
1296 1619 1344 1675 is
1386 1618 1480 1690 qui
1528 1620 1811 1691 speculum
1873 1631 2022 1679 tenet
2076 1624 2131 1679 in

550 1728 739 1777 manu,
804 1712 850 1768 si
916 1712 1058 1769 forte
1106 1712 1421 1768 consistens
1474 1715 1531 1768 in
1581 1714 1762 1769 medio
1811 1715 2129 1784 multorum,

550 1802 747 1860 deﬁxis
774 1803 949 1859 oculis
974 1804 1255 1859 intueatur
1314 1803 1371 1857 in
1418 1804 1667 1874 speculo,
1724 1804 1875 1861 videt
1911 1805 2129 1876 quidem

552 1896 701 1966 quali
730 1896 800 1953 sit
830 1895 948 1966 ipse
977 1894 1140 1960 facie,
1168 1895 1317 1951 videt
1342 1873 1508 1951 etiam
1539 1896 1773 1953 aliorum
1831 1873 2042 1953 vultum
2073 1898 2129 1952 in
2162 1873 2205 1928 Β

551 1989 698 2044 idem
732 1988 1015 2059 speculum
1042 1988 1505 2044 incumbentium:
1537 1992 1611 2044 ita
1629 1989 1725 2059 qui
1770 1999 1917 2046 totus
1944 1992 1998 2045 in
2038 2006 2133 2047 cor

556 2095 719 2136 suum
751 2079 1039 2146 incumbit,
1077 2088 1132 2135 et
1170 2095 1329 2135 suum
1360 2080 1535 2150 ipsius
1568 2089 1769 2136 statum
1799 2081 1856 2137 in
1886 2096 1953 2137 eo
1995 2096 2133 2137 con-

553 2168 740 2239 spicit,
773 2176 830 2223 et
871 2168 1081 2240 nigram
1121 2167 1449 2239 spiritalium
1508 2168 1833 2243 Ethiopum
1886 2171 2133 2227 intuetur

553 2259 771 2323 faciem.

622 2352 715 2408 24.
755 2351 1025 2409 Caeterum
1054 2365 1211 2407 mens
1240 2366 1338 2423 per
1358 2350 1593 2422 seipsam
1616 2353 1791 2409 solam
1816 2370 1927 2410 non
1950 2364 2133 2425 potest

553 2454 816 2510 superare
881 2438 1194 2495 illusionem
1248 2439 1599 2496 daemonum:
1660 2456 1729 2497 ne
1797 2442 1904 2498 sibi
1946 2442 2015 2499 de
2063 2456 2131 2498 eo

554 2532 785 2587 nimium
819 2532 971 2587 ﬁdat.
1008 2530 1142 2586 Nam
1163 2546 1289 2587 eum
1318 2532 1430 2602 sint
1477 2532 1711 2598 versuti,
1766 2534 1934 2590 etiam
1985 2535 2131 2591 vinci

552 2624 834 2691 simulant,
859 2623 990 2679 dum
1019 2623 1238 2679 aliunde
1257 2640 1356 2696 per
1373 2624 1591 2681 inanem
1622 2627 1848 2700 gloriam
1871 2630 2132 2700 supplan-

552 2724 690 2771 tant.
726 2716 959 2783 Quando
989 2731 1122 2772 vero
1158 2715 1320 2773 Jesus
1358 2717 1663 2787 invocatur,
1716 2735 1788 2775 ne
1837 2720 1906 2777 ad
1940 2722 2130 2777 horam

552 2805 772 2876 quidem
805 2806 1132 2872 subsistere,
1167 2814 1262 2862 aut
1287 2807 1475 2863 fallere
1507 2817 1559 2864 te
1586 2821 1837 2881 possunt.

620 2897 712 2952 25.
755 2896 1037 2964 Observa,
1086 2914 1160 2954 ne
1216 2914 1325 2969 qua
1382 2900 1600 2958 ducaris
1646 2903 1931 2973 opinione,
1976 2919 2130 2960 more

549 2989 737 3061 populi
761 2990 1044 3047 lsraelitici
1077 3008 1093 3046 :
1131 3001 1186 3047 et
1232 2991 1306 3047 ita
1337 2994 1569 3050 tradaris
1616 2996 1869 3052 hostibus
1918 2996 2132 3054 intelle—

557 3083 853 3138 ctualibus.
880 3083 975 3139 Ille
1009 3083 1156 3139 enim
1186 3084 1457 3142 beneﬁcio
1484 3086 1582 3143 Dei
1617 3089 1864 3144 onmium
1885 3090 2129 3147 auctoris

2234 621 2341 660 ουκ
2369 604 2483 677 ἔχει
2511 607 2593 671 είς
2634 607 2870 679 πόλεμον
2888 626 2905 643 ο
2942 610 3108 681 εὐχὴν
3134 609 3194 664 δὲ
3226 609 3373 679 λέγω
3398 610 3642 674 ἀεννάως
3671 613 3804 684 ἐνερ-

2237 700 2513 771 γουμένην
2538 703 2598 757 ὲν
2628 701 2846 767 ἀδύτοις
2878 702 2981 773 τῆς
3028 702 3231 773 ψυχῆς,
3270 703 3359 756 ἴνα
3401 706 3468 774 τῇ
3501 702 3597 756 τοῦ
3649 704 3803 774 Ἰησοῦ

2238 792 2479 865 Χριστοῦ
2510 794 2799 865 ἐπικλήσει
2828 796 2859 848 ό
2888 795 3137 867 κρυφίως
3180 795 3420 867 πόλεμος
3464 796 3803 868 μαστιγῆται,

2236 886 2335 940 καὶ
2366 886 2634 959 φλέγηται
2668 888 2946 959 πολέμιος.

2309 979 2420 1051 κβ’.
2469 981 2548 1035 Εὖ
2578 980 2680 1052 μὲν
2714 982 2952 1052 ὀφείλεις
2993 982 3108 1047 όξετ
3137 982 3233 1037 καὶ
3262 982 3502 1054 συντόνῳ
3534 982 3629 1035 νοῦ
3655 983 3805 1054 βλέμ-

2239 1089 2369 1144 ματι
2394 1072 2639 1143 βλέπειν,
2674 1073 2815 1128 ῶστε
2842 1077 2984 1128 νοεῖν
3023 1075 3152 1139 τοὺς
3180 1075 3608 1146 εἰσερχομένους
3626 1091 3641 1107 ο
3665 1077 3807 1144 rw);

2233 1165 2313 1231 δὲ,
2346 1164 2477 1237 παρ’
2520 1166 2662 1222 αὐτά
2698 1166 2768 1221 δι’
2799 1168 3175 1239 ἀντιρρήσεως
3208 1167 3340 1240 θλᾷν
3378 1169 3482 1238 τὴν
3522 1166 3622 1222 τοῦ
3650 1169 3807 1238 ὄφεως

2236 1257 2505 1329 κεφαλὴν,
2538 1259 2635 1313 καὶ
2662 1258 2779 1331 ἅμα
2803 1259 2979 1330 τούτῳ
3014 1261 3113 1315 σὺν
3142 1262 3435 1332 στεναγμῷ
3468 1261 3666 1332 βόησον
3690 1263 3805 1335 πρὸς

2236 1350 2507 1421 Χριστὸν,
2574 1352 2668 1405 καὶ
2729 1350 2879 1425 λήψῃ
2940 1354 3136 1424 πεῖραν
3193 1352 3316 1407 τότε
3377 1354 3535 1418 θείας
3592 1356 3803 1427 ἀοράτον

2234 1443 2573 1516 ἀντιλήψεως
2612 1460 2627 1476 ο
2678 1446 2778 1500 καὶ
2828 1449 2954 1502 τότε
3005 1448 3139 1519 ὁρᾷς
3196 1447 3487 1520 τηλαυγῶς
3556 1448 3807 1523 εὐθύτητα

2234 1536 2490 1608 καρδίας.

2308 1637 2417 1699 κγ’.
2448 1630 2661 1702 Ὠσπερ
2699 1632 2729 1685 ὁ
2750 1631 2969 1703 κρατῶν
3007 1633 3274 1706 ἔσοπτρον
3302 1636 3361 1688 ὲν
3390 1636 3559 1707 χειρὶ,
3592 1634 3806 1707 μέσονδὲ

2235 1723 2453 1793 εἰτύχοι
2478 1722 2690 1777 πολλῶν
2713 1724 3002 1795 ἱστάμενος
3024 1727 3287 1792 ἀτενίζων
3311 1728 3390 1799 τῷ
3404 1728 3679 1798 ἐσόπτρῳ,
3704 1729 3808 1798 βλέ-

2235 1833 2327 1869 πει
2381 1815 2483 1887 μὲν
2530 1815 2593 1869 τὸ
2640 1814 2771 1870 τδιον
2817 1818 3114 1887 πρόσωπον
3161 1820 3364 1885 όποῐον,
3392 1819 3587 1891 βλέπει
3629 1820 3687 1874 δὲ
3727 1820 3807 1875 καὶ

2232 1908 2340 1964 τῶν
2384 1909 2561 1965 ἄλλων
2604 1909 2715 1963 τῶν
2756 1910 3145 1979 ὲγκυπτόντων
3176 1912 3236 1966 ὲν
3283 1912 3363 1984 τῷ
3400 1913 3483 1967 ἑνὶ
3533 1913 3805 1985 ἐσόπτρῳ·

2232 2000 2407 2065 οὓτως
2441 2003 2470 2057 ὁ
2495 2002 2564 2056 δι’
2600 2002 2722 2057 ὅλου
2753 2003 3046 2073 ὲγκύπτων
3090 2006 3173 2069 είς
3213 2005 3313 2078 τὴν
3346 2006 3584 2076 καρδίαν
3612 2005 3784 2073 αὐτοῦ,

2235 2092 2424 2166 βλέπει
2464 2095 2565 2167 μὲν
2608 2095 2709 2168 τὴν
2746 2095 2945 2152 ἑαυτοῦ
2987 2098 3328 2157 κατάστασιν
3359 2103 3417 2153 ὲν
3444 2100 3611 2171 αὐτῇ,
3642 2100 3809 2171 βλέπει

2231 2185 2289 2240 δὲ
2318 2188 2414 2241 καὶ
2440 2188 2512 2242 τά
2560 2188 2770 2260 μέλανα
2824 2190 3096 2262 πρόσωπα
3134 2192 3245 2246 τῶν
3288 2192 3498 2264 νοητῶν
3528 2192 3803 2249 Αἰθιόπων.

2302 2366 2402 2422 κδ’.
2468 2365 2610 2420 Ἀλλ’
2640 2366 2702 2421 οὐ
2737 2366 2962 2422 δύναται
3004 2370 3033 2423 ὁ
3076 2369 3204 2434 νοῦς
3252 2370 3477 2441 νικῆσαι
3522 2370 3805 2441 φαντασίαν

2230 2457 2514 2530 δαιμονίαν
2546 2459 2613 2513 δι’
2656 2458 2854 2513 ἑαυτοῦ
2924 2459 3091 2531 μόνου
3127 2502 3142 2528 ,
3193 2461 3401 2532 μήποτε
3450 2458 3646 2513 τούτου
3689 2461 3805 2532 θαῤ-

2235 2554 2403 2627 ρείτω
2428 2571 2441 2586 ’
2476 2552 2782 2626 πανοῦργοι
2823 2554 2934 2625 γὰρ
2973 2553 3127 2617 ὅντες
3160 2554 3254 2607 καὶ
3302 2552 3573 2625 ἡττᾶσθαι
3603 2553 3806 2624 ὑποκρί-

2231 2661 2439 2706 νονται,
2478 2643 2704 2699 ἄλλοθεν
2748 2645 2837 2699 διά
2879 2643 3190 2710 κενοδοξίας
3236 2643 3717 2709 ὑποσκελίζοντες·
3746 2645 3803 2713 τῇ

2234 2736 2292 2789 δὲ
2359 2734 2535 2808 Ἰησοῦ
2590 2736 2880 2807 ἐπικλήσει
2932 2736 3147 2804 στῆναι,
3197 2737 3295 2789 καὶ
3342 2734 3717 2791 δολιεύσασθαί
3754 2751 3803 2788 σε

2230 2828 2352 2883 οὐδὲ
2381 2828 2488 2882 κᾶν
2518 2828 2655 2899 πρὸς
2679 2828 2828 2899 ὥραν
2858 2829 2935 2883 ὑπ
2951 2829 3245 2900 ομένωσιν.

2300 2925 2403 2973 κε’.
2462 2919 2624 2990 Ὅρα,
2676 2919 2752 2991 μὴ
2788 2918 2982 2992 οἰηθῇς
3032 2919 3175 2973 κατά
3223 2919 3316 2973 τὸν
3350 2918 3521 2973 πάλαι
3584 2919 3799 2990 Ἰσραὴλ

2231 3012 2328 3065 καὶ
2379 3011 2737 3085 παραδοθήσῃ
2784 3012 2879 3066 καὶ
2929 3012 3092 3077 αὐτὸς
3145 3013 3258 3076 τοῖς
3306 3016 3519 3083 νοητοῖς
3567 3012 3797 3083 ἐχθροῖς·

2229 3105 2438 3168 ἐκεῖνος
2492 3104 2602 3176 γὰρ
2650 3103 2804 3175 παρά
2854 3103 2949 3157 τοῦ
2989 3103 3100 3157 τῶν
3136 3103 3276 3157 ὅλων
3325 3101 3483 3170 Θεοῦ,
3540 3104 3799 3172 Αἰγύπτου

550 3177 813 3235 liberatus
877 3179 947 3234 ab
1009 3178 1266 3252 ASgypto.
1328 3182 1399 3239 ad
1446 3198 1608 3256 opem
1672 3185 1777 3241 sibi
1845 3186 2125 3245 ferendam

2229 3196 2591 3266 ἀπαλλαγεὶς,
2630 3193 2825 3267 βοηθὸν
2870 3193 3067 3249 ἑαυτοῦ
3110 3193 3410 3265 ἐπενόησεν
3452 3192 3674 3248 εἴδωλον
3710 3209 3801 3263 χω-

548 3270 878 3343 excogitavit
913 3270 1119 3327 idolum
1150 3273 1445 3332 eonﬂatile.

622 3362 713 3418 26.
756 3363 1257 3421 ldolumeonﬁatile
1279 3366 1569 3441 intelliges,
1602 3379 1846 3427 mentem
1876 3382 2126 3429 nostram

549 3452 853 3509 inﬁrmam:
905 3469 1026 3525 qua:
1068 3457 1313 3527 quandiu
1358 3460 1579 3530 quidem
1633 3462 1886 3534 implorat
1935 3464 2125 3520 Jesum

546 3544 828 3602 Christum
846 3548 1108 3605 adversus
1126 3552 1386 3621 nequitiae
1414 3554 1661 3625 spiritus,
1691 3556 1850 3613 facile
1875 3556 2127 3630 proﬁigat

546 3651 681 3692 eos:
729 3647 785 3693 et
836 3638 1140 3696 invisibiles
1186 3642 1394 3700 inimici
1455 3644 1647 3718 copias
1700 3649 1969 3705 militares
2007 3660 2124 3706 arte

546 3728 731 3784 subtili
784 3730 1047 3800 repulsat.
1100 3732 1196 3789 Sin
1234 3749 1462 3805 prorsus
1520 3738 1573 3793 in
1631 3740 1810 3810 seipsa
1865 3742 2122 3798 ﬁduciam

545 3820 925 3891 imprudenter
948 3824 1200 3891 collocet,
1227 3826 1377 3883 velut
1406 3830 1524 3885 avis
1565 3847 1686 3902 quae
1721 3832 1922 3889 dicitur
1953 3833 2122 3902 ὀξύπ-

543 3929 721 3983 τερος,
749 3912 1149 3972 deturbabitur.
1204 3918 1269 3973 In
1307 3919 1436 3987 Deo,
1501 3922 1695 3994 inquit,
1752 3927 1981 3996 speravit
2034 3942 2124 3980 cor

545 4022 739 4074 meum,
763 4019 816 4065 et
845 4011 1067 4080 adjutus
1085 4029 1199 4067 sum
1221 4031 1240 4071 :
1262 4024 1312 4071 et
1352 4019 1592 4087 reﬂoruit
1632 4036 1759 4076 caro
1790 4039 1905 4077 mea
1928 4023 1993 4078 ⁸³.
2031 4023 2118 4088 Et,

543 4097 694 4165 Quis,
724 4110 918 4170 preter
965 4102 1276 4174 Dominum,
1316 4121 1595 4183 consurget
1636 4114 1789 4180 milii,
1841 4124 1934 4169 aut
1962 4115 2120 4169 stabit

544 4205 747 4244 mecum
767 4192 1020 4248 adversus
1048 4196 1356 4254 innumeras
1384 4202 1729 4271 cogitationes
1766 4205 2034 4275 malignas
2049 4205 2123 4261 “?

540 4281 645 4347 Qui
691 4297 821 4339 vero
867 4285 971 4342 sibi
1024 4287 1151 4359 ipsi,
1189 4298 1247 4346 et
1292 4307 1404 4348 non
1442 4293 1575 4362 Deo,
1620 4295 1759 4363 ﬁdit,
1813 4312 1943 4353 casu
1993 4308 2118 4355 ruet

540 4373 885 4443 gravissimo.

1810 4482 1843 4501 α

2233 3288 2442 3346 νευτόν.

2304 3386 2418 3446 σις’.
2474 3377 2712 3434 Εἴδωλον
2765 3377 2823 3432 δὲ
2872 3378 3086 3449 νοήσεις
3138 3377 3427 3449 χωνευτὸν,
3476 3376 3574 3431 τὸν
3618 3373 3799 3446 ἀσθενῆ

2231 3472 2388 3543 ήμῶν
2417 3471 2561 3539 νοῦν,
2594 3472 2653 3536 ὃς
2680 3470 2889 3541 γε,ἓως
2922 3471 3020 3542 μὲν
3058 3468 3265 3541 Ἰησοῦν
3292 3469 3531 3541 Χριστὸν
3560 3486 3799 3540 παρακα-

2232 3564 2343 3630 λεῖς
2389 3565 2534 3620 κατά
2568 3564 2678 3620 τῶν
2721 3565 2824 3636 τῆς
2872 3563 3136 3635 πονηρίας
3174 3565 3532 3635 πνευμάτων,
3579 3563 3798 3625 εὐκόλως

2231 3658 2370 3713 αὑτά
2397 3656 2763 3712 καταδιώκει·
2796 3656 2892 3710 καὶ
2930 3657 3050 3727 μετ’
3078 3656 3392 3728 ἐπιστήμης
3414 3654 3664 3726 ἑντέχνου
3690 3670 3797 3726 τρο·

2231 3749 2425 3808 ποῦται
2450 3751 2549 3816 τὰς
2570 3748 2837 3822 ἀοράτους
2866 3748 3132 3821 πολεμίας
3158 3747 3252 3803 τοῦ
3288 3746 3514 3819 Ἐχθροῦ
3532 3747 3798 3817 δυνάμεις

2242 3842 2410 3899 Ἐπάν
2440 3842 2497 3897 δὲ
2517 3843 2679 3906 αὐτὸς
2706 3843 2788 3905 είς
2813 3839 3007 3895 ἑαυτὸν
3037 3838 3291 3910 ἀφρόνως
3318 3837 3649 3910 θαῤῥήσειεν
3669 3836 3792 3901 ὅλος,

2226 3936 2302 4001 ὼς
2342 3934 2372 3987 ό
2409 3933 2705 4005 λεγόμενος
2757 3930 3096 4003 όξύπτερος,
3143 3930 3500 4001 ταράσσεται.
3560 3927 3689 3984 Ἐπί
3727 3924 3795 3992 τῷ

2228 4027 2373 4096 Θεῷ,
2408 4027 2596 4100 φησὶν,
2629 4026 2899 4097 ἤλπισεν
2926 4024 2965 4094 ἠ
2998 4023 3215 4093 καρδία
3240 4041 3384 4094 μου,
3424 4022 3525 4077 καί
3561 4021 3793 4088 ἐϐοηθή-

2224 4122 2359 4187 θην,
2385 4117 2483 4172 καὶ
2511 4116 2813 4173 ἁνέθαλεν
2846 4116 2886 4185 ἠ
2937 4114 3100 4183 σάρξ
3127 4132 3275 4184 μου.
3320 4113 3455 4180 Καὶ,
3498 4116 3597 4182 Τίς
3623 4113 3793 4183 πάρεξ

2222 4208 2330 4263 τοῦ
2363 4208 2586 4276 Κυρίου
2617 4206 3035 4275 ἀναστήσεται
3068 4223 3167 4275 με,
3220 4204 3320 4261 καί
3353 4204 3792 4275 συμπαρατάξε·

2220 4303 2322 4357 ταί
2350 4319 2424 4371 με
2473 4301 2574 4356 ἐπὶ
2620 4300 3128 4369 πονηρευομένοις
3163 4298 3420 4365 πολλοῖς
3451 4297 3788 4370 λογισμοῖς,

2235 4391 2291 4447 ’0
2313 4390 2371 4445 δὲ
2411 4392 2491 4454 είς
2520 4390 2714 4444 ἑαυτὸν
2746 4388 2968 4464 θαρρῶν
3000 4390 3098 4445 καὶ
3132 4390 3234 4444 οὐκ
3264 4390 3345 4454 είς
3374 4389 3528 4457 Θεὸν,
3558 4391 3787 4443 πεσεῖται

2221 4484 2424 4555 πτῶμα
2461 4481 2880 4550 ὲξαισιώτατον.

604 4551 695 4605 27.
737 4552 788 4607 ls
821 4562 906 4610 est
940 4563 1096 4626 typus
1114 4565 1169 4611 et
1196 4558 1329 4615 ordo
1361 4561 1770 4632 tranquillitatis
1804 4565 1995 4621 animi.
2054 4566 2115 4624 Si

2293 4551 2395 4639 κζ’.
2428 4574 2750 4646 Καρδιακῆς
2790 4573 3027 4645 ἡσυχίας
3066 4565 3225 4637 οὗτος
3260 4571 3435 4637 τύπος
3483 4572 3581 4626 καὶ
3610 4571 3780 4637 τάξις·

536 4652 749 4699 certare
790 4645 1046 4712 statuisti,
1080 4647 1403 4705 imitandum
1442 4652 1541 4708 tibi
1574 4669 1819 4725 propone
1857 4656 2113 4730 exiguum

2229 4670 2256 4723 μί
2288 4666 2466 4739 βούλει
2486 4645 2672 4721 ἀθλεῖν
2697 4708 2714 4733 ,
2736 4666 2798 4721 τὸ
2822 4666 3021 4737 μικρὸν
3039 4664 3303 4734 ζωθφιον,
3332 4666 3365 4736 ή
3406 4666 3617 4737 ἀράχνη
3659 4663 3781 4717 ἔστω

534 4734 945 4803 animaleulum,
974 4754 1231 4795 araneam
1258 4759 1273 4795 :
1304 4742 1391 4797 sin
1412 4743 1616 4811 minus,
1650 4748 2026 4817 tranquillum,
2055 4759 2116 4805 ut

534 4825 712 4892 decet,
741 4829 986 4884 nondum
1013 4830 1158 4903 geris
1184 4834 1449 4889 animum.
1492 4836 1589 4891 Illa
1614 4838 1836 4907 quidem
1870 4841 2115 4898 minutas

2208 4775 2291 4812 σοι
2317 4756 2477 4812 τοῦτο
2499 4756 2808 4827 ὑπόδειγμα
2828 4772 2844 4789 ’
2876 4756 3001 4810 εἰδὲ
3034 4756 3129 4828 μὴ,
3161 4753 3318 4809 οὔπω
3363 4754 3442 4820 ὡς
3477 4755 3559 4809 δεῖ
3583 4754 3777 4826 ήσύχα-

2210 4868 2310 4915 σας
2338 4850 2435 4923 νῷ.
2468 4851 2718 4923 Κάκείνη
2754 4850 2857 4922 μὲν
2893 4850 3056 4922 μυίας
3087 4849 3300 4921 μικρὰς
3340 4848 3564 4921 θηρεύει
3589 4866 3606 4881 θ
3644 4850 3704 4902 σὺ
3730 4847 3777 4900 δὲ

533 4927 764 4973 venatur
794 4936 1033 4978 muscas.
1062 4922 1220 4989 Quod
1247 4925 1293 4981 si
1323 4934 1403 4994 tu,
1440 4927 1586 4984 illius
1623 4933 1894 5002 exemplo,
1928 4933 2113 4991 labore

2237 4946 2252 4997 ί
2277 4922 2419 4998 οὕτω
2464 4944 2562 4999 καὶ
2587 4944 2665 5009 ὡς
2692 4922 2831 5016 αὐτὴ
2866 4945 2925 4998 ὲν
2968 4943 3115 5014 ψυχῇ
3154 4943 3339 4997 πονῶν
3363 4941 3660 5014 ήσυχάζεις
3682 4980 3697 5004 ,
3723 4939 3774 4993 οὐ

533 5008 770 5076 quietem
795 5013 991 5070 animae
1023 5030 1343 5088 comparare
1374 5020 1631 5088 volueris,
1666 5023 1947 5081 irremisse
1978 5042 2113 5098 pue-

533 5113 623 5155 ros
663 5099 956 5159 interﬁcies
992 5104 1367 5177 Babylonicos.
1409 5108 1529 5176 Quo
1580 5126 1781 5182 genere
1826 5116 1989 5174 caedis
2026 5117 2110 5173 di-

530 5192 673 5246 ceris
710 5208 810 5263 per
842 5195 1093 5254 llavidem
1130 5199 1325 5256 beatus
1348 5217 1379 5257 a
1412 5202 1619 5273 Spiritu
1649 5215 1856 5263 sancto.

598 5283 687 5339 28.
729 5284 1198 5351 Quemadmodum
1253 5294 1369 5349 ﬁeri
1422 5295 1634 5364 nequit,
1696 5306 1757 5351 ut
1817 5300 1874 5353 in
1919 5300 2107 5357 ﬁrma-

527 5388 715 5433 mento
730 5379 894 5433 situm
926 5381 1067 5437 inter
1093 5397 1238 5439 astra
1271 5385 1643 5455 conspiciatur
1668 5404 1817 5444 mare
1834 5389 2101 5460 Rubrum,

526 5477 582 5521 et
616 5470 782 5525 homo
811 5488 975 5543 super
1006 5485 1203 5533 terram
1227 5477 1512 5532 ambulans
1546 5495 1657 5535 non
1696 5484 1929 5553 respiret
1959 5487 2106 5543 hunc

525 5574 704 5616 aerem
744 5582 757 5618 :
791 5565 881 5620 Sic
908 5568 1116 5638 absque
1143 5569 1415 5640 frequenti
1444 5569 1573 5625 Jesu
1614 5573 1980 5644 invocatione,
2010 5594 2105 5634 cor

526 5662 770 5710 nostrum
814 5673 1046 5731 purgare
1079 5677 1191 5718 non
1241 5677 1532 5733 possumus
1579 5666 1932 5727 aﬁ'ectionum
1981 5682 2100 5729 stu-

597 5827 639 5857 "
668 5827 809 5882 l’sal.
838 5845 1004 5897 xxvu,
1043 5836 1093 5889 7.
1172 5834 1218 5869 “
1240 5834 1383 5892 Psal.
1416 5855 1566 5895 xcm.

2209 5036 2407 5090 παύσει
2442 5036 2670 5090 κτείνων
2706 5036 2794 5091 ἀεὶ
2819 5036 2989 5108 νήπια
3035 5034 3359 5089 Βαϐυλώνια
3385 5074 3400 5097 ,
3432 5033 3555 5087 καθ’
3594 5033 3651 5086 δν
3694 5032 3773 5101 φό-

2210 5145 2301 5183 νον
2348 5127 2630 5200 μακαρίζῃ
2674 5127 2782 5181 ὑπὸ
2827 5125 2924 5180 τοῦ
2964 5125 3283 5198 Πνεύματος
3324 5124 3421 5179 τοῦ
3468 5124 3660 5193 ἁγίου,
3700 5120 3774 5175 διὰ

2211 5220 2399 5275 Δα6ίδ.

2285 5316 2395 5382 κη’.
2438 5310 2527 5375 ὀς
2557 5310 2620 5364 οὐ
2671 5308 2900 5364 δυνατὸν
2940 5308 3040 5379 τὴν
3092 5308 3363 5381 Ἐρυθρὰν
3423 5308 3694 5362 θάλασσαν
3723 5307 3771 5358 ὲν

2207 5400 2285 5472 τῷ
2315 5399 2658 5472 στερεώματι
2691 5398 2923 5469 ὀφθῆναι
2962 5399 3127 5470 μέσον
3148 5400 3425 5470 ἀστέρων
3458 5398 3553 5451 καὶ
3584 5397 3657 5460 ὡς
3682 5395 3770 5448 οὐκ

2209 5491 2288 5546 ενι
2318 5492 2605 5564 ἄνθρωπον
2638 5493 2695 5545 ἐν
2717 5494 2789 5563 γῇ
2824 5492 3232 5562 περιπατοῦντα
3264 5492 3339 5562 μὴ
3370 5491 3463 5544 τὸν
3495 5490 3629 5561 ἀέρα
3656 5486 3767 5540 τοῦ⁴

2210 5601 2301 5639 τον
2328 5585 2645 5638 ἀναπνέειν·
2677 5582 2849 5647 οὕτως
2885 5583 3146 5638 ἀδύνατον
3180 5583 3481 5654 καθαρίσαι
3508 5582 3603 5653 τὴν
3624 5580 3766 5652 ήμῶν

2209 5677 2435 5749 καρδίαν
2465 5677 2525 5743 ἐξ
2562 5676 2825 5749 ὲμπαθῶν
2846 5678 3156 5750 νοημάτων,
3180 5677 3275 5731 καὶ
3317 5676 3611 5744 ἀποδιῶξαι
3656 5690 3762 5743 νοη-
