4006 6400
235 373 377 444 1489

917 388 1014 449 DE
1053 391 1607 456 TEMPERANTIA
1645 399 1741 457 ΕΤ
1773 399 1837 459 V]

1945 400 2109 461 'UTE
2172 405 2658 468 —CENTURIA
2724 409 2751 469 Ι

3359 416 3492 482 1490

228 498 362 591 τοὺς
400 497 636 591 ἔχθροὺς
697 500 759 565 ἐξ
820 502 994 575 αὐτῆς
1037 505 1169 559 ἄνευ
1234 510 1438 580 συχνῆς
1470 511 1811 583 ἐπικλήσεως

1945 514 2085 571 liosis
2114 520 2489 590 conceptibus,
2528 538 2631 578 nec
2657 523 2724 578 ab
2754 538 2821 579 eo
2864 524 3258 584 intellectuales
3306 532 3491 591 hostes

246 586 446 657 Ἰησοῦ.

307 725 413 782 κθ’.
445 727 571 780 Ἐὰν
603 730 742 799 μετὰ
768 733 1152 799 ταπεινώσεως
1186 740 1531 810 φρονήματος
1562 741 1654 795 καὶ
1683 742 1820 812 μνή-

238 836 353 889 μης
374 820 631 888 θανάτου,
664 824 760 878 καὶ
796 825 906 880 ἀπὸ
939 826 1201 899 μέμψεως
1221 873 1238 897 ,
1280 832 1377 885 καὶ
1421 834 1816 905 ἀντιρρήσεως,

237 913 339 967 καὶ
366 914 709 987 ἐπικλήσεως
755 919 934 989 Ἰησοῦ
968 922 1207 991 Χριστοῦ
1236 923 1336 988 τὰς
1364 925 1648 995 διατριϐὰς
1680 927 1817 981 πάν-

236 1023 367 1060 τοτε
402 1011 579 1073 ποιεῖς
612 1012 671 1063 ὲν
706 1014 774 1083 τῇ
805 1014 872 1085 σῇ
914 1014 1114 1087 καρδίᾳ
1138 1031 1151 1045 ·
1204 1016 1301 1071 καὶ
1339 1016 1439 1088 τὴν
1473 1019 1666 1088 στενὴν
1696 1019 1817 1089 μὲν,

237 1098 385 1151 ἀλλὰ
426 1103 719 1172 χαροποιδν
749 1106 844 1159 καὶ
872 1107 1115 1179 τερπνὴν
1147 1109 1267 1163 ὁδὸν
1292 1110 1395 1180 τῆς
1430 1110 1669 1173 διανοίας
1696 1111 1820 1165 καθ’

238 1190 483 1261 ἡμέραν,
522 1194 660 1261 μετὰ
688 1195 894 1250 τούτων
923 1198 1033 1252 τῶν
1073 1200 1255 1255 ὃπλων
1284 1200 1487 1265 ὁδεύεις
1520 1202 1820 1273 νηφόντως,

239 1284 326 1346 είς
360 1283 597 1356 Θεωρίας
628 1288 787 1356 ἁγίας
809 1291 982 1359 ἁγίων
1003 1290 1196 1365 ὲλεύσῃ
1215 1334 1229 1353 ,
1258 1294 1354 1348 καὶ
1375 1295 1692 1369 φωτισθήσῃ
1725 1315 1823 1367 μυ·

242 1377 449 1448 στήρια
486 1379 656 1448 βαθέα
689 1382 839 1453 παρὰ
877 1384 1140 1454 Χριστοῦ.
1183 1385 1327 1456 Παρ’
1355 1379 1403 1454 ᾧ
1435 1390 1488 1443 οὶ
1531 1390 1821 1458 θησαυροὶ

241 1470 359 1538 τῆς
382 1474 605 1542 σοφίας
639 1477 738 1530 καὶ
771 1476 883 1544 τῆς
919 1476 1199 1547 γνώσεως
1224 1480 1595 1550 ἀπόκρυφον
1644 1481 1747 1536 Ἐν
1775 1474 1825 1549 ᾧ

244 1561 514 1616 κατοικεῖ
550 1562 674 1617 πᾶν
708 1564 776 1618 τὸ
815 1565 1107 1637 πλήρωμα
1149 1567 1259 1636 τῆς
1307 1570 1589 1637 θεότητος
1628 1586 1826 1639 σωμα-

240 1650 457 1718 τικῶςυ
516 1654 826 1728 αίσθηθήσῃ
878 1656 990 1727 γὰρ
1028 1657 1167 1729 πρὸς
1223 1657 1402 1731 Ἰησοῦ
1428 1676 1445 1691 ⁸
1481 1660 1563 1715 ὅτι
1604 1660 1826 1732 πνεῦμα

243 1744 403 1812 ἆγιον
424 1745 663 1815 ἐφήλατο
695 1750 761 1818 τῇ
810 1750 875 1819 σῇ
906 1749 1087 1822 ψυχῇ,
1112 1753 1246 1823 παρ’
1272 1745 1334 1806 οῦ
1368 1752 1492 1818 νοῦς
1520 1754 1826 1825 ἀνθρώπων

1919 608 2226 680 prolligare.

1989 745 2077 800 29.
2114 746 2169 801 Si
2199 763 2323 803 cum
2356 749 2685 818 humilitate,
2715 754 3027 824 prudentia,
3053 760 3355 831 mortisque
3381 778 3492 819 me-

1919 837 2110 903 moria,
2155 842 2569 910 conquestione,
2616 847 3065 915 contradictione,
3118 850 3497 922 imploratione

1919 930 2051 985 Jesu
2078 929 2299 999 Christi,
2326 936 2674 992 continenter
2704 940 2962 997 exercitia
2992 959 3219 1015 peragas
3248 945 3303 1000 in
3332 944 3497 1001 corde

1923 1031 2035 1085 tuo,
2061 1032 2117 1077 et
2140 1038 2239 1093 per
2259 1034 2543 1096 augustam
2582 1029 2823 1098 quidem,
2858 1033 2953 1088 sed
2986 1035 3179 1091 anima:
3201 1036 3496 1106 jucundam

1922 1121 2085 1183 atque
2114 1114 2487 1172 delectabilem
2514 1118 2676 1186 viam,
2711 1121 2796 1176 his
2826 1122 3071 1192 quotidie
3096 1126 3260 1181 armis
3289 1127 3496 1181 instru-

1922 1215 2063 1269 ctus,
2096 1215 2245 1262 caste
2269 1207 2512 1274 incedas,
2546 1211 2616 1265 ad
2642 1221 2860 1268 sanctas
2896 1225 3209 1272 sanctorum
3247 1226 3496 1274 contem-

1924 1296 2190 1365 plationes
2219 1300 2508 1369 pervenies
2538 1320 2551 1355 :
2588 1312 2642 1357 et
2668 1303 2935 1373 profunda
2971 1308 3224 1378 mysteria
3257 1310 3351 1366 tibi
3387 1326 3501 1365 ma-

1924 1389 2330 1447 nifestabuntur
2357 1409 2389 1449 a
2418 1393 2656 1450 Christo.
2688 1396 2881 1467 Invquo
2908 1409 3027 1454 sunt
3060 1418 3235 1456 omnes
3267 1404 3499 1456 thesauri

1923 1486 2197 1555 sapientia:
2224 1496 2272 1540 et
2301 1488 2534 1543 scientia:
2566 1490 2859 1545 absconditi
2889 1493 2933 1525 “
2963 1509 2975 1547 :
3016 1494 3079 1548 In
3106 1511 3207 1565 quo
3235 1495 3499 1549 inhabitat

1926 1579 2096 1634 omnis
2141 1579 2410 1649 plenitudo
2451 1582 2744 1637 divinitatis
2781 1586 3127 1654 corporaliter
3171 1587 3237 1640 “.
3287 1584 3502 1641 Senties

1926 1670 2071 1726 enim
2105 1671 2174 1726 ab
2200 1670 2332 1727 Jesu
2354 1672 2571 1729 Christo
2600 1674 2807 1730 insilire
2837 1676 2892 1730 in
2926 1676 3160 1731 animam
3203 1686 3352 1732 tuam
3380 1677 3501 1747 Spi-

1926 1762 2091 1817 ritum
2122 1772 2397 1830 sanctum,
2446 1780 2547 1835 per
2579 1782 2741 1836 quem
2786 1766 3086 1823 illustratur
3132 1784 3287 1824 mens
3326 1769 3502 1824 homi-

241 1835 583 1906 δᾳδουχεῖται
605 1838 632 1890 6
641 1840 738 1910 ρᾷν
751 1839 1063 1895 ἀνακεκαλυ
1072 1860 1112 1913 μ
1118 1842 1265 1911 μένῳ
1278 1842 1579 1914 προσώπῳ.
1590 1844 1823 1913 Οὐδείς.

1945 1870 2083 1919 mum,
2114 1864 2173 1910 ut
2199 1856 2435 1911 revelata
2466 1835 2612 1912 faciei
2631 1857 2801 1927 possit
2828 1858 3050 1913 intueri.
3082 1857 3269 1922 Nemo,
3303 1858 3499 1927 inquit,

245 1928 404 1998 φησὶ,
464 1930 629 1999 λέγει
681 1932 899 1999 Κύριον
944 1934 1210 2002 Ἰησοῦν,
1276 1937 1329 1990 ει
1364 1938 1451 2005 μὴ
1504 1936 1578 1991 ἐν
1632 1939 1826 1993 Ilvati-

1945 1948 2073 2013 licit,
2102 1946 2359 2002 Dominus
2379 1948 2552 2014 Jesus,
2578 1950 2680 2003 nisi
2722 1950 2778 2003 in
2812 1947 3015 2019 Spiritu
3060 1960 3241 2004 sancto
3273 1949 3339 2015 ⁸⁷,
3371 1964 3503 2005 con-

236 2037 386 2090 ματι
425 2022 603 2091 ἁγίῳ,
660 2022 865 2096 δηλαδὴ
913 2025 1148 2097 βεϐαιῶν
1200 2028 1482 2099 μυστικῶς
1520 2030 1584 2083 τὸ
1631 2028 1829 2100 ζητού-

246 2129 435 2183 μενον.

316 2224 384 2279 λ’.
412 2225 559 2296 Πλὴν
600 2228 695 2282 καὶ
734 2227 897 2283 τοῦτο
944 2224 1038 2284 οῦν
1077 2230 1275 2297 ἰστέον,
1305 2233 1437 2297 τοὺς
1481 2234 1825 2305 φιλομαθεῖς,

243 2318 441 2388 ὅτιπερ
482 2321 530 2371 οἱ
585 2319 840 2389 φθονεροὶ⁵
886 2321 1145 2392 δαίμονές
1179 2341 1239 2377 τε
1271 2324 1534 2390 πολλάκις
1562 2328 1657 2380 καὶ
1688 2324 1827 2397 κρύ-

245 2427 446 2464 πτουσι
477 2412 576 2466 καὶ
605 2413 992 2467 συστέλλουσιν
1034 2415 1094 2479 ἐξ
1137 2415 1295 2486 ήμῶν
1328 2416 1419 2471 τὸν
1438 2416 1631 2488 νοητὸν
1665 2417 1827 2470 πόλε-

247 2521 374 2575 μον,
402 2505 787 2574 βασκαίνοντες
812 2508 948 2577 ἡμῖν
967 2508 1017 2560 οἱ
1053 2506 1219 2562 δεινοὶ
1246 2509 1347 2577 τῆς
1378 2510 1441 2561 ὲκ
1465 2507 1559 2561 τοῦ
1586 2508 1827 2578 πολέμου

240 2592 520 2661 ὠφελείας
554 2612 614 2648 τε
660 2595 758 2649 καὶ
801 2595 1082 2664 γνώσεως,
1118 2598 1215 2652 καὶ
1266 2599 1407 2667 πρὸς
1447 2599 1582 2652 Θεὸν
1621 2599 1828 2653 ἀναϐά-

241 2704 411 2750 σεως,
456 2688 550 2741 καὶ
596 2688 664 2741 ἶν’
712 2688 1210 2759 ἀμεριμνησάντων
1252 2691 1411 2761 ἡμῶν
1451 2692 1711 2764 ἐξαίφνης
1738 2693 1831 2748 τὸν

244 2779 378 2834 νοῦν
425 2776 581 2844 αὖθις
647 2782 959 2852 ἁρπάσωσι,
1021 2784 1118 2837 καὶ
1178 2785 1507 2856 ἀπροσεχεῖς
1561 2803 1715 2850 τινας
1761 2789 1828 2859 τῇ

244 2872 469 2943 διανοίᾳ
521 2872 685 2925 πάλιν
732 2872 1161 2944 ἀπεργάσωνται
1210 2875 1438 2945 (σκοπὸς
1491 2878 1602 2946 γὰρ
1646 2878 1833 2940 αὐτοῖς

247 2965 491 3036 ἄληκτος
526 2966 620 3019 καὶ⁵
651 2964 803 3034 ἀγὼν
847 2966 1199 3036 φροντίζεται
1234 2968 1357 3039 μηδ’
1386 2968 1524 3033 ὅλως
1559 2971 1656 3041 ὲᾷν
1682 2971 1833 3041 ἡμᾶς

247 3055 355 3126 τὴν
384 3056 610 3127 καρδίαν
638 3057 795 3129 ήμῶν
818 3059 1106 3130 προσεχῶς
1121 3060 1322 3132 ἄγειν).
1348 3062 1550 3125 εἰδότες
1580 3062 1674 3116 τὸν
1705 3079 1833 3116 συν-

1928 2038 2178 2095 ﬁrmante
2200 2039 2407 2095 scilicet
2427 2040 2652 2112 mystice
2682 2056 2807 2096 eum
2832 2041 2926 2112 qui
2951 2041 3169 2113 qurerit.

1996 2239 2087 2296 30.
2118 2238 2266 2295 Istud
2303 2254 2469 2309 porro
2513 2239 2654 2294 scire
2686 2240 2908 2305 debent,
2954 2241 3047 2311 qui
3088 2239 3331 2297 discendi
3363 2238 3508 2296 desi-

1928 2331 2081 2387 derio
2119 2337 2395 2396 tenentur,
2430 2346 2812 2401 saepenumero
2853 2331 3129 2387 dmmones
3162 2331 3377 2386 invidos
3415 2346 3506 2385 ce-

1929 2424 2042 2478 lare
2075 2438 2193 2488 nos,
2241 2431 2297 2478 et
2343 2423 2667 2495 subtrahere
2705 2439 2735 2478 a
2778 2423 2938 2477 nobis
2981 2422 3223 2493 spiritale
3253 2422 3453 2477 bellum
3491 2439 3505 2475 :

1931 2515 2058 2569 dum
2097 2514 2279 2570 infesti
2336 2514 2415 2570 illi
2470 2514 2630 2571 nobis
2671 2514 2919 2570 invident
2966 2523 3281 2569 nascentem
3327 2528 3393 2567 ex
3443 2528 3511 2567 eo

1930 2606 2072 2661 bello
2139 2606 2413 2672 fructum,
2476 2605 2842 2678 cognitionem
2902 2615 2957 2660 et
3009 2604 3384 2660 ascensionem
3441 2604 3511 2657 ad

1932 2698 2101 2753 Deum
2134 2716 2148 2753 :
2177 2710 2237 2753 ut
2269 2698 2669 2769 negligentibus
2696 2697 2873 2758 nobis.
2914 2712 3037 2751 mox
3078 2703 3303 2765 repente
3354 2709 3512 2749 men-

1932 2799 2040 2845 tem
2073 2789 2325 2859 eripiant,
2354 2798 2410 2843 et
2444 2788 2640 2860 ignavo
2667 2788 2851 2842 animo
2880 2786 3143 2857 quosdam
3179 2785 3363 2840 denuo
3392 2784 3511 2838 elli-

1932 2882 2081 2938 ciant
2106 2882 2389 2951 (perpetua
2413 2880 2559 2935 enim
2592 2880 2808 2935 illorum
2838 2878 3069 2934 intentio
3092 2884 3148 2933 et
3178 2877 3329 2932 labor
3358 2875 3412 2929 in
3446 2891 3513 2930 eo

1931 2972 2202 3037 consistit,
2230 2980 2291 3026 ut
2318 2986 2430 3027 non
2461 2970 2645 3027 sinant
2670 2984 2773 3025 nos
2804 2984 2900 3025 cor
2926 2976 3176 3023 nostrum
3201 2966 3514 3033 observare)

1933 3080 2044 3120 non
2068 3065 2239 3136 ignari
2264 3073 2481 3133 quanta:
2505 3061 2832 3133 proveniant
2865 3075 2999 3130 opes
3026 3060 3241 3122 animae,
3276 3072 3342 3112 ex
3376 3072 3513 3126 quo-

250 3148 528 3219 αγόμενον
584 3149 815 3205 πλοῦτον
869 3155 936 3223 τῇ
994 3152 1165 3224 ψυχῇ,
1208 3156 1274 3207 ὲκ
1320 3154 1421 3225 τῆς
1456 3155 1578 3209 καθ’
1616 3154 1834 3227 ἡμέραν

1945 3155 2142 3211 tidiana
2168 3155 2567 3210 observatione.
2608 3151 2714 3208 Nos
2757 3166 2890 3206 vero
2930 3159 3059 3205 tunc
3103 3160 3375 3203 memores
3409 3146 3515 3198 Do-

248 3216 553 3312 προσοχῆς.
604 3241 745 3295 Ἀλλ’
790 3216 952 3313 ἡμεῖς
1008 3216 1239 3312 γεῃτδτε
1281 3216 1420 3314 μετὰ
1455 3246 1557 3317 τῆς
1612 3216 1833 3316 μνήμης

1945 3251 2072 3305 mini
2132 3252 2308 3307 nostri
2362 3250 2493 3305 Jesu
2554 3248 2778 3314 Christi,
2836 3246 3095 3317 erigimur
3140 3243 3207 3297 ad
3244 3241 3516 3312 spiritales

246 3332 348 3386 τοῦ
394 3333 598 3403 Κυρίου
652 3332 812 3405 ἡμῶν
853 3334 1029 3405 Ἰησοῦ
1054 3336 1293 3405 Χριστοῦ
1342 3337 1701 3408 ὲκτεινόμεθα
1750 3339 1832 3400 είς

252 3426 635 3496 πνευματικὰς
668 3427 923 3499 θεωρίας,
967 3429 1063 3482 καὶ
1108 3432 1137 3483 6
1168 3428 1408 3499 πόλεμος
1437 3429 1602 3483 πάλιν
1632 3430 1713 3491 είς
1742 3428 1834 3483 τὸν

250 3515 380 3570 νοῦν
429 3517 813 3587 ἐπανέρχεται,
856 3517 1014 3587 μόνον
1071 3518 1213 3588 μετὰ
1265 3516 1485 3588 βουλῆς,
1530 3518 1619 3572 ἵνα
1661 3515 1833 3582 οὕτως

248 3610 418 3672 sine),
468 3605 634 3660 αὑτοῦ
678 3605 774 3660 τοῦ
829 3606 1059 3677 Κυρίου,
1117 3605 1213 3663 καὶ
1268 3608 1407 3662 μετὰ
1452 3606 1837 3671 ταπεινώσεως

252 3700 465 3769 πολλῆς
488 3698 666 3752 πάντα
694 3698 961 3770 ποιῶμεν.

325 3815 435 3869 λα’.
460 3814 552 3867 Δεῖ
577 3813 688 3883 γὰρ
707 3813 857 3884 ἡμᾶς
904 3812 964 3865 ὲν
988 3789 1153 3883 κοινῷ
1183 3812 1284 3885 βίῳ
1310 3812 1689 3885 διατρίϐοντας
1720 3813 1839 3884 μεθ’

255 3906 512 3962 ἑκουσίου
556 3905 970 3978 προαιρέσεως,
1024 3906 1121 3958 καὶ
1168 3904 1438 3977 προθύμῳ
1481 3903 1684 3976 καρδίᾳ
1734 3905 1842 3958 πᾶν

257 4003 478 4071 θέλημα
537 3999 695 4069 ἡμῶν
741 3998 1051 4063 ἐκκόπτειν,
1090 3996 1171 4066 τῷ
1210 3997 1520 4069 προεστῶτι
1566 3996 1661 4051 τοῦ
1706 3995 1842 4050 Θεοῦ

258 4094 656 4165 συγγινομένου
679 4108 693 4123 ·
750 4090 964 4145 εὐώνιοι
989 4090 1089 4145 καὶ
1134 4091 1289 4144 αὐτοὶ
1319 4092 1482 4161 ἡμεῖς
1523 4106 1643 4153 πως
1682 4087 1845 4156 γινώ-

261 4188 410 4258 μεθα
438 4187 534 4240 καὶ
561 4185 813 4255 ἀθέλητοι
831 4198 847 4213 ⁸
896 4177 999 4238 ὧδε
1032 4182 1230 4253 τέχνην
1260 4181 1473 4245 τούτοις
1514 4180 1659 4251 ἔχειν
1684 4197 1847 4250 προσ-

256 4283 412 4354 ήκει,
447 4281 533 4333 ἵνα
577 4279 651 4350 μή
681 4276 760 4349 τῷ
792 4277 935 4348 χόλῳ
961 4273 1407 4347 ταρασσώμεθα,
1444 4274 1542 4326 καὶ⁵
1588 4272 1649 4325 τὸ
1688 4270 1849 4342 θυμι-

260 4377 361 4431 κὸν
394 4373 554 4443 ήμῶν
582 4369 911 4442 παραλόγως
953 4368 1050 4421 καὶ
1087 4366 1242 4438 παρὰ
1270 4365 1431 4435 φύσιν
1459 4364 1723 4436 κινῶμεν,
1752 4362 1849 4417 καὶ

261 4464 712 4539 ἁπαρῤησίαστοι
760 4459 1012 4515 τολοιπὸν
1050 4461 1130 4523 εἰς
1167 4458 1260 4512 τὸν
1321 4458 1555 4528 ἀόρατον
1612 4454 1849 4524 πόλεμον

1940 3342 2448 3414 contemplationes,
2488 3342 2777 3411 denuoque
2809 3340 3011 3395 bellum
3046 3335 3278 3406 insurgit
3310 3335 3365 3388 in
3391 3334 3511 3387 ani-

1940 3452 2087 3492 mum
2120 3454 2135 3489 :
2167 3435 2331 3491 modo
2377 3449 2500 3489 cum
2545 3432 2795 3498 consilio,
2842 3441 2901 3485 ut
2950 3429 3023 3485 ita
3058 3428 3256 3491 dicam,
3301 3423 3515 3479 Domini

1943 3528 2157 3600 ipsius,
2229 3536 2281 3584 et
2352 3525 2662 3582 humilitate
2731 3539 2843 3580 non
2921 3520 3135 3577 modica
3199 3531 3521 3593 peragamus

1939 3634 2143 3675 omnia.

2012 3821 2105 3877 31.
2135 3816 2246 3875 Nos
2280 3818 2373 3890 qui
2388 3805 2648 3891 'degimus
2675 3817 2730 3871 in
2757 3813 3030 3879 ctenobio,
3060 3820 3362 3882 spontaneo
3395 3825 3523 3879 pro-

1943 3908 2123 3979 posito
2151 3916 2205 3963 et
2237 3907 2403 3962 alacri
2457 3906 2643 3961 animo
2686 3905 2949 3960 debemus
2989 3908 3273 3970 amputare
3306 3909 3525 3953 omnem

1945 4000 2284 4056 voluntatem
2314 4007 2580 4061 nostram,
2612 4013 2736 4051 cum
2765 3995 2908 4051 Deus
2934 3994 3074 4049 adsit
3116 3991 3362 4062 praelato.
3412 3987 3527 4043 Ab-

1943 4092 2073 4163 jecti
2104 4092 2267 4147 etiam
2290 4107 2392 4146 nos
2414 4091 2520 4160 ipsi
2552 4090 2786 4160 quodam
2815 4087 2977 4143 modo
3002 4084 3320 4147 elliciamur,
3352 4090 3407 4136 et
3432 4096 3531 4136 vo-

1949 4183 2157 4237 luntate
2191 4189 2466 4237 carentes.
2500 4180 2566 4233 Et
2616 4179 2757 4233 hanc
2800 4187 2973 4231 artem
3019 4175 3219 4231 callere
3272 4169 3532 4226 convenit

1950 4274 2077 4338 illis,
2111 4288 2181 4328 ne
2205 4272 2297 4328 bili
2324 4270 2731 4342 perturbemur,
2772 4279 2829 4323 et
2862 4275 3105 4322 nostram
3148 4262 3417 4319 irascendi
3453 4261 3531 4315 fa-

1954 4366 2211 4421 cultatem
2233 4372 2432 4435 praeter
2462 4370 2715 4417 naturam
2742 4368 2802 4415 et
2826 4359 3091 4414 rationem
3115 4368 3453 4417 moveamus,
3478 4359 3535 4405 et

1955 4457 2021 4512 ad
2069 4454 2520 4512 committendum
2574 4451 2818 4522 spiritale
2863 4449 3064 4506 bellum
3120 4447 3172 4500 in
3222 4452 3528 4515 posterum,

264 4528 672 4629 εὑρισκῶμεθα.
713 4552 887 4606 Είωθε
933 4550 1043 4621 γὰρ
1079 4548 1141 4602 τδ
1190 4547 1405 4617 θέλημα
1433 4545 1592 4617 ἡμῶν
1643 4544 1719 4615 μὴ
1755 4560 1837 4596 κο·

1955 4544 2295 4615 reperiamur
2349 4540 2545 4596 timidi.
2589 4539 2853 4594 Voluntas
2895 4535 3039 4591 enim
3079 4542 3267 4591 nostra
3306 4548 3335 4585 a
3372 4528 3533 4584 nobis

265 4651 541 4721 πτόμενον
615 4647 747 4713 παρ’
807 4642 968 4714 ήμῶν
1031 4640 1478 4705 αὐτοεκουσίως,
1530 4635 1852 4709 ὀργίζεσθαι

265 4743 409 4813 πρὸς
455 4740 583 4802 τοὺς
648 4736 923 4799 ἀκουσίως
971 4732 1131 4805 ήμῶν
1174 4732 1398 4785 κόπτειν
1463 4729 1596 4783 αὐτὸ
1643 4729 1853 4797 ἐπιχει-

269 4831 523 4903 ροῦντας.
551 4828 664 4882 Καὶ
693 4828 758 4880 ὲκ
779 4825 968 4879 τούτου
999 4822 1094 4877 οῦν
1116 4823 1146 4875 6
1174 4820 1347 4891 θυμὸς
1378 4818 1566 4882 κακῶς
1597 4814 1849 4871 ὑλακτῶν

268 4923 537 4993 κινηθεὶς,
573 4918 837 4974 ἀπόλλυσι
869 4916 970 4987 τὴν
1000 4914 1205 4983 γνῶσιν
1228 4914 1329 4983 τῆς
1360 4911 1562 4980 πάλης,
1597 4910 1664 4979 ἢν
1690 4907 1852 4979 μόγις

271 5014 414 5085 μετὰ
436 5010 685 5082 καμάτου
717 5006 914 5062 πολλοῦ
943 5001 1248 5075 κτήσασθαι
1270 5000 1530 5073 ἠδυνήθη.
1551 4997 1851 5071 Φθαρτικδς

268 5108 380 5177 γὰρ
410 5107 438 5158 6
479 5101 650 5174 θυμὸς
696 5097 836 5154 εἶναι
872 5100 1141 5167 πέφυκεν.
1172 5097 1236 5149 Ei
1283 5095 1380 5166 μὲν
1404 5088 1497 5148 οῦν
1528 5092 1665 5165 πρὸς
1701 5092 1851 5159 λογι-

272 5198 449 5269 σμοὺς
493 5192 746 5265 κινηθείη
775 5188 1175 5261 δαιμονιώδεις,
1200 5187 1414 5259 φθείρει
1462 5187 1556 5239 καὶ
1594 5184 1853 5239 ἀπολλύει

272 5285 499 5349 αὐτούς.
532 5286 596 5339 Ei
619 5284 665 5338 δ’
701 5278 767 5338 αὖ
800 5282 965 5337 πάλιν
991 5279 1135 5336 κατὰ
1163 5278 1493 5350 ἀνθρώπων,
1518 5276 1733 5347 φθείρει
1765 5275 1860 5328 καὶ

277 5380 453 5442 οὕτως
479 5378 606 5440 τοὺς
638 5374 1018 5448 ἀνθρωπίνους
1045 5373 1341 5445 λογισμοὺς
1371 5372 1430 5424 ὲν
1475 5371 1627 5440 ἡμῖν.
1660 5368 1807 5440 Πλὴν
1832 5368 1862 5421 6

280 5472 452 5544 θυμὸς
462 5471 573 5542 ὁρῶ
588 5471 669 5523 ὃτι
683 5466 981 5539 φθαρτικδς
998 5465 1258 5536 τυγχάνει
1275 5461 1556 5532 λογισμῶν
1568 5460 1861 5525 παντοίων,

282 5567 394 5621 εἴτε
411 5563 684 5635 πονηρῶν,
719 5563 830 5615 εἴτε
868 5560 1009 5633 τύχῃ
1026 5559 1120 5613 καὶ
1135 5555 1558 5625 δεξιῶν.”οπλον
1581 5552 1689 5624 γὰρ
1712 5552 1862 5624 παρὰ

282 5658 423 5714 Θεοῦ
449 5658 543 5712 καὶ
577 5657 731 5723 τόξον
758 5653 899 5708 κατὰ
929 5651 1202 5722 δαιμόνων
1230 5651 1360 5720 ἡμῖν
1392 5646 1781 5721 παρασχεθεὶς,
1812 5646 1859 5699 εί

360 5836 408 5871 ⁸⁸
438 5834 646 5891 Coloss.
684 5847 742 5897 ιι,
777 5832 829 5885 3.
906 5828 951 5860 “
974 5826 1103 5882 ibid.
1133 5829 1184 5883 9.
1264 5826 1305 5857 ⁶⁷
1343 5826 1361 5880 l
1395 5825 1518 5880 Cor.
1546 5839 1640 5886 xu,
1665 5823 1717 5876 5.

1960 4636 2102 4693 ultro
2135 4652 2245 4691 non
2276 4635 2532 4697 abscissa,
2570 4631 2967 4689 excandescere
3008 4627 3147 4683 solet
3188 4625 3244 4679 in
3289 4638 3403 4686 eos,
3441 4619 3536 4691 qui

1958 4729 2008 4783 vi
2044 4729 2190 4783 illam
2222 4743 2252 4781 a
2278 4725 2436 4780 nobis
2469 4732 2751 4792 amputare
2791 4719 3064 4773 nituntur.
3106 4713 3262 4770 Unde
3292 4712 3370 4766 ira
3404 4723 3530 4780 per-

1957 4832 2103 4875 mota
2134 4818 2273 4872 male
2322 4815 2619 4877 oblatrans,
2660 4809 2851 4865 adimit
2892 4804 3019 4863 belli
3065 4802 3340 4864 notitiam,
3370 4813 3536 4869 quam

1957 4912 2044 4967 vix
2074 4910 2247 4966 multo
2277 4923 2401 4963 cum
2432 4906 2616 4961 labore
2644 4901 2904 4973 consequi
2934 4898 3132 4970 potuit.
3160 4897 3246 4952 Ira
3266 4894 3535 4965 siquidem

1960 5010 2152 5055 natura
2200 4998 2509 5053 facultatem
2563 4994 2731 5049 habet
2780 4989 3177 5047 interimendi:
3233 4987 3289 5041 in
3332 4983 3538 5055 cogita-

1961 5094 2137 5148 tiones
2161 5089 2379 5162 quidem
2402 5086 2698 5144 diabolicas
2725 5095 2925 5148 emota,
2956 5080 3172 5153 perimit
3197 5089 3251 5135 et
3290 5075 3542 5134 dissolvit

1963 5200 2056 5239 eas
2087 5200 2101 5237 :
2127 5183 2214 5238 sin
2240 5190 2432 5237 contra
2484 5178 2756 5245 homines,
2812 5175 3000 5231 itidem
3044 5171 3401 5246 cogitationes
3434 5167 3540 5222 hu-

1967 5292 2162 5332 manas
2195 5276 2249 5330 in
2285 5272 2446 5328 nobis
2474 5272 2637 5327 delet.
2673 5270 2885 5341 Itaque,
2928 5278 2988 5324 ut
3037 5266 3219 5331 video,
3264 5264 3341 5316 ira
3389 5273 3544 5330 quas—

1968 5384 2185 5440 cunque
2212 5367 2511 5438 corrumpit
2549 5363 2925 5440 cogitationes,
2983 5375 3081 5415 seu
3122 5357 3391 5416 sinistras,
3423 5367 3542 5410 seu,

1969 5463 2016 5518 si
2043 5462 2119 5517 ita
2156 5463 2456 5533 contingat,
2492 5459 2760 5515 dexteras.
2797 5456 2961 5509 Arma
2995 5451 3137 5507 enim
3173 5457 3227 5502 et
3257 5446 3360 5501 tela
3386 5443 3545 5497 nobis

1969 5555 2232 5610 adversus
2261 5554 2536 5609 daemones
2565 5567 2597 5605 a
2636 5551 2747 5605 Deo
2776 5547 2994 5610 donata,
3030 5541 3135 5595 nisi
3157 5545 3459 5608 .teneantur
3490 5534 3542 5586 in

1972 5647 2237 5717 utrisque,
2272 5645 2398 5701 licet
2425 5643 2632 5699 varium
2663 5640 2899 5697 habeant
2936 5633 3212 5695 eﬂ'ectum,
3244 5625 3545 5699 perniciosa
