4040 6402
553 351 685 417 1491

1747 360 2105 422 HESYClllI
2146 364 2628 427 PRESBYTER!

3692 370 3820 437 μοι

546 471 696 516 sunt.
756 462 893 517 Νονί
944 464 1093 519 enim
1133 478 1348 531 Canem,
1404 466 1605 539 alioqui
1656 468 1710 522 in
1762 471 1919 541 lupus
1963 474 2123 528 auda-

2241 476 2318 547 μὴ
2348 477 2610 547 ὲπέχεται
2660 480 2718 530 ἐν
2750 477 3109 548 ἀμφοτέροις,
3153 478 3203 532 εί
3232 477 3331 532 καὶ
3377 476 3656 549 διαφόρως
3677 480 3822 545 ἔνερ-

547 573 688 625 eem,
715 557 882 612 ctiam
916 574 1046 613 oves
1085 559 1415 615 interﬁcere.

617 821 709 877 52.
742 821 975 877 Perinde
1023 822 1278 894 fugienda
1328 832 1413 879 est
1470 826 1754 889 securitas,
1810 837 1869 882 ut
1925 829 2129 898 aspidis
2197 861 2199 863 ι

547 930 820 971 venenum
872 933 885 969 :
937 926 991 971 et
1042 917 1315 986 pleraeque
1362 919 1815 975 conversationes
1871 920 2125 987 vitanda,

548 1014 805 1075 tanquam
842 1015 1129 1075 serpentes
1164 1015 1220 1061 et
1249 1005 1559 1076 viperarum
1607 1006 1753 1063 fetus
1785 1025 1799 1061 :
1840 1023 1963 1062 cum
2011 1007 2129 1063 hzec

545 1112 668 1152 eam
689 1098 797 1153 vim
823 1098 1080 1164 habeant,
1110 1108 1171 1153 ut
1197 1098 1606 1169 quamprimum
1628 1100 1892 1157 inducant
1921 1101 1974 1156 in
1998 1118 2128 1173 pro-

544 1188 771 1244 fundam
805 1189 1006 1245 interni
1040 1190 1167 1246 belli
1204 1191 1558 1259 oblivionem,
1601 1202 1659 1249 et
1690 1194 1966 1251 abducant
2005 1196 2129 1250 ani-

542 1294 689 1334 mam
734 1294 765 1333 a
800 1280 1023 1336 sublimi
1064 1280 1272 1347 laetitia,
1305 1298 1467 1353 quam
1510 1284 1754 1354 concipit
1782 1301 1851 1341 ex
1891 1287 2130 1356 puritate

544 1366 748 1422 cordis.
793 1365 1244 1438 Quandoquidem
1304 1371 1767 1427 animadversioni
1810 1389 1922 1428 non
1968 1374 2127 1430 aliter

544 1459 866 1515 adversatur
913 1461 1246 1517 exsecranda
1300 1463 1523 1531 oblivio,
1562 1480 1725 1535 quam
1775 1479 1913 1535 aqua
1968 1465 2125 1537 igni:

542 1562 651 1618 qua
683 1547 856 1604 hostis
879 1548 933 1603 in
965 1549 1207 1621 singulas
1232 1552 1397 1608 horas
1431 1553 1586 1608 valde
1619 1553 1831 1608 nititur.
1859 1551 2128 1619 Quoniam

542 1653 611 1691 ex
639 1638 914 1695 oblivione
939 1639 1230 1695 dilabimur
1264 1642 1318 1696 in
1336 1641 1721 1713 negligentiam
1750 1661 1763 1697 :
1796 1658 1827 1697 a
1859 1644 2129 1715 negligen-

544 1731 638 1795 tia,
668 1732 724 1785 in
774 1741 1157 1803 contemptum
1192 1741 1247 1789 et
1279 1734 1585 1790 socordiam
1620 1750 1686 1791 ac
1720 1735 1996 1791 desideria
2030 1738 2128 1793 ab-

2235 568 2324 634 γεῖ
2354 606 2368 631 ,
2420 567 2661 621 ὀλέσκων
2720 567 2868 621 ἐστί’
2940 568 3054 638 ἐγὼ
3118 568 3227 641 γὰρ
3292 565 3437 623 εἶδον
3520 570 3619 623 καὶ
3686 570 3823 624 κύνα

2230 657 2438 725 θρασὺν
2471 659 2601 724 ἴσως
2643 662 2756 723 τοῖς
2794 658 3004 725 λύκοις,
3038 660 3135 714 καὶ
3166 660 3237 714 τὰ
3280 660 3541 731 πρόϐατα
3574 659 3820 727 διαφθεί-

2231 764 2415 817 ροντα.

2299 839 2398 909 λβ’.
2434 840 2623 906 Οὕτως
2656 843 2827 913 ἐχρῆν
2859 842 3087 913 φεύγειν
3127 844 3229 916 τὴν
3261 846 3609 919 παρρησίαν,
3638 848 3716 913 ὡς
3747 850 3826 902 ίὸν

2228 934 2475 1001 ἀσπίδος,
2499 935 2596 989 xul.
2640 936 3010 1009 ἐκτρέπεσθαι
3037 938 3137 1002 τὰς
3168 938 3377 1003 πολλὰς
3402 942 3720 1012 συντυχίας,
3750 944 3826 1008 ὡς

2227 1023 2381 1093 ὄφεις
2405 1025 2503 1079 καὶ
2528 1029 2847 1099 γεννήματα
2876 1028 3122 1098 ἐχιδνῶν,
3154 1029 3436 1100 δυνάμενα
3477 1032 3659 1085 ταῦτα
3687 1051 3821 1102 utpo-

2228 1116 2369 1188 δρῶς
2398 1119 2478 1181 εἰς
2509 1117 2683 1191 λήθην
2716 1121 2909 1191 τάχιον
2952 1120 3048 1174 τοῦ
3077 1121 3226 1175 ἔνδον
3264 1123 3514 1193 πολέμου
3548 1124 3827 1195 καταστῆ-

2231 1224 2321 1262 σαι
2356 1210 2605 1276 τελείαν,
2643 1212 2740 1266 καὶ
2778 1216 3125 1284 καταγαγεῖν
3169 1214 3270 1285 τὴν
3313 1215 3498 1287 ψυχὴν
3552 1218 3669 1271 ἀπὸ
3724 1218 3825 1287 τῆς

2229 1300 2441 1373 ὑψηλῆς
2476 1304 2672 1373 χαρᾶς,
2708 1304 2810 1374 τῆς
2849 1305 2960 1359 ἀπὸ
2989 1305 3091 1376 τῆς
3135 1306 3515 1379 καθαρότητος
3542 1308 3650 1378 τῆς
3690 1326 3828 1379 καρ-

2228 1392 2368 1456 δίας.
2408 1394 2737 1450 Ἀντίκειται
2777 1397 2812 1465 ἡ
2842 1395 3121 1466 ἐπάρατος
3158 1396 3296 1467 λήθη
3344 1401 3412 1469 τῇ
3458 1402 3709 1470 προσοχῇ
3749 1400 3824 1464 ὡς

2229 1485 2366 1555 πυρὶ
2404 1485 2568 1556 ὕδωρο
2598 1489 2695 1542 καὶ
2723 1488 2985 1559 πολέμιος
3023 1489 3164 1561 αὐτῇ
3197 1489 3320 1542 καθ’
3351 1489 3507 1561 ὥραν
3539 1491 3825 1561 κραταιῶς

2228 1574 2522 1645 τυγχάνει·
2556 1577 2667 1631 ἀπὸ
2690 1577 2802 1650 γὰρ
2843 1577 3020 1651 λήθης
3041 1581 3125 1644 είς
3152 1580 3416 1650 ἀμέλειαν
3436 1582 3825 1653 καταντῶμεν,

2229 1667 2294 1718 ὲκ
2328 1666 2375 1720 δ’
2407 1666 2667 1737 ἀμελείας
2698 1671 2779 1733 είς
2811 1669 3224 1741 καταφρόνησιν
3250 1670 3349 1723 καὶ
3388 1670 3675 1742 ῥᾳθυμίαν
3727 1670 3825 1724 καὶ

2230 1757 2530 1828 ἐπιθυμίας
2562 1759 2803 1823 ἀτόπους
2828 1778 2842 1792 ·
2879 1762 2975 1815 καὶ
3020 1760 3167 1815 οῦτω
3201 1762 3366 1817 πάλιν
3414 1763 3825 1835 ἐπιστρέφομεν

541 1823 707 1879 surba
737 1842 750 1878 :
791 1832 846 1879 et
875 1825 949 1879 ita
997 1825 1179 1881 denuo
1226 1826 1599 1882 convertimur
1645 1828 1718 1883 ad
1748 1842 1815 1883 ea
1842 1843 1964 1898 qua:
1999 1829 2123 1885 reli-

2230 1846 2310 1909 είς
2338 1823 2411 1899 τά
2444 1846 2623 1902 ὀπίσω
2644 1890 2659 1915 ,
2682 1848 2742 1902 δν
2770 1849 2971 1921 τρόπον
3001 1849 3152 1905 κύων
3173 1850 3269 1903 ἐπὶ
3306 1851 3399 1905 τὸν
3432 1823 3821 1921 ίδιονέιίετον.

540 1917 763 1986 quimus
786 1932 819 1973 a
851 1926 1024 1990 tergo,
1063 1919 1214 1974 velut
1240 1919 1398 1975 canis
1430 1919 1498 1975 ad
1529 1920 1811 1991 proprium
1840 1919 2126 1975 vomitum.

540 2005 719 2074 Quare
752 2008 1021 2080 fugiamus
1068 2010 1440 2077 securitatem,
1479 2019 1541 2065 ut
1586 2010 1788 2067 lethale
1827 2026 2127 2070 venenum.

541 2099 773 2155 Exitiale
804 2112 989 2157 autem
1035 2101 1426 2157 detrimentum
1470 2102 1783 2169 oblivionis,
1815 2113 1871 2159 et
1910 2119 2032 2175 quae
2063 2120 2128 2160 ex

540 2204 605 2245 ea
660 2203 985 2259 nascuntur,
1034 2203 1193 2250 sanat
1231 2195 1562 2267 perdiligens
1602 2195 1853 2252 custodia
1903 2197 2126 2264 mentis,

541 2293 598 2338 et
643 2284 916 2342 invocatio
946 2287 1163 2343 Domini
1198 2288 1373 2344 nostri
1401 2288 1535 2345 Jesu
1579 2288 1780 2345 Christi
1833 2291 2127 2349 admodum

539 2376 799 2431 assidua:
843 2378 973 2448 quia
1009 2378 1127 2434 sine
1157 2394 1224 2435 co
1254 2380 1395 2435 nihil
1423 2396 1714 2451 possumus
1748 2381 1946 2439 facere.

612 2468 701 2523 53.
744 2468 864 2524 Non
911 2472 1173 2538 solemus,
1210 2488 1314 2528 nec
1364 2489 1654 2544 possumus
1693 2475 1975 2531 conciliari
2013 2493 2128 2535 ser-

539 2562 714 2629 penti,
747 2571 803 2617 et
828 2578 953 2618 eum
985 2565 1039 2620 in
1072 2566 1194 2620 sinu
1221 2576 1433 2637 gestare
1470 2583 1489 2619 :
1517 2582 1696 2637 neque
1729 2583 1931 2639 corpus
1959 2570 2127 2626 variis

541 2653 820 2711 blanditiis
847 2659 1126 2729 prosequi,
1159 2660 1413 2727 delinire,
1438 2667 1494 2715 et
1526 2661 1833 2727 redamare,
1874 2678 1985 2718 non
2030 2666 2127 2719 ad—

539 2744 861 2802 ministratis
881 2749 946 2804 iis
968 2764 1087 2819 quae
1119 2753 1427 2806 necessaria
1461 2762 1589 2807 sunt
1617 2762 1673 2808 et
1713 2754 1887 2819 utilia,
1927 2771 1990 2811 ac
2016 2756 2125 2812 vir-

542 2833 675 2889 tutis
722 2834 910 2892 itidem
952 2840 1191 2893 coelestis
1228 2855 1417 2894 curam
1459 2857 1641 2913 agere.
1690 2839 1826 2897 Nam
1867 2843 1959 2898 ille
2006 2846 2125 2900 vul-

542 2941 739 2982 nerare
781 2929 919 2985 solet
963 2930 1240 2987 foventem
1271 2952 1289 2987 ι
1333 2933 1438 2989 hoc
1478 2941 1683 3002 autem,
1731 2936 2123 2993 inservientem

543 3017 917 3088 voluptatibus
966 3022 1273 3093 inquinare.
1327 3025 1557 3091 Idcirco,
1591 3042 1693 3097 pro
1723 3028 1887 3083 modo
1915 3028 2119 3098 delicti,

540 3108 768 3179 ﬂagellis
819 3120 876 3167 et
900 3115 1098 3186 pugnis
1142 3115 1386 3172 caedatur
1420 3117 1708 3184 acerrime,
1753 3119 1902 3173 velut
1931 3135 2122 3175 servus

540 3197 822 3271 fugitivus,
851 3182 1032 3261 musto
1059 3206 1274 3277 plenus,
1302 3208 1358 3262 in
1393 3208 1558 3265 dorso
1585 3182 1812 3281 ﬂagellis
1840 3213 2077 3268 obnoxio
2106 3230 2118 3267 :
2149 3182 2194 3241 ο

538 3305 611 3346 ιε
639 3292 920 3351 dominum
949 3305 1144 3355 tractet
1170 3307 1231 3355 ut
1271 3315 1575 3372 cauponem
1604 3320 1618 3358 :
1660 3318 1731 3359 ne
1768 3306 2123 3376 corruptibilc

534 3379 718 3436 lutum
742 3392 794 3439 et
831 3386 1027 3442 ancilla
1062 3390 1294 3446 obscura
1319 3391 1535 3463 ignoret
1566 3392 1867 3460 dominam,
1899 3405 1957 3451 et
1997 3411 2122 3451 cor-

535 3474 815 3543 ruptionis
855 3490 1183 3549 exspertem.
1228 3483 1312 3539 Ad
1341 3499 1514 3556 usque
1543 3485 1850 3554 decessum,
1884 3503 1955 3543 ne
1989 3488 2123 3545 ﬁdas

534 3566 687 3620 carni
736 3576 862 3623 tuae.
915 3570 1191 3641 Sapientia
1238 3577 1380 3630 enim
1412 3579 1611 3643 carnis,
1653 3579 1850 3649 inquit,
1898 3582 2117 3636 inimica

534 3660 615 3706 est
639 3651 748 3707 Deo
776 3655 841 3709 ⁵⁸.
870 3653 998 3729 Legi
1028 3660 1175 3716 enim
1200 3660 1294 3717 Dei
1320 3677 1432 3718 non
1456 3673 1540 3719 est
1561 3665 1829 3736 subjecta.
1854 3665 1921 3722 Et
1947 3686 1959 3721 :
1981 3667 2121 3723 Caro

533 3744 851 3815 concupiscit
882 3750 1130 3806 adversus
1159 3752 1407 3821 spiritum
1432 3755 1500 3807 ⁵⁸.
1533 3753 1643 3819 Qui.
1671 3765 1847 3811 autem
1878 3758 1935 3811 in
1964 3775 2122 3813 carne

534 3845 677 3902 sunt,
720 3837 830 3892 Deo
882 3839 1092 3907 placere
1141 3860 1243 3897 non
1303 3856 1524 3914 possunt
1555 3847 1622 3900 ⁷ο.
1669 3846 1777 3903 Nos
1823 3866 1956 3905 vero
2008 3867 2118 3907 non

534 3940 727 3981 sumus
755 3929 811 3983 in
844 3945 1029 3998 carne,
1054 3934 1149 3988 sed
1172 3935 1229 3989 in
1260 3936 1481 4007 spiritu.

604 4019 694 4074 34.
746 4017 1061 4079 Prudentiae
1103 4026 1323 4095 quidem
1376 4027 1613 4085 ofﬁcium
1675 4041 1779 4099 est,
1846 4033 2117 4092 irascendi

532 4107 644 4161 vim
664 4107 869 4180 jugiter
892 4121 1146 4183 torquere
1168 4117 1235 4172 ad
1258 4118 1571 4175 conﬂictum
1598 4121 1876 4180 interioris
1897 4142 2115 4197 pugnae,

531 4207 585 4253 et
610 4198 677 4253 ad
709 4201 792 4255 sui
841 4207 1311 4275 conquestionem.
1364 4211 1657 4283 Sapientiae
1708 4231 1862 4284 vero,
1896 4234 2118 4276 movere

526 4289 850 4347 rationalem
884 4293 1202 4355 facultatem
1230 4303 1299 4357 ad
1331 4314 1577 4361 exactam
1606 4310 2029 4378 temperantiam
2061 4322 2116 4366 et

523 4382 864 4452 continuam,
919 4404 1137 4447 necnon
1192 4393 1261 4449 ad
1319 4399 1839 4469 contemplationem
1893 4402 2115 4472 spirita-

522 4471 653 4527 lem.
702 4474 938 4533 Justitiae
970 4492 1155 4537 autem
1192 4492 1295 4550 est,

522 4571 581 4617 et
610 4564 780 4623 Deum
814 4570 1049 4643 dirigere
1086 4592 1099 4628 :
1136 4575 1496 4634 Fortitudinis
1526 4595 1679 4649 vero,
1704 4583 1947 4654 quinque
1980 4599 2110 4640 sen-

521 4672 616 4714 sus
654 4661 926 4718 moderari
978 4675 1035 4721 et
1066 4669 1350 4726 continere
1379 4687 1391 4725 :
1425 4687 1497 4728 ne
1537 4687 1637 4744 per
1687 4674 1837 4746 ipsos
1872 4680 2114 4735 macule-

523 4760 621 4804 tur
648 4752 877 4809 interior
907 4757 1073 4814 homo
1104 4770 1315 4829 noster,
1351 4765 1497 4834 quod
1541 4776 1629 4821 est
1656 4781 1751 4823 cor
1782 4785 1796 4822 :
1832 4784 1970 4826 neve
2010 4787 2110 4826 ex-

522 4839 709 4907 terior,
748 4843 897 4911 quod
925 4856 1009 4900 est
1036 4862 1255 4919 corpus.

593 4926 683 4982 55.
726 4927 795 4982 In
822 4929 1024 4987 lsraele
1046 4945 1122 4988 est
1157 4938 1555 5008 magniﬁcentia
1584 4941 1699 5010 eius
1725 4942 1769 4973 ⁷⁸
1800 4960 1813 4997 :
1843 4943 1899 4998 in
1924 4944 2107 5001 animo

518 5017 727 5083 videte,
776 5024 957 5092 quoad
1002 5025 1121 5081 ﬁeri
1171 5038 1368 5099 potest,
1413 5031 1670 5088 decorem
1709 5034 1897 5105 gloriae
1931 5037 2108 5108 ipsius

518 5108 640 5165 Dei.
682 5109 748 5166 Et
777 5114 953 5171 virtus
983 5118 1103 5187 ejus
1128 5120 1183 5174 in
1209 5122 1451 5178 nubibus
1480 5138 1493 5174 :
1533 5125 1639 5181 hoc
1682 5133 1788 5194 est,
1829 5127 1883 5182 in
1914 5129 2107 5186 amicis

516 5203 954 5275 splendentibus,
994 5210 1206 5267 intente
1241 5214 1581 5271 intuentibus
1614 5217 1671 5271 in
1707 5233 1961 5275 auroram
1990 5238 2107 5277 ma-

517 5295 775 5363 tutinam,
809 5298 913 5354 hoc
950 5309 1052 5366 est,
1083 5301 1140 5357 in
1180 5319 1304 5359 emn
1337 5307 1430 5376 qui
1462 5308 1619 5363 sedet
1651 5308 1705 5363 in
1747 5310 1970 5366 dextera
1998 5311 2104 5367 Pa-

519 5384 638 5448 tris,
671 5387 726 5441 in
775 5388 918 5457 illos,
952 5392 1274 5462 splendores
1313 5397 1595 5463 emittens,
1637 5400 1808 5455 veluti
1860 5401 1940 5456 sol
1986 5403 2101 5459 suis

516 5478 687 5534 radiis
714 5490 1013 5550 penetrans
1048 5486 1225 5544 nubes
1254 5490 1512 5557 mandas,
1544 5491 1688 5561 quod
1721 5492 1955 5548 amabile
1992 5505 2098 5563 est,

514 5572 778 5627 ostendit.

581 5661 672 5716 36.
704 5662 842 5720 Cum
896 5668 1019 5728 uuis
1063 5681 1277 5742 peccat,
1327 5674 1505 5745 inquit
1561 5674 1841 5746 Scriptura
1884 5677 2089 5747 divina,

582 5777 627 5808 ⁸⁸
652 5777 813 5839 Rom.
840 5800 962 5852 νηί,
1000 5787 1049 5841 7.

1132 5793 1174 5823 δ’
1199 5790 1377 5847 Galat.
1409 5810 1459 5857 ν,
1503 5793 1585 5847 17.
1666 5794 1710 5826 ⁷⁰
1739 5791 1899 5856 Rern.
1929 5813 2044 5864 vm,
2072 5798 2124 5855 8.

2229 1937 2498 2009 Φύγωμεν
2539 1940 2722 1995 τοίνυν
2765 1942 2867 2012 τὴν
2909 1942 3250 2014 παρρησίαν,
3299 1942 3377 2007 ὡς
3420 1942 3499 1997 ίδν
3545 1944 3820 1997 θανάτου·

2228 2028 2293 2082 τὸ
2318 2029 2375 2083 δὲ
2400 2031 2571 2085 κακὸν
2597 2032 2758 2103 πῆμα
2784 2034 2885 2102 τῆς
2904 2033 3078 2105 λήθης
3119 2034 3214 2087 καὶ
3248 2034 3319 2087 τὰ
3358 2034 3417 2100 ἐξ
3444 2034 3642 2105 αὐτῆς,
3674 2036 3821 2088 ἰᾶται

2229 2121 2467 2193 ἀκριϐὴς
2494 2122 2618 2177 λίαν
2656 2125 2775 2189 νοὸς
2809 2123 3065 2195 φυλακὴ,
3096 2127 3192 2180 καὶ
3237 2124 3472 2197 συνεχὴς
3509 2126 3655 2179 πάνυ
3693 2126 3822 2178 επί-

2229 2211 2424 2283 κλησις
2451 2211 2548 2267 τοῦ
2573 2214 2782 2286 Κύριου
2814 2215 2973 2288 ἡμῶν
3015 2215 3192 2287 Ἰησοῦ
3222 2216 3487 2288 Χριστοῦ·
3522 2217 3693 2290 χωρὶς
3711 2217 3824 2289 γᾴρ

2228 2304 2396 2359 αὐτοῦ
2421 2305 2482 2360 οὐ
2514 2307 2794 2379 δυνάμεθα
2815 2310 2997 2365 ποιεῖν
3022 2309 3202 2366 οὐδέν.

2299 2484 2403 2553 λγ⁴.
2438 2484 2553 2540 Οὐκ
2590 2485 2887 2558 ἐνδέχεται,
2919 2486 3045 2542 οὔτε
3093 2488 3201 2560 μὴν
3235 2489 3485 2555 δυνατὸν,
3526 2492 3651 2561 ὄφει
3678 2511 3818 2565 συμ-

2229 2574 2515 2645 φιλιῶσαι,
2541 2579 2639 2632 καὶ
2676 2579 2758 2642 εἰς
2798 2579 3003 2635 κόλπον
3051 2580 3325 2651 βαστάσαι
3350 2599 3365 2613 ο
3412 2584 3537 2638 οὐδὲ
3568 2586 3629 2639 τὸ
3660 2587 3818 2657 σῶμα

2226 2664 2502 2729 παντοίως
2538 2666 2861 2724 κολακεύειν
2878 2670 2974 2725 καὶ
3006 2670 3333 2743 θεραπεύειν
3360 2675 3457 2728 καὶ
3480 2676 3703 2748 ἀγαπᾷν
3719 2680 3816 2730 ὲκ-

2224 2755 2313 2821 τδς
2330 2756 2440 2811 τῶν
2466 2759 2748 2829 χρειωδῶν
2767 2778 2827 2815 τε
2847 2763 2943 2817 καὶ
2958 2765 3297 2833 ἀναγκαίων,
3317 2768 3412 2821 καὶ
3433 2767 3815 2839 ἐπιμελεῖσθαι

2223 2847 2325 2920 τῆς
2348 2850 2550 2925 ἀρετῆς
2577 2853 2856 2925 οὐρανίου.
2889 2856 3115 2926 Πέφυκε
3142 2859 3273 2930 γὰρ,
3292 2862 3321 2914 ό
3346 2861 3469 2932 μὲν,
3488 2864 3815 2933 τιτρώσκειν

2222 2944 2314 2999 τὸν
2344 2944 2644 3012 θάλποντα,
2682 2948 2744 3003 τὸ
2770 2948 2829 3003 δὲ
2864 2950 3118 3022 μολύνειν
3165 2955 3225 3008 ὲν
3261 2954 3485 3023 ἡδοναῖς
3520 2957 3614 3009 τὸν
3652 2957 3814 3027 θερα-

2224 3037 2582 3094 πεύονταοὲν
2623 3036 2709 3104 οἷς
2765 3043 2992 3109 πταίει,
3053 3046 3307 3117 μάστιξιν
3348 3047 3671 3114 αἰκιζέσθω,
3704 3051 3813 3118 πὺξ

2225 3130 2467 3199 ἀφειδῶς
2508 3132 2586 3199 ὡς
2612 3134 2801 3200 δοῦλος
2847 3136 3128 3209 δραπέτης
3156 3139 3424 3209 γλεύκους
3456 3145 3815 3213 μεμεστωμέ-

2225 3237 2315 3284 νος
2337 3220 2490 3293 νώτῳ
2515 3224 2842 3294 μαστιγίας·
2874 3227 2966 3281 τὸν
2989 3228 3180 3302 κύριον
3208 3229 3284 3302 μὴ
3309 3233 3809 3303 καπηλοτριὸεἰτω.

2228 3311 2302 3384 μὴ
2331 3313 2595 3380 ἀγνοείτω
2639 3317 2739 3388 τὴν
2786 3318 2985 3388 κυρίαν
3022 3321 3118 3375 καὶ
3162 3322 3475 3394 ἄφθαρτον,
3521 3326 3555 3395 ἠ
3602 3325 3810 3398 φθαρτῇ

2228 3402 2423 3473 πηλὸς,
2448 3406 2543 3460 καὶ
2590 3406 2755 3480 δούλη
2794 3411 2892 3464 καὶ
2937 3415 3252 3485 νυκτερινὴ.
3306 3415 3455 3480 Ἕως
3507 3416 3691 3481 ἐξόδου
3733 3418 3807 3488 μὴ

2225 3492 2508 3567 θαρῤήσῃς
2520 3514 2616 3551 σου
2633 3501 2697 3570 τῇ
2713 3501 2900 3572 σαρκίο
2934 3503 3005 3557 Τὸ
3022 3502 3274 3572 θέλημα,
3289 3506 3447 3575 φησι,
3464 3504 3575 3575 τῆς
3586 3508 3807 3577 σαρκὸς

2223 3588 2419 3657 ἔχθρα
2447 3592 2536 3656 είς
2575 3592 2745 3646 Θεόν·
2776 3593 2855 3664 τῷ
2888 3594 2997 3666 γὰρ
3024 3595 3174 3667 νόμῳ
3217 3598 3311 3651 τοῦ
3358 3597 3499 3652 Θεοῦ
3545 3600 3645 3671 οὐχ
3676 3602 3807 3654 ὑπο-

2222 3680 2508 3736 τάσσεται.
2543 3684 2678 3748 Καὶ,
2717 3685 2787 3740 Ἠ
2814 3688 2974 3756 σὰρξ
2998 3689 3279 3762 ἐπιθυμεῖ
3303 3693 3457 3747 κατὰ
3488 3695 3599 3749 τοῦ
3626 3696 3804 3750 πνεύ-

2216 3788 2410 3842 ματος
2437 3789 2451 3803 ⁸
2506 3778 2571 3830 Ol
2612 3777 2681 3830 δὲ
2732 3777 2804 3833 ἐν
2853 3782 3034 3849 σαρκί
3067 3783 3262 3850 ὄντες.
3302 3784 3426 3851 Θεῷ
3478 3787 3691 3856 ἀρέσαι
3734 3792 3804 3843 οὐ

2220 3859 2537 3918 δύνανται.
2594 3863 2787 3936 Ἡμεῖς
2831 3866 2889 3922 δὲ
2944 3869 3043 3923 οὐκ
3085 3870 3265 3942 ἐσμὲν
3312 3873 3373 3927 ὲν
3429 3876 3617 3946 σαρκὶ,
3671 3876 3800 3930 ἀλλὰ

2221 3952 2521 4025 πνεύματι.

2290 4046 2387 4102 λδν.
2421 4048 2532 4119 Τῆς
2571 4048 2676 4120 μὲν
2725 4053 3045 4126 φρονήσεως
3083 4054 3280 4128 ἔργον,
3319 4057 3379 4112 τὸ
3414 4059 3504 4112 ἀεὶ
3540 4063 3714 4114 κινεῖν
3742 4062 3798 4115 τὸ

2221 4137 2457 4208 θυμικὸν
2492 4141 2629 4215 πρὸς
2652 4146 2975 4219 συμπλοκὴν
2995 4148 3098 4219 τῆς
3120 4148 3271 4202 ἔνδον
3303 4151 3508 4222 μάχης,
3544 4152 3641 4205 καὶ
3667 4152 3796 4222 πρὸς

2219 4228 2606 4304 αὐτομεμψίαν
2644 4251 2659 4266 ⁸
2691 4237 2791 4308 τῆς
2826 4237 3018 4307 σοφίας
3060 4238 3117 4293 δὲ
3140 4279 3158 4306 ,
3197 4244 3370 4295 κινεῖν
3396 4243 3460 4296 τὸ
3491 4243 3795 4313 λογιστικὸν

2218 4323 2359 4395 πρὸς
2384 4325 2547 4397 νῆψιν
2570 4327 2774 4399 ἀκριϐῆ
2794 4331 2891 4384 καὶ
2920 4331 3197 4405 ἐνδελεχῆ,
3233 4334 3331 4387 καὶ
3377 4335 3611 4407 θεωρίαν
3640 4356 3794 4391 msu-

2222 4418 2457 4489 ματικήν
2475 4433 2491 4450 ο
2520 4420 2619 4489 τῆς
2638 4419 2695 4475 δὲ
2722 4420 3091 4496 δικαιοσύνης,
3109 4425 3170 4478 τὺ
3201 4425 3404 4479 ἰθύνειν
3436 4428 3499 4482 τὸ
3525 4429 3791 4501 ἐπιθυμη-

1346 4488 1701 4558 cupiditatem
1745 4492 1813 4547 ad
1852 4491 2110 4547 virtutem

2226 4505 2367 4558 τικὸν
2400 4488 2539 4577 πρός
2580 4488 2648 4561 τε
2689 4510 2894 4583 ἀρετὴν
2933 4488 3036 4566 καὶ.
3060 4511 3220 4566 Θεόν⁶
3254 4514 3356 4585 τῆς
3400 4514 3460 4567 δὲ
3503 4488 3786 4587 ἀνδρείας..

2211 4593 2312 4657 τὰς
2357 4596 2519 4649 πέντε
2552 4598 2832 4671 αἰσθήσεις
2874 4601 3145 4675 κυϐερνᾷν
3179 4603 3278 4658 καὶ
3313 4604 3678 4676 διακατέχειν,
3707 4608 3788 4661 ἵνα

2214 4686 2290 4757 μὴ
2312 4685 2382 4741 δι’
2425 4688 2606 4743 αὐτῶν
2636 4691 2934 4764 μολύνηται
2968 4694 2998 4748 ὀ
3028 4694 3178 4758 ἐντὸς
3201 4694 3363 4766 ἡμῶν
3399 4696 3706 4769 ἄνθρωπος,
3733 4698 3787 4762 ὃς

2210 4777 2358 4833 ἐστίν
2384 4777 2419 4851 ἡ
2457 4781 2656 4853 καρδία
2679 4798 2695 4814 ·
2727 4785 2825 4838 καὶ
2849 4785 2878 4837 ό
2901 4784 3080 4851 ἐκτὸς,
3110 4785 3169 4850 ὃς
3192 4786 3312 4841 ἐστι
3338 4787 3401 4841 τδ
3436 4788 3620 4860 σῶμα.

2280 4957 2377 5011 λε’.
2425 4959 2556 5015 Ἐπί
2587 4960 2695 5015 τὸν
2732 4962 2973 5031 Ἰσραὴλ
3001 4964 3039 5032 ἡ
3063 4964 3554 5036 μεγαλοπρέπεια
3587 4966 3783 5027 αὐτοῦ.

2208 5046 2303 5099 ἐπὶ
2332 5047 2459 5102 νοῦν
2505 5049 2721 5122 ὁρῶντα
2762 5052 2825 5106 τὸ
2865 5052 3065 5118 κάλλος
3101 5053 3179 5118 ὡς
3217 5054 3475 5123 δυνατὸν,
3505 5056 3610 5126 τῆς
3637 5056 3785 5127 δόξης

2206 5139 2373 5194 αὑτοῦ
2388 5140 2483 5195 τοῦ
2500 5142 2659 5198 Θεοῦ.
2682 5143 2836 5215 Καὶή
2852 5142 3084 5216 δύναμις
3114 5144 3277 5197 αὑτοῦ
3292 5147 3351 5197 ὲν
3363 5148 3485 5210 ταῖς
3517 5146 3781 5215 νεφέλαις,

2206 5228 2266 5281 ἐν
2287 5228 2486 5301 ψυχαῖς
2507 5232 2886 5301 φεγγοειδέσιν
2902 5234 3286 5300 άτενιζούσαις
3328 5236 3410 5300 εἰς
3432 5236 3533 5300 τὰς
3557 5237 3781 5308 πρωῖας.

2206 5320 2298 5374 τὸν
2329 5323 2387 5375 ὲν
2419 5322 2574 5396 δεξιᾷ
2599 5327 2665 5397 τῇ
2694 5328 2940 5398 πατρικῇ
2966 5326 3319 5398 ἐφεζόμενον,
3354 5328 3783 5398 φεγγοὼλοῦντα

2204 5411 2396 5478 αὑταῖς
2447 5412 2523 5477 ὡς
2570 5414 2721 5486 ἥλιος
2777 5418 3033 5488 νεφέλαις
3092 5418 3364 5491 καθαραῖς
3412 5420 3780 5475 ἁκτινοδολῶν

2201 5501 2466 5572 ἐράσμιον
2490 5504 2855 5560 ἀποδεικνύει.

2275 5684 2383 5750 λς’.
2431 5685 2791 5760 Ἀμαρτάνων
2830 5689 2930 5761 εἷς,
2977 5692 3144 5765 φησὶν
3177 5693 3210 5763 ή
3244 5691 3362 5747 θεία
3404 5693 3443 5747 Γ
3449 5692 3618 5766 ραφῆ,
3656 5694 3771 5746 uxo-

2206 5802 2248 5833 ν’
2288 5800 2431 5859 Psal.
2466 5821 2635 5872 um,
2659 5806 2746 5862 53.
