4040 6410
241 377 380 446 i593

928 384 1022 443 DE
1054 384 1600 448 TEMPERANTIA
1639 387 1735 449 ET
1774 389 2134 453 VIRTUTE.
2180 419 2246 428 —
2280 395 2668 458 CENTURIA
2711 399 2762 460 Ι.

3356 407 3488 472 1694

227 491 375 545 λέσει
427 488 792 559 ἀγαθωσύνην
838 492 1118 564 μεγάλην,
1179 495 1274 548 καὶ
1318 497 1650 569 ἁμαρτάνων
1687 498 1810 562 νοῦς

1939 502 2108 557 νειόθι
2139 503 2280 560 bona
2313 509 2503 572 multa,
2544 519 2598 563 et
2638 525 2792 565 mens
2834 527 2951 580 qua?
2995 525 3207 582 peccat,
3254 531 3407 575 escas
3436 532 3501 573 es-

231 579 480 643 ὲξόλλυσι
525 578 592 632 τά
620 579 677 631 ἐν
707 578 787 650 τῷ
830 583 1315 656 προγεγραμμένῳ
1344 588 1634 660 κεφαλαίῳ
1673 589 1812 643 ποτά

231 672 326 725 καὶ
359 669 545 741 βρωτά
575 669 913 740 ἀμϐροσίας.

301 760 402 826 λζ’.
429 761 542 816 Ούκ
565 763 733 832 ἐσμὲν
752 764 989 834 Σαμψὼν
1017 766 1405 838 δυνατώτεροι,
1439 770 1498 822 ού
1529 769 1816 841 Σολομῶν-

228 868 323 915 τος
351 852 674 922 σοφώτεροι,
725 853 784 906 οὐ
832 853 996 908 Δαϐὶδ
1023 855 1116 908 τοῦ
1160 856 1308 909 θείου
1350 858 1811 929 γνωστικώτεροι,

229 942 292 994 ού
339 942 548 1014 Πέτρου
600 942 699 996 τοῦ
753 945 1055 1015 κορυφαίου
1110 947 1311 1016 μᾶλλον
1354 948 1490 1002 Θεὸν
1552 949 1815 1017 ἀγαπῶν-

230 1050 354 1098 τες·
403 1034 479 1105 μὴ
522 1036 738 1100 ἑαυτοῖς
775 1038 957 1092 τοίνυν
1013 1037 1384 1111 θαρρήσωμεν
1411 1057 1424 1070 ο
1463 1040 1600 1112 φησὶ
1642 1041 1752 1113 γὰρ
1779 1043 1812 1111 ὴ

233 1125 522 1198 ΓραφίγὉ
549 1130 630 1193 είς
669 1130 834 1185 αὑτὸν
870 1130 1112 1204 θαρρῶν,
1154 1135 1406 1186 πεσεῖται
1435 1133 1638 1204 πτῶμα
1667 1133 1817 1200 ὲξαί-

235 1237 377 1276 σιον.

307 1312 412 1385 λη’.
457 1315 735 1387 Μάθωμεν
795 1318 905 1371 ἀπὸ
963 1317 1206 1390 Χριστοῦ
1269 1319 1816 1393 ταπεινοφροσύνην,

237 1406 334 1459 καὶ
367 1407 432 1459 ὲκ
466 1408 634 1461 Δαϐὶδ
676 1410 1032 1474 ταπείνωσιν,
1068 1411 1164 1464 καὶ
1213 1413 1276 1463 ὲκ
1306 1411 1516 1482 Πέτρου
1559 1411 1820 1481 δακρύειν

238 1498 334 1549 ἐπὶ
359 1500 473 1562 τοῖς
499 1499 915 1569 συμϐαίνουσιν,
936 1501 1073 1556 ἀλλά
1106 1502 1181 1573 μὴ
1213 1503 1642 1570 ἀπογινώσκειν,
1681 1505 1822 1558 κατά

241 1589 507 1660 Σαμψὼν,
536 1592 629 1645 καὶ
655 1591 882 1658 Ἰούδαν,
907 1593 1001 1648 καὶ
1015 1592 1340 1664 Σολομῶντα
1360 1595 1452 1648 τὸν
1482 1594 1602 1649 λίαν
1641 1595 1821 1666 σοφώ-

235 1697 429 1739 τατον.

309 1770 407 1827 λθ⁹.
455 1771 515 1824 Ὀ
537 1775 646 1844 γὰρ
683 1773 931 1838 διάϐολος
966 1775 1280 1848 ώρυόμενος
1302 1780 1380 1842 ὡς
1410 1778 1550 1832 λέων
1576 1794 1823 1850 περιπα-

235 1864 347 1916 τῶν
379 1863 532 1934 ζητεῖ
565 1866 684 1921 τίνα
729 1868 989 1922 καταπίει
1035 1870 1134 1924 σὺν
1170 1873 1291 1935 ταῖς
1334 1871 1502 1925 αὐτοῦ
1530 1871 1816 1941 δυνάμεσι.

236 1957 394 2026 Μήτε
421 1952 513 2010 οῦν
547 1959 580 2028 ἡ
622 1959 893 2030 καρδιακὴ
935 1961 1002 2014 δι’
1035 1962 1159 2014 ὅλου
1204 1962 1470 2034 προσοχὴ,
1510 1962 1606 2016 καὶ
1634 1962 1816 2032 νῆψις,

238 2049 338 2102 καὶ
386 2049 728 2122 ἀντίρρησις,
770 2055 863 2106 καὶ
912 2055 1046 2126 εύχὴ
1095 2057 1234 2128 πρὸς
1283 2055 1522 2127 Χριστὸν
1583 2052 1818 2124 Ἰησοῦν,

235 2140 332 2194 τὸν
349 2140 482 2194 Θεὸν
518 2143 695 2212 ἡμῶν,
721 2145 958 2216 ἀργείτω
989 2148 1143 2213 ποτὲ,
1173 2147 1350 2220 πάρεξ
1395 2145 1573 2218 Ἰησοῦ
1597 2162 1613 2178 ο
1642 2148 1821 2216 κρεῖτ-

234 2249 332 2285 τον
365 2231 472 2302 γὰρ
507 2231 763 2304 βοήθημα
791 2237 890 2307 οὐχ
931 2237 1185 2310 εὑρήσεις
1215 2241 1274 2293 ὲν
1307 2239 1404 2308 ὅλῃ
1433 2240 1500 2308 τῇ
1533 2241 1648 2308 ζωῇ
1691 2254 1818 2290 σου·

238 2323 403 2387 αὑτὸς
465 2325 574 2394 γὰρ
646 2327 809 2394 μόνος
867 2330 896 2382 ό
953 2329 1160 2402 Κύριος
1229 2331 1492 2399 γινώσκει
1552 2330 1628 2394 ὡς
1689 2328 1824 2393 Θεὸς

238 2418 340 2480 τὰς
393 2416 501 2470 τῶν
531 2417 802 2490 δαιμόνων
836 2425 1200 2494 πανουργίας,
1240 2423 1335 2479 καὶ
1367 2423 1680 2496 μεθοδείας,
1727 2422 1824 2477 καὶ

240 2511 447 2573 δόλους.

317 2613 390 2676 μ’.
434 2608 502 2664 Ἦ
543 2609 691 2682 ψυχὴ
735 2608 916 2662 τοίνυν
967 2609 1242 2682 θαῤῥείτω
1285 2612 1366 2675 εἰς
1420 2611 1684 2683 Χριστὸν,
1729 2613 1826 2666 καὶ

241 2700 634 2767 παρακαλείτω
657 2700 843 2765 αὑτὸν,
868 2702 962 2755 καὶ
988 2702 1124 2774 μηδ’
1145 2703 1283 2765 ὅλως
1312 2703 1584 2758 δειλιάτω.
1616 2705 1690 2758 Ού
1717 2705 1825 2774 γὰρ

245 2788 387 2858 μόνη
420 2790 672 2862 πολεμεῖ,
722 2790 858 2845 ἀλλὰ
895 2792 1033 2861 μετά
1072 2792 1306 2864 φοϐεροῦ
1342 2793 1607 2864 βασιλέως
1648 2792 1825 2864 Ἰησοῦ

242 2881 735 2949 Χριστοῦ,κτίστου
755 2883 972 2938 πάντων
991 2883 1100 2938 τῶν
1120 2885 1630 2956 δντων,ἁσωμάτων
1654 2903 1714 2939 τε
1733 2885 1828 2939 καί⁵

243 2977 598 3049 ἐνσωμάτων,
639 2979 808 3049 ἦγουν
837 2978 1047 3051 ὁρατῶν
1079 2979 1175 3034 καὶ
1202 2978 1473 3051 ἀοράτων.

322 3158 433 3229 μα’.
472 3159 558 3224 Ὠς
592 3160 702 3232 γὰρ
735 3162 763 3215 ὁ
797 3161 953 3228 ὑετὸς
984 3161 1094 3232 ὅσῳ
1121 3161 1306 3215 πλεῖον
1348 3159 1441 3214 ἐπὶ
1471 3159 1574 3230 τῆς
1604 3160 1710 3230 γῆς
1739 3175 1833 3213 κα-

244 3249 571 3321 ταφέρεται,
585 3253 838 3306 τοσοῦτον
852 3254 943 3306 καὶ
957 3253 1058 3323 τὴν
1079 3253 1182 3323 γῆν
1197 3251 1480 3307 ἀπαλύνει·
1501 3250 1646 3305 οὕτω
1666 3250 1836 3306 καὶτὸ

246 3341 410 3410 ἅγιον
446 3343 617 3414 ὄνομα
678 3347 771 3398 τοῦ
811 3345 1052 3417 Χριστοῦ
1086 3345 1215 3416 παρ’
1259 3343 1419 3416 ἡμῶν
1465 3341 1837 3412 ἐπιϐοώμενον

245 3433 426 3504 χωρὶς
458 3433 767 3505 λογισμῶν,
813 3436 938 3490 ὅσον
983 3437 1315 3505 πυκνότερον
1360 3435 1492 3489 αὐτὸ
1533 3432 1834 3487 ἐπικαλού-

254 3521 420 3592 μεθα,
443 3522 707 3577 ἁπαλύνει
730 3524 828 3594 τὴν
845 3525 947 3594 γῆν
972 3523 1071 3595 τῆς
1091 3522 1320 3595 καρδίας
1343 3521 1523 3594 ἡμῶν,
1545 3523 1642 3576 καὶ
1665 3540 1834 3596 χαροο

249 3616 419 3680 ποιεῖ,
458 3615 553 3668 καὶ
576 3617 885 3686 εὐφραίνει.

330 3707 442 3776 μβ’.
471 3707 654 3760 Καλὸν
678 3707 736 3760 δὲ
763 3709 858 3761 καὶ
887 3706 1045 3762 τοῦτο
1069 3709 1196 3772 τοὺς
1227 3707 1490 3778 ἀπείρους
1512 3708 1731 3775 εἰδέναι,
1754 3709 1836 3762 δτι

255 3798 455 3868 ἔχροὺς
496 3799 694 3870 ἔχομεν
733 3799 1062 3870 ἀσωμάτους
1089 3800 1184 3853 καὶ
1225 3799 1494 3869 ἀοράτους
1535 3800 1631 3853 καὶ
1674 3817 1838 3853 κακο-

252 3891 458 3957 Θελεῖς,
484 3892 578 3944 καὶ
606 3891 906 3962 φρονίμους
931 3893 1012 3954 είς
1037 3890 1099 3944 τὸ
1130 3891 1404 3956 κακῶσαι,
1435 3893 1532 3944 καὶ
1561 3893 1837 3963 ὲντρεχεϊς

253 3983 355 4037 καὶ
387 3983 630 4054 κούφους
678 3984 1220 4054 ἐμπειροπολέμους,
1265 3981 1410 4035 ἔτεσι
1452 3984 1568 4046 τοῖς
1607 3983 1716 4035 ἀπὸ
1742 3981 1836 4034 τοῦ

267 4073 445 4144 Ἀδὰμ
470 4075 564 4126 καὶ
599 4074 763 4146 μέχρι
799 4075 1030 4137 καὶτοῖς
1060 4073 1241 4144 δεῦρο,
1277 4075 1326 4126 οἱ
1351 4075 1546 4144 παχεῖς
1577 4074 1726 4142 ἡμᾶς
1745 4074 1841 4128 καὶ

259 4169 399 4239 πρὸς
415 4169 518 4238 γῆν
542 4166 939 4238 βρίθοντες,καὶ
957 4167 1035 4238 τῷ
1055 4166 1270 4237 σώματι
1293 4169 1388 4222 καὶ
1406 4167 1486 4238 τῷ
1505 4168 1676 4241 φρονή
1687 4184 1837 4238 ματιο

258 4259 442 4314 οὐδενὶ
475 4258 620 4328 ἄλλῳ
647 4259 837 4331 τρόπῳ
869 4259 1094 4314 δυνατὸν
1118 4259 1319 4322 αὐτοὺς
1359 4263 1606 4331 νικῆσαι,
1643 4260 1758 4312 ἀλλ’
1807 4261 1839 4330 ἢ

257 4351 328 4405 δι’
374 4351 608 4405 ἁεννάου
660 4351 780 4414 νοὸς
827 4350 1045 4422 νήψεως
1108 4350 1205 4403 καὶ
1244 4349 1589 4418 ἐπικλήσεως
1660 4349 1838 4421 Ἰησοῦ

261 4442 501 4514 Χριστοῦ
533 4441 630 4496 τοῦ
672 4441 809 4495 Θεοῦ
847 4445 943 4496 καὶ
976 4443 1209 4512 Ποιητοῦ
1247 4441 1425 4512 ἡμῶν.
1461 4443 1568 4497 Καὶ
1598 4446 1710 4506 τοῖς
1741 4443 1842 4512 μὲν

1915 594 2164 662 potiones
2195 599 2504 667 ambrosiae,
2542 601 2596 655 in
2631 611 2758 656 ante
2789 605 2993 674 scripto
3031 607 3274 676 capitulo
3309 610 3492 664 decla-

1916 694 2080 751 ratas,
2110 689 2306 756 perdit.

1986 775 2076 829 57.
2116 776 2237 831 Non
2286 793 2476 834 sumus
2528 780 2781 836 fortiores
2805 781 3116 839 Samsone:
3173 801 3282 840 non
3336 786 3496 842 Salo.

1918 882 2081 922 mone
2113 869 2475 939 sapientiores
2502 890 2513 925 :
2546 889 2656 927 non
2695 876 3118 946 perspicaciores
3140 878 3194 932 in
3219 894 3277 932 re
3308 879 3497 934 divina

1918 974 2080 1027 quam
2135 959 2350 1014 David:
2409 977 2515 1016 non
2570 963 2842 1034 diligimus
2892 967 3063 1021 Deum
3115 969 3494 1024 vehementius

1917 1065 2078 1119 quam
2123 1049 2320 1107 Petrus
2364 1055 2739 1122 apostolorum
2795 1057 3070 1128 princeps.
3126 1059 3493 1126 Quamobrem

1920 1159 2030 1197 non
2070 1145 2228 1199 nobis
2272 1146 2404 1215 ipsis
2449 1147 2700 1204 ﬁdamus.
2747 1147 2927 1219 lnquit
2955 1152 3104 1206 enim
3155 1153 3437 1223 Scriptura
3479 1171 3494 1209 :

1919 1231 2021 1299 Qui
2047 1234 2103 1287 in
2134 1234 2314 1305 seipso
2338 1236 2583 1303 conlidit,
2614 1249 2734 1293 ruet
2763 1254 2893 1294 casu
2930 1242 3270 1312 gravissimo.

1994 1328 2083 1382 38.
2130 1327 2412 1385 Discamus
2449 1346 2478 1384 a
2506 1329 2747 1396 Christo,
2775 1332 2842 1388 de
2873 1334 3030 1388 nobis
3057 1335 3338 1390 humiliter
3375 1353 3494 1393 sen-

1925 1419 2028 1472 tire
2061 1436 2075 1473 :
2114 1428 2170 1473 et
2210 1436 2241 1474 a
2273 1419 2495 1486 Davide,
2531 1423 2893 1492 abjectionetn
2933 1445 2946 1480 :
2979 1442 3008 1479 a
3035 1425 3199 1481 Petro
3220 1467 3235 1491 ,
3259 1427 3390 1483 ﬂere
3428 1430 3503 1484 ob

1923 1527 2084 1566 casus
2111 1512 2515 1583 contingentes.
2544 1514 2664 1570 Non
2697 1525 2878 1570 tamen
2908 1517 3344 1587 despondeamus
3378 1522 3498 1574 ani-

1923 1618 2096 1665 mum,
2137 1619 2287 1658 more
2330 1604 2630 1672 Samsonis,
2667 1615 2721 1661 et
2784 1607 2958 1673 Iudae,
3007 1618 3062 1663 et
3106 1609 3496 1680 sapientissimi

1925 1693 2251 1750 Salomonis.

1998 1784 2088 1840 59.
2127 1783 2382 1841 Diabolus
2417 1786 2564 1840 enim
2602 1787 2845 1858 rugiens,
2893 1798 2952 1844 ut
2995 1791 3102 1854 leo,
3139 1791 3496 1848 obambulans

1931 1874 2120 1944 quaerit
2149 1889 2272 1929 cum
2323 1875 2578 1930 omnibus
2620 1876 2980 1946 potestatibus
3021 1879 3156 1943 suis,
3197 1895 3369 1948 quem
3399 1880 3496 1934 de-

1929 1974 2104 2021 voret.
2155 1965 2497 2036 QuaprOpter
2543 1981 2614 2021 ne
2661 1967 2973 2021 remittatur
3017 1984 3252 2037 unquam
3299 1969 3499 2024 mentis

1928 2057 2256 2122 observatio,
2287 2059 2666 2128 temperantia,
2701 2058 3005 2125 reluctatio,
3056 2069 3111 2114 et
3143 2075 3334 2129 preces
3373 2077 3500 2132 erga

1928 2146 2097 2201 Deum
2151 2157 2399 2201 nostrum
2465 2146 2653 2202 Jesum
2721 2148 3023 2203 Clu-istum.
3077 2149 3294 2205 Nullum
3351 2152 3501 2207 enim

1929 2238 2273 2308 praestantius
2295 2238 2556 2293 auxilium
2578 2238 2634 2293 in
2660 2249 2770 2293 tota
2800 2241 2908 2294 vita
2944 2251 3034 2296 tua
3064 2243 3324 2312 reperies,
3359 2259 3503 2314 prae-

1931 2335 2177 2396 terquam
2206 2329 2275 2383 ab
2302 2327 2453 2383 Jesu.
2493 2327 2654 2384 Solus
2684 2330 2829 2384 enim
2863 2331 2978 2399 ipse
3030 2332 3288 2389 Dominus
3329 2338 3500 2403 novit,

1931 2425 1990 2471 ut
2016 2417 2180 2491 Deus,
2210 2418 2498 2486 versutias,
2528 2419 2756 2474 artiﬁcia
2787 2430 2841 2476 et
2868 2421 3018 2476 dolos
3050 2422 3381 2481 daemonum.

1997 2599 2086 2655 40.
2123 2598 2372 2655 Conﬁdat
2395 2601 2558 2670 igitur
2587 2603 2767 2658 anima
2794 2603 2849 2657 in
2879 2603 3176 2671 Christum,
3209 2615 3266 2661 et
3291 2606 3507 2662 invocet

1934 2689 2123 2744 illum:
2180 2701 2234 2746 et
2291 2693 2605 2749 nullatenus
2643 2695 2984 2751 extimescat.
3033 2695 3152 2751 Non
3198 2699 3344 2753 enim
3391 2700 3508 2754 sola

1933 2782 2174 2848 dimicat,
2209 2785 2304 2838 sed
2328 2786 2395 2840 ab
2416 2784 2543 2840 Jesu
2571 2785 2788 2842 Christo
2815 2803 2938 2859 rege
2963 2791 3248 2845 tremendo
3276 2791 3460 2861 adjuta
3491 2812 3504 2846 :

1933 2874 2028 2943 qui
2064 2884 2147 2928 est
2199 2885 2412 2931 creator
2464 2879 2710 2934 omnium
2763 2895 2968 2944 rerum,
3020 2896 3406 2952 corporearum
3455 2893 3511 2938 et

1935 2981 2164 3036 corpore
2211 2969 2538 3039 carentium,
2585 2969 2876 3026 visibilium
2927 2971 3132 3028 scilicet
3171 2982 3224 3027 et
3259 2972 3508 3029 invisibi-

1936 3057 2090 3112 lium.

2008 3150 2096 3205 41.
2167 3152 2636 3217 Quemadmodum
2702 3158 2885 3228 pluvia
2965 3170 3171 3228 quanto
3235 3159 3512 3232 c0piosius

1937 3241 2236 3297 ell'nnditur
2280 3259 2446 3314 super
2491 3256 2712 3314 terram,
2771 3258 2920 3304 tanto
2983 3251 3285 3305 molliorem
3334 3251 3514 3307 reddit

1936 3335 2082 3389 illam
2113 3352 2129 3392 :
2161 3336 2234 3390 ita
2271 3346 2520 3392 sanctum
2556 3337 2758 3394 Christi
2791 3356 2991 3396 nomen
3023 3358 3052 3396 a
3087 3343 3246 3398 nobis
3290 3343 3513 3398 invoca-

1936 3437 2073 3491 tum,
2128 3428 2363 3498 explosis
2409 3431 2853 3502 cogitationibus,
2909 3444 3112 3504 quanto
3168 3435 3512 3506 frequentius

1936 3517 2117 3587 ipsum
2141 3517 2479 3584 invocamus,
2505 3528 2657 3574 tanto
2677 3521 2847 3592 magis
2869 3523 3077 3577 emollit
3103 3535 3301 3579 terram
3333 3527 3517 3582 cordis

1937 3609 2136 3674 nostri,
2166 3624 2396 3679 eamque
2419 3612 2616 3682 gaudio
2645 3622 2700 3668 et
2731 3613 2914 3668 laetitia
2947 3614 3249 3684 perfundit.

2006 3701 2096 3754 42.
2136 3703 2405 3757 Caeterum
2450 3713 2504 3757 et
2550 3704 2653 3759 hoc
2701 3705 2984 3774 imperitos
3028 3721 3191 3762 nosse
3235 3708 3518 3774 convenit,

1937 3811 2052 3849 rem
2090 3797 2248 3852 nobis
2278 3813 2400 3853 esse
2430 3813 2553 3852 cum
2596 3799 2844 3854 hostibus
2876 3800 3234 3870 incorporeis,
3269 3803 3519 3858 invisibi-

1939 3885 2102 3947 libus,
2135 3886 2407 3956 malignis,
2451 3887 2517 3941 ad
2551 3886 2900 3958 allligendum
2947 3890 3176 3955 callidis,
3216 3891 3515 3958 velocibus,

1940 3977 2168 4042 levibus,
2202 3978 2327 4032 belli
2363 3979 2569 4048 peritis,
2619 3979 2686 4033 ab
2727 3980 2886 4034 annis
2924 3981 3052 4036 Adae
3095 3982 3162 4037 ad
3193 3982 3313 4038 haec
3347 4000 3521 4054 usque

1941 4080 2183 4139 tempora
2211 4071 2336 4140 :qui
2359 4087 2458 4127 nos
2485 4088 2717 4138 crassos,
2749 4083 2856 4129 tam
2883 4090 3113 4146 corpore
3139 4092 3299 4147 quam
3331 4094 3518 4143 sensu,

1940 4174 2237 4233 aggravant
2265 4165 2320 4217 in
2348 4149 2569 4219 terram.
2592 4163 2701 4220 Hos
2722 4167 2870 4221 nulla
2893 4167 2996 4222 alia
3023 4170 3234 4224 ratione
3261 4185 3522 4240 superare

1943 4267 2250 4321 possumus,
2289 4268 2450 4322 quam
2501 4262 2764 4323 perpetua
2812 4257 2979 4311 animi
3025 4262 3407 4327 temperantia,
3459 4273 3514 4316 et

1943 4345 2284 4399 invocatione
2332 4343 2463 4399 Jesu
2502 4345 2702 4401 Christi
2758 4345 2852 4402 Dei
2906 4358 2959 4402 et
2991 4349 3265 4403 Creatoris
3324 4353 3521 4406 nostri.

1948 4435 2193 4490 Rudibus
2238 4436 2424 4506 itaque
2473 4451 2572 4505 pro
2603 4437 2765 4491 modo
2818 4447 2874 4492 et
2933 4449 3263 4508 praeceptore
3320 4441 3527 4510 optimo

203 4514 514 4602 ’ἀπείροις
546 4530 721 4599 Ἰησοῦ
757 4531 996 4602 Χριστοῦ
1021 4532 1155 4602 εὐχὴ
1178 4530 1463 4603 προτροπὴ
1488 4531 1584 4584 τοῦ
1612 4532 1833 4602 δοκιμά-

1948 4528 2058 4582 sint
2097 4528 2231 4593 hazc,
2256 4527 2568 4598 deprecatio
2604 4527 2733 4584 Jesu
2758 4528 2980 4593 Christi,
3003 4540 3058 4585 et
3087 4533 3154 4586 ad
3186 4534 3525 4601 probandum

261 4639 357 4676 σαι
386 4624 480 4677 καὶ
505 4622 709 4691 γνῶναι
737 4623 798 4675 τὸ
831 4624 995 4677 καλὸν
1027 4623 1170 4677 ἔστω
1196 4623 1396 4679 ταῦτα·
1426 4627 1538 4687 τοῖς
1563 4623 1618 4676 δὲ
1652 4625 1845 4694 ἐμπεί-

265 4730 382 4786 ροις
411 4715 446 4786 ἡ
469 4715 668 4785 πρᾶξις
707 4715 803 4769 καὶ
827 4716 859 4785 ἡ
888 4715 1182 4786 δοκιμασία
1207 4717 1356 4787 καὶὴ
1387 4716 1716 4781 ἀνάπαυσις,
1749 4716 1844 4770 τοῦ

266 4807 437 4861 καλοῦ
470 4809 690 4878 ἀριστος
713 4808 804 4861 καὶ
830 4808 1033 4876 τρόπος
1067 4810 1162 4862 καὶ
1182 4808 1528 4873 διδάσκαλος.

338 4899 443 4967 λγ’.
477 4899 692 4969 Ὠσπερ
721 4899 952 4962 παιδίον,
985 4899 1180 4969 μικρὸν
1209 4899 1380 4967 ἤγουν
1412 4899 1506 4952 καὶ
1546 4898 1846 4968 ἀπόνηρον,

270 4991 690 5057 φαντασιοποιόν
719 5006 842 5044 τινα
869 4991 1089 5060 βλέπον,
1120 4989 1308 5059 ἥδεται
1333 4991 1430 5043 καὶ
1455 4989 1745 5043 ἀκολουθεῖ
1771 4990 1850 5061 τῷ

269 5079 698 5150 φαντασιοκόπῳ
730 5080 790 5146 ἐξ
832 5080 1091 5145 ἀκακίας’
1130 5079 1271 5135 οὕτω
1318 5080 1474 5152 καὶὴ
1519 5079 1666 5151 ψυχὴ
1691 5081 1852 5151 ἡμῶν

268 5168 416 5238 ἀπλῆ
456 5185 538 5232 τις
585 5164 721 5223 οὖσα
758 5172 849 5224 καὶ
898 5169 1120 5242 ἀγαθὴ,
1149 5169 1325 5234 οὕτως
1375 5169 1481 5222 ὑπὸ
1511 5170 1608 5224 τοῦ
1647 5168 1851 5238 ἀγαθοῦ

264 5259 542 5314 Δεσπότου
595 5262 767 5333 αὐτῆς
796 5262 1080 5317 κτισθεῖσα
1104 5305 1119 5329 ,
1147 5263 1339 5333 ἥδεται
1378 5263 1499 5325 ταῖς
1528 5261 1854 5332 προσϐολαῖς

271 5351 370 5408 τοῦ
410 5353 659 5407 διαϐόλου
708 5357 832 5417 ταῖς
885 5357 1314 5422 φανταστικαῖς,
1363 5353 1457 5407 καὶ
1509 5352 1854 5424 ἀπατωμένη

272 5444 570 5516 ποστρέχει
607 5446 684 5510 ώς
715 5445 866 5514 καλῷ
889 5445 966 5516 τῷ
996 5446 1225 5518 χείρονι,
1255 5446 1330 5508 ώς
1357 5447 1390 5516 ἠ
1421 5444 1725 5517 περιστερά
1775 5443 1853 5515 τῷ

272 5535 553 5606 ἐπιϐούλῳ
591 5537 700 5589 τῶν
749 5537 953 5606 ἑαυτῆς
1001 5538 1239 5591 τέκνων·
1285 5539 1395 5607 ικαὶ
1442 5536 1584 5590 οῦτω
1639 5535 1854 5606 μιγνύει

273 5628 402 5692 τοὺς
439 5629 642 5700 ἑαυτῆς
671 5629 969 5698 λογισμοὺς
997 5670 1010 5694 ,
1050 5633 1114 5701 τῇ
1145 5629 1415 5700 φαντασίᾳ
1444 5632 1542 5699 τῆς
1567 5628 1856 5698 δαιμονιώ-

271 5723 397 5785 δους
441 5723 770 5793 προσϐολῆς.
803 5723 865 5776 Εί
889 5721 1042 5792 τύχοι
1064 5721 1320 5790 γυναικὸς
1377 5721 1654 5791 εὐμόρφου
1686 5721 1857 5791 πρόσο

275 5815 498 5886 ωπον,ἦ
527 5815 654 5873 ἄλλο
684 5832 734 5869 τι
765 5816 913 5886 παρὰ
943 5814 1050 5868 τῶν
1077 5813 1304 5868 ἐντολῶν
1329 5811 1419 5866 τοῦ
1438 5811 1674 5881 Χριστοῦ
1703 5811 1852 5884 πάμ-

1947 4628 2003 4674 et
2034 4621 2476 4690 cognoscendum
2518 4620 2648 4690 quid
2681 4629 2888 4675 rectum
2929 4621 3020 4688 sit,
3067 4623 3393 4678 exhortatio.
3423 4622 3528 4678 Pe-

1949 4710 2069 4765 ritis
2097 4719 2300 4778 autem,
2337 4713 2632 4777 exsecutio,
2683 4711 3018 4781 experientia
3053 4724 3107 4768 et
3142 4715 3375 4783 requies,
3407 4729 3531 4784 qua:

1949 4817 2016 4856 ex
2054 4812 2203 4857 recto
2233 4810 2286 4856 et
2319 4803 2463 4857 bono
2487 4803 2680 4858 oritur.

2022 4895 2113 4949 4'5.
2153 4893 2622 4960 Quemadmodum
2688 4911 2844 4965 puer,
2907 4896 3165 4966 parvulus
3217 4897 3419 4952 scilicet
3475 4906 3532 4951 ct

1953 4985 2158 5041 nullius
2199 5000 2368 5055 capax
2423 4988 2663 5050 malitia,
2713 4989 2805 5042 ubi
2849 4987 3295 5058 praestigiatorem
3334 5002 3529 5058 quem-

1954 5075 2098 5144 piam
2157 5073 2323 5139 videt,
2369 5074 2600 5140 laetatur,
2663 5083 2717 5130 et
2767 5089 2862 5128 sua
2921 5075 3268 5144 simplicitate
3311 5075 3530 5139 ductus,

1957 5165 2106 5220 illum
2161 5165 2456 5239 imaginum
2504 5165 2800 5220 cllictorcm
2863 5173 3103 5219 sectatur
3137 5205 3150 5230 ,
3216 5167 3296 5221 sic
3351 5168 3533 5221 anima

1957 5267 2163 5323 nostra,
2196 5273 2322 5312 cum
2351 5258 2416 5312 sit
2441 5258 2668 5327 simplex
2703 5268 2757 5312 et
2791 5259 2952 5324 bona,
2983 5258 3130 5313 hunc
3168 5259 3220 5312 in
3254 5259 3474 5312 modum
3503 5276 3534 5313 a

1959 5367 2060 5408 suo
2098 5353 2242 5407 bono
2273 5351 2501 5405 Domino
2532 5359 2734 5416 creata,
2779 5351 3082 5406 delectatur
3112 5351 3373 5405 illusoriis
3403 5366 3502 5420 sug

1962 5443 2297 5515 gestionibus
2354 5441 2593 5497 diaboli:
2636 5449 2691 5497 et
2734 5443 2980 5512 decepta,
3034 5456 3330 5512 properans
3376 5441 3444 5496 ad
3483 5441 3537 5495 id

1962 5536 2107 5606 quod
2138 5533 2378 5589 deterius
2399 5541 2502 5597 est,
2525 5549 2624 5604 pro
2645 5534 2789 5589 bono
2816 5533 3160 5602 amplectitur
3194 5550 3207 5586 :
3242 5543 3351 5586 non
3380 5532 3539 5587 aliter

1963 5644 2122 5698 quam
2153 5627 2402 5682 columba
2447 5642 2571 5680 eum
2617 5629 2709 5696 qui
2739 5625 2854 5681 suis
2888 5625 3056 5695 ipsius
3103 5624 3263 5695 pullis
3312 5623 3540 5677 insidian

1965 5731 2053 5776 tur
2083 5739 2093 5773 :
2131 5730 2186 5775 et
2221 5721 2325 5774 hoc
2358 5728 2517 5790 pacto
2549 5733 2675 5773 suas
2721 5717 3075 5786 cogitationes
3105 5715 3390 5786 permiscet
3411 5727 3539 5768 cum

1964 5812 2213 5869 illusionc
2245 5811 2608 5884 suggestionis
2635 5810 2931 5866 diabolicae.
2973 5808 3028 5864 Si
3060 5807 3307 5866 formosas
3340 5805 3538 5864 mulier
