4006 6396
609 326 745 395 1495

1797 340 2162 405 HESYCHII
2204 342 2681 406 PRESBYTEBI

3711 354 3821 419 14%

607 440 684 497 ris
712 440 883 499 facies
929 458 1202 517 occurrat,
1254 458 1349 504 aut
1390 449 1534 505 aliud
1582 450 1863 522 quidpiam
1918 454 2172 509 mandatis

2291 472 2401 509 παν
2451 455 2944 527 ἀπηγορευμένον,
2993 456 3245 527 βούλεται
3286 459 3475 531 ὥσπερ
3524 464 3635 534 μετ’
3678 470 3824 528 αὐτῶν

606 531 808 589 Christi
851 537 1010 605 plane
1047 540 1402 609 prohibitum,
1437 557 1561 597 cum
1592 542 1696 596 illis
1721 544 1875 612 quasi
1907 546 2187 616 quidpiam

607 622 959 681 artiﬁciosum
989 628 1165 682 moliri
1195 628 1510 685 desiderat:
1556 630 1722 697 unde,
1770 633 1915 702 quod
1964 635 2065 689 sibi
2103 636 2187 689 vi-

607 730 729 770 sum
775 726 859 772 est
887 719 1198 788 pulchrum,
1239 721 1304 776 ad
1350 721 1607 776 eﬂ‘ectum
1649 724 1949 793 perducere
1992 727 2184 797 possit.

607 805 814 864 Deinde
846 810 935 864 ubi
998 811 1281 868 devenerit
1313 812 1381 868 ad
1436 829 1788 882 consensum,
1841 817 2185 888 iniquitatem

609 898 889 956 intellectu
937 902 1038 958 sibi
1080 914 1548 975 reprazsentatam,
1594 906 1901 963 ministerio
1942 910 2185 979 corporis

607 1008 775 1062 opere
820 995 941 1066 ipso
998 998 1247 1067 perficit,
1301 1001 1355 1054 in
1408 1015 1561 1055 suam
1629 1002 1799 1073 ipsius
1850 1004 2183 1060 condemna-

608 1087 833 1143 tionem.

670 1178 761 1234 u.
802 1179 877 1236 Ea
912 1192 996 1238 est
1022 1199 1111 1239 ars
1145 1184 1370 1256 Spiritus
1410 1201 1668 1256 nequam,
1701 1188 1877 1260 iisque
1914 1190 2033 1247 telis
2061 1208 2181 1247 om-

605 1284 729 1325 nem
773 1283 1009 1329 venenat
1041 1276 1300 1331 animam.
1344 1276 1602 1347 Ideoque,
1640 1289 1933 1351 antequam
1966 1282 2182 1338 animus

604 1360 862 1417 conﬂictu
894 1364 1113 1420 militari
1161 1366 1389 1423 multam
1444 1371 1844 1440 comparaverit
1895 1373 2182 1444 experien-

604 1452 755 1519 tiam,
787 1470 897 1510 non
926 1466 1011 1512 est
1044 1467 1222 1513 tutum
1257 1459 1440 1517 sinere
1473 1472 1535 1518 ut
1566 1462 1945 1534 ingrediantur
1977 1466 2181 1537 cogita-

602 1540 781 1599 tiones
812 1544 866 1598 in
913 1561 1005 1600 cor
1055 1557 1350 1605 nostrum:
1393 1551 1556 1624 idque
1602 1553 1950 1624 potissimum
2000 1556 2175 1620 initio.

600 1635 818 1702 quando
847 1636 1147 1693 delectatur
1181 1641 1359 1697 adhuc
1397 1644 1578 1700 anima
1609 1655 1794 1702 nostra
1829 1646 2177 1705 damoniacis

599 1726 1060 1797 suggestionibus,
1093 1738 1259 1801 atque
1285 1734 1505 1805 gaudet,
1532 1745 1589 1792 et
1620 1747 1859 1793 sectatur
1888 1754 2002 1795 eas.
2033 1739 2172 1806 Quin

599 1813 915 1893 hujusmodi
978 1821 1337 1893 cogitationes
1397 1836 1527 1882 sunt
1588 1830 1772 1899 potius
1808 1831 2174 1899 attendendat,
2208 1807 2251 1863 Β

2287 565 2340 601 τι
2397 546 2462 618 δὴ
2492 546 2842 618 μεθοδεῦσαι,
2884 548 2981 602 τοῦ
3014 550 3095 614 είς
3117 550 3280 622 ἔργον
3312 553 3539 622 ἀγαγεῖν
3591 560 3648 611 τὸ
3694 562 3821 629 όφθὲν

2287 641 2426 712 αὐτῇ
2459 640 2660 711 ὡραῖον
2680 658 2694 673 ’
2725 642 2820 697 καὶ
2848 643 2973 697 τότε
2996 661 3056 697 τε
3078 645 3157 707 είς
3190 648 3589 714 συγκατάθεσιν
3612 652 3823 725 ἐλθοῦσα,

2286 732 2370 796 είς
2398 730 2560 803 ἔργον
2584 731 2775 787 λοιπὸν
2804 732 2928 803 ἄγει
2953 734 3044 788 διὰ
3074 736 3171 790 τοῦ
3212 737 3465 808 σώματος
3494 742 3553 795 τὸ
3574 744 3721 811 ἁφθὲν
3746 754 3825 803 αὐ-

2284 826 2351 896 τῇ
2405 826 2666 898 ἀνόμημα
2710 826 2854 882 κατά
2895 827 3173 897 διάνοιαν,
3231 833 3313 896 είς
3344 833 3547 904 ἑαυτῆς
3600 842 3826 912 κατάχρι-

2287 936 2390 973 σιν.

2356 1190 2458 1260 μδ’.
2491 1189 2643 1262 Αῦτη
2669 1192 2702 1261 ἠ
2739 1191 2904 1262 τέχνη
2934 1191 3029 1245 τοῦ
3060 1192 3330 1265 Πονηροῦ,
3366 1194 3463 1247 καὶ
3492 1194 3640 1264 μετὰ·
3654 1196 3822 1252 τούτων

2280 1281 2388 1336 τῶν
2414 1280 2589 1352 βελῶν
2621 1283 2973 1355 φαρμακεύει
3007 1285 3191 1338 πᾶσαν
3214 1283 3397 1357 ψυχὴν
3419 1324 3437 1350 ,
3472 1287 3568 1340 καὶ
3590 1286 3672 1341 διὰ
3697 1288 3823 1342 τοῦτο

2279 1374 2381 1429 οὐκ
2410 1373 2560 1429 ἔστιν
2602 1374 2867 1446 ἀσφαλὲς,
2907 1374 3015 1447 πρὸ
3060 1376 3259 1446 πείρας
3292 1377 3601 1448 πολεμικῆς
3640 1378 3722 1433 τοῦ
3750 1380 3820 1432 νοῦ

2280 1468 2503 1540 πολλῆς,
2534 1468 2874 1540 είσέρχεσθαι
2901 1470 2998 1538 ὲᾷν
3025 1469 3155 1532 τοὺς
3193 1468 3495 1541 λογισμοὺς
3543 1472 3601 1525 ἐν
3635 1474 3697 1542 τῇ
3718 1490 3822 1543 καρ-

2277 1560 2369 1632 δίᾳ
2402 1560 2563 1632 ἡμῶν
2602 1560 2662 1615 ὲν
2694 1561 2841 1633 ἀρχῇ
2891 1560 3127 1631 μάλιστα
3150 1577 3165 1593 ο
3194 1561 3385 1633 ἐπειδὴ
3417 1561 3604 1633 ἀκμὴν
3644 1564 3676 1633 ἡ
3707 1562 3821 1633 ψυχὴ

2278 1650 2435 1721 ἡμῶν
2485 1650 2752 1722 τέρπεται
2788 1653 2909 1715 ταῖς
2945 1650 3329 1721 δαιμονιὼδεσι
3358 1652 3711 1722 προσϐολαῖς,
3750 1656 3823 1707 xa't

2276 1745 2461 1814 ἥδεται
2492 1744 2588 1797 καὶ
2615 1743 2902 1798 ἀκολουθεί
2928 1744 3124 1809 αὐταῖς
3150 1760 3165 1775 ⁶
3191 1744 3330 1799 ἀλλά
3360 1743 3571 1816 μᾶλλον
3594 1747 3722 1797 νοεῖν
3746 1747 3801 1798 αὐ

2280 1839 2428 1902 τοὺς,
2454 1837 2551 1892 καὶ
2584 1836 2745 1903 εὐθὺς
2794 1838 3022 1891 κόπτειν
3066 1835 3128 1903 ἐξ
3154 1836 3465 1900 ἀναδόσεως
3492 1835 3590 1890 καὶ
3624 1836 3821 1907 προσσοο

598 1908 890 1979 statimque
936 1915 1281 1983 amputandae
1344 1925 1509 1991 atque
1561 1920 1889 1990 repellendae
1937 1922 2030 1977 ubi
2080 1923 2179 1979 oh-

594 1996 752 2069 jccta:
781 2001 1006 2058 fuerint.
1039 2004 1174 2061 Cum
1202 2019 1385 2064 autem
1417 2011 1634 2066 animus
1668 2012 1726 2067 in
1756 2028 1822 2069 eo
1857 2014 2177 2073 admirando

597 2103 764 2159 opere
824 2090 1166 2162 immoratus,
1221 2100 1550 2155 exercitatus
1589 2100 1771 2166 fuerit,
1821 2102 2173 2171 intellexerit,

601 2187 657 2232 et
691 2178 916 2236 illaesum
944 2182 1069 2239 belli
1101 2184 1349 2243 habitum
1377 2189 1714 2260 acquisierit,
1742 2202 1802 2247 ut
1828 2201 1882 2248 et
1905 2209 2033 2249 vere
2059 2210 2177 2265 per-

597 2280 791 2327 noscat
826 2287 938 2341 eas,
966 2284 1021 2331 et
1050 2275 1133 2347 (ut
1160 2278 1337 2349 inquit
1357 2281 1648 2352 propheta)
1679 2283 1996 2354 vulpeculas
2017 2284 2175 2342 facile

598 2362 1000 2432 reprehendere
1027 2368 1201 2438 possit
1227 2387 1241 2424 :
1274 2379 1386 2426 tum
1415 2373 1555 2430 scite
1584 2376 1865 2446 permittat
1890 2391 1983 2432 eas
2004 2377 2176 2434 intro-

599 2449 774 2520 gredi,
812 2462 874 2509 ut
916 2453 1034 2511 illas
1070 2472 1176 2528 ope
1220 2457 1425 2517 Christi
1458 2474 1756 2537 expugnet,
1794 2477 2072 2539 coarguat,
2116 2477 2175 2526 et

596 2542 841 2613 captivas
870 2545 1128 2604 abducat.

664 2634 757 2690 45.
796 2634 1266 2703 Quemadmodum
1312 2658 1414 2715 per
1446 2646 1698 2703 eumdem
1745 2651 1989 2707 canalem
2030 2651 2172 2724 ignis

594 2732 652 2779 et
679 2740 819 2795 aqua
849 2728 1011 2785 simul
1052 2732 1288 2790 transire
1330 2748 1613 2807 nequeunt
1645 2779 1662 2806 ,
1701 2740 1775 2796 ita
1808 2741 1923 2798 ﬁeri
1957 2744 2167 2815 nequit,

593 2823 655 2870 ut
683 2827 970 2887 peccatum
999 2821 1237 2880 introeat
1264 2825 1321 2881 in
1350 2842 1466 2897 cor,
1494 2830 1602 2885 nisi
1637 2832 1791 2901 prius
1816 2832 1963 2890 fores
1991 2836 2171 2892 cordis

2272 2821 2685 2913 είσελθεῖᾜὲάν
2721 2849 2797 2921 μὴ
2825 2848 3037 2921 κρούσῃ
3058 2847 3331 2920 πρότερον
3358 2848 3419 2901 ὲν
3436 2821 3592 2917 θύρᾳ
3621 2821 3813 2916 καρδίας

595 2910 898 2981 pulsaverit
928 2915 1183 2975 illusione
1218 2923 1585 2995 suggestionis
1617 2942 1817 2999 pravas.

2272 2938 2358 2993 διά
2396 2910 2700 3006 φαντασίας
2721 2910 3046 3009 ’προᾶσολῆξ
3078 2910 3347 3008 πονηρᾶς.

663 3020 753 3076 46.
792 3021 978 3081 Primo
1015 3026 1156 3096 loco,
1197 3040 1280 3086 est
1324 3034 1598 3105 suggestio
1639 3054 1653 3090 :
1696 3040 1961 3104 secundo,
1994 3057 2167 3113 copu-

2344 3046 2465 3121 μς’.
2508 3049 2669 3103 Ἐστι
2719 3048 2937 3120 πρῶτον
2979 3047 3280 3119 προσϐολὴ,
3318 3046 3577 3117 δεύτερον
3621 3044 3813 3098 συνδυα-

590 3111 725 3169 latio
757 3132 771 3169 :
803 3130 1002 3188 nempe
1033 3134 1158 3175 cum
1194 3122 1550 3194 cogitationes
1588 3138 1789 3185 nostra:
1829 3111 2167 3202 permiscen-

2273 3111 2428 3214 σμδς,
2462 3142 2632 3213 ῆγουν
2659 3111 2866 3212 ἀναμὶξ
2896 3111 3178 3210 γινόμενοι
3209 3111 3260 3193 οξ
3288 3139 3452 3210 ἡμῶν
3485 3111 3582 3193 καὶ
3611 3137 3710 3190 τῶν
3733 3151 3811 3187 ac-

594 3211 689 3283 tur‘
713 3219 837 3260 cum
872 3207 1123 3280 malignis
1152 3211 1573 3283 cogitationibus
1601 3217 1909 3277 daemonum
1937 3241 1952 3277 :
1982 3225 2164 3293 tertio,

2272 3207 2453 3306 νῆρῶν
2471 3207 2741 3304 δαιμόνων
2762 3207 3037 3302 λογισμοίλ
3062 3231 3249 3302 τρίτον
3278 3207 3694 3300 σνγκατάθεσις,
3720 3226 3813 3289 πῶς

589 3308 896 3354 consensus
927 3319 940 3356 :
974 3316 1083 3371 quo
1115 3303 1327 3361 scilicet
1356 3318 1517 3377 pacto
1545 3325 1606 3366 se
1634 3323 1789 3384 gerat
1813 3316 1996 3372 anima
2026 3317 2169 3375 inter

2272 3303 2353 3381 Bel
2388 3303 2650 3395 γενέσθαι
2689 3324 2890 3396 μεταξὺ
2916 3322 3028 3377 τῶν
3065 3323 3394 3396 ἀμφοτέρων
3420 3318 3688 3392 λογισμῶν
3715 3318 3812 3389 poo-

590 3396 852 3460 utrasque
883 3392 1242 3465 cogitationes
1279 3401 1422 3457 male
1452 3405 1735 3461 consultas
1772 3418 2003 3479 :oquarto
2038 3427 2169 3468 vero

2272 3392 2580 3488 λευομένων
2627 3392 2849 3481 κακῶς⁸
2887 3392 3153 3489 τέταρτον
3204 3416 3262 3469 δέ
3286 3392 3481 3481 ήὲστιν,
3548 3416 3581 3484 ἡ
3614 3409 3810 3480 αἰσθητὴ

588 3478 733 3547 loco,
765 3492 849 3538 est
876 3483 994 3554 ipsa
1027 3489 1246 3545 sensilis
1275 3494 1541 3562 operatio,
1575 3478 1837 3556 videlicet
1856 3514 2163 3572 peccatum.

589 3568 644 3601 ει
691 3587 819 3601 Λ-ηΛ
880 3584 1190 3601 “mnum---
1254 3583 1385 3601 -_s,,,
1448 3600 1453 3601 ,
1556 3596 1590 3601 ,Α
1687 3590 1700 3601 .
1772 3591 1784 3601 .

2272 3478 2492 3581 πρᾶξις,
2527 3509 2699 3579 ῆγουν
2723 3507 2757 3576 ἡ
2788 3478 3055 3579 ἀμαρτία.
3100 3506 3228 3562 Ἐὰν
3255 3505 3350 3560 οῦν
3376 3478 3623 3601 apo-asin
3648 3505 3675 3555 6

588 3568 647 3625 Si
690 3587 821 3643 ergo
880 3584 1193 3647 temperans
1249 3583 1467 3641 animus
1516 3568 1873 3657 attenderit;
1903 3602 1959 3648 et
2003 3610 2166 3665 repu-

2272 3568 2605 3672 νῆφιρνζ
2647 3599 2715 3653 δι’
2746 3568 3146 3671 ’ἀντιρρήσεως
3198 3598 3296 3652 xal
3347 3568 3690 3667 ιπὶκλήὲξως
3732 3589 3806 3644 τοῦ

586 3664 826 3733 gnando,
858 3680 924 3722 ac
952 3665 1248 3727 Dominum
1288 3673 1478 3731 Jesum
1529 3679 1858 3747 invocando,
1896 3664 2165 3759 imagina-

2272 3664 2478 3764 Κῦρίοῦ
2521 3691 2698 3763 Ἰησοῦ
2732 3664 3015 3761 φυγαδεύῆ
3054 3689 3114 3756 ἐξ
3152 3688 3461 3751 ἀναδόσεως
3501 3664 3606 3758 τῆν
3637 3698 3806 3754 (pawn-

2279 1929 2378 2001 λῆς
2401 1945 2417 1960 ’
2444 1930 2573 1984 ὅταν
2600 1928 2659 1982 δὲ
2684 1928 2940 2000 χρονίσας
2964 1931 2993 1983 6
3013 1928 3142 1993 νοῦς
3165 1930 3248 1991 εἰς
3274 1927 3337 1981 τὸ
3364 1927 3676 2000 θαυμαστὸν
3693 1927 3823 1981 τοῦτο

2280 2021 2440 2093 ἔργον
2504 2020 2784 2093 έξασκηθῇ
2838 2022 2934 2075 καὶ
2967 2022 3164 2093 νοήσῃ,
3205 2021 3301 2077 καὶ
3327 2021 3388 2074 ὲν
3434 2019 3550 2088 ἕξει
3584 2019 3822 2089 ἀδιακόπῳ

2277 2111 2505 2182 γένηται
2533 2109 2629 2165 τοῦ
2661 2109 2924 2182 πολέμοιο,
2957 2110 3053 2164 τοῦ
3080 2109 3299 2182 ἀληθῶς
3326 2128 3388 2164 τε
3422 2112 3567 2164 νοεῖν
3600 2108 3819 2174 τούτους,

2277 2205 2397 2270 καὶ,
2444 2204 2522 2268 ὡς
2567 2204 2597 2256 6
2628 2204 2918 2276 προφήτης
2965 2204 3140 2274 φησι,
3185 2202 3283 2257 τοῦ
3316 2202 3563 2274 εὐχερῶς
3601 2200 3821 2255 δύνασθαι

2275 2296 2441 2351 αὐτὸν
2486 2298 2710 2367 κρατεῖν
2753 2297 2884 2360 τοὺς
2924 2295 3156 2368 μικροὺς
3205 2293 3529 2360 ἀλώπεκας,
3570 2292 3685 2346 τότε
3727 2291 3820 2361 μετ’

2250 2386 2595 2459 ιὲπιστήμης
2623 2387 2720 2459 ὲᾷν
2749 2385 2945 2452 αὐτοὺς
2982 2385 3245 2459 ἔρχεσθαι
3272 2385 3446 2449 ἔνδον,
3478 2383 3575 2438 καὶ
3600 2383 3820 2453 πολεμεῖν

2278 2485 2376 2539 σὺν
2405 2481 2633 2555 Χριστῷ
2668 2481 2860 2549 αὑτοῦ,
2891 2482 2988 2538 καὶ
3029 2482 3329 2552 διελέγχειν
3365 2480 3572 2544 αὐτοὺς
3601 2479 3688 2532 καὶ
3714 2494 3817 2531 κατ-

2274 2575 2446 2632 ἄγειν.

2495 2667 2583 2731 Ὧς
2612 2665 2876 2720 ἀδύνατον
2930 2666 2991 2719 ὲν
3038 2664 3120 2719 ἑνὶ
3161 2664 3365 2735 σωλῆνι
3412 2662 3529 2732 πῦρ
3573 2662 3663 2716 καὶ
3698 2661 3816 2730 ὔδωρ

2274 2758 2391 2828 ἅμα
2416 2756 2757 2829 διέρχεσθαι,
2777 2754 2951 2821 οὕτως
2983 2754 3249 2810 ἀδύνατον
3270 2756 3330 2809 ὲν
3352 2753 3557 2824 καρδίᾳ
3578 2750 3814 2822 ἁμαρτίαν

584 3752 795 3811 tionem
841 3760 1206 3830 suggestionis
1234 3779 1417 3834 prava:
1445 3766 1714 3838 fugaverit
1745 3781 1800 3828 et
1823 3752 2110 3844 repulserit
2146 3798 2161 3834 :

584 3859 708 3914 quae
760 3846 1021 3919 deinceps
1061 3852 1386 3923 moliuntur,
1431 3868 1657 3916 manent
1715 3862 1946 3922 inutilia.
2001 3866 2158 3935 Nam,

584 3951 711 3991 cum
739 3937 967 4006 spiritus
993 3956 1231 4011 nequam
1268 3946 1342 4001 sit
1371 3963 1527 4006 mens
1559 3951 1900 4025 incorporea,
1924 3974 2035 4014 non
2066 3976 2164 4031 p0-

584 4034 695 4082 test
730 4027 835 4082 alia
870 4029 1086 4087 ratione
1122 4033 1390 4095 seducere
1427 4042 1656 4110 animas,
1688 4062 1851 4117 quam
1891 4027 2162 4109 illusioni-

581 4118 727 4215 bus_
745 4122 1158 4193 cogitationum.
1211 4126 1382 4187 Porro
1428 4134 1497 4190 de
1548 4142 1890 4210 suggestione
1938 4146 2158 4215 quidem

581 4209 663 4265 ait
693 4208 885 4279 David,
915 4212 981 4268 In
1021 4218 1282 4287 matutino
1315 4208 1694 4293 interﬁciebam
1725 4232 1798 4298 7’;
1830 4242 1884 4288 et
1915 4208 2036 4306 qua:
2069 4253 2161 4294 se-

578 4310 844 4372 quuntur.
881 4302 1106 4376 Magnus
1139 4326 1271 4366 vero
1298 4311 1478 4373 Moses
1516 4318 1586 4375 de
1626 4302 2156 4399 consensuiinquit,

578 4403 635 4450 et
680 4411 790 4453 non
821 4400 1152 4457 assentietur
1182 4404 1310 4462 illis.

647 4509 740 4566 47.
778 4509 934 4569 Mens
966 4529 1090 4572 cum
1132 4529 1318 4578 mente
1345 4526 1509 4583 modo
1547 4544 1658 4585 non
1698 4536 2014 4603 aspectabili
2051 4552 2156 4608 pu-

576 4606 707 4667 gnat
743 4617 759 4654 :
795 4616 950 4659 mens
992 4607 1195 4679 quippe
1245 4611 1511 4671 daemonis
1555 4633 1680 4674 cum
1722 4633 1909 4678 mente
1944 4606 2155 4684 nostra.

577 4684 926 4761 Quapropter
968 4710 1037 4751 ex
1082 4697 1279 4756 intimo
1320 4705 1501 4760 cordis
1544 4706 1601 4761 in
1642 4709 1761 4779 ipso
1796 4727 1994 4782 pugnae
2034 4731 2154 4769 mo-

575 4791 767 4837 mento
796 4784 1033 4844 clamare
1063 4790 1328 4848 debemus
1356 4796 1426 4851 ad
1453 4795 1754 4863 Christum.
1796 4810 1858 4857 ut
1889 4804 2156 4864 daemonis

576 4871 798 4940 quidem
822 4887 1062 4935 mentem
1095 4884 1284 4951 procul
1321 4886 1525 4959 abigat,
1555 4903 1644 4956 ac,
1673 4892 1823 4947 velut
1857 4895 2154 4963 perhuma-

578 4976 706 5030 nus,
736 4964 977 5027 victoria:
1005 4975 1230 5042 pmmia
1259 4975 1447 5034 donet.

647 5076 738 5134 48.
781 5080 887 5148 Qui
933 5090 1085 5142 tenet
1129 5092 1436 5160 speculum,
1486 5102 1540 5150 et
1580 5095 1760 5168 ipsum
1811 5099 1933 5157 ﬁxis
1980 5102 2155 5160 oculis

575 5169 840 5239 intuetur,
896 5177 969 5232 sit
1032 5178 1133 5235 tibi
1188 5190 1346 5253 typus
1400 5187 1602 5257 quietis
1660 5192 1892 5248 cordis:
1929 5203 2154 5267 tumque

573 5263 898 5355 perspicies,
926 5284 1047 5339 quae
1088 5270 1443 5333 intellectuali
1481 5280 1645 5336 modo
1676 5263 2079 5355 insculpuntur—
2093 5287 2150 5343 in

573 5352 758 5419 corde,
795 5354 939 5412 bona
973 5367 1029 5415 et
1061 5362 1227 5417 mala.

638 5465 727 5521 ιε).
765 5466 902 5526 Vide
934 5484 1222 5546 perpetuo,
1250 5494 1322 5535 ne
1345 5480 1510 5536 ullam
1554 5482 1611 5537 in
1652 5483 1818 5539 corde
1852 5500 2150 5544 conserves

571 5556 979 5630 cogitationem,
1028 5581 1125 5622 seu
1173 5568 1585 5641 irrationalem,
1634 5589 1730 5630 seu
1780 5575 1975 5632 rationi
2015 5594 2147 5635 con-
2199 5593 2201 5596 ‘

641 5734 687 5766 "
713 5732 853 5790 Psal.
884 5753 936 5803 ο,
961 5737 1018 5795 8.

2185 4483 2233 4540 ι)

2266 3786 2391 3840 σίαν
2420 3785 2521 3857 τῆς
2562 3783 2891 3855 προσϐολῆς,
2921 3783 2992 3837 τά
3038 3782 3169 3851 ἑξῆς
3206 3781 3387 3835 αὐτῶν
3414 3780 3567 3852 ἀργὰ
3598 3779 3804 3849 μένουσι.

2264 3874 2412 3940 Νοῦς
2439 3874 2550 3946 γὰρ
2578 3874 2654 3928 ὢν
2674 3874 2966 3944 ἀσώματος
2990 3873 3019 3926 6
3047 3870 3306 3941 πονηρὸς.
3338 3869 3440 3922 οὐκ
3464 3868 3643 3931 ἄλλως
3676 3863 3807 3917 66w—

2264 3987 2356 4024 ται
2394 3967 2669 4037 πλανῆσαι
2694 3966 2899 4036 ψυχὰς,
2947 3965 2997 4018 εί
3053 3964 3129 4034 μὴ
3166 3962 3255 4017 διὰ
3297 3960 3603 4031 φαντασίας
3626 3956 3710 4013 καὶ
3733 3957 3803 4009 λο-

2263 4060 2502 4133 γισμῶν.
2527 4060 2639 4115 Kal
2659 4076 2726 4112 πε
2737 4059 2790 4129 pl
2817 4058 2918 4129 μὲν
2938 4057 3037 4129 τῆς
3058 4054 3367 4129 προσϐολῆς
3393 4056 3422 4108 6
3452 4053 3618 4108 Δαὸίδ
3644 4066 3801 4121 φησιν,

2261 4155 2369 4219 Εις
2400 4152 2507 4219 τὰς
2532 4151 2755 4220 πρωΐας
2770 4148 3122 4215 ἀπέκτενον,
3149 4148 3247 4203 καὶ
3264 4148 3334 4203 τὰ
3350 4147 3499 4219 ἑξῆς.
3526 4148 3585 4201 ⁸0
3598 4146 3651 4199 δὲ
3664 4144 3805 4216 μέγας

2265 4245 2402 4316 φησι
2430 4243 2674 4314 Μωῦσῆς
2706 4242 2837 4313 περὶ
2881 4240 3358 4311 συγκαταθέσεως,
3392 4240 3504 4294 Kal
3534 4241 3594 4294 οὐ
3628 4252 3804 4306 συγκα-

2260 4333 2502 4401 ταθέσει,
2534 4333 2727 4405 φησιν,
2763 4332 2971 4395 αὐτοῖς.

3795 4494 3825 4535 ⁸
3858 4480 3865 4491 ο

2338 4538 2446 4608 με’.
2469 4534 2616 4600 Νοῦς
2644 4533 2728 4591 νοτ
2754 4533 3026 4602 ἀοράτως,
3048 4531 3188 4625 πρδς
3219 4528 3799 4625 μάχην-συᾌμπλέκετμι,

2262 4628 2292 4680 6
2340 4625 2619 4696 δαιμόνιος
2662 4624 2792 4689 νοῦς
2841 4622 2922 4694 τῷ
2967 4621 3228 4695 ἡμετέρῳ
3264 4621 3367 4677 νοῒ.
3414 4621 3527 4675 Καὶ
3554 4619 3638 4673 διὰ
3670 4619 3799 4669 τοῦτο

2257 4719 2420 4790 χρεία
2460 4719 2525 4772 ὲκ
2560 4717 2771 4789 βαθέων
2796 4716 2941 4771 κατά
2972 4716 3209 4788 στιγμὴν
3257 4716 3388 4788 βοᾷν
3416 4714 3556 4786 πρὸς
3580 4713 3663 4767 τὸν
3687 4711 3797 4778 Χρι-

2262 4790 2407 4877 στὸν,
2429 4810 2705 4866 ἀπελάσαι
2736 4810 2835 4882 μὲν
2859 4808 2952 4863 τὸν
2979 4810 3257 4880 δαιμόνιον
3286 4808 3435 4872 νοῦν,
3459 4808 3526 4862 τὰ
3544 4804 3797 4875 νικητήρια

2256 4902 2316 4957 δὲ
2344 4902 2550 4969 δοῦναι,
2582 4901 2659 4967 ὡς
2692 4899 3097 4972 φιλάνθρωπον.

2331 5104 2446 5177 μηὀ
2489 5103 2670 5167 Τύπος
2727 5120 2809 5157 σοι
2860 5101 3091 5174 ἡσυχίας
3142 5097 3470 5172 καρδιακῆς,
3512 5097 3541 5149 6
3586 5092 3793 5162 κατέχων

2256 5194 2565 5267 κάτοπτρον
2585 5194 2681 5248 καὶ
2721 5192 2856 5264 πρὸς
2901 5192 3064 5247 αὑτὸν
3092 5188 3377 5257 ἀτενίζων,
3396 5187 3555 5242 Eatur
3581 5186 3667 5240 καὶ
3695 5183 3791 5237 τότε

2253 5284 2375 5357 ὄψει
2419 5287 2479 5339 ὲν
2521 5288 2589 5357 τῇ
2622 5283 2822 5358 καρδίᾳ
2866 5281 3076 5355 νοητῶς
3105 5278 3501 5351 ὲγγραφόμενα
3532 5271 3725 5344 πονηρά
3745 5284 3790 5322 τι

2252 5376 2350 5431 καὶ
2386 5375 2590 5446 ἀγαθά.

2327 5487 2437 5560 μθ’.
2473 5488 2704 5560 Τηρεῖτε
2737 5486 2826 5540 ἀεὶ
2858 5483 3065 5556 μηδένα
3107 5483 3372 5555 λογισμὸν
3414 5484 3476 5537 ἐν
3502 5484 3566 5553 τῇ
3602 5474 3786 5548 καρδίᾳ,

2258 5579 2334 5652 μὴ
2360 5578 2577 5649 ἄλογον,
2610 5578 2687 5652 μὴ
2729 5576 2974 5648 εὔλογον,
3027 5576 3117 5633 ἵνα
3157 5575 3303 5632 οὕτω
3336 5576 3537 5650 ῥᾳδίως
3570 5568 3788 5639 ἐπιγινὼ-
