4040 6410
279 389 414 454 1497

982 388 1082 449 DE
1114 388 1657 449 TEMPERANTIA
1690 388 1784 449 ET
1823 387 2186 449 VIRTUTE.
2228 411 2296 427 -
2335 383 2723 445 CENTURIA
2754 383 2804 443 Ι.

3376 382 3514 450 L193

249 520 391 579 σκῃς
417 505 547 568 τοὺς
583 501 941 573 ἀλλοφύλους,
973 503 1144 574 ήγουν
1194 502 1323 567 τοὺς
1359 501 1469 557 τῶν
1516 502 1831 572 Αἰγυπτίων

1956 509 2256 555 εεηιαηεαιῐι
2292 518 2305 552 :
2348 506 2407 551 ut
2453 498 2557 551 hoc
2600 505 2759 566 pacto
2802 493 2961 549 facile
3000 493 3283 551 discernas
3323 497 3516 552 alieni-

248 601 632 673 πρωτοτόκους
671 599 842 665 υίούς.

322 783 387 833 ν’.
430 776 523 840 Ὦς
550 775 731 848 ἀγαθὴ
766 775 862 831 καὶ
917 778 1165 849 τερπνὴ,
1216 777 1311 831 καὶ
1341 776 1555 849 ήδίστη,
1593 774 1831 846 φωτεινή

252 887 315 922 τε
347 870 441 923 καί¹
470 868 777 937 πάγκαλος,
822 868 917 923 καὶ
950 868 1327 940 ἀγλαοφανὴς,
1366 870 1462 924 καὶ
1494 867 1673 939 ὡραία
1704 868 1836 938 ἀρε-

250 960 345 1029 τὴ.
372 958 539 1029 νῆψις
570 957 679 1011 ὑπὸ
722 957 841 1023 σοῦ,
865 958 1068 1030 Χριστὲ
1097 960 1126 1012 ὁ
1154 957 1307 1023 Θεὸς,
1349 956 1707 1027 εὑοδουμένη,
1740 954 1836 1009 καὶ

256 1050 643 1123 ἐγρηγορότως
680 1050 1030 1123 ἀνθρωπίνου
1074 1050 1196 1116 νοὸς
1225 1051 1285 1104 ἐν
1311 1048 1635 1104 ταπεινώσει
1664 1047 1833 1120 πολλῇ

254 1144 573 1214 δδευομένη·
602 1143 837 1197 ἐκτείνει
865 1142 975 1214 γάρ
1019 1144 1126 1207 ἓως
1156 1142 1436 1214 θαλάσσης
1464 1141 1562 1196 καὶ
1591 1141 1835 1196 ἀϐύσσου

257 1232 506 1305 θεωριιῖιν
530 1232 601 1287 τά
632 1230 888 1304 κλήματα
934 1231 1129 1301 αὐτῆς,
1160 1232 1257 1286 καὶ
1294 1231 1399 1296 ἐως
1440 1230 1703 1302 ποταμῶν
1736 1248 1837 1301 μυ-

258 1324 502 1395 στηρίων
559 1322 812 1395 τερπνῶν
864 1339 924 1375 τε
972 1327 1070 1377 καὶ
1118 1322 1280 1377 θείων
1324 1322 1425 1386 τὰς
1471 1320 1836 1392 παραφυάδας

259 1416 457 1487 αὐτῆς,
493 1414 707 1479 ποτίζει
748 1431 810 1468 τε
863 1412 989 1468 νοῦν
1038 1415 1103 1467 ἐκ
1134 1416 1332 1487 χρόνου
1373 1413 1571 1469 πολλοῦ
1619 1429 1838 1467 καυσω-

261 1507 425 1562 θέντα
472 1510 541 1580 τῇ
594 1506 823 1578 ἀσεϐείᾳ
869 1506 977 1562 ὑπὸ
1028 1506 1213 1579 ἅλμης
1271 1507 1526 1580 πονηρῶν
1560 1506 1838 1579 λογισμῶν

261 1599 678 1669 πνευματικῶν,
705 1600 801 1654 καὶ
836 1599 934 1654 τοῦ
983 1600 1089 1671 τῆς
1139 1601 1341 1673 σαρκὸς
1370 1600 1667 1672 δυσμενοῦς
1707 1618 1841 1673 φρο·

262 1693 526 1764 νήματος,
565 1694 593 1747 ὅ
627 1694 744 1746 ἐστι
787 1691 1039 1755 θάνατος.

333 1790 434 1839 να’.
460 1784 642 1855 Νῆψις
674 1783 823 1838 ἔοικε
865 1786 933 1855 τῇ
967 1782 1064 1837 τοῦ
1117 1782 1313 1838 Ἰακὼϐ
1354 1782 1603 1854 κλίμακι,
1628 1782 1713 1852 ἐφ’
1810 1783 1839 1837 ό

262 1873 397 1936 Θεὸς
435 1853 711 1945 ἐπιμένει,
748 1876 847 1928 καὶ
870 1853 929 1928 oi
948 1872 1174 1943 ἀγγελοι
1199 1853 1605 1929 ἀναϐαίνουσιν
1628 1853 1841 1945 ἀναιρεῖ
1870 1853 1914 1913 Β

262 1963 376 2034 γὰρ
408 1962 469 2028 ἐξ
488 1963 649 2034 ήμῶν
674 1964 784 2017 πᾶν
810 1963 1001 2019 κακόν⁶
1029 1962 1168 2036 αῦτη
1196 1964 1306 2034 γὰρ
1335 1964 1591 2018 ἐκκόπτει
1614 1964 1839 2019 πολυλοο

262 2055 417 2123 γίαν,
458 2055 753 2127 λοιδορίαν,
806 2055 1163 2119 καταλαλιάν,
1214 2056 1312 2111 καὶ
1359 2055 1579 2110 πάντων
1616 2056 1726 2109 τῶν
1756 2057 1844 2110 αί-

265 2147 482 2218 σθητῶν
531 2148 721 2202 κακῶν
750 2147 843 2202 τὸν
885 2148 1212 2217 κατάλογον,
1248 2149 1349 2202 οὑκ
1379 2148 1725 2221 ἀνασχομένη
1757 2150 1845 2205 διά

262 2238 441 2295 ταῦτα
470 2238 593 2293 οὐδὲ
621 2237 761 2310 πρὸς
788 2238 969 2309 ὀλίγον
1002 2239 1316 2313 στερεῖσθαι
1338 2240 1437 2311 τῆς
1472 2240 1611 2305 ἰδίας
1640 2240 1846 2310 γλυκύ-

263 2349 450 2405 τητος.

336 2423 435 2493 νβ’.
472 2420 692 2494 Ταύτην
740 2421 1043 2494 προθύμως
1071 2421 1295 2492 ἀδελφοὶ
1343 2421 1643 2493 μετίωμεν,
1667 2421 1763 2476 καὶ
1790 2424 1849 2476 ἐν

263 2515 392 2577 ταῖς
440 2513 700 2584 θεωρίαις
754 2515 947 2585 αὑτῆς,
987 2514 1207 2586 καθαρᾷ
1251 2512 1463 2585 διανοίᾳ
1496 2513 1595 2568 σὺν
1626 2512 1849 2585 Χριστῷ

283 2606 462 2676 Ἰησοῦ
492 2606 806 2679 πετόμενοι,
845 2607 1087 2678 κινῶμεν
1124 2606 1224 2678 τὴν
1254 2606 1492 2678 θεωρίαν
1521 2606 1631 2661 τῶν
1668 2608 1851 2679 ἀμαρ-

273 2697 408 2752 τιῶν
433 2696 595 2769 ήμῶν
626 2698 836 2752 καὶτοῦ
870 2698 988 2769 βίου
1014 2698 1109 2752 τοῦ
1132 2697 1424 2770 προτέρου,
1448 2697 1537 2752 ἵνα
1558 2700 1617 2753 ἐν
1646 2701 1711 2770 τῇ
1740 2700 1851 2753 τῶν

272 2787 567 2858 ἁμαρτιῶν
591 2789 753 2860 ήμῶν
787 2789 975 2859 μνήμῃ
1003 2788 1416 2859 συντριϐόμενοι
1446 2788 1543 2844 καὶ
1564 2789 1851 2843 ταπεινού-

277 2896 455 2949 μενοι,
485 2878 857 2934 ἀδιάσπαστον
884 2880 1118 2951 ἐξήμῶν
1143 2881 1357 2953 ἐξωμεν
1380 2884 1481 2954 τὴν
1508 2883 1687 2955 Ἰησοῦ
1720 2886 1853 2957 Χρι-

276 2970 409 3024 στοῦ
434 2970 530 3025 τοῦ
559 2970 769 3043 Κυρίου
798 2971 960 3044 ήμῶν
988 2972 1243 3045 βοήθειαν
1264 2976 1346 3039 είς
1371 2975 1466 3030 τὸν
1487 2976 1723 3048 ἀόρατον
1754 2979 1852 3033 πό-

274 3061 464 3132 λεμον*
516 3062 873 3133 στερηθέντες
926 3061 1037 3134 γάρ
1082 3064 1182 3134 τῆς
1245 3064 1422 3134 Ἰησοῦ
1476 3064 1729 3137 βοηθείας
1784 3068 1852 3121 δι’

276 3154 680 3226 ὑπερηφανίας,
723 3154 758 3225 ἢ
806 3155 1242 3225 φιλανθρωπίας,
1269 3157 1304 3229 ἢ
1336 3157 1667 3227 κενοδοξίας,
1698 3160 1856 3214 ύστεσ

281 3245 533 3318 ρήθημεν
589 3246 965 3318 καθαρότητος
1010 3248 1263 3320 καρδίας·
1311 3250 1381 3304 δι’
1429 3244 1500 3323 ἧς
1530 3252 1855 3325 γνωρίζεται

278 3338 556 3410 ἀνθρώπῳ
585 3338 738 3402 Θεός⁸
767 3339 944 3394 αἴτιον
976 3340 1086 3412 γὰρ
1115 3340 1191 3405 ὡς
1222 3341 1515 3414 ὑπόσχεσις
1541 3342 1640 3398 τοῦ
1682 3344 1859 3400 δευτέ-

282 3448 402 3501 ρου,
434 3431 497 3484 τὸ
528 3430 817 3502 πρότερον.

354 3523 453 3593 νγ’.
504 3523 649 3587 Νοῦς
689 3524 766 3595 μὴ
803 3522 1022 3595 ἀμελῶν
1057 3524 1159 3596 τῆς
1185 3526 1380 3580 ἐαυτοῦ
1419 3528 1669 3599 κρυπτῆς
1694 3530 1859 3601 ἐργα-

285 3614 431 3681 σίας,
463 3615 562 3669 σὺν
601 3618 715 3680 τοῖς
746 3615 956 3681 λοιποῖς
998 3616 1184 3681 καλοῖς
1211 3612 1296 3684 οἷς
1324 3619 1391 3673 ἐκ
1438 3620 1539 3693 τῆς
1577 3621 1861 3695 διηνεκοῦς

285 3710 552 3782 ἐργασίας
616 3710 717 3780 τῆς
771 3709 1023 3781 φυλακῆς
1077 3711 1336 3782 εὑρήσει,
1394 3712 1491 3767 καὶ
1548 3712 1648 3777 τάς
1695 3714 1860 3770 πέντε

286 3799 568 3873 αἰσθήσεις
598 3800 695 3855 τοῦ
726 3801 1000 3873 σώματος,
1026 3802 1201 3873 ἀργὰς
1223 3803 1335 3858 τῶν
1363 3803 1472 3869 ἔξω
1504 3804 1697 3861 κακῶν
1724 3808 1862 3863 duro.

285 3894 471 3961 δείξει.
504 3895 583 3967 Τῇ
608 3894 720 3967 γάρ
740 3895 917 3967 οἰκείᾳ
941 3897 1113 3968 ἀρετῇ
1146 3896 1237 3952 καὶ
1258 3897 1418 3969 νήψει
1447 3898 1515 3951 δι’
1535 3898 1659 3953 ὅλου
1692 3918 1863 3970 προσ-

288 3983 448 4053 έχων,
480 3984 575 4038 καὶ
605 3987 719 4049 τοῖς
764 3985 1001 4055 νοήμασι
1028 3988 1141 4049 τοῖς
1166 3987 1352 4051 καλοῖς
1379 3991 1733 4061 κατατρυφᾷν
1768 3989 1861 4045 θέ-

287 4075 418 4140 λων,
450 4076 552 4131 οὑκ
588 4077 844 4147 ἀνέχεται
867 4076 1201 4132 κλέπτεσθαι
1224 4078 1313 4132 διά
1336 4078 1445 4133 τῶν
1470 4081 1633 4135 πέντε
1664 4082 1862 4154 αίσθή-

290 4184 454 4231 σεων,
478 4167 683 4223 ἐνύλων
709 4169 807 4224 καὶ
849 4169 1094 4239 ματαίων
1132 4170 1411 4241 λογισμῶν
1456 4171 1607 4243 αὑτῷ
1640 4191 1867 4247 προσερ-

290 4258 561 4331 χομένων,
587 4259 727 4314 ἀλλά
744 4262 911 4329 γνοὺς
934 4260 1116 4316 αὑτῶν
1144 4262 1207 4316 τὸ
1238 4263 1539 4335 ἀπατηλὸν,
1565 4263 1715 4320 ἔνδον
1740 4266 1867 4318 ἐαυ-

290 4349 385 4406 τοῦ
409 4352 477 4406 τά
504 4351 678 4407 πολλὰ
712 4352 991 4407 συστέλλει
1020 4352 1211 4416 αὑτάς.

354 4443 447 4499 νδν.
480 4443 775 4516 Παράμενε
799 4446 866 4515 τῇ
888 4444 1117 4516 διανοίᾳ,
1145 4444 1238 4498 καὶ
1256 4445 1318 4499 ού
1351 4446 1635 4511 κοπιάσεις
1659 4447 1719 4500 ἐν
1746 4465 1867 4501 πει-

1934 610 2141 666 genas,
2210 592 2352 647 ﬁlios
2428 589 2690 645 nimirum
2764 588 3161 659 primogenitos
3230 589 3525 661 Λεωπριίοέ

1934 703 2077 743 rum.

2005 779 2097 835 50.
2136 777 2311 844 Quam
2354 775 2521 841 bona,
2564 771 2925 838 delectabilis,
2959 774 3166 838 suavis,
3206 773 3513 844 splendida,

1934 871 2215 943 praeclara,
2244 876 2475 923 venusta
2505 874 2561 921 et
2598 865 2846 936 speciosa
2885 866 3060 919 virtus
3089 874 3172 919 est
3206 875 3518 934 temperan-

1933 964 2057 1019 tia:
2092 976 2213 1032 qua:
2259 976 2290 1015 a
2332 968 2414 1025 te,
2468 958 2687 1014 Christe
2745 958 2910 1021 Deus,
2959 956 3233 1027 dirigitur,
3286 965 3343 1010 et
3388 971 3514 1012 cum

1935 1069 2149 1110 summa
2178 1052 2378 1107 mentis
2408 1048 3068 1105 humanm’humiliatione
3096 1048 3387 1120 vigilanter
3415 1049 3517 1103 de-

1935 1144 2184 1202 ducitur!
2239 1142 2497 1198 Extendit
2556 1142 2703 1195 enim
2752 1141 3007 1212 palmites
3045 1156 3174 1197 suos
3228 1156 3404 1211 usque
3448 1141 3515 1195 ad

1935 1251 2108 1302 mare,
2135 1245 2193 1291 et
2234 1236 2492 1308 abyssum
2525 1234 2986 1305 speeulationum,
3018 1243 3074 1289 et
3098 1248 3271 1305 usque
3302 1233 3371 1288 ad
3411 1232 3517 1287 ﬁu-

1935 1326 2085 1382 mina
2118 1325 2485 1396 jucundorum
2518 1340 2584 1380 ac
2612 1324 2924 1380 divinorum
2966 1324 3354 1396 mysteriorum
3390 1337 3521 1393 pro-

1936 1416 2161 1489 pagines
2185 1431 2311 1471 suas
2337 1434 2350 1469 :
2378 1425 2544 1486 atque
2570 1424 2701 1486 potu
2730 1415 2907 1470 reﬁcit
2929 1415 3173 1469 animum
3194 1412 3516 1483 jamdudum

1937 1508 2218 1579 impietate
2244 1515 2590 1572 aestuantem,
2629 1521 2743 1575 pra:
2774 1504 3051 1575 salsugine
3081 1513 3194 1559 tum
3227 1518 3518 1574 pravarum

1938 1602 2327 1675 cogitationum
2354 1616 2385 1655 a
2407 1601 2752 1656 daemonibus
2776 1599 3137 1665 invectarum,
3162 1608 3276 1654 tum
3304 1598 3520 1654 hostilis

1940 1698 2084 1770 (qua:
2113 1710 2263 1751 mors
2289 1692 2393 1765 est)
2424 1691 2733 1763 prudentiae
2761 1690 2966 1746 carnis.

2013 1791 2102 1846 5|.
2145 1788 2531 1859 Temperantia
2575 1786 2869 1858 persimilis
2907 1793 2991 1841 est
3025 1787 3182 1842 scalae
3213 1787 3400 1853 Jacob,
3432 1786 3524 1842 eui

1945 1884 2088 1938 Deus
2119 1880 2340 1944 insidet,
2371 1888 2428 1934 et
2454 1894 2559 1949 qua
2603 1876 2910 1932 ascendunt
2950 1876 3147 1947 angeli.
3186 1877 3351 1931 Tollit
3375 1876 3522 1931 enim

1944 1988 1973 2027 a
2003 1972 2163 2026 nobis
2194 1984 2360 2024 omne
2392 1968 2610 2024 vitium.
2652 1965 2789 2022 Nam
2827 1974 3076 2037 amputat
3120 1967 3237 2036 ipsa
3280 1968 3524 2037 loquaci-

1947 2072 2136 2130 tatem,
2175 2062 2508 2123 convicium.
2546 2060 2971 2123 detractionem,
3007 2059 3250 2113 omnium
3290 2059 3527 2129 denique

1945 2159 2207 2215 vitiorum
2268 2153 2550 2211 sensilium
2612 2152 2952 2223 eatalogum:
3010 2166 3133 2221 quae
3190 2150 3397 2205 idcirco
3456 2164 3528 2203 ne

1948 2248 2222 2317 tantisper
2259 2242 2481 2316 quidem
2514 2241 2660 2297 ferre
2689 2249 2889 2307 potest,
2924 2247 2984 2295 ut
3011 2240 3278 2295 suavitate
3306 2237 3529 2310 propria

1948 2348 2151 2397 careat.

2022 2432 2109 2488 52.
2152 2430 2413 2499 Hujusce,
2465 2426 2686 2493 fratres,
2717 2424 2883 2480 alacri
2924 2425 3109 2479 animo
3155 2422 3531 2479 desideremus

1948 2539 2072 2581 esse
2114 2523 2409 2594 participes
2444 2538 2456 2573 :
2499 2534 2565 2574 ac
2612 2518 2667 2572 in
2717 2517 3183 2588 speculationibus
3227 2515 3348 2584 ejus
3394 2527 3531 2583 puro

1950 2617 2116 2673 corde
2147 2631 2271 2671 eum
2295 2612 2515 2670 Christo
2538 2609 2668 2667 Jesu
2706 2610 2977 2675 volantes,
3000 2607 3363 2664 discutiamus
3398 2618 3533 2674 pec-

1951 2721 2200 2767 catorum
2246 2715 2562 2763 nostrorum
2594 2715 2650 2761 et
2676 2704 2925 2775 pristinae
2960 2703 3086 2759 vita:
3118 2702 3387 2757 rationem
3428 2719 3441 2755 :
3473 2709 3536 2756 ut

1952 2813 2305 2876 peccatorum
2345 2810 2655 2856 nostrorum
2686 2797 3065 2854 recordatione
3095 2794 3316 2851 contriti
3347 2803 3401 2849 et
3427 2795 3534 2849 hu-

1952 2896 2168 2961 miliati,
2196 2893 2470 2950 indivulso
2496 2907 2526 2946 a
2548 2891 2711 2947 nobis
2737 2888 2952 2944 Domini
2976 2888 3150 2943 nostri
3177 2886 3306 2942 Jesu
3330 2884 3533 2940 Christi

1953 2990 2227 3061 potiamur
2246 2984 2469 3051 auxilio,
2498 2984 2567 3039 ad
2597 2983 2800 3039 bellum
2832 2979 3104 3036 invisibile
3133 2978 3530 3049 peragendum.

1955 3079 2071 3151 Ope
2100 3077 2369 3148 siquidem
2399 3074 2531 3130 Jesu
2571 3071 2838 3135 destituti,
2872 3085 2972 3141 per
3009 3067 3400 3139 arrogantiam,
3430 3066 3537 3121 hu-

1882 3190 1926 3250 c
1956 3186 2181 3228 manum
2208 3181 2473 3232 amorem,
2501 3171 2596 3220 aut
2621 3179 2817 3219 vanam
2846 3162 3094 3234 gloriam,
3124 3160 3321 3231 privati
3350 3173 3539 3214 sumus

1962 3266 2146 3326 cordis
2176 3265 2435 3337 puritate,
2468 3277 2575 3332 qua
2616 3259 2912 3315 innotescit
2943 3257 3154 3313 homini
3187 3255 3350 3311 Deus.
3385 3253 3541 3309 Prius

1963 3357 2135 3423 enim,
2168 3363 2228 3410 ut
2256 3355 2373 3426 ipse
2400 3352 2708 3424 pollicetur,
2734 3358 2820 3405 est
2849 3365 3013 3404 causa
3042 3347 3293 3404 secundi.

2037 3535 2124 3591 53.
2166 3532 2397 3589 Animus
2437 3529 2532 3600 qui
2569 3529 2625 3583 in
2662 3528 2846 3598 seipso
2885 3525 3186 3582 excolendo
3226 3524 3542 3580 interiorem

1966 3626 2342 3699 operationem
2390 3637 2503 3677 non
2556 3620 2810 3691 negligit,
2862 3628 3060 3690 prarter
3107 3618 3315 3689 reliqua
3363 3618 3543 3683 bona,

1966 3736 2088 3792 qua:
2107 3734 2174 3774 ex
2196 3715 2457 3772 continua
2479 3712 2711 3767 actionis
2737 3710 3126 3781 observatione
3155 3717 3544 3778 consequetur,

1967 3812 2135 3867 etiam
2180 3808 2423 3879 quinque
2465 3818 2662 3860 sensus
2703 3802 2950 3874 corporis
2985 3802 3228 3857 externis
3267 3800 3414 3855 vitiis
3450 3814 3547 3854 va-

1966 3916 2102 3958 cuos
2162 3899 2434 3955 ostendet.
2486 3894 2591 3961 Qui
2647 3892 2795 3948 enim
2852 3891 3131 3964 propriam
3177 3890 3435 3944 virtutem
3483 3904 3546 3945 ac

1969 3991 2389 4063 temperantiam
2438 3989 2602 4058 plane
2636 3992 2813 4051 curat,
2840 3992 2898 4041 et
2931 3983 3208 4056 praeclaris
3244 3982 3549 4037 delectatur

1968 4084 2232 4151 consiliis,
2272 4098 2383 4137 non
2434 4080 2564 4137 sinit
2608 4078 2868 4147 occupari
2918 4093 2978 4133 se
3013 4078 3260 4148 quinque
3296 4074 3550 4131 sensibus

1969 4191 2196 4234 accessu
2233 4187 2540 4230 erassarum
2572 4184 2947 4239 variarumque
2979 4167 3368 4240 cogitationum
3400 4183 3414 4220 :
3452 4164 3548 4219 sed

1970 4270 2168 4326 harum
2211 4266 2439 4323 insidias
2474 4279 2600 4321 cum
2636 4264 2805 4327 norit,
2840 4262 2983 4315 intra
3023 4261 3265 4330 seipsum
3305 4272 3551 4312 summo-

1970 4377 2104 4435 pere
2129 4358 2349 4415 cohibet
2373 4373 2488 4412 eas.

2046 4452 2134 4507 54.
2167 4451 2226 4505 ιη
2256 4450 2447 4504 eadem
2483 4460 2743 4518 permane
2778 4441 3073 4505 sententia,
3103 4448 3159 4494 et
3196 4438 3250 4492 in
3290 4437 3553 4491 tentatio-

294 4532 544 4605 ρασμοῖς·
578 4532 791 4587 ἐκεῖθεν
827 4532 887 4587 δέ
914 4532 1274 4616 ἀναχωρῶν,
1304 4532 1544 4604 ὑπόμενε
1580 4533 1653 4589 τά
1697 4534 1854 4606 ἐπερ·

1971 4545 2135 4599 nihus
2176 4557 2287 4597 non
2321 4538 2633 4604 labat-abis;
2667 4552 2698 4591 a
2728 4549 2834 4606 qua
2865 4532 2911 4588 si
2944 4530 3188 4593 recedas,
3225 4527 3395 4582 tolera
3431 4540 3556 4595 qua:

292 4624 519 4694 χόμενα.

362 4720 457 4773 νε’.
492 4715 708 4786 Ὥσπερ
752 4715 881 4779 τοὺς
925 4714 1273 4780 κακοσίτους,
1301 4715 1548 4785 ἀψίνθιον
1573 4716 1779 4787 ὠφελεῖ
1807 4718 1871 4772 τδ

293 4805 514 4877 πικρὸν,
541 4804 686 4860 οὕτω
715 4808 830 4871 τοῖς
863 4806 1230 4879 κακοτρόποις
1272 4807 1420 4863 κακά
1464 4807 1698 4879 πάσχειν
1726 4825 1869 4879 συμ-

292 4896 472 4968 φέρει.

357 4985 471 5052 νς’.
504 4988 569 5041 El
625 4988 700 5060 μὴ
753 4987 931 5052 θέλεις
979 4988 1340 5056 κακοπαθεῖν,
1386 4987 1523 5060 μηδέ
1555 4992 1869 5044 κακοποιεῖν

294 5078 439 5143 θέλε,
470 5080 607 5135 διότι
650 5080 809 5135 τοῦτο
850 5080 1091 5151 κάκείνῳ
1139 5080 1515 5152 ἀπαραϐάτως
1559 5080 1866 5135 ἀκολουθεῖ*

293 5171 460 5244 δγάρ
508 5172 723 5244 σπείρει
779 5173 1038 5238 ἔκαστος,
1068 5190 1228 5227 τουτο
1259 5176 1356 5229 καὶ
1406 5172 1634 5247 θερίσει.
1682 5174 1868 5229 Ἑκου-

296 5266 429 5330 σίως
460 5260 556 5320 οῦν
598 5266 671 5319 τά
699 5265 880 5335 φαῦλα
910 5265 1247 5339 σπείροντες,
1282 5266 1378 5320 καὶ
1417 5266 1689 5331 ἀκουσίως
1718 5266 1868 5337 θερί-

296 5356 505 5424 ζοντες,
538 5356 641 5429 τὴν
666 5356 1021 5428 δικαιοσύνην
1072 5356 1168 5411 τοῦ
1215 5355 1355 5427 Θεοῦ
1384 5355 1691 5433 θαυμάζειν
1720 5355 1873 5427 ὀφεί-

296 5448 485 5518 λομεν.

367 5539 469 5603 νζ’.
511 5539 900 5611 Ἐκτυφλοῦται
946 5543 975 5596 ό
1020 5540 1148 5606 νοῦς
1196 5542 1285 5596 διά
1328 5541 1437 5597 τῶν
1464 5541 1633 5613 τριῶν
1668 5540 1873 5594 τούτων

297 5630 514 5693 παθῶν,
546 5632 911 5706 φιλαργυρίας
940 5633 1105 5702 λέγω,
1141 5634 1450 5701 κενοδοξίας
1470 5672 1486 5699 ,
1525 5632 1622 5687 καὶ
1654 5632 1867 5703 ἡδονῆς.

371 5728 475 5793 νη’.
507 5723 716 5788 Γνῶσις
746 5724 839 5778 καὶ
870 5725 1051 5789 πίστις
1080 5726 1138 5778 αί
1174 5724 1275 5793 τῆς
1307 5724 1523 5793 φύσεως
1554 5722 1711 5795 ήμῶν
1744 5721 1869 5775 σύν-

217 5808 227 5815 ’
301 5829 516 5885 τροφοι,
560 5814 631 5870 δι’
670 5815 824 5872 οὐδὲν
868 5816 995 5872 ἄλλο
1045 5817 1174 5887 ῆδι’
1207 5816 1418 5880 ἐκείνας
1454 5815 1865 5888 ἠμϐλύνθησαν.

1971 4632 2338 4690 occurrerint.

2044 4727 2132 4782 55.
2172 4719 2644 4790 Quemadmodum
2703 4731 2949 4773 amarum
3009 4711 3346 4768 absinthium
3403 4709 3559 4779 juvat

1971 4831 2069 4871 eos
2096 4814 2189 4885 qui
2220 4812 2373 4867 cibos
2403 4810 2691 4865 fastidiunt
2718 4846 2733 4873 ,
2765 4807 2839 4861 ita
2868 4803 3010 4860 male
3056 4800 3285 4856 moratis
3318 4798 3558 4853 homini-

1970 4908 2073 4963 bus
2097 4905 2229 4960 utile
2254 4911 2359 4964 est,
2387 4910 2449 4957 ut
2472 4901 2754 4971 patiantur
2779 4898 3030 4953 adversa.

2046 4998 2135 5054 56.
2175 4996 2291 5051 Nisi
2332 4992 2591 5051 statueris
2631 4992 2862 5047 adversa
2911 4986 3146 5060 perpeti,
3180 4999 3252 5040 ne
3298 4984 3561 5039 decernas

1975 5091 2120 5146 bene
2184 5101 2346 5159 agere
2397 5100 2521 5140 eum
2571 5084 2680 5139 hoc
2729 5098 2794 5137 ex
2840 5082 2933 5137 illo
2975 5088 3242 5151 perpetuo
3276 5083 3558 5145 sequatur.

1977 5180 2135 5248 Quod
2185 5180 2333 5234 enim
2388 5177 2623 5248 quisque
2670 5174 2938 5237 seminat,
2995 5174 3099 5228 hoc
3151 5170 3315 5227 etiam
3369 5175 3557 5222 metet.

1976 5268 2247 5334 Proinde,
2295 5267 2341 5323 si
2389 5282 2511 5337 qua:
2560 5273 2757 5336 sponte
2807 5264 3144 5320 seminamus
3182 5260 3357 5323 mala,
3402 5255 3560 5312 inviti

1974 5361 2258 5426 metimus,
2277 5356 2550 5431 justitiam
2583 5355 2826 5413 divinam
2850 5354 3106 5411 admirari
3135 5351 3418 5407 debemus.

2046 5533 2137 5589 57.
2179 5531 2244 5587 Hi
2273 5539 2384 5586 tres
2410 5529 2643 5585 allectus
2677 5535 2957 5584 excaecant
2994 5524 3237 5579 animum
3263 5537 3277 5574 :
3308 5517 3555 5585 avaritia,

1975 5630 2221 5697 inquam,
2257 5640 2399 5679 vana
2428 5624 2618 5694 gloria,
2649 5631 2705 5677 et
2732 5621 3006 5689 voluptas.

2044 5718 2133 5772 58.
2175 5716 2333 5769 Nulla
2381 5714 2485 5768 alia
2532 5728 2609 5777 re,
2652 5726 2814 5782 quam
2863 5708 2970 5770 his,
3003 5704 3242 5777 cognitio
3290 5712 3345 5759 et
3397 5700 3552 5766 ﬁdes,

1978 5823 2097 5876 quae
2172 5806 2519 5861 collectanea:
2587 5812 2717 5858 sunt
2783 5808 2990 5856 natura:
3063 5806 3303 5865 nostrae,
3372 5791 3557 5865 proﬂi-

1986 5910 2197 5965 gantur.
