4006 6406
544 376 681 441 1499

1726 386 2089 447 IIESYCHII
2117 388 2591 449 PRESBYTERI

3654 385 3776 449 15m

615 490 701 543 59.
739 489 930 551 Furor,
980 487 1081 555 ira,
1129 489 1292 554 bella,
1339 489 1537 549 caedes.
1568 499 1622 545 et
1662 493 1909 561 reliquus
1953 494 2103 548 malo

2294 493 2392 549 νϐ’.
2432 494 2614 564 Θυμὸς
2657 492 2750 546 καὶ
2800 492 2964 564 ὀργὴ,
2998 492 3093 546 καὶ
3126 491 3352 562 πόλεμοι
3382 490 3478 546 καὶ
3505 490 3675 561 φόνοι,
3698 498 3782 551 καὶ

526 588 661 636 'rum
712 582 1003 635 universus
1054 583 1350 653 catalogus,
1404 582 1614 637 illarum
1660 584 1712 638 vi
1763 586 2116 640 vehementer

541 673 888 728 invaluerunt
914 674 1055 728 inter
1086 674 1357 729 homines.

609 764 699 819 60.
740 764 842 830 Qui
893 779 1004 819 non
1042 766 1193 820 novit
1226 768 1535 831 veritatem,
1572 783 1676 821 nec
1719 783 1848 822 vere
1893 771 2116 825 credere

539 865 720 927 potest
756 874 769 910 :
803 857 928 926 quia
973 859 1123 913 notio
1155 867 1348 912 natura
1382 859 1639 929 praecedit
1671 859 1852 915 ﬁdem.
1890 861 2112 933 Eloquia

538 950 809 1018 siquidem
852 951 1147 1019 Scriptum
1189 967 1298 1004 non
1342 962 1401 1005 ut
1444 953 1807 1022 intelligamus
1850 956 2115 1013 duntaxat

539 1042 739 1112 scripta
772 1052 919 1107 sunt,
950 1044 1045 1098 sed
1074 1052 1134 1097 ut
1171 1059 1234 1098 ea
1269 1052 1435 1115 opere
1462 1046 1855 1115 t-ompleamus.

604 1217 694 1272 6|.
737 1218 1007 1275 Ducamus
1057 1219 1220 1291 igitur
1256 1220 1473 1276 initium
1504 1222 1572 1277 ab
1602 1239 1786 1293 opere.
1821 1224 1931 1280 llac
1963 1227 2110 1282 enim

539 1309 749 1364 ratione
805 1310 1063 1381 deinceps
1129 1312 1509 1381 proficientes,
1574 1318 1944 1386 reperiemus,
2000 1336 2109 1375 non

538 1401 699 1455 modo
745 1416 894 1471 spem
949 1402 1001 1456 in
1050 1401 1240 1464 Deum.
1289 1405 1385 1459 sed
1438 1406 1602 1460 etiam
1660 1408 1872 1462 ﬁrmam
1926 1408 2107 1476 fidem,

538 1492 785 1547 notitiam
824 1494 1164 1561 interiorem,
1210 1495 1587 1551 liberationem
1629 1514 1658 1552 a
1697 1500 2106 1567 tentationibus,

536 1582 925 1639 charismatum
970 1586 1133 1650 dona,
1177 1588 1359 1641 cordis
1412 1588 1833 1654 confessionem,
1872 1600 1926 1646 et
1971 1593 2111 1647 assi-

535 1674 672 1728 duas
698 1674 981 1746 lacrymas,
1015 1678 1344 1746 precationis
1374 1678 1636 1735 beneﬁcio
1677 1681 1925 1737 ﬁdelibus
1955 1698 2110 1738 acce-

536 1764 687 1819 dere.
722 1765 909 1836 Neque
950 1784 1082 1822 vero
1124 1768 1240 1823 haec
1286 1770 1485 1835 solum,
1517 1771 1613 1825 sed
1649 1773 1813 1826 etiam
1855 1772 2107 1828 acciden-

2224 588 2333 648 πᾶς
2370 588 2397 639 6
2425 585 2612 648 λοιπὸς
2645 586 2755 638 τῶν
2795 585 2986 639 κακῶν
3015 583 3340 653 κατάλογος,
3386 584 3455 637 δι’
3499 585 3708 649 ὲκείνας
3731 591 3783 640 ιν

2221 676 2534 747 ἀνθρώποις
2569 676 2774 745 σφόδρα
2803 676 3279 747 ὲκραταιώθησαν.

2294 767 2360 833 ξι⁸
2404 768 2464 820 σο
2503 768 2577 838 μὴ
2610 767 2896 837 γινώσκων
2942 768 3043 838 τὴν
3092 766 3375 837 ἀλήθειαν,
3413 763 3543 818 οὔτε
3586 764 3784 832 ἀληθῶς

2222 858 2499 912 πιστεύειν
2527 858 2754 913 δύναται
2780 874 2795 891 ο
2825 860 2858 927 ἡ
2901 857 3013 928 γὰρ
3043 857 3245 925 γνῶσις
3296 855 3441 910 κατά
3474 853 3638 923 φύσιν
3666 870 3785 925 προ-

2220 953 2439 1019 ηγεῖται
2466 950 2567 1020 τῆς
2593 950 2849 1013 πίστεως·
2881 949 2952 1003 τὰ
2980 950 3090 1021 γάρ
3122 949 3222 1017 τῆς
3250 948 3473 1019 Γραφῆς
3506 948 3781 1016 εἰρημένα,

2219 1042 2318 1111 οὑχ
2342 1042 2430 1096 ἵνα
2450 1042 2737 1113 νοήσωμεν
2760 1040 2943 1111 μόνον,
2972 1040 3087 1095 ἀλλ’
3113 1042 3264 1104 ὅπως
3286 1039 3425 1094 αὑτά
3454 1040 3779 1109 ποιήσωμεν,

2219 1134 2459 1206 εἴρηται.

2291 1226 2392 1291 Ea].
2434 1225 2751 1297 Ἀρξώμεθα
2772 1225 2837 1295 δὴ
2866 1220 2961 1279 οὖν
2987 1224 3082 1277 τοῦ
3120 1224 3284 1296 εργου
3303 1242 3318 1255 ο
3346 1222 3494 1278 οὑτω
3526 1221 3638 1292 γὰρ
3670 1222 3782 1277 ἀτω-

2218 1319 2423 1382 λούθως
2452 1319 2879 1390 προκόπτοντες.
2907 1318 3220 1387 εὑρήσομεν
3249 1318 3330 1370 ὃτι
3359 1316 3421 1369 οὑ
3451 1316 3621 1385 μόνον
3652 1316 3685 1383 ἡ
3712 1317 3782 1377 είς

2217 1412 2347 1465 Θεὸν
2377 1410 2557 1476 ἐλπὶς,
2584 1408 2722 1464 ἀλλά
2738 1410 2835 1463 καὶ
2863 1408 3058 1481 βεϐαία
3085 1409 3270 1471 πίστις
3298 1407 3395 1460 καὶ
3423 1406 3634 1474 γνῶσις
3654 1406 3781 1458 ἐσω-

2215 1499 2351 1571 τέρα
2379 1542 2394 1565 ,
2431 1501 2527 1554 καὶ
2574 1499 2901 1570 πειρασμῶν
2947 1497 3241 1569 λύτρωσις,
3294 1496 3391 1550 καὶ
3435 1495 3781 1566 χαρισμάτων

2214 1589 2540 1660 δωρήματα,
2574 1591 2668 1642 καὶ
2691 1587 3083 1659 ἐξομολόγησις
3116 1585 3410 1659 καρδιακὴ,
3428 1586 3531 1639 καὶ
3559 1585 3782 1655 δάκρυον

2215 1682 2448 1745 ἐκτενὲς,
2500 1681 2592 1735 διὰ
2627 1681 2939 1751 προσευχῆς
2987 1682 3099 1741 τοῖς
3140 1679 3358 1740 πιστοῖς
3403 1675 3778 1746 παραγίνεται.

2216 1772 2289 1824 Οὐ
2327 1771 2488 1841 μόνον
2512 1771 2570 1825 δὲ
2594 1771 2791 1835 ταῦτα,
2825 1770 2964 1825 ἀλλά
3000 1771 3095 1824 καὶ
3120 1769 3227 1823 τῶν
3261 1768 3650 1839 ἐπερχομένων
3676 1767 3779 1819 θλι-

536 1858 671 1911 tium
731 1860 1143 1915 tribulationum
1206 1862 1591 1928 tolerantiam,
1633 1864 1935 1931 sinceram,
1991 1881 2103 1935 qua

2217 1859 2397 1929 ὅερῶν
2424 1860 2693 1932 ὑπομονὴ,
2724 1859 2819 1915 καὶ
2848 1858 3149 1929 είλικρινὴς
3184 1857 3279 1911 τοῦ
3311 1857 3547 1927 πλησίον
3576 1856 3777 1923 ἄφεσις,

534 1948 607 2003 sit
644 1952 918 2020 proximo.
945 1953 1351 2019 remissionem,
1382 1955 1749 2026 cognitionem
1781 1956 1914 2028 legis
1945 1958 2107 2028 spiri—

535 2042 678 2107 talis,
716 2043 941 2113 iustitiae
972 2045 1167 2101 divina:
1200 2047 1569 2116 adeptionem,
1605 2048 1895 2103 adventum
1931 2050 2104 2105 sancti

534 2134 788 2204 Spiritus,
831 2136 1155 2206 spiritalium
1204 2139 1590 2193 thesaurorum
1642 2140 2007 2209 largitionem,
2051 2152 2104 2197 et

529 2233 727 2280 cuncta
764 2242 884 2296 qua:
915 2228 1186 2296 pollicitus
1217 2241 1301 2283 est
1340 2229 1483 2284 Deus
1524 2244 1583 2284 se
1612 2231 1937 2286 donaturum
1970 2232 2104 2289 ﬁde-

530 2314 673 2371 libus
706 2316 1042 2380 hominibus,
1070 2327 1181 2373 tum
1214 2319 1265 2372 iu
1296 2320 1399 2375 hoc
1429 2329 1541 2376 tum
1576 2324 1626 2375 in
1664 2322 1849 2377 futuro
1882 2325 2101 2379 szeeulo.

528 2405 597 2459 Et
640 2416 697 2461 ut
744 2406 797 2461 iu
844 2424 1054 2463 summa
1088 2409 1286 2473 dicam,
1331 2427 1440 2465 non
1486 2420 1643 2481 potes
1679 2416 1860 2469 anima
1901 2431 2010 2485 pra:
2044 2433 2102 2473 se

528 2496 673 2551 ferre
715 2497 1003 2569 imaginem
1050 2498 1166 2564 Dei,
1199 2499 1303 2554 uisi
1343 2502 1577 2570 gratuito
1620 2502 1711 2558 Dei
1753 2520 2000 2568 munere,
2039 2523 2102 2563 ac

528 2584 633 2640 ﬁde
667 2586 904 2642 hominis
931 2603 996 2641 ex
1023 2590 1205 2643 animo
1234 2591 1632 2659 perseverantis
1660 2593 1714 2646 in
1749 2610 1959 2649 summa
1995 2596 2101 2650 hu-

528 2674 775 2741 militate,
811 2685 867 2730 et
901 2692 1003 2731 non
1036 2677 1322 2733 haasitante
1352 2681 1687 2750 precatione.

597 2766 686 2823 62.
731 2766 921 2837 lugens
960 2769 1203 2838 profecto
1241 2770 1446 2825 bonum
1483 2782 1586 2838 est,
1619 2773 1777 2829 sicuti
1813 2776 2100 2845 experien-

530 2856 603 2910 tia
635 2858 966 2929 accepimus,
999 2866 1061 2913 ut
1106 2860 1198 2930 qui
1247 2877 1403 2915 suum
1449 2863 1624 2932 ipsius
1665 2880 1760 2920 cor
1800 2882 2100 2939 expurgare

2214 1952 2311 2003 καὶ
2334 1950 2501 2020 νόμου
2535 1949 2911 2020 πνευματικοῦ
2967 1949 3284 2017 ἐπίγνωσις,
3317 1948 3414 2000 καὶ
3440 1944 3780 2015 δικαιοσύνης

2212 2042 2348 2097 Θεοῦ
2374 2043 2613 2115 εὕρεσις,
2646 2044 2739 2097 καὶ
2763 2042 3077 2113 πνεύματος
3112 2041 3266 2110 ἁγίου
3292 2040 3666 2109 ἐπιφοίτησις,
3693 2039 3779 2091 καὶ

2213 2135 2506 2207 θησαυρῶν
2538 2134 2932 2206 πνευματικῶν
2953 2134 3123 2196 δόσις,
3155 2132 3249 2185 καί¹
3276 2131 3453 2183 πάντα
3482 2129 3587 2183 ὅσα
3620 2129 3780 2194 ὲπηγ-

2211 2225 2428 2293 γείλατο
2474 2227 2503 2279 6
2555 2224 2688 2288 Θεὸς
2738 2223 3009 2295 παρέχειν
3038 2225 3151 2285 τοῖς
3189 2222 3405 2283 πιστοῖς
3452 2218 3776 2289 ἀνθρώποις,

2211 2318 2305 2371 καί
2330 2311 2456 2381 ὧδε,
2488 2318 2583 2371 καὶ
2608 2319 2667 2370 ὲν
2697 2316 2777 2388 τῷ
2807 2315 3055 2385 μέλλοντι
3084 2313 3264 2367 αίῶνισ
3298 2312 3396 2365 καὶ
3425 2310 3617 2373 ἁπλῶς
3648 2308 3780 2373 ἅπαξ

2210 2411 2333 2463 κατ’
2373 2409 2559 2463 εἰκόνα
2599 2407 2735 2462 Θεοῦ
2785 2407 3126 2476 ἀναφανῆναι
3157 2405 3257 2476 τὴν
3299 2404 3479 2475 ψυχὴν
3508 2402 3775 2463 ἀδύνατον,

2207 2503 2257 2555 εί
2291 2500 2366 2571 μὴ
2399 2500 2488 2554 διά
2532 2500 2875 2571 χαρίσματος
2904 2500 3043 2555 Θεοῦ
3090 2501 3186 2554 καὶ
3222 2500 3459 2557 πίστεως
3495 2494 3776 2565 ἀνθρώπου

2211 2594 2350 2663 μετά
2401 2594 2604 2663 πολλῆς
2645 2592 3169 2664 ταπεινοφροσύνης,
3218 2591 3313 2645 καὶ
3366 2590 3775 2661 ἀμετεωρίστου

2206 2685 2535 2754 προσευχῆς,
2559 2686 2625 2755 τῇ
2660 2682 2870 2757 διανοίᾳ
2895 2684 3334 2756 παραμένοντος.

2278 2773 2376 2845 ξβ’.
2408 2776 2571 2843 Μέγα
2590 2774 2761 2839 ὅντως
2785 2774 3014 2843 ἀγαθὸν,
3041 2774 3115 2839 ώς
3144 2777 3210 2829 ὲκ
3226 2773 3422 2846 πείρας
3453 2769 3779 2843 παρειλήφα-

2210 2885 2330 2939 μεν,
2361 2868 2423 2921 τὸ
2462 2866 2705 2937 συνεχῶς
2752 2865 3132 2921 ἐπικαλεῖσθαι
3162 2864 3365 2934 Κύριον
3408 2863 3621 2933 Ἰησοῦν
3650 2863 3779 2933 μετά

528 2948 839 3012 desiderat,
896 2951 1243 3006 continenter
1294 2951 1511 3007 invocet
1573 2954 1862 3010 Dominum
1912 2955 2097 3012 Jesum

2210 2960 2313 3013 τῶν
2342 2958 2551 3030 νοητῶν
2592 2958 2897 3030 πολεμίων,
2952 2958 3045 3012 τὸν
3087 2956 3413 3029 βουλόμενον
3449 2956 3549 3026 τὴν
3593 2952 3776 3009 ἑαυτοῦ

528 3039 789 3094 adversus
838 3040 1023 3096 hostes
1070 3040 1799 3112 spiritales.’Animadverte,
1835 3056 2098 3115 quantum

530 3133 603 3199 id,
638 3132 780 3203 quod
834 3133 975 3189 facto
1013 3136 1256 3206 periculo
1303 3137 1438 3204 dixi,
1468 3146 1731 3194 consonet
1773 3155 1897 3195 cum
1942 3141 2099 3195 testi-

2206 3052 2442 3124 καρδίαν
2488 3051 2753 3123 καθᾶραι·
2795 3051 2901 3123 ὅρα
2949 3050 3069 3114 πῶς
3104 3050 3398 3121 σύμφωνος
3418 3051 3448 3103 6
3476 3050 3634 3118 λόγος
3662 3051 3691 3102 6
3719 3048 3779 3100 ἐκ

2208 3145 2402 3217 πείρας
2425 3147 2555 3217 παρ’
2583 3142 2718 3216 ἐμοῦ
2745 3142 2933 3215 ῥηθεὶς
2948 3144 3073 3208 ταῖς
3106 3143 3418 3214 Γραφικαῖς
3439 3141 3775 3213 μαρτυρίαις.

530 3225 730 3279 moniis
773 3224 1091 3298 Scriptura.
1140 3230 1392 3300 Praepara
1442 3240 1515 3297 te,
1564 3230 1763 3299 inquit,
1806 3231 1991 3299 Israel,
2033 3232 2098 3288 ad

2216 3236 2563 3307 Ἐτοιμάζου,
2604 3235 2799 3307 φησίν,
2844 3232 3095 3304 Ἰσραὴλ,
3143 3232 3236 3286 τοῦ
3287 3231 3679 3286 ἐπικαλεῖσθαι
3724 3229 3779 3282 τὸ

530 3318 893 3373 invocandum
932 3337 1127 3375 nomen
1169 3322 1381 3377 Domini
1419 3323 1513 3377 Dei
1556 3325 1655 3379 tui.
1691 3325 1758 3379 Et
1786 3324 2099 3395 Apostolus,

531 3410 656 3465 Sine
684 3414 1066 3468 intermissione
1103 3425 1249 3469 orate
1273 3416 1337 3469 ⁷³.
1369 3415 1447 3470 Ac
1486 3416 1747 3471 Dominus
1790 3426 1977 3471 uoster
2015 3418 2101 3471 in-

529 3506 686 3574 quit,
723 3505 847 3561 Sine
903 3524 985 3561 me
1033 3508 1164 3562 nihil
1201 3510 1413 3577 potestis
1445 3512 1635 3581 facere.
1673 3509 1774 3574 Qui
1828 3519 2003 3564 manet
2046 3511 2102 3563 in

532 3615 633 3661 me,
662 3608 710 3653 et
734 3616 825 3671 ego
856 3601 909 3653 in
938 3616 1022 3666 eo,
1046 3602 1127 3654 hic
1164 3603 1262 3671 fert
1294 3604 1522 3671 fructum
1552 3602 1775 3657 multum
1802 3602 1867 3655 ⁷⁸.
1903 3604 1968 3658 Et
2002 3603 2101 3657 ite—

532 3706 688 3744 rum:
723 3690 781 3746 Si
818 3692 933 3762 quis
966 3694 1021 3746 in
1066 3711 1148 3747 me
1194 3709 1293 3747 non
1344 3695 1616 3758 manserit,
1658 3678 1893 3748 mittetur
1933 3696 2098 3764 foras,

529 3781 662 3831 sicut
708 3780 909 3849 palmes
939 3782 1005 3835 ⁷⁸.
1048 3780 1256 3835 Bonum
1300 3780 1492 3852 ingens
1523 3791 1607 3835 est
1649 3781 1845 3847 oratio,
1872 3783 2099 3852 bonum,

532 3870 772 3939 inquam,
803 3870 948 3939 quod
991 3872 1153 3925 etiam
1188 3871 1370 3925 omnia
1410 3881 1664 3941 procurat
1696 3891 1709 3923 :
1747 3880 1801 3928 et
1843 3877 2103 3931 emundat

530 3977 644 4025 cor,
676 3961 730 4014 in
760 3977 868 4031 quo
902 3970 1180 4030 spectatur
1213 3961 1355 4017 Deus
1382 3979 1411 4017 a
1446 3963 1718 4020 ﬁdelibus.

601 4055 689 4108 65.
732 4053 1065 4111 Humilitatis
1106 4056 1334 4121 bonum,
1372 4072 1496 4111 cum
1545 4058 1741 4112 habeat
1792 4059 1900 4113 vim
1952 4061 2101 4115 exal-

533 4146 681 4200 tandi
726 4155 923 4202 natura
972 4164 1092 4213 sua,
1139 4148 1359 4218 Deoque
1410 4149 1482 4205 sit
1528 4152 1917 4223 gratissimum,
1958 4154 2103 4225 quod

531 4238 697 4292 etiam
740 4239 922 4293 omnia
965 4240 1357 4310 propemodum
1389 4240 1539 4305 vitia,
1573 4250 1628 4296 et
1666 4258 1787 4312 qua:
1833 4241 1942 4297 Deo
1976 4251 2104 4298 sunt

530 4330 748 4397 odiosa,
794 4332 849 4386 in
901 4332 1061 4387 nobis
1109 4334 1386 4400 absumat,
1435 4343 1725 4404 propterea
1777 4352 1887 4390 non
1945 4336 2103 4391 facile

530 4426 834 4501 comparari
871 4425 1027 4479 solet.
1066 4425 1255 4495 Itaque
1292 4426 1345 4480 in
1392 4442 1503 4481 uno
1530 4429 1831 4499 eodemque
1858 4431 2097 4496 homine,

530 4530 640 4570 non
668 4515 883 4570 diﬂicile
908 4524 991 4570 est
1020 4516 1259 4584 reperire
1288 4518 1644 4586 particulares
1667 4521 1927 4589 quasdam
1958 4521 2099 4576 mul-

532 4613 709 4659 tarum
759 4605 988 4659 aliarum
1036 4604 1298 4659 virtutum
1339 4607 1630 4663 actiones:
1674 4609 1729 4662 in
1774 4625 1841 4665 eo
1884 4624 2012 4665 vero
2056 4611 2100 4666 si

528 4712 741 4763 quaeras
762 4696 1156 4753 humiliationis
1176 4698 1483 4763 odoratum,
1502 4699 1589 4755 vix
1616 4702 1877 4770 reperies.
1907 4700 2103 4768 Quam-

530 4789 718 4843 obrem
760 4790 1117 4859 temperantia
1165 4805 1275 4843 non
1320 4790 1532 4845 modica
1568 4806 1707 4861 opus
1746 4800 1852 4857 est,
1888 4792 1955 4847 ad
2001 4793 2103 4850 hoc

530 4878 735 4934 bonum
766 4882 1233 4951 consequendum.
1273 4882 1489 4936 Etenim
1524 4883 1609 4937 vel
1637 4882 1912 4939 diabolum
1950 4883 2100 4940 Scri-

534 4980 692 5041 ptura
745 4972 879 5027 dicit
926 4973 1304 5037 immundum,
1351 4974 1607 5044 quoniam
1669 4975 1738 5029 ab
1792 4975 1948 5030 initio
2000 4977 2102 5030 hoc

532 5062 711 5132 ipsum
763 5063 1085 5119 humilitatis
1130 5065 1338 5119 bonum
1401 5067 1628 5136 repulit,
1684 5078 1741 5123 et
1792 5070 2101 5139 superbiam

532 5150 805 5207 adamavit
830 5170 842 5206 :
865 5162 1150 5223 propterea
1179 5154 1562 5214 denominatur
1592 5158 1646 5212 in
1670 5159 1924 5213 universa
1953 5158 2103 5213 Seri-

532 5250 691 5312 ptura
718 5241 941 5312 spiritus
968 5243 1301 5300 immundus.
1335 5247 1506 5312 Quam
1532 5247 1680 5301 enim
1703 5247 2101 5303 immunditiam

531 5347 849 5402 corpoream
900 5344 1215 5405 perpetrare
1256 5348 1442 5407 queat,
1474 5338 1546 5401 id,
1586 5339 1731 5407 quod
1774 5343 2018 5409 corporis
2051 5353 2107 5397 et

532 5424 714 5481 carnis
741 5435 824 5481 est
853 5426 1071 5496 penitus
1099 5444 1310 5499 expers,
1344 5445 1445 5484 nec
1484 5430 1592 5485 ullo
1636 5430 1756 5483 loco
1794 5431 1958 5485 situm
1997 5440 2101 5497 est,

532 5522 589 5569 et
615 5516 877 5588 sanguine
901 5525 1070 5581 caret,
1102 5518 1278 5588 qualis
1306 5520 1460 5573 initio
1490 5526 1545 5573 et
1573 5534 1720 5573 nunc
1744 5528 1827 5573 est
1852 5517 2101 5585 Satanas,

535 5614 597 5660 ut
632 5620 699 5660 ex
729 5606 815 5662 his
843 5607 1053 5663 dicatur
1093 5610 1441 5665 immundus?
1468 5608 1821 5678 Perspicuum
1858 5618 1943 5664 est
1976 5626 2103 5665 eum

602 5781 691 5835 ’³1
722 5783 918 5839 Thess.
945 5802 1055 5851 Ltu,
1096 5787 1176 5840 l7.
1256 5786 1475 5839 7".loau.
1512 5802 1597 5847 xv,
1641 5784 1690 5837 ὃ.
1771 5787 1812 5817 ⁷⁸
1849 5785 1979 5840 ibid.
2015 5788 2068 5841 6.

2205 3326 2375 3395 ὄνομα
2435 3326 2641 3397 Κυρίου
2699 3324 2794 3379 τοῦ
2844 3322 2981 3378 Θεοῦ
3041 3338 3171 3375 σου·
3207 3321 3303 3375 καὶ
3350 3322 3379 3373 6
3444 3319 3776 3381 Ἀπόστολος,

2218 3416 2643 3482 Ἀδιαλειπτως
2671 3416 3112 3485 προσεύχεσθε.
3141 3413 3253 3467 Καὶ
3281 3414 3311 3465 6
3368 3411 3573 3481 Κύριος
3632 3410 3779 3481 ἡμῶν

2206 3525 2395 3581 φησιν,
2435 3511 2517 3563 Οὐ
2550 3508 2817 3564 δύνασθε
2851 3506 3035 3577 χωρίς
3066 3505 3214 3574 ἐμοῦ
3242 3503 3439 3560 ποιεῖν
3472 3502 3657 3557 οὐδέν
3678 3520 3691 3533 ·
3728 3503 3777 3552 '0

2201 3602 2401 3671 μένων
2423 3600 2493 3654 ἐν
2508 3601 2658 3671 ἐμοὶ,
2677 3600 2839 3669 κάγὼ
2857 3600 2927 3654 ἐν
2951 3597 3132 3664 αὐτῷ,
3164 3592 3343 3664 οὗτος
3370 3597 3537 3665 φέρει
3560 3594 3780 3663 καρπὸν

2206 3693 2424 3747 πολύν.
2450 3692 2562 3746 Καὶ
2599 3690 2786 3755 πάλιν,
2827 3688 2965 3743 Ἐὰν
2985 3687 3071 3758 μὴ
3092 3688 3272 3758 μείνῃ
3303 3688 3376 3740 ἐν
3393 3684 3546 3754 ἐμοὶ,
3579 3685 3779 3749 ἐκϐλη-

2205 3782 2281 3853 θῇ
2314 3783 2431 3848 ἐξω
2466 3784 2547 3849 ὠς
2582 3782 2648 3837 τὸ
2675 3781 2900 3852 κλῆμα.
2925 3780 3083 3848 Μέγα
3108 3778 3312 3848 ἀγαθὸν
3339 3777 3499 3846 εὐχὴ,
3536 3776 3629 3831 καὶ
3654 3776 3779 3843 ἀγα-

2204 3873 2296 3926 θὸν
2351 3872 2571 3925 πάντων
2626 3870 2983 3942 παρεκτικδν,
3016 3867 3246 3940 καρδίαν
3288 3867 3581 3937 καθαῖρον,
3616 3865 3673 3917 ἐν
3700 3858 3778 3937 ᾗό

2204 3963 2335 4025 Θεὸς
2359 3964 2654 4018 ὀπτάνεται
2683 3964 2795 4026 τοῖς
2826 3962 3062 4024 πιστοῖς.

2277 4056 2377 4125 ξγθ.
2411 4056 2486 4109 Τὸ
2512 4055 2613 4126 τῆς
2643 4053 3031 4118 ταπεινώσεως
3059 4053 3273 4124 χρῆμα,
3311 4047 3498 4120 ἐπειδὴ
3533 4046 3777 4116 ὑψοποιδν

2206 4151 2451 4219 πέφυκεν
2474 4143 2640 4209 εἶναι,
2664 4147 2759 4201 καὶ
2783 4145 2903 4216 Θεῷ
2928 4143 3316 4215 ἀγαπώμενον,
3340 4141 3437 4195 καὶ
3456 4137 3777 4195 ἀναλωτικὸν

2207 4240 2393 4309 σχεδὸν
2420 4240 2643 4294 πάντων
2672 4238 2782 4293 τῶν
2817 4241 2877 4292 ὲν
2909 4240 3043 4310 ἡμῖν
3087 4237 3275 4293 κακῶν
3305 4236 3407 4291 καὶ
3438 4233 3775 4307 μισουμένων

2205 4332 2345 4403 Θεῷ,
2380 4332 2742 4404 δυσπόριστον
2795 4330 2883 4385 διά
2937 4330 3113 4385 ταῦτα
3171 4332 3417 4399 πέφυκεν
3463 4325 3643 4381 εἶναι’
3693 4325 3778 4379 καὶ

2208 4426 2407 4496 ῥᾳδίως
2457 4426 2523 4479 ἂν
2572 4427 2632 4480 ὲν
2667 4422 2945 4495 ἀνθρώπῳ
2990 4423 3073 4477 ἑνὶ
3107 4421 3322 4476 πολλῶν
3369 4418 3587 4491 ἀρετῶν
3614 4416 3779 4473 ἀλλων

2206 4517 2473 4587 ἐργασίας
2502 4516 2655 4580 τινάς
2681 4516 2938 4587 μερικάς,
2963 4514 3208 4586 ζητήσας
3241 4514 3298 4568 δὲ
3338 4514 3397 4566 ὲν
3427 4511 3581 4581 αὑτῷ
3609 4509 3777 4581 ὀσμὴν

2206 4606 2592 4671 ταπεινώσεως
2619 4607 2771 4678 μόλις
2788 4606 3070 4676 εὑρήσεις.
3097 4606 3196 4660 Διά
3218 4608 3378 4659 τοῦτο
3404 4603 3569 4674 χρεία
3590 4600 3777 4669 πολλῆς

2208 4698 2442 4767 νήψεως,
2473 4696 2612 4751 ῶστε
2664 4697 2971 4767 κτήσασθαι
3010 4696 3172 4751 τοῦτο
3199 4696 3261 4749 τὸ
3290 4695 3505 4770 χρῆμα.
3543 4694 3655 4747 Καὶ
3681 4692 3778 4760 γὰρ

2209 4787 2525 4858 ἀκάθαρτον
2567 4788 2659 4841 καὶ
2691 4788 2781 4841 τὸν
2828 4786 3075 4841 διάϐολον
3105 4787 3253 4855 λέγει
3298 4787 3333 4856 ἡ
3362 4782 3579 4856 Γραφὴ,
3605 4781 3777 4849 ἐπειδὴ

2207 4879 2365 4933 τοῦτο
2391 4878 2625 4950 ὲξαρχῆς
2655 4878 2718 4932 τὸ
2754 4879 2963 4948 ἀγαθὸν
2989 4878 3091 4948 τῆς
3123 4876 3635 4948 ταπεινοφροσύνης
3657 4876 3776 4944 χρῆ·

2212 4987 2289 5041 μα
2307 4967 2589 5021 ἀπώσατω
2623 4969 2717 5021 καὶ
2742 4970 2841 5037 τὴν
2863 4966 3248 5037 ὑπερηφανίαν
3280 4966 3564 5035 ἠγάπησε·
3589 4961 3669 5015 διὸ
3698 4964 3779 5012 καὶ

2209 5061 2521 5131 ἀκάθαρτον
2552 5060 2771 5130 πνεῦμα
2817 5064 2876 5113 ἐν
2927 5060 3135 5120 πάσαις
3180 5059 3300 5121 ταῖς
3342 5058 3592 5127 Γραφαῖς
3626 5067 3780 5126 προσ·

2210 5155 2558 5226 αγοριύεται.
2622 5153 2780 5207 Ἐπεὶ
2841 5152 3004 5207 ποίαν
3056 5148 3403 5223 ἀκαθαρσίαν
3472 5143 3780 5217 σωματικὴν

2211 5247 2436 5301 δύναται
2468 5246 2815 5317 ἐργάσασθαι
2846 5246 2906 5300 τὸ
2934 5242 3230 5314 ἀσώματον
3266 5240 3470 5311 πάντη,
3501 5239 3600 5292 καὶ
3626 5237 3782 5303 ἀσαρ-

2211 5340 2304 5393 κόν
2327 5356 2387 5391 τε
2408 5381 2424 5406 ,
2450 5339 2544 5392 καὶ
2588 5338 2845 5403 ἄστατον,
2896 5336 2993 5389 καὶ
3016 5334 3273 5405 ἀναιμον,
3310 5326 3421 5394 οἷος
3457 5330 3703 5399 ὑπῆρχεν
3731 5320 3782 5386 ἐξ

2211 5431 2384 5501 ἀρχῆς
2412 5431 2507 5483 καὶ
2534 5429 2631 5482 νῦν
2663 5431 2692 5483 6
2713 5429 2982 5495 Σατανᾶς,
3014 5426 3102 5480 ίνα
3122 5424 3440 5494 ἀκάθαρτος
3460 5421 3569 5474 ἀπὸ
3588 5416 3781 5471 τούτων

2210 5522 2436 5592 λέγηται
2463 5541 2477 5589 ;
2506 5521 2744 5592 Εὔδηλον
2772 5521 2853 5575 ὅτι
2888 5520 2976 5573 διὰ
3017 5518 3117 5588 τὴν
3173 5513 3559 5588 ὑπερηφανίαν
3588 5508 3780 5579 ἐκλήθη

2211 5614 2539 5685 ἀκάθαρτος,
2574 5613 2670 5668 καὶ
2717 5615 2780 5667 ὲκ
2819 5609 3063 5681 καθαροῦ
3108 5610 3200 5663 καὶ
3250 5602 3519 5679 φωτεινοῦ
3558 5599 3779 5670 ἀγγέλου
