4040 6412
234 376 368 439 1501

944 392 1043 451 DE
1081 394 1631 461 TEMPERANTIA
1667 401 1842 468 ΕΤΝ

1943 404 2153 464 [ἹΠἚο
2189 429 2261 441 -η
2302 399 2697 463 CENTURIA
2734 399 2783 458 I.

3366 394 3503 460 1562

231 499 464 571 βέϐηλος
512 501 608 557 καὶ
640 503 952 577 ἀκάθαρτος
993 508 1303 581 ἀπεφάνθη,
1355 515 1449 567 καὶ
1504 514 1819 590 ἀκάθαρτος

1943 519 2193 588 υρετὺῑω
2223 534 2385 573 causa
2413 516 2744 587 appellatum
2779 528 2900 569 esse
2934 512 3275 567 immundum
3302 532 3317 568 ι
3348 523 3404 567 et
3436 530 3501 568 ex

231 592 387 663 παρὰ
414 593 604 666 Κυρίῳ
631 598 737 657 πᾶς
778 596 1195 670 ὑψηλοκάρδιοςο
1229 605 1422 677 πρώτη
1465 607 1598 679 γὰρ,
1625 610 1815 679 φησὶν,

233 684 481 756 ἁμαρτία
531 688 564 757 ἡ
614 689 1030 761 ύπερηφάνεια·
1067 692 1213 748 οὕτω
1240 696 1347 767 γάρ
1383 698 1477 751 καὶ
1531 699 1560 750 6
1603 699 1817 770 ὑπερή-

234 794 404 843 φανος
447 780 649 851 Φαραὼ
704 782 857 851 ἔλεγε
884 800 898 814 ·
943 785 1055 838 Τὸν
1112 788 1262 842 Θεόν
1287 805 1425 856 σου,
1481 792 1667 862 φησὶν,
1707 794 1820 846 οὐκ

234 866 393 937 οἴδα,
424 872 527 926 καὶ
558 873 667 927 τὸν
709 876 950 945 Ἰσραὴλ
980 879 1092 932 οὐκ
1114 879 1524 945 ἐξαποστελῶ.

315 1141 409 1209 ξδ’.
452 1143 573 1197 Εἰσὶ
602 1142 658 1197 δέ
687 1143 861 1198 πολλά
888 1145 997 1200 τῶν
1022 1145 1117 1200 τοῦ
1153 1146 1248 1201 νοῦ
1292 1148 1717 1219 ἐνεργημάτων,
1753 1153 1826 1207 τὰ

238 1232 517 1304 δυνάμενα
539 1236 673 1306 ἡμῖν
694 1237 755 1290 τὸ
777 1237 980 1306 ἀγαθὸν
999 1237 1173 1310 δῶρον
1194 1240 1294 1310 τῆς
1314 1244 1824 1314 ταπεινοφροσύνης

242 1326 676 1399 περιποιεῖσθαι,
708 1329 868 1401 είπερ
924 1331 1001 1401 μὴ
1041 1332 1357 1404 ἀμελοῦμεν
1393 1334 1495 1405 τῆς
1546 1338 1825 1409 σωτηρίας

242 1418 422 1489 ἡμῶν,
448 1421 695 1474 τουτέστι
721 1422 914 1494 μνήμη
937 1423 1160 1497 ἁμαρτη
1172 1426 1380 1496 μάτων,
1413 1429 1471 1482 ἐν
1502 1428 1705 1499 λόγοις.
1730 1432 1826 1485 καὶ

242 1510 451 1583 ἔργοις,
484 1512 580 1567 καὶ
611 1513 840 1587 διανοίᾳ,
871 1516 965 1570 καὶ
991 1517 1159 1587 ἕτερα
1181 1517 1414 1575 πλεῖστα
1445 1522 1526 1584 είς
1561 1538 1825 1576 ταπεινο-

243 1603 526 1676 φροσύνην
567 1607 700 1677 ἡμῖν
761 1609 1167 1680 συμϐάλλονται
1207 1614 1275 1683 τῇ
1312 1611 1516 1686 θεωρίᾳ
1564 1615 1828 1684 ἀναλεγό-

246 1713 409 1765 μενα.
458 1698 713 1768 Ἐμποιετ
754 1699 812 1753 δὲ
854 1701 952 1754 καὶ
1004 1701 1346 1756 ταπείνωσιν
1390 1704 1590 1775 ἀληθῆ,
1618 1707 1716 1761 καὶ
1744 1707 1825 1773 τὸ,

245 1790 340 1843 ἵνα
372 1808 459 1854 τις
481 1791 591 1847 τῶν
615 1794 790 1858 πέλας
823 1793 892 1848 τὰ
919 1794 1332 1867 κατορθώματα
1356 1798 1478 1851 καθ’
1505 1799 1743 1867 ἑκάστην
1768 1802 1827 1854 ἐν

244 1879 330 1947 οἷς
350 1886 736 1958 περιστρέφει,
759 1888 852 1942 καὶ
881 1888 1047 1961 ἕτερα
1071 1890 1283 1944 ἑαυτῶν
1301 1893 1504 1961 φυσικά
1526 1894 1618 1945 καὶ
1639 1893 1829 1947 πλεον-
1860 1868 1904 1923 Β

244 1977 543 2048 εκτήματα
603 1978 662 2031 ἐν
724 1978 905 2051 ἑαυτῷ
960 1980 1297 2051 μεγαλύνει,
1341 1983 1435 2036 καὶ
1482 1981 1831 2049 συνεξετάζει

245 2072 361 2129 τοῖς
383 2069 580 2125 ἑαυτοῦ
601 2070 670 2125 τά
697 2073 950 2128 ἐκείνων.
984 2075 1097 2129 Kal
1125 2074 1269 2130 οὕτω
1296 2075 1513 2146 βλέπων
1540 2078 1568 2130 6
1588 2078 1714 2140 νοῦς
1731 2076 1832 2149 τὴν

246 2162 447 2218 ἑαυτοῦ
502 2164 803 2231 εὐτέλειαν,
832 2168 925 2221 καὶ
974 2168 1144 2221 πόσον
1178 2168 1540 2223 ἀπολείπεται
1576 2170 1675 2239 τῆς
1721 2169 1833 2223 τῶν

247 2254 500 2325 ἀδελφῶν
549 2257 915 2330 τελειότητος,
954 2259 1062 2330 γῆν
1106 2260 1202 2313 καὶ
1247 2261 1448 2315 σποδὸν
1476 2264 1504 2314 6
1542 2261 1834 2334 ἄνθρωπος

250 2349 450 2403 ἐαυτὸν
498 2349 804 2419 λογίζεται,
835 2353 935 2406 καὶ
991 2354 1092 2407 οὐκ
1140 2354 1463 2425 ἄνθρωπον,
1499 2354 1639 2411 ἀλλά
1694 2355 1835 2409 κύνα

246 2438 494 2504 τινά,ὠς
530 2440 751 2495 πάντων
791 2443 887 2497 ἐπὶ
937 2444 1044 2513 γῆς
1097 2443 1335 2513 λογικῶν
1387 2445 1698 2518 ἀνθρώπων
1754 2449 1838 2510 εἰς

250 2530 435 2586 πάντα
462 2532 792 2606 ὑστεροῦντα
820 2536 917 2590 καὶ
947 2535 1409 2609 ἀπολειπόμενον.

329 2799 424 2866 ξέ.
456 2801 596 2871 Φησὶ
650 2801 713 2856 τὸ
775 2801 871 2856 τοῦ
918 2804 1162 2875 Χριστοῦ
1219 2806 1687 2876 στόμα,ὀστύλος
1740 2808 1844 2877 τῆς

269 2893 620 2965 Ἐκκλησίας,
653 2897 682 2949 6
718 2895 891 2966 μέγας
926 2896 1109 2968 πατὴρ
1156 2896 1314 2968 ήμῶν
1343 2897 1652 2964 Βασίλειος,
1682 2898 1844 2968 Μέγα

256 2989 470 3057 ἀγαθὸν
503 2989 641 3061 πρὸς
688 2990 749 3044 τὺ
791 2991 866 3063 μὴ
910 2992 1274 3065 ἁμαρτάνειν,
1309 2993 1444 3065 μηδὲ
1469 2997 1536 3065 τῇ
1571 2994 1841 3066 ἐρχομένῃ

258 3082 449 3156 ἡμέρᾳ
495 3085 610 3147 τοῖς
660 3083 846 3148 αὐτοῖς
891 3084 1271 3154 περιπίπτειν,
1294 3085 1355 3139 τό
1397 3085 1538 3156 μετὰ
1574 3084 1675 3156 τὴν
1704 3086 1845 3139 ἀπο·-

1921 625 2060 679 puro
2091 618 2147 665 et
2175 609 2356 665 lucido
2392 609 2585 680 angelo
2616 606 2931 677 inquinatus
2959 614 3014 659 ct
3042 604 3291 675 impurus
3319 605 3502 659 decla-

1921 710 2075 756 ratus
2110 711 2215 758 est.
2256 701 2400 768 Quin
2441 701 2604 755 etiam
2652 699 2796 770 apud
2839 698 3151 763 Dominum,
3192 697 3502 767 quicunque

1923 796 2161 866 superbo
2209 804 2295 850 est
2344 793 2543 858 corde,
2590 791 2907 847 immundus
2959 789 3208 845 habetur.
3261 789 3501 843 Primum

1922 890 2069 944 enim
2097 896 2402 958 peccatum,
2431 885 2627 955 inquit,
2656 893 2737 939 est
2767 883 3042 952 superbia.
3071 882 3138 936 Et
3160 882 3306 936 hunc
3337 883 3501 936 etiam

1924 978 1980 1033 in
2021 980 2241 1034 modum
2284 977 2553 1046 superbus
2586 975 2797 1030 Pharao
2828 974 3045 1029 dicebat
3077 992 3090 1026 τ
3123 973 3290 1027 Deum
3331 981 3500 1038 tuum,

1925 1069 2121 1138 inquit,
2158 1085 2261 1121 non
2294 1068 2433 1131 novi,
2458 1076 2506 1120 et
2532 1062 2706 1118 Israel
2736 1079 2837 1116 non
2867 1062 3130 1116 dimittam
3151 1060 3217 1113 ⁷⁸.

1996 1162 2086 1216 64.
2129 1161 2265 1216 Sunt
2305 1170 2487 1215 autem
2532 1155 2816 1229 permultae
2851 1153 3052 1208 mentis
3079 1152 3343 1212 actiones,
3383 1165 3505 1219 qua:

1926 1268 2027 1308 nos
2060 1253 2251 1322 juvare
2290 1260 2524 1323 possunt
2567 1249 2634 1304 ad
2676 1246 3066 1303 vindicandum
3113 1244 3243 1299 illud
3283 1245 3505 1314 praecla-

1925 1359 2048 1399 rum
2095 1343 2418 1398 humilitatis
2465 1343 2692 1404 donum,
2738 1339 2903 1394 modo
2953 1336 3169 1392 solliciti
3217 1337 3388 1391 simus
3437 1336 3506 1389 de

1927 1437 2101 1492 salute
2150 1444 2387 1491 nostra:
2429 1434 2583 1489 verbi
2634 1434 2842 1505 gratia,
2892 1429 3196 1486 recordatio
3254 1438 3507 1499 peccato-

1928 1546 2072 1590 rum.
2104 1544 2226 1599 quae
2257 1529 2463 1592 verbis,
2503 1528 2782 1598 operibus,
2820 1534 2877 1581 et
2914 1524 3245 1596 cogitatione
3285 1533 3508 1579 contra-

1929 1622 2159 1676 bimus:
2197 1628 2253 1675 et
2304 1620 2409 1675 alia
2461 1619 2728 1688 plurima,
2777 1632 2898 1686 qua:
2949 1616 3279 1685 speculando
3333 1614 3508 1684 colligi

1928 1722 2177 1784 possunt,
2210 1711 2464 1782 perutilia
2500 1718 2629 1765 sunt
2668 1708 2830 1763 nobis
2859 1708 2924 1762 ad
2958 1708 3339 1784 humilitatem.
3368 1705 3509 1761 Nec-

1930 1819 2040 1858 non
2073 1803 2204 1858 illud
2231 1818 2419 1857 veram
2456 1801 2821 1855 humilitatem
2849 1798 3013 1869 parit,
3042 1797 3085 1853 si
3115 1799 3236 1868 quis
3271 1780 3358 1851 res
3390 1813 3511 1867 quae

1932 1898 2177 1969 quotidie
2208 1910 2469 1968 prospere
2505 1904 2788 1968 geruntur,
2825 1910 2854 1948 a
2891 1894 3173 1964 proximis,
3209 1894 3349 1947 inter
3376 1906 3513 1961 quos

1934 1998 2204 2056 versatur,
2241 1999 2297 2044 et
2344 1989 2446 2043 alia
2486 2003 2607 2058 qua;
2647 1997 2841 2041 natura
2886 1985 3198 2056 suppeditat
3239 1985 3338 2047 eis,
3384 1998 3512 2052 pos—

1934 2083 2206 2138 sessiones
2238 2080 2391 2144 item,
2424 2079 2567 2148 apud
2602 2078 2843 2148 scipsum
2883 2075 3230 2146 niaguifaciat
3258 2092 3271 2129 :
3301 2089 3515 2128 rerum-

1934 2188 2041 2243 que
2074 2171 2142 2226 ad
2175 2185 2271 2226 eos
2302 2168 2699 2240 pertinentium
2729 2181 2854 2226 cum
2889 2167 3005 2221 suis
3033 2165 3322 2220 collatione
3353 2164 3513 2230 facta,

1936 2265 2010 2321 ita
2051 2264 2457 2334 contempletur
2494 2261 2678 2317 animo
2716 2275 2870 2314 suam
2914 2259 3232 2325 exilitatem,
3264 2267 3320 2312 et
3354 2273 3515 2326 quam

1936 2357 2095 2427 longe
2127 2355 2271 2411 absit
2302 2354 2371 2409 ab
2404 2368 2592 2409 eorum
2634 2350 2990 2422 perfectione,
3024 2359 3221 2404 terram
3263 2364 3327 2402 ac
3363 2348 3517 2402 cine-

1937 2464 2053 2503 rem
2096 2448 2341 2517 seipsum
2380 2444 2675 2509 existimet,
2711 2451 2767 2497 et
2806 2457 2919 2497 non
2964 2439 3262 2503 hominem,
3292 2438 3384 2493 sed
3427 2454 3521 2492 ca-

1938 2556 2064 2596 nem
2104 2539 2393 2610 quemdam
2422 2579 2437 2604 ,
2494 2536 2641 2591 velut
2668 2543 2988 2591 cunctorum
3027 2532 3203 2603 quiin
3238 2539 3382 2585 terra
3422 2530 3522 2586 de.-

1942 2642 2077 2702 gunt
2120 2631 2403 2685 hominum
2450 2627 2800 2682 rationalium
2850 2624 2902 2679 in
2948 2623 3097 2679 omni
3153 2637 3353 2693 genere
3395 2621 3522 2676 inti-

1942 2737 2092 2776 mum
2123 2731 2178 2777 et
2212 2730 2570 2793 postremum.
2892 2766 2895 2769 .

2013 2816 2101 2871 65.
2136 2814 2210 2868 Os
2250 2814 2472 2876 Christi,
2509 2813 2762 2867 columna
2804 2810 3079 2873 Ecclesiae,
3113 2824 3343 2880 magnus
3371 2815 3527 2878 pater
3570 2826 3577 2835 λ

1944 2916 2135 2962 noster
2189 2906 2424 2961 Basilius
2480 2906 2575 2971 ait,
2616 2904 2773 2960 valde
2829 2902 3077 2959 conferre
3124 2901 3192 2955 ad
3244 2900 3525 2955 vitandum

1945 3010 2251 3069 peccatum,
2284 3006 2341 3053 et
2372 3007 2433 3053 ut
2471 3005 2689 3068 postera
2726 2997 2813 3052 die
2846 2995 2899 3050 in
2930 2995 3120 3051 eadem
3149 2993 3376 3050 crimina
3415 3008 3527 3047 non

1945 3089 2271 3152 dilabamur,
2302 3089 2348 3145 si
2388 3099 2610 3159 peracto
2647 3104 2864 3160 quoque
2893 3087 2979 3143 die
3009 3102 3110 3143 nos
3134 3085 3285 3157 ipsos
3311 3092 3529 3139 nostra-

258 3174 549 3245 πλήρωσιν
593 3175 693 3247 τῆς
731 3176 952 3247 ἡμέρας
999 3178 1321 3249 ἀνακρίνειν
1359 3179 1418 3231 ἐν
1464 3176 1544 3247 τῷ
1576 3176 1842 3231 συνειδότι

1947 3197 2053 3253 que
2081 3181 2455 3238 examinemus
2486 3182 2542 3237 in
2577 3181 2912 3237 conscientia
2944 3190 3129 3235 nostra
3170 3197 3185 3231 :
3221 3178 3351 3247 quid
3388 3177 3531 3232 deli-

260 3267 444 3339 ἡμῶν,
474 3269 621 3339 ἡμᾶς
649 3270 878 3334 ἑαυτοὺς
904 3272 974 3324 τά
1002 3271 1125 3325 καθ’
1154 3272 1326 3342 ἡμᾶς,
1350 3270 1404 3324 τί
1437 3268 1844 3341 πεπλημμελη-

262 3376 467 3431 καμεν,
494 3360 548 3414 τί
581 3361 639 3415 δέ
678 3361 1283 3435 ἐδικαιοπραγήσαμεν.
1310 3363 1485 3417 Τοῦτο
1518 3363 1617 3417 καὶ
1651 3364 1680 3417 6
1726 3361 1846 3416 ’1ὼὸ

264 3451 469 3517 ἐποίει,
511 3451 640 3524 περί
667 3469 730 3505 τε
785 3452 953 3507 αὑτοῦ
983 3454 1081 3507 καὶ
1109 3454 1221 3509 τῶν
1269 3453 1480 3508 τέκνων
1515 3452 1686 3507 αὐτοῦ
1713 3469 1727 3485 ο
1775 3452 1847 3506 τὰ

264 3545 378 3615 γὰρ
431 3544 551 3598 καθ’
580 3544 822 3616 ἑκάστην
884 3545 1178 3615 λογοθέσια
1228 3548 1290 3601 τὸ
1339 3545 1466 3601 καθ’
1500 3546 1655 3618 ὥραν
1686 3545 1849 3615 φωτίσ-

265 3635 443 3701 ζουσι.
470 3637 580 3691 Kal
636 3636 800 3692 πάλιν
846 3639 874 3692 6
930 3639 1095 3703 αὐτός
1137 3655 1294 3709 φησιο
1322 3639 1439 3692 Πᾶν
1481 3637 1685 3709 μέτρον
1721 3636 1847 3708 ἄρι-

268 3747 419 3784 στον.

341 3823 449 3888 ξς.
472 3822 582 3876 Kal
632 3822 795 3879 πάλιν
845 3823 1034 3894 ἔτερος
1062 3824 1170 3878 τῶν
1202 3823 1274 3878 τά
1338 3824 1462 3879 θεῖα
1503 3824 1687 3894 σοφῶν
1718 3824 1849 3895 ἔφη.

280 3914 454 3986 Ἀρχὴ
479 3909 862 3987 καρποφορίας
888 3915 1069 3982 ἄνθος,
1107 3916 1204 3970 καὶ
1227 3908 1371 3988 ἀρχὴ
1406 3916 1724 3988 πρακτικῆς
1755 3919 1852 3985 ἐγ-

268 4008 522 4080 κράτεια.
556 4006 767 4061 Οὐκοῦν
822 4008 1349 4080 ἐγκρατευσώμεθα,
1380 4009 1477 4063 καὶ
1531 4009 1716 4076 τοῦτο,
1754 4010 1853 4080 μέ-

267 4116 385 4170 τρῳ
408 4099 505 4152 καὶ
537 4097 786 4170 σταθμῷ,
819 4098 897 4163 ὡς
934 4101 984 4152 οἱ
1014 4100 1260 4169 Πατέρες
1303 4101 1686 4155 ἐκδιδάσκουσι
1714 4116 1728 4132 ο
1759 4101 1855 4155 καὶ

268 4190 373 4262 τὴν
401 4190 617 4263 ἡμέραν
644 4190 775 4261 ὅλην
810 4190 918 4245 τῶν
958 4189 1169 4245 δώδεκα
1203 4190 1364 4263 ὡρῶν
1406 4193 1466 4247 ἐν
1511 4195 1578 4265 τῇ
1623 4194 1856 4265 τηρήσει

268 4283 369 4338 τοῦ
405 4283 525 4347 νοὸς
573 4281 986 4354 παρερχώμεθα
1010 4298 1026 4316 ο
1073 4282 1219 4338 οὕτω
1259 4285 1372 4357 γὰρ
1422 4284 1731 4351 ποιοῦντες,
1754 4286 1857 4355 τὴν

272 4374 476 4431 κακίαν
534 4373 628 4447 βία
670 4374 782 4428 τινὶ
840 4374 1032 4429 σύέσαι
1089 4376 1187 4430 καὶ
1232 4376 1465 4447 μειῶσαι
1511 4377 1859 4447 δυνησόμεθα

278 4469 419 4540 μετά
442 4468 611 4535 Θεοῦ,
643 4468 767 4521 ἐπεὶ
798 4468 893 4521 καὶ
929 4467 1124 4540 βιαστή
1151 4471 1301 4522 ἐστιν
1332 4471 1364 4540 ή
1400 4469 1663 4540 ἐνάρετος
1705 4469 1859 4523 πολι-

272 4560 418 4629 τεία,
444 4560 512 4614 δι’
540 4556 609 4634 ἧς
635 4560 838 4615 δίδοται
866 4562 900 4632 ἡ
924 4560 1173 4633 βασιλεία
1198 4561 1305 4615 τῶν
1334 4561 1609 4633 οὐρανῶν.

349 4735 445 4801 ξς.
497 4736 647 4800 Ὀδδς
678 4737 775 4791 ἐπὶ⁸
795 4738 898 4809 τὴν
922 4738 1145 4805 γνῶσιν,
1178 4738 1421 4793 ἀπάθεια
1452 4740 1548 4794 καὶ
1582 4741 1857 4796 ταπείνω-

280 4845 386 4895 σις,
416 4823 497 4884 ῶν
519 4830 693 4901 χωρὶς
727 4830 904 4895 οὐδεὶς
934 4831 1123 4901 ὄψεται
1150 4831 1244 4887 τὸν
1272 4831 1505 4903 Κύριον.

348 5004 456 5076 ξη’.
495 5005 557 5061 Ὀ
590 5007 951 5071 ἀδιαλείπτως
977 5007 1111 5079 περὶ
1146 5009 1216 5063 τά
1251 5009 1400 5064 ἔνδον
1438 5011 1541 5075 τὰς
1568 5012 1859 5086 διατριϐὰς

276 5096 623 5167 ποιούμενος,
658 5101 945 5169 σωφρονεῖ.
984 5100 1060 5153 Οὐ
1087 5100 1251 5170 μόνον
1282 5101 1371 5168 δὲ,
1404 5101 1543 5159 ἀλλά
1585 5106 1680 5159 καὶ
1718 5105 1858 5160 θεω-

282 5188 388 5258 ρεῖ,
416 5188 511 5240 xal
541 5186 803 5255 θεολογεῖ,
832 5190 925 5242 xal
955 5189 1345 5261 προσεύχεται.
1379 5193 1491 5247 Kal
1522 5193 1682 5248 τοῦτό
1711 5197 1860 5253 ἐστιν

279 5279 308 5331 ὃ
334 5278 483 5348 λέγει
526 5280 556 5333 6
601 5279 956 5347 Ἀπόστολος,
987 5284 1292 5351 Πνεύματι
1332 5285 1730 5353 περιπατεῖτε,
1762 5289 1862 5343 καί

279 5368 604 5438 ἐπιθυμίαν
631 5370 864 5440 σαρκὸς
890 5373 962 5427 οὐ
983 5373 1071 5442 μὴ
1102 5375 1412 5444 τελέσητε.

355 5460 457 5526 ξθ’.
505 5461 567 5518 Ὀ
613 5462 713 5535 τὴν
764 5464 897 5518 -όδδν
948 5467 1045 5536 τὴν
1096 5469 1482 5542 πνευματικὴν
1513 5471 1724 5526 ὁδεύειν
1784 5474 1860 5546 μὴ

282 5555 671 5625 ἐπιστάμενος,
697 5556 805 5611 τῶν
856 5558 1123 5629 ἐμπαθῶν
1171 5561 1464 5634 νοημάτων
1515 5565 1575 5619 οὐ
1622 5570 1857 5622 ποιεῖται

286 5647 568 5717 φροντίδα,
601 5647 719 5702 ἀλλ’
751 5648 883 5721 ὅλην
933 5650 1033 5723 τὴν
1086 5652 1283 5725 σχολὴν
1340 5656 1473 5727 περ).
1526 5655 1626 5728 τὴν
1656 5660 1858 5732 ,σάρκα

358 5829 403 5863 ⁷⁸
428 5828 599 5887 Exod.
633 5848 684 5897 ν,
710 5831 765 5886 ξ’..
843 5832 885 5865 ⁷⁷
914 5831 1088 5888 Galat.
1115 5848 1170 5901 ν,
1203 5830 1290 5887 16.

1947 3274 2189 3345 quimus,
2220 3273 2419 3344 quidve
2448 3274 2579 3329 boni
2613 3273 2797 3344 Operis
2828 3273 3121 3328 edidimus.
3151 3270 3210 3326 Id
3239 3271 3401 3324 etiam
3428 3266 3532 3324 Job

1946 3366 2202 3431 faciebat,
2238 3374 2347 3420 tam
2381 3381 2477 3420 sua
2509 3380 2672 3435 quam
2724 3364 2958 3419 ﬁliorum
3001 3377 3183 3417 causa.
3218 3360 3349 3427 Quae
3383 3359 3531 3414 enim

1950 3454 2198 3526 quotidie
2234 3453 2449 3509 ratione
2483 3453 2884 3515 subducuntur,
2915 3451 3193 3506 declarant
3225 3447 3355 3519 quid
3397 3447 3528 3502 hora

1949 3563 2164 3619 quaque
2201 3554 2413 3619 gestum
2455 3545 2525 3602 sit.
2569 3560 2633 3600 ac
2675 3544 2993 3616 gerendum.
3024 3541 3260 3595 Rursum
3290 3539 3380 3594 ille
3414 3539 3530 3609 ipse

1950 3639 2184 3695 Basilius
2214 3637 2387 3694 dicit:
2419 3634 2638 3690 Modum
2669 3648 2885 3689 omnem
2916 3646 3037 3687 esse
3068 3630 3355 3701 optimum.

2022 3817 2111 3872 66.
2153 3816 2341 3871 Denuo
2382 3814 2524 3869 alius
2563 3828 2595 3869 e
2635 3810 2827 3883 peritis
2872 3824 3055 3865 rerum
3098 3805 3406 3863 divinarum
3445 3804 3534 3861 in-

1954 3908 2089 3978 quit,
2132 3906 2352 3961 Initium
2403 3903 2723 3969 fertilitatis,
2760 3909 2845 3956 est
2888 3901 2986 3954 llos
3031 3916 3045 3953 :
3098 3906 3151 3952 et
3205 3894 3533 3967 principium

1957 4015 2139 4054 rerum
2200 3998 2566 4070 agendarum,
2619 4003 2701 4051 est
2764 3989 3117 4048 continentia.
3177 3986 3535 4043 Continentes

1958 4093 2120 4164 igitur
2163 4091 2334 4147 simus
2367 4108 2380 4145 :
2411 4091 2574 4159 idque
2628 4102 2754 4142 cum
2802 4083 2966 4139 modo
3015 4089 3070 4136 et
3121 4087 3342 4143 statera,
3375 4076 3535 4132 sicuti

1959 4185 2149 4241 Patres
2180 4184 2376 4240 docent
2409 4200 2422 4237 :
2459 4190 2733 4249 totamque
2765 4176 2908 4231 diem
2946 4172 3235 4228 duodecim
3278 4171 3534 4225 horarum

1959 4279 2013 4334 in
2045 4276 2417 4333 conservando
2446 4274 2630 4328 animo
2659 4269 3048 4339 transigamus.
3078 4265 3158 4319 lla
3188 4262 3337 4317 enim
3369 4277 3538 4333 agen-

1962 4384 2063 4439 tes,
2099 4368 2419 4443 p0terimus.
2453 4367 2566 4421 Deo
2610 4370 2911 4433 praeeunte,
2961 4358 3015 4414 vi
3061 4357 3306 4426 quaedam
3356 4355 3537 4409 immi-

1960 4484 2131 4525 nuere
2163 4465 2354 4521 vitium
2381 4470 2431 4515 et
2458 4457 2822 4528 exstinguere.
2862 4452 3113 4533 Violenta
3147 4448 3415 4519 siquidem
3455 4457 3541 4503 est

1891 4558 1937 4614 D
1962 4556 2307 4617 conversatio
2354 4552 2651 4607 virtutibus
2715 4548 2898 4605 dedita
2939 4540 3066 4619 qua
3107 4560 3334 4617 regnum
3376 4543 3542 4598 coelo-

1964 4663 2085 4705 rum
2122 4647 2379 4702 donatur.

2036 4738 2123 4797 67.
2166 4736 2261 4790 Via
2303 4746 2423 4804 quae
2464 4729 2615 4784 ducit
2650 4727 2717 4783 ad
2756 4726 3148 4799 cognitionem,
3183 4730 3267 4778 est
3298 4720 3543 4777 vacuitas

1964 4830 2337 4891 all'ectionum,
2386 4832 2442 4879 et
2482 4821 2761 4889 humilitas
2793 4836 2808 4873 :
2848 4818 2964 4873 sine
2998 4817 3199 4888 quibus
3247 4830 3409 4870 nemo
3454 4815 3543 4871 vi-

1964 4922 2114 4979 debit
2145 4918 2457 4975 Dominum.

2033 5015 2123 5068 68.
2167 5010 2273 5078 Qui
2318 5007 2537 5063 assidue
2587 5004 2681 5060 dat
2725 5016 2949 5074 Operam
2998 4999 3164 5054 rebus
3204 4996 3457 5062 internis,
3498 4996 3544 5052 is

1965 5106 2203 5178 prudens
2228 5113 2331 5158 est.
2358 5100 2549 5169 Neque
2575 5113 2703 5152 vero
2736 5096 2789 5151 id
2820 5103 3031 5149 tantum
3060 5111 3073 5146 :
3102 5091 3197 5147 sed
3219 5099 3274 5145 et
3298 5099 3545 5145 contem-

1965 5196 2189 5271 plationi
2215 5205 2270 5250 et
2309 5192 2592 5263 theologia:
2625 5190 2810 5245 studet
2845 5196 2895 5243 et
2930 5184 3251 5257 precationi.
3287 5183 3545 5252 lstudque

1964 5300 2047 5346 est
2074 5289 2220 5358 quod
2257 5288 2335 5342 ait
2362 5285 2675 5356 Apostolus,
2708 5280 2911 5350 Spiritu
2941 5277 3233 5342 ambulate,
3261 5285 3310 5329 et
3338 5274 3545 5329 deside-

1967 5385 2049 5437 ria
2085 5382 2260 5435 carnis
2291 5396 2395 5434 non
2425 5377 2701 5449 perﬁcietia
2730 5374 2794 5431 ⁷⁷.

2039 5474 2126 5530 69.
2169 5472 2273 5540 Qui
2326 5472 2464 5526 viam
2519 5468 2813 5539 spiritalem
2861 5464 3133 5519 conﬁcere
3181 5457 3386 5523 nescit,
3430 5470 3543 5511 non

1967 5575 2121 5623 curat
2169 5564 2523 5635 cogitationes
2556 5559 2839 5615 aﬂ'cctibus
2881 5555 3112 5615 deditas,
3148 5550 3241 5606 sed
3294 5558 3436 5604 totus
3473 5548 3543 5601 de

1966 5675 2129 5716 carne
2161 5657 2427 5714 sollicitus
2457 5662 2541 5709 cst
2574 5662 2668 5709 :ct
2708 5658 2801 5704 aut
2831 5646 3140 5717 crapulatur
3178 5650 3236 5697 ct
3268 5640 3539 5707 intempe-
