4040 6434
594 384 735 453 1503
1786 396 2147 458 llESYCHII
2188 397 2663 458 PRESBYTERI
3702 407 3817 473 1504

594 501 825 554 rantiam
867 508 1108 565 exercet,
1146 506 1242 554 aut
1284 499 1500 572 angitur
1533 508 1590 556 et
1630 501 1962 574 indignatur,
1997 519 2061 560 ac
2089 505 2175 559 in-

2222 509 2251 564 \
2280 504 2415 575 ἔχει,
2438 508 2533 560 καὶ
2564 506 2597 574 ἢ
2623 510 3039 578 γαστριμαργεῖ
3062 508 3154 562 καὶ
3184 508 3817 575 ἀκολασταίνει,λυπείταί

590 593 766 662 jurias
800 591 856 645 in
896 591 1216 646 memoriam
1265 601 1503 659 revocat,
1544 593 1687 648 unde
1731 604 1971 650 mentem
2020 606 2175 651 tene-

2276 615 2336 651 τε
2371 599 2469 652 καὶ⁵
2499 598 2788 669 ὀργίζεται
2809 638 2823 663 ,
2858 600 2957 653 καὶ
3021 604 3362 671 μνησικακεῖ
3390 619 3405 636 ο
3460 604 3559 656 καὶ
3605 606 3819 663 ἐντεῦθεν

597 684 711 738 bris
746 684 929 739 obruit
960 702 973 737 :
1005 694 1099 739 aut
1141 683 1535 741 exercitatione
1577 683 1866 741 immodica
1896 687 2086 753 utitur,
2123 696 2179 743 et

2276 689 2370 742 τὸν
2398 689 2524 743 νοῦν
2556 690 2821 756 σκοτίζει,
2848 691 2881 761 ἢ
2924 691 3152 763 ἀμέτρῳ
3172 692 3407 763 ἀσκήσει
3437 692 3717 765 κέχρηται,
3747 703 3821 755 καὶ

599 775 849 845 inquinat
876 775 1145 831 animum.

2280 780 2427 835 θολοῖ
2454 780 2553 853 τὴν
2576 782 2839 838 διάνοιαν.

670 866 759 922 70.
802 867 905 934 Qui
960 869 1124 923 rebus
1177 867 1616 934 abrenuntiavit,
1683 867 1917 938 exempli
1982 868 2175 941 gratia,

2352 878 2414 926 0'.
2468 872 2525 926 '0
2552 873 2654 943 μὲν
2676 876 2794 937 τοῖς
2827 873 3153 946 πράγμασιν
3177 875 3619 947 ἀποταξάμενος,
3644 873 3742 931 οἷον
3773 886 3822 952 τῇ

600 958 782 1019 uxori,
828 957 1286 1026 possessionibus,
1319 965 1376 1013 et
1423 958 1667 1027 reliquis,
1713 957 2039 1012 exteriorem
2078 957 2181 1012 ho-

2280 965 2525 1032 γυναικὶ,
2552 966 2649 1019 καὶ
2690 968 2807 1029 τοῖς
2857 967 3134 1038 χρήμασι,
3170 969 3267 1021 καὶ
3306 972 3424 1033 τοῖς
3460 969 3613 1039 ἑξῆς,
3638 970 3719 1024 τὸν
3742 973 3824 1039 ἔξω

603 1048 807 1103 minem
838 1048 966 1105 fecit
1001 1050 1353 1115 monachum,
1384 1050 1627 1105 nondum
1657 1057 1838 1103 autem
1869 1057 1925 1103 et
1957 1047 2182 1103 interio-

2282 1056 2823 1130 ἄνθρωπον⁹ὲποίησε
2857 1061 3117 1130 μοναχὸν,
3141 1059 3296 1115 οὔπω
3324 1062 3381 1115 δὲ
3416 1062 3515 1114 καὶ
3540 1062 3629 1114 τὸν
3655 1062 3825 1131 ἄνθρωο

606 1157 742 1196 rem.
786 1142 888 1209 Qui
917 1158 1047 1198 vero
1086 1142 1509 1214 cogitationibus
1534 1143 1633 1197 ista
1668 1141 2054 1197 affectantibus
2095 1156 2184 1195 re-

2284 1167 2385 1204 πον
2414 1150 2507 1204 τὸν
2545 1149 2655 1204 ἔσω
2680 1164 2697 1180 °
2723 1151 2753 1203 6
2779 1151 2837 1205 δὲ
2866 1154 2982 1215 τοῖς
3030 1152 3237 1206 τούτων
3288 1152 3567 1224 ὲμπαθέσι
3606 1153 3823 1223 νοήμασι,

606 1232 899 1295 nuntiavit,
932 1233 1247 1288 interiorem
1282 1234 1583 1299 hominem,
1619 1233 1877 1287 nimirum
1916 1231 2180 1297 animum,

2282 1241 2375 1296 τὸν
2397 1242 2506 1297 ἔσω
2526 1243 2840 1315 ἄνθρωπον,
2869 1244 2898 1297 ὃ
2929 1245 3079 1299 ἐστιν
3101 1245 3130 1297 6
3159 1244 3307 1310 νοῦς.
3343 1246 3458 1299 Καὶ
3486 1244 3581 1297 τὸν
3624 1245 3716 1313 μὲν
3748 1247 3826 1311 ἔξω

606 1323 840 1378 reddidit
886 1326 1238 1379 monachum.
1278 1325 1345 1378 Et
1378 1326 1705 1381 exteriorem
1742 1325 1963 1394 quidem
2005 1323 2184 1379 homi-

2286 1334 2576 1406 ἄνθρωπον
2636 1336 2876 1399 εὐκόλως
2926 1353 3015 1399 τις
3055 1338 3206 1390 ποιεῖ
3262 1337 3529 1406 μοναχὸν,
3560 1337 3712 1407 μόνον
3757 1340 3826 1394 ἐὰν

607 1430 755 1478 nem,
797 1416 959 1471 modo
1012 1416 1197 1481 libeat,
1248 1416 1405 1473 facile
1452 1426 1630 1488 potest
1680 1416 1951 1486 quispiam
1991 1431 2185 1470 mona-

2289 1418 2512 1499 θελήσῃ,
2540 1427 2643 1483 οὐκ
2670 1427 2849 1497 ὀλίγος
2878 1428 2937 1483 δὲ
2959 1428 3110 1499 ἀγὼν
3139 1427 3232 1481 τὸν
3262 1426 3683 1501 ἐσωξᾶνθρωπον
3704 1430 3828 1499 mi,-

605 1507 772 1561 chum
810 1507 1065 1563 efficere:
1099 1509 1247 1579 atqui
1292 1524 1404 1564 non
1448 1518 1531 1564 est
1567 1508 1745 1580 exigui
1780 1508 1982 1580 operis,
2016 1509 2187 1563 inter-

1099 1509 1247 1579 atqui
1292 1524 1404 1564 non
1448 1518 1531 1564 est
1567 1508 1745 1580 exigui
1780 1508 1982 1580 operis,
2016 1509 2187 1563 inter—
2290 1535 2385 1573 σαι
2427 1520 2682 1590 μοναχόν,

604 1614 738 1653 num
765 1598 1042 1656 hominem
1072 1599 1253 1656 facere
1278 1603 1629 1657 monachum.

676 1683 767 1741 71.
816 1686 948 1754 Quis
1003 1706 1168 1760 porro
1209 1692 1577 1762 generationis
1613 1690 1800 1761 hujus,
1827 1690 1923 1762 qui
1974 1689 2187 1761 cogita-

2361 1706 2465 1754 oa'.
2506 1699 2607 1763 Τίς
2648 1699 2800 1753 ἐστιν
2845 1698 2955 1771 ἄρα
2982 1699 3041 1752 ὲν
3077 1701 3142 1770 τῇ
3180 1700 3347 1769 γενεᾷ
3378 1697 3563 1768 ταύτῃ
3601 1699 3629 1751 6
3662 1700 3830 1755 παντά-

608 1774 856 1835 tionibus
883 1780 1238 1837 all‘ectionum
1258 1784 1514 1838 studiosis
1539 1784 1697 1855 plane
1729 1784 2013 1849 liberatus,
2043 1799 2188 1853 pura:

2237 1850 2259 1861 ἱ
2292 1809 2457 1847 πασιν
2488 1790 2829 1858 ἀπαλλαγεὶς
2856 1789 3122 1861 ὲμπαθῶν
3150 1790 3476 1861 νοημάτων,
3512 1790 3611 1843 καὶ
3643 1790 3735 1859 τῆς
3758 1810 3832 1845 κα-

608 1883 710 1939 per
754 1873 940 1927 omnia
979 1873 1368 1943 defaecataeque
1402 1848 1673 1929 orati-onis
1712 1848 2187 1946 dignitatem—adi-

2238 1850 2261 1904 }
2290 1885 2464 1957 θαρᾶς
2493 1884 2585 1939 διὰ
2873 1848 2974 1937 καὶ
3023 1882 3195 1937 ἀΰλου
3238 1848 3615 1949 καταξιωθεὶς
3642 1848 3833 1954 προσευ-

611 1961 747 2031 pisci
805 1965 1059 2020 meruit?
1100 1968 1245 2037 quod
1296 1967 1514 2037 quidem
1578 1968 1792 2039 signum
1846 1977 1931 2023 est
1985 1964 2189 2021 interni

2022 1964 2189 2021 iterni
2289 1976 2413 2049 χῆς,
2448 1977 2589 2046 ὅπερ
2617 1975 2734 2029 ἐστὶ
2768 1977 2996 2047 σημεῖον
3020 1975 3118 2029 τοῦ
3151 1974 3303 2030 ἔνδον
3332 1973 3617 2045 μοναχῶς

614 2055 895 2111 monachi.

684 2146 770 2200 72.
790 2145 1122 2205 All'ectiones
1138 2164 1247 2204 non
1270 2164 1456 2219 pauca:
1476 2148 1645 2204 latent
1659 2150 1712 2203 in
1726 2148 1926 2203 animis
1947 2146 2152 2203 nostris
2170 2165 2184 2201 :

2362 2152 2462 2224 οβ’.
2500 2151 2683 2206 Πολλὰ
2724 2150 2873 2223 πάθη
2921 2153 2983 2206 ἑν
3029 2153 3151 2217 ταῖς
3178 2152 3383 2223 ψυχαῖς
3416 2151 3583 2222 ήμῶν
3612 2151 3835 2222 ὲγκέκρυ-

605 2230 735 2307 ἠυδε
779 2248 894 2295 tum
938 2241 1448 2312 deprehenduntur,
1482 2256 1607 2297 cum
1648 2242 1974 2298 emerserint
1999 2254 2189 2296 earum

2291 2263 2455 2300 πται·
2488 2245 2613 2300 τότε
2642 2245 2701 2299 δὲ
2728 2244 3075 2316 ἐλέγχονται,
3105 2244 3237 2298 ὅταν
3271 2244 3341 2298 τὰ
3372 2244 3533 2297 αἰτια
3558 2242 3832 2313 φαίνωνται.

610 2348 812 2388 031183.

694 2424 787 2481 75.
824 2424 904 2480 Ne
950 2425 1185 2483 colloces
1230 2442 1447 2482 omnem
1476 2442 1701 2498 operam
1739 2434 1890 2481 tuam
1928 2426 1984 2480 in
2026 2439 2192 2480 carne

2361 2430 2463 2492 ογ’.
2498 2424 2591 2495 Μὴ
2639 2423 2768 2494 ὅλην
2814 2422 2915 2494 τὴν
2967 2421 3167 2493 σχολὴν
3220 2422 3353 2493 περὶ
3386 2420 3491 2493 τὴν
3543 2424 3713 2493 σάρκα
3746 2422 3832 2493 ἔχε,

609 2518 850 2568 curanda
876 2533 891 2569 :
921 2514 1016 2569 sed
1052 2524 1193 2570 stato
1228 2523 1475 2585 tempore
1506 2530 1608 2585 pro
1637 2513 1847 2569 viribus
1877 2527 1998 2568 eam
2033 2526 2190 2565 exer-

2292 2516 2411 2572 ἀλλ’
2441 2517 2566 2570 ὅσον
2600 2515 2773 2586 αὐτὴν
2821 2514 2964 2569 κατὰ
3011 2515 3249 2585 δύναμιν
3299 2515 3435 2585 περὶ
3477 2514 3579 2585 τὴν
3620 2515 3829 2585 ἄσκησιν,

609 2614 758 2673 ceto,
813 2614 977 2678 atque
1020 2607 1261 2664 animum
1316 2617 1471 2663 tuum
1524 2608 1743 2678 penitus
1789 2606 1854 2661 ad
1919 2604 2181 2659 interiora

2293 2610 2388 2664 καὶ
2421 2610 2541 2663 ὅλον
2574 2608 2664 2662 τὸν
2691 2607 2818 2661 νοῦν
2868 2624 2966 2661 σου
3017 2606 3150 2678 περὶ
3199 2606 3269 2660 τὰ
3320 2606 3476 2660 ἔνδον
3508 2606 3746 2676 στρέψον.
3786 2610 3836 2661 Ἠ

610 2708 894 2756 converte.
943 2698 1245 2768 Corporalis
1288 2702 1424 2755 enim
1466 2701 1773 2755 exercitatio
1822 2700 1892 2753 ad
1925 2698 2189 2752 modicum

2292 2702 2405 2772 τὰρ
2438 2698 2748 2771 σωματικὴ
2777 2700 3088 2770 γυμνασία
3118 2698 3269 2767 πρὸς
3297 2700 3515 2767 ὀλίγον
3537 2699 3700 2753 ἐστίν
3720 2700 3832 2769 ὠφέ-

613 2792 764 2847 utilis
786 2802 861 2846 est
884 2793 930 2825 ⁷⁸
956 2810 969 2846 :
1003 2792 1179 2863 pietas
1196 2782 1389 2847 autem
1411 2792 1480 2847 ad
1509 2792 1694 2846 omnia
1727 2791 1877 2846 utilis
1905 2799 2011 2846 est.

2293 2796 2499 2862 λιμος·
2528 2793 2561 2862 ἡ
2598 2790 2655 2844 δὲ
2681 2790 2936 2845 εὐσέὸεια
2964 2790 3048 2853 είς
3107 2789 3288 2845 πάντα
3317 2790 3603 2859 ὠφέλιμός
3634 2792 3779 2846 ἐστιν.

685 2882 777 2936 74.
810 2882 915 2938 Ubi
943 2890 1163 2939 cessant
1190 2883 1422 2937 allectus
1465 2883 1754 2954 impetere,
1795 2889 1907 2936 tum
1941 2882 2194 2936 oboritur

2363 2885 2459 2942 οδ’.
2507 2885 2634 2938 Ἐπὶ
2666 2886 2734 2956 τῇ
2764 2884 2874 2937 τῶν
2905 2882 3100 2938 παθῶν
3146 2884 3481 2956 ἀνεργησίᾳ,
3517 2884 3549 2955 ἦ
3584 2885 3834 2954 ὑπερηφα.

614 2973 946 3045 arrogantia,
977 2975 1065 3029 vel
1097 2974 1169 3029 ob
1189 2974 1264 3039 id,
1298 2974 1443 3044 quod
1474 2989 1587 3028 non
1609 2982 1961 3042 amputantur
1990 2989 2192 3039 causae,

2297 2979 2391 3051 νίᾳ
2419 2978 2738 3049 συμϐαίνει,
2768 2978 2802 3049 ἢ
2838 2978 2952 3032 τῶν
2997 2978 3187 3033 αἰτιῶν
3228 2979 3330 3031 οὐκ
3380 2979 3831 3048 ἀποκοπτομένων,

615 3064 703 3120 vel
731 3080 798 3121 eo
828 3068 971 3136 quod
1002 3066 1260 3121 insidiose
1289 3068 1593 3137 subrepunt
1635 3066 1938 3121 daemones.

2297 3073 2333 3145 ἢ
2367 3072 2478 3127 τῶν
2510 3072 2785 3143 δαιμόνων
2813 3071 3125 3143 δολουργῶς
3150 3071 3609 3142 ὑποχωρούντων.

691 3160 778 3214 75.
812 3158 1105 3214 Humilitas
1125 3168 1180 3215 et
1213 3159 1434 3215 alllictio
1467 3161 1706 3215 liberant
1729 3160 2009 3215 hominem
2039 3157 2191 3213 omni
2222 3184 2266 3244 ο

2238 3184 2266 3244 3
2367 3163 2461 3221 σε’.
2511 3166 2577 3219 Ἡ
2599 3166 2933 3228 ταπείνωσις
2960 3164 3057 3217 καὶ
3083 3163 3454 3228 κακοπάθεια,
3485 3163 3663 3232 πάσης
3692 3163 3833 3232 ἁμαρ-

618 3258 846 3320 peccato
889 3266 904 3304 :
950 3264 1075 3304 cum
1127 3249 1219 3304 illa
1272 3250 1492 3320 quidem
1548 3250 1823 3306 rescindat
1882 3250 2200 3305 affectiones

2302 3259 2427 3324 τίας
2455 3257 2803 3329 ἐλευθεροῦσι
2840 3257 2934 3311 τὸν
2963 3256 3288 3331 ἄνθρωπον·
3323 3258 3357 3327 ἡ
3388 3256 3516 3327 μὲν,
3555 3254 3619 3309 τὰ
3655 3257 3741 3324 τῆς
3761 3254 3835 3324 ψυ-

620 3341 790 3397 animi
821 3361 834 3398 :
864 3343 966 3398 ista
997 3357 1149 3408 vero,
1178 3343 1447 3413 corporis.
1478 3343 1771 3412 Propterea
1800 3343 2066 3398 Dominus
2088 3342 2198 3398 ait:

2304 3351 2434 3423 χῆς·
2478 3352 2513 3423 ἡ
2555 3350 2636 3415 δὲ,
2687 3351 2754 3405 τὰ
2797 3350 2893 3404 τοῦ
2942 3348 3203 3421 σώματος
3236 3349 3651 3421 περικόπτουσα
3694 3346 3830 3412 πάθη·

620 3433 775 3489 Beati
809 3434 1004 3489 mundo
1034 3436 1207 3501 corde,
1240 3436 1492 3505 quoniam
1517 3436 1617 3505 ipsi
1644 3435 1809 3490 Deum
1836 3435 2079 3489 videbunt
2107 3435 2150 3468 τ’
2187 3452 2200 3487 :

2303 3444 2393 3498 διὰ
2419 3442 2583 3498 τοῦτο
2607 3443 2759 3512 λέγει
2785 3446 2814 3497 6
2846 3442 3073 3513 Κύριος
3110 3440 3399 3509 Μακάριοι
3433 3443 3492 3494 oi
3538 3436 3757 3505 καθαροί
3781 3436 3833 3504 τῇ

622 3526 826 3598 ipsum,
846 3529 1087 3599 inquam,
1109 3538 1165 3584 et
1189 3524 1472 3584 thesauros
1498 3529 1549 3582 in
1574 3544 1640 3584 eo
1667 3528 1977 3584 reconditos
2000 3547 2013 3583 :
2040 3543 2206 3597 quau-

2306 3534 2542 3603 καρδίᾳ,
2590 3534 2680 3588 ὅτι
2720 3533 2893 3588 αὐτοὶ
2940 3532 3048 3587 τὸν
3078 3531 3228 3585 Θεὸν
3264 3531 3524 3599 ὄψονται
3547 3546 3563 3561 ·
3595 3530 3740 3582 αὐτὸν
3765 3532 3833 3581 καὶ

627 3620 698 3674 do
731 3635 832 3690 per
879 3619 1203 3674 charitatem
1239 3628 1293 3673 et
1321 3620 1713 3673 continentiam
1751 3619 1963 3688 seipsos
2012 3633 2207 3672 emun-

2304 3627 2435 3690 τοὺς
2467 3628 2527 3678 ὲν
2559 3625 2708 3694 αὐτῷ
2743 3624 3075 3695 θησαυροὺς,
3119 3624 3250 3677 ὃταν
3293 3621 3363 3675 δι’
3395 3621 3624 3689 ἀγάπης
3666 3620 3747 3671 καὶ
3770 3620 3834 3686 ἐγ-

633 3712 903 3767 daverint.
951 3711 1237 3780 Tanloque
1283 3711 1499 3780 plenius
1554 3711 1840 3777 videbunt,
1895 3720 2102 3780 quanto
2147 3724 2206 3764 se

2308 3721 2573 3792 κρατείας
2617 3721 2848 3782 ἑαυτοὺς
2897 3716 3209 3787 καθάρωσι,
3247 3715 3339 3769 καὶ
3392 3710 3651 3765 τοσοῦτον
3689 3710 3830 3769 πλέον,

626 3804 985 3878 purgaverint
1011 3804 1348 3860 accuratius.
1997 3880 2007 3884 _

1997 3880 2007 3884 _
2306 3817 2430 3870 ὅσον
2459 3813 2558 3884 τὴν
2590 3811 2861 3883 κάθαρσιν
2889 3810 3245 3863 ἐπιτείνουσι.

705 3895 791 3950 76.
820 3894 1167 3959 Sermonum,
1192 3893 1284 3964 qni
1317 3892 1384 3947 de
1415 3906 1741 3962 quacunque
1766 3892 1972 3948 virtute
1994 3880 2209 3948 baben-

2378 3901 2487 3971 og'.
2515 3880 2930 3973 ἷκοπευτήριον
2952 3899 3063 3953 τῶν
3096 3900 3227 3970 περὶ
3258 3899 3465 3971 ἀρετῆς
3485 3898 3660 3967 πάσης
3683 3895 3828 3962 λόγων.

628 3998 741 4052 tur,
775 3986 1012 4041 intentio
1037 3994 1141 4049 est,
1175 3994 1236 4039 ut
1256 3984 1469 4055 integer
1503 3992 1756 4038 servetur
1781 3984 2000 4038 animus
2027 4000 2041 4037 :
2069 3984 2211 4038 sicut

2308 3999 2341 4067 ἡ
2369 3996 2465 4050 τοῦ
2500 3993 2591 4049 νοῦ
2622 3993 2855 4067 τήρησις
2884 3993 3057 4058 ἐστιν,
3085 3993 3160 4057 ὡς
3191 3994 3220 4046 6
3256 3991 3424 4047 πάλαι
3454 3989 3551 4043 τοῦ
3573 3986 3719 4042 Δασὶό
3738 4002 3830 4039 σιο-

628 4080 890 4149 antiquus
963 4076 1182 4133 Davidis
1249 4091 1446 4146 scopus
1483 4075 1961 4132 circumcisiouem
2028 4075 2212 4132 cordis

2028 4075 2212 4132 cordis
2311 4088 2414 4153 πὸς
2437 4088 2541 4159 τὴν
2568 4086 2877 4160 περιτομὴν
2900 4086 3001 4156 τῆς
3028 4085 3258 4157 καρδίας
3290 4083 3610 4155 προεδήλου.

631 4169 1019 4242 praesignabat.

700 4263 791 4319 77.
832 4261 906 4318 Ut
936 4263 991 4317 in
1034 4261 1311 4324 sensibus,
1350 4274 1475 4316 cum
1509 4274 1573 4315 ea
1606 4259 1858 4315 videmus
1887 4275 2009 4330 qua:
2037 4258 2213 4315 oﬂ'en-

2380 4264 2478 4328 οζ¹.
2519 4262 2736 4332 Ὥσπερ
2765 4259 3041 4330 αἰσθητῶς
3062 4257 3132 4312 τὰ
3162 4257 3475 4329 βλάπτοντα
3502 4254 3715 4329 ὁρῶντες
3737 4251 3830 4323 βλα-

628 4355 787 4417 dunt,
821 4354 1106 4410 laedimur:
1147 4354 1220 4408 ita
1250 4353 1397 4408 circa
1419 4351 1661 4406 animum
1693 4351 1912 4406 accidit.

1514 4366 1661 4406 mum
1693 4351 1912 4406 accidit.
2313 4356 2584 4426 πτόμεθα,
2616 4354 2765 4408 οὕτω
2791 4354 2934 4407 κατὰ
2961 4352 3107 4409 νοῦν.

702 4448 788 4503 78.
831 4446 1297 4513 Quemadmodum
1334 4444 1427 4513 qui
1461 4458 1557 4498 cor
1597 4442 1828 4512 alicujus
1857 4441 2056 4512 plantae
2078 4440 2208 4494 vul-

2384 4447 2487 4519 οη’.
2531 4448 2744 4517 Ὠσπερ
2788 4446 2818 4499 6
2868 4445 2968 4517 τὴν
3009 4443 3106 4500 τοῦ
3158 4442 3326 4513 φυτοῦ
3378 4441 3598 4513 τρώσας
3639 4435 3828 4507 καρδίαν,

630 4541 864 4606 neravit,
894 4540 1038 4594 illam
1068 4552 1292 4608 prorsus
1310 4536 1519 4591 aridam
1544 4534 1778 4590 reddidit
1804 4552 1816 4588 :
1847 4533 1923 4588 ita
1949 4533 2016 4589 de
2045 4534 2211 4589 corde

2243 4527 2285 4582 Ῐ)
2314 4542 2435 4595 ὃλον
2464 4539 2752 4608 ἐξήρανεν,
2776 4537 2920 4591 οὕτω
2949 4536 3045 4591 καὶ
3068 4535 3161 4589 ἐπὶ
3188 4534 3417 4606 καρδίαν
3442 4531 3714 4601 ἀνθρώπου
3736 4528 3828 4587 νόει.

632 4635 876 4690 humano
891 4632 1057 4689 debes
1085 4629 1406 4699 intelligere,
1438 4635 1494 4682 et
1520 4635 1784 4696 punctum
1809 4624 1987 4696 ipsum
2036 4624 2217 4685 anim-

2315 4632 2484 4701 αὐτὴν
2531 4629 2631 4702 τὴν
2684 4629 2923 4700 στιγμὴν
2969 4627 3264 4700 προσέχειν
3308 4625 3412 4690 δεῖ,
3449 4622 3635 4693 ἐπειδὴ
3660 4620 3744 4673 οὐκ
3764 4617 3827 4685 ἀρ·

628 4725 937 4781 advertere.
991 4719 1446 4789 Quandoquidem
1516 4715 1669 4772 fures
1727 4730 1999 4787 nusquam
2045 4715 2211 4786 quieo

1267 4719 1446 4773 uidem
1516 4715 1669 4772 fures
1727 4730 1999 4787 nusquam
2045 4715 2211 4786 quieo
2315 4726 2503 4796 γοῦσιν
2529 4722 2862 4778 οικλέπται.

630 4824 815 4873 scunt.
1186 4860 1189 4863 .

702 4908 793 4962 79.
815 4905 954 4962 Cum
982 4903 1143 4959 vellet
1165 4900 1428 4955 Dominus
1455 4897 1767 4964 ostendere,
1796 4912 1898 4952 nos
1928 4897 1997 4950 ad
2027 4895 2215 4950 omnia

2386 4899 2484 4956 00'.
2535 4900 2595 4953 Ὀ
2630 4898 2838 4970 Κύριος
2866 4898 3048 4951 πᾶσαν
3086 4894 3307 4966 ἐντολὴν
3332 4892 3681 4963 ὀφειλομένην
3706 4887 3826 4951 δεῖξαι

635 4999 893 5056 mandata
916 4994 1221 5067 peragenda
1255 4990 1463 5056 teneri;
1494 4989 1728 5044 ﬁliorum
1758 5000 1940 5043 autem
1961 4987 2213 5058 adoptio-

2321 4996 2514 5062 θέλων,
2548 4994 2648 5064 τὴν
2678 4992 2737 5045 δὲ
2767 4990 3045 5045 υἱοθεσίαν
3080 4988 3197 5057 ἰδίῳ
3222 4988 3416 5058 αἵματι
3450 4989 3566 5049 τοῖς
3586 4978 3826 5067 avom;

633 5109 764 5149 nem
787 5107 907 5146 esse
940 5089 1161 5159 proprio
1183 5086 1450 5157 sanguine
1472 5084 1729 5139 donatam
1759 5082 2097 5148 hominibus,
2116 5081 2211 5145 ait,

2321 5084 2727 5160 δεδωρημένην,
2780 5082 2968 5152 φησὶν.
3018 5082 3207 5134 Ὅταν
3249 5077 3453 5132 πάντα
3491 5074 3757 5160 ποιήσητε
3779 5064 3824 5160 fit

631 5185 773 5243 Cum
794 5183 1022 5254 feceritis
1044 5180 1242 5244 omnia,
1267 5194 1382 5248 qua:
1400 5186 1665 5247 prwcepta
1694 5184 1814 5229 sunt
1834 5175 1998 5239 vobis,
2023 5174 2214 5228 dicite:

2320 5155 2812 5247 προάτεταγμένα
2835 5171 2998 5241 ὑμῖν,
3024 5170 3252 5235 εἴπατε,
3292 5169 3374 5222 ὅτι
3415 5164 3649 5237 Ἄχρεῖοι
3673 5155 3826 5213 δοῦλοί

633 5276 783 5332 Servi
804 5271 1014 5328 inutiles
1028 5286 1207 5325 sumus
1229 5285 1247 5322 :
1269 5270 1404 5339 quod
1421 5269 1692 5322 debuimus
1717 5266 1891 5335 facere
1910 5266 2125 5336 fecimus
2143 5266 2212 5318 ⁸ο.

2318 5273 2529 5341 ἐσμεν,
2559 5268 2660 5324 καὶ
2694 5264 3085 5335 ὃξώερειλομεν
3138 5260 3412 5329 ποιῆσαι,
3464 5254 3823 5341 uexatum.

636 5370 711 5424 Ea
729 5368 804 5425 de
832 5378 995 5420 causa
1029 5375 1255 5432 regnum
1288 5360 1553 5415 emlorum
1584 5375 1695 5412 non
1728 5367 1813 5412 est
1840 5372 2051 5411 merces
2077 5372 2214 5426 ope-

2321 5340 2421 5417 Διόι
2465 5360 2625 5416 τοῦτο
2664 5359 2768 5413 οὐκ
2806 5357 2923 5412 ἐστι
2966 5355 3159 5426 μισθὸς
3220 5352 3463 5424 ἐργωνή
3499 5346 3721 5420 βασιλεία
3752 5340 3826 5393 τῶν

638 5476 784 5526 rum;
810 5456 907 5514 sed
934 5454 1106 5529 gratia
1140 5452 1379 5517 Domini,
1411 5450 1663 5506 ﬁdelibus
1685 5448 1858 5503 servis
1886 5458 2210 5517 praeparata.

2314 5454 2590 5528 οὐρανῶν,
2614 5452 2751 5507 ἀλλὰ
2778 5451 2939 5523 χάρις
2970 5448 3233 5503 δεσπότου
3272 5444 3485 5505 πιστοῖς
3515 5440 3698 5499 δούλοις
3719 5436 3822 5529 ffu-

636 5524 1036 5622 Noupostulat
1071 5561 1265 5603 servus
1294 5546 1625 5610 libertatem,
1657 5540 1824 5597 veluti
1855 5540 2164 5596 mercedem
2196 5560 2209 5596 :

2325 5524 2580 5620 μασμένη
2602 5561 2617 5576 ⁸
2648 5544 2750 5598 οὐκ
2795 5543 3024 5598 ἀπαιτεῖ
3050 5539 3237 5603 δοῦλος
3266 5539 3344 5601 ὡς
3371 5536 3582 5607 μισθὸν,
3614 5531 3698 5599 τὴν

639 5644 735 5701 sed
791 5616 995 5714 gratias
1049 5640 1177 5712 agit,
1227 5648 1288 5694 ut
1334 5636 1568 5700 debitor,
1613 5645 1668 5691 et
1722 5634 1871 5690 velut
1917 5633 2212 5703 gratuitum

2324 5616 2534 5712 θέριαν,
2566 5616 2684 5694 ἀλλ’
2714 5636 3032 5709 εὐχαριστεῖ
3060 5633 3133 5698 ὡς
3171 5631 3479 5701 ὀφειλέτης,
3512 5625 3601 5681 καὶ
3624 5616 3737 5676 κατὰ
3757 5616 3820 5683 χά·

644 5752 837 5793 manus
864 5734 1089 5806 excipit.

2333 5750 2417 5802 ριν
2446 5714 2744 5800 ἐκδέχεται.

712 5849 755 5880 ⁷⁸
787 5848 805 5901 1
835 5847 977 5903 Tim.
1012 5862 1081 5915 π,
1106 5849 1158 5903 8.
1236 5848 1276 5880 ”⁹
1306 5844 1494 5902 Matth.
1525 5861 1576 5907 v,
1600 5843 1650 5896 8.
1730 5843 1772 5873 ⁸ο
1803 5841 1931 5897 Luc.
1961 5858 2091 5908 xvu,
2128 5840 2212 5895 l0.
