4040 6410
201 417 341 482 1505

904 411 1001 470 DE
1025 408 1576 471 TEMPERANTIA
1622 406 1718 467 ET
1757 404 2123 467 VIRTUTE.
2163 431 2232 444 —
2271 406 2663 471 CENTURIA
2704 410 2753 470 Ι.

3328 412 3349 477 l
3361 417 3465 478 506

273 528 349 581 π’.
400 526 486 588 Ὠς
517 522 794 577 ἀπέθανεν
828 521 969 592 ὑπὲρ
994 520 1105 574 τῶν
1136 520 1425 591 ἁμαρτιῶν
1455 519 1618 591 ἡμῶν
1639 516 1784 570 κατὰ

1960 514 2053 571 80.
2094 517 2232 571 Nam
2281 527 2534 574 mortuus
2580 527 2665 575 est
2714 536 2816 591 pro
2850 521 3087 605 peccatis
3120 522 3344 591 nostris,
3374 541 3466 581 se-

196 619 299 682 τὰς
324 615 570 688 Γραφάς,
599 615 694 667 καὶ
726 616 839 677 τοῖς
863 608 922 666 εῦ
945 612 1292 667 δουλεύουσιν
1328 612 1480 683 αὐτῷ
1515 612 1616 683 τὴν
1640 610 1788 663 ἐλευ-

199 710 393 779 θερίαν
417 705 731 779 χαρίζεταιο
765 704 903 777 φησὶ
931 704 1062 775 γάρ·
1110 702 1221 771 Εὖ,
1254 703 1439 758 δοῦλε
1468 702 1654 774 ἀγαθὲ
1686 701 1787 756 καί

200 800 405 867 mare,
441 799 542 853 ἐπὶ
579 798 757 868 ὀλίγα
790 798 1006 868 ἐγένου
1036 797 1274 862 πιστὸς,
1309 797 1409 851 ἐπὶ
1438 794 1689 850 πολλῶν
1713 810 1790 849 σε

202 890 593 957 καταστήσω,
629 890 870 944 εἴσελθε
903 892 990 956 είς
1021 889 1137 957 τὴν
1165 888 1361 957 χαρὰν
1407 889 1517 944 τοῦ
1567 890 1788 959 Κυρίου

203 1003 349 1041 σου.
391 983 559 1039 Οὔπω
582 984 640 1038 δὲ
662 982 850 1048 δοῦλός
885 985 1001 1037 ἐστι
1038 985 1254 1050 πιστὸς,
1278 986 1306 1039 6
1330 984 1459 1055 ψιλῇ
1490 986 1555 1055 τῇ
1584 984 1790 1053 γνώσει

204 1078 649 1150 ἐπερειδόμενος,
679 1076 795 1131 ἀλλ’
838 1079 867 1131 6
911 1076 979 1131 δι’
1005 1076 1252 1150 ὑπακοῆς
1297 1078 1377 1149 τῷ
1421 1077 1791 1149 ἐντειλαμένῳ

203 1171 431 1242 Χριστῷ
473 1170 770 1236 πιστεύων,
823 1170 915 1224 τὸν
947 1170 1229 1241 Δεσπότην
1280 1169 1480 1241 τιμῶν,
1526 1172 1675 1224 ποιεί
1721 1170 1790 1224 τὰ

204 1264 573 1334 κελευόμεναο
623 1261 847 1332 σφαλεὶς
899 1261 957 1315 δὲ
1001 1262 1035 1334 ἢ
1090 1261 1472 1333 παρακούσας,
1526 1263 1791 1334 ὑπομένει

202 1356 281 1420 ὡς
312 1356 421 1410 ἴδια
464 1356 535 1410 τὰ
597 1355 964 1426 ἐπερχόμενα.
1001 1354 1313 1427 Φιλομαθὴς
1358 1351 1454 1411 οὖν
1500 1355 1656 1424 γίνου
1693 1356 1791 1409 καὶ

208 1449 527 1519 φιλόπονος’
552 1450 586 1520 ὴ
614 1449 725 1519 γὰρ
752 1448 883 1518 ψιλὴ
913 1446 1118 1517 γνῶσις
1148 1451 1331 1516 φυσιοῖ
1356 1447 1448 1502 τὸν
1474 1448 1785 1521 ἄνθρωπον.

280 1626 394 1682 πα’.
435 1628 501 1682 Ol.
549 1627 978 1700 ἀπροσδοκήτως
1030 1628 1168 1699 ἡμῖν
1222 1625 1619 1697 συμϐαίνοντες
1673 1643 1794 1680 πει-

210 1722 435 1794 ρασμοὶ,
477 1720 843 1793 οἰκονομικῶς
898 1721 1048 1791 ἡμᾶς
1098 1719 1422 1791 φιλοπόνους
1474 1720 1792 1775 διδάσκουσι

204 1814 486 1883 γενέσθαι.

1889 608 2131 661 eundum
2165 609 2522 679 Scripturas:
2554 627 2619 667 ac
2647 612 2789 668 bene
2829 614 3198 670 servientibus
3227 616 3277 670 ei
3300 616 3468 671 liber-

1890 706 2057 753 tatem
2106 701 2344 771 gratuito
2390 703 2636 775 largitur.
2686 704 2869 774 lnquit
2899 704 3047 760 enim
3080 724 3093 759 :
3130 704 3300 776 Euge,
3323 724 3469 762 serve

1888 790 2019 846 boue
2043 803 2089 847 et
2110 794 2298 861 ﬁdelis,
2322 812 2485 864 supra
2514 813 2685 867 pauca
2709 798 2857 868 fuisti
2885 798 3075 867 ﬁdelis.
3100 815 3261 869 supra
3298 800 3466 853 multa

1890 893 1940 937 te
1981 886 2299 940 constituant
2329 903 2348 941 :
2383 889 2526 942 intra
2567 889 2624 942 in
2657 889 2913 958 gaudium
2942 888 3158 944 Domini
3185 892 3263 944 tui
3291 891 3361 944 “.
3390 891 3461 945 At

1889 978 2134 1033 nondum
2168 990 2253 1034 est
2300 979 2477 1035 fidelis
2512 997 2729 1044 servus,
2755 983 2845 1053 qui
2886 983 2955 1038 de
2978 983 3123 1038 nuda
3155 984 3469 1055 cognitione

1889 1069 2153 1139 gloriatur
2184 1088 2197 1123 :
2229 1071 2323 1126 sed
2343 1071 2435 1141 qui
2458 1072 2846 1142 obtemperans
2864 1075 3204 1145 praecipienti
3226 1075 3465 1139 Christo,

1890 1162 2082 1225 credit,
2106 1171 2158 1217 et
2196 1178 2536 1233 prosequens
2565 1165 2775 1219 honore
2794 1165 3110 1233 Dominum,
3145 1167 3294 1222 illius
3316 1167 3469 1238 iussa

1892 1253 2121 1324 peragit.
2155 1253 2258 1320 Qui
2289 1265 2471 1312 autem
2496 1265 2661 1321 errat,
2697 1266 2754 1312 et
2783 1272 2892 1313 non
2922 1267 3099 1329 paret,
3134 1274 3295 1313 casus
3319 1259 3472 1315 velut

1892 1345 2198 1416 peculiares
2259 1346 2405 1402 ferre
2459 1349 2693 1421 cogitur.
2762 1350 3053 1418 Quocirca,
3114 1353 3361 1409 discendi
3414 1360 3471 1407 et

1889 1438 2153 1507 operandi
2175 1440 2453 1496 studiosus
2483 1451 2603 1497 esto
2635 1460 2649 1497 :
2679 1443 2806 1513 quia
2831 1444 2977 1500 nuda
3003 1446 3245 1517 cognitio
3272 1444 3467 1501 inﬂare

1890 1530 2029 1585 solet
2058 1530 2360 1586 hominem.

1962 1620 2052 1676 8|.
2088 1620 2467 1688 Tentationes,
2504 1638 2626 1693 qua:
2651 1625 2809 1680 nobis
2838 1642 2903 1680 ex
2934 1636 3212 1697 Insperato
3248 1630 3470 1685 contin-

1892 1722 2048 1784 gunt,
2081 1711 2491 1783 dispensatione
2518 1715 2701 1770 divina
2737 1732 2838 1772 nos
2864 1717 3087 1786 docent,
3118 1720 3174 1775 in
3204 1722 3470 1778 continuo

1892 1805 2081 1859 labore
2109 1805 2319 1859 versari
2348 1806 2572 1861 debere.

282 1907 393 1977 πβ’.
437 1906 597 1959 Ἶδιον
626 1905 725 1975 μὲν
748 1903 981 1976 ἀστέρος
1006 1903 1069 1956 τὸ
1094 1904 1223 1974 περὶ
1252 1902 1415 1957 αὐτὸν
1440 1902 1578 1973 φῶς,
1609 1903 1705 1957 τοῦ
1733 1903 1790 1957 δὲ

1962 1896 2053 1952 82.
2074 1895 2254 1952 Stellae
2276 1898 2603 1969 proprietas,
2627 1906 2711 1953 est
2731 1898 2917 1955 lumen
2944 1916 3053 1972 quo
3072 1904 3313 1959 ambitur
3342 1924 3355 1959 :
3390 1906 3470 1975 pii

209 1997 500 2060 θεοσεϐοῦς
537 1999 635 2052 καὶ
681 1998 814 2051 Θεδν
863 1995 1200 2067 φοϐουμένου
1231 1996 1385 2059 ἴδιον,
1417 1995 1664 2049 εὐτέλεια
1694 1999 1792 2050 καὶ

207 2090 580 2154 ταπείνωσις’
618 2090 744 2143 ἐπεὶ
788 2089 911 2159 μηδ’
940 2087 1072 2144 ἄλλο
1100 2105 1155 2141 τι
1203 2088 1570 2160 γνωριστικὸν
1616 2087 1791 2156 πέφυ-

207 2199 306 2235 κεν
333 2177 498 2246 εἶναι,
547 2181 641 2235 καὶ
683 2181 972 2252 δηλότερον
1006 2182 1235 2252 σημεῖον
1264 2180 1374 2233 τῶν
1406 2179 1502 2233 τοῦ
1548 2179 1791 2251 Χριστοῦ

211 2274 496 2347 μαθητῶν,
526 2274 602 2335 ὡς
627 2273 885 2328 ταπεινὸν
924 2273 1181 2345 φρόνημα
1210 2274 1308 2328 καὶ⁹
1334 2273 1552 2337 εύτελές
1583 2274 1786 2344 σχῆμα.

211 2367 324 2420 Καὶ
350 2365 512 2420 τοῦτο
538 2365 715 2420 πάντα
747 2365 912 2437 βοῶσι
937 2365 1007 2419 τά
1028 2367 1276 2438 τέσσαρα
1303 2367 1617 2437 Εὐαγγέλια
1636 2383 1650 2398 °
1683 2368 1712 2420 6
1736 2367 1792 2421 δὲ

212 2460 294 2532 μὴ
319 2459 494 2524 οὕτως
517 2461 791 2523 ταπεινῶς
816 2459 987 2531 βιοὺς,
1018 2459 1115 2513 τοῦ
1151 2461 1355 2533 μέρους
1393 2462 1652 2515 ἐκπίπτει
1694 2460 1792 2515 τοῦ

208 2553 407 2607 ἑαυτὸν
436 2552 702 2616 ἑκουσίως
745 2552 1192 2616 ταπεινώσαντος
1241 2554 1404 2624 μέχρι
1430 2554 1668 2625 σταυροῦ
1699 2554 1794 2609 καὶ

209 2642 471 2710 θανάτου,
515 2643 609 2698 τοῦ
647 2644 744 2698 καὶ
774 2642 881 2697 τῶν
914 2642 1078 2699 θείων
1108 2645 1457 2715 Εὐαγγελίων
1482 2645 1793 2716 πρακτικοῦ

208 2735 524 2791 νομοθέτου.

284 2927 400 2990 πγ’.
436 2922 503 2974 οι
542 2918 865 2989 διψῶντες,
915 2919 1074 2990 φησὶ,
1117 2919 1445 2989 πορεύεσθε
1481 2920 1576 2991 ἐφ’
1600 2920 1792 2988 ὕδωρ⁶

208 3012 262 3065 οἱ
292 3012 350 3066 δὲ
377 3012 637 3082 διψῶντες
663 3012 821 3077 Θεὸν,
850 3010 1151 3083 πορεύεσθε
1175 3011 1508 3085 καθαρότητι
1532 3013 1793 3077 διανοίαςο

213 3106 359 3177 πλὴν
388 3105 466 3177 τῷ
496 3106 720 3176 ὑψηλῶς
749 3106 818 3158 δι’
848 3104 1021 3176 αὐτῆς
1047 3105 1358 3176 πετομένῳ,
1385 3105 1493 3178 χρὴ
1524 3107 1621 3161 καὶ
1657 3106 1797 3178 πρὸς

1892 2004 2023 2044 vero
2052 2003 2117 2043 ac
2155 1988 2327 2044 Deum
2365 1990 2611 2045 timentis
2643 1991 2746 2045 viri
2778 1994 3109 2063 proprietas,
3141 2006 3224 2051 est
3248 1996 3468 2067 simpli-

1893 2080 2029 2136 citas
2059 2089 2117 2137 et
2145 2079 2447 2135 humilitas.
2478 2079 2699 2136 Nullum
2741 2091 2825 2137 est
2856 2084 3004 2138 enim
3049 2085 3197 2141 aliud
3241 2088 3473 2156 quodvis

1893 2173 2237 2228 manifestius
2267 2188 2332 2228 ac
2352 2174 2555 2229 certius
2580 2175 2793 2246 signum
2824 2176 3215 2248 discipulorum
3244 2180 3470 2248 Christi,

1892 2282 2055 2336 quam
2076 2265 2300 2323 bumilis
2323 2267 2391 2322 de
2413 2282 2473 2323 se
2498 2268 2859 2333 existimatio,
2879 2280 2935 2323 et
2969 2271 3197 2341 simplex
3226 2272 3468 2330 habitus.

1894 2360 1964 2413 Et
1994 2359 2102 2415 hoc
2157 2360 2458 2415 inclamant
2512 2362 2697 2416 omnia
2742 2374 2980 2432 quatuor
3020 2364 3332 2437 Evangelia.
3367 2366 3471 2433 Qui

1894 2466 2027 2506 vero
2068 2452 2126 2506 in
2159 2467 2222 2507 ea
2251 2452 2604 2523 simplicitate
2634 2454 2799 2509 vitam
2836 2471 2946 2511 non
2970 2457 3101 2527 agit,
3131 2475 3197 2513 eo
3228 2461 3475 2529 privatur

1895 2540 2184 2606 beneﬁcio,
2233 2550 2293 2596 ut
2322 2551 2520 2613 sponte
2551 2558 2609 2598 se
2640 2542 2932 2600 humiliare
2982 2548 3175 2617 possit,
3209 2564 3380 2619 usque
3404 2550 3472 2605 ad

1896 2649 2115 2689 crucem
2151 2643 2207 2690 et
2246 2644 2477 2690 mortem
2526 2636 2934 2705 perferendam.
2988 2637 3301 2705 Quinetiam
3352 2640 3474 2711 ipso

1896 2725 2204 2781 divinorum
2254 2728 2671 2799 Evangeliorum
2709 2729 3019 2799 legislatore
3058 2731 3341 2801 privatur:
3374 2734 3472 2805 qui

1898 2820 2149 2881 sancivit,
2180 2835 2459 2890 nunquam
2504 2836 2613 2875 non
2646 2823 2986 2891 eperandum
3015 2838 3155 2880 esse.

1968 2912 2057 2967 85.
2104 2910 2377 2978 Sitientes,
2422 2913 2622 2983 inquit,
2668 2916 2842 2969 venite
2889 2917 2960 2969 ad
2991 2916 3357 2987 aquam”.At
3381 2920 3472 2989 qui

1895 3004 2063 3060 sititis
2093 3004 2288 3070 Deum,
2317 3006 2563 3061 accedite
2592 3021 2716 3062 cum
2744 3008 2980 3077 puritate
3003 3009 3204 3065 cordis.
3241 3010 3474 3066 Verum-

1899 3106 2085 3151 tamen
2135 3112 2365 3152 neeesse
2415 3108 2501 3152 est
2545 3114 2671 3152 eum
2718 3099 2809 3168 qui
2873 3099 3039 3171 hujus
3074 3102 3329 3172 puritatis
3369 3119 3474 3174 ope

209 3198 315 3270 τὴν
344 3198 449 3268 γῆν
478 3199 577 3268 τῆς
615 3197 811 3252 ἐαυτοῦ
841 3198 1116 3261 εὐτελείας
1139 3197 1307 3269 δρᾷνο
1341 3198 1517 3262 οὐδεὶς
1545 3198 1656 3270 γὰρ
1695 3199 1791 3253 τοῦ

1896 3190 2044 3246 volat
2067 3190 2120 3245 in
2156 3189 2344 3255 altum,
2370 3191 2534 3246 etiam
2569 3193 2627 3247 in
2662 3200 2862 3247 terram
2896 3209 3010 3249 suae
3046 3194 3220 3265 ipsius
3253 3197 3469 3268 simpli-

210 3290 472 3344 ταπεινοῦ
508 3290 861 3361 ὑψηλότερος.
895 3289 1010 3353 ,Ὧς
1032 3289 1143 3361 γὰρ
1183 3289 1365 3359 φωτὸς
1414 3289 1489 3361 μὴ
1522 3290 1791 3362 παρόντος

212 3381 433 3453 ζοφώδη
466 3384 561 3437 καὶ
610 3380 866 3435 σκοτεινὰ
911 3381 1154 3447 ἅπαντα,
1183 3379 1327 3435 οὕτω
1352 3383 1446 3435 κα)⁸
1484 3382 1558 3453 μὴ
1592 3382 1798 3455 παρού-

214 3493 319 3545 σης
370 3472 897 3546 ταπεινοφροσύνης,
966 3474 1147 3528 πάντα
1197 3473 1359 3545 ἡμῶν
1416 3475 1646 3545 μάταια,
1698 3474 1797 3527 καὶ

212 3563 364 3618 ἕωλα
383 3563 451 3619 τὰ
479 3563 625 3619 κατὰ
654 3563 786 3617 Θεὸν
822 3562 1262 3635 σπουδαζόμενα.

287 3744 393 3800 πᾶ.
431 3743 599 3808 Τέλος
655 3742 713 3797 δὲ
765 3742 952 3810 λόγου,
986 3739 1049 3794 τὸ
1094 3742 1203 3795 πᾶν
1249 3741 1440 3796 ἄκουε·
1498 3741 1609 3795 Τὸν
1646 3741 1794 3795 Θεὸν

198 3837 432 3909 φοϐοῦ,
462 3838 562 3892 καὶ
592 3837 700 3903 τὰς
728 3836 984 3902 ἐντολὰς
1009 3833 1199 3888 αὑτοῦ
1227 3834 1513 3903 φύλαττε,
1553 3834 1649 3889 καὶ
1670 3852 1797 3907 νοη-

212 3928 329 3993 τῶς
362 3929 457 3983 καὶ
494 3926 802 3999 αἰσθητῶς·
842 3927 891 3979 εί
925 3925 1033 3996 γάρ
1072 3922 1279 3994 νοητῶς
1332 3922 1545 3993 βιάσεις
1594 3924 1796 3978 σαυτδν

213 4020 391 4083 αὑτὰς
441 4020 652 4091 τηρεῖν,
714 4018 962 4086 ὀλιγάκις
1001 4014 1111 4068 τῶν
1148 4012 1423 4085 αἰσθητῶν
1487 4016 1569 4078 εἰς
1624 4015 1796 4079 αὐτάς

214 4112 437 4165 κόπτων
466 4110 673 4181 δεήσει.
706 4109 846 4180 Φησὶ
883 4108 992 4179 γὰρ
1018 4109 1047 4161 6
1079 4104 1247 4160 Δαϐίδ
1269 4120 1283 4135 ⁸
1320 4105 1700 4176 Ἠϐουλήθην
1727 4107 1795 4162 τὸ

216 4204 449 4274 θέλημά
476 4219 593 4258 σου
622 4202 722 4257 καί
750 4202 858 4255 τὸν
888 4201 1078 4270 νόμον
1105 4212 1223 4251 σου
1255 4197 1505 4266 ποιῆσαι
1530 4200 1601 4253 ἐν
1627 4200 1798 4270 μέσῳ

215 4295 331 4366 τῆς
368 4296 604 4362 κοιλίας
636 4312 778 4365 μου.
810 4295 908 4348 "Av
964 4290 1039 4364 μὴ
1096 4292 1155 4343 ἐν
1212 4290 1364 4361 μέσῳ
1421 4292 1526 4363 τῆς
1561 4292 1794 4357 κοιλίας,

214 4390 498 4443 τουτέστιν
546 4390 604 4442 ἐν
640 4387 780 4458 μέσῃ
826 4387 1024 4458 καρδίᾳ
1059 4390 1087 4442 6
1117 4387 1409 4461 ἄνθρωπος
1441 4387 1502 4441 τὸ
1534 4385 1628 4440 τοῦ
1660 4384 1794 4439 Θεοῦ

216 4482 438 4553 θέλημα
468 4482 564 4536 καὶ
590 4480 680 4534 τὸν
699 4480 866 4549 νόμον
893 4480 1190 4551 ποιήσειεν,
1221 4479 1345 4534 οὔτε
1372 4478 1572 4545 ἔξωθεν
1598 4477 1798 4550 ῥᾳδίως

1895 3283 2078 3339 citatis
2128 3283 2330 3339 intueri
2363 3306 2373 3340 :
2403 3284 2530 3354 quia
2569 3297 2733 3340 nemo
2768 3285 2966 3340 humili
3012 3286 3130 3341 viro
3167 3289 3470 3345 sublimior.

1900 3377 1968 3433 Ut
2018 3376 2165 3431 enim
2210 3377 2439 3433 absente
2473 3377 2705 3443 lumine,
2746 3378 3046 3450 caliginosa
3089 3387 3145 3433 et
3188 3382 3474 3439 tenebrosa

1896 3476 2023 3521 sunt
2060 3467 2245 3521 omnia
2271 3507 2287 3533 ,
2314 3467 2389 3522 ita
2443 3467 2489 3522 si
2539 3467 2683 3523 desit
2726 3469 3027 3535 humilitas,
3070 3470 3252 3525 omnia
3294 3474 3474 3529 studia

1896 3568 2105 3621 nostra,
2133 3575 2254 3630 quae
2278 3560 2334 3614 in
2362 3560 2474 3616 Deo
2499 3561 2731 3617 colendo
2755 3563 3148 3633 impendimus,
3173 3580 3309 3620 vana
3344 3578 3476 3623 sunt

1895 3658 1949 3704 et
1976 3649 2194 3705 frivola.

1966 3741 2399 3797 84.Universum
2431 3744 2703 3799 sermonis
2728 3745 2888 3801 ﬁnem
2917 3748 3044 3804 audi
3079 3768 3094 3805 :
3126 3750 3295 3805 Deum
3326 3751 3472 3817 time,

1894 3840 1943 3885 et
1967 3833 2223 3887 mandata
2256 3834 2373 3904 ejus
2400 3851 2551 3889 serva
2575 3834 2646 3901 ⁸³,
2666 3846 2774 3890 tam
2800 3838 2986 3893 animo
3008 3856 3169 3909 quam
3195 3842 3470 3897 sensibus.

1894 3922 2029 3978 Nam
2084 3925 2175 3979 ubi
2201 3926 2443 3997 coegeris
2490 3927 2675 3982 animo
2706 3928 2939 3999 teipsum
2978 3932 3046 3987 ad
3077 3948 3139 3988 ea
3184 3935 3470 4002 servanda,

1896 4016 2208 4087 impingens
2237 4015 2291 4070 in
2329 4032 2523 4072 sensus
2553 4028 2695 4084 tuos,
2719 4019 2990 4091 indigebis
3021 4022 3296 4079 interdum
3326 4025 3473 4081 illis:

1894 4122 2020 4161 cum
2058 4106 2225 4161 David
2255 4106 2440 4164 dicat:
2471 4108 2624 4163 Volui
2665 4110 2991 4165 voluntatem
3028 4121 3177 4167 tuam
3214 4123 3263 4169 et
3294 4115 3464 4187 legem

1896 4208 2046 4252 tuam
2084 4199 2277 4268 facere,
2308 4198 2366 4251 in
2393 4199 2567 4254 medio
2596 4202 2791 4255 ventris
2820 4203 2920 4255 mei
2944 4202 3014 4256 “.
3057 4203 3175 4258 Nisi
3210 4204 3265 4259 in
3290 4206 3475 4261 medio

1896 4290 2123 4352 ventris,
2170 4289 2277 4345 hoc
2309 4298 2413 4354 est,
2459 4290 2516 4345 in
2562 4293 2746 4347 medio
2789 4292 2975 4355 corde.
3023 4295 3361 4352 voluntatem
3408 4314 3476 4353 ae

1897 4381 2073 4451 legem
2111 4380 2209 4436 Dei
2244 4380 2472 4452 impleat
2522 4382 2706 4447 homo,
2743 4398 2844 4439 nec
2891 4385 3138 4441 exterius
3168 4385 3273 4441 hoc
3312 4387 3474 4446 facile

1876 4472 2104 4542 poterit
2138 4472 2373 4529 efﬁcere.
2428 4475 2733 4530 Conveniet
2767 4476 2951 4547 itaque
3000 4475 3171 4532 Deum
3202 4477 3474 4551 intempe-

214 4572 427 4644 πρᾶξαι
468 4570 629 4625 τοῦτο
684 4570 927 4624 δύναται.
979 4572 1088 4625 Καὶ
1139 4574 1258 4642 ἐρεῖ
1313 4573 1451 4644 πρὸς
1496 4571 1686 4625 Θεδνδ
1720 4569 1794 4642 μὴ

1900 4579 2029 4618 rans
2063 4572 2119 4618 et
2159 4578 2329 4635 vagus
2364 4564 2550 4630 homo,
2592 4565 2678 4621 bis
2721 4566 2927 4632 verbis,
2959 4566 3116 4622 Viam
3147 4576 3298 4623 tuam
3333 4571 3476 4626 seire

214 4665 407 4733 νήφων
431 4662 525 4715 καὶ
557 4660 871 4731 ἀδιάφορος,
906 4660 989 4727 τὸ,
1023 4661 1177 4725 ὁδούς
1207 4680 1302 4717 σου
1340 4662 1542 4717 εἰδέναι
1567 4663 1628 4716 ού
1668 4660 1795 4732 βού-

216 4755 407 4826 λομαι,
454 4754 670 4815 πάντως
717 4752 784 4806 δι’
820 4750 1054 4822 ἔλλειψιν
1103 4752 1253 4818 θείας
1305 4754 1662 4826 ἐλλάμψεως·
1692 4749 1796 4827 ἧσο

217 4864 367 4911 τινος
417 4848 445 4901 ὁ
500 4844 745 4917 μετέχων
802 4846 902 4901 οὐκ
966 4846 1437 4920 ἁπληροφόρητος,
1497 4846 1635 4901 ἀλλὰ
1700 4846 1798 4901 καὶ

219 4938 459 5010 ἔμπεδος
494 4937 695 5003 ἱκανῶς
730 4938 859 5011 περὶ
890 4938 960 4992 τὰ
986 4938 1105 4993 θεῖα
1130 4940 1445 5010 γενήσεται.

292 5036 399 5089 πεν,
441 5030 653 5103 Ὥσπερ
690 5030 798 5102 γὰρ
841 5031 902 5084 τὸ
934 5030 1191 5103 αίσθητδν
1224 5030 1356 5094 ἃλας
1379 5029 1563 5102 ἡδύνει
1600 5029 1695 5085 τόν
1728 5046 1791 5087 τε

220 5122 387 5190 ἄρτον
414 5121 510 5175 καὶ
558 5122 668 5175 πᾶν
703 5120 858 5192 ὄψον,
892 5122 988 5177 καὶ
1020 5121 1242 5194 ἄσηπτα
1280 5121 1404 5175 τινὰ
1453 5120 1561 5175 τῶν
1616 5121 1796 5195 κρεῶν

220 5214 321 5267 καὶ
380 5211 624 5284 διαρκῶν
689 5213 969 5282 φυλάττει.
1009 5217 1104 5269 καὶ
1163 5215 1262 5287 τὴν
1320 5213 1557 5281 ὸξωδίαν
1612 5215 1798 5268 πᾶσαν

220 5304 589 5368 διασκεδπει·
610 5303 756 5357 οὕτω
776 5305 871 5358 καὶ
900 5306 991 5359 ἐπὶ
1020 5306 1121 5377 τῆς
1143 5306 1239 5360 τοῦ
1265 5306 1386 5370 νοὸς
1408 5306 1675 5378 φυλακῆς,
1698 5306 1801 5377 τῆς

222 5394 423 5466 νοητῆς
455 5393 721 5465 ὴδύτητος
749 5394 844 5447 καὶ
877 5393 1198 5466 θαυμαστῆς
1233 5396 1493 5465 ἐργασίας
1523 5396 1653 5450 νόει.
1688 5396 1800 5449 Καὶ

224 5488 337 5559 γάρ
379 5488 561 5559 ἡδύνει
610 5486 833 5551 ἐνθέως,
866 5486 962 5541 καὶ
1005 5487 1098 5540 τὸν
1153 5487 1329 5553 ἐντὸς,
1368 5488 1465 5541 καλ⁵
1510 5487 1604 5541 τὸν
1641 5486 1799 5551 ἐκτὸς

225 5576 538 5648 ἄνθρωπον,
572 5578 667 5631 καὶ
700 5577 802 5648 τὴν
833 5575 1063 5639 ὀζωδίαν
1092 5576 1201 5631 τῶν
1231 5576 1492 5649 πονηρῶν
1520 5576 1802 5647 λογισμῶν

227 5665 501 5731 ἐκδιώκει,
534 5666 631 5721 καὶ
670 5666 911 5739 διἀρκῶν
960 5667 1021 5720 ἐν
1064 5667 1178 5730 τοῖς
1220 5668 1406 5731 καλοῖς
1439 5669 1587 5740 ἡμᾶς
1616 5669 1806 5739 διαφυ-

227 5759 413 5812 λάττει
424 5797 435 5813 .

224 5890 229 5893 ⁷
300 5878 343 5909 ⁸⁸
381 5875 570 5933 Matth.
604 5891 725 5943 xxv,
755 5875 848 5931 23.
924 5874 1088 5932 "lsa.
1119 5890 1205 5942 ιν,
1241 5876 1291 5932 1.
1369 5878 1413 5910 "
1446 5877 1610 5933 Eccli.
1637 5895 1731 5946 xu,
1768 5879 1831 5934 15

1899 4655 2029 4711 nolo
2055 4673 2069 4710 :
2100 4657 2289 4727 utique
2314 4656 2384 4711 ob
2406 4656 2680 4713 defectum
2708 4657 3084 4714 illustrationis
3109 4659 3330 4715 divinae.
3363 4660 3476 4717 Cu-

1895 4745 1987 4815 jus
2032 4746 2251 4816 quidem
2296 4747 2389 4818 qui
2424 4747 2701 4819 partlbeps
2753 4758 2857 4815 est,
2896 4764 3006 4805 non
3040 4758 3125 4805 est
3176 4750 3421 4808 incertus
3458 4771 3473 4807 :

1900 4837 1996 4893 sed
2043 4838 2284 4911 illigatus
2329 4846 2385 4896 et
2413 4839 2711 4912 impeditus
2738 4843 2935 4899 evadet
2967 4844 3185 4900 abunde
3212 4845 3358 4901 circa
3386 4862 3475 4903 res

1903 4931 2139 4987 divinas.

1978 5022 2065 5077 85.
2118 5021 2404 5089 Quomodo
2422 5025 2501 5080 sal
2540 5025 2685 5082 istud
2724 5028 2925 5084 sensile
2955 5028 3182 5084 condire
3209 5029 3351 5086 solet
3380 5045 3475 5102 pa-

1907 5129 2055 5179 nem,
2094 5123 2149 5170 et
2189 5130 2408 5172 omnem
2457 5131 2665 5182 escam,
2701 5134 2894 5175 carnes
2930 5120 3063 5176 item
3101 5122 3389 5192 quasdam,
3420 5133 3477 5179 et

1906 5221 2029 5276 qua:
2048 5206 2308 5262 duratura
2345 5216 2494 5273 sunt,
2528 5220 2861 5265 conservata
2883 5213 3192 5282 putredine,
3221 5229 3476 5270 omnem-

1907 5316 2016 5372 que
2052 5301 2253 5356 malum
2304 5301 2453 5373 fugat
2480 5302 2705 5359 odorem
2746 5319 2763 5358 :
2800 5304 2949 5361 hunc
2984 5306 3146 5361 etiam
3170 5306 3227 5361 in
3253 5308 3477 5362 modum

1907 5394 2113 5450 sentire
2153 5393 2322 5449 debes
2385 5395 2452 5449 de
2505 5397 2923 5453 conservatione
2956 5398 3177 5464 mentis,
3210 5397 3479 5452 suavitate

1906 5487 2101 5553 animi,
2156 5495 2213 5541 et
2272 5486 2595 5542 admiranda
2625 5488 2744 5557 ejus
2775 5487 3033 5543 efficacia.
3065 5488 3299 5544 Suavem
3330 5488 3479 5543 enim

1908 5576 2170 5633 divinitus
2199 5576 2380 5632 reddit
2412 5576 2710 5641 hominem,
2730 5586 2838 5631 tam
2869 5577 3168 5641 internum,
3189 5592 3350 5647 quam
3380 5591 3478 5631 ex-

1914 5679 2166 5724 ternum:
2198 5678 2253 5723 et
2283 5682 2572 5737 pravarum
2602 5667 2992 5738 cogitationum
3032 5667 3249 5737 paedore
3292 5667 3481 5737 proﬂi-

1916 5770 2061 5834 gato,
2088 5774 2445 5831 perseverans
2467 5761 2519 5815 in
2557 5760 2720 5815 rebus
2747 5759 3017 5828 honestis,
3040 5776 3139 5818 nos
3168 5769 3477 5818 conservat.

1928 5881 1973 5911 ⁸³
1995 5879 2135 5933 Psal.
2169 5893 2354 5945 xxxix,
2380 5877 2431 5933 9.
