4006 6420
524 418 656 484 [07

1710 414 2079 477 HESYCHII
2115 418 2502 481 PRESBYTE
2512 421 2591 480 BI

3659 413 3786 478 1508

593 533 683 588 86.
740 529 782 584 Ε
826 528 1175 601 suggestione
1223 527 1589 600 cogitationes
1618 528 1873 583 oriuntur
1908 529 2104 584 immo-

2276 531 2397 597 πς’.
2454 533 2550 585 Ἐκ
2592 529 2913 603 προσϐολῆς
2946 528 3135 583 πολλοὶ
3172 528 3445 599 λογισμοὶ,
3494 528 3565 580 ἐκ
3599 526 3655 579 δὲ
3681 527 3795 581 τού-

521 628 660 682 όὶεω
703 643 718 679 :
769 640 839 679 ex
902 624 989 678 his
1060 614 1226 693 porro
1281 629 1580 692 erumpunt
1625 622 1872 677 exterius
1950 635 2104 677 acto-

521 734 624 773 nes
702 715 984 786 improbae.
1065 714 1335 769 Caeterum
1424 713 1517 782 qui
1603 713 1794 768 divino
1881 714 2105 785 adjutus

525 809 747 872 auxilio,
769 807 1055 864 confestim
1084 806 1318 877 primum
1354 806 1702 869 exstinxerit,
1736 807 1944 877 reliqua
1969 805 2106 861 effu-

526 902 675 972 giet:
715 914 1050 969 suavemque
1089 914 1274 953 rerum
1310 897 1618 953 divinarum
1647 908 1973 968 assequetur
2002 916 2105 955 cu-

526 993 730 1048 mulate
777 991 1025 1047 notitiam
1054 1005 1160 1059 qua
1202 989 1369 1045 Deum
1414 990 1619 1059 ubique
1666 991 1861 1046 adesse
1882 990 2102 1047 sentiet.

527 1084 587 1140 In
615 1100 682 1140 eo
711 1099 842 1138 vero
879 1082 1162 1153 speculum
1187 1082 1388 1137 mentis
1411 1098 1475 1136 ex
1504 1082 1945 1137 reverberatione
1970 1097 2106 1136 con-

528 1162 769 1233 tinenter
805 1178 1125 1240 illustratur,
1167 1191 1278 1230 non
1319 1176 1475 1229 aliter
1498 1190 1660 1244 quam
1706 1175 1909 1229 vitrum
1944 1191 2106 1230 mun-

528 1266 657 1320 dum
687 1280 717 1319 a
754 1266 867 1320 sole
896 1264 1161 1319 sensibili.
1220 1264 1286 1318 Et
1330 1273 1445 1319 tum
1490 1264 1727 1335 quiescit
1772 1266 1988 1319 animus
2037 1266 2105 1320 ab

528 1358 677 1412 omni
723 1358 849 1423 alia,
887 1372 1270 1428 quamcunque
1306 1366 1654 1427 conceperat,
1694 1358 2102 1428 speculatione:

528 1450 681 1505 velut
727 1465 1022 1514 occurrens
1062 1465 1229 1521 scopo
1258 1450 1504 1506 omnium
1526 1449 1793 1506 bonorum
1824 1452 2102 1507 desidera-

527 1541 763 1597 tissimo.
1602 1588 1605 1591 μ

598 1633 689 1688 87.
729 1631 866 1687 Cum
897 1634 1076 1689 omnis
1116 1636 1372 1708 cogitatio
1401 1653 1465 1691 ex
1501 1637 1889 1709 imaginatione
1921 1652 2104 1692 rerum

527 1726 883 1795 quarumdam
914 1727 1198 1782 sensilium
1236 1729 1445 1784 oriatur
1470 1730 1523 1784 in
1552 1731 1715 1786 corde
1741 1773 1757 1796 ,
1808 1740 1940 1785 tunc
1978 1730 2107 1786 bea-

529 1825 645 1871 tum
702 1816 1003 1871 divinitatis
1041 1817 1224 1871 lumen
1286 1818 1576 1874 illustrabit
1623 1820 1923 1885 hominem,
1976 1834 2106 1874 cum

2207 642 2313 679 των
2338 626 2371 695 ἡ
2400 625 2615 696 πονηρὰ
2652 623 2890 695 αἰσθητὴ
2918 621 3152 693 πρᾶξις’
3179 623 3208 675 6
3240 621 3297 675 δὲ
3332 620 3477 690 μετά
3490 618 3591 672 τοῦ
3628 617 3795 688 Ἰησοῦ

2205 716 2267 769 τὸ
2301 715 2520 786 πρῶτον
2558 716 2724 778 εὐθὺς
2783 715 3079 777 σϐεννύων,
3122 714 3193 767 τὰ
3248 712 3378 784 ἑξῆς
3425 712 3683 779 διέφυγε,
3710 712 3797 764 καὶ

2205 808 2414 876 γνῶσιν
2445 808 2595 862 θείαν
2618 810 2879 876 γλυκεῖαν
2909 808 3228 877 πλουτήσει,
3259 806 3328 859 δι’
3350 801 3420 877 ἧς
3467 803 3611 857 Θεὸν
3641 804 3798 873 εὑρη-

2209 917 2292 954 σει
2339 901 2434 954 τὸν
2479 900 2763 971 πανταχοῦ
2807 900 3057 954 ὄνταοὲν
3090 900 3237 968 αὐτῷ
3291 898 3350 952 δὲ
3390 897 3453 949 τὸ
3491 896 3798 963 κάτοπτρον

2205 989 2301 1045 τοῦ
2337 990 2458 1055 νοὸς
2493 991 2816 1062 ἀντερείσας
2851 988 3438 1060 φωτίζεταιδιηνεκῶς
3465 986 3602 1040 καθ’
3630 987 3798 1055 όμοιόυ

2206 1100 2347 1154 τητα
2381 1082 2477 1137 τοῦ
2506 1082 2750 1156 καθαροῦ
2803 1084 2988 1150 ὑέλου,
3031 1085 3128 1139 καὶ
3175 1082 3271 1136 τοῦ
3324 1078 3603 1151 αἰσθητοῦ
3633 1078 3800 1150 ἡλίου,

2207 1174 2302 1228 καὶ
2351 1175 2475 1228 τότε
2519 1175 2865 1229 ἀναπαύεται
2896 1175 2926 1228 6
2965 1175 3113 1239 νοῦς,
3166 1175 3244 1239 ὡς
3299 1173 3363 1227 τδ
3412 1172 3662 1243 ἔσχατον
3703 1170 3803 1224 τῶν

2206 1265 2453 1337 δρεκτῶν
2486 1267 2724 1338 φθάσας,
2757 1269 2872 1323 ἀπὸ
2917 1268 3104 1341 πάσης
3141 1268 3311 1341 ἄλλης
3356 1266 3516 1331 τινὸς
3567 1266 3631 1319 ἐν
3664 1263 3802 1336 αὐτῷ

2208 1361 2468 1434 θεωρίας.

2278 1630 2389 1695 πζν.
2444 1629 2669 1700 Ἐπειδὴ
2703 1630 2815 1693 πᾶς
2854 1628 3121 1699 λογισμὸς
3139 1626 3229 1681 διὰ
3272 1624 3596 1695 φαντασίας
3624 1624 3803 1693 αἰσθη-

2206 1722 2318 1777 τῶν
2364 1741 2532 1777 τινων
2579 1723 2893 1794 εἰσέρχεται
2937 1724 2997 1776 ὲν
3037 1723 3104 1792 τῇ
3154 1721 3380 1792 καρδίᾳ,
3411 1719 3544 1773 τότε
3581 1718 3803 1787 αύγάζει

2206 1817 2371 1870 αὐτὸν
2401 1816 2463 1870 τὸ
2498 1816 2774 1888 μακάριον
2820 1814 2938 1885 φῶς
2982 1814 3084 1884 τῆς
3132 1812 3411 1883 θεότητος,
3456 1812 3599 1865 ὅταν
3639 1811 3805 1863 πάντα

528 1905 712 1962 omnia
744 1924 969 1977 prorsus
998 1919 1187 1978 pacata
1218 1910 1536 1976 reddiderit,
1564 1920 1621 1965 et
1650 1911 1966 1982 huiusmodi
1995 1910 2108 1966 for-

2220 1911 2521 1982 εὐκαιρήσῃ
2559 1909 2668 1963 ἀπὸ
2709 1910 2951 1973 πάντων,
2992 1906 3092 1961 καὶ
3136 1906 3564 1977 ἀσχημάτιστος
3594 1905 3659 1957 ὲκ
3690 1904 3804 1956 τού-

528 2014 741 2053 marum
766 2014 959 2069 expers
977 2000 1291 2069 apparuerit
1314 2019 1327 2054 :
1356 2001 1399 2055 si
1423 2017 1615 2057 verum
1636 2012 1737 2065 est,
1759 2002 2106 2073 splendorem

530 2088 680 2144 illum
711 2106 863 2160 purae
902 2092 1071 2146 menti
1098 2093 1451 2163 perspicuum
1497 2109 1640 2161 esse,
1678 2095 2105 2165 comeptionum

530 2183 774 2237 omnium
810 2183 1135 2253 privatione.

600 2272 690 2327 88.
731 2273 946 2338 Quanto
975 2271 1283 2328 accuratius
1311 2274 1692 2330 observaveris
1748 2276 2108 2349 cogitationes

529 2363 700 2418 animi
729 2364 828 2426 tui,
877 2372 1028 2418 tanto
1057 2364 1262 2434 majore
1290 2380 1414 2420 cum
1442 2367 1717 2422 desiderio
1746 2367 1932 2424 Jesnm
1978 2385 2108 2441 pre-

529 2454 758 2511 caberis.
786 2456 1078 2537 Etcontra,
1104 2466 1310 2527 quanto
1331 2458 1698 2529 negligentius
1722 2475 1816 2515 eas
1832 2468 2109 2516 scrutatus

526 2547 719 2612 fueris,
768 2557 920 2604 tanto
958 2549 1172 2620 longius
1200 2550 1269 2604 ab
1309 2549 1437 2605 Jesu
1466 2552 1780 2607 recesseris.
1818 2553 1886 2607 Et
1915 2566 2125 2623 quem~'

527 2640 822 2696 admodum
871 2641 1025 2711 prius
1072 2640 1204 2695 illud
1233 2656 1417 2697 aerem
1449 2644 1652 2698 mentis
1683 2643 1883 2698 mirum
1908 2644 1963 2697 in
1988 2660 2107 2700 mo-

528 2734 656 2789 dum
691 2722 924 2789 illustrat
952 2748 966 2786 :
1000 2734 1095 2799 ita,
1131 2734 1175 2788 si
1210 2735 1334 2804 quis
1361 2737 1725 2805 temperantia
1754 2738 2106 2804 destituatur,

529 2836 584 2882 et
627 2826 783 2881 suavi
816 2826 947 2881 Jesu
976 2826 1344 2895 invocatione,
1377 2829 1621 2884 tenebris
1650 2846 1878 2900 prorsus
1927 2832 2109 2888 obdu-

528 2926 704 2973 cetur.
737 2917 805 2972 Et
857 2934 971 2973 rem
1014 2917 1326 2988 huiusmodi
1361 2920 1441 2975 sic
1478 2932 1673 2976 natura
1706 2938 1765 2978 se
1793 2922 2018 2986 habere,
2048 2932 2110 2980 ut

528 3010 791 3075 diximus,
814 3018 869 3064 et
893 3025 1005 3063 non
1021 3010 1201 3074 aliter,
1229 3012 1568 3082 experientia
1593 3014 1794 3080 disces,
1816 3030 1940 3071 cum
1964 3016 2109 3072 facto

530 3103 653 3172 ipso
688 3104 985 3159 tentaveris
1016 3120 1029 3156 :
1060 3119 1182 3158 cum
1219 3120 1282 3159 ea
1302 3106 1733 3177 virtusjucunda
1764 3109 2109 3166 illuminandi

528 3193 788 3247 facultate
837 3193 1084 3263 prmdita,
1128 3208 1237 3248 non
1270 3195 1428 3251 aliter
1472 3198 1680 3269 percipi
1721 3190 1913 3267 soleat:
1944 3216 2107 3271 quam

529 3284 889 3353 experientia.

600 3377 689 3432 89.
734 3379 1030 3449 lmplorare
1057 3379 1247 3436 Jesum
1281 3381 1517 3437 assiduis
1546 3382 1822 3452 precibus,
1853 3398 1977 3438 cum
2013 3386 2112 3441 de-

529 3468 734 3524 siderio
765 3471 997 3540 quodam
1044 3474 1333 3529 suavitatis
1378 3483 1433 3528 et
1477 3475 1683 3532 latitia:
1714 3476 1899 3546 pleno,
1935 3477 2114 3533 reddit

528 3562 733 3616 mentis
786 3577 969 3618 aerem
999 3564 1219 3634 plenum
1248 3565 1448 3636 gaudio
1493 3576 1550 3621 et
1586 3568 1996 3637 tranquillitate,
2043 3571 2114 3626 ob

530 3669 797 3709 summam
830 3655 913 3710 sui
954 3656 1411 3713 observationem.
1449 3658 1519 3714 Ut
1551 3669 1735 3714 autem
1772 3661 1988 3716 animus
2014 3679 2116 3733 pe-

530 3747 678 3801 nitus
732 3748 1047 3815 mundetur,
1096 3764 1261 3804 causa
1311 3758 1396 3804 est
1426 3751 1588 3806 Jesus
1646 3751 1901 3807 Christus
1945 3753 2114 3810 Filius

530 3835 625 3890 Dei
675 3845 728 3891 et
756 3837 923 3903 Dens,
945 3838 1192 3892 omnium
1233 3838 1501 3893 bonorum
1528 3850 1721 3896 auctor
1769 3851 1823 3897 et
1861 3842 2111 3901 effector.

528 3927 644 4002 Ego
670 3927 843 3996 enim,
869 3928 1071 3999 inquit,
1094 3928 1234 3983 Deus
1257 3929 1454 3998 faciens
1482 3946 1666 3999 pacem
1690 3930 1761 3987 ⁸⁸.

598 4138 687 4193 90.
731 4138 944 4205 Anima,
992 4154 1114 4209 quae
1160 4139 1442 4196 beneﬁciis
1476 4149 1532 4195 et
1573 4141 1867 4201 dulcedine
1916 4148 2113 4203 affecta

529 4240 614 4285 est
650 4231 720 4284 ab
755 4229 908 4296 Jesu,
928 4246 1054 4285 cum
1078 4232 1444 4287 exsultatione
1470 4236 1707 4303 quadam
1737 4247 1793 4293 et
1822 4239 2110 4307 charitate,

529 4338 627 4392 per
661 4322 1087 4390 confessionem,
1117 4339 1245 4380 eum
1295 4326 1388 4396 qui
1421 4327 1683 4383 beneﬁcia
1741 4331 1995 4398 contulit,
2024 4347 2113 4387 re-

528 4426 783 4473 munerat
804 4435 817 4470 :
841 4426 951 4472 tam
974 4419 1175 4489 gratias
1196 4421 1428 4492 agendo,
1459 4438 1621 4491 quam
1655 4424 1962 4481 invocando
1989 4442 2113 4481 cum

527 4508 808 4578 voluptate
843 4509 1010 4564 animi
1039 4511 1370 4581 placatorem
1397 4531 1554 4569 suum
1592 4531 1606 4567 :
1634 4515 1716 4570 vel
1749 4532 1815 4570 eo
1847 4525 2112 4587 tempore,

2215 2019 2326 2056 των
2356 2002 2609 2073 γένηται,
2640 2001 2802 2074 εἴπερ
2827 2003 2860 2072 ή
2899 1998 3224 2071 λαμπρότης
3272 1997 3463 2068 ἐκείνη
3503 1999 3659 2051 κατά
3689 1996 3803 2048 στέ-

2218 2110 2380 2165 ρησιν
2411 2093 2522 2146 τῶν
2550 2094 2770 2147 πάντων
2812 2091 3109 2163 νοημάτων
3141 2088 3571 2159 παραφαίνεται
3616 2087 3693 2157 τῷ
3723 2105 3807 2140 κα-

2216 2182 2370 2255 θαρῷ
2401 2185 2504 2239 νοῖ.

2285 2284 2401 2349 πην.
2443 2277 2610 2331 Ὀσον
2661 2275 2762 2348 τὴν
2802 2276 3045 2331 διάνοιαν
3098 2276 3285 2347 ἄκρως
3311 2274 3643 2347 προσέχεις,
3674 2274 3805 2327 κατὰ

2214 2370 2474 2424 τοσοῦτον
2505 2369 2646 2441 μετά
2673 2368 2847 2423 πόθου
2878 2368 2958 2439 τῷ
2993 2367 3168 2440 Ἰησοῦ
3207 2366 3517 2439 προσεύξῃ.
3547 2367 3665 2419 Καὶ
3692 2366 3805 2417 ὅσον

2217 2461 2381 2515 πάλιν
2413 2459 2513 2531 τὴν
2545 2459 2788 2514 διάνοιαν
2824 2458 3047 2530 ἀμελῶς
3078 2460 3378 2530 ἐπισκέψῃ,
3426 2458 3582 2512 κατά
3630 2456 3805 2509 τοσοῦ·

2216 2572 2309 2608 τον
2335 2556 2431 2608 καὶ
2459 2553 2553 2608 τοῦ
2597 2553 2776 2624 Ἰησοῦ
2798 2552 3163 2625 μακρυνθήση
3186 2568 3202 2583 ·
3236 2554 3330 2607 καὶ
3358 2552 3561 2623 ῶσπερ
3587 2552 3653 2605 τὸ
3684 2551 3803 2621 πρό-

2215 2664 2378 2719 τερον
2410 2647 2601 2717 ἄκρως
2645 2646 2741 2699 τὸν
2770 2646 2913 2717 ἀέρα
2955 2646 3057 2715 τῆς
3105 2644 3349 2709 διανοίας
3383 2644 3643 2713 φωτίζει,
3673 2643 3802 2697 οὔτω

2216 2739 2312 2792 καὶ
2349 2737 2410 2792 τὸ
2455 2736 2761 2792 ὲκκενῶσαι
2805 2736 2913 2790 ἀπὸ
2946 2736 3048 2807 τῆς
3086 2736 3321 2809 νηψεως,
3372 2735 3471 2789 καὶ
3522 2735 3630 2807 τῆς
3681 2735 3802 2802 γλυ-

2215 2832 2371 2895 κείας
2416 2830 2767 2901 ἐπικλήσεως
2800 2829 3003 2901 Ἰησοῦ,
3052 2830 3330 2895 σκοτίζειν
3369 2829 3543 2884 αὐτὸν
3590 2831 3655 2883 ὲκ
3681 2847 3801 2882 παν-

2214 2924 2308 2990 τὸς
2340 2924 2609 2995 πέφυκεν,
2645 2924 2724 2986 ὡς
2767 2918 2909 2977 εἶναι
2956 2922 3121 2993 φύσει
3165 2924 3229 2977 τὸ
3279 2925 3522 2994 πρᾶγμα
3568 2922 3801 2976 τοιοῦτον

2215 3016 2293 3080 ὡς
2339 3017 2594 3087 εἴπομεν,
2637 3015 2737 3069 καὶ
2774 3015 2951 3079 ἄλλως
2981 3015 3083 3069 οὐκ
3113 3015 3253 3068 ἔστι.
3296 3016 3409 3069 Καὶ
3439 3014 3612 3068 τοῦτο
3642 3014 3800 3086 πείρᾳ

2216 3108 2386 3179 λήψῃ,
2423 3108 2573 3179 ἔργῳ
2620 3107 2950 3177 δικιμάσας,
2987 3105 3114 3161 ἐπεὶ
3160 3106 3235 3178 μὴ
3284 3107 3535 3175 πέφυκεν
3568 3106 3735 3177 ἀρετὴ
3767 3109 3797 3175 ἡ

2214 3202 2445 3271 τοιαύτη
2474 3200 2787 3270 φωτοτόκος
2815 3200 3028 3272 τερπνὴ
3057 3199 3316 3271 ἐργασία,
3346 3201 3396 3252 εί
3422 3198 3503 3270 μὴ
3542 3201 3612 3269 τῇ
3643 3198 3799 3268 πείρᾳ

2136 3268 2182 3328 C
2212 3268 2589 3350 διδάσκεσθαι.

2286 3388 2397 3443 πθ’.
2438 3388 2513 3441 Τδ
2550 3387 2652 3459 μὲν
2687 3386 2827 3457 μετά
2877 3385 3049 3439 πόθου
3091 3384 3238 3449 τινδς
3279 3384 3482 3456 μεστοῦ
3534 3384 3799 3455 γλυκύτη’

2212 3498 2305 3543 τος
2334 3480 2431 3534 καὶ
2465 3480 2642 3551 χαρᾶς
2661 3476 3049 3532 ἐπικαλεῖσθαι
3082 3477 3325 3547 συνεχῶς
3365 3476 3607 3548 Ἰησοῦν,
3638 3477 3797 3529 αἴτιον

2213 3573 2309 3627 τοῦ
2334 3574 2512 3644 χαρᾶς
2547 3550 2788 3643 ἔμπλεον
2822 3572 2917 3624 καὶ
2945 3550 3194 3641 γαλήνης
3235 3564 3378 3622 εἶναι
3413 3569 3512 3622 τὸν
3540 3569 3679 3639 ἀέρα
3705 3568 3796 3637 τῆς

2214 3667 2463 3738 καρδίας,
2517 3666 2581 3719 ὲκ
2630 3664 2734 3735 τῆς
2770 3663 2950 3734 ἄκρας
2993 3664 3294 3734 προσοχῆς.
3352 3659 3462 3714 Τοῦ
3505 3661 3568 3715 δὲ
3618 3662 3793 3728 ἄκρως

2215 3756 2587 3828 καθαίρεσθαι
2617 3756 2718 3827 τὴν
2749 3755 3003 3826 καρδίαν,
3034 3754 3208 3817 αῐτιος
3246 3752 3461 3824 Ἰησοῦς
3505 3753 3739 3825 Χριστὸς
3766 3753 3792 3805 6

2216 3848 2345 3911 Υἱὸς
2377 3845 2475 3900 τοῦ
2511 3844 2647 3899 Θεοῦ
2689 3846 2786 3898 καὶ
2816 3843 2973 3911 Θεὸς,
3004 3846 3033 3897 6
3067 3843 3291 3897 πάντων
3322 3843 3436 3895 τῶν
3482 3842 3671 3897 καλῶν
3716 3843 3792 3895 αἷ-

2215 3957 2329 4004 τιος
2358 3940 2453 3993 καὶ
2483 3939 2739 4010 ποιητής.
2778 3936 2922 4008 Ἐγὼ
2950 3937 3061 4010 γὰρ
3080 3978 3096 4003 ,
3128 3935 3286 4009 φησὶ,
3330 3935 3480 4007 Θεὸς
3506 3934 3696 3991 ποιῶν
3718 3938 3788 3989 εί-

2207 4031 2430 4101 mirar-

2287 4150 2358 4213 ιε.
2400 4144 2859 4217 Εὐεργετουμένη
2912 4143 3093 4215 ψυχὴ,
3138 4142 3234 4197 καὶ
3260 4143 3669 4213 γλυκαινομένη
3697 4142 3789 4195 ὐπὸ

2228 4236 2433 4307 Ἰησοῦ,
2469 4238 2609 4309 μετὰ
2631 4235 3011 4306 ἀγαλλιάσεως
3036 4252 3182 4299 τινος
3216 4236 3315 4289 καλ⁵
3338 4236 3564 4307 ἀγάπης
3596 4236 3681 4290 διὰ
3700 4236 3787 4305 τῆς

2216 4329 2663 4400 ὲξομολογήσεως
2714 4328 2811 4382 τὸν
2855 4328 3160 4399 εὐεργέτην
3206 4327 3528 4397 ἀμείϐεται,
3575 4329 3786 4398 εὐχαρι-

2218 4421 2420 4474 στοῦσα
2450 4421 2549 4474 καὶ
2583 4419 3000 4490 ἐπικαλουμένη
3044 4418 3185 4489 μετά
3234 4418 3559 4490 θυμηδείας,
3598 4420 3686 4473 τὸν
3719 4420 3787 4472 elo

2219 4510 2618 4584 ρηνοποιοῦντα
2646 4510 2841 4581 αὐτὴν.
2882 4510 2980 4564 καὶ
3013 4509 3181 4579 μέσον
3213 4508 3385 4579 αὐτῆς
3414 4509 3627 4581 νοητῶς
3658 4511 3785 4581 ὁρῶ·

528 4616 638 4670 quo
668 4603 816 4658 videt
843 4619 970 4659 eum
1015 4605 1070 4658 in
1105 4606 1284 4661 medio
1309 4607 1721 4675 dissolventem,
1757 4609 2108 4666 intellectuali

2220 4622 2317 4675 σης
2348 4603 2510 4659 αὐτὸν
2537 4603 2739 4657 λύοντα
2768 4601 2868 4667 τὰς
2908 4601 3219 4673 φαντασίας
3248 4601 3357 4655 τῶν
3384 4606 3485 4675 τῆς
3532 4603 3785 4675 πονηρίας

529 4694 763 4762 ratione,
793 4696 1072 4753 illusiones
1105 4698 1397 4769 spirituum
1426 4700 1708 4787 nequitiae.

598 4811 689 4866 9i.
734 4810 801 4864 Et
831 4812 1082 4881 despexit,
1117 4812 1295 4883 inquit
1335 4813 1528 4881 David,
1562 4814 1744 4869 oculus
1772 4832 1917 4871 meus
1947 4817 2109 4873 intel-

527 4902 778 4958 lectualis
816 4905 1057 4959 inimicos
1086 4922 1226 4960 meos
1257 4907 1536 4976 spiritales
1569 4923 1584 4961 :
1630 4917 1678 4961 et
1721 4908 2109 4979 insurgentibus

529 4992 585 5046 in
618 5009 698 5046 me
726 4995 906 5048 audiet
945 4996 1092 5048 auris
1119 5011 1236 5049 mea
1262 4995 1332 5049 ⁸⁸.
1364 4994 1432 5049 Et
1459 4994 1879 5051 retributionem
1911 5011 2109 5066 pecca-

531 5091 710 5137 torum
740 5084 796 5137 in
830 5101 918 5139 me
945 5101 975 5139 a
1006 5085 1119 5140 Deo
1153 5086 1271 5141 ﬁeri
1308 5086 1585 5142 videbam.

600 5195 690 5250 92.
733 5195 790 5250 Si
818 5197 981 5252 nulla:
1020 5197 1226 5253 fuerint
1251 5200 1307 5254 in
1362 5209 1547 5256 mente
1580 5200 1885 5267 illusiones,
1915 5201 1970 5255 in
2006 5217 2108 5256 suo

528 5287 766 5344 naturali
796 5294 942 5343 statu
980 5300 1267 5360 permanet
1296 5292 1532 5357 animus,
1584 5305 1808 5363 paratus
1841 5294 2108 5350 inclinare

530 5380 587 5435 in
624 5395 843 5437 omnem
874 5382 1273 5451 delectabilem,
1304 5384 1627 5455 spiritalem,
1668 5395 1722 5440 et
1753 5386 1866 5440 Deo
1898 5396 2105 5457 gratam

529 5471 1067 5541 contemplationem.

602 5582 693 5637 9'5.
734 5582 846 5638 Hac
891 5600 1020 5657 ergo
1075 5587 1312 5651 ratione,
1374 5598 1433 5643 ut
1468 5588 1601 5653 dixi,
1649 5587 2009 5657 temperantia
2059 5598 2113 5642 ct

532 5673 844 5743 deprecatio
866 5673 997 5731 Jesu
1028 5693 1153 5734 sese
1185 5689 1379 5734 natura
1422 5686 1613 5735 mutuo
1644 5679 1887 5735 stabilire
1912 5679 2112 5734 solent.

616 5851 663 5883 "
694 5851 798 5906 lsa.
826 5870 945 5922 XLV,
982 5855 1037 5910 7.
1134 5856 1181 5889 "
1206 5855 1348 5912 l'sal.
1382 5874 1486 5912 xei.

2215 4696 2569 4767 πνευμάτων.

2288 4813 2396 4876 ιια’.
2438 4809 2549 4862 Καὶ
2575 4806 2796 4871 ἐπεῖδε,
2826 4807 2993 4877 φησίν
3026 4808 3055 4861 6
3086 4804 3251 4859 Δαὸὶδ
3271 4807 3299 4859 ό
3327 4805 3549 4878 νοητὸς,
3582 4808 3783 4878 ὀφθαλ-

2210 4898 2327 4967 μός
2348 4914 2470 4967 μου
2499 4897 2569 4951 ὲν
2604 4896 2731 4962 τοῖς
2755 4895 2995 4965 ἐχθροῖς
3021 4913 3163 4964 μου.
3196 4894 3310 4952 Καὶ
3346 4896 3421 4949 ἐν
3465 4896 3596 4964 τοῖς
3622 4898 3785 4951 ἐπαν-

2216 4989 2583 5059 ισταμένοις,
2614 4989 2942 5044 ἀκούσεται
2970 4987 3038 5040 τὸ
3055 4981 3165 5052 οὖς
3187 5004 3330 5056 μου.
3362 4987 3476 5041 Καὶ
3504 4988 3782 5042 ἀνταπόδο-

2219 5099 2305 5135 σιν
2334 5080 2681 5153 ἁμαρτωλῶν
2711 5076 2852 5134 εϊδον
2877 5079 3030 5151 παρὰ
3056 5077 3192 5131 Θεοῦ
3224 5079 3283 5133 ὲν
3311 5078 3441 5149 ἐμοὶ
3472 5079 3781 5150 γενομένην.

2286 5194 2394 5265 ιιβυ.
2434 5194 2753 5249 Φαντασιῶν
2782 5194 2841 5247 δὲ
2871 5193 2949 5264 μὴ
2976 5190 3153 5245 οὐσῶν
3179 5207 3345 5245 τινων
3374 5192 3436 5244 ὲν
3459 5193 3683 5263 καρδίᾳ,
3712 5193 3781 5253 εἰς

2214 5287 2276 5341 τὸ
2304 5287 2446 5341 κατά
2478 5286 2642 5356 φύσιν
2672 5288 2700 5340 ό
2743 5285 2869 5350 νοῦς
2901 5285 3145 5349 ἵσταται,
3171 5283 3392 5353 ἕτοιμος
3424 5282 3502 5336 ῶν
3532 5283 3781 5337 κινεῖσθαι

2215 5381 2298 5442 είς
2342 5381 2528 5433 πᾶσαν
2566 5376 2805 5449 θεωρίαν
2848 5376 3092 5448 τερπνὴν
3125 5374 3511 5446 πνευματικὴν
3551 5375 3645 5429 καὶ
3676 5373 3778 5427 Oeo-

2214 5471 2365 5541 φιλῆ.

2290 5585 2400 5655 ια’.
2441 5585 2633 5649 Οῦτως
2661 5580 2776 5651 οὖν,
2808 5584 2885 5647 ὡς
2914 5579 3090 5648 εἷπον,
3124 5580 3440 5650 πεφύκασιν
3465 5574 3611 5633 εῖναι
3632 5576 3779 5645 ἀλλήο

2222 5677 2330 5732 λων
2366 5678 2691 5743 συστατικὰ,
2725 5678 2761 5747 ἦ
2790 5692 2850 5731 τε
2874 5676 3056 5748 νῆψις,
3087 5674 3184 5728 καλ⁵
3222 5671 3400 5743 Ἰησοῦ
3426 5671 3595 5743 εὐχή*
3625 5670 3659 5741 ἡ
3691 5665 3778 5738 μὲν
