4040 6444
222 416 242 479 1
255 416 361 481 509

931 411 1029 471 DE
1067 404 1615 470 TEMPERANTIA
1655 407 1748 466 ET
1789 401 2153 465 VlRTUTE.
2185 429 2253 439 ·--
2275 402 2668 463 ΟΕΝΤΠΒΙΑ
2693 405 2743 465 Ι.

3342 404 3481 471 151Ο

217 526 357 594 γὰρ,
392 522 540 593 ἄκρα
580 518 827 591 προσοχὴ
854 519 955 589 τῆς
997 516 1258 587 συνεχοῦς
1283 512 1485 584 εὐχῆς’
1522 513 1559 582 ἡ
1586 511 1643 565 δὲ
1665 508 1805 581 εὐχὴ

1935 508 2130 561 Summa
2153 508 2299 562 enim
2322 508 2649 571 observatio,
2682 506 2998 563 continuam
3030 519 3313 579 promovet
3353 528 3481 581 pre-

221 613 393 670 πάλιν
422 611 644 667 ἐννοιῶν
674 611 775 681 τῆς
806 612 984 680 ἄκρας
1012 608 1228 681 νήψεως
1253 606 1349 660 καὶ
1379 603 1678 675 προσοχῆς.

296 793 401 861 κδ’.
442 791 696 865 Χρηστδς
744 786 1100 858 παιδαγωγὸς
1146 774 1385 841 καῖ’τοῦ
1430 780 1685 852 σώματος
1713 780 1807 832 καὶ

220 884 328 955 τῆς
360 883 562 955 ψυχῆς,
589 884 624 952 ἡ
668 880 1041 951 ἀνεπίληπτος
1068 878 1258 949 μνήμη
1289 874 1384 928 τοῦ
1418 874 1672 937 Θανάτου,
1712 873 1808 924 καὶ

221 977 289 1030 τὸ
312 1017 327 1041 ,
361 977 432 1029 τὰ
461 977 519 1027 ἐν
549 973 702 1046 μέσῳ
747 971 967 1035 πάντως
1010 967 1446 1039 παραδραμόντα
1488 963 1683 1030 αὑτὸν,
1722 963 1812 1016 del

224 1067 564 1139 προῦλέπειν
603 1066 703 1136 τὴν
744 1063 959 1134 κλίνην,
1006 1061 1136 1115 ἔνθα
1175 1054 1656 1129 ψυχορραγοῦντες
1682 1054 1813 1125 μέλ-

225 1160 395 1230 λομεν
427 1155 808 1221 κατακεῖσθαι,
842 1158 937 1209 καὶ
964 1152 1033 1207 τά
1058 1151 1242 1205 λοιπά.

302 1255 406 1317 ιιεᾶ
451 1248 566 1301 Ούκ
606 1246 777 1311 ἐστιν,
812 1244 1061 1314 ἀδελφοὶ,
1097 1241 1263 1296 ῦπνον
1293 1241 1532 1314 ἄρασθαι
1562 1238 1653 1292 τὸν
1694 1236 1815 1308 βου-

226 1342 459 1413 λόμενον
502 1340 749 1409 ἄτρωτον
797 1338 980 1409 μένειν
1023 1335 1114 1389 διὰ
1145 1335 1348 1398 παντός
1372 1350 1385 1363 ·
1414 1332 1634 1403 ἀνάγκη
1666 1330 1815 1383 δυοῖν

231 1433 486 1503 θάτερον,
523 1431 557 1501 ἢ
597 1432 790 1484 πεσεῖν
832 1430 930 1483 καὶ
954 1426 1257 1483 ἀπολέσθαι
1306 1423 1668 1495 γυμνωθέντα
1708 1421 1819 1473 τῶν

230 1523 472 1595 ἀρετῶν,
518 1522 551 1594 ἢ
579 1521 669 1575 διὰ
698 1522 900 1584 παντὸς
927 1520 1006 1591 τῷ
1038 1519 1119 1574 νοῒ
1155 1516 1623 1586 καθωπλισμένον
1652 1514 1817 1568 ἐστάο

234 1633 328 1669 ναι
348 1631 363 1645 ο
388 1617 481 1668 καὶ
510 1613 620 1684 γάρ
651 1615 679 1668 6
712 1613 906 1687 ἐχθρὸς
939 1614 1026 1666 ἀεὶ
1067 1612 1289 1665 ἵσταται
1324 1609 1463 1681 μετά
1494 1608 1593 1679 τῆς
1624 1606 1818 1661 ἐαυτοῦ

233 1705 622 1780 παρατάξεως.

310 1804 423 1867 ιιις’⁸
466 1796 680 1851 Γίνεταί
711 1813 797 1861 τις
830 1796 1172 1860 κατάστασις
1201 1794 1324 1848 θεία
1353 1795 1413 1847 ἐν
1439 1792 1518 1863 τῷ
1546 1792 1622 1865 νῷ
1660 1792 1822 1864 ἡμῶν

237 1891 308 1942 ἐκ
344 1890 442 1960 τῆς
474 1885 731 1959 συνεχοῦς
766 1887 989 1957 μνήμης
1017 1883 1110 1938 τοῦ
1140 1883 1351 1952 Κυρίου
1377 1882 1534 1954 ⁴ἡμῶν
1576 1882 1670 1934 καὶ
1700 1882 1820 1932 ἐπι-

238 1978 490 2050 κλήσεως
514 1978 680 2033 αὺτοῦ
706 1976 987 2049 συνεχοῦς,
1012 1977 1107 2030 ἐὰν
1135 1976 1210 2047 μὴ
1240 1974 1539 2046 ἀμελῶμεν
1559 1973 1658 2042 τῆς
1684 1970 1821 2042 πρὸς

239 2072 481 2145 Χριστὸν
512 2071 713 2142 συχνῆς
743 2070 887 2124 κατά
927 2069 1053 2124 νοῦν
1094 2069 1330 2140 δεήσεως
1359 2068 1458 2122 και
1482 2067 1582 2137 τῆς
1610 2067 1824 2135 πυκνῆς

240 2167 480 2234 νήψεως,
512 2164 604 2217 καὶ
627 2161 723 2215 τοῦ
751 2160 1106 2215 ἐπιστατικοῦ
1132 2160 1296 2231 ἔργου
1322 2176 1337 2190 ·
1363 2159 1499 2213 ἀλλά
1528 2158 1622 2212 καὶ
1655 2157 1824 2221 ὅντως

242 2258 410 2329 ἔργον
441 2255 576 2309 αὐτὸ
615 2254 725 2320 ἀεὶ,
786 2254 885 2309 καὶ
931 2252 1196 2316 ὡσαύτως
1242 2251 1659 2323 ἐπιτελούμενον
1684 2250 1823 2320 ἒχω-

248 2366 353 2420 μεν
378 2347 478 2418 τῆς
516 2345 691 2418 Ἰησοῦ
746 2346 986 2417 Χριστοῦ
1017 2346 1113 2400 τοῦ
1146 2345 1356 2418 Κυρίου
1400 2343 1560 2416 ἡμῶν
1593 2342 1826 2413 ἐπικλή-

246 2456 413 2507 σεως,
437 2437 574 2492 ἀλλὰ
608 2437 748 2509 μετὰ
771 2438 1070 2510 πυρώσεως
1094 2437 1323 2509 καρδίας
1345 2434 1666 2500 ἐκϐοῶντες,
1685 2433 1826 2487 ὥστε

250 2529 581 2601 μεταλαϐεῖν
619 2530 683 2583 τὸ
728 2529 884 2597 ἅγιον
926 2528 1100 2600 ῦνομα
1145 2527 1323 2599 Ἰησοῦ
1357 2544 1372 2560 ·
1417 2526 1675 2598 συνέχεια
1717 2525 1828 2597 γάρ

249 2621 352 2676 καὶ
393 2620 489 2674 ἐπὶ
517 2619 721 2691 ἀρετῆς
751 2620 848 2674 καὶ
876 2621 968 2672 ἐπὶ
998 2618 1202 2682 κακίας
1243 2619 1428 2688 μήτηρ
1452 2614 1621 2679 ἕξεως
1640 2630 1655 2645 θ
1691 2616 1725 2685 η
1748 2614 1828 2680 δὲ,

248 2711 329 2775 ὡς
363 2710 524 2781 φύσις
552 2710 740 2764 λοιπὸν
769 2711 983 2782 κρατεῖ.
1019 2709 1131 2763 Καὶ
1152 2710 1211 2762 ἐν
1250 2706 1585 2761 καταστάσει
1603 2705 1831 2776 τοιαύτῃ

248 2808 282 2859 6
329 2803 455 2868 νοῦς
497 2804 810 2875 γενόμενος,
860 2800 1015 2872 ζητεῖ
1066 2801 1195 2865 τοὺς
1260 2798 1574 2868 πολεμίους,
1641 2796 1831 2869 ῶσπερ

253 2899 406 2953 κύων
426 2896 742 2959 Λακωνικὸς
775 2894 989 2964 λαγωὸν
1036 2895 1095 2947 ἐν
1127 2894 1382 2965 λόχμαις.
1419 2890 1575 2945 Οῦτω
1598 2890 1707 2960 γὰρ
1737 2891 1835 2943 καὶ

252 2990 286 3042 6
314 2986 437 3052 νοῦς
465 2984 716 3057 πονηρῶν
750 2984 1027 3055 λογισμῶν
1051 2982 1314 3055 ἐξερευνᾷ
1332 2999 1345 3013 ·
1379 2981 1495 3036 ἀλλ’
1522 2982 1551 3032 6
1588 2980 1710 3050 μὲν,
1745 2980 1833 3033 ἵνα

254 3078 582 3150 καταφάγηο
613 3080 642 3131 6
669 3077 745 3144 δὲ,
782 3076 869 3130 ἵνα
907 3077 1267 3149 καταφθείρῃ.

330 3257 435 3324 ιιξι.
478 3256 607 3310 Ὅτε
654 3251 749 3311 οῦν
792 3257 891 3311 καὶ
934 3258 1129 3321 ὁσάκις
1183 3255 1576 3325 ἐπισυμϐαίνει
1625 3254 1832 3324 πληθύ-

255 3349 446 3403 νεσθαι
488 3347 547 3401 ἐν
592 3349 726 3419 ἡμῖν
763 3347 892 3410 τοὺς
938 3348 1211 3419 πονηροὺς
1258 3346 1579 3418 λογισμοὺς,
1610 3346 1711 3418 τὴν
1739 3344 1833 3399 τοῦ

259 3439 470 3513 Κυρίου
503 3438 660 3509 ἡμῶν
701 3437 874 3511 Ἰησοῦ
903 3436 1144 3510 Χριστοῦ
1196 3436 1487 3508 ἐπίκλησιν
1543 3436 1712 3507 μέσον
1738 3437 1838 3490 αύ-

256 3531 373 3583 τῶν
419 3529 779 3600 ἐμϐάλωμεν*
820 3530 915 3582 καὶ
940 3526 1347 3598 ,διαλυομένους
1387 3528 1590 3592 αὐτοὺς
1629 3528 1838 3592 εὐθέως

258 3620 386 3673 τότε
434 3619 566 3673 ὡσεὶ
615 3618 825 3673 καπνὸν
885 3620 946 3672 ἐν
992 3618 1118 3689 ἀέρι
1167 3617 1436 3689 ὀψόμεθα,
1483 3617 1558 3682 ὡς
1591 3620 1625 3690 ἡ
1671 3621 1838 3690 πεῖρα

260 3709 497 3776 ἐδίδαξε*
531 3712 627 3764 καὶ
674 3711 771 3765 τοῦ
818 3710 940 3773 νοὸς
1000 3711 1162 3780 μόνου
1215 3709 1671 3780 καταλειφθέντος
1715 3711 1837 3762 τότε

260 3801 562 3874 ἀρχώμεθα
607 3801 772 3857 πάλιν
795 3802 895 3871 τῆς
943 3799 1205 3871 συνεχοῦς
1247 3801 1527 3871 προσοχῆς
1572 3800 1667 3855 καὶ⁵
1719 3802 1841 3855 ὲπι-

262 3893 535 3963 κλήσεως.
580 3892 692 3946 Καὶ
735 3893 930 3955 ὁσάκις
960 3891 1066 3944 ὑπὸ
1092 3891 1292 3963 πείρας
1316 3891 1462 3955 τινὸς
1487 3890 1648 3944 τοῦτο
1676 3889 1841 3944 πάλιν

263 3984 551 4058 πάθωμεν,
580 3984 752 4049 οὕτως
773 3983 1040 4055 ποιῶμεν.

336 4169 449 4234 κη’.
465 4164 553 4229 Ὠς
574 4163 683 4236 γὰρ
704 4165 764 4218 οὐ
798 4163 1026 4217 δυνατὸν
1060 4167 1268 4235 γυμνὸν
1288 4165 1372 4228 είς
1392 4163 1632 4235 πόλεμον
1664 4162 1843 4217 εἰσελ-

268 4255 431 4309 θόντα
463 4254 702 4327 σώματι,
752 4255 787 4328 ἢ
826 4253 1059 4308 πλεῦσαι
1088 4256 1233 4326 μέγα
1266 4254 1502 4323 πέλαγος
1539 4256 1657 4325 μετ’
1688 4254 1842 4307 ἐνδυ-

269 4348 538 4419 μάτων,ἢ
574 4346 674 4420 ζῇν
722 4348 853 4402 ἄνευ
890 4347 984 4401 τοῦ
1020 4348 1304 4413 ἀναπνεῖν,
1351 4346 1528 4411 οῦτως
1574 4346 1842 4401 ἀδύνατον

265 4440 440 4509 χωρὶς
504 4437 887 4503 ταπεινώσεως
936 4440 1032 4492 καὶ
1104 4440 1362 4509 συνεχοῦς
1418 4439 1556 4511 πρὸς
1606 4439 1844 4511 Χριστὸν

1909 597 2215 652 cationem:
2242 597 2481 668 precatio
2525 613 2742 652 rursum
2771 598 3115 668 procuratrix
3142 605 3227 652 est
3254 612 3484 654 summae

1911 687 2286 755 temperantia:
2311 696 2366 742 et
2392 688 2790 742 observationis
2810 687 3221 758 cogitationum.

1981 778 2069 833 94.
2110 777 2363 849 Optimus
2411 783 2660 851 corporis
2702 789 2757 836 et
2800 783 2997 835 anima:
3027 781 3348 853 pzedagogus
3378 792 3483 844 est,

1912 871 2219 927 indelebilis
2254 874 2517 928 memoria
2540 874 2733 929 mortis
2757 891 2770 928 :
2796 884 2870 939 et,
2909 874 2977 928 iis
3002 890 3123 943 quae
3140 882 3269 928 ante
3297 874 3486 928 oculos

1910 963 2126 1033 iacent,
2173 965 2398 1019 omnino
2448 965 2853 1035 praetermissis,
2905 966 3254 1020 continenter
3309 964 3488 1020 cubile

1913 1057 2237 1126 praevidere,
2269 1058 2323 1111 in
2374 1074 2483 1128 quo
2510 1059 2739 1129 posthac
2795 1074 2919 1113 cum
2957 1057 3240 1128 refrigerio
3267 1055 3488 1127 requie-

1916 1162 2070 1201 scere
2103 1148 2394 1217 possimus.

1985 1239 2075 1294 95.
2115 1239 2234 1294 Non
2282 1240 2464 1305 debet,
2519 1240 2735 1308 fratres,
2770 1241 3022 1311 amplecti
3076 1256 3351 1308 somnum,
3393 1240 3489 1311 qui

1917 1343 2184 1401 perpetuo
2213 1333 2331 1387 vult
2364 1333 2565 1387 illaesus
2595 1342 2838 1387 manere.
2885 1334 3073 1403 Itaque
3123 1347 3351 1388 necesse
3405 1340 3493 1386 est

1917 1424 2149 1479 alterum
2180 1424 2437 1491 duorum,
2470 1435 2565 1480 aut
2602 1425 2890 1496 spoliatum
2924 1426 3220 1480 virtutibus
3265 1439 3491 1479 occum-

1919 1517 2049 1572 bere
2065 1526 2121 1572 et
2146 1519 2348 1587 perire,
2375 1528 2470 1573 aut
2496 1527 2679 1572 mente
2709 1534 2926 1588 semper
2942 1527 3149 1572 armata
3165 1518 3488 1573 consistere:

1919 1606 2046 1677 quia
2101 1622 2380 1676 nunquam
2412 1623 2521 1662 non
2557 1616 2700 1663 astat
2746 1609 2939 1672 hostis,
2976 1608 3209 1678 stipatus
3245 1606 3492 1663 exercitu

1921 1714 2041 1754 ειιο.

1993 1791 2082 1847 96.
2126 1790 2313 1848 Status
2362 1792 2585 1862 quidam
2652 1793 2872 1848 divinus
2909 1793 3157 1848 nascitur
3204 1791 3259 1846 in
3310 1791 3494 1846 animo

1924 1894 2116 1940 nostro
2144 1901 2210 1940 ex
2234 1886 2498 1941 continua
2532 1886 2743 1941 Domini
2768 1885 2942 1943 nostri
2974 1886 3254 1949 memoria,
3278 1895 3333 1941 et
3356 1885 3493 1940 assi-

1923 1975 2031 2030 dua
2070 1976 2188 2044 ejus
2221 1976 2600 2033 invocatione:
2636 1979 2799 2034 modo
2845 1978 3062 2033 solliciti
3092 1978 3263 2031 simus
3291 1978 3358 2032 de
3388 1976 3496 2031 l‘re-

1923 2068 2220 2136 quentibus
2267 2068 2434 2122 animi
2480 2071 2737 2139 precibus
2765 2086 2894 2143 erga
2943 2070 3247 2132 Christum,
3290 2068 3498 2123 crebris

1921 2159 2168 2230 jejuniis,
2201 2168 2255 2214 et
2299 2162 2557 2230 operibus
2617 2163 2981 2232 principatum
3021 2161 3375 2216 tenentibus:
3411 2174 3499 2214 re-

1926 2266 2077 2315 vera,
2117 2266 2284 2321 opere
2325 2252 2465 2321 ipso,
2499 2253 2640 2322 quod
2678 2253 2732 2306 in
2761 2253 3104 2308 invocatione
3156 2251 3364 2307 Domini
3395 2267 3498 2306 no-

1927 2344 2025 2399 stri
2050 2345 2178 2399 Jesu
2216 2344 2419 2399 Christi
2458 2345 2727 2410 consistit,
2755 2361 2973 2415 semper
3001 2354 3056 2400 et
3101 2345 3293 2400 eodem
3336 2344 3499 2398 modo

1927 2436 2477 2507 peragenda-praediti
2508 2436 2701 2500 simus,
2731 2452 2965 2491 accenso
2992 2436 3155 2491 corde
3189 2435 3501 2490 exclamano

1930 2539 2035 2593 tes,
2071 2536 2133 2582 ut
2177 2529 2352 2582 sancti
2388 2528 2625 2583 nominis
2668 2526 2799 2582 Jesu
2824 2527 3098 2598 possimus
3127 2542 3249 2582 esse
3278 2525 3501 2596 partici-

1929 2634 2046 2689 pes.
2083 2618 2390 2673 Assiduitas
2431 2619 2601 2681 enim,
2647 2618 2761 2673 sive
2794 2618 2849 2673 in
2881 2617 3082 2673 virtute
3112 2617 3229 2672 sive
3262 2617 3316 2670 in
3348 2616 3497 2679 vitio,

1932 2720 2109 2783 mater
2156 2719 2240 2765 est
2288 2710 2545 2766 habitus:
2583 2711 2803 2766 habitus
2847 2719 3051 2772 autem,
3096 2709 3245 2765 velut
3283 2718 3499 2772 natura,

1932 2813 2127 2858 caetera
2144 2803 2371 2858 obtinet.
2394 2803 2451 2857 In
2481 2818 2547 2858 co
2567 2803 2748 2873 itaque
2770 2811 2913 2857 statu
2944 2802 3243 2857 collocatus
3263 2803 3501 2869 animus,

1935 2892 2124 2949 hostes
2163 2892 2413 2963 inquirit,
2453 2902 2514 2948 ut
2559 2893 2714 2948 canis
2750 2892 3030 2947 laconicus
3066 2892 3121 2946 in
3171 2893 3320 2948 silvis
3351 2893 3504 2962 lepo-

1936 3002 2073 3041 rem.
2114 2986 2193 3041 Ad
2225 2986 2373 3040 hunc
2414 2986 2559 3039 enim
2606 2984 2827 3039 modum
2862 3000 3019 3039 mens
3057 2991 3334 3039 scrutatur
3378 3000 3504 3054 per-

1936 3093 2125 3132 versas
2170 3075 2567 3147 cOgitationes:
2617 3076 2714 3130 sed
2744 3075 2834 3131 ille
2863 3075 3107 3147 quidem,
3142 3084 3202 3131 ut
3226 3076 3503 3141 comedat,

1940 3171 2057 3227 haec
2087 3179 2292 3235 autem,
2325 3176 2385 3223 ut
2411 3167 2721 3224 labefactet.

2005 3261 2095 3316 97.
2136 3257 2583 3328 Quandocunque
2626 3266 2681 3311 et
2721 3255 3154 3327 quotiescunque
3197 3255 3506 3327 contigerit,

1939 3362 2000 3408 ut
2030 3361 2289 3423 augeatur
2318 3350 2375 3404 in
2410 3349 2567 3404 nobis
2592 3362 2859 3404 numerus
2890 3363 3177 3417 pravarum
3222 3348 3510 3418 cogitatio-

1936 3461 2070 3501 num
2092 3485 2107 3509 ,
2140 3443 2539 3512 interjiciamus
2584 3442 2638 3494 in
2673 3441 2913 3495 medium
2946 3457 3133 3496 earum
3173 3439 3511 3510 imploratio-

1938 3532 2065 3593 nem
2100 3534 2310 3591 Domini
2338 3533 2513 3587 nostri
2542 3530 2672 3588 Jesu
2704 3531 2943 3587 Christi:
2976 3542 3200 3601 tumque
3232 3546 3357 3586 mox
3393 3546 3509 3597 eas,

1940 3629 2115 3684 instar
2156 3625 2288 3680 fumi
2320 3625 2375 3678 in
2410 3639 2557 3703 aere,
2591 3623 2902 3679 videbimus
2927 3637 3255 3678 evanescere
3284 3637 3298 3673 :
3351 3622 3511 3679 sicuti

1938 3720 2125 3776 docuit
2156 3717 2512 3787 experientia.
2534 3717 2603 3771 Et
2631 3715 2675 3770 si
2699 3731 2854 3770 mens
2880 3715 2993 3770 sola
3016 3715 3515 3785 comprehendatur

1940 3810 2009 3864 ab
2039 3808 2167 3867 illis,
2200 3807 2381 3861 denuo
2430 3818 2775 3859 resumamus
2802 3803 3017 3858 initium
3044 3805 3373 3860 continentis
3414 3805 3514 3859 ob-

1941 3896 2269 3955 servationis
2334 3905 2388 3951 et
2429 3894 2815 3950 invocationis.
2896 3894 3122 3959 Quoties
3184 3896 3364 3965 itaque
3420 3896 3513 3950 tali

1941 3989 2178 4060 quodam
2230 3986 2476 4058 periculo
2521 4001 2740 4040 rursum
2798 3984 3141 4049 vexabimur,
3182 3985 3286 4040 hoc
3334 3986 3513 4056 ipsum

1942 4096 2187 4153 agamus.
2975 4141 2981 4150 _

2015 4173 2103 4227 98.
2144 4167 2619 4237 Quemadmodum
2642 4167 2756 4223 ﬁeri
2784 4183 2895 4224 non
2922 4177 3099 4238 potest
3130 4176 3191 4222 ut
3211 4168 3335 4238 quis
3366 4170 3515 4225 nudo

1944 4280 2174 4337 corpore
2212 4262 2553 4319 descendens
2582 4262 2641 4316 in
2681 4259 2950 4332 pra-llum,
2983 4262 3155 4317 victor
3183 4262 3395 4330 evadat,
3420 4273 3517 4318 aut

1945 4374 2069 4415 cum
2092 4355 2428 4412 indumentis
2457 4354 2512 4408 in
2537 4355 2805 4409 immenso
2832 4354 3022 4424 pelago
3051 4365 3222 4421 natet,
3248 4365 3342 4411 aut
3372 4359 3517 4414 vivat

1947 4451 2066 4505 sine
2099 4447 2458 4518 respiratione
2480 4486 2496 4512 ,
2541 4445 2614 4500 ita
2648 4445 2763 4499 ﬁeri
2795 4460 2906 4499 non
2950 4454 3130 4515 potest
3163 4457 3220 4501 ut
3249 4448 3382 4503 citra
3411 4450 3518 4504 bu-

269 4528 505 4592 ῑκεσίας,
536 4529 629 4582 τὸν
665 4529 857 4599 νοητὸν
878 4530 975 4581 καὶ
1007 4529 1250 4599 κρυπτὸν
1279 4528 1521 4597 πόλεμον
1552 4529 1832 4599 ἐκμαθεῖν,

1946 4541 2229 4596 militatem
2285 4547 2340 4593 et
2388 4538 2706 4593 continuam
2762 4537 2961 4592 Christi
3016 4538 3517 4608 supplicationem,

265 4618 361 4672 καὶ
388 4618 654 4691 τεχνικῶς
678 4618 904 4683 τούτους
927 4618 1291 4673 καταδιώκειν
1320 4618 1418 4672 καὶ
1442 4618 1680 4690 βάλλειν.

340 4800 449 4869 ὶιθθ.
499 4801 558 4854 '0
614 4801 790 4872 μέγας
828 4799 1280 4872 πρακτικώτατος
1329 4802 1494 4857 Δαόίδ
1546 4820 1680 4875 φησι
1711 4819 1725 4833 ·
1774 4803 1843 4857 Τὸ

268 4890 489 4960 κράτος
524 4907 646 4961 μου
679 4891 832 4960 πρὸς
886 4890 963 4945 σὲ
998 4891 1252 4961 φυλάξω
1274 4932 1290 4959 ,
1325 4893 1464 4965 πρὸς
1498 4893 1592 4948 τὸν
1636 4893 1844 4965 Κύριον

269 4982 443 5052 λέγει,
476 4981 619 5036 ὥστε
645 4982 706 5036 τὸ
736 4982 1079 5055 φυλαχθῆναι
1118 4985 1178 5038 ἐν
1216 4985 1349 5056 ἡμῖν
1390 4983 1452 5037 τὸ
1490 4984 1692 5056 κράτος
1743 4985 1846 5056 τῆς

270 5073 572 5144 καρδιακῆς
603 5075 794 5143 νοερᾶς
835 5074 1088 5145 ἡσυχίας,
1123 5073 1183 5141 ἐξ
1220 5071 1289 5147 ἦς
1337 5076 1636 5144 γεννῶνται
1673 5077 1847 5132 πᾶσαι

272 5164 329 5217 al
362 5164 576 5235 ἀρεταὶ,
613 5162 703 5217 διά
741 5165 837 5218 τοῦ
890 5164 1209 5238 βοηθεῖσθαι
1237 5167 1387 5238 ἡμᾶς
1418 5167 1571 5238 παρὰ
1600 5167 1695 5221 τοῦ
1730 5167 1845 5222 Κυ-

274 5256 393 5327 ρίου
440 5256 795 5327 προσγίνεται
817 5274 831 5289 ’
874 5258 971 5311 τοῦ
1019 5259 1117 5313 και
1143 5257 1243 5322 τὰς
1272 5259 1491 5324 ἐντολάς
1521 5260 1725 5324 δόντος,
1753 5260 1850 5314 καὶ

274 5345 370 5416 ἀφ’
398 5346 557 5416 ἡμῶν
585 5347 685 5419 τὴν
736 5349 940 5422 μιαρὰν
976 5349 1150 5421 λήθην
1193 5349 1573 5417 ἐκδιώκοντος,
1610 5351 1850 5422 συνεχῶς

282 5436 413 5508 παρ’
441 5437 598 5509 ⁴ημῶν
646 5440 1035 5511 ἐπιϐοωμένων
1071 5441 1382 5513 φθαρτικὴν
1409 5438 1580 5497 οὖσαν
1611 5444 1850 5509 μάλιστα

285 5529 380 5597 τῆς
420 5529 725 5600 καρδιακῆς
759 5532 989 5602 ἡσυχίας
1015 5530 1116 5602 τὴν
1145 5532 1432 5603 ἀμέλειαν,
1458 5533 1534 5597 ώς
1565 5533 1710 5604 ὕδωρ
1740 5551 1851 5587 πυ-

278 5621 405 5690 ρός’
435 5620 647 5693 διόπερ,
689 5624 909 5695 μοναχέ,
932 5624 1009 5701 μὴ
1037 5624 1098 5693 ἐξ
1131 5625 1394 5697 ἀμελείας
1427 5625 1616 5693 ύπνοῖς
1639 5627 1721 5693 είς
1750 5627 1851 5681 θά-

349 5800 393 5832 ⁸τ
426 5798 565 5856 Psal.
593 5816 743 5860 ινιιι.

1949 4633 2192 4703 spiritale
2213 4640 2267 4685 et
2287 4638 2558 4685 secretum
2586 4627 2784 4684 bellum
2810 4626 3136 4692 ediscamus,
3152 4638 3207 4683 et
3227 4629 3521 4685 artiﬁciose

1950 4718 2308 4789 cogitationes
2335 4716 2453 4770 illas
2472 4715 2808 4786 expellamus
2835 4724 2890 4770 et
2913 4717 3203 4772 cedamus.

2021 4811 2111 4866 99.
2152 4808 2376 4880 Magnus
2404 4807 2608 4872 David,
2647 4822 2830 4862 rerum
2857 4808 3213 4879 gerendarum
3254 4810 3523 4881 peritissi-

1952 4915 2099 4966 mus,
2147 4897 2437 4953 Dominum
2472 4898 2774 4967 alloquens,
2805 4898 2915 4953 ait:
2946 4898 3328 4955 Fortitudinem
3350 4918 3524 4956 meum

1954 4993 2024 5046 ad
2068 5001 2115 5045 ιε
2144 4991 2435 5045 custodiam
2457 4990 2527 5046 ⁸⁷.
2566 4989 2647 5046 lta
2682 4999 2743 5044 ut
2768 4998 2880 5045 tota
2922 4991 3004 5046 vis
3034 4992 3232 5061 quietis
3267 4993 3525 5064 spiritalis

1952 5084 2117 5139 animi
2161 5083 2356 5144 nostri,
2393 5081 2536 5136 unde
2559 5092 2863 5138 nascuntur
2894 5099 3084 5139 omnes
3114 5085 3363 5151 virtutes,
3390 5101 3526 5142 con-

1954 5184 2202 5231 servetur
2234 5174 2442 5230 auxilio
2472 5174 2685 5229 Domini
2711 5191 2724 5228 :
2757 5175 2849 5244 qui
2886 5183 2943 5229 et
2979 5185 3251 5246 praecepta
3276 5177 3444 5242 dedit,
3472 5187 3527 5233 et

1956 5267 2226 5334 impuram
2269 5262 2604 5317 oblivionem
2656 5277 2687 5317 a
2731 5263 2889 5319 nobis
2936 5264 3179 5334 expellit,
3209 5274 3318 5319 eta
3348 5267 3527 5321 conti-

1958 5363 2151 5411 nenter
2169 5354 2609 5419 inclamantibus,
2635 5354 2920 5426 ignaviam:
2937 5370 3058 5425 qua:
3078 5356 3525 5426 tranquillitatem

1960 5447 2160 5501 mentis
2211 5461 2321 5499 non
2376 5444 2535 5501 aliter
2573 5446 2896 5517 corrumpit,
2944 5462 3105 5517 quam
3135 5461 3274 5516 aqua
3325 5447 3524 5519 ignem.

1961 5537 2348 5604 Quamobrem,
2380 5539 2668 5601 monacbe,
2696 5553 2767 5593 ne
2796 5538 3035 5594 dormias
3066 5540 3118 5592 in
3158 5546 3387 5593 mortem
3418 5557 3531 5610 prae

1962 5630 2308 5701 negligentia,
2343 5629 2440 5685 sed
2465 5629 2686 5685 nomine
2707 5630 2834 5684 Jesu
2861 5638 3083 5699 percute
3106 5630 3321 5686 hostes:
3358 5638 3432 5697 et,
3473 5641 3532 5685 ut
