4006 6434
507 424 643 493 1511

1698 416 2059 478 HESYCHII
2095 414 2567 495 PRESBYTER]

3645 408 3778 473 1512

503 541 729 613 quidam
759 536 975 608 sapiens
1015 533 1175 598 dixit,
1210 531 1489 588 adhaereat
1516 544 1719 584 nomen
1740 530 1873 583 Jesu
1912 528 2088 599 spira-

2225 545 2377 595 ατον,
2409 527 2549 582 ἀλλὰ
2591 525 2767 599 Ἰησοῦ
2795 526 3021 597 ὀνόματι
3069 524 3301 595 μάστιζε
3331 524 3661 595 πολεμίους.
3689 526 3782 578 καὶ

505 635 633 689 culo
678 641 797 693 tuo,
838 638 895 684 et
923 627 1194 682 universae
1222 624 1382 680 vitae:
1414 622 1635 695 jamque
1665 634 1963 694 cognosces
1993 633 2083 674 re-

508 724 708 795 quietis
732 723 994 777 fructum.

583 907 708 963 100.
736 902 965 971 Quando
987 915 1112 963 nos,
1138 897 1230 968 qui
1262 895 1463 967 alioqui
1505 892 1715 964 indigni
1751 906 1967 954 sumus,
2018 888 2089 945 ad
2120 948 2123 951 η

512 1000 700 1055 divina
724 1005 780 1052 et
802 993 1087 1065 impolluta
1120 990 1380 1062 mysteria
1419 986 1643 1050 Christi,
1670 984 1763 1039 Dei
1793 983 2017 1048 summi,
2036 990 2093 1036 et

515 1088 909 1148 cxtimescendi
941 1086 1088 1156 regis
1113 1083 1311 1149 nostri,
1342 1096 1454 1137 non
1480 1079 1599 1135 sine
1635 1079 1867 1133 horrore
1891 1075 2092 1131 admit-

519 1184 709 1246 timur,
740 1188 873 1234 tunc
892 1178 1154 1248 majorem
1178 1172 1645 1231 etaccuratiorem
1672 1166 2089 1239 temperantiam

517 1281 575 1327 et
626 1270 828 1327 mentis
883 1268 1185 1324 custodiam
1219 1267 1603 1322 demonstrare
1661 1262 1977 1317 debemus:
2034 1267 2095 1314 ut

519 1364 659 1435 ignis
715 1362 957 1427 divinus,
1011 1375 1211 1431 nempe
1235 1367 1436 1428 corpus
1490 1357 1706 1413 Domini
1737 1354 1907 1411 nostri
1960 1352 2095 1409 Jesu

518 1456 749 1521 Christi,
790 1464 1016 1525 peccata
1048 1465 1263 1517 nostra,
1294 1460 1351 1508 et
1381 1462 1491 1507 tam
1530 1464 1759 1521 magnas
1783 1464 1947 1519 quam
1974 1446 2095 1502 exi-

520 1564 654 1620 guas
687 1547 880 1602 sordes
909 1545 1186 1600 absumat.
1212 1542 1346 1597 Nam
1387 1542 1546 1606 illud,
1612 1539 1798 1596 statim
1826 1547 1886 1592 ut
1908 1537 2096 1608 ingre-

521 1639 669 1693 ditur
702 1637 758 1692 in
779 1650 906 1702 nos,
932 1633 1155 1704 expellit
1187 1648 1219 1688 e
1244 1633 1413 1687 corde
1446 1630 1731 1700 improbos
1757 1628 1985 1699 spiritus
2005 1640 2099 1682 ne-

521 1730 728 1801 quitize,
754 1737 980 1800 peccata
1006 1728 1061 1781 in
1088 1726 1246 1781 nobis
1273 1726 1466 1781 oborta
1487 1723 1763 1779 condonat
1787 1738 1801 1773 :
1838 1731 1892 1776 et
1917 1721 2099 1775 relin-

2185 623 2262 686 ὡς
2311 623 2478 693 σοφός
2521 639 2608 685 τις
2651 622 2893 692 λέλεχεν,
2938 618 3114 691 Ἰησοῦ
3143 618 3315 691 δνομα
3354 618 3781 689 κολληθήτωτῇ

2184 718 2323 786 πνοῇ
2372 732 2466 769 σου
2522 715 2616 767 καὶ
2660 713 2814 789 πάσῃ
2866 715 2934 784 τῇ
2981 712 3095 783 ζωῇ
3148 728 3270 778 σου,
3307 710 3408 765 καὶ
3432 711 3568 764 τότε
3599 709 3785 780 γνώσῃ

2185 806 2420 878 ἡσυχίας
2446 806 2739 876 ὠφέλειαν.

2263 899 2331 972 ρ’.
2362 898 2533 953 Ὅταν
2598 898 2709 953 τῶν
2753 897 2917 952 θείων
2964 896 3061 950 καὶ
3125 896 3412 967 άχράντων
3461 895 3789 964 μυστηρίων

2190 990 2429 1061 Χριστοῦ
2461 989 2558 1045 τοῦ
2613 989 2752 1043 Θεοῦ
2801 990 2895 1043 καὶ
2929 988 3168 1061 μεγάλου
3194 988 3462 1058 βασιλέως
3494 986 3667 1056 ἡμῶν
3698 1002 3789 1051 φοι

2194 1083 2356 1153 ϐεροῦ
2389 1083 2637 1155 φρικτῶς
2685 1081 3013 1153 ἀξιωθῶμεν
3052 1083 3103 1135 oi
3149 1080 3383 1146 ἀνάξιοι,
3416 1080 3549 1133 τότε
3591 1077 3793 1148 μᾶλλον

2194 1174 2293 1243 τὴν
2320 1173 2481 1244 νῆψιν
2536 1174 2633 1227 καὶ
2673 1173 2774 1245 τὴν
2831 1174 3063 1245 τήρησιν
3095 1172 3192 1225 τοῦ
3227 1173 3347 1235 νοὸς
3374 1170 3475 1225 καὶ
3500 1169 3794 1241 ἀκρίϐειαν

2194 1264 2619 1336 ὲπιδειξώμεθα,
2656 1265 2744 1319 ἵνα
2774 1263 3137 1336 καταναλώσῃ
3174 1264 3335 1335 ήμῶν
3355 1264 3459 1326 τὰς
3488 1260 3794 1333 ἁμαρτίας,

2197 1359 2293 1413 καὶ
2314 1358 2384 1413 τὰ
2416 1357 2590 1429 μικρὰ
2626 1359 2720 1411 καὶ
2747 1357 2817 1411 τὰ
2869 1356 3085 1427 μεγάλα
3105 1356 3471 1427 ρυπάσματα,
3497 1354 3565 1406 τὸ
3603 1352 3721 1422 πῦρ
3741 1353 3798 1405 τὺ

2200 1449 2401 1517 θεῖκὸν,
2440 1450 2610 1521 ἤγουν
2638 1450 2699 1503 τὸ
2721 1450 2885 1520 σῶμα
2906 1448 3000 1503 τοῦ
3026 1448 3230 1519 Κυρίου
3254 1448 3413 1519 ἡμῶν
3447 1444 3636 1518 Ἰησοῦ
3669 1446 3797 1515 Χριο

2203 1542 2352 1597 στοῦ.
2393 1543 2505 1597 Καὶ
2558 1543 2669 1614 γὰρ
2720 1542 3110 1614 εἰσερχόμενον
3166 1545 3225 1597 ἐν
3271 1545 3429 1613 ἡμῖν,
3461 1542 3533 1596 τὰ
3582 1541 3799 1609 πονηρὲ

2202 1631 2495 1702 πνεύματα
2521 1632 2623 1703 τῆς
2646 1632 2914 1704 πονηρίας
2949 1632 3114 1695 εὐθὺς
3160 1634 3226 1686 ἐκ
3265 1636 3366 1705 τῆς
3420 1631 3669 1703 καρδίας
3701 1632 3801 1684 ἀπ-

2202 1724 2441 1791 ελαύνει,
2470 1726 2567 1779 καὶ
2589 1727 2688 1789 τὰς
2730 1725 3010 1796 ἁμαρτίας
3049 1724 3149 1789 τὰς
3195 1726 3625 1796 προγενομένας
3671 1725 3801 1793 ἡμῖν

522 1822 707 1892 quitur
721 1820 939 1875 animus
959 1833 1252 1888 pravarum
1277 1815 1667 1890 cogitationum
1689 1811 2101 1883 perturbatione

2223 1819 2501 1890 τυγχωρεῖ,
2531 1817 2626 1870 καὶ
2652 1816 3134 1888 καταλιμπάνεται
3171 1817 3201 1870 ὁ
3231 1816 3358 1880 νοῦς
3404 1818 3588 1887 χωρὶς
3640 1815 3799 1885 ὀχλή-

523 1890 755 1969 vacuus.
784 1910 1011 1966 Necnon
1051 1910 1097 1965 si
1125 1918 1337 1980 postea,
1391 1916 1599 1963 stantes
1632 1906 1701 1961 ad
1735 1904 1882 1960 fores
1923 1903 2105 1959 cordis

2223 1926 2348 1965 rewv
2406 1909 2661 1980 πονηρῶν
2719 1909 3040 1980 λογισμῶν·
3104 1912 3201 1964 καὶ
3250 1909 3410 1981 εἴπερ
3449 1909 3594 1979 μετὰ
3629 1908 3800 1960 ταῦτα

523 2006 722 2071 nostri,
754 2004 1046 2075 diligenter
1061 2003 1307 2058 animum
1327 2000 1859 2062 conservaverimus,
1886 1996 2105 2067 quando

527 2111 746 2151 rursum
774 2094 841 2150 ad
861 2108 926 2149 ea
955 2094 1214 2165 mysteria
1236 2093 1570 2157 accedimus,
1619 2104 1820 2160 corpus
1857 2087 2106 2143 divinum

527 2186 737 2256 majore
769 2186 971 2251 adhuc,
995 2185 1225 2254 majore,
1261 2184 1507 2254 inquam,
1540 2182 1835 2252 splendore
1864 2188 2107 2236 mentem

526 2277 829 2349 perfundit,
868 2285 924 2331 et
952 2276 1125 2331 stella:
1155 2276 1390 2331 similem
1422 2274 1624 2330 reddit.

948 2409 1304 2467 CENTURIA
1335 2408 1675 2465 SECUNDA.

601 2527 654 2580 1.
679 2524 895 2581 Oblivio
929 2525 1116 2581 delere
1149 2525 1289 2580 solet
1337 2524 1539 2579 mentis
1583 2521 1914 2587 custodiam,
1970 2521 2114 2577 sicut

528 2634 669 2689 aqua
699 2618 1220 2690 exstinguitignem.
1270 2616 1545 2673 Continua
1593 2630 1725 2671 vero
1745 2631 1872 2687 erga
1921 2614 2112 2670 Jesum

529 2711 796 2783 precatio,
840 2711 1160 2766 vehementi
1203 2710 1397 2781 juncta
1447 2708 1847 2780 temperantiae,
1892 2708 2113 2764 tandem

531 2805 793 2861 absorbet
817 2803 965 2858 illam
995 2819 1027 2859 e
1080 2814 1283 2859 mente.
1325 2801 1458 2875 Eget
1486 2802 1633 2857 enim
1666 2801 1842 2857 oratio
1898 2808 2113 2872 tempe-

530 2897 731 2962 rantia,
766 2911 876 2950 non
897 2895 1056 2950 aliter
1080 2910 1245 2966 quam
1286 2894 1500 2965 lampas
1524 2893 1745 2965 exigua,
1778 2893 1988 2948 lumine
2023 2893 2111 2948 lu-

535 3004 742 3044 εει-ηαξ.

602 3105 661 3158 ‘2.
693 3102 1097 3158 Elaborandum
1146 3108 1233 3156 est
1269 3100 1324 3155 in
1360 3098 1708 3156 asservandis
1728 3099 1797 3155 iis
1824 3114 1947 3169 quae
1987 3108 2118 3154 sunt
2152 3140 2167 3155 .

535 3197 772 3268 pretiosa
821 3212 836 3248 :

2207 2000 2455 2073 ἀκριϐῶς
2491 2001 2583 2054 τὸν
2610 2000 2734 2055 νοῦν
2773 2003 3130 2073 τηρήσωμεν.
3174 2000 3269 2055 καὶ
3295 2001 3354 2054 ὲν
3391 2000 3539 2071 πύλῃ
3572 1998 3802 2071 καρδίας

2205 2091 2367 2164 ⁴ἡμῶν
2394 2090 2633 2163 στῶμεν,
2669 2092 2760 2147 ὅτε
2790 2092 2956 2147 πάλιν
2990 2093 3443 2163 καταξιωθῶμεν,
3474 2091 3685 2163 μᾶλλον
3724 2090 3802 2143 ἔτι

2207 2189 2304 2241 καὶ
2335 2189 2538 2261 μᾶλλον
2570 2190 2887 2262 λαμπρύνει
2922 2191 3016 2244 τὸν
3044 2190 3191 2257 νοῦν,
3223 2191 3320 2245 καὶ
3345 2189 3678 2260 ἀστεροειδῆ
3708 2187 3806 2241 αὺ-

2206 2278 2301 2334 τὸν
2317 2281 2380 2334 τὸ
2414 2280 2559 2336 θεῖον
2588 2282 2750 2354 σῶμα
2778 2282 3181 2354 ἀπεργάζεται.

2620 2418 2940 2472 ΔΕΥΤΕΡΔ
2970 2418 3413 2474 ΕΚΔΤΟΝΤΔΣ.

2284 2540 2352 2589 α’.
2389 2533 2547 2606 Λήθη
2592 2534 2873 2614 σϐεννύειν
2938 2528 3049 2588 οἶδε
3098 2532 3217 2596 νοὸς
3266 2530 3559 2602 φυλακὴν,
3618 2528 3805 2601 ῶσπερ

2216 2627 2471 2683 σϐέννυσι
2528 2626 2641 2698 πῦρ
2704 2627 2890 2699 ὕδωρ·
2957 2625 3190 2698 συνεχὴς
3223 2626 3279 2679 δὲ
3322 2623 3504 2693 Ἰησοῦ
3545 2624 3688 2695 εὐχὴ
3728 2624 3806 2686 είς

2212 2718 2370 2783 τέλος
2432 2719 2605 2791 αὐτὴν
2668 2719 2950 2791 ὲκδαπανᾷ
2995 2718 3098 2789 τῆς
3135 2718 3365 2789 καρδίας
3396 2717 3538 2785 μετὰ
3592 2716 3805 2787 νήψεως

2217 2812 2482 2867 συντόνου
2509 2829 2525 2845 ·
2552 2813 2745 2885 χρῄζει
2803 2812 2914 2883 γὰρ
2947 2814 2980 2883 ἡ
3025 2810 3163 2883 εὐχὴ
3193 2811 3295 2882 τῆς
3330 2808 3578 2881 νήψεως,
3618 2808 3806 2878 ὥσπερ

2216 2903 2529 2976 λαμπάδιον
2557 2906 2737 2974 φωτὸς
2765 2904 2984 2975 λύχνου.

2293 3102 2361 3175 β’.
2389 3104 2582 3157 Πονεῖν
2640 3100 2721 3156 δεῖ
2746 3100 2842 3155 ἐπὶ
2885 3102 2952 3172 τῇ
2990 3099 3206 3171 φυλακῇ
3245 3099 3356 3153 τῶν
3378 3097 3581 3168 τιμίων
3607 3113 3623 3127 ν
3654 3097 3806 3167 τίμια

896 3193 1137 3266 pretiosa
1186 3206 1352 3263 porro
1418 3207 1609 3247 revera
1663 3201 1813 3257 sunt,
1849 3208 1972 3262 qua:
2012 3207 2115 3247 nos

2223 3196 2278 3250 δὲ
2339 3195 2415 3258 ὡς
2468 3192 2708 3265 ἀληθῶς,
2735 3192 2806 3245 τὰ
2842 3192 3185 3262 φυλάσσοντα
3219 3191 3369 3261 ἡμᾶς
3404 3190 3592 3260 πάσης
3612 3188 3807 3251 κακίας

537 3296 873 3344 conservant
899 3286 970 3342 ab
1003 3285 1152 3340 omni
1188 3283 1345 3348 vitio,
1378 3292 1489 3339 tam
1513 3283 1761 3355 corporis
1783 3298 1949 3354 quam
1988 3283 2115 3338 ani-

2224 3285 2490 3357 αίσοητῆς
2516 3302 2576 3339 τε
2610 3284 2709 3339 καὶ
2736 3285 2958 3355 νοητῆς.
2987 3284 3175 3338 Ταῦτα
3202 3284 3260 3338 δέ
3293 3285 3402 3337 είσι
3432 3281 3655 3352 φυλακὴ
3691 3282 3805 3344 νοὸς

536 3398 660 3438 mre.
685 3382 753 3436 Et
774 3388 905 3436 sunt
932 3377 1343 3445 ista,Custodia
1383 3377 1606 3443 mentis,
1662 3391 1851 3432 secum
1907 3377 2120 3431 habens

537 3488 805 3528 annexam
843 3470 1247 3527 invocationem
1261 3468 1392 3524 Jesu
1420 3468 1646 3532 Christi,
1683 3467 1954 3539 profunda
1993 3483 2122 3523 cor-

538 3565 624 3620 dis
656 3579 875 3634 semper
900 3563 1127 3629 intueri,
1160 3562 1402 3617 animum
1429 3569 1716 3631 perpetuo,
1748 3560 1901 3615 utita
1918 3560 2118 3626 dicam,

540 3651 893 3707 ﬂuctuantem
923 3650 1277 3718 tranquillum
1307 3648 1558 3713 reddere,
1583 3647 1753 3702 etiam
1777 3648 1846 3702 ab
1876 3647 1946 3702 iis
1968 3646 2121 3720 cogi-

540 3742 839 3798 tationibus
870 3757 994 3812 quae
1018 3750 1183 3797 recta;
1222 3741 1486 3797 videntur
1517 3756 1532 3793 :
1592 3740 1729 3795 dare
1774 3756 1998 3811 operam
2061 3750 2123 3796 ut

540 3833 968 3905 cogitationibus
995 3833 1234 3888 libenter
1254 3847 1564 3896 careamus,
1598 3846 1667 3887 ne
1704 3832 1855 3889 fures
1904 3848 2006 3889 nos
2035 3833 2120 3888 la-

541 3934 715 3981 teant.
747 3928 813 3980 Et
850 3926 1101 3996 quamvis
1128 3924 1464 3980 laboriosum
1502 3926 1592 3991 sit,
1641 3925 1696 3980 in
1742 3927 2123 3984 conservando

543 4018 707 4073 corde
743 4031 1092 4087 permanere,
1116 4024 1173 4071 at
1199 4016 1447 4087 proxima
1470 4024 1556 4073 est
1579 4017 1908 4073 consolatio.

612 4110 665 4163 3.
694 4107 848 4164 Mens
888 4108 1035 4163 enim
1054 4125 1175 4179 quae
1197 4109 1319 4165 sine
1346 4108 1759 4166 intermissione
1779 4110 2118 4176 custoditur,

543 4214 600 4257 et
622 4211 804 4257 tamen
842 4201 893 4256 ei
922 4202 1245 4257 conceditur
1288 4201 1544 4273 excipere
1586 4202 1812 4270 formas,
1858 4203 2124 4275 imagines

544 4305 600 4349 et
626 4293 910 4349 illusiones
962 4294 1324 4350 obscurorum
1361 4304 1417 4350 et
1462 4310 1758 4366 pravorum
1804 4296 2121 4366 Spirituum,

544 4385 682 4440 solet
722 4399 788 4439 ex
845 4384 927 4440 eis
975 4384 1109 4455 ipsis
1164 4385 1530 4455 cogitationes
1560 4387 1773 4442 lucidas
1795 4387 2119 4457 concipere.

542 4474 676 4531 Nam
704 4484 765 4531 ut
801 4477 967 4533 carbo
983 4476 1255 4533 ﬂammam
1280 4479 1554 4548 producit,
1591 4480 1765 4535 multo
1786 4480 1961 4549 magis
1980 4479 2127 4535 Deus

2222 3382 2319 3436 σὺν
2371 3378 2551 3450 Ἰησοῦ
2603 3375 2848 3450 Χριστοῦ
2889 3376 3203 3447 ἐπικλήσει,
3252 3374 3473 3446 βλέπειν
3506 3391 3567 3426 τε
3599 3374 3689 3427 ἀεὶ
3730 3376 3804 3435 εἰς

2218 3472 2280 3527 τὸ
2337 3470 2504 3543 βάθος
2548 3469 2648 3539 τῆς
2715 3468 2970 3542 καρδίας,
3001 3467 3097 3522 καὶ
3130 3466 3430 3537 ἡσυχάζειν
3470 3465 3716 3528 ἀεννάως
3741 3465 3801 3533 τῇ

2219 3566 2452 3637 διανοίᾳ,
2487 3564 2555 3618 ἵν’
2579 3562 2757 3626 οὕτως
2786 3562 2949 3627 εἴπω,
2982 3562 3081 3615 καὶ
3102 3563 3169 3614 ἐκ
3195 3560 3305 3614 τῶν
3333 3557 3642 3613 δοκούντων
3664 3558 3804 3626 λογι-

2224 3659 2376 3731 σμῶν
2405 3655 2784 3730 εὑρίσκεσθαι,
2830 3655 2917 3708 ἵνα
2956 3654 3033 3726 μὴ
3089 3653 3434 3708 λανθάνωσιν
3463 3653 3516 3706 οἱ
3539 3651 3799 3705 κλέπτειν

2222 3752 2317 3807 καί¹
2342 3752 2393 3805 εί
2436 3750 2533 3804 καὶ
2562 3747 2835 3820 πονοῦμεν
2863 3749 2933 3820 τῇ
2978 3746 3177 3819 καρδίᾳ
3212 3745 3658 3818 παραμένοντες,
3694 3744 3802 3799 ἀλλ’

2223 3845 2394 3916 ἔγγὺς
2421 3845 2457 3916 ἡ
2483 3840 2857 3916 παράκλησις.

2294 4119 2367 4183 γ’.
2397 4110 2621 4181 Πέφυκε
2643 4108 2809 4182 γὰρὴ
2844 4106 3042 4179 καρδία
3073 4105 3440 4170 ἀδιαλείπτως
3469 4105 3803 4177 τηρουμένη,

2225 4206 2323 4261 καὶ
2356 4203 2807 4275 συγχωρουμένη,
2845 4201 2945 4264 τὰς
2983 4197 3221 4270 μορφὰς,
3286 4198 3382 4253 καὶ
3434 4198 3539 4262 τὰς
3576 4199 3802 4261 εἰκόνας,

2226 4296 2322 4351 καλ⁸
2350 4296 2447 4360 τὰς
2486 4294 2790 4364 φαντασίας
2817 4291 3071 4363 δέχεσθαι
3109 4289 3219 4344 τῶν
3260 4290 3560 4346 σκοτεινῶν
3590 4291 3687 4344 καὶ
3711 4306 3803 4344 πο-

2226 4406 2290 4458 νη
2301 4386 2412 4459 ρῶν
2438 4384 2792 4457 πνευμάτων,
2815 4383 3116 4454 λογισμοὺς
3147 4383 3483 4453 φεγγοειδεϊς
3510 4381 3573 4447 ἐξ
3606 4382 3803 4436 ἑαυτῶν

2227 4480 2499 4533 κυΐσκειν.
2537 4478 2755 4548 Ὥσπερ
2783 4474 2892 4547 γὰρ
2921 4474 3148 4546 κάρϐων
3184 4476 3350 4545 γεννᾷ
3400 4473 3599 4544 φλόγα,
3636 4472 3804 4544 πολλῷ

543 4566 800 4622 habitans
821 4567 877 4621 in
910 4568 1096 4634 corde,
1131 4583 1199 4623 ex
1231 4579 1423 4625 sancto
1452 4570 1805 4641 baptismate,
1861 4571 1909 4625 si
1964 4586 2115 4642 repe-

2231 4569 2433 4643 μᾶλλον
2458 4572 2487 4625 ὀ
2516 4568 2743 4624 ενοικῶν
2772 4570 2838 4640 τῇ
2883 4566 3081 4639 καρδίᾳ
3108 4565 3243 4630 Θεὸς
3270 4565 3377 4620 ἀπὸ
3395 4565 3492 4621 τοῦ
3520 4565 3680 4634 ἁγίου
3715 4564 3801 4634 βα-

544 4657 651 4714 riat
673 4673 859 4713 aerem
882 4658 1193 4714 intellectus
1209 4661 1383 4715 nostri
1407 4677 1605 4731 purum
1632 4677 1662 4716 a
1687 4662 1977 4732 spiritibus
2019 4678 2122 4718 ne-

542 4750 750 4819 quitiae,
792 4750 895 4806 sub
915 4750 1166 4806 custodia
1195 4751 1397 4806 mentis
1418 4762 1782 4815 asservatum.
1853 4755 2125 4810 accendet

544 4839 936 4895 intellectivam
974 4840 1144 4895 animi
1178 4841 1352 4896 nostri
1402 4840 1721 4898 facultatem
1782 4843 1851 4899 ad
1881 4854 2126 4901 contem-

544 4929 863 4998 plationem,
895 4930 1127 5000 perinde
1148 4941 1211 4986 ut
1242 4930 1460 4986 ﬂamma
1489 4947 1698 4988 ceram.

616 5017 672 5073 4.
701 5018 1169 5084 Quemadmodum
1192 5020 1516 5076 imminente
1553 5021 1737 5092 pluvia
1761 5020 1941 5094 fulgur
1968 5022 2127 5078 volu-

548 5120 697 5167 tatur
736 5112 793 5167 in
856 5128 985 5168 aere
1032 5113 1406 5170 firmamenti:
1447 5114 1521 5170 ita
1540 5130 1770 5172 necesse
1807 5127 2127 5173 estnomen

544 5201 679 5260 Jesu
707 5202 909 5259 Christi
946 5212 1213 5275 perpetuo
1236 5206 1444 5263 versari
1480 5207 1535 5262 in
1570 5223 1697 5264 arca
1729 5210 1910 5265 cordis
1927 5211 2124 5268 nostri.

546 5294 704 5361 Quod
734 5303 925 5350 exacte
956 5305 1181 5365 norunt,
1196 5297 1288 5368 qui
1319 5300 1523 5355 mentis
1552 5309 1607 5355 et
1637 5300 1841 5356 interni
1864 5301 1992 5357 belli
2028 5318 2125 5372 pe-

544 5385 781 5443 riculum
809 5385 1081 5443 fecerunt.
1107 5388 1197 5446 Sic
1235 5390 1437 5445 bellum
1460 5390 1833 5447 intellectuale
1861 5394 2126 5463 gerimus,

545 5485 609 5531 ut
639 5475 696 5531 in
721 5476 860 5537 acie.
882 5476 1148 5546 Primum,
1170 5480 1474 5535 attentione
1504 5482 1712 5535 utimur
1739 5498 1752 5533 :
1790 5482 2013 5546 deinde,
2034 5483 2127 5537 ubi

547 5567 764 5621 hostem
826 5566 1157 5639 cogitatione
1186 5568 1352 5626 ferire
1391 5570 1668 5635 novimus,
1702 5569 1880 5640 ipsum
1945 5571 2129 5627 verbis

548 5656 946 5713 maledictionis
981 5657 1036 5711 in
1063 5659 1246 5715 animo
1304 5659 1567 5715 iracunde
1612 5660 1907 5725 caedimus;
1968 5662 2130 5717 tertio

550 5759 674 5798 mox
724 5745 943 5813 ordine,
997 5763 1092 5803 cor
1140 5758 1595 5821 contorquentes,
1660 5750 1914 5807 invocato
1996 5752 2129 5809 Jesu

550 5829 790 5901 Christo,
816 5832 1181 5905 imprecamur
1211 5840 1283 5908 ei,
1321 5847 1380 5894 ut
1410 5840 1812 5909 quamprimum
1860 5842 2129 5900 dissolva-

2223 4662 2554 4733 πτίσματος,
2613 4661 2775 4730 εῐπερ
2826 4659 3076 4737 εὑρίσκει
3131 4658 3223 4712 τὸν
3262 4659 3401 4728 ἀέρα
3443 4658 3545 4727 τῆς
3573 4657 3804 4717 διανοίας

2224 4756 2382 4827 ήμῶν
2405 4752 2647 4824 καθαρὸν
2697 4752 2917 4822 ἀνέμων
2958 4751 3227 4821 πονηρίας
3251 4765 3265 4779 ·
3310 4750 3405 4803 καὶ
3430 4749 3542 4802 ὑπὸ
3569 4748 3805 4819 φυλακῆς

2225 4847 2345 4912 νοὸς
2373 4844 2540 4919 τηροῦ
2550 4862 2734 4917 μενον,
2775 4845 3009 4899 ἀνάπτει
3033 4844 3094 4898 τὸ
3115 4843 3460 4914 διανοητικὸν
3490 4845 3527 4914 ἡ
3537 4843 3658 4915 μῶν
3682 4842 3807 4913 πρὸς

2228 4935 2491 5007 θεωρίαν,
2520 4935 2599 4999 ὡς
2631 4934 2765 5005 φλὸξ
2802 4934 2995 5005 κηρόν.

2296 5028 2361 5083 δ’.
2393 5030 2487 5080 Δεῖ
2544 5027 2654 5098 γὰρ
2695 5029 2782 5082 ἀεὶ
2834 5027 3090 5098 στρέφειν
3146 5025 3206 5080 ἐν
3247 5025 3542 5097 χωρήματι
3589 5025 3806 5099 καρδίας

2229 5118 2387 5190 ἡμῶν
2432 5118 2611 5190 Ἰησοῦ
2642 5118 2881 5189 Χριστοῦ
2946 5117 3142 5189 ὄνομα,
3171 5118 3365 5188 ῶσπερ
3406 5118 3503 5170 καὶ
3526 5117 3808 5189 ἀστραπὴν

2231 5208 2560 5281 στρέφεσθαι
2589 5211 2648 5262 ὲν
2691 5209 2815 5279 ἀέρι
2858 5208 2955 5262 τοῦ
2990 5208 3376 5279 στερεῶματος
3407 5206 3569 5260 ὑετοῦ
3595 5206 3808 5277 μέλλον-

2228 5317 2340 5364 τος.
2366 5301 2476 5353 Καὶ
2500 5298 2611 5370 γὰρ
2638 5299 2797 5353 τοῦτο
2822 5300 3003 5353 ίσασιν
3033 5298 3281 5370 ἀκριϐῶς
3308 5301 3358 5352 οἱ
3380 5301 3581 5369 πεῖραν
3611 5298 3709 5353 τοῦ
3724 5294 3806 5350 νοῦ

2230 5388 2446 5460 ἔχοντες
2492 5391 2588 5445 καὶ
2630 5391 2724 5445 τοῦ
2781 5391 2931 5444 ἔνδον
2981 5392 3243 5463 πολέμου,
3292 5392 3369 5455 ὡς
3391 5392 3486 5446 καὶ
3530 5392 3591 5445 ἑν
3618 5391 3803 5457 τάξει’

2229 5480 2372 5535 οὕτω
2415 5481 2506 5536 τὸν
2564 5483 2756 5555 νοητὸν
2809 5483 3048 5555 πόλεμον
3107 5484 3508 5555 στρατηγῶμεν
3529 5500 3544 5513 ·
3600 5482 3806 5553 πρῶτον

2232 5577 2511 5646 προσοχῇ·
2566 5572 2690 5629 εἶτα
2728 5575 2821 5631 τὸν
2862 5576 3057 5648 ἐχθρὸν
3099 5576 3348 5647 λογισμῷ
3369 5576 3593 5644 γνόντος
3635 5590 3798 5645 παρα-

2232 5664 2488 5733 ϐαλόντα,
2511 5667 2694 5736 λόγοις
2729 5668 2976 5740 κατάρας
2997 5671 3054 5723 ὲν
3073 5668 3274 5741 καρδία
3303 5668 3422 5740 μετ’
3460 5668 3637 5739 ὀργῆς
3658 5667 3804 5721 αὑτὸν

2235 5756 2504 5829 βάλλομεν
2530 5758 2689 5830 τρίτη
2719 5760 2875 5825 τάξις
2932 5760 3116 5826 εὐθὺς,
3149 5760 3521 5825 κατεύξασθαι
3549 5762 3675 5816 κατ’
3716 5761 3801 5815 αὖ·

2232 5847 2350 5914 τοῦ,
2386 5849 2794 5921 συστρέφοντας
2823 5851 2923 5925 τὴν
2954 5853 3181 5923 καρδίαν
3210 5857 3274 5925 τῇ
3307 5854 3600 5927 ἐπικλήσει
3643 5852 3801 5925 Ἰησοῦ
