4006 6416
155 479 306 543 1513

872 480 969 543 DE
1008 480 1551 545 TEMPERANTIA
1590 487 1685 546 ET
1725 484 2082 549 VIRTUTE.
2121 515 2188 527 —
2225 490 2617 553 CENTURIA
2657 494 2743 558 II.

3272 500 3408 568 15M

149 593 425 666 Χριστοῦ,
452 593 519 648 ῐν⁹
544 591 750 657 εὐθέως
780 594 1057 668 καταλυθῇ
1091 596 1152 648 τὸ
1178 597 1453 665 δαιμόνιον
1484 596 1726 666 ῐνδςιλμοι1

1843 607 1930 652 tur
1959 598 2160 670 enigies
2182 599 2447 656 daemonis
2479 618 2493 655 :
2534 617 2604 657 ne
2637 619 2795 660 mens
2843 617 3084 663 sectetur
3145 612 3409 685 imagina-

147 687 250 739 τοῦ
298 687 377 757 μὴ
442 684 868 754 ἐξακολουθῆσαι
897 688 974 757 ’τῇ
1020 688 1293 758 φαντασίᾳ
1332 687 1424 741 τὸν
1480 686 1621 751 νοῦν,
1660 688 1735 752 ὡς

151 780 357 848 νήπιον
385 777 488 830 ὑπὸ
515 778 983 845 φαντασιοσκόπου
1006 780 1151 840 τινὸς
1182 779 1552 849 πλανώμενον.

228 875 295 922 ε’.
324 870 696 939 Κοπιάσωμεν
725 868 799 933 ὡς
837 872 865 923 ό
893 868 1077 931 Δαὸὶδ,
1112 870 1406 938 κράζοντες
1438 873 1519 937 τὸ,
1561 873 1733 944 Ἰησοῦ

148 958 386 1028 Χριστὲ.
431 959 506 1037 μὴ
568 958 963 1030 βραγχιασάτω
1006 961 1165 1029 ἡμῶν
1192 962 1220 1013 ὀ
1266 962 1495 1033 λάρυγξ,
1535 965 1629 1017 καὶ
1658 963 1734 1034 μὴ

149 1051 455 1103 ἐκλίπωσιν
491 1053 541 1104 οί
575 1051 754 1123 νοητοί
804 1050 962 1121 ἡμῶν
999 1052 1270 1124 ὀφθαλμοὶ
1302 1054 1410 1107 ἀπὺ
1452 1055 1546 1109 τοῦ
1584 1057 1734 1109 ἐλπίσ

148 1140 275 1205 ζειν
305 1145 457 1215 ἡμᾶς
510 1143 604 1197 ἐπὶ
650 1144 856 1214 Κύριον
912 1147 1004 1199 τὸν
1055 1146 1186 1199 Θεὸν
1215 1149 1395 1219 ἡμῶν,
1427 1148 1528 1219 τῆς
1553 1166 1733 1222 παρα-

148 1234 322 1305 ϐολῆς
356 1236 442 1288 ἀεὶ
477 1237 818 1306 μεμνημένοι
864 1236 959 1289 τοῦ
1014 1238 1205 1310 κριτοῦ
1252 1239 1352 1309 τῆς
1407 1240 1731 1312 ἀδικίας,ἣν

147 1322 315 1379 εἶπεν
354 1330 383 1379 ὁ
412 1327 639 1397 Κύριος,
671 1326 803 1397 πρὸς
826 1328 888 1380 τὸ
928 1328 1036 1382 δεῖν
1084 1332 1232 1399 ἡμᾶς
1277 1332 1509 1385 πάντοτε
1561 1348 1731 1403 προσ-

145 1418 435 1489 εύχεσθαι,
467 1420 561 1471 καὶ
594 1418 668 1489 μὴ
701 1421 980 1487 ἐκκακείν,
1009 1422 1106 1474 καὶ
1135 1423 1194 1474 τὸ
1217 1423 1404 1494 κέρδος
1421 1424 1731 1496 εύρήσομει

150 1513 254 1567 καὶ
277 1516 379 1581 τὴν
406 1512 709 1580 ἐκδίκησιν.

224 1604 301 1669 ς’.
333 1605 547 1673 Ὠσπερ
607 1604 635 1655 ὁ
690 1602 770 1673 τῷ
816 1602 952 1673 ἡλίῳ
1013 1605 1298 1669 ἀτενίζων,
1346 1618 1608 1659 αουνατον
1656 1606 1730 1676 μὴ

146 1692 427 1755 πλουσίως
476 1692 573 1754 τὰς
638 1689 790 1760 δψεις
846 1692 1318 1761 καταυγάζεσθαι·
1377 1693 1610 1757 οὕτωςὸ
1644 1696 1730 1747 ἀεὶ

144 1784 447 1853 ἐγκύπτων
471 1777 475 1780 ’
498 1786 578 1847 εἰς
627 1782 767 1853 ἀέρα
824 1785 1053 1855 καρδίας
1084 1784 1274 1851 αὐτοῦ,
1299 1784 1360 1837 ού
1400 1785 1626 1839 δυνατὸν
1654 1787 1727 1857 μὴ

144 1858 508 1947 φωτίζεσθαι.

1840 689 2065 757 tionem,
2098 705 2249 746 more
2277 692 2458 762 pueri,
2490 693 2585 763 qui
2617 696 2895 752 seducitur
2923 701 2993 754 ab
3025 701 3245 761 illusore
3270 724 3410 777 quo-

1836 794 2002 851 piam.

1907 873 1959 928 5.
1986 875 2360 942 Elaboremus,
2396 876 2614 935 Davidis
2650 879 2706 934 in
2746 896 2953 938 morem
3014 887 3402 952 vociferantes.

1833 964 1963 1020 Iesu
1988 966 2225 1031 Christe,
2258 984 2328 1023 ne
2352 969 2731 1027 irraucescant
2761 973 2947 1031 fauces
2987 988 3190 1035 nostra:
3229 995 3242 1033 :
3271 997 3407 1037 neve

1833 1058 2091 1114 deﬁciant
2118 1061 2514 1120 intellectuales
2540 1065 2684 1120 oeuli
2725 1067 2900 1122 nostri
2928 1069 2998 1135 ⁸⁸,
3040 1069 3172 1125 dum
3216 1089 3403 1142 spera-

1833 1164 1955 1205 mus
1993 1151 2047 1204 in
2084 1151 2315 1208 Domino
2342 1154 2452 1210 Deo
2479 1166 2707 1212 nostro:
2772 1174 3045 1217 memores
3075 1176 3293 1232 semper
3318 1163 3406 1219 di-

1832 1248 1933 1294 ctre
1962 1257 1991 1294 a
2022 1241 2253 1300 Domino
2281 1246 2579 1315 parabolm,
2619 1248 2685 1303 de
2707 1249 2897 1319 judice
2926 1251 3405 1322 iniquitatis:qu:e

1833 1326 2033 1392 innuit.
2061 1346 2280 1404 semper
2300 1350 2402 1391 nos
2427 1338 2638 1406 precari
2666 1339 2889 1403 debere,
2936 1350 2992 1395 et
3022 1356 3131 1397 non
3161 1342 3401 1414 fatigari.

1832 1420 2043 1476 lucrum
2072 1424 2198 1479 inde
2225 1438 2642 1491 consecuturos.
2668 1438 2725 1485 et
2754 1430 3071 1489 vindictam.

1902 1598 1952 1650 ti.
2010 1596 2079 1653 Ut
2103 1599 2197 1669 qui
2219 1598 2448 1655 intentis
2471 1600 2644 1656 oculis
2667 1602 2837 1656 solem
2879 1604 3146 1677 intuetur,
3178 1621 3286 1658 non
3311 1622 3403 1675 po-

1832 1697 1937 1743 test
1966 1689 2145 1743 visum
2175 1689 2392 1745 abunde
2433 1691 2765 1746 illustratum
2789 1710 2898 1746 non
2930 1694 3131 1749 habere
3166 1710 3181 1746 ε
3217 1695 3399 1763 itaqui

1830 1795 2047 1850 semper
2074 1781 2339 1837 incumbit
2371 1783 2426 1836 in
2456 1798 2642 1838 aerem
2682 1785 2859 1840 cordis
2900 1786 3007 1853 sui,
3060 1802 3173 1842 non
3224 1796 3402 1856 potest

1830 1884 1940 1924 non
1970 1871 2241 1926 illustrari.
2828 1874 2833 1881 ’

224 1969 294 2033 ζ’.
347 1970 434 2033 Ὠς
490 1967 774 2033 ἀδύνατον,
831 1966 928 2038 τὴν
973 1967 1256 2039 παροῦσαν
1294 1967 1439 2038 ζωὴν
1470 1968 1571 2040 ζῇν
1598 1970 1725 2023 ἀνευ

1901 1963 1951 2015 7.
2002 1940 2472 2027 Quem‘admddum
2519 1967 2726 2037 absque
2778 1968 2903 2023 cibo
2943 1978 3186 2039 potaque
3229 1970 3397 2023 vitam

141 2057 246 2111 τοῦ
286 2059 488 2110 ἐσθίειν
521 2060 614 2112 καὶ
655 2058 852 2124 πίνειν,
881 2056 1053 2120 οὕτως
1083 2058 1341 2113 ἀδύνατον
1368 2061 1534 2129 χωρὶς
1566 2060 1727 2127 φυλα-

142 2147 256 2220 κῆς
278 2149 400 2214 νυὸς
425 2148 519 2204 καὶ⁵
548 2148 915 2221 καθαρότητος
932 2148 1179 2220 καρδίας,
1204 2150 1231 2202 ὃ
1250 2151 1365 2202 ἐστι
1390 2151 1485 2203 καὶ
1510 2150 1725 2219 λέγεται

141 2243 338 2314 νῆψις,
370 2243 449 2306 είς
477 2259 529 2295 τι
560 2242 935 2312 πνευματικὸν
973 2242 1067 2296 καὶ
1107 2241 1342 2312 ἀρέσκον
1375 2244 1493 2311 Θεῷ
1516 2244 1725 2311 φθάσαι

141 2335 249 2403 τὴν
269 2333 467 2404 ψυχὴν,
499 2332 532 2402 ἢ
560 2331 993 2404 ἐλευθερωθῆναι
1016 2333 1112 2401 τῆς
1125 2334 1265 2386 κατά
1286 2332 1523 2386 διάνοιαν
1548 2335 1727 2407 ἀμαρ-

143 2425 291 2487 τείας,
343 2426 392 2476 εί
446 2424 540 2476 καὶ
588 2422 834 2494 βιάζεταί
862 2440 948 2487 τις
976 2424 1168 2477 ἑαυτὸν
1191 2424 1279 2478 διὰ
1309 2425 1399 2477 τὸν
1426 2423 1593 2493 φόϐον
1620 2425 1725 2478 τῶν

145 2507 432 2566 κολάσεων
465 2512 539 2583 μὴ
564 2512 919 2582 ἁμαρτάνειν.

219 2602 291 2677 η’.
326 2605 470 2676 Πλὴν
490 2607 587 2658 καὶ
633 2608 682 2659 οί
711 2606 815 2676 τῆς
863 2607 981 2659 κατ’
1020 2606 1300 2677 ἐνέργειαν
1330 2608 1605 2679 ἁμαρτίας
1634 2609 1726 2681 βίᾳ

144 2698 256 2752 τινὶ
290 2697 646 2769 ἀπεχόμενοι,
682 2698 947 2770 μακάριοι
975 2698 1129 2770 παρά
1168 2715 1226 2752 τε
1249 2698 1326 2770 τῷ
1356 2700 1474 2771 Θεῷ
1502 2705 1597 2755 καὶ
1626 2704 1725 2769 ἀγ-

146 2789 358 2858 γέλοις,
408 2790 500 2843 καὶ
563 2787 894 2860 ἀνθρώποις,
951 2790 1032 2843 ὅτι
1074 2789 1292 2860 βιασταὶ
1320 2792 1417 2861 τῆς
1448 2791 1726 2862 βασιλείας

144 2880 255 2936 τῶν
285 2881 535 2952 οὐρανῶν
562 2880 929 2952 εὑρίσκονται.

218 2974 287 3030 θ’.
318 2971 495 3027 Τοῦτο
540 2971 854 3042 θαυμαστὸν
903 2970 1003 3041 τῆς
1043 2971 1315 3040 ὠφελείας
1364 2972 1464 3041 τῆς
1496 2972 1590 3025 τοῦ
1631 2973 1725 3027 νοῦ

144 3067 405 3140 ἡσυχίας,
432 3065 515 3119 ὅτι
544 3064 719 3119 πάντα
746 3065 813 3117 τά
859 3064 1231 3134 ἁμαρτήματα
1274 3065 1413 3118 κατὰ
1438 3063 1562 3118 νοῦν
1589 3067 1725 3134 πρό-

143 3176 305 3231 τερον
334 3156 623 3230 κρούονται
655 3159 715 3208 ἐν
743 3156 1026 3225 λογισμοῖς
1068 3155 1226 3225 μόνον
1250 3172 1264 3185 ο
1296 3155 1436 3209 ῶστε
1459 3159 1506 3209 εἰ
1546 3174 1721 3229 παρα-

142 3247 382 3318 δεχθῶσι
427 3246 579 3317 παρά
632 3245 733 3315 τῆς
766 3245 1026 3309 διανοίας,
1081 3245 1336 3312 γενέσθαι
1377 3246 1720 3317 αἰσθητὰκαὶ

1825 2053 1969 2107 hanc
2002 2055 2185 2108 vivere
2212 2071 2319 2109 non
2362 2072 2695 2126 possumus:
2728 2058 2824 2125 ita,
2852 2060 2896 2114 si
2952 2060 3093 2115 desit
3152 2062 3399 2119 custodia

1826 2145 2044 2205 mentis,
2090 2154 2146 2199 et
2201 2146 2409 2216 puritas
2438 2148 2642 2212 cordis,
2668 2164 2810 2218 qua:
2847 2158 2931 2204 est
2953 2160 3008 2204 et
3037 2150 3237 2205 dicitur
3262 2158 3399 2205 tem-

1826 2237 2094 2306 perantia,
2128 2252 2235 2291 non
2271 2246 2451 2307 potest
2476 2239 2543 2292 ad
2582 2255 2695 2293 rem
2755 2238 2917 2294 ullam
2950 2241 3132 2295 anima
3174 2241 3397 2310 spirita-

1826 2329 1932 2383 lem
1991 2338 2047 2383 et
2076 2329 2186 2383 Deo
2229 2339 2435 2399 gratam
2478 2330 2785 2399 pervenire,
2836 2339 2928 2385 aut
2955 2331 3125 2385 animi
3174 2341 3398 2401 peccato

1826 2419 2044 2473 liberari
2080 2436 2092 2472 :
2128 2421 2345 2475 etiamsi
2376 2432 2523 2475 metu
2559 2437 2846 2491 poenarum
2880 2422 2987 2477 sibi
3017 2423 3129 2479 vim
3159 2424 3282 2495 quis
3303 2426 3395 2479 iu-

1825 2510 1984 2574 Ierat,
2011 2512 2079 2567 ad
2109 2512 2389 2568 vitandum
2416 2524 2719 2584 peccatum.

1895 2604 1947 2657 8.
1973 2603 2357 2659 Verumtamen
2387 2615 2443 2660 et
2481 2600 2588 2675 ἰιιιί
2637 2607 2690 2660 vi
2742 2606 2974 2677 quadam
3030 2604 3303 2663 abstinent
3365 2623 3395 2664 ε

1826 2695 2191 2763 perpetrando
2224 2704 2472 2766 peccato,
2501 2697 2647 2752 beati
2704 2709 3002 2755 censentur
3022 2700 3165 2769 apud
3200 2699 3393 2757 Deum.

1823 2786 2065 2856 angelos,
2091 2797 2146 2841 et
2176 2788 2424 2843 homines
2462 2808 2476 2845 :
2528 2791 2655 2860 quia
2702 2791 2948 2857 violenti,
2983 2799 3229 2862 raptores
3254 2805 3395 2847 esse

1826 2878 1975 2948 regni
2002 2879 2267 2934 caelorum
2290 2880 2666 2955 inveniuntur.

1894 2967 1947 3022 9.
1973 2967 2118 3022 Inter
2149 2974 2432 3024 commoda
2456 2987 2576 3040 quae
2601 2970 2914 3026 referuntur
2966 2986 3036 3028 ex
3088 2973 3396 3045 tranquilli-

1824 3066 1934 3113 tate
1991 3061 2183 3127 animi,
2227 3062 2330 3117 hoc
2381 3063 2580 3116 mirum
2608 3073 2712 3129 est,
2770 3064 2917 3133 quod
2964 3064 3147 3119 omnia
3173 3078 3392 3135 peccata

1825 3150 1973 3218 prius
2004 3152 2423 3223 cogitationibus
2472 3154 2738 3209 duntaxat
2777 3155 2997 3225 pulsant
3024 3158 3287 3211 animum
3323 3177 3392 3212 :a

1824 3256 1933 3309 quo
1964 3241 2010 3295 si
2035 3242 2389 3312 recipiantur,
2426 3244 2650 3299 sensilia
2690 3245 2830 3299 Iiunt
2879 3254 2935 3301 et
2962 3261 3164 3303 crassa.
3210 3246 3395 3321 Virtus

144 3312 349 3414 παχέα.
398 3312 799 3412 Ἀμαρτὴματα
865 3342 1043 3394 πάντα
1086 3341 1343 3393 ἐκκόπτει
1376 3341 1409 3411 ἡ
1440 3312 1718 3411 πρακτικὴ

1828 3342 2006 3386 autem
2037 3335 2303 3403 operandi
2336 3335 2600 3397 studiosa,
2645 3346 3006 3406 promovente
3038 3347 3094 3393 et
3121 3312 3394 3408 Opem‘t‘c-

144 3434 320 3505 ἀρετὴ
342 3434 400 3486 ἐν
428 3431 641 3502 τῷέσω
670 3431 825 3502 ἡμῶν
867 3430 1159 3502 ἀνθρώπῳ,
1222 3432 1296 3503 μὴ
1346 3432 1495 3486 ἐῶσα
1545 3435 1717 3487 ταῦτα

143 3530 228 3591 είς
249 3526 390 3597 ἔργα
412 3525 643 3595 ἀχθῆναι
676 3524 911 3593 πονηρά,
943 3526 1006 3593 τῇ
1041 3525 1181 3595 ῥοπῇ
1202 3526 1297 3577 καὶ
1322 3524 1599 3595 ἀντιλήψει
1624 3526 1717 3577 τού

146 3617 356 3689 Κυρίου
393 3616 547 3685 ἡμῶν
586 3617 758 3686 Ἰησοῦ
783 3614 1034 3685 Χριστοῦ.
1103 3623 1117 3637 “

172 3698 177 3704 ’
219 3715 276 3766 t'.
310 3709 490 3763 Είκὼν
523 3709 621 3779 τῆς
656 3707 926 3777 ἐξωτέρας
951 3706 1043 3759 καὶ
1073 3706 1336 3778 αἰσθητῆς
1366 3708 1461 3761 καὶ
1486 3724 1722 3777 σωματιο

145 3800 252 3870 κῆς
306 3800 628 3869 ἀσκήσεως,
666 3799 699 3869 ἡ
744 3797 961 3851 Παλαιά
1006 3796 1282 3867 Διαθήκηο
1345 3797 1407 3851 τὸ
1465 3797 1522 3850 δὲ
1566 3796 1721 3864 ἀγιον

148 3890 507 3960 Εύαγγέλιον,
528 3891 556 3943 ὃ
584 3891 732 3943 ἐστιν
751 3890 786 3960 η
820 3888 998 3960 Καινὴ
1024 3929 1038 3953 ,
1062 3888 1226 3941 εἰκὼν
1283 3888 1381 3957 τῆς
1428 3890 1718 3959 προσοχῆς,

148 3984 318 4055 ἤγουν
337 3981 437 4053 τῆς
470 3982 841 4052 καθαρότητος
866 3980 968 4049 τῆς
998 3980 1244 4051 καρδίας.
1290 3981 1402 4033 Καὶ
1460 3981 1651 4054 ὥσπερ
1688 3983 1720 4052 ἡ

150 4075 364 4131 Παλαιὰ
392 4074 492 4127 οὐκ
541 4074 802 4139 ἐτελείου,
862 4072 987 4127 οὔτε
1037 4071 1408 4144 ἐπληροφόρει
1473 4072 1566 4125 τὸν
1611 4072 1722 4126 ἔσω

148 4164 435 4239 ἄνθρωπον
461 4168 538 4229 είς
560 4165 870 4219 θεοσέὄειαν
899 4164 1137 4234 (Οὐδένα
1158 4164 1293 4233 γάρ,
1323 4165 1487 4235 φησὶν
1505 4166 1535 4219 ὁ
1562 4165 1722 4218 Ἀπό-

151 4258 359 4323 στολος,
391 4259 572 4327 νόμος
597 4257 957 4328 ἐτελείωσε),
998 4257 1133 4326 μόνα
1165 4256 1222 4310 δέ
1247 4256 1315 4311 τὰ
1349 4257 1526 4328 παχέα
1550 4258 1723 4329 ἁμαρ·

147 4352 369 4423 τήματα
416 4348 674 4403 διεκώλυε
703 4350 820 4420 (τοῦ
844 4349 951 4421 γὰρ
982 4349 1223 4403 κωλῦσαι
1254 4350 1329 4420 μὴ
1356 4349 1607 4405 ἐκϐαλεῖν
1632 4350 1722 4403 τὸν

144 4440 427 4511 ὀφθαλμὸν
466 4444 560 4494 καὶ
588 4440 775 4495 ὀδόντα
818 4440 913 4493 τοῦ
945 4440 1193 4511 πλησίον,
1221 4443 1282 4493 τὸ
1304 4442 1397 4494 καὶ
1423 4441 1550 4504 τοὺς
1574 4440 1723 4508 λογι-

146 4533 324 4604 σμοὺς
344 4533 452 4586 ἀπὸ
464 4533 690 4604 καρδίας
705 4532 957 4602 ἐκκόψαι,
980 4533 1117 4604 ὅπερ
1140 4533 1256 4586 ἐστὶ
1275 4532 1370 4585 τοῦ
1386 4532 1719 4603 Εὑαγγελίου

143 4625 446 4694 διάταγμα,
474 4626 569 4678 καὶ
623 4624 723 4687 τὰς
773 4625 1017 4695 πονηράς
1073 4624 1425 4696 ἐνθυμήσεις,
1456 4624 1641 4695 μεῖζόν
1666 4642 1718 4678 τι
1755 4642 1795 4696 ι)

145 4719 230 4781 εἷς
259 4717 613 4787 καθαρότητα
632 4715 833 4786 ψυχῆς)
854 4732 864 4744 °
883 4715 1025 4768 οὕτω
1049 4717 1142 4768 καὶ
1171 4716 1263 4768 ἐπὶ
1282 4719 1382 4786 τῆς
1405 4716 1721 4785 σωματικῆς

145 4803 497 4874 δικαιοσύνης
533 4804 629 4857 καὶ
673 4804 979 4874 ἀσκήσεως,
1030 4805 1281 4874 νηστείας
1326 4804 1488 4873 λέγω,
1516 4806 1723 4876 ἐγκρα-

145 4897 322 4961 τείας,
358 4896 677 4967 χαμευνίας,
708 4895 1041 4965 ἀγρυπνίας,
1071 4896 1333 4961 στάσεως,
1364 4895 1457 4948 καὶ
1482 4896 1592 4947 τῶν
1614 4895 1725 4948 λοι-

148 4990 295 5051 πῶν,
319 4986 355 5041 ἀ
384 4988 514 5058 περὶ
549 4986 609 5040 τὸ
638 4985 798 5057 σῶμα
833 4985 1135 5055 πεφύκασι,
1172 4986 1265 5039 καὶ
1310 4985 1370 5038 τὸ
1423 4984 1722 5053 παθητικὸν

150 5082 325 5152 μέρος
371 5078 466 5133 τοῦ
506 5077 758 5150 σώματος
806 5077 1103 5149 ἡσυχάζειν
1155 5080 1301 5132 ποιεί
1326 5076 1434 5132 ἀπὸ
1470 5078 1569 5146 τῆς
1599 5077 1723 5132 κατ’

147 5170 439 5243 ἐνέργειαν
462 5169 758 5242 ἁμαρτίας,
781 5168 971 5241 ῶσπερ
999 5165 1152 5222 εἷπον
1179 5169 1433 5240 περὶτῆς
1452 5168 1721 5232 Παλαιᾶς,

149 5262 296 5327 καλά
315 5280 377 5316 τε
417 5261 548 5316 ὄντα
577 5261 673 5316 καὶ
725 5259 899 5315 ταῦτα
922 5278 937 5292 ·
971 5260 1320 5329 παιδαγωγία
1352 5261 1460 5330 γάρ
1492 5262 1596 5314 εἰσι
1626 5260 1720 5314 τοῦ

148 5340 257 5421 ἔξω
281 5352 437 5425 ἡμῶν
456 5350 765 5424 ἀνθρώπου,
789 5351 885 5406 καὶ
905 5351 1143 5424 φρουρὸς
1162 5350 1269 5405 τῶν
1288 5351 1409 5403 κατ’
1436 5350 1719 5422 ἐνέργειαν

147 5447 363 5512 κακῶν,
383 5445 445 5497 οὑ
474 5444 576 5515 μὴν
612 5446 705 5497 κα)⁸
722 5442 833 5496 τῶν
863 5443 1003 5496 κατά
1032 5441 1270 5497 διάνοιαν
1297 5441 1720 5513 ἁμαρτημάτων

148 5534 452 5597 κωλυτικά,
478 5529 590 5586 οἷον
620 5530 926 5597 ἀπαλλάξαι
953 5531 1099 5599 ἡμᾶς
1149 5531 1246 5585 σὺν
1284 5528 1403 5601 Θεῷ
1442 5530 1718 5593 παντελῶς

147 5630 371 5700 φθόνου,
408 5624 602 5697 ὀργῆς,
630 5623 725 5677 καὶ
744 5622 855 5676 τῶν
875 5620 1100 5676 λοιπῶν.

217 5889 262 5920 ⁸⁸
287 5885 429 5940 I’sal.
467 5899 650 5946 utrm,
678 5885 731 5938 4.
803 5884 848 5916 ⁸⁹
876 5882 1040 5938 Hebr.
1063 5899 1160 5957 vn,
1182 5883 1263 5938 I9.

468 5976 739 6067 Panos.
781 5975 887 6037 Gn.
940 5974 1154 6038 XCIII.

1822 3435 1978 3479 rente
2009 3427 2240 3481 Domino
2269 3435 2461 3482 nostro
2485 3427 2618 3483 Jesu
2646 3427 2892 3495 Christo,
2947 3428 3218 3485 abscindit
3278 3434 3394 3485 uni-

1821 3532 1976 3569 versa
2002 3526 2223 3585 peccata
2254 3517 2309 3571 in
2332 3518 2554 3573 homine
2607 3526 2797 3574 nostro
2829 3517 3066 3586 interno,
3124 3535 3195 3575 ne
3250 3522 3396 3578 sinat

1821 3622 1883 3662 ea
1912 3608 2108 3662 deduci
2140 3608 2195 3663 in
2220 3623 2385 3679 opera
2433 3624 2623 3681 prava.

1894 3701 1980 3755 I0.
2015 3698 2186 3755 Vetus
2214 3700 2625 3757 Testamentum
2666 3709 2750 3756 est
2772 3701 2947 3773 imago
2969 3712 3230 3767 externa,
3263 3721 3393 3761 sen-

1822 3791 1996 3846 sibilis
2051 3802 2106 3847 et
2172 3808 2447 3863 corporea:
2497 3794 2921 3849 exercitationis.
2976 3794 3235 3850 Sanctum
3293 3814 3392 3853 an-

1823 3895 1934 3939 tem
1984 3884 2356 3957 Evangelium,
2405 3886 2552 3956 quod
2596 3895 2682 3941 est
2708 3886 2919 3963 Novum
2958 3886 3388 3953 Testamentum,

1824 3977 2002 4047 imago
2031 3986 2114 4032 est
2132 3978 2448 4032 attentionis
2476 3978 2591 4032 sive
2617 3978 2867 4048 puritatis
2889 3979 3174 4035 cordis.Et
3199 3997 3392 4050 quem-

1824 4066 2117 4120 admodum
2152 4066 2317 4122 Vetus
2384 4069 2515 4124 illud
2572 4069 2887 4124 interiorem
2938 4070 3215 4125 hominem
3275 4089 3393 4141 per-

1824 4153 2025 4207 fectum
2070 4162 2126 4208 et
2175 4155 2465 4210 certiorem
2530 4172 2639 4210 non
2697 4156 2931 4211 faciebat
2961 4157 3016 4211 in
3035 4158 3183 4213 cultu
3203 4159 3388 4215 divitia

1826 4246 2135 4317 (Neminem
2159 4246 2326 4310 enim,
2372 4247 2549 4318 inquit
2608 4249 2922 4318 Apostolus,
2977 4251 3049 4303 ad
3102 4253 3393 4322 perfectum

1824 4338 2047 4391 adduxit
2068 4337 2152 4392 lex
2177 4338 2270 4407 ⁸⁸),
2298 4339 2394 4394 sed
2423 4340 2535 4395 sola
2557 4340 2831 4395 crassiora
2871 4350 3095 4410 peccata
3127 4344 3391 4412 prohibe-

1824 4429 1917 4483 bat
1943 4430 2092 4497 (nam
2114 4430 2470 4501 cogitationes
2499 4430 2679 4486 cordis
2702 4439 2757 4485 et
2790 4446 2986 4501 pravas
3035 4433 3201 4487 animi
3255 4450 3388 4488 con-

1823 4520 2103 4589 ceptiones
2130 4530 2435 4591 amputare,
2465 4522 2609 4593 quod
2637 4531 2721 4576 est
2741 4532 3072 4592 praeceptum
3108 4523 3390 4595 Evangeli-

1825 4625 1970 4673 cum,
1997 4612 2349 4680 praestantius
2364 4612 2621 4682 quiddam
2653 4623 2737 4667 est
2771 4615 2839 4668 ad
2872 4614 3193 4669 munditiam
3272 4616 3391 4670 ani.

1826 4716 1948 4763 mae,
1967 4716 2130 4770 quam
2157 4712 2343 4759 vetare
2393 4719 2463 4758 ne
2493 4704 2614 4774 quis
2657 4713 2813 4759 cruat
2855 4705 3075 4761 oculum
3127 4716 3223 4762 aut
3255 4708 3392 4763 den-

1826 4799 1937 4846 tem
1956 4794 2248 4864 proximi):
2282 4795 2474 4851 eodem
2506 4796 2665 4851 modo
2688 4806 2744 4851 et
2769 4796 2823 4850 in
2848 4807 3074 4853 externa
3097 4799 3309 4868 justitia
3337 4810 3392 4855 et

1826 4883 2240 4950 exercitatione,
2264 4885 2477 4957 jejunio
2530 4886 2806 4952 videlicet,
2846 4888 3206 4956 continentia,
3266 4908 3393 4947 cum

1828 4976 2094 5051 dormitur
2159 4976 2333 5044 humi,
2379 4977 2601 5049 vigiliis,
2647 4978 2854 5048 quiete,
2889 4987 2947 5033 et
2987 4978 3209 5049 reliquis
3273 4999 3394 5051 qua:

1827 5069 1970 5124 circa
1996 5083 2195 5140 corpus
2223 5079 2533 5133 versantur,
2582 5080 2639 5126 et
2675 5079 2884 5141 partem
2915 5071 3165 5140 corporis
3181 5071 3395 5127 allecti-

1826 5161 1931 5216 bus
1954 5161 2245 5217 obnoxiam
2276 5171 2632 5233 componunt,
2665 5178 2736 5218 ne
2764 5172 3049 5233 peccatum
3092 5163 3149 5217 in
3198 5180 3396 5234 corpus

1826 5260 2113 5308 externum
2139 5263 2411 5325 erumpat,
2456 5263 2516 5309 ut
2544 5255 2612 5309 de
2646 5255 2827 5311 Veteri
2880 5253 3228 5312 Testamento
3260 5260 3394 5312 dixi-

1826 5359 1982 5413 mus;
2012 5360 2324 5416 quanquam
2357 5356 2413 5403 et
2450 5347 2568 5403 haec
2602 5348 2823 5418 quidem
2882 5348 3025 5403 bona
3070 5357 3238 5413 sunt;
3270 5365 3394 5403 eru-

1825 5434 1985 5490 diunt
2010 5436 2158 5491 enim
2185 5438 2512 5495 exteriorem
2533 5448 2780 5495 nostrum
2822 5439 3124 5501 hominem,
3151 5447 3206 5493 et
3235 5448 3393 5494 tuen-

1824 5534 1915 5580 tur
1942 5527 2010 5581 ab
2064 5529 2310 5584 externis
2362 5531 2512 5585 vitiis
2546 5532 2602 5585 in
2642 5539 2824 5585 aetum
2857 5528 3335 5598 prorumpentibus
3376 5547 3389 5581 :

1830 5630 1938 5671 non
1971 5626 2153 5674 tamen
2181 5622 2346 5676 animi
2373 5630 2597 5692 peccata
2625 5628 2880 5676 coercent
2914 5634 2929 5671 :
2962 5618 3263 5688 cujusmodi
3286 5632 3391 5684 νει,

1829 5706 2061 5762 liberare
2106 5724 2209 5765 nos
2270 5724 2514 5779 prorsus,
2544 5707 2848 5779 opitulante
2891 5704 3019 5773 Deo,
3050 5704 3118 5761 ab
3162 5705 3387 5771 invidia,

1830 5797 1932 5863 ira,
1954 5807 2010 5854 et
2038 5798 2260 5869 reliquis
2279 5800 2580 5858 aﬂ‘ectibus.
2642 5801 2649 5809 ’

2839 5981 2917 6043 48
