4040 6406
565 492 705 563 ίδίῦ

1749 485 2109 549 HESYCHII
2154 484 2618 552 PRESBYTERI

3678 491 3823 585 1515»

638 606 726 661 ll.
756 602 950 659 Cordis
975 610 1156 657 autem
1186 600 1395 671 puritas
1420 639 1435 664 ,
1472 600 1815 655 conservatio
1844 598 2052 653 scilicet
2080 605 2136 653 et

2310 607 2396 655 ια’.
2433 601 2497 653 'll
2523 600 2579 653 δὲ
2605 598 2919 671 καθαρότης
2944 597 3044 669 τῆς
3074 598 3325 672 καρδίας,
3351 601 3522 672 ήγουν
3545 603 3578 672 ή
3605 604 3699 657 τοῦ
3720 607 3807 659 νοῦ

566 696 814 755 custodia
848 693 1071 758 mentis,
1099 692 1258 762 cujus
1291 700 1452 764 typus
1474 702 1557 747 est
1582 690 1793 747 Novum
1818 691 2137 745 Testamen-

569 799 717 857 tum,
768 789 815 845 si
857 795 1168 843 asservetur
1193 799 1225 839 a
1257 784 1417 841 nobis
1443 825 1459 851 ,
1492 794 1552 839 ut
1574 784 1733 840 decet
1756 825 1773 850 ,
1818 782 2139 839 affectiones

569 897 763 939 omnes
791 889 846 936 et
866 880 1124 935 universa
1154 878 1285 933 vitia
1313 894 1343 933 e
1371 877 1535 933 corde
1569 876 1826 932 radicitus
1856 885 2101 947 amputat
2124 893 2136 930 :

569 984 626 1029 et
653 980 841 1030 contra
864 970 1160 1025 introducit
1180 968 1442 1034 laetitiam,
1463 970 1661 1024 bonam
1697 968 1968 1032 fiduciam,
1990 983 2139 1023 com-

572 1063 947 1136 punctionem,
978 1061 1211 1126 luctum,
1252 1061 1518 1132 lacrymas
1541 1101 1557 1123 ,
1589 1060 1759 1115 nostri
1806 1059 2046 1129 ipsorum
2077 1072 2142 1111 ac

572 1161 918 1224 peccatorum
943 1159 1257 1206 nostrorum
1285 1151 1556 1213 notitiam,
1587 1149 1905 1204 memoriam
1930 1150 2139 1213 mortis,

572 1259 757 1299 veram
789 1232 1173 1309 humilitatem,
1195 1243 1545 1298 dilectionem
1576 1244 1851 1312 ingentem
1883 1252 1991 1297 tam
2017 1257 2141 1312 erga

574 1337 745 1390 Deum
773 1349 935 1406 quam
976 1349 1103 1406 erga
1143 1334 1416 1399 homines,
1469 1342 1525 1389 et
1581 1333 1940 1388 inhaerentem
1993 1332 2141 1387 cordi

572 1428 814 1483 divinum
838 1440 1102 1482 amorem.

641 1519 730 1577 12.
766 1518 921 1574 Sicut
954 1518 1002 1573 is
1030 1518 1124 1590 qui
1161 1518 1290 1574 facit
1323 1517 1427 1574 iter
1479 1517 1536 1573 in
1582 1526 1749 1584 terra,
1801 1532 1913 1573 non
1967 1528 2145 1590 potest

570 1626 755 1668 aerem
782 1610 948 1665 istum
970 1626 1081 1666 non
1108 1610 1391 1667 dividere:
1428 1610 1502 1665 ita
1550 1610 1669 1665 ﬁeri
1713 1626 1821 1666 non
1854 1619 2053 1681 potest,
2086 1621 2146 1666 nt

571 1716 669 1756 cor
705 1699 1004 1755 humanum
1038 1708 1307 1769 perpetuo
1346 1714 1456 1754 non
1511 1699 1860 1770 impngnetur
1887 1715 1918 1754 a
1942 1700 2148 1753 dar-mo.

574 1791 755 1857 nibus,
787 1799 880 1846 aut
907 1790 1045 1846 clam
1090 1798 1412 1860 torqueatur
1464 1791 1534 1845 ab
1594 1790 1721 1854 illis,
1772 1790 1985 1846 etiamsi
2036 1791 2145 1846 fre-

572 1879 761 1949 quenti
788 1887 1087 1950 occupetur
1117 1879 1378 1934 exercitio
1412 1880 1705 1949 corporali.

644 1968 734 2025 l5.
773 1967 830 2023 Si
854 1968 988 2024 velis
1016 1967 1073 2021 in
1101 1965 1353 2035 Domino,
1378 1982 1489 2023 non
1518 1968 1774 2038 opinione
1800 1966 1996 2032 solum,
2028 1982 2149 2023 esse

573 2058 879 2116 monachus
911 2059 1089 2117 bonus
1118 2099 1135 2127 ,
1173 2074 1363 2129 aequus
1385 2098 1401 2122 ,
1453 2069 1508 2114 et
1540 2060 1653 2114 Deo
1681 2073 1899 2128 semper
1945 2060 2149 2122 unitus,

574 2150 672 2205 sed
704 2163 897 2204 revera
934 2158 990 2204 et
1006 2148 1151 2204 facto
1180 2147 1300 2219 ipso
1326 2148 1449 2202 talis
1470 2162 1593 2203 esse
1618 2147 1917 2213 desideras,
1945 2156 2153 2203 sectare

573 2255 676 2311 pro
706 2239 916 2296 viribus
965 2238 1283 2295 attentionis
1316 2239 1573 2294 virtutem
1606 2253 1727 2308 quae
1776 2247 1860 2294 est
1910 2238 2153 2293 custodia

576 2340 632 2387 et
652 2330 996 2387 conservatio
1015 2330 1237 2394 mentis,
1256 2330 1655 2386 consummatio
1675 2330 1961 2385 suavitatis
1983 2330 2155 2401 ipsius

574 2422 777 2490 cordis,
809 2421 1026 2493 requies
1064 2421 1414 2477 illusionibus
1458 2436 1629 2477 vacua
1656 2460 1671 2486 ,
1727 2421 1919 2477 beatus
1956 2422 2154 2478 animae

573 2521 770 2581 status,
802 2528 892 2570 res
926 2528 1049 2587 quae
1077 2511 1220 2586 apud
1249 2526 1453 2585 paucos
1481 2514 1774 2584 reperitur.

638 2695 737 2754 ﬂ.
782 2693 910 2751 Hac
935 2694 1191 2753 dicuntur
1223 2693 1395 2750 menti
1422 2692 1784 2765 philosophia:
1820 2692 2048 2760 deditze;
2100 2702 2157 2749 et

578 2784 755 2842 illud:
782 2776 958 2858 Perge
985 2786 1090 2842 hac
1117 2786 1203 2841 via
1225 2800 1349 2841 eum
1374 2785 1545 2840 multa
1582 2784 1951 2850 tribulatione,
1977 2794 2031 2839 et
2068 2800 2156 2838 ar-

578 2881 729 2937 denti
756 2879 1051 2945 desiderio,
1084 2895 1208 2936 cum
1250 2878 1521 2935 humilLet
1562 2879 1753 2934 crebra
1798 2876 1922 2933 Iesu
1951 2878 2155 2934 Christi

579 2970 1140 3042 depreca‘tione,cum
1175 2971 1393 3026 silentio
1425 2970 1694 3025 labiorum
1728 2978 1839 3025 tam
1868 2970 2155 3025 sensilium

572 3076 743 3132 quam
774 3061 1396 3128 intellectualium,'cum
1420 3061 1752 3118 abstinentia
1769 3062 1873 3117 cibi
1895 3070 1950 3117 et
1972 3072 2153 3126 potus,

572 3158 874 3223 rerumque
902 3154 1147 3209 omnium
1167 3154 1526 3209 obnoxiarum
1552 3148 1809 3225 peccato;
1838 3169 2001 3225 perge
2031 3154 2155 3221 hac,

2236 696 2467 765 τήρησις
2491 695 2586 747 καὶ
2619 694 2861 763 φυλακὴ,
2890 688 2957 765 ἦς
2982 693 3153 757 τύπος
3180 695 3212 764 ἡ
3246 694 3427 765 Καινὴ
3454 694 3717 769 Διαθήκη,
3738 698 3808 749 εί-

2239 802 2342 857 περ
2375 785 2449 850 ὡς
2473 786 2556 840 δεῖ
2598 787 2731 856 παρ’
2767 786 2927 857 ἡμῶν
2968 785 3323 855 φυλάττεται,
3348 786 3537 839 πάντα
3571 786 3640 840 τά
3669 788 3807 858 πάθη

2240 880 2334 932 καὶ
2368 880 2545 933 πάντα
2563 879 2631 932 τά
2654 878 2820 944 κακά,
2839 877 2948 931 ἀπὸ
2967 877 3192 949 καρδίας
3218 876 3517 948 ὲκριζοὺσα
3540 878 3808 941 ἐκκόπτει,

2240 973 2331 1024 καὶ
2360 971 2671 1040 ἀντεισάγει
2707 972 2905 1043 χαράν,
2942 970 3314 1033 εὑελπιστίαν,
3348 971 3670 1035 κατάνυξιν,
3693 974 3810 1026 πέν-

2242 1062 2353 1128 θος,
2384 1062 2619 1134 δάκρυα,
2643 1061 2939 1131 ἐπίγνωσιν
2959 1061 3121 1133 ήμῶν
3146 1060 3379 1128 ἑαυτῶν,
3400 1062 3626 1115 καὶτῶν
3643 1065 3811 1133 ἁμαρ·

2239 1156 2501 1226 τημάτων
2530 1155 2708 1227 ήμῶν,
2740 1156 2961 1226 μνήμην
2981 1153 3236 1219 θανάτου,
3262 1153 3598 1208 ταπείνωσιν
3626 1154 3813 1226 ἀληθῆ,

2242 1247 2465 1318 ἀγάπην
2515 1264 2574 1300 τε
2630 1246 2884 1318 ἄπειρον,
2917 1246 3057 1316 πρός
3093 1264 3154 1300 τε
3194 1246 3329 1301 θεὸν
3353 1248 3449 1301 καὶ
3479 1244 3811 1319 ἀνθρώπους,

2243 1338 2339 1393 καὶ
2373 1338 2553 1410 ἔρωτα
2574 1338 2720 1394 θεῖον
2755 1337 3070 1411 ἐγκάρδιον.

2315 1520 2404 1591 ιβ’.
2447 1520 2537 1585 Ὠς
2568 1520 2669 1574 οὑκ
2689 1520 2769 1575 ἔνι
2802 1521 2877 1593 μὴ
2901 1521 3124 1593 τέμνειν
3150 1520 3343 1575 τοῦτον
3363 1522 3460 1575 τὸν
3489 1521 3632 1592 ἀέρα
3666 1522 3724 1574 ἓν
3753 1523 3819 1593 γῇ

2247 1612 2571 1684 βαδίζοντα,
2618 1613 2759 1667 οὑτω
2810 1615 2949 1685 μήτε
3007 1613 3362 1685 πολεμεῖσθαι
3429 1614 3683 1689 ἀεννάως
3726 1616 3822 1668 ὑπὸ

2243 1706 2519 1778 δαιμόνων
2547 1707 2778 1779 καρδίαν
2806 1706 3099 1779 ἀνθρώπου
3137 1706 3422 1770 ἀδύνατον,
3451 1706 3485 1777 ἢ
3525 1706 3621 1758 ὑπ’
3654 1706 3823 1759 αὑτῶν

2243 1798 2502 1869 κρυπτῶς
2524 1799 2890 1870 ἐνεργεῖσθαι,
2918 1798 3022 1853 κᾶν
3052 1796 3371 1869 σωματικήν
3411 1798 3651 1868 ἄσκησιν
3700 1797 3823 1850 πολ-

2247 1891 2347 1961 λὴν
2378 1891 2497 1964 ἔχῃ.

2323 1990 2413 2052 ιγ’.
2451 1983 2620 2055 Εἴπερ
2642 1986 2701 2037 ὲν
2726 1984 2915 2055 Κυρίῳ
2935 1982 3109 2047 θέλεις
3141 1983 3219 2055 μὴ
3249 1984 3464 2055 δοκήσει
3497 1983 3663 2053 μόνον
3694 1978 3825 2036 εἶναι

2256 2076 2508 2145 μοναχδς,
2538 2078 2633 2130 καὶ
2657 2075 2911 2146 χρηστὸς,
2933 2076 3030 2129 καὶ
3056 2075 3570 2146 ἑπιεικής,καὶΘεῷ
3603 2075 3826 2128 πάντοτε

2252 2167 2549 2237 ἡνωμένος,
2580 2168 2718 2220 ἀλλά
2741 2168 2835 2220 καὶ
2867 2167 3096 2239 ἀληθείᾳ
3119 2168 3214 2220 καὶ
3246 2167 3395 2238 ἔργῳ
3429 2167 3675 2231 τοιοῦτος
3698 2164 3829 2220 εἶναι

2256 2257 2456 2329 βούλει,
2487 2258 2824 2330 προσοχικήν
2854 2259 3055 2331 ἀρετήν
3105 2260 3259 2331 πάσῃ
3305 2260 3534 2330 δυνάμει
3585 2260 3829 2331 μέτελθε,

2253 2350 2288 2421 ἦ
2323 2353 2437 2404 ἐστι
2468 2349 2587 2414 νοὸς
2610 2350 2845 2424 φυλακὴ,
2863 2352 2959 2405 νοῦ
2976 2353 3230 2423 τήρησις,
3261 2353 3358 2406 καὶ
3390 2354 3676 2418 τελείωσις
3703 2373 3831 2427 παρα

2252 2440 2445 2513 διακῆς
2470 2441 2750 2511 γλυκείας,
2783 2444 2980 2514 ἡσυχία
3037 2445 3405 2513 άφάνταστος,
3450 2446 3703 2516 μακαρία
3732 2446 3832 2516 ψυ-

2254 2533 2356 2606 χῆς
2398 2534 2756 2602 κατάστασις,
2830 2538 3062 2607 πρᾶγμα
3108 2537 3211 2589 οὑκ
3238 2538 3297 2591 ὲν
3331 2536 3553 2602 πολλοῖς
3580 2538 3831 2609 εὑρισκόο

2258 2643 2419 2697 μενον

2328 2720 2411 2774 ιδ’.
2442 2718 2634 2775 Ταῦτα
2676 2720 2785 2792 γάρ
2819 2720 3070 2789 λέγονται
3118 2720 3201 2775 νοῒ
3239 2724 3304 2793 τῇ
3350 2722 3643 2794 φιλοσοφίᾳ
3671 2741 3686 2756 θ
3724 2725 3832 2790 καὶ,

2258 2812 2448 2865 Ὅδευε
2474 2811 2679 2882 ταύτην
2736 2813 2794 2865 ὲν
2825 2812 2993 2885 πολλῇ
3041 2812 3240 2883 ϐλίψει,
3284 2815 3375 2867 καὶ
3414 2814 3594 2886 θερμῇ
3640 2816 3834 2886 προθυ-

2260 2905 2379 2976 μίᾳ,
2420 2905 2518 2959 σὺν
2566 2903 2718 2977 εὑχῇ
2743 2905 2920 2976 Ἰησοῦ
2947 2906 3213 2977 Χριστοῦ,
3258 2910 3354 2961 σὺν
3390 2907 3716 2962 ταπεινώσει
3743 2910 3835 2963 καὶ

2257 2996 2554 3065 πυκνότητι
2588 2997 2684 3050 κα)⁸
2720 2998 2898 3066 σιωπῇ
2926 2997 3205 3067 αἰσθητῶν
3234 2998 3456 3068 χειλέων
3486 3001 3581 3052 καὶ
3610 2999 3835 3069 νοητῶν,

2259 3090 2355 3143 σὺν
2380 3090 2680 3160 ἐγκρατείᾳ
2713 3088 3021 3161 βρωμάτων
3050 3092 3146 3143 καὶ⁵
3192 3091 3474 3160 πομάτων,
3508 3092 3603 3144 καὶ
3640 3091 3834 3154 παντὶς

2257 3178 2574 3248 ὲφαμάρτου
2612 3179 2937 3250 πράγματος
2961 3194 2978 3210 ο
3025 3179 3177 3232 ὅδευε
3217 3179 3422 3250 ταύτην
3453 3183 3514 3234 ὲν
3561 3180 3671 3252 ὁδῷ
3717 3183 3834 3235 δια-

579 3244 722 3299 duce
753 3244 1056 3308 intellectu,
1083 3245 1219 3299 scite
1247 3254 1303 3299 et
1328 3246 1647 3315 prudenter,
1683 3244 1904 3309 ethzec,
1932 3244 2153 3314 iuvante

2257 3244 2406 3331 νοίας
2432 3244 2811 3339 ἐπιστημόνως
2834 3272 2892 3322 ἐν
2918 3270 3211 3341 φρονήσει·
3244 3272 3339 3325 καὶ
3376 3244 3516 3341 αὕτη
3549 3289 3611 3326 σε
3639 3244 3833 3339 διδάξει

585 3335 718 3401 Deo,
759 3339 814 3389 te
848 3334 1086 3403 docebit,
1118 3335 1469 3407 perspicuum
1500 3335 1683 3401 faciet,
1719 3335 2035 3403 illustrabit,
2066 3336 2154 3390 in-

581 3427 825 3498 telligere
857 3426 1040 3493 faciet,
1089 3428 1455 3494 conservabit,
1489 3437 1545 3483 et
1568 3426 1798 3493 erudiet,
1834 3442 1957 3498 quae
2003 3429 2156 3499 prius

580 3518 766 3574 animo
796 3520 1059 3590 consequi
1101 3534 1212 3574 non
1258 3528 1516 3592 poteras,
1565 3520 1697 3576 dum
1742 3520 2051 3575 ambulat-es
2100 3521 2153 3574 in

585 3608 826 3664 tenebris
855 3609 1227 3676 allectionum,
1258 3620 1314 3666 et
1341 3611 1536 3682 abysso
1560 3610 1850 3668 oblivionis
1878 3621 1933 3667 et
1960 3614 2156 3668 confu-

585 3700 754 3755 sionis
796 3700 1092 3769 involutus,
1114 3703 1252 3775 quid
1290 3702 1362 3758 sit
1404 3718 1542 3774 opus
1587 3703 1954 3772 tenebrarum,
2002 3706 2157 3777 igno-

587 3806 763 3849 mres.

660 3883 749 3940 l5.
782 3880 1249 3949 Quemadmodum
1268 3883 1443 3939 valles
1464 3884 1740 3954 copiosius
1768 3886 2012 3957 praabent
2040 3887 2157 3942 fru-

587 3982 878 4029 mentum:
913 3973 985 4027 ita
1037 3973 1154 4029 haec
1210 3976 1298 4030 via
1354 3992 1517 4032 omne
1574 3978 1781 4033 bonum
1841 3980 2058 4051 augebit
2101 3981 2157 4035 in

587 4064 753 4121 corde
784 4073 876 4119 tuo
904 4082 917 4119 :
948 4065 1058 4137 imo
1087 4066 1265 4135 potius
1306 4069 1567 4125 Dominus
1596 4079 1781 4126 noster
1811 4072 1971 4127 Jesus
1999 4073 2157 4127 Chri-

589 4165 729 4220 stus,
765 4157 883 4211 sine
916 4172 1026 4233 quo
1058 4157 1193 4212 nihil
1217 4174 1509 4229 possumus
1539 4160 1752 4230 facere,
1792 4165 2160 4235 suppeditabit

593 4248 709 4302 haec
739 4247 857 4302 tibi.
892 4248 958 4302 Et
988 4244 1131 4303 hanc
1165 4249 1365 4303 scalam
1396 4251 1632 4321 primum
1660 4253 1934 4323 reperies:
1964 4256 2161 4310 deinde

592 4337 817 4404 librum,
850 4330 1078 4411 qui'legi
1110 4340 1249 4395 solet
1277 4359 1290 4394 :
1324 4349 1509 4411 postea
1539 4357 1663 4396 cum
1690 4343 2009 4413 profeceris,
2036 4347 2164 4401 civi-

591 4439 756 4486 tatem
791 4431 962 4501 ipsam
993 4424 1298 4487 Jerusalem
1330 4433 1611 4487 caelestem
1665 4434 1912 4490 invenies
1941 4476 1955 4499 ,
2001 4436 2162 4491 Chri-

592 4530 842 4589 stumque
863 4535 1047 4592 regem
1081 4520 1281 4576 virium
1318 4520 1536 4578 lsraelis
1562 4522 1840 4579 intellectu
1876 4525 2161 4581 manifeste

592 4613 920 4682 conspicies.

666 4701 751 4755 16.
776 4699 1060 4758 Daemones
1104 4719 1321 4775 semper
1370 4705 1619 4762 illusione
1652 4715 1709 4763 et
1749 4706 2029 4765 mendacio
2068 4725 2168 4763 nos

593 4793 858 4848 inducunt
918 4795 984 4849 ad
1054 4797 1409 4865 peccandum.
1469 4796 1604 4852 Nam
1665 4798 2165 4868 per-illusionem,

593 4883 823 4938 avaritia
875 4893 934 4936 et
982 4883 1194 4939 lucrum
1272 4884 1528 4939 miserum
1573 4868 1764 4941 Judam
1813 4888 2163 4955 seduxerunt,

594 4983 655 5028 ut
718 4974 971 5044 proderet
1012 4972 1314 5030 Dominum
1369 4984 1425 5030 et
1477 4974 1646 5031 Deum
1698 4960 1962 5034 omnium.
2017 4979 2168 5034 Men-

594 5064 751 5120 dacio
783 5080 934 5131 vero,
970 5066 1097 5121 dum
1127 5067 1462 5122 recreatione
1512 5083 1769 5139 corporea
1812 5071 2009 5127 nullius
2052 5090 2168 5127 mo—

597 5156 792 5221 menti,
834 5156 1061 5222 honore,
1087 5165 1317 5226 quazstu,
1377 5168 1434 5212 et
1461 5160 1630 5229 gloria
1664 5163 1975 5231 propositis,
2012 5164 2162 5220 illum

595 5247 1022 5319 strangulatione
1072 5249 1437 5305 deturbarunt
1468 5269 1482 5305 :
1514 5261 1572 5307 et
1615 5251 1863 5310 infelices
1901 5270 2002 5325 pro
2060 5272 2161 5312 sua

595 5348 836 5415 ipsorum
863 5343 1139 5409 illusione,
1175 5345 1575 5414 suggestionem
1601 5345 1747 5410 dico,
1771 5362 1995 5416 prorsus
2018 5364 2152 5403 con-

594 5434 827 5491 trarium
861 5434 914 5489 ei
951 5434 1335 5504 rependentes,
1369 5443 1599 5489 mortem
1628 5443 1887 5492 aeternam
1922 5436 1996 5493 illi
2032 5454 2164 5494 con-

593 5527 871 5582 ciliarunt.

662 5621 749 5679 l7.
789 5618 926 5675 Vide
949 5660 965 5685 ,
1009 5635 1119 5690 quo
1147 5626 1309 5691 pacto
1342 5620 1529 5676 hostes
1557 5618 1748 5676 salutis
1790 5631 1991 5679 nostra:
2035 5623 2163 5677 illu-

590 5709 743 5765 sione
796 5707 1081 5764 mendacio
1112 5750 1126 5775 ,
1162 5710 1428 5781 vanisque
1483 5710 2005 5785 pollicitationibus,
2054 5713 2158 5769 labi

591 5813 691 5854 nos
717 5797 947 5855 faciunt.
988 5798 1256 5855 Eumdem
1300 5800 1355 5855 in
1388 5803 1611 5858 modum
1640 5803 1806 5858 etiam
1846 5802 1963 5873 ipse
1987 5802 2156 5859 Satan

560 5882 619 5948 ‘a
647 5887 761 5945 suis
787 5887 1136 5959 elationibus,
1163 5890 1336 5948 instar
1355 5890 1608 5968 fulguris,
1630 5893 1890 5954 etl‘ractus
1910 5903 2014 5964 est,
2030 5910 2155 5952 cum

2262 3360 2359 3413 σὺν
2387 3358 2531 3430 Θεῷ,
2568 3361 2663 3414 καὶ
2723 3362 2967 3429 γνωριεῖ,
2997 3360 3091 3414 καὶ
3120 3364 3368 3431 φωτίσει,
3402 3363 3496 3415 καὶ
3547 3363 3828 3431 συνετίσει,

2260 3451 2356 3505 καὶ
2386 3452 2635 3520 φυλάξει,
2667 3453 2762 3506 καὶ
2795 3452 3127 3524 μαθητεύσει
3178 3470 3236 3505 σε
3262 3453 3405 3525 ἅπερ
3450 3454 3717 3525 πρότερον
3742 3455 3829 3507 λα-

2262 3544 2375 3598 ϐεῖν
2401 3546 2481 3609 είς
2511 3545 2637 3599 νοῦν
2657 3547 2932 3611 ἀδυνάτως
2972 3541 3135 3618 εἶχες,
3170 3550 3229 3599 ὲν
3263 3547 3440 3599 σκότει
3464 3546 3654 3600 παθῶν
3684 3564 3826 3616 περιο

2262 3636 2472 3700 πατῶν,
2507 3638 2601 3691 καὶ
2628 3638 2904 3691 σκοτεινὸν
2934 3638 3093 3709 ἔργον
3122 3639 3219 3693 καὶ
3245 3638 3349 3692 ὑπὸ
3365 3638 3536 3709 λήθης
3576 3639 3676 3693 καὶ
3703 3657 3826 3708 συγ-

2262 3722 2473 3795 χύσεως
2500 3724 2738 3779 άδύσσου
2772 3728 3201 3799 καλυπτόμενος.

2336 3909 2421 3958 ιε’.
2453 3903 2667 3977 Ὠσπερ
2716 3906 2771 3958 αί
2823 3906 3071 3968 κοιλάδες
3098 3907 3430 3976 πληθυνουσι
3463 3910 3629 3975 σῖτον,
3665 3908 3823 3972 οὕτως

2265 3994 2403 4067 αὕτη
2440 3995 2702 4067 πληθύνει
2736 3997 2793 4051 ἐν
2825 4000 2890 4065 τῇ
2924 3997 3118 4068 καρδίᾳ
3167 3998 3371 4065 ἀγαθὸν
3419 4001 3584 4053 ἅπαν.
3625 4000 3823 4053 Μᾶλλον

2265 4086 2322 4139 δὲ
2359 4088 2386 4138 ὁ
2414 4086 2621 4157 Κύριος
2649 4087 2807 4158 ἡμῶν
2848 4088 3055 4157 Ἰησοῦς
3097 4089 3348 4160 Χριστὸς.
3390 4090 3565 4145 ταῦτα
3614 4092 3827 4163 παρέξει

2266 4192 2374 4238 σοι,
2403 4170 2462 4230 οὑ
2480 4177 2669 4247 χωρὶς,
2690 4179 2751 4230 οὑ
2777 4178 3054 4247 δυνάμεθα
3083 4182 3258 4232 ποιεῖν
3290 4181 3467 4234 οὐδέν.
3511 4183 3622 4235 Καὶ
3650 4184 3826 4252 πρῶτα

2270 4265 2371 4335 μὲν
2405 4264 2646 4335 κλίμακα
2674 4267 2836 4320 αὑτὸν
2866 4268 3142 4339 εὑρήσεις,
3174 4269 3363 4324 ἔπειτα
3399 4273 3454 4325 δὲ
3500 4272 3687 4341 βίϐλον
3714 4276 3829 4328 ἀνα-

2267 4360 2702 4429 γινωσκομένην,
2731 4353 2850 4413 εἶτα
2891 4361 3217 4431 προκόπτων
3263 4364 3519 4434 εὑρήσεις
3549 4366 3719 4437 αὐτὴν
3743 4368 3830 4419 πό-

2270 4448 2354 4501 λιν
2401 4448 2756 4522 Ἱερουσαλήμ
2779 4453 3122 4522 ἐπουράνιον,
3139 4455 3233 4508 καὶ
3249 4456 3339 4509 τὸν
3367 4456 3590 4526 βασιλέα
3614 4459 3831 4528 Χριστὸν

2270 4538 2378 4593 τῶν
2407 4540 2692 4612 δυνάμεων
2734 4543 2951 4614 Ἰσραήλ
2973 4546 3218 4615 ἐναργῶς
3245 4548 3452 4615 νοητῶς
3486 4548 3628 4617 δψει.

2345 4723 2440 4783 ις’.
2471 4719 2571 4773 Διὰ
2615 4721 2919 4790 φαντασίας
2969 4723 3064 4775 καὶ
3092 4723 3319 4793 ψεύδους
3362 4726 3451 4780 ἀεὶ
3501 4728 3549 4780 οί
3591 4728 3832 4799 δαίμονες

2270 4812 2555 4881 ὲνάγουσιν
2608 4815 2756 4882 ήμᾶς
2790 4814 2869 4878 είς
2891 4815 2948 4867 τὸ
2975 4817 3307 4887 ἁμαρτάνειν
3328 4835 3341 4846 ε
3384 4820 3604 4892 καὶγὰρ
3626 4824 3684 4875 ὲν
3709 4840 3833 4890 φαν-

2268 4900 2432 4971 τασίᾳ
2484 4901 2818 4973 φιλαργυρία
2872 4906 2966 4957 καὶ
3029 4906 3223 4975 κέρδος
3255 4909 3344 4961 τὸν
3389 4910 3577 4964 ἄθλιον
3646 4912 3833 4966 Ἰούδαν

2270 4992 2694 5063 παρεσκεύασαν
2716 4996 3052 5063 παραδοῦναι
3079 4998 3169 5051 τὸν
3214 5000 3414 5070 Κύριον
3446 5004 3545 5057 καὶ
3575 5004 3710 5058 Θεὸν
3736 5022 3833 5058 των

2269 5083 2528 5137 ἁπάντων
2555 5099 2568 5110 ·
2591 5084 2680 5138 διὰ
2702 5085 2759 5138 δὲ
2789 5084 3018 5155 ψευδοῦς
3050 5088 3145 5141 καὶ
3172 5091 3455 5156 ούτιδανῆς
3482 5094 3832 5158 ἀναπαύσεως

2270 5171 2591 5242 σωματικῆς
2655 5174 2750 5227 καὶ
2802 5173 3005 5243 τιμῆς,
3059 5178 3155 5231 καὶ
3209 5179 3457 5251 κέρδους,
3505 5184 3603 5237 καὶ
3660 5184 3831 5256 δόξης,

2267 5260 2476 5330 ἀγχόνη
2508 5261 2672 5317 αὑτὸν
2732 5264 3046 5335 περιέϐαλε,
3099 5269 3193 5320 καὶ
3219 5269 3311 5322 τδν
3350 5270 3571 5326 αἰώνιον
3612 5274 3835 5330 θάνατον

2268 5351 2420 5423 αὑτῷ
2449 5352 2823 5425 προεξενησαν
2843 5371 2858 5386 ο
2890 5357 3221 5422 ἀπεναντίας
3265 5361 3314 5413 οἱ
3347 5360 3574 5416 δείλαιοι
3605 5365 3834 5436 πάμπαν

2264 5444 2363 5513 τῆς
2413 5445 2623 5498 ἑαυτῶν
2655 5447 2980 5514 φαντασίας,
3012 5450 3109 5519 τῆς
3133 5451 3461 5524 προσϐολῆς,
3494 5453 3665 5525 λέγω,
3692 5457 3837 5532 αὑτῷ

2263 5534 2745 5606 ἀνταμειψόμενοι.
2768 5540 2779 5541 ί

2338 5624 2421 5689 ιζ’.
2455 5628 2620 5699 Ὅρα,
2678 5630 2796 5695 πῶς
2848 5631 2934 5685 διὰ
2984 5634 3285 5700 φαντασίας
3329 5634 3425 5689 καὶ
3450 5634 3703 5705 ψεύδους,
3740 5639 3831 5693 καὶ

2262 5715 2437 5769 κενῶν
2467 5718 2817 5790 ὑποσχέσεων
2844 5724 2996 5793 ἡμᾶς
3042 5726 3481 5795 πτωματίζουσιν
3533 5730 3585 5782 οί
3653 5732 3828 5802 ἐχθροὶ

2260 5804 2360 5875 τῆς
2414 5809 2692 5879 σωτηρίας
2756 5812 2932 5882 ήμῶν.
2968 5814 3077 5867 Καὶ
3119 5815 3282 5879 αὑτὸς
3308 5817 3336 5868 ό
3362 5817 3538 5872 Σατάν
3575 5820 3744 5885 οὕτως
3765 5823 3823 5875 ἑκ

2259 5892 2369 5950 τῶν
2421 5895 2735 5969 ὑψωμάτων
2772 5901 2849 5967 ὡς
2913 5903 3170 5977 ἀστραπὴ
3220 5909 3539 5981 κατερράγη
3598 5912 3823 5988 ἰσοϐεῐαν
