4006 6406
148 498 293 564 1517

858 496 955 561 DE
992 496 1539 561 TEMPERANTIA
1570 496 1666 556 ET
1704 494 2067 559 VIRTUTE.
2099 522 2168 533 -
2200 496 2586 559 CENTURIA
2612 496 2695 557 ΙΙ.

3265 500 3400 567 1518

140 607 510 676 φαντασθείς.
564 608 673 662 Kal.
717 608 860 662 οὕτω
915 610 1077 662 πάλιν
1134 608 1223 662 τὸν
1285 608 1458 677 Ἀδὰμ
1498 604 1726 676 ἐχώρισε

1861 621 1894 661 e
1925 607 2313 678 Deomqualem
2339 606 2747 677 imaginaretur.
2802 604 3001 662 Eadem
3045 622 3260 665 rursum
3308 628 3399 665 ra-

143 699 317 764 Θεοῦ,
354 700 533 753 θεῖκὺν
582 699 798 770 ἀξίωμα
857 701 1136 768 φαντάσας
1192 699 1375 761 αὑτὸν,
1434 698 1529 751 καὶ
1581 696 1723 750 οὕτω

145 792 371 853 πάντας
417 790 554 853 τοὺς
590 792 1005 862 ἁμαρτάνοντας
1047 791 1265 861 ἀπατᾷν
1304 790 1337 843 6‘
1360 788 1601 859 ψεύστης
1634 786 1729 839 καὶ

140 882 328 946 δόλιος
356 881 544 935 εἴωθεν
570 882 783 954 ἐχθρός.

224 1074 321 1139 ιη’.
356 1064 763 1138 Πικραινόμεθα
796 1064 893 1136 τὴν
930 1063 1161 1134 καρδίαν
1198 1062 1312 1117 ὑπὸ
1335 1062 1417 1117 ἰοῦ
1451 1061 1731 1132 λογισμῶν

146 1146 451 1231 πονηρίας,
519 1163 648 1215 ὅταν
695 1160 973 1232 προσοχῆς
1022 1162 1119 1213 καὶ
1182 1157 1360 1230 Ἰησοῦ
1396 1157 1563 1227 εὐχῆς
1594 1156 1732 1227 πρὸς

150 1252 302 1306 πολὺ
333 1252 440 1306 ὑπὸ
470 1252 639 1324 λήθης
665 1250 999 1321 ἀμελοῦντες
1024 1247 1368 1317 ἀπαγώμεθα
1390 1264 1407 1281 ο
1441 1245 1734 1316 γλυκαινό-

153 1344 303 1414 μεθα
331 1344 389 1397 δὲ
418 1344 581 1397 πάλιν
608 1345 668 1397 ἐν
705 1342 957 1413 αἰσθήσει
988 1342 1083 1395 καὶ
1128 1339 1357 1412 ἡδύτητί
1405 1356 1513 1393 τινι
1569 1336 1735 1406 ἀγαλ-

150 1432 397 1496 λιάσεως
428 1433 725 1505 μακαρίας,
751 1434 879 1486 ὃταν
916 1433 986 1485 τά
1039 1431 1416 1503 προειρημένα
1456 1427 1736 1500 κραταιῶς

151 1526 260 1579 καὶ
290 1524 589 1595 προθύμως
617 1526 676 1578 ἐν
731 1523 810 1595 τῷ
855 1522 1201 1595 ἐργαστηρίῳ
1224 1523 1323 1592 τῆς
1371 1520 1608 1589 διανοίας
1639 1521 1738 1590 ἐμ-

155 1616 347 1687 μελῶς
387 1615 477 1670 διὰ
524 1615 726 1688 ἔρωτος
746 1615 890 1669 θείου
941 1613 1281 1679 ἐπιτελῶμεν
1307 1628 1323 1644 ο
1367 1612 1491 1666 τότε
1526 1610 1638 1682 γάρ
1674 1610 1735 1663 οὺ

149 1709 232 1764 δι’
264 1709 393 1764 ἀλλο
419 1726 472 1762 τι
494 1712 561 1780 τῇ
591 1709 862 1779 καρδιακῇ
896 1706 1097 1776 ἡσυχία
1145 1704 1381 1776 βαδίζειν
1424 1701 1738 1775 προθυμού-

156 1803 335 1873 μεθα,
360 1802 534 1873 ἀλλ’ἢ
588 1801 679 1857 διά
720 1802 819 1874 τὴν
844 1800 1042 1869 ἑαυτῆς
1084 1801 1143 1853 ἐν
1188 1802 1255 1871 τῇ
1288 1798 1433 1870 ψυχῇ
1482 1798 1740 1867 γλυκεῖαν

157 1892 364 1964 ἡδονὴν
392 1893 484 1945 καὶ
510 1890 723 1962 τέρψιν.

240 1981 331 2036 ιϐ’.
369 1981 676 2051 Ἐπιστὴμη
734 1978 1075 2050 ἐπιστημῶν,
1125 1978 1219 2032 καί
1244 1978 1407 2049 τέχνη
1453 1978 1677 2049 τεχνῶν,
1711 1979 1741 2048 ἡ

160 2072 282 2126 τῶν
328 2072 653 2143 κακούργων
688 2070 968 2142 λογισμῶν
1020 2074 1137 2125 ἐστι
1181 2072 1363 2142 τέχνη.
1416 2071 1604 2123 Ἔστιν
1646 2070 1742 2123 οὖν

163 2164 396 2236 ἄριστος
419 2166 618 2237 τρόπος
644 2165 737 2219 καὶ
778 2164 942 2235 τέχνη
968 2165 1172 2228 αὐτῶν,
1221 2164 1302 2228 τὸ,
1342 2163 1399 2215 ἐν
1429 2160 1621 2233 Κυρίῳ
1644 2160 1745 2232 τὴν

161 2258 471 2326 φαντασίαν
498 2257 719 2327 βλέπειν
740 2257 840 2325 τῆς
868 2256 1199 2328 προσϐολῆς,
1218 2256 1311 2310 καί
1334 2255 1624 2327 φυλάττειν
1644 2258 1745 2325 τὴν

160 2348 433 2410 διάνοιαν,
457 2348 645 2420 ὥσπερ
676 2349 768 2402 τὸν
789 2347 1047 2419 αἰσθητὸν
1070 2348 1421 2419 φυλάσσομεν
1444 2346 1743 2418 ὀφθαλμὸν,

163 2440 270 2494 καὶ
302 2438 468 2504 ὀξέως
505 2441 623 2510 μετ’
672 2438 837 2493 αὑτοῦ
867 2438 1141 2510 βλέπομεν
1193 2440 1285 2493 τὸν
1312 2437 1510 2509 πλῆξαι
1556 2438 1746 2493 τοῦτον

165 2532 238 2582 ἐκ
264 2529 590 2598 συμϐάσεως
615 2528 931 2600 ἐρχόμενον,
967 2530 1061 2582 καὶ
1097 2529 1197 2593 ὅση
1219 2528 1446 2599 δύναμις
1479 2529 1588 2581 πᾶν
1613 2528 1747 2598 κάρ-

165 2638 273 2690 φος
296 2620 579 2691 κωλύομεν
609 2621 666 2686 ἐξ
696 2619 882 2675 αὑτοῦ.

241 2710 316 2767 κ’.
364 2712 451 2775 Ὠς
483 2711 544 2764 οὺ
573 2709 787 2775 τέξεται
814 2709 947 2780 χιὼν
973 2710 1167 2781 φλόγα,
1221 2712 1253 2783 ἢ
1291 2711 1433 2784 ὕδωρ
1478 2712 1589 2785 πῦρ
1627 2731 1748 2782 γεν-

169 2808 354 2877 νὴσει,
376 2806 412 2877 ἢ
456 2806 663 2875 ράμνος
694 2803 878 2868 σῦκον,
910 2804 1083 2867 οὕτως
1117 2805 1212 2861 οὐκ
1258 2806 1750 2877 ἐλευθερωθήσεται

171 2896 380 2960 παντὸς
408 2895 694 2967 ἀνθρώπου
724 2895 923 2965 καρδία
949 2896 1059 2949 ἀπὸ
1091 2896 1420 2966 δαιμονικῶν
1452 2897 1748 2969 λογισμῶν,

171 2986 271 3039 καὶ
300 2986 483 3057 ιργων
532 2985 627 3039 καὶ
674 2985 870 3053 λόγων,
925 2986 1000 3056 μὴ
1042 2985 1329 3056 καθάρασα
1354 2987 1420 3040 τὰ
1450 2986 1596 3041 ἔνδον
1615 3004 1627 3016 ⁸
1657 2990 1753 3041 καὶ

170 3076 344 3149 νῆψις
376 3077 476 3131 σὺν
508 3078 644 3149 εὐχῇ
691 3076 864 3148 ’1ησοῦ
899 3077 1127 3147 συνάψει
1156 3078 1339 3149 νῆψιν,
1369 3078 1465 3133 καὶ
1489 3079 1754 3134 ταπείνω-

172 3187 267 3226 σιν
298 3170 394 3225 καί
420 3170 660 3240 ψυχικὴν
681 3170 912 3241 ἡσυχίαν
929 3170 1288 3240 κατορθοῦσα.
1312 3172 1406 3224 καὶ
1423 3172 1754 3242 ἐπειγομένη

1831 701 1977 756 tione
2006 701 2175 756 Adam
2197 700 2441 756 defccita
2471 700 2614 755 Deo:
2640 714 2766 753 cum
2795 701 3131 770 maiestatem
3160 701 3400 759 divinam

1830 792 2215 864 imaginatione
2266 792 2499 863 quadam
2545 793 2651 848 sibi
2701 809 2952 864 arrogare
2984 794 3166 849 vellet.
3216 794 3282 850 Et
3328 796 3404 852 ita

1832 886 2062 939 mendax
2107 894 2163 941 et
2191 886 2412 940 dolosus
2441 885 2611 940 hostis
2642 901 2852 953 omnes,
2879 886 2969 957 qui
2996 896 3258 957 peccant,
3296 888 3405 942 cir-

1831 979 2147 1033 cumvenire
2177 978 2336 1033 solet.

1834 1082 1837 1085 '
1904 1070 1993 1125 18.
2023 1073 2070 1125 Α
2099 1086 2313 1126 veneno
2346 1071 2737 1142 cegitationnm
2770 1084 3150 1139 perversarum
3179 1086 3404 1126 exacer-

1832 1162 2026 1218 bamur
2051 1164 2255 1225 animo.
2294 1165 2513 1236 quando
2574 1164 2877 1220 attentione
2922 1162 3163 1233 Jesuque
3207 1163 3405 1232 deprc-

1832 1258 2047 1313 catione
2078 1258 2171 1313 diu
2197 1258 2476 1330 neglectis,
2518 1274 2621 1316 nos
2650 1260 2874 1315 abducit
2919 1260 3143 1315 oblivio.
3199 1261 3404 1316 Contra

1834 1364 1965 1405 vero
2021 1350 2415 1415 dulcescimus,
2484 1366 2554 1406 ex
2613 1352 2963 1423 perceptione
3029 1362 3084 1407 et
3143 1353 3408 1409 suavitate

1834 1442 2066 1513 quadam
2126 1443 2295 1498 beata:
2328 1443 2739 1508 exsultationis,
2794 1444 3013 1514 quando
3072 1454 3406 1508 constanter,

1836 1533 2088 1588 alacriter
2153 1542 2210 1588 et
2253 1534 2495 1589 studiose
2555 1534 2609 1588 in
2655 1532 2865 1589 olllcina
2922 1534 3118 1589 tuentis
3149 1574 3164 1599 ,
3224 1549 3411 1591 amore

1841 1622 2028 1678 divino
2055 1623 2202 1679 ducti
2224 1664 2239 1687 ,
2270 1624 2396 1691 ista,
2430 1640 2551 1695 quae
2580 1634 2709 1679 ante
2740 1624 2995 1689 diximus,
3041 1626 3407 1695 exsequintnr.

1840 1713 1999 1771 Tunc
2048 1717 2193 1771 enim
2224 1717 2425 1771 nullam
2460 1717 2621 1772 aliam
2662 1717 2732 1771 ob
2781 1731 2999 1771 causam
3036 1717 3220 1786 quieto
3248 1718 3412 1773 corde

1843 1807 2027 1864 vivere
2056 1818 2399 1879 exeptamus,
2428 1824 2590 1877 quam
2624 1808 2695 1864 ob
2718 1823 2939 1863 suavem
2971 1808 3116 1865 illius
3147 1809 3201 1863 in
3230 1809 3412 1863 anima

1775 1941 1816 1999 Β
1844 1899 2178 1970 voluptatem
2210 1910 2265 1955 et
2294 1900 2731 1957 delectationem.

1921 1992 2008 2045 l9.
2041 1990 2143 2046 Ars
2170 1991 2390 2057 artium,
2428 1999 2484 2046 et
2512 1992 2739 2047 scientia
2775 1991 3152 2054 scientiarum,
3204 2001 3288 2048 est
3328 2008 3417 2046 ars

1848 2082 2205 2154 malignarum
2237 2082 2649 2151 cogitationum.
2691 2082 2879 2139 Modus
2909 2085 3073 2156 igitur
3103 2085 3342 2155 Optimus
3364 2096 3419 2138 et

1848 2191 1937 2230 ars
1960 2192 2147 2231 earum
2189 2185 2292 2239 est,
2344 2183 2655 2245 conspecta,
2688 2176 2920 2231 Domino
2958 2176 3190 2241 favente,
3226 2192 3420 2245 δυκερ-

1850 2268 2043 2322 stionis
2099 2266 2485 2338 inlaginatione
2511 2308 2525 2331 ,
2575 2279 2901 2321 conservare
2936 2266 3179 2320 animum
3210 2284 3225 2319 :
3257 2266 3417 2320 sicuti

1850 2356 2165 2413 seusibilem
2189 2358 2405 2412 oculum
2437 2357 2795 2422 custodimus,
2832 2366 2886 2412 et
2908 2371 2973 2411 eo
2996 2366 3153 2412 acute
3173 2358 3420 2413 videmus

1851 2464 1979 2503 casu
2024 2448 2332 2503 venientem
2363 2449 2428 2503 ad
2460 2447 2869 2519 percutiendum
2901 2447 3072 2512 illum,
3100 2462 3164 2503 ac
3210 2464 3311 2518 pro
3340 2448 3421 2503 vi-

1854 2542 2004 2597 ribus
2030 2542 2099 2596 ab
2124 2557 2190 2598 eo
2218 2541 2479 2597 festucam
2508 2555 2725 2595 omnem
2758 2550 3025 2594 arcemus.

1917 2718 2008 2773 20.
2043 2716 2511 2783 Quemadmodum
2546 2715 2637 2770 nix
2666 2729 2773 2770 non
2800 2714 2975 2786 pariet
2996 2713 3291 2777 ﬂammam,
3320 2727 3424 2768 nec

1853 2826 1990 2880 aqua
2018 2812 2275 2881 producet
2306 2810 2506 2882 iguetn,
2546 2816 2639 2863 aut
2666 2808 2820 2879 spina
2852 2806 3012 2863 ticum
3044 2823 3060 2861 :
3094 2807 3169 2861 ita
3208 2820 3305 2862 cor
3332 2821 3426 2859 cu-

1851 2902 2025 2971 jusvis
2052 2900 2311 2964 hominis,
2352 2900 2456 2955 nisi
2486 2900 2798 2971 purgaverit
2830 2898 3109 2964 interiora,
3145 2913 3255 2953 non
3287 2897 3428 2951 libe-

1858 2992 2065 3046 rabitur
2111 2992 2464 3047 daemoniacis
2543 2993 3002 3063 cogitationibus,
3044 2991 3301 3061 operibus
3373 3003 3429 3046 et

1856 3083 2231 3139 sermonibus:
2252 3083 2355 3138 nisi
2380 3083 2541 3139 etiam
2570 3083 2821 3145 attentio,
2851 3084 3038 3153 juncta
3056 3082 3424 3151 deprecationi

1856 3170 2007 3235 Jesu,
2038 3173 2302 3228 accendat
2334 3174 2751 3245 temperantiam
2773 3213 2787 3237 .
2840 3187 2947 3244 qua
2983 3174 3343 3228 humilitatem
3374 3181 3431 3228 et

175 3264 283 3317 nim
311 3262 591 3333 προθυμίᾳ
643 3261 832 3333 πολλῇ,
881 3262 1001 3331 ttat
1030 3262 1311 3316 ὁδεύουσα.
1368 3262 1506 3316 Ἀλλ’
1542 3265 1753 3333 ἀνάγκη

1861 3261 2103 3330 quietem
2132 3261 2303 3316 animi
2332 3262 2620 3334 dirigente,
2663 3277 2758 3317 cor
2803 3263 3126 3327 deducatur,
3171 3271 3229 3318 et
3276 3264 3430 3317 valde

174 3357 496 3428 στειρεῦσαι
519 3354 619 3424 τὴν
641 3353 977 3427 ἀπρόσεκτον
1005 3353 1183 3426 ⁹ψυχὴν
1205 3356 1406 3419 παντὸς
1429 3355 1638 3425 ἀγαθοῦ
1663 3358 1757 3409 καί

172 3448 391 3501 τελείου
416 3447 707 3517 νοήματος,
751 3445 828 3509 ὡς
863 3446 1087 3515 ἡμίονον
1141 3448 1415 3518 ἄκαρπον,
1512 3448 1614 3500 οὐκ
1643 3446 1759 3500 ἔστι

178 3541 402 3601 σύνεσις
430 3537 810 3608 πνευματικῆς
858 3538 1127 3600 συνέσεως
1152 3554 1168 3570 ο
1198 3537 1368 3601 ὅντως
1416 3540 1607 3609 εἰρὴνη
1642 3538 1761 3592 ἐστὶ

174 3632 283 3703 τῆς
304 3630 487 3701 ψυχῆς
522 3630 583 3684 τὺ
616 3630 789 3699 γλυκὺ
829 3631 1060 3703 πρᾶγμα
1082 3630 1175 3685 καὶ
1200 3631 1394 3703 ὄνομα,
1415 3632 1510 3685 καὶ
1530 3629 1760 3695 κένωσις

179 3723 478 3795 νοημάτων
508 3721 793 3794 ἐμπαθῶν.

254 3906 370 3959 κω.
392 3901 563 3957 Ὅταν
617 3900 804 3966 κακῶς
849 3901 1190 3972 συμφωνήσῃ
1220 3900 1255 3971 ἡ
1294 3899 1443 3971 ψυχὴ
1499 3900 1633 3969 μετὰ
1668 3892 1760 3953 τοῦ

188 3993 466 4066 σώματος,
495 3994 613 4047 τότε
643 3993 810 4064 ἄμφω
838 3992 1187 4063 οἰκοδομοῦσι
1239 3993 1395 4045 πόλιν
1432 3992 1758 4057 κενοδοξίας,

186 4090 285 4143 καὶ
316 4088 714 4159 ὑπερηφανίας,
741 4087 835 4141 καί
871 4088 997 4149 τοὺς
1024 4088 1081 4138 ὲν
1142 4086 1324 4147 αὐτοῖς
1380 4084 1765 4148 κατοικοῦντας

186 4181 405 4244 ἀσεϐεῖς
432 4179 747 4249 λογισμούς.
767 4178 825 4232 '0
840 4178 898 4231 δέ
926 4177 1129 4249 Κύριος
1149 4177 1229 4247 τῷ
1247 4176 1397 4245 φόϐῳ
1416 4175 1515 4245 τῆς
1538 4176 1766 4246 γεέννης

187 4274 292 4345 τὴν
316 4273 627 4345 ὁμοφωνίαν
644 4272 824 4326 αὐτῶν
846 4272 1039 4342 συγχεῖ
1061 4287 1120 4323 τε
1150 4270 1246 4324 καὶ
1269 4269 1484 4341 διαιρεῖ,
1513 4268 1767 4340 ἀλλότριά

190 4383 256 4420 τε
283 4366 382 4419 καὶ
405 4363 627 4419 ἐναντία
663 4362 742 4432 τῷ
765 4364 979 4433 σώματι
1033 4364 1131 4432 τὴν
1162 4360 1358 4432 κυρίαν
1382 4360 1559 4431 ψυχὴν
1587 4359 1768 4413 λαλεῖν

187 4475 250 4513 τε
275 4458 375 4512 καί⁵
400 4458 617 4527 φρονεῖν
654 4453 1000 4523 ἀναγκάζων.
1038 4452 1128 4518 Ἐξ
1164 4447 1226 4507 οῦ
1255 4451 1417 4521 φόϐος
1443 4453 1538 4506 καὶ
1580 4452 1768 4520 διαμε-

191 4551 389 4623 ρισμὺς
413 4550 595 4613 αὐτοῖς
646 4548 959 4617 συμϐαίνει,
994 4546 1082 4599 διά
1123 4546 1205 4610 τὸ,
1248 4547 1311 4599 τὸ
1357 4545 1613 4616 φρόνημα
1667 4545 1767 4606 τῆς

193 4643 428 4715 σαρκὸς,
458 4640 552 4712 ἐχθ
562 4658 659 4710 ραν
684 4641 763 4704 είς
785 4638 918 4693 Θεὸν
938 4634 1100 4704 εἰναι,
1130 4640 1226 4691 καὶ
1246 4636 1326 4708 τῷ
1347 4636 1442 4692 τοῦ
1458 4635 1594 4689 Θεοῦ
1619 4636 1767 4706 νόμῳ

194 4738 274 4811 μη
303 4732 721 4790 ὑποτάσσεσθαι.

264 4826 371 4897 κδ’.
399 4825 480 4878 Τά
528 4821 650 4876 καθ’
687 4818 903 4892 ἡμέραν
946 4816 1103 4889 ἡμῶν
1150 4815 1289 4887 ἔργα
1318 4814 1400 4869 δεῖ
1444 4812 1766 4883 σταθμίζειν

190 4919 322 4977 καθ’
356 4917 507 4987 ὤραν
545 4913 641 4968 καὶ
702 4910 1013 4983 προσέχειν,
1063 4908 1160 4963 καὶ
1186 4906 1363 4977 κοῦφα
1402 4906 1504 4977 ὅση
1540 4904 1768 4975 δύναμις

194 5011 288 5070 ἐπ’
320 5011 589 5079 ἀνάγκαις
633 5008 811 5060 ποιεῖν
850 5006 916 5074 τῇ
960 5000 1173 5073 ἐσπέρᾳ
1203 4999 1296 5054 διὰ
1323 4997 1426 5068 τῆς
1456 4997 1766 5069 μετανοίας,

192 5107 251 5161 εί
283 5121 349 5175 γε
382 5100 683 5174 βουλόμεθα
718 5100 816 5153 σὺν
848 5096 969 5179 Θεῷ
991 5094 1092 5164 τῆς
1124 5091 1325 5155 κακίας
1360 5087 1765 5160 περιγενέσθαι.

197 5198 314 5255 Καὶ
351 5196 575 5250 σκοπεῖν
611 5193 715 5259 δεῖ,
749 5190 797 5243 εἰ
838 5188 981 5243 κατά
1040 5183 1173 5239 Θεδν
1192 5180 1456 5252 τελοῦμεν
1493 5180 1671 5235 πάντα
1702 5179 1772 5233 τὰ

198 5288 440 5359 αἰσθητά
478 5285 571 5341 καὶ
614 5283 914 5354 φαινόμενα
965 5276 1121 5349 ἡμῶν
1164 5274 1301 5348 ἔργα
1340 5271 1487 5354 ,κατ’
1539 5269 1771 5325 ἐνώπιον

196 5381 339 5437 Θεοῦ
371 5379 469 5435 καὶ
493 5378 674 5448 μόνον,
722 5374 810 5429 ἵνα
844 5372 919 5445 μὴ
949 5370 1055 5425 ὑπὸ
1078 5368 1189 5425 τῶν
1222 5365 1529 5439 αἰσθήσεων
1559 5364 1773 5434 ἀλόγως

195 5470 584 5543 κλεπτὼμεθα.

269 5656 381 5721 κγ’.
423 5647 551 5703 Ἐὰν
574 5645 637 5699 τδ
666 5642 786 5698 καθ’
833 5640 1075 5711 ἑκάστην
1114 5636 1489 5709 κερδαίνωμεν
1522 5633 1621 5689 σὺν
1650 5631 1770 5721 Θεῷ

192 5742 268 5798 ἐκ
290 5739 392 5811 τῆς
419 5736 577 5809 ἡμῶν
600 5734 835 5805 νὴψεως,
863 5731 963 5783 οὐκ
985 5725 1274 5796 ὀφείλομεν
1298 5722 1607 5794 ἀδιαφόρως
1635 5720 1769 5811 ἁνα-

198 5830 534 5903 οτρέφεσθαι
584 5826 677 5879 καὶ
706 5820 1032 5893 ζημιοῦσθαι
1077 5816 1165 5870 διά
1209 5813 1421 5868 πολλῶν
1470 5810 1770 5903 συντυχιῶν

196 5901 519 5994 ἐπισφαλιῖη
540 5960 555 5987 ,
586 5917 723 5974 ἀλλά
755 5914 957 5988 μᾶλλον
1006 5907 1367 5979 καταφρονεῖν
1401 5903 1484 5958 δεῖ
1527 5901 1635 5957 τῶν
1660 5918 1770 5971 μα-

1860 3353 2118 3409 alacriter.
2130 3355 2365 3410 incedat.
2400 3354 2509 3409 Sed
2527 3357 2839 3411 necessario
2867 3356 3062 3411 evadet
3080 3356 3284 3421 anima,
3309 3370 3430 3427 qua:

1861 3461 1970 3499 non
2003 3446 2234 3501 attendit
2263 3487 2277 3509 .
2309 3446 2510 3502 sterilis
2545 3447 2714 3502 totius
2769 3447 2899 3502 boni
2955 3456 3012 3502 et
3061 3447 3431 3519 intelligentia

1860 3539 2141 3610 perfecta,
2174 3542 2405 3611 perinde
2454 3557 2519 3597 ac
2556 3542 2735 3597 mulus
2780 3542 3012 3607 inutilis,
3062 3543 3155 3599 cui
3194 3558 3305 3598 non
3347 3553 3433 3597 est

1861 3628 2171 3686 intellectus
2221 3632 2503 3703 sapientia:
2550 3630 2836 3702 spiritalis.
2877 3631 3133 3688 Profecto
3189 3648 3290 3703 pax
3348 3644 3433 3688 est

1860 3722 2101 3778 suavitas
2125 3723 2341 3786 animm,
2377 3733 2486 3777 tam
2516 3739 2596 3789 re,
2626 3738 2789 3794 quam
2828 3724 3070 3787 nomine,
3105 3732 3161 3779 et
3187 3740 3421 3780 evacua-

1864 3812 1939 3867 tio
1978 3814 2367 3885 cogitationum
2398 3815 2703 3869 deditarum
2738 3815 3145 3870 aﬂ'ectionibus.

1932 3902 2023 3955 2|.
2040 3902 2269 3968 Quando
2283 3903 2472 3959 vitiose
2496 3905 2792 3959 concordat
2816 3905 2997 3959 anima
3026 3919 3148 3961 cum
3174 3914 3425 3977 corpore,

1874 4003 2005 4049 tunc
2052 3995 2213 4049 ambo
2260 4004 2587 4050 construunt
2618 3996 2893 4051 civitatem
2937 4011 3091 4050 vanae
3133 3996 3350 4067 gloriae,
3379 4009 3433 4051 et

1840 4084 2135 4155 'Superbite
2164 4086 2395 4152 turritn,
2429 4088 2745 4142 habitantes
2797 4088 2961 4143 etiam
3008 4089 3064 4143 in
3107 4089 3187 4144 eis
3241 4089 3436 4159 impias

1865 4178 2247 4249 cogitationes.
2277 4180 2545 4233 Caeterum
2562 4179 2847 4244 Dominus,
2874 4195 3063 4234 eorum
3087 4183 3434 4237 concordiam

1866 4282 2015 4323 metu
2064 4268 2325 4339 gehennae
2382 4267 2670 4323 confundit
2728 4285 2792 4324 ac
2851 4269 3242 4325 dividit:dum
3295 4274 3438 4343 cogit

1866 4361 2233 4431 principatum
2256 4368 2531 4415 tenentem
2548 4361 2786 4415 animam
2806 4362 3080 4416 sentire‘et
3097 4362 3238 4431 loqui
3262 4364 3435 4417 aliena

1866 4462 1923 4507 et
1950 4451 2220 4507 contraria
2256 4452 2491 4521 corpori.
2533 4451 2608 4506 Ex
2639 4468 2747 4521 quo
2785 4461 2933 4506 metu
2958 4451 3133 4505 oritur
3163 4451 3269 4506 illis
3296 4452 3435 4506 divi-

1870 4545 1991 4598 sio:
2024 4559 2092 4598 eo
2124 4544 2269 4613 quod
2312 4543 2602 4613 prudentia
2631 4544 2813 4598 carnis
2850 4542 3069 4597 inimica
3118 4544 3186 4597 sit
3224 4542 3351 4608 Deo,
3381 4553 3437 4597 ct

1801 4625 1845 4681 Ι)
1872 4635 1976 4705 legi
2003 4634 2200 4689 divina:
2233 4648 2343 4689 non
2368 4632 2438 4687 sit
2463 4633 2727 4704 subjecta.

1939 4812 2031 4867 22.
2087 4810 2361 4867 Debemus
2406 4826 2571 4883 opera
2619 4821 2806 4866 nostra
2847 4811 3163 4882 quotidiana
3216 4812 3441 4884 singul's

1872 4904 2023 4960 horis
2062 4902 2368 4973 ponderare
2426 4911 2484 4957 et
2529 4902 2824 4959 observare
2858 4919 2873 4956 :
2905 4917 3079 4972 eaque
3128 4902 3441 4974 vespertino

1876 5005 2157 5066 tempore,
2201 5010 2301 5065 pro
2346 4994 2511 5060 virili,
2558 4994 2944 5049 necessitatum
2976 4993 3161 5049 habita
3208 4994 3439 5060 ratione,

1875 5084 2146 5142 beneﬁcio
2178 5084 2516 5154 paenitentiae
2543 5085 2811 5149 allevare,
2856 5086 2899 5140 si
2934 5083 3178 5156 quidem,
3227 5084 3444 5140 favente

1876 5180 2018 5244 Deo,
2057 5176 2251 5232 vitium
2281 5191 2545 5246 superare
2574 5176 2844 5231 volumus.
2888 5176 3441 5232 Animadvertendum

1876 5278 1962 5325 est
1990 5269 2178 5335 etiam,
2206 5283 2275 5321 an
2312 5267 2567 5323 universa
2596 5282 2762 5337 opera
2792 5278 2980 5322 nostra
3009 5277 3234 5323 externa
3264 5282 3443 5323 coram

1881 5362 1993 5418 Deo
2039 5359 2357 5431 conspicua.
2411 5374 2476 5414 ex
2520 5360 2793 5414 sententia
2840 5360 3021 5415 divina
3071 5367 3442 5429 peragantur:

1880 5452 1982 5508 hac
2031 5453 2191 5507 etiam
2234 5450 2408 5505 solum
2462 5448 2531 5503 de
2566 5464 2767 5517 causa,
2827 5465 2899 5505 ne
2954 5448 3252 5504 irrationali
3284 5446 3447 5502 modo

1876 5543 2248 5613 subripiamur
2278 5558 2309 5595 a
2336 5540 2612 5595 sensibus.
3346 5560 3349 5563 ·
3478 5596 3479 5599 η

1946 5636 2038 5690 ἳὸ.
2077 5633 2153 5699 Si,
2176 5630 2478 5702 opitulante
2504 5632 2633 5695 Deo,
2658 5646 2725 5685 ex
2750 5632 3110 5701 temperantia
3138 5640 3323 5699 nostra
3344 5630 3447 5683 hoc
3488 5644 3496 5652 ·

1874 5725 2012 5781 lucri
2036 5722 2285 5793 quotidie
2314 5720 2628 5784 fecerimus,
2664 5735 2775 5775 non
2797 5721 3062 5775 debemus
3096 5722 3214 5774 sine
3240 5720 3449 5775 discri-

1877 5814 2027 5869 mine
2050 5808 2384 5873 conversari,
2410 5823 2480 5863 ne
2506 5808 2765 5864 damnum
2798 5826 2864 5865 ex
2892 5812 3059 5865 variis
3085 5811 3449 5870 conversatio-

1882 5903 2041 5960 nibus
2073 5900 2322 5959 erroneis
2350 5900 2742 5960 contrahamus
2764 5922 2784 5961 τ
2809 5904 2904 5960 sed
2938 5903 3137 5975 potius,
3158 5902 3370 5961 amabili
3393 5910 3452 5961 et
