4006 6400
554 476 690 546 1519

1739 471 2101 532 HESYCHII
2137 472 2610 535 PRESBYTERI

3668 479 3792 542 1520

553 591 696 645 dulci
728 586 946 643 virtutis
995 593 1206 656 quaestu
1236 595 1290 638 et
1330 583 1614 637 honestate
1663 580 2121 643 contenti,vanas

2233 582 2410 645 ιαίων,
2441 583 2527 636 διὰ
2552 584 2610 636 τὸ
2639 584 2905 655 ἐράσμιον
2929 585 3024 640 καὶ
3055 587 3226 654 γλυκὺ
3251 587 3349 656 τῆς
3382 588 3589 661 ἀρετῆς

553 680 998 737 conversationes
1029 685 1385 731 contemnere
1420 674 1703 727 debemus.

621 772 898 828 24..1υεῑιι
955 769 1168 823 ratione
1231 767 1499 836 triplicem
1551 765 1749 818 animm
1809 762 2126 818 facultatem

557 878 775 918 movere
819 862 1085 916 debemus
1117 857 1420 914 secundum
1457 864 1728 921 naturam,
1769 855 2128 925 quemadmo-

555 955 684 1009 dum
731 969 762 1007 a
801 952 912 1007 Deo
940 961 1122 1005 creata
1150 959 1254 1005 est.
1279 949 1396 1003 Vim
1428 949 1680 1019 equidem
1708 947 1974 1002 irascendi
2008 961 2128 1000 mo-

556 1058 779 1098 veamus
817 1042 1080 1096 adversus
1124 1049 1409 1094 externum
1453 1047 1700 1093 nostrum
1747 1037 2042 1101 hominem,
2076 1045 2130 1090 et

556 1143 744 1188 contra
819 1132 1078 1186 Satanam
1142 1139 1470 1199 serpentem.
1532 1128 1869 1193 irascimini,
1929 1127 2126 1196 inquit,

555 1225 817 1278 adversus
841 1232 1144 1292 peccatum,
1166 1222 1271 1276 hoc
1300 1229 1404 1284 est,
1431 1221 1575 1274 inter
1605 1229 1832 1274 creteros
1857 1219 1961 1288 ipsi
1999 1219 2119 1273 dia-

557 1316 705 1370 bolo.
746 1314 1070 1378 Irascimitti,
1113 1312 1208 1378 ait,
1235 1328 1297 1366 ne
1338 1312 1554 1380 peccetis
1579 1312 1633 1364 in
1660 1310 1825 1364 Deum
1843 1310 1909 1362 ’°.
1941 1309 2009 1363 At
2030 1324 2127 1362 cu-

556 1405 800 1474 piditatis
839 1403 1152 1458 facultatem
1183 1417 1403 1456 movere
1430 1401 1690 1456 convenit
1720 1415 1844 1471 erga
1877 1399 2044 1453 Deum
2075 1407 2130 1452 et

555 1496 832 1549 virtutem.
877 1494 1220 1548 Rationalem
1269 1501 1453 1547 autem
1494 1493 1690 1546 animae
1735 1499 1947 1561 partem
1982 1491 2038 1543 in
2064 1505 2129 1544 co

556 1585 940 1640 t-ollocabimus
977 1584 1187 1646 ordine,
1231 1592 1292 1638 ut
1329 1583 1416 1637 his
1448 1583 1712 1636 ambabus
1751 1581 2028 1651 sapienter
2074 1589 2129 1634 et

555 1676 791 1730 discrete
832 1674 1129 1745 praecipiat,
1159 1681 1370 1744 arguat,
1406 1673 1627 1743 plectat,
1659 1680 1714 1727 et
1744 1671 2125 1734 nihilominus,

557 1779 734 1832 utvrex
774 1767 967 1834 servis,
1005 1767 1256 1836 imperet.
1281 1766 1469 1834 Itaque
1503 1765 1644 1818 ratio
1672 1780 1793 1834 qua:
1825 1763 2127 1819 secundum

557 1861 727 1915 Deum
756 1860 900 1930 viget
937 1859 990 1912 in
1026 1857 1207 1922 nobis,
1250 1857 1566 1910 moderatur
1592 1856 1730 1909 illas.
1777 1855 1844 1908 Et
1874 1853 2127 1924 quamvis

2230 679 2322 728 καὶ
2349 675 2565 737 κάλλος.

2301 769 2399 822 κδ’.
2432 770 2668 832 Δικαίως
2693 770 2836 824 κατὰ
2860 771 3023 841 φύσιν
3052 773 3241 843 ὤσπερ
3262 773 3488 842 ἐκτίσθη
3518 774 3622 826 ὑπὸ
3647 775 3793 836 Θεοῦ.

2230 858 2517 930 ὀφείλομεν
2565 864 2736 913 κινεῖν
2766 861 2828 914 τὸ
2869 863 3130 933 τριμερὲς
3164 865 3262 933 τῆς
3311 865 3515 936 ψυχῆς.
3554 866 3796 935 Κίνῶμεν

2228 947 2321 1000 τὸν
2353 948 2522 1018 θυμὸν
2551 950 2650 1018 μὲν
2682 949 2826 1003 κατά
2853 951 2945 1004 τοῦ
2981 952 3140 1015 ἐκτὸς
3161 953 3320 1023 ἡμῶν
3347 954 3644 1025 ἀνθρώπου
3668 998 3683 1020 ,
3711 960 3796 1008 καὶ

2228 1041 2322 1095 τοῦ
2352 1042 2527 1111 ὄφεως
2554 1044 2753 1098 Σατᾶν.
2774 1044 3113 1116 Ὀργίζεσθε,
3145 1047 3300 1116 φησὶ,
3331 1048 3475 1101 κατὰ
3506 1048 3610 1117 τῆς
3633 1051 3794 1119 ἀμαρο

2228 1135 2368 1201 τίας,
2393 1135 2693 1202 τουτέστιν,
2727 1138 2785 1190 ὲν
2812 1139 2998 1200 αὐτοῖς
3027 1139 3122 1192 καὶ
3143 1139 3221 1209 τῷ
3251 1139 3486 1210 διαϐόλῳ
3515 1157 3529 1171 ⁸
3574 1137 3793 1210 Ὄρτίζεο

2230 1231 2361 1293 σθε,
2387 1229 2575 1298 φησὶν,
2634 1228 2794 1296 ὅπως
2835 1230 2924 1300 μὴ
2973 1234 3060 1296 είς
3095 1231 3244 1286 Θεὸν
3286 1232 3669 1302 ἁμαρτάνητε
3701 1251 3716 1264 ο
3745 1236 3797 1286 τι

2229 1319 2626 1389 ἐπιθυμητικὸν
2667 1320 2724 1374 δὲ
2752 1321 2858 1393 χρὴ
2891 1324 3083 1387 κινεῖν,
3120 1323 3257 1393 πρός
3297 1341 3357 1376 τε
3391 1323 3529 1376 Θεὸν
3559 1323 3653 1376 καὶ
3675 1326 3794 1394 ἀρε-

2227 1408 2346 1477 τήν·
2377 1407 2438 1469 τὸ
2466 1408 2524 1461 δὲ
2549 1408 2765 1476 λογικὸν
2787 1450 2801 1474 ,
2834 1410 3048 1475 τούτοις
3076 1412 3408 1483 ἀμφοτέροις
3442 1416 3586 1483 μετά
3619 1415 3796 1482 σοφίας

2229 1516 2287 1552 τε
2319 1500 2412 1554 καὶ
2445 1501 2756 1573 ἐπιστήμης
2783 1503 3037 1574 τάξωμεν
3059 1504 3443 1558 διατάττεσθαι
3467 1546 3483 1571 ,
3509 1505 3794 1566 νουθετεῖν.

2228 1592 2627 1663 τιμωρεῖσθαιο
2665 1594 2760 1647 καὶ
2801 1593 2951 1665 ὅμως
2978 1596 3168 1667 ἀρχειν
3195 1638 3210 1662 ,
3261 1597 3337 1661 ὡς
3368 1597 3628 1668 βασιλεὺς
3650 1599 3798 1667 ἄρχει

2228 1684 2447 1739 δούλων.
2479 1686 2589 1739 Καὶ
2613 1686 2754 1740 κατὰ
2781 1687 2912 1740 Θεὸν
2937 1688 3109 1742 ταῦτα
3137 1691 3165 1742 6
3197 1689 3353 1758 λόγος
3386 1691 3414 1742 6
3442 1691 3503 1742 ὲν
3533 1691 3663 1760 ἡμῖν
3690 1690 3796 1741 δια·

2231 1776 2488 1848 κυϐερνᾷ.
2531 1779 2642 1832 Καὶ
2673 1780 2722 1832 εί
2752 1780 2890 1849 πρὸς
2924 1782 3016 1835 τὸν
3063 1781 3224 1850 λόγον
3254 1782 3324 1835 τὰ
3351 1783 3499 1847 πάθη
3530 1782 3797 1847 στασιάζει

2231 1870 2323 1920 καὶ
2345 1871 2688 1940 ἡγεμονεύει,
2714 1873 2805 1924 τὸν
2831 1874 2989 1941 λόγον
3013 1873 3227 1938 τούτοις
3253 1877 3792 1944 ὲπικαταστήσωμεν·

557 1951 883 2006 affectiones
912 1949 1173 2003 adversus
1204 1949 1469 2001 rationem
1511 1947 1932 2009 tumultuentur,
1955 1945 2126 2000 etdo-

2233 1926 2499 2031 φησὶ.
2526 1963 2555 2014 6
2583 1926 2687 2014 τοῦ⁷
2708 1926 2916 2034 Κυρίου
2948 1926 3311 2034 ﬂamma-EI
3553 1926 3708 2036 .ίόπῷ
3727 1926 3794 2020 σὺ

560 2042 757 2096 minari
797 2041 1065 2104 nitantur,
1099 2038 1365 2092 rationem
1405 2030 1587 2092 tamen
1627 2037 1711 2092 his
1745 2037 2126 2106 praeﬁciemus.

559 2130 741 2201 inquit
781 2129 928 2184 enim
968 2121 1142 2182 i‘rater
1192 2125 1406 2180 Domini
1437 2143 1450 2179 :
1478 2125 1536 2181 Si
1576 2129 1690 2196 quis
1732 2127 1789 2180 in
1835 2130 1988 2181 verba
2029 2143 2129 2180 non

558 2223 795 2294 offendit,
843 2221 926 2276 hic
971 2221 1231 2292 perfectus
1267 2228 1344 2273 est
1378 2219 1519 2274 vir"
1554 2236 1568 2272 :
1606 2229 1660 2273 et
1691 2228 1908 2274 caetera.
1952 2219 2029 2274 lta
2075 2231 2133 2276 ut

559 2330 688 2370 vere
717 2314 984 2376 dicamus,
1023 2326 1239 2366 omnem
1283 2311 1626 2382 iniquitatem
1651 2320 1710 2367 et
1747 2327 1908 2366 omne
1939 2327 2133 2383 pecca-

562 2419 676 2463 tum
702 2450 716 2473 ,
770 2414 826 2461 et
868 2419 1086 2471 rursum
1117 2404 1377 2458 virtutem
1403 2419 1621 2460 omnem
1653 2411 1818 2475 atque
1844 2404 2132 2475 justitiam,

560 2517 658 2571 per
704 2500 865 2554 hasce
902 2507 1011 2551 tres
1048 2495 1255 2565 perlici.

628 2591 718 2644 25.
774 2589 930 2644 Tunc
979 2588 1367 2643 obtenebratur
1407 2586 1622 2642 animus
1649 2629 1664 2654 ,
1722 2598 1778 2642 et
1805 2587 1924 2642 sine
1953 2587 2134 2643 fructu

562 2692 779 2746 manet,
825 2674 1044 2753 quando
1075 2679 1361 2735 saeculares
1399 2694 1680 2734 sermones
1715 2680 1953 2750 loquitur
1976 2723 1990 2745 ,
2042 2689 2136 2734 aut

563 2793 686 2833 eum
726 2777 834 2831 illis
865 2775 934 2829 ab
965 2772 1245 2828 intellectu
1281 2772 1553 2842 susceptis
1583 2772 1960 2826 confabulatur
1996 2788 2009 2826 :
2042 2782 2135 2826 aut

563 2868 780 2938 quando
797 2881 934 2921 vane
969 2865 1132 2918 rebus
1184 2864 1504 2934 quibusdam
1557 2863 1846 2917 sensilibus
1875 2879 1980 2916 una
2012 2878 2134 2917 cum

567 2969 749 3016 mente
780 2972 979 3028 corpus
1014 2967 1312 3026 occupatur
1348 2977 1360 3011 :
1402 2966 1495 3010 aut
1549 2955 1847 3010 monachus
1878 2956 2134 3010 vanitati-

564 3052 667 3106 bus
724 3050 966 3120 seipsum
1025 3047 1204 3103 tradit.
1247 3046 1369 3102 Mox
1403 3048 1587 3112 enim,
1639 3047 1802 3101 etiam
1842 3047 1970 3102 dum
2023 3048 2137 3101 haec

562 3127 692 3216 agit,
722 3143 902 3214 perdit
930 3142 1226 3206 fervorem,
1276 3141 1782 3211 compunctionem,
1811 3140 2039 3194 liberam
2081 3138 2136 3191 in

2231 2055 2445 2119 πταίει,
2476 2051 2651 2120 οὗτος
2695 2055 2926 2124 τέλειος
2952 2058 3130 2128 ἀνὴρ,
3195 2062 3288 2114 καὶ
3314 2061 3383 2114 τά
3411 2061 3578 2131 ἑξῆς·
3619 2063 3792 2130 ἐπειδὴ

2232 2147 2446 2218 ἀληθῶς
2479 2149 2666 2218 φάναι,
2705 2151 2862 2204 πᾶσα
2899 2152 3100 2222 ἀνομία
3153 2155 3249 2206 καὶ
3281 2155 3526 2224 ἁμαρτία
3563 2155 3652 2206 διὰ
3693 2155 3796 2207 τῶν

2232 2238 2401 2310 τριῶν
2433 2240 2639 2294 τούτων
2680 2242 3010 2296 ἐπιτελεῖται
3031 2284 3045 2306 ,
3080 2244 3174 2296 καὶ
3210 2247 3358 2297 πᾶσα
3389 2245 3560 2316 ἀρετὴ
3605 2247 3695 2298 καὶ
3722 2247 3796 2298 διο

2238 2329 2524 2402 καιοσύνη,
2549 2331 2615 2384 δι’
2641 2332 2820 2386 αὐτῶν
2852 2334 3017 2388 πάλιν
3041 2337 3151 2388 τῶν
3173 2336 3340 2406 τριῶν
3365 2335 3594 2391 τούτων.

2305 2603 2403 2651 κε’.
2435 2599 2743 2668 Τηνικαῦτα
2768 2601 2936 2667 ὁνοῦς
2958 2601 3287 2668 σκοτίζεται,
3315 2607 3405 2659 καὶ
3429 2607 3673 2676 ἄκαρπος
3704 2606 3796 2674 μέο

2237 2703 2359 2752 νει,
2394 2688 2556 2757 ἡνίκα
2600 2690 2666 2743 ἂν
2698 2691 2731 2762 ἢ
2759 2691 2950 2761 λόγους
2999 2697 3298 2764 κοσμικοὺς
3339 2695 3570 2767 λαλήσῃ,
3611 2699 3794 2767 ἦκατᾶ

2235 2777 2477 2833 διάνοιαν
2511 2783 2943 2854 καταδεξάμενος
3001 2788 3383 2859 προσομιλήσῃ
3421 2790 3606 2853 αὐτοῖς
3627 2831 3640 2852 ,
3668 2793 3698 2861 ἢ
3725 2794 3795 2854 είς

2238 2872 2472 2942 αἰσθητά
2496 2891 2618 2927 τινα
2643 2877 2704 2929 τὸ
2734 2877 2894 2948 σῶμα
2920 2880 3018 2932 σὺν
3043 2879 3120 2951 τῷ
3151 2881 3225 2950 νῷ
3252 2881 3498 2951 ματαίοις
3520 2883 3797 2953 ἐνασχοληο

2238 2962 2328 3035 θῇ,
2372 2965 2404 3034 ἢ
2449 2969 2804 3038 ματαιότησιν
2832 2972 2860 3023 6
2906 2972 3140 3041 μοναχὸς
3174 2972 3367 3026 ἑαυτὸν
3402 2973 3562 3043 ἐκδῷ.
3595 2962 3796 3036 Εὐθέως

2238 3054 2347 3125 γάρ
2379 3057 2471 3108 καί⁵
2514 3061 2647 3128 παρ’
2684 3059 2822 3112 αὐτὰ
2851 3060 3044 3114 ἀπολεῖ
3078 3063 3177 3133 τὴν
3223 3063 3431 3135 Θέρμην
3455 3065 3550 3118 καὶ
3575 3066 3800 3118 κατανυ-

2239 3147 2339 3212 ξιν,
2366 3149 2460 3202 καὶ
2491 3149 2588 3221 τὴν
2616 3152 2674 3205 ὲν
2703 3151 2823 3222 Θεῷ
2846 3154 3161 3224 παρρησίαν
3190 3172 3247 3207 τε
3289 3157 3382 3210 καὶ
3415 3157 3620 3225 γνῶσιν
3641 3177 3654 3189 ·
3685 3160 3799 3210 ὅσον

567 3239 675 3292 Deo
705 3234 958 3292 ﬁduciam
1017 3243 1182 3303 atque
1207 3233 1476 3287 notitiam.
1505 3233 1638 3288 Nam
1671 3240 1878 3302 quanto
1901 3231 2131 3302 diligen-

2237 3242 2346 3312 γάρ
2378 3244 2718 3313 προσέχομεν
2773 3243 2852 3315 τῷ
2889 3245 2985 3314 νῷ,
3023 3246 3394 3317 φωτιζόμεθα,
3447 3250 3543 3302 καὶ
3585 3250 3707 3303 ὅσον
3743 3250 3802 3302 οὐ

546 3330 670 3384 'tius
702 3323 1057 3386 observamus
1084 3328 1349 3392 animum,
1379 3335 1531 3381 tanto
1555 3326 1724 3394 magis
1755 3325 2092 3380 illustramur
2117 3342 2131 3378 :

561 3433 617 3477 et
645 3431 850 3493 quanto
865 3421 1050 3476 minus
1074 3419 1427 3484 attendimus,
1448 3427 1599 3474 tanto
1622 3417 1923 3489 majoribus
1951 3417 2135 3472 obrui-

536 3506 539 3509 ”
561 3530 685 3570 mur
710 3513 972 3570 tenebris.

629 3604 720 3659 26.
749 3603 854 3670 Qui
885 3603 1126 3673 quotidie
1151 3603 1348 3658 mentis
1374 3617 1562 3672 pacem
1591 3611 1646 3656 et
1667 3601 1908 3670 quietem
1923 3584 2132 3670 .prose-

561 3697 752 3766 (ptitur
786 3705 841 3750 et
869 3696 1084 3766 quaerit,
1117 3695 1164 3749 is
1185 3695 1442 3750 sensibile
1471 3693 1689 3762 quidvis
1711 3692 1868 3748 facile
1893 3701 2136 3746 contem-

561 3789 662 3852 nit,
692 3803 762 3842 ne
785 3787 987 3841 frustra
1017 3786 1246 3841 laboret.
1280 3783 1436 3849 Quod
1463 3786 1509 3840 si
1539 3783 1817 3854 propriam
1843 3783 2135 3838 conscien-

552 3869 694 3934 tiam
713 3879 916 3941 cludat,
937 3876 1220 3932 mortifero
1249 3875 1544 3930 oblivionis
1567 3890 1760 3930 somno
1781 3874 1976 3930 acerbe
2006 3875 2135 3929 dor-

562 3971 695 4025 miet
727 3988 740 4023 ι
785 3985 896 4038 quo
919 3983 988 4023 ne
1027 3968 1284 4031 dormiat,
1317 3975 1542 4022 sanctus
1581 3965 1751 4021 David
1786 3974 2040 4037 precatur
2064 3966 2133 4022 ⁹¹.

2239 3332 2575 3404 προσέχομεν
2596 3333 2976 3407 σκοτιζόμεθα.

2307 3609 2418 3666 κς·’.
2455 3603 2514 3655 ’0
2546 3604 2655 3672 γὰρ
2685 3604 2808 3657 καθ’
2846 3603 3085 3675 ἑκάστην
3114 3607 3329 3677 ἡμέραν
3356 3607 3457 3678 τὴν
3483 3608 3580 3661 τοῦ
3610 3609 3699 3661 νοῦ
3726 3611 3798 3662 ειη

2239 3693 2409 3764 ρήνην
2442 3694 2535 3747 καὶ
2559 3694 2790 3765 ἡσυχίαν
2820 3696 3030 3750 διώκων
3051 3699 3147 3750 καὶ⁵
3182 3697 3385 3767 ζητῶν,
3423 3693 3578 3763 οὗτος
3612 3702 3793 3771 ῥαδίως

2235 3788 2640 3857 καταφρονήσει
2711 3786 2970 3856 αἰσθητοῦ
3035 3790 3275 3855 παντὸς,
3345 3791 3433 3844 ἵνα
3481 3792 3560 3862 μὴ
3621 3794 3788 3862 μάτην

2236 3881 2423 3948 κοπιᾷ.
2451 3879 2513 3931 Et
2542 3880 2597 3932 δὲ
2627 3879 3054 3950 παραλογίζεται
3081 3881 3184 3953 τὴν
3213 3881 3349 3936 ἰδίαν
3372 3884 3692 3954 συνείδησιν,
3720 3903 3796 3938 πι-

2235 3971 2384 4040 κρῶς
2411 3969 2648 4024 ὑπνὼσει
2691 3971 2781 4024 τὸν
2817 3973 2915 4043 τῆς
2945 3972 3117 4042 λήθης
3156 3974 3415 4028 θάνατον’
3447 3969 3511 4028 οῦ
3543 3978 3605 4047 δὴ
3643 3980 3796 4030 ἀπεύ-

561 4061 653 4116 Ait
680 4061 826 4115 enim
851 4058 1145 4129 Apostolus
1175 4075 1189 4112 :
1219 4056 1416 4112 Scienti
1460 4058 1650 4112 bonum
1678 4058 1854 4127 facere
1875 4099 1892 4126 ,
1941 4066 1991 4111 et
2035 4074 2131 4111 non

2233 4078 2388 4130 χεται
2434 4061 2526 4113 τοῦ
2563 4060 2637 4132 μὴ
2683 4061 2929 4115 ὑπνῶσαι
2963 4063 2991 4114 6
3040 4061 3198 4131 ἀγιος
3233 4064 3428 4118 Δαϐίδ·
3470 4069 3606 4138 φησι
3649 4071 3795 4140 γάρό

562 4151 801 4223 facienti,
840 4157 1112 4220 peccatum
1139 4159 1212 4202 est
1247 4147 1328 4202 illi
1352 4149 1417 4202 ³³.

627 4327 720 4382 27.
763 4325 1080 4382 Revertttur
1105 4335 1288 4381 autem
1319 4325 1538 4381 animus
1567 4325 1636 4381 ab
1673 4325 1884 4381 incuria
1922 4327 1976 4381 in
2004 4343 2134 4397 pro-

558 4419 737 4488 prium
773 4418 1022 4473 ordinem
1049 4426 1105 4471 et
1137 4416 1556 4486 temperantiam
1578 4457 1593 4481 ,
1642 4416 1688 4470 si
1718 4416 1899 4471 denuo
1926 4417 2134 4472 beneﬁ-

558 4513 705 4566 cium
736 4509 1029 4581 diligentiae
1067 4517 1436 4577 consequatur
1464 4527 1478 4562 :
1517 4514 1572 4562 et
1602 4507 1648 4562 si
1681 4509 1912 4564 activam
1938 4510 2136 4564 mentis

2249 4154 2606 4221 ’Δπὸστολος,
2664 4153 2747 4219 Τῷ
2801 4155 2982 4209 εἰδότι
3031 4157 3228 4210 καλὸν
3271 4158 3469 4213 ποιεῖν
3494 4175 3509 4188 ·
3575 4162 3672 4214 καί
3718 4161 3794 4231 μὴ

2235 4245 2531 4308 ποιοῦντι,
2562 4246 2816 4315 ἁμαρτία
2842 4244 3003 4311 αὐτῷ
3031 4246 3225 4302 ἐστιν.

2306 4333 2409 4397 κζ’.
2447 4333 2708 4405 Ἔρχεται
2747 4335 2802 4389 δὲ
2831 4337 2859 4390 ὁ
2885 4335 3011 4398 νοῦς
3051 4335 3111 4400 ὲξ
3143 4337 3408 4408 ἀμελείας
3438 4342 3517 4404 εἷς
3546 4343 3644 4413 τὴν
3677 4343 3797 4396 ἰδίαν

2235 4425 2400 4480 πάλιν
2424 4426 2579 4493 τάξιν
2601 4427 2695 4480 καὶ
2719 4427 2900 4498 νῆψιν,
2922 4427 3081 4500 είπερ
3100 4424 3262 4492 αὖθις
3291 4432 3613 4501 ἐπιμελείας
3649 4437 3794 4509 τύχη.

2236 4518 2331 4570 καὶ
2365 4517 2460 4572 ὲάν
2481 4519 2543 4572 τὸ
2561 4519 2865 4590 πρακτικὸν
2885 4521 3042 4592 ἡμῶν
3073 4521 3170 4576 τοῦ
3201 4521 3321 4586 νοὸς
3349 4523 3409 4576 ὲν
3439 4524 3618 4600 θερμῇ
3644 4546 3796 4582 σπουο

558 4612 759 4658 nostra:
787 4602 1097 4657 facultatem
1137 4616 1355 4658 rursum
1394 4600 1727 4655 collocemus
1781 4601 1836 4655 in
1899 4600 2128 4658 ferventi

2237 4609 2300 4679 δῇ
2329 4608 2491 4663 πάλιν
2524 4611 2836 4682 στήσωμεν.

558 4688 763 4743 studio.

624 4780 718 4834 28.
751 4779 951 4833 Asinus
983 4777 1207 4833 molaris
1229 4792 1340 4831 non
1378 4777 1723 4848 progreditur
1761 4787 1912 4832 extra
1959 4778 2135 4834 circu-

555 4867 692 4933 lum,
721 4870 775 4922 in
796 4883 905 4937 quo
932 4868 1208 4922 detinetur
1237 4866 1510 4936 alligatus.
1536 4865 1648 4922 Nec
1673 4882 1848 4934 mens,
1881 4885 2000 4938 qua»
2022 4885 2133 4924 non

555 4961 786 5028 castigat
831 4958 915 5013 sui
963 4966 1146 5028 partes
1182 4955 1474 5012 interiores
1498 4997 1512 5022 ,
1559 4957 1807 5027 proﬁciet
1847 4959 1903 5012 in
1934 4960 2134 5016 virtute

557 5050 881 5122 perfectrice
915 5067 928 5104 :
962 5049 1056 5104 sed
1082 5050 1256 5104 oculis
1287 5049 1520 5104 internis
1561 5059 1827 5120 perpetuo
1862 5064 2132 5107 exczecata

558 5157 665 5197 nou
691 5149 873 5212 potest
899 5140 1099 5197 intueri
1129 5142 1410 5209 virtutem,
1453 5156 1558 5197 nec
1581 5140 1769 5198 Jesum
1794 5143 2000 5200 lumine
2030 5144 2134 5199 ful-

554 5243 794 5305 gentem.

624 5323 715 5379 29.
764 5323 950 5394 Equus
1007 5323 1160 5379 ferox
1211 5333 1266 5379 et
1318 5333 1612 5378 contumax
1669 5339 1794 5379 eum
1851 5326 2130 5396 exceperit

555 5431 850 5479 sessorem.
879 5416 1096 5472 subsilit
1129 5434 1143 5470 :
1174 5416 1330 5470 me‘hs
1361 5430 1493 5486 vero
1517 5416 1778 5486 voluptati
1810 5417 2010 5484 dedita,
2039 5419 2122 5473 vel

554 5508 666 5563 sola
696 5507 882 5562 limina
942 5506 1251 5578 ingrediens
1281 5504 1641 5561 delectabitur
1688 5507 1895 5564 lumine
1939 5509 2125 5564 divino

553 5599 1003 5669 conceptionibus
1028 5600 1256 5654 liberata
1292 5615 1304 5651 :
1341 5604 1395 5651 et
1426 5611 1509 5662 ea,
1539 5599 1748 5669 sibiipsi
1777 5602 2121 5667 renuntians,

553 5707 618 5746 ex
642 5691 1014 5762 philosophica
1044 5690 1300 5746 facultate
1325 5688 1525 5744 mentis
1542 5691 1717 5746 activa
1745 5691 2124 5762 progredietur

621 5872 665 5902 ⁸⁸
705 5868 845 5926 l'sal.
871 5887 944 5938 tv,
971 5874 1024 5926 5.
1107 5876 1296 5947 “Jac.
1321 5893 1404 5947 tu,
1435 5881 1493 5938 2.
1571 5884 1614 5914 ⁸³
1647 5880 1787 5938 Psal.
1817 5897 1914 5949 xu,
1943 5886 1968 5939 i
2001 5899 2154 5956 seqq.

2304 4793 2412 4858 κη’.
2436 4788 2511 4841 Οὐ
2538 4789 2880 4862 προσήσεται
2906 4793 3132 4863 μυλικὸς
3157 4797 3278 4863 δνος
3307 4801 3498 4871 κύκλῳ
3528 4804 3588 4856 ὲν
3619 4800 3660 4872 ᾧ
3687 4823 3794 4858 συν-

2232 4878 2388 4950 εδέθη
2408 4894 2424 4912 ο
2451 4879 2574 4934 οὔτε
2605 4881 2730 4945 νοῦς
2763 4883 3103 4956 προϐήσεται
3149 4890 3208 4944 ὲν
3241 4891 3415 4965 ἀρετῇ
3458 4897 3792 4964 τελειοποεῷ,

2235 4968 2311 5041 μὴ
2339 4971 2407 5024 τὰ
2437 4970 2586 5026 ἔνδον
2619 4973 2810 5028 ἑαυτοῦ
2839 4975 3299 5049 διορθωσάμενος·
3328 4985 3693 5052 τυφλώττοντι
3721 4989 3794 5042 ἀεὶ

2231 5061 2290 5115 ἐν
2312 5063 2425 5125 τοῖς
2449 5062 2598 5118 ἔνδον
2623 5064 2891 5135 ὄμμασιν,
2917 5068 3178 5124 ἀδύνατον
3202 5075 3336 5146 όρᾷν
3355 5077 3453 5131 καὶ
3470 5078 3691 5150 ἀρετὴν,
3715 5082 3793 5132 καὶ

2230 5152 2854 5224 φωτομαρμαρυγοῦντα
2883 5156 2974 5210 τὸν
3015 5155 3242 5229 Ἰησοῦν.

2297 5324 2402 5381 κθθ.
2431 5325 2626 5390 Ἵππος
2662 5327 2760 5398 μὲν
2809 5328 3019 5400 θρασύς
3045 5349 3131 5396 τις
3167 5336 3264 5388 καὶ
3292 5336 3501 5408 γαῦρος
3528 5339 3790 5405 ἐξάλλεται

2230 5417 2495 5488 ἐπιϐάτην
2533 5418 2824 5490 δεξάμενος
2847 5438 2862 5452 ·
2928 5423 3051 5487 νοῦς
3087 5425 3144 5478 δὲ
3185 5429 3546 5500 τερπόμενος,
3572 5435 3789 5503 τερφθῆ-

2233 5525 2386 5563 σεται
2411 5511 2468 5564 ὲν
2493 5512 2630 5579 φωτὶ
2651 5513 2878 5583 Κυρίου,
2905 5514 3260 5583 είσδύνωνείς
3303 5521 3403 5585 τάς
3429 5525 3661 5592 πρωῖας,
3684 5542 3791 5593 var.-

2237 5603 2421 5671 μάτων
2443 5603 2898 5677 ὲλευθερούμενος
2913 5623 2931 5644 -·
2965 5609 3294 5681 πορεύσεται
3317 5616 3382 5668 ἐκ
3407 5616 3688 5686 δυνάμεως
3711 5636 3790 5684 9t-

2233 5693 2488 5764 λοσοφίας
2516 5695 2633 5763 νοῦ,
2664 5699 2967 5769 πρακτικὸν
3006 5700 3167 5767 αὐτὸς
3191 5705 3382 5762 ἑαυτὸν
3412 5709 3690 5765 ἀνανεύων
3722 5711 3789 5770 εἰς

2234 5887 2280 5920 ’³
2301 5888 2416 5943 Jac.
2448 5906 2521 5968 tv,
2559 5890 2623 5945 Π
