4006 6408
238 326 373 392 15⁵21
932 337 1026 397 DE
1063 336 1611 400 TEMPERANTIA
1637 336 1730 397 ET
1766 335 1812 403 ν

1911 332 2131 394 TUTE.
2152 356 2222 369 -
2250 333 2639 395 CENTURIA
2666 335 2743 396 ΙΙ.
3308 374 3313 379 ι
3356 334 3493 413 1522

228 443 413 508 δύἰαμ
437 461 466 495 ν
480 443 1002 517 ἀρῥητον,ἀρῥήτου
1022 446 1079 500 δέ
1099 448 1193 500 καὶ
1214 444 1426 517 ἀρετῶν
1451 445 1810 518 θεωρητικήν.

1917 440 1985 497 ad
2018 442 2127 496 vim
2161 456 2439 506 arcanam,
2476 457 2800 497 arcanorum
2841 451 2897 498 et
2954 444 3214 499 virtutum
3247 458 3489 502 contem-

232 536 347 587 Καὶ
368 534 528 605 βάθος
552 536 756 605 ὑψηλὸν
779 536 872 590 τοῦ
902 538 1135 609 ἀπείρου
1159 538 1319 593 θείων
1348 539 1566 594 ἐννοιῶν
1594 542 1650 592 ἐν
1675 557 1813 609 καρ-

1917 533 2223 602 platricem.
2264 533 2481 588 Etcum
2507 534 2670 588 imam
2701 534 3126 605 profunditatem
3157 536 3489 593 inﬁnitarum

230 627 324 699 δίᾳ
345 628 659 697 δεξάμενος,
682 628 1003 701 ὀφθήσεται,
1038 630 1115 696 ὡς
1145 632 1366 701 ἐφικτὸν
1387 632 1603 703 καρδίᾳ,
1626 632 1656 685 ό
1683 632 1812 696 Θεὸς

1916 623 2237 679 notitiarum
2269 625 2579 682 divinarum
2624 627 2807 681 animo
2837 626 3003 682 fuerit
3032 639 3314 693 assecuta,
3342 631 3490 685 vide-

231 720 348 773 τῶν
379 720 515 773 θεῶν
538 738 553 752 ·
595 722 624 774 ό
661 722 720 776 δὲ
759 722 884 787 νοῦς
916 723 1216 793 ἐκπλαγεὶς
1256 724 1501 779 κυδαίνει
1544 725 1813 796 ἀγαπητι-

1915 714 2063 772 bitur
2103 714 2248 771 Deus
2288 716 2516 771 deorum
2540 756 2554 781 ,
2601 728 2867 788 quantum
2907 719 3245 789 permittitur
3286 720 3491 783 animo.

232 813 353 877 κῶς
393 813 527 867 Θεὸν
580 814 671 869 τὸν
729 815 1061 887 βλεπόμενον
1102 819 1198 871 καὶ
1249 817 1552 889 βλέποντα,
1594 816 1689 871 καὶ
1727 817 1814 870 διά

1916 809 2061 863 unde
2107 809 2537 864 mensattonita
2576 810 2843 880 gloriﬁcat
2894 811 3268 867 amantissime
3317 811 3489 867 Deum

230 904 395 960 τοῦτο
424 908 644 962 κάκεῖνο
676 910 771 962 καὶ
800 908 963 972 σώζει
991 910 1082 963 τὸν
1107 910 1445 976 ἀτενίζοντα.

1916 907 2269 968 οοιιερεειιιηι
2289 909 2345 955 et
2366 901 2794 971 conspicientem
2826 919 2840 955 :
2868 902 2962 972 qui
2986 912 3218 975 utraque
3238 903 3306 960 de
3327 918 3489 960 causa

283 994 327 1051 5‘
1916 988 2133 1043 assidue
2171 988 2476 1044 intuentem
2505 993 2702 1046 salvat.

306 1084 373 1139 λ’.
390 1084 562 1139 Βυθὸν
588 1085 788 1157 ὑψηλὸν
804 1086 1098 1156 κατόψεται
1120 1090 1438 1157 γνωστικῶς
1464 1090 1661 1160 ἡσυχία
1683 1085 1818 1162 καρ-

1986 1084 2075 1137 50.
2107 1082 2215 1138 Cor
2253 1084 2639 1154 tranquillum,
2711 1088 3059 1143 emendatum
3121 1098 3177 1144 et
3228 1088 3490 1144 noscendi

170 1238 178 1247 _
232 1171 401 1245 διακὴ
430 1174 837 1247 κατορθουμένη
858 1214 873 1238 ,
925 1177 1021 1230 καὶ
1062 1176 1277 1244 ἐξαίσια
1302 1179 1455 1251 παρά
1486 1179 1621 1234 Θεοῦ
1655 1181 1752 1235 ἀκο

1917 1175 2155 1245 peritum
2176 1177 2511 1232 scrutabitur
2538 1178 2695 1233 valde
2722 1178 2993 1248 profunda
3016 1198 3029 1233 :
3050 1189 3103 1235 et
3119 1180 3269 1235 auris
3293 1179 3492 1251 quietae

234 1263 496 1345 σθήσεται
522 1261 616 1330 οὖς
647 1265 895 1337 ἡσυχίας.

1917 1267 2119 1321 mentis
2146 1265 2411 1323 efﬁcietur
2443 1285 2473 1323 a
2505 1269 2616 1325 Deo
2645 1285 2814 1346 rapax
2851 1270 3108 1326 audiendi
3141 1271 3426 1327 immensa.

223 1438 227 1444 λ
307 1355 411 1443 λα’.
452 1357 758 1428 Ὀδοιπόρος
802 1359 901 1430 μὲν
934 1358 1152 1432 μακρὰν
1187 1360 1282 1414 καὶ
1333 1360 1692 1417 δυσδιάὸατον
1722 1363 1805 1417 καλ

1988 1356 2077 1411 5i.
2113 1354 2299 1412 Viator
2340 1357 2492 1413 brevi
2536 1359 2882 1429 profecturus
2932 1361 3147 1432 longam
3174 1401 3189 1425 ,
3257 1361 3490 1417 transitu

235 1447 520 1519 ἀργαλέαν
564 1450 684 1504 ὁδὸν
732 1451 1043 1508 στείλασθαι
1076 1454 1478 1526 ἐναρξάμενος,
1520 1454 1731 1525 πλάνην
1756 1471 1817 1508 τε

1917 1446 2193 1503 difficilem
2223 1455 2280 1503 et
2307 1449 2613 1505 molestiam
2648 1451 2790 1506 viam
2812 1495 2827 1520 ,
2879 1453 3169 1523 suspicans
3210 1453 3374 1509 etiam
3421 1470 3491 1509 ne

238 1544 594 1617 ὑφορώμενος
639 1549 697 1601 ἐν
737 1547 816 1619 τῷ
858 1549 1261 1622 ὑποστρέφειν,
1301 1550 1507 1621 σημεῖά
1550 1567 1673 1604 τινα
1722 1549 1818 1604 καὶ

1919 1539 2245 1595 divertendo
2276 1547 2443 1601 erret,
2479 1540 2632 1612 signa
2660 1541 2928 1611 quasdam,
2960 1542 3062 1597 via:
3091 1542 3278 1608 duces,
3309 1540 3365 1596 in
3393 1557 3490 1598 sua

236 1637 469 1708 ὁδηγοὺς
513 1640 572 1691 ἐν
618 1639 898 1714 ὁδοιπορίᾳ
953 1641 1119 1696 αὐτοῦ
1165 1642 1570 1713 καταπήξεται,
1627 1641 1817 1713 ῥᾳδίαν

1919 1629 2262 1700 profectione
2286 1629 2493 1701 deligit,
2516 1647 2636 1701 quae
2663 1631 2876 1687 facilem
2901 1633 3003 1688 sibi
3030 1642 3225 1703 parent
3256 1632 3490 1688 reditum

239 1730 394 1802 αὗτῷ
427 1730 525 1801 τὴν
556 1731 694 1802 πρὸς
723 1732 793 1785 τὰ
815 1734 989 1787 οίκεία
1020 1735 1407 1805 ἐπανάκαμψιν
1431 1732 1811 1805 προξενοῦντα.

1920 1721 1986 1775 ad
2014 1735 2135 1775 sua.
2168 1719 2264 1775 Vir
2288 1730 2494 1787 autem,
2522 1724 2612 1793 qui
2647 1724 2827 1779 sobrie
2859 1724 3084 1786 incedit,
3112 1738 3251 1793 quae
3300 1721 3490 1779 audie-

240 1785 452 1889 Δόγὸυς
471 1785 530 1876 ἐξ
555 1826 583 1877 ὁ
603 1785 1818 1898 52...“...a.a;.."i;g,;;.,is;.;..gsi...

1590 1843 1637 1891 ,;,
1659 1824 1818 1879 τοῦτο
1851 1785 1892 1841 Β
1922 1813 2010 1878 rit,
2037 1811 2245 1869 notabit
2274 1830 2287 1867 :
2322 1812 2467 1868 idem
2503 1814 2667 1868 etiam
2701 1815 2819 1884 ipse
2848 1814 3172 1869 observans.

239 1910 375 1965 αὐτὸ
400 1912 491 1965 καὶ
512 1912 673 1976 αὐτὸς
699 1913 1068 1986 ὑφορώμενος.

314 2004 416 2076 λβ⁶.
459 2006 619 2061 Ἀλλά
659 2008 737 2079 τῷ
785 1985 884 2080 μὲν
919 2008 1184 2079 όδιοπόρῳ
1228 2009 1653 2079 ἐπανακάμψαι,
1698 2008 1819 2062 ὅθεν

1992 1987 2083 2044 32.
2112 1985 2221 2044 Sed
2243 1986 2436 2044 viatori
2458 1987 2675 2059 quidem
2696 1988 2921 2055 reditus,
2944 1987 3089 2045 unde
3112 2003 3364 2062 egressus
3384 2000 3490 2057 est,

242 2095 409 2167 ἱξέὸη
430 2100 605 2169 χαρᾶς
645 2079 903 2169 πρόξενον
937 2116 952 2132 ο
984 2101 1243 2171 νηφαλέῳ.
1280 2101 1336 2155 δὲ
1366 2102 1819 2171 ἐπανακάμπτειν

1921 2080 2161 2137 laetitiam
2191 2079 2364 2151 gignit
2392 2097 2407 2134 :
2439 2079 2623 2135 sobrio
2653 2088 2838 2135 autem
2862 2080 2981 2137 viro
3014 2096 3295 2153 regressus
3336 2082 3405 2139 ad
3430 2097 3494 2139 ca

241 2188 325 2250 είς
358 2188 428 2241 τὰ
454 2188 665 2257 ὀπίσω,
699 2189 918 2263 ὄλεθρος
962 2191 1143 2262 ψυχῆς
1170 2190 1395 2264 λογικῆς
1418 2236 1432 2256 ,
1467 2193 1560 2247 καὶ
1596 2196 1819 2263 σημεῖον

1920 2188 2041 2242 qua:
2066 2187 2096 2226 a
2123 2180 2276 2244 tergo
2313 2171 2553 2241 reliquit,
2582 2181 2667 2226 est
2691 2172 2887 2229 animae
2922 2172 3200 2229 rationalis
3222 2173 3493 2239 interitus,

244 2279 583 2345 ἀποστασίας
613 2283 720 2335 τῶν
744 2262 1054 2354 θεαρέστων
1081 2282 1261 2355 ἔργων
1289 2262 1362 2338 τε*
1379 2287 1472 2338 καὶ
1500 2262 1695 2352 λόγων,
1725 2285 1820 2338 καὶ

1918 2281 1983 2320 ac
2016 2264 2275 2321 indicium
2299 2262 2618 2319 defectionis
2647 2264 2716 2318 ab
2758 2264 3036 2334 operibus,
3058 2266 3403 2322 sermonibus
3440 2278 3496 2323 et

246 2370 487 2435 ἐννοιῶν,
502 2374 594 2426 καὶ
619 2372 729 2437 ἔξει
757 2374 815 2426 ἐν
844 2372 1020 2445 καιρῷ
1039 2354 1209 2429 ὕπνου
1241 2374 1418 2447 ψυχῆς
1446 2374 1817 2447 θανατηφόρου

1919 2355 2333 2427 cogitationibus
2368 2354 2479 2411 Deo
2515 2356 2699 2427 gratis.
2731 2354 2778 2410 ls
2827 2355 3009 2426 itaque
3033 2366 3277 2428 tempore
3319 2358 3493 2414 somni

248 2460 375 2524 τοὺς
406 2461 595 2530 λόγους
623 2463 697 2528 ὡς
745 2464 947 2535 κέντρα
995 2446 1561 2536 διεγείρονταςαύτὺν
1584 2470 1654 2538 τῇ
1685 2446 1819 2521 ὑπο-

1920 2447 2137 2502 letltalis
2164 2447 2362 2501 animae
2396 2447 2685 2501 habiturus
2740 2455 2827 2502 est
2877 2446 3267 2519 cogitationes,
3326 2448 3497 2502 instar

248 2554 451 2625 μνήσει
486 2555 581 2610 τοῦ
612 2556 807 2610 πολλοῦ
837 2558 1029 2629 κάρου,
1061 2558 1154 2613 καὶ
1185 2557 1459 2629 ῥᾳθυμίας
1481 2559 1579 2630 τῆς
1602 2558 1661 2625 ἐξ
1687 2559 1822 2629 ἀμε-

1920 2538 2233 2593 aculeorum
2251 2538 2553 2593 excitantes
2569 2552 2693 2593 eum
2705 2578 2720 2603 ,
2737 2538 3252 2593 commemoratione
3264 2538 3498 2610 crapulm

248 2642 394 2705 λείας
424 2642 570 2714 αὐτῷ
601 2628 921 2715 ωμῦάσης.
1189 2628 1193 2629 7
1234 2628 1241 2629 ί
1336 2628 1343 2629 7
1537 2628 1545 2630 ν
1732 2628 1739 2629 7

1732 2628 1739 2629 ί
1923 2631 2126 2696 multa},
2151 2638 2208 2685 et
2235 2629 2486 2701 ignaviae,
2518 2629 2796 2684 nascentis
2824 2642 2856 2683 e
2878 2628 3226 2700 negligentia.

319 2735 421 2804 λγ⁴.
439 2735 526 2789 Ἐν
556 2736 787 2807 θλίψεσι,
827 2738 922 2792 καὶ
944 2736 1311 2807 ἀπογνώσεσι,
1336 2739 1429 2793 καὶ
1453 2739 1823 2810 ἀπελπισμοῐς

1993 2724 2084 2779 35.
2115 2722 2254 2780 Cum
2283 2722 2575 2777 incidimus
2599 2721 2655 2775 in
2687 2719 3086 2786 tribulationes,
3110 2720 3500 2791 desponsiones

252 2828 647 2898 περιπεσόντας
677 2831 827 2900 ἡμᾶς
864 2829 971 2902 χρὴ
1002 2832 1173 2885 ποιεῖν
1201 2832 1258 2884 ἐν
1293 2832 1503 2895 ἑαυτοῖς
1530 2830 1623 2884 τοῦ
1657 2809 1824 2886 Δαδὶδ

1924 2815 2097 2872 animi
2152 2829 2217 2870 ac
2251 2812 2697 2883 desperationes,
2750 2811 2917 2866 verba
2971 2809 3193 2865 Davidis
3248 2810 3302 2865 in
3344 2810 3501 2866 nobis

259 2919 343 2975 τὸν
365 2918 545 2987 λόγον,
575 2922 788 2992 ἐκχέειν
816 2921 912 2992 τὴν
938 2901 1166 2992 καρδίαν
1206 2922 1363 2993 ἡμῶν
1386 2921 1521 2991 πρὸς
1553 2921 1642 2975 τὸν
1669 2921 1820 2988 Θεὸν,

1928 2908 2033 2980 ipsi
2067 2906 2295 2977 exsequi
2323 2906 2620 2973 debemus,
2650 2902 2931 2960 effundere
2969 2901 3023 2957 in
3053 2911 3351 2973 conspectu
3402 2902 3501 2957 Dei

253 3012 352 3065 καὶ
377 3011 475 3081 τὴν
512 3012 697 3083 δέησιν
724 3014 818 3066 καὶ
840 3014 939 3086 τὴν
986 3013 1165 3083 θλίψιν
1192 3013 1349 3085 ἡμῶν
1377 3012 1452 3077 ὠς
1487 3011 1604 3065 ἐστι
1635 3013 1825 3084 Κυρίῳ

1926 2999 2097 3057 corda
2121 3007 2329 3063 nostra,
2358 2998 2734 3069 precationem
2776 3006 2832 3053 et
2855 2996 3207 3052 alilictionem
3238 3004 3502 3059 nostram,

253 3102 631 3172 ἀναγγέλλεινι
659 3104 1133 3176 ὲξομολογούμεθα
1157 3105 1263 3175 γάρ
1286 3102 1363 3175 τῷ
1387 3103 1525 3174 Θεῷ.
1549 3102 1625 3167 ὡς
1650 3103 1827 3171 σοφῶς

1932 3102 1990 3147 ut
2014 3100 2120 3158 est,
2159 3089 2390 3147 Domino
2433 3090 2784 3145 denuntiare.
2820 3088 3163 3145 Confltemur
3196 3088 3339 3143 enim
3373 3087 3502 3153 Deo,

255 3193 540 3267 δυναμένῳ
577 3196 647 3249 τά
687 3196 809 3251 καθ’
846 3200 997 3268 ἡμᾶς
1041 3196 1335 3268 διοικῆσαι,
1380 3198 1474 3251 καὶ
1517 3196 1615 3268 τὴν
1652 3194 1829 3265 θλίψιν

1938 3194 2196 3254 tanquam
2221 3199 2285 3239 ea
2321 3198 2442 3253 quae
2466 3183 2607 3238 circa
2649 3198 2752 3238 nos
2781 3191 2949 3248 sunt,
3004 3182 3280 3253 sapienter
3308 3181 3507 3252 guber-

256 3285 353 3340 ἐπὶ
381 3284 714 3359 συμφέροντι
756 3287 980 3358 ποιῆσαι
1016 3288 1231 3359 ῥᾳδίαν,
1270 3289 1363 3341 καὶ
1386 3286 1654 3357 ῥύσασθαι
1684 3288 1831 3358 ἡμᾶς

1938 3276 2112 3342 nanti,
2146 3285 2200 3331 et
2233 3275 2327 3346 qui
2360 3274 2767 3329 tribulationem
2813 3290 2938 3329 cum
2989 3272 3164 3327 fructu
3199 3272 3370 3325 levem
3396 3269 3510 3325 eﬂi-

256 3376 361 3447 τῆς
392 3375 641 3447 ὀλεθρίας
666 3394 725 3430 τε
751 3377 846 3431 καὶ
874 3377 1121 3449 φθαρτῆς
1160 3377 1356 3448 λύπης.

1941 3382 2064 3422 cere
2115 3374 2335 3436 potest,
2376 3374 2432 3419 et
2469 3364 2699 3419 liberare
2729 3378 2832 3418 nos
2860 3362 2930 3418 ab
2978 3360 3202 3417 interitu
3231 3368 3287 3415 et
3318 3373 3508 3415 corru-

1941 3457 2117 3529 ptibili
2146 3456 2415 3512 molestia.

336 3556 435 3613 λδ’.
459 3557 641 3627 Θυμὸς
669 3558 778 3630 γάρ
799 3558 951 3629 παρά
981 3558 1145 3627 φύσιν
1174 3558 1318 3613 κατά
1338 3558 1639 3631 ἀνθρώπιον
1664 3557 1836 3612 κινού-

2011 3549 2102 3605 34.
2154 3546 2236 3601 lra
2262 3545 2529 3617 siquidem
2559 3544 2821 3600 adversus
2849 3542 3102 3599 homines
3130 3546 3329 3612 praeter
3352 3547 3512 3594 natu-

266 3666 449 3720 μενος,
474 3651 567 3703 καὶ
588 3649 764 3721 λύπην
790 3650 853 3706 οὐ
876 3650 1018 3705 κατὰ
1039 3651 1172 3707 Θεὸν
1218 3653 1313 3705 καὶ
1336 3653 1562 3722 ἀκηδίαν
1596 3652 1834 3721 ἐμποίεῑ·

1946 3658 2059 3696 ram
2089 3647 2288 3703 emota,
2320 3647 2373 3692 et
2418 3636 2695 3692 tristitiam
2742 3651 2851 3690 non
2878 3633 3183 3690 secundum
3219 3632 3409 3695 Deum,
3460 3638 3517 3683 et

266 3741 545 3811 φθαρτικὰ
572 3742 771 3811 ὁμοίως
795 3743 904 3795 εἰσὶ
933 3742 1042 3795 τῶν
1072 3741 1290 3810 ἀγαθῶν
1310 3759 1368 3795 τε
1403 3721 1498 3796 καὶ
1520 3741 1840 3809 γνωστικῶν

1948 3730 2167 3786 tzedium
2211 3727 2380 3799 gignit
2410 3744 2423 3780 :
2455 3742 2576 3796 qua:
2606 3725 2812 3795 pariter
2866 3730 3224 3793 corrumpunt
3263 3721 3434 3775 bonas
3462 3726 3520 3772 et

265 3807 579 3903 λογισμῶν,
684 3835 711 3885 ό
743 3832 946 3904 Κύριος
984 3835 1051 3904 τῇ
1091 3807 1477 3903 ἐξομολογήσει
1504 3807 1838 3904 σκορπίζων,

1948 3819 2189 3875 eruditas
2248 3815 2647 3887 cogitationes:
2679 3824 2736 3869 et
2774 3828 2872 3884 per
2914 3811 3313 3868 confessionem
3354 3807 3517 3865 dissi-

269 3924 450 3998 χαρὰν
488 3926 723 3995 ἐμποιεῖ.

1948 3921 2148 3982 pantur
2182 3924 2213 3963 a
2243 3909 2473 3963 Domino
2508 3906 2751 3962 laetitiam
2779 3905 3071 3960 inferente.
3177 3916 3190 3931 ’

343 3989 438 4068 λε’.
493 3989 784 4084 Ᾰογισμῶν
834 4000 890 4069 δέ
932 4016 992 4069 ἐν
1042 4013 1279 4087 καρδία,
1321 4015 1419 4069 καὶ
1460 4015 1535 4085 μὴ
1579 4014 1842 4069 θελόντων

2021 4001 2110 4056 55.
2156 3999 2529 4071 Cogitationes
2556 3998 2612 4052 in
2652 3996 2856 4062 animo,
2892 3995 2978 4050 vel
2999 3993 3157 4049 nobis
3176 3990 3359 4048 invitis
3387 3989 3523 4046 lixas

272 4107 438 4179 ἡμῶν
476 4083 762 4176 παγέντων
804 4123 864 4160 τε
888 4106 1005 4161 καὶ
1036 4083 1338 4176 ἱσταμένων
1360 4147 1375 4174 ,
1408 4083 1710 4175 ἐξαλείφειν
1746 4106 1847 4158 πέ-

1952 4106 2007 4151 et
2039 4094 2427 4155 consistentes,
2464 4091 2647 4146 delere
2671 4089 2811 4149 solet
2829 4087 3140 4160 deprecatio
3162 4100 3289 4157 erga
3309 4083 3521 4148 Jesum,

276 4176 453 4269 (ρυκεν
502 4196 677 4268 Ἰησοῦ
714 4198 847 4269 εὐχὴ
872 4198 1012 4269 μετὰ
1044 4198 1259 4270 νήψεως
1297 4199 1364 4251 ἐκ
1396 4196 1604 4269 βαθέων
1627 4196 1846 4252 ἐννοιῶν

1953 4204 2020 4242 ex
2055 4184 2262 4240 intimis
2280 4182 2450 4238 animi
2472 4180 2831 4251 conceptibus
2867 4188 2986 4236 orta
3028 4194 3153 4235 cum
3205 4176 3516 4234 sobrietate.

279 4291 532 4364 καρδίας.

351 4353 462 4449 λς’.
491 4353 810 4453 ίίουφισμὸν
842 4380 901 4434 δέ
953 4379 1051 4436 καὶ
1084 4380 1279 4452 χαρὰν,
1313 4381 1371 4433 ἐν
1414 4379 1591 4451 θλίψει
1640 4380 1850 4435 πολλῶν

2026 4366 2115 4423 56.
2153 4362 2291 4420 Cum
2323 4360 2577 4432 angimur
2599 4356 2950 4413 multitudine
2974 4354 3362 4427 cogitationum
3390 4353 3527 4407 irra-

282 4443 499 4543 ἀλόγων
530 4443 806 4543 λογισμῶν
846 4443 1132 4542 γενόμενοί
1162 4443 1482 4542 ἐὑρήσομεν
1549 4470 1678 4525 ὅταν
1710 4488 1851 4542 μεμ-

1961 4457 2265 4521 tionalium,
2300 4452 2474 4509 levari
2499 4451 2740 4507 dolorem
2776 4461 2837 4505 et
2881 4446 3116 4504 recreari
3175 4461 3276 4501 nos
3324 4443 3529 4500 sentie-

280 4534 516 4635 ψὼμεθα
553 4534 780 4627 ἑαυτοὺς
826 4534 885 4616 ἐν
927 4534 1177 4635 ἀληθείᾳ,
1359 4534 1853 4633 ἀπροέπαθῶξίῆ

1961 4567 2105 4615 mus,
2129 4547 2176 4603 si
2206 4560 2354 4610 vere,
2397 4552 2456 4599 et
2508 4542 2656 4599 omni
2704 4540 2907 4596 aﬂ‘ectu
2961 4538 3233 4609 deposito,
3280 4534 3532 4604 nosipsos

285 4628 365 4728 τῷ
377 4628 709 4724 ἀναγγεῖλαι
747 4654 925 4709 πάντα
953 4628 1205 4725 καθάπερ
1233 4628 1611 4724 ἀνθρώπῳ,τῷ
1641 4628 1853 4725 Κυρίῳ.

1960 4654 2310 4699 accusemus:
2351 4645 2448 4692 aut
2476 4635 2522 4690 si
2558 4634 2805 4700 Domino,
2842 4632 2993 4688 velut
3023 4628 3253 4693 homini,
3312 4642 3532 4685 annun-

288 4717 400 4803 Κάὶ
452 4717 670 4809 πάντως
710 4746 776 4799 ἐκ
805 4744 915 4798 τῶν
957 4744 1051 4799 δύο
1094 4717 1404 4815 εὑρήσομεν
1450 4717 1755 4797 ἀνάπαυσιν
1792 4717 1859 4797 ἐκ

1972 4740 2161 4795 tiemus
2189 4733 2391 4789 omnia.
2422 4730 2532 4785 Hac
2560 4727 2760 4799 duplici
2808 4725 3038 4789 ratione,
3069 4730 3127 4777 et
3188 4735 3301 4774 non
3353 4717 3532 4815 aliter,

291 4839 516 4903 παντὸς,
550 4805 840 4900 καὶτᾶλλως
867 4835 968 4890 οὐκ
993 4805 1240 4889 ἔστιν.Ἐί
1265 4805 1322 4888 δέ
1338 4849 1402 4902 γε
1429 4832 1763 4904 νομίζοιμεν,
1784 4831 1861 4896 ὡς

1970 4824 2365 4884 recreationem
2396 4820 2763 4877 omnimodam
2794 4814 3194 4871 nanciscemur.
3229 4808 3324 4865 Sin
3344 4805 3539 4891 existi-

293 4928 557 5003 χειρικῶς
588 4929 652 4983 τὸ
692 4927 803 4983 τῶν
848 4927 1172 4999 ποιημάτων
1200 4927 1397 4989 αἴτιον,
1443 4902 1537 4978 καὶ
1578 4902 1867 4995 π’γμικῶς

1972 4931 2221 4979 memus,
2277 4913 2426 4968 velut
2475 4915 2727 4981 porrecta
2780 4921 2969 4970 manu,
3036 4902 3208 4957 Deum
3257 4907 3537 4954 auctorem

296 4991 763 5092 ἀνταμειδόμεθα,
794 4991 1147 5089 γνωσόμεθαο
1203 5017 1265 5070 '0
1294 5016 1452 5083 ἔχων
1479 5010 1598 5070 ὦτα
1625 4991 1867 5071 ἀκούειν

1974 5023 2177 5072 rerum,
2222 5014 2279 5062 et
2324 5005 2521 5059 borum
2557 5014 2679 5055 esse
2723 5011 2965 5059 causam,
3020 5002 3077 5049 et
3130 4991 3312 5047 oblato
3357 5002 3539 5063 pugno

297 5082 585 5178 ἀκουέτω,
602 5082 779 5181 ’φησιν
875 5082 1101 5180 Κύριος,
1354 5082 1359 5083 7

1976 5098 2205 5171 rependi
2233 5094 2395 5151 nobis
2431 5104 2823 5162 c0gnoscemus
2863 5086 3014 5150 illud,
3051 5083 3153 5150 Qui
3184 5082 3335 5136 habet
3387 5094 3541 5141 eum

1980 5187 2249 5252 audiendi,
2281 5183 2546 5249 audiat”,
2581 5178 2757 5250 inquit
2788 5178 3075 5234 Dominus.

372 5287 470 5352 λζ’.
508 5286 705 5341 Είκόνα
732 5286 825 5341 τοῦ
856 5285 948 5340 νοῦ
980 5287 1009 5340 δ
1035 5285 1329 5357 νομοθέτης
1365 5284 1570 5355 Μωσῆς
1597 5281 1873 5353 λαμϐάνε-

2053 5281 2147 5338 37.
2184 5277 2382 5333 Mentis
2400 5273 2689 5346 imaginem
2713 5287 2744 5326 a
2774 5270 3021 5342 patribus
3039 5261 3543 5357 accepitlegislator

301 5397 394 5435 ται
423 5378 574 5451 παρὰ
601 5379 709 5433 τῶν
731 5379 1002 5448 πατέρων,
1023 5378 1082 5441 ὃς
1101 5353 1240 5431 Θεὸν
1263 5353 1366 5449 ὁρᾷ
1392 5379 1452 5431 ἐν
1477 5353 1542 5448 τῇ
1573 5375 1743 5446 βάτῳ,
1776 5373 1870 5427 καὶ

1983 5373 2183 5435 Moses,
2207 5368 2301 5439 qui
2345 5367 2514 5423 Deum
2544 5363 2693 5419 videt
2725 5361 2781 5417 in
2813 5360 2970 5427 rubo,
3022 5357 3177 5451 vultu
3225 5353 3554 5451 illustratur,

306 5470 369 5539 τὸ
411 5437 701 5539 πρόσωπον
742 5437 1022 5534 ὼξάξεται
1044 5437 1077 5535 ,⁷
1108 5468 1202 5523 καὶ
1407 5437 1603 5539 Φαράῶ
1636 5437 1741 5519 ὑπὸ
1782 5462 1879 5518 τοῦ

1993 5465 2137 5519 Deus
2159 5437 2462 5513 Pharaonis
2485 5469 2515 5508 a
2533 5452 2645 5508 Deo
2663 5450 2893 5507 deorum
2921 5443 3292 5539 constituitur,
3318 5437 3547 5539 flagellat

308 5559 447 5616 θεοῦ
480 5561 587 5614 τῶν
618 5561 758 5615 θεῶν
786 5560 1131 5626 καθίσταται,
1179 5559 1454 5629 Αἴγυπτον
1487 5556 1759 5632 μαστίξει,
1787 5557 1880 5610 καὶ

1987 5554 2303 5627 Ᾱίεγριυηι,
2347 5544 2533 5603 educit
2582 5542 2859 5608 Israelem,
2916 5547 2971 5594 et
3018 5535 3165 5607 leges
3214 5529 3387 5632 sancit
3427 5541 3566 5597 qua.

387 5728 433 5769 ’ί
454 5742 643 5799 Matth.
674 5759 748 5806 ιι,
788 5742 865 5797 ιδ.
908 5738 921 5768 ἐ
