4006 6458
520 374 658 440 1523

1688 371 2064 434 'HESYCHII
2096 370 2567 433 PRESBYTER!

3622 363 3765 431 1526

517 482 737 555 quidem
786 489 993 550 tropice
1021 487 1261 549 sumpta,
1295 485 1423 533 sunt
1476 475 1777 532 secundum
1808 476 2083 548 spiritum,

2219 475 2373 545 ξάγει
2407 478 2501 531 τὸν
2546 475 2785 550 Ἰσραὴλ,
2814 474 2909 531 καὶ
2936 472 3245 546 νομοθετεῖ·
3273 474 3431 529 ἅτινα
3484 474 3768 546 τροπικῶς

517 576 749 632 an-ctus
763 572 966 627 mentis
988 579 1041 625 et
1073 568 1463 642 aratrogativae.

589 750 679 806 38.
719 750 898 804 Aaron
926 758 1113 805 autem
1149 747 1483 821 lcgislatoris
1520 747 1711 812 frater,
1751 753 1869 801 erat
1911 743 2091 814 imago

521 842 762 898 hominis
794 841 1025 897 externi.
1068 840 1178 896 Nos
1213 855 1342 912 ergo
1397 839 1801 895 subinlerentes
1832 845 2093 908 expostu-

522 935 755 990 lationes
783 933 1095 994 iracundas.
1137 931 1595 1003 quemadmodum
1622 930 1798 985 Moses
1828 930 1882 983 in
1911 928 2091 983 Aaron

522 1028 953 1097 delinquentem,
1005 1026 1249 1081 dicamus
1300 1023 1462 1091 :Qua
1544 1031 1597 1078 te
1656 1022 1853 1093 iniuria
1912 1020 2097 1075 all‘ecit

523 1120 713 1183 Israel,
739 1118 880 1189 quod
909 1125 1021 1172 tam
1050 1117 1160 1173 cito
1198 1116 1482 1172 seduxeris
1510 1130 1606 1171 eos
1629 1128 1661 1169 a
1698 1112 1929 1169 Domino
1983 1110 2097 1165 Deo

524 1213 650 1266 vivo
680 1209 1094 1279 omnipotente?

597 1303 686 1357 39.
719 1301 876 1367 Quod
896 1301 1086 1365 etiam,
1118 1308 1319 1370 praeter
1368 1297 1551 1354 omnia
1585 1296 1691 1352 alia
1727 1295 1846 1365 ejus
1884 1292 2097 1349 benefl-

525 1396 755 1460 cia,nos
782 1395 971 1448 ducuit
1020 1370 1309 1455 Dominus:
1354 1391 1716 1447 suscitaturus
1761 1389 2021 1443 Lazarum
2066 1399 2097 1439 a

526 1488 780 1551 mortuis,
831 1501 1023 1541 severa
1077 1485 1504 1540 comminatione
1539 1480 1923 1538 refrenandam
1974 1492 2098 1533 esse

526 1579 813 1635 mollitiem
850 1587 908 1635 et
936 1578 1260 1636 eiusionem
1284 1579 1511 1643 animae,
1550 1585 1605 1631 et
1637 1575 1885 1628 habitum
1928 1568 2096 1625 animi

526 1679 875 1726 constantem
910 1654 1375 1741 amplectendam.
1410 1666 1531 1733 Quo
1582 1673 1761 1736 pacto,
1808 1676 2006 1731 nempe
2051 1658 2100 1715 si

528 1760 693 1815 nobis
718 1759 860 1830 ipsis
889 1758 1264 1829 indignemur,
1296 1755 1410 1819 fiet,
1462 1764 1522 1809 ut
1572 1767 1758 1808 amore
1800 1750 1907 1817 sui,
1959 1762 2098 1803 vana

528 1851 699 1923 gloria
751 1858 810 1906 et
841 1850 1119 1922 superbia,
1143 1849 1406 1903 liberetur
1434 1846 1637 1901 anima.

598 1943 688 1996 40.
730 1942 801 1998 Ut
823 1957 950 2013 ergo
972 1956 1081 1996 non
1108 1954 1402 2011 possumus
1435 1938 1641 2008 absque
1665 1951 1854 2007 magna
1886 1935 2103 2007 naviga-

531 2034 683 2089 tione
718 2033 1047 2103 profundum
1077 2030 1246 2087 maris
1281 2030 1531 2099 traiicere
1575 2047 1589 2083 :
1622 2029 1696 2083 ita
1750 2027 1868 2082 ﬁeri
1911 2026 2104 2096 nequit

530 2138 593 2183 ut
641 2128 981 2197 expellamus
1035 2124 1298 2194 impetum
1341 2121 1684 2195 cogitationis
1709 2134 1911 2192 pravae,
1965 2118 2104 2174 citra

533 2219 939 2272 invocationem
966 2216 1096 2271 Iesu
1126 2213 1356 2269 Christi.

601 2312 693 2365 ΔΙ.
729 2309 1034 2365 Relnctatio
1067 2307 1288 2377 quidem
1326 2304 1662 2376 praecludere
1712 2304 1851 2359 solet
1899 2302 2104 2374 cogita-

533 2403 747 2457 tiones:
783 2400 1056 2456 invocatio
1105 2406 1287 2452 autem
1315 2397 1407 2451 Dei
1438 2396 1659 2479 expellit
1703 2411 1796 2451 cas
1843 2410 1875 2450 e
1918 2394 2102 2449 corde.

533 2489 818 2562 Suggestio
840 2488 986 2544 enim
1019 2490 1074 2542 in
1107 2489 1313 2554 anima,
1354 2487 1585 2542 formata
1619 2502 1717 2557 per
1748 2486 2099 2557 imaginatio-

530 2599 660 2638 nem
690 2582 767 2636 rei
793 2582 1088 2644 sensibilis,
1137 2580 1284 2635 verbi
1316 2581 1510 2651 gratia,
1550 2579 1718 2634 facies
1739 2581 1861 2648 ejus
1888 2580 1979 2647 qui
2005 2591 2105 2631 nos

531 2676 780 2740 offendit,
836 2682 932 2729 aut
979 2673 1291 2744 imaginatio
1318 2671 1738 2742 pulchritudinis
1794 2670 2101 2733 muliebris,

531 2768 673 2831 auri,
728 2767 816 2822 vel
859 2766 1105 2839 argenti,
1159 2765 1356 2819 horum
1391 2764 1599 2835 singula
1650 2762 1696 2817 si
1730 2761 2107 2831 concipiantur

532 2858 810 2913 intellectu
847 2865 1055 2919 nostro,
1083 2855 1262 2911 statim
1294 2853 1777 2924 deprehenduntur
1822 2851 2105 2922 cogitatio-

529 2963 653 3011 nes,
675 2962 796 3017 quae
830 2946 1152 3015 iniuriarum
1176 2945 1587 3007 recordationis,
1624 2944 1794 3013 stupri
1845 2952 1900 2997 et
1928 2942 2105 2996 avari-

534 3041 623 3096 tia:
660 3041 926 3095 visionem
984 3040 1037 3093 in
1084 3042 1269 3095 animo
1308 3047 1498 3093 nostro
1545 3047 1897 3109 pepererunt.
1928 3036 2007 3092 Ac
2061 3036 2106 3091 si

2128 1829 2175 1887 B

2188 566 2598 640 λαμϐανόμενα,
2634 568 2776 623 κατά
2818 568 3039 638 πνεῦμα
3080 566 3172 620 τοῦ
3205 566 3324 630 νοός
3356 567 3498 619 εἰσιν
3536 568 3770 636 ἐναρηςή⁶

2193 676 2338 731 ματα
2358 660 2451 714 καὶ
2482 661 2894 732 προτερήματα.

2261 749 2363 822 λη’.
2398 750 2575 804 Εἰπὼν
2593 751 2652 805 δὲ
2682 750 2779 805 τοῦ
2807 750 2962 813 ἐκτὸς
2985 747 3273 821 ἀνθρώπου
3312 744 3531 817 ’Δαρὼν
3559 746 3588 797 6
3616 745 3772 798 ἀδελ-

2193 841 2293 909 φδς
2318 842 2412 895 τοῦ
2447 841 2762 914 νομοθέτου.
2809 842 3137 912 Ἐγκλήσεις
3160 835 3256 893 οῦν
3287 840 3431 910 μετὰ
3461 835 3665 907 θυμοῦ,
3697 836 3776 899 ὥς

2194 934 2401 1006 Μωσῆς
2430 935 2719 990 πταίσαντι
2744 934 2823 1007 τῷ
2837 933 3069 1006 Ἀαρὼν,
3100 933 3196 987 καί
3227 933 3390 1003 ἡμεῖς
3424 932 3778 1000 εἰσφέροντες

2193 1026 2475 1098 λέγωμενο
2503 1027 2569 1083 Τί
2593 1026 2821 1099 ἠδίκησι
2850 1043 2911 1080 σε
2948 1025 3180 1096 Ἰσραὴλ,
3210 1025 3293 1078 δτι
3332 1024 3609 1084 ἔσπευσας
3642 1022 3777 1074 ἀπο-

2197 1117 2392 1190 στῆσαι
2427 1117 2626 1184 αὐτοὺς
2650 1117 2759 1173 ἀπὺ
2795 1116 2890 1171 τοῦ
2921 1115 3129 1187 Κυρίου
3165 1113 3300 1169 Θεοῦ
3335 1112 3543 1178 ζῶντος
3575 1128 3773 1165 παντο-

2197 1210 2465 1283 κράτορος
2490 1228 2504 1278 ;

2267 1299 2364 1354 λθ’.
2410 1299 2698 1371 Παρέδειξε
2733 1298 2841 1371 γάρ
2874 1299 3006 1370 ἡμῖν
3043 1298 3071 1351 6
3101 1295 3306 1366 Κύριος
3350 1294 3453 1349 σῦν
3478 1293 3659 1346 πᾶσιν
3682 1290 3775 1344 άλ-

2197 1391 2311 1455 λοις
2336 1391 2563 1460 ἀγαθοτς
2616 1392 2710 1446 καὶ
2743 1391 2933 1455 τοῦτο,
2970 1390 3059 1443 ὅτε
3097 1388 3321 1459 ἔμελλεν
3352 1385 3664 1455 ἀναστῆσαι
3690 1386 3781 1437 τὸν

2197 1483 2449 1554 Λάζαρον
2470 1486 2534 1538 ἐκ
2553 1484 2787 1555 νεκρῶν,
2807 1483 2869 1537 τὸ
2890 1480 3238 1537 ἀναστέλλειν
3263 1479 3355 1533 διά
3378 1478 3777 1549 ἐμϐριμήσεως

2200 1577 2261 1631 τδ
2289 1577 2651 1649 θηλυδριῶδες
2684 1579 2778 1631 καὶ
2802 1576 3120 1649 διαχυτικδν
3155 1574 3257 1644 τῆς
3302 1571 3485 1643 ψυχῆς
3514 1570 3614 1623 καὶ
3649 1585 3778 1621 στυ-

2201 1666 2330 1737 φνδν
2367 1664 2499 1739 ἦθος
2550 1668 2769 1738 ζηλοῦν,
2800 1666 2829 1721 ὃ
2869 1663 3012 1730 οἶδε,
3049 1667 3192 1737 φημὶ
3220 1664 3285 1736 δὴ
3324 1664 3385 1716 τὸ
3418 1657 3779 1730 αύτομεμφές

2201 1759 2266 1812 ἐκ
2288 1760 2573 1828 φιλαυτίας
2590 1801 2605 1825 ,
2628 1762 2692 1815 ἐκ
2717 1760 3025 1829 κενοδοξίας
3054 1776 3114 1812 τε
3143 1760 3238 1812 καὶ
3268 1754 3661 1829 ὑπερηφανίας
3680 1749 3777 1819 τὴν

2201 1849 2379 1921 ψυχὴν
2414 1852 2758 1925 λυτροῦσθαι.

2277 1942 2351 2015 μ’.
2400 1945 2609 2017 Ὥσπερ
2650 1941 2743 1999 οῦν
2786 1945 2919 2014 ἄτερ
2960 1943 3150 1997 πλοίου
3207 1939 3448 2011 μεγάλου
3490 1938 3778 1991 θαλάττιον

2202 2034 2443 2105 πέλαγος
2489 2038 2727 2108 περᾶσαι
2779 2038 2838 2090 οὗ
2882 2035 3129 2097 δυνατὸν,
3172 2032 3343 2096 οὕτως
3374 2030 3641 2086 ἀδύνατον
3684 2029 3776 2079 ἐκ-

2201 2121 2389 2188 διῶξαι
2422 2126 2728 2197 προσϐολὴν
2755 2124 3018 2195 λογισμοῦ
3044 2122 3283 2199 πονηροῦ
3313 2164 3329 2191 ,
3357 2124 3529 2193 χωρῖς
3555 2117 3777 2186 ἐπικλή-

2205 2231 2343 2279 σεως
2390 2216 2566 2287 Ἰησοῦ
2597 2217 2854 2286 Χριστοῦ.

2276 2304 2387 2377 μα’.
2415 2307 2758 2380 ’.ἀντίρρησις
2789 2307 2886 2378 μιν
2915 2304 3136 2376 φιμοῦν,
3165 2305 3452 2375 ἐπίκλησις
3484 2303 3542 2356 δέ
3564 2303 3777 2354 Euam

2203 2398 2271 2451 ἐκ
2306 2399 2533 2471 καρδίας
2581 2398 2739 2453 εἴωθε
2772 2399 2900 2462 τοὺς
2924 2397 3223 2469 λογισμούς
3252 2414 3269 2429 ο
3300 2398 3335 2467 ἠ
3370 2397 3481 2469 γάρ
3503 2394 3780 2464 προσϐολὴ

2207 2489 2560 2560 μορφωθείσα
2605 2491 2664 2544 ἐν
2714 2489 2990 2560 φαντασίᾳ
3037 2486 3298 2560 αἰσθητοῦ
3351 2489 3681 2559 πράγματος
3723 2488 3776 2536 ἐν

2203 2585 2269 2653 τῇ
2299 2581 2471 2653 ψυχῇ,
2493 2579 2605 2636 οἷον
2626 2581 2688 2635 τδ
2712 2580 2804 2635 τοῦ
2836 2580 3180 2653 λυπήσαντος
3206 2583 3356 2653 ἡμᾶς
3386 2580 3706 2652 πρόσωπον.
3742 2579 3773 2648 ἦ

2204 2673 2436 2737 κάλλους
2489 2672 2805 2742 γυναικείου
2848 2673 3145 2741 φαντασία,
3183 2673 3216 2744 ἢ
3245 2673 3477 2743 χρυσίου
3496 2713 3511 2737 ,
3541 2671 3576 2741 ἢ
3607 2674 3773 2739 ἀργυ-

2209 2762 2344 2837 ρίου,
2386 2763 2445 2820 ἓν
2466 2766 2591 2820 καθ’
2615 2764 2672 2820 ἐν
2695 2765 2903 2820 τούτων
2933 2767 3090 2840 εἶπερ
3124 2764 3357 2836 γένηται
3394 2767 3452 2818 ἐν
3482 2766 3550 2835 τῇ
3573 2762 3777 2830 διανοίᾳ

2206 2857 2365 2929 ήμῶν
2393 2896 2409 2923 ,
2443 2857 2648 2921 εὐθέως
2679 2857 2991 2929 ἐλέγχονται
3016 2859 3065 2911 οἱ
3102 2856 3205 2927 τῆς
3240 2857 3615 2927 μνησικακίας
3640 2898 3657 2921 ,
3686 2854 3777 2905 ni.

2207 2951 2486 3023 πορνείας,
2511 2950 2606 3006 καὶ
2636 2951 3000 3024 φιλαργυρίας
3024 2950 3396 3020 φαντάσαντες
3421 2949 3521 3020 τὴν
3555 2948 3776 3019 καρδίαν

2207 3044 2501 3115 λογισμοί·
2532 3045 2629 3100 καὶ
2661 3047 2711 3098 εί
2740 3045 2837 3115 μὲν
2865 3042 3273 3117 πεπειραμένος
3297 3045 3326 3097 6
3346 3042 3477 3106 νοῦς
3506 3044 3668 3114 ἡμῶν
3689 3042 3775 3095 καὶ

534 3148 692 3187 mens
720 3133 939 3202 quidem
972 3142 1154 3189 nostra
1186 3136 1361 3205 perita
1397 3134 1562 3188 fuerit
1605 3142 1659 3187 et
1687 3131 1921 3194 erudita,
1955 3145 2107 3184 com-

2211 3134 2638 3203 πεπαιδευμένος
2682 3134 2918 3207 ὑπάρχει
2940 3175 2955 3199 ,
2987 3136 3045 3187 ἐν
3072 3124 3187 3200 ἕξει
3225 3133 3300 3186 ὣν
3322 3133 3423 3204 τῆς
3448 3132 3543 3184 τοῦ
3567 3132 3661 3184 νοῦ
3686 3149 3777 3199 τη-

534 3226 1073 3297 paraveritbabitum
1106 3228 1469 3283 conservandi
1502 3229 1608 3294 sui,
1638 3235 1691 3281 et
1740 3223 2106 3296 perspiciendi

2216 3227 2430 3296 ρήσεως
2452 3226 2550 3280 καὶ
2575 3224 2668 3279 τοῦ
2701 3225 2957 3296 καθαρῶς
3008 3226 3103 3279 καὶ
3135 3226 3193 3277 ἐν
3223 3222 3412 3293 αἰθρία
3440 3221 3661 3292 βλέπειν
3686 3221 3775 3282 τάς

533 3332 673 3389 pure
702 3327 759 3373 et
793 3318 847 3372 in
869 3328 1009 3373 statu
1045 3334 1262 3382 sereno,
1298 3319 1524 3373 blandas
1574 3318 1853 3373 illusiones
1882 3327 1936 3371 et
1976 3316 2109 3371 insi-

534 3407 656 3462 dias
712 3408 1076 3479 malignorum
1128 3408 1437 3477 :perlacile
1502 3410 1683 3463 statim
1751 3409 2104 3478 repulsione,

534 3500 988 3567 contradictione,
1041 3501 1168 3557 Jesu
1225 3501 1430 3557 Christi
1484 3500 1650 3556 etiam
1700 3501 2105 3572 imploratione,

536 3592 848 3663 exstinguit
872 3592 1039 3663 ignita
1066 3592 1170 3647 tela
1199 3592 1419 3657 diaboli,
1466 3608 1572 3647 nec
1624 3593 1755 3647 sinit
1796 3594 2105 3648 illusionem

536 3682 919 3738 affectionibus
939 3681 1222 3749 imbutam,
1248 3683 1352 3738 sibi
1374 3693 1656 3754 cognatam
1679 3694 1773 3737 aut
1788 3684 2106 3739 familiarem

539 3773 687 3837 ﬁeri,
719 3780 814 3827 aut
848 3772 1204 3843 cogitationes
1239 3782 1457 3829 nostras
1482 3774 1832 3829 aﬂectionum
1889 3775 2110 3830 vinculo

538 3863 746 3918 similes
769 3862 985 3933 imagini
1011 3863 1239 3931 objecta:
1269 3862 1514 3927 formari,
1568 3875 1661 3919 aut
1689 3865 1921 3935 colloqui
1950 3865 2111 3920 fami-

538 3955 768 4025 liariter,
800 3964 890 4009 aut
942 3955 1157 4024 longam
1211 3956 1376 4009 animi
1425 3971 1631 4010 moram
1681 3964 1736 4011 et
1778 3974 2109 4015 consensum

538 4046 913 4100 contrahere:
973 4047 1174 4116 quibus
1220 4051 1533 4106 necessario
1586 4053 1886 4109 succedunt
1945 4070 2109 4126 opera

538 4138 700 4203 mala,
734 4136 882 4193 velut
904 4147 1093 4194 noctes
1124 4140 1337 4196 diebus.

608 4230 699 4285 ιε.
743 4228 838 4285 Sin
870 4246 1067 4302 expers
1090 4232 1254 4288 fuerit
1281 4234 1498 4290 solertis
1535 4238 1909 4308 temperantia;
1952 4256 2111 4297 mens

538 4327 745 4384 nostra,
778 4320 1063 4377 confestim
1088 4322 1436 4379 al'fectionum
1463 4324 1855 4385 intercessione
1906 4332 2112 4400 permi-

539 4417 726 4464 scetur
753 4425 878 4466 cum
907 4428 967 4465 re
1026 4429 1124 4483 per
1146 4413 1588 4485 imaginationem
1622 4418 1859 4487 objecta,
1904 4421 2111 4491 qualis-

538 4516 758 4573 cunque
781 4517 845 4557 ea
864 4502 1047 4567 fuerit,
1084 4504 1327 4575 disputat
1359 4522 1483 4562 cum
1526 4524 1609 4568 ea.
1660 4509 2112 4583 interrogationes
2144 4534 2191 4592 υ

540 4594 799 4649 scelestas
828 4593 1047 4665 excipit,
1073 4602 1127 4649 et
1149 4596 1242 4650 dat
1280 4598 1704 4666 responsiones:
1757 4612 1981 4671 tumque
2032 4603 2111 4669 fit,

541 4693 605 4739 ut
633 4684 942 4754 promiscue
995 4697 1288 4742 versentur
1333 4688 1691 4760 cogitationes
1737 4701 1936 4748 nostra:
1987 4710 2113 4749 cum

538 4774 797 4832 illusione
822 4776 1088 4830 diabolica
1117 4795 1131 4830 :
1170 4776 1258 4832 illa
1317 4787 1426 4832 tam
1449 4779 1660 4836 viribus
1688 4797 1850 4852 quam
1882 4800 2114 4840 numero

540 4866 928 4921 vehementius
959 4876 1309 4937 augescente,
1326 4884 1434 4938 quo
1484 4871 1753 4937 amabilis,
1788 4874 2031 4943 speciosa
2060 4884 2116 4930 et

541 4966 695 5025 grata
717 4966 975 5026 appareat
994 4957 1141 5012 illam
1160 4957 1466 5013 admittenti
1486 4967 1542 5013 et
1565 4961 1875 5031 depraedato
1904 4963 2110 5020 animo.

540 5047 641 5102 Cui
671 5047 811 5102 idem
840 5049 1131 5121 contingit,
1168 5050 1628 5119 quemadmodum
1658 5068 1781 5108 cum
1814 5054 1869 5109 in
1891 5071 2113 5127 campe-

541 5139 643 5193 stri
666 5140 898 5209 quodam
936 5142 1055 5197 loco
1098 5144 1250 5199 canis
1294 5155 1536 5214 apparet,
1584 5155 1641 5201 et
1698 5146 1769 5201 ibi
1826 5149 1936 5204 sint
1990 5151 2112 5222 agni

543 5246 723 5300 nuper
755 5231 901 5290 nati:
932 5231 1009 5294 hi,
1042 5247 1165 5288 cum
1193 5234 1301 5288 sint
1326 5235 1529 5291 innoxii
1552 5245 1608 5291 et
1636 5239 1836 5308 pusilli,
1872 5243 1937 5296 ad
1963 5258 2112 5310 eum,

543 5336 708 5390 quem
736 5333 1160 5391 conspexerunt,
1195 5324 1513 5395 frequenter
1545 5329 1831 5397 cursitant,
1867 5333 2015 5388 velut
2046 5334 2113 5389 ad

546 5414 820 5485 propriam
877 5422 1103 5470 matrem
1147 5433 1162 5470 :
1206 5417 1344 5472 nihil
1395 5433 1461 5473 ex
1516 5436 1739 5476 accessu
1802 5423 1871 5478 ad
1917 5440 2109 5480 canem

545 5505 837 5570 Iucrantcs,
869 5521 1030 5575 qnam
1056 5514 1115 5559 nt
1148 5507 1267 5576 ejus
1305 5510 1494 5565 sordes
1529 5512 1792 5567 duntaxat
1814 5523 1870 5569 et
1911 5517 2113 5572 malum

543 5598 767 5651 odorem
802 5599 1060 5658 referant.
1097 5602 1177 5656 Ad
1211 5604 1463 5658 ettmdem
1499 5606 1717 5661 modum
1754 5607 2113 5677 cogitationes

546 5696 746 5742 nostra:
766 5700 1106 5759 praecurrunt
1135 5693 1387 5763 imperite
1415 5695 1481 5750 ad
1507 5705 1732 5751 cunctas
1754 5698 2116 5758 daemoniacas

548 5776 829 5836 illusioucs
860 5782 1103 5840 animum
1138 5783 1508 5856 ingredientes
1537 5804 1551 5841 ι
1599 5788 1797 5861 quibus
1831 5808 1953 5850 cum
1986 5810 2111 5866 per-

2215 3318 2505 3382 θελκτικάς
2553 3318 2856 3389 φαντασίας
2894 3334 2955 3369 τε
2988 3317 3082 3371 καὶ
3115 3315 3331 3381 ἀπάτας
3364 3313 3474 3367 τῶν
3511 3312 3772 3382 πονηρῶν,

2212 3411 2451 3475 εὐκόλως
2498 3410 2660 3475 εὐθὺς
2700 3409 2759 3477 ἐξ
2805 3410 3110 3473 ἀναδόσεως
3151 3408 3247 3462 καὶ
3288 3408 3662 3479 ἀντιρρήσεως
3690 3405 3776 3457 καὶ

2214 3506 2378 3576 εὐχῆς
2439 3502 2614 3575 Ἰησοῦ
2671 3503 2947 3573 Χριστοῦ,
2995 3500 3243 3556 σϐεννύει
3288 3501 3353 3554 τά
3408 3499 3774 3568 πεπυρωμένα

2217 3597 2343 3668 βέλη
2374 3595 2469 3649 τοῦ
2496 3595 2743 3650 διαϐόλου
2769 3633 2785 3659 ,
2824 3594 2901 3666 μὴ
2932 3593 3233 3665 συγχωρῶν
3261 3592 3359 3664 τὴν
3388 3591 3611 3662 ἐμπαθῆ
3658 3609 3773 3660 φανο

2213 3688 2405 3742 τασίαν
2434 3686 2670 3757 συγγενῆ
2706 3687 2824 3756 ἄμα
2855 3686 2993 3755 αὐτῇ
3023 3685 3115 3738 καὶ
3149 3684 3275 3747 τοῦς
3301 3682 3459 3753 ημῶν
3492 3682 3772 3750 λογισμους

2217 3778 2686 3849 συμμορφωθῆναι
2719 3777 2798 3848 τῷ
2830 3776 3110 3846 ίνδὰλματι
3153 3775 3450 3846 ἐμπαθῶς,
3478 3774 3513 3844 ἢ
3549 3774 3773 3842 aposio-

2214 3871 2375 3941 λῆσαι
2406 3868 2659 3938 φιλικῶς,
2683 3867 2716 3938 ἢ
2748 3866 3051 3931 πολύνοιαν,
3072 3866 3107 3936 ἢ
3134 3864 3537 3933 συγκατάθεσιν
3562 3863 3771 3933 ποιῆσαι

2216 3963 2276 4026 ἐξ
2314 3955 2388 4016 ὧν
2420 3960 2879 4015 ἐπακολουθοῦσιν
2928 3960 3145 4032 ἀνάγκη
3176 3959 3283 4014 τινὶ
3441 3958 3680 4031 ημέοαις
3721 3954 3770 4009 σί

2215 4054 2431 4121 νύκτες,
2466 4053 2537 4109 τά
2564 4050 2779 4125 πονηρὰ
2801 4050 2960 4125 ἔργα.

2292 4233 2402 4304 μβι.
2448 4233 2509 4286 Et
2535 4206 2592 4285 si
2635 4228 2863 4302 ἄπειρός
2895 4229 3047 4282 ἐστιν
3083 4227 3112 4280 6
3143 4225 3270 4292 νοῦς
3309 4226 3472 4299 ἡμῶν
3500 4224 3771 4299 inpexas;

2216 4328 2453 4398 νήψεως,
2484 4325 2647 4387 εὐθὺς
2681 4322 2935 4394 μίγνυται
2962 4320 3041 4393 τῷ
3061 4318 3423 4391 φαντασθέντι
3445 4318 3598 4390 αύτῷ
3621 4322 3773 4389 ἐμπα-

2216 4417 2346 4480 θῶς,
2377 4412 2491 4469 οἷον
2522 4414 2588 4469 ἂν
2616 4412 2724 4484 εἴη,
2760 4411 2858 4465 καὶ
2877 4411 3207 4479 διαλέγεται,
3239 4409 3466 4473 πεύσεις
3497 4408 3772 4479 λαμϐάνων

2217 4508 2454 4571 ἀδίκους,
2488 4506 2585 4559 καὶ
2607 4503 2785 4568 διδοὺς
2812 4501 3152 4574 ἀποκρίσεις,
3187 4501 3283 4554 καὶ
3314 4500 3437 4554 τότε
3468 4492 3669 4571 ἀναμὶξ
3699 4499 3772 4568 γίο

2216 4616 2396 4653 νονται
2429 4599 2479 4651 oi
2510 4595 2767 4668 ἡμέτεροι
2822 4594 3078 4666 λογισμοὶ
3104 4596 3170 4665 τῇ
3208 4591 3559 4663 δαιμονιὼδει
3594 4610 3773 4661 φαντα-

2217 4692 2330 4758 σία,
2361 4688 2531 4758 αὐτῆς
2560 4686 2640 4741 ἔτι
2668 4685 2874 4756 μᾶλλον
2906 4682 3283 4754 αὐξανομένης
3302 4700 3363 4738 τε
3395 4684 3495 4737 καὶ
3526 4684 3772 4754 πληθύνο-

2218 4781 2408 4852 μένης,
2441 4779 2531 4833 ἵνα
2553 4776 2813 4850 ἐρασμία,
2844 4774 3022 4848 ὡραία
3053 4792 3114 4829 τε
3147 4776 3242 4829 καὶ
3269 4775 3587 4846 ἀρέσκουσα
3622 4793 3771 4829 κατα-

2216 4871 2477 4940 φαίνηται
2520 4867 2600 4939 τῷ
2649 4868 2993 4940 προσιεμένῳ
3043 4866 3129 4921 νοτ
3175 4867 3271 4920 καὶ
3311 4866 3664 4938 συλουμένῳ,
3696 4867 3771 4920 καὶ

2214 4962 2409 5015 ταυτὸν
2438 4962 2637 5030 πάσχει
2661 4960 2781 5013 τότε
2810 4962 2837 5013 6
2863 4956 3009 5026 νοῦς,
3040 4955 3150 5013 οἷον
3185 4961 3346 5031 εἴπερ
3377 4963 3525 5032 φανῇ
3552 4960 3695 5013 κύων
3723 4963 3768 5014 ἐν

2216 5052 2416 5124 πεδινῷ
2467 5052 2617 5122 τόπῳ
2665 5051 2793 5117 τινὶ,
2841 5050 2968 5103 ἔνθα
3015 5052 3112 5104 καὶ
3138 5051 3313 5123 ἄρνες
3361 5050 3603 5122 τύχωσιν
3642 5053 3771 5114 ὄντες

2214 5145 2413 5199 ἄκακοι
2445 5146 2537 5198 καὶ
2570 5145 2779 5214 μικροὶ,
2811 5143 2889 5215 τῷ
2917 5143 3135 5212 ὀφθέντι
3162 5145 3348 5207 αὐτοῖς
3371 5145 3773 5214 προστρέχουσιν

2214 5236 2288 5298 ὡς
2328 5235 2496 5307 μητρὶ
2537 5235 2644 5306 ἰδία
2690 5233 2973 5300 πολλάκις,
3021 5235 3189 5306 μηδὲν
3235 5236 3303 5291 ἐκ
3347 5235 3451 5304 τῆς
3494 5236 3590 5289 τοῦ
3632 5237 3771 5297 κυνὸς

2217 5329 2561 5398 πλησιάσεως
2618 5328 3011 5397 κερδαίνοντες,
3062 5327 3095 5399 ἦ
3145 5329 3307 5398 μόνον
3356 5329 3458 5399 τῆς
3499 5330 3595 5382 τοῦ
3633 5332 3773 5393 κύνες

2215 5420 2559 5491 ἀκαθαρσίας
2580 5420 2676 5473 καὶ
2716 5418 2980 5484 δυσωδίας
3003 5419 3523 5476 ἀντιλαϐέσθαι.Τὸν
3548 5423 3701 5474 αὑτὸν
3723 5421 3771 5472 δὲ

2213 5516 2434 5582 τρόπον,
2455 5515 2548 5567 καὶ⁹
2569 5514 2616 5566 οἱ
2634 5512 2892 5585 ἡμέτεροι
2908 5512 3157 5582 λογισμοὶ
3170 5512 3602 5584 προστρέχουσιν
3622 5516 3771 5567 άπαιο

2214 5608 2414 5671 δεύτως
2461 5608 2660 5670 πάσαις
2702 5608 2821 5671 ταῖς
2844 5607 3187 5678 δαιμονικτῖς
3225 5609 3285 5661 ἐν
3320 5607 3397 5680 νῷ
3440 5607 3767 5676 φαντασίαις,

2218 5700 2311 5754 καὶ
2352 5698 2572 5771 ἀναμὶξ,
2595 5699 2671 5763 ὠς
2709 5699 2866 5769 ἔφην,
2906 5699 3216 5771 γενόμενοιν
3248 5701 3397 5753 ἐστιν
3427 5701 3556 5754 ίδείν
3590 5700 3768 5760 αὐτοὺς

2217 5793 2381 5865 ἄμφω
2398 5791 2773 5865 καταστρέψαι
2806 5792 3164 5865 βουλομένους
3190 5790 3289 5864 τὴν
3328 5784 3482 5847 Ἰλίου
3512 5791 3677 5847 πόλιν.
3704 5793 3767 5854 ὡς
