4040 6412
203 344 340 409 1525

926 337 1024 397 DE
1058 332 1605 396 TEMPERANTIA
1645 329 1737 389 ET
1767 323 2125 385 VlllTUTE.
2164 346 2234 356 —
2261 315 2648 380 CENTURIA
2689 315 2770 373 ll.

3317 307 3452 373 1526

199 460 234 512 ὁ
268 452 628 523 ’Δγαμέμνων
651 465 710 502 τε
733 448 828 502 καὶ
857 446 1151 509 Μενέλαος.
1177 444 1332 497 υῦτω
1357 444 1465 512 γὰρ
1498 440 1594 494 καὶ
1624 430 1772 491 οῦτοι
1805 439 1822 494 1

1923 431 2057 486 lists:
2105 427 2350 490 fuerint,
2405 433 2466 479 ut
2507 423 2641 486 dixi,
2679 422 2864 476 videre
2921 421 3050 474 licet
3105 434 3199 475 eas
3240 421 3450 486 ambas,

201 547 486 619 βούλονται
523 545 551 595 ὃ
591 559 646 594 τι
695 541 774 594 δεῖ
811 538 1067 608 γενέσθαι
1110 538 1190 598 είς
1227 535 1388 606 ἔργον
1424 532 1654 600 ἀγαγεῖν
1686 526 1774 581 διά

203 639 299 696 τοῦ
341 637 594 709 σώματος
643 633 706 689 τὸ
758 634 960 705 ὡραῖον
1005 631 1190 692 αὐτοῖς
1241 629 1336 682 καὶ
1383 626 1482 695 ήδὺ
1532 622 1695 693 φανὲν
1719 619 1779 683 ἐξ

204 731 423 800 ἀπάτης
461 729 550 784 διὰ
600 730 701 800 τῆς
737 725 1022 797 δαιμονίας
1064 722 1312 790 είσϐολῆς
1336 736 1352 753 θ
1403 719 1498 773 καὶ
1535 716 1676 770 οὕτω
1713 714 1792 785 δή-

205 821 394 876 λοιπὺν
439 819 562 872 τότε
621 817 768 871 ἔνδον
819 813 1282 887 δημιουργοῦν-ται
1330 808 1401 863 τά
1449 808 1550 878 τῆς
1599 805 1779 876 ψυχῆς

209 913 481 984 πτώματα
505 929 520 942 ο
544 911 754 979 ἀνάγκη
776 909 832 962 δὲ
856 910 1042 962 ἔκτοτε
1067 905 1162 962 καὶ
1184 903 1341 968 ἐκτὸς
1364 899 1504 957 αὺτά
1526 897 1782 970 ἐκφέρειν

208 1006 288 1062 τὰι
308 1005 455 1060 ἔνδον
483 1005 580 1075 τῆς
613 1002 865 1075 καρδίας.

292 1268 403 1342 μτ’.
444 1265 681 1323 Εὖκσλον
722 1266 832 1338 γάρ
859 1280 913 1317 τι
954 1262 1047 1316 καὶ
1069 1261 1276 1317 ἄκακον
1316 1258 1550 1330 πρᾶγμα
1584 1254 1614 1308 ό
1641 1251 1786 1318 νοῦς,

217 1364 417 1436 ῥαδίως
450 1359 830 1414 ἐπακολουθῶν
858 1359 970 1421 τοῖς
1001 1354 1374 1426 φαντάσμασι,
1405 1352 1500 1405 καὶ
1533 1347 1666 1420 πρὸς
1693 1347 1789 1409 τὰς

213 1457 452 1527 ἀνόμους
483 1452 787 1522 φαντασίας
812 1449 1200 1513 δυσκάθεκτον,
1229 1447 1278 1499 εί
1305 1443 1380 1516 μὴ
1407 1443 1521 1512 ἔχοι
1554 1438 1785 1494 κωλύονο

216 1566 287 1602 τα
337 1547 499 1601 αὑτὸν
529 1545 772 1609 ἀεννάως
803 1543 896 1597 καὶ
933 1538 1257 1613 χαλινοῦντα
1286 1537 1377 1590 τὸν
1417 1533 1794 1604 αὐτοκράτορα

219 1640 412 1694 παθῶν
445 1636 746 1710 λογισμῶν.
1335 1643 1345 1646 ’

1877 519 2301 592 Agamemnonis
2334 526 2390 573 et
2421 514 2654 571 Menelai
2708 527 2882 579 more,
2935 511 3155 581 Troiam
3201 520 3449 567 evertere

1877 613 2043 667 velle:
2061 612 2133 666 ita
2151 624 2208 665 et
2222 611 2304 665 ha:
2320 615 2605 679 expetunt,
2620 605 2672 660 id
2689 603 2832 674 quod
2853 602 3150 674 gerendum
3166 611 3270 668 est,
3292 603 3457 658 mini-

1879 705 2045 760 sterio
2059 703 2301 774 corporis
2321 701 2386 756 ad
2400 700 2652 756 effectum
2670 696 2989 768 perducere,
3001 696 3153 766 juxta
3170 695 3298 750 illud
3314 698 3456 764 quod

1881 798 1984 854 sibi
2017 813 2129 868 prae
2155 794 2465 852 dilectionis
2500 791 2699 847 aerctu
2729 805 2798 844 ex
2827 789 3170 860 suggestione
3196 787 3460 842 diabolica

1887 890 2192 946 formosum
2219 897 2274 944 et
2295 901 2464 942 suave
2493 884 2674 940 visum
2701 881 2898 936 fuerit:
2935 888 2990 934 et
3025 879 3102 936 sic
3119 887 3236 934 tum
3264 878 3462 933 animae

1887 983 2083 1038 delicta
2111 982 2414 1038 moliuntur
2444 979 2611 1043 intus,
2643 974 2790 1046 quod
2821 973 3089 1042 reliquum
3115 985 3218 1036 est,
3269 986 3461 1025 verum

1889 1090 2117 1131 necesse
2145 1081 2252 1141 est,
2298 1071 2492 1128 eodem
2539 1075 2820 1124 momento
2861 1064 3123 1120 interiora
3167 1061 3349 1120 cordis
3394 1061 3464 1117 ab

1890 1167 1996 1222 illis
2016 1165 2270 1222 educere.

1961 1257 2050 1312 43.
2093 1256 2322 1311 Animus
2351 1252 2499 1308 enim
2530 1259 2614 1307 est
2639 1248 2918 1321 quidpiam
2950 1246 3176 1317 simplex
3204 1254 3259 1300 et
3302 1245 3463 1298 inno-

1893 1348 2079 1403 xium:
2145 1348 2239 1417 qui
2300 1346 2458 1400 facile
2513 1352 2754 1398 sectatur
2799 1339 3246 1412 imagina‘tiones,
3297 1346 3350 1392 et
3398 1337 3466 1390 ab

1895 1439 2246 1496 illusionibus
2268 1435 2521 1507 malignis
2545 1450 2687 1504 aegre
2719 1449 2779 1487 se
2811 1431 3082 1494 continet,
3117 1429 3221 1483 nisi
3248 1428 3468 1482 habue-

1897 1531 1990 1592 rit,
2023 1530 2115 1598 qui
2135 1543 2260 1584 eum
2287 1534 2557 1598 perpetuo
2595 1531 2864 1588 coerceat,
2897 1531 2952 1576 et
2984 1520 3222 1575 refrenet
3274 1518 3468 1572 anima:

1897 1624 2232 1686 facultatem,
2277 1635 2399 1690 qua:
2448 1617 2590 1673 solet
2640 1617 2913 1686 imperare
2943 1609 3363 1684 cogitationibus
3417 1617 3471 1663 et

1898 1714 2300 1771 affectionibus.

300 1820 403 1890 μδ’.
458 1818 673 1889 Θεωρία
724 1816 820 1870 καὶ
872 1813 1096 1884 γνῶσις,
1149 1809 1334 1880 ὁδηγοὶ
1372 1802 1636 1876 ἀκριϐοῦς
1680 1801 1795 1872 βίου

1972 1809 2060 1861 44.
2099 1801 2496 1872 Contemplatio
2545 1808 2600 1854 et
2627 1796 2866 1867 cognitio
2896 1803 3094 1849 natura
3125 1793 3304 1848 solent
3350 1805 3472 1843 esse

224 1919 322 1970 καὶ
364 1916 613 1987 πρόξενοι
649 1910 926 1983 πεφύκασι
955 1906 1210 1979 γενέσθαι
1233 1920 1249 1938 ’
1297 1903 1384 1956 διὰ
1412 1902 1506 1966 τὸ,
1551 1899 1650 1970 τὴν
1693 1898 1800 1950 διάο

223 2024 377 2062 νοιαν
405 2005 736 2076 ἐπαρθεῖσαν
760 2001 966 2056 τούτων
991 2040 1008 2067 ,
1034 2000 1115 2063 εἰς
1144 1995 1558 2067 καταφρόνησιν
1592 1990 1799 2060 φθάσαι

227 2099 340 2150 τῶν
362 2097 562 2168 ἡδονῶν
592 2097 686 2149 καὶ
709 2094 818 2148 τῶν
855 2093 1030 2148 ἄλλων
1056 2089 1336 2162 αἰσθητῶν
1377 2086 1476 2141 καὶ
1503 2085 1675 2156 ἡδέων
1701 2083 1797 2136 τοῦ

230 2190 374 2260 βίου,
400 2188 474 2252 ὡς
508 2187 762 2241 εὐτελῶν.

311 2287 415 2352 με’.
441 2281 562 2345 Βίος
583 2279 641 2334 δὲ
675 2275 1033 2351 προσεκτικδς
1064 2274 1121 2328 ἔν
1145 2268 1368 2343 Χριστῷ
1404 2265 1583 2339 Ἰησοῦ
1609 2282 1807 2335 κατ-ορ⁶

231 2374 519 2444 θούμενος,
551 2372 731 2443 πατὴρ
759 2372 972 2440 γίνεται
1003 2368 1104 2438 τῆς
1155 2364 1385 2435 θεωρίας
1414 2362 1507 2416 καὶ
1532 2359 1807 2428 γνώσεως.

236 2465 407 2520 Πάλιν
457 2465 734 2536 γεννήτωρ
775 2480 835 2516 τε
869 2460 1186 2521 ἀναϐάσεως
1225 2456 1386 2510 θείων
1411 2497 1426 2522 ,
1459 2454 1554 2507 καὶ
1587 2449 1810 2506 ἐννοιῶν

237 2559 567 2628 σοφωτάτων
610 2556 908 2628 ἀρμοσθεὶς
952 2552 1168 2621 συζύγῳ
1219 2551 1306 2620 τῇΔ
1335 2545 1692 2608 ταπεινώσει,
1738 2545 1812 2605 ὥς

238 2654 647 2724 φησὶνἮσαῖας
671 2655 699 2706 ὁ
737 2653 878 2715 θεῖος
905 2650 1192 2721 προφήτης
1212 2647 1306 2699 ’οί
1335 2645 1443 2715 γὰρ
1482 2640 1812 2709 ὑπομένον-

240 2767 343 2815 τες
373 2750 480 2803 τὸν
505 2750 726 2816 Κύριον
746 2788 761 2811 ,
807 2743 1190 2807 ἀλλὰξουσιν
1223 2736 1408 2806 ἰσχὺν
1430 2774 1444 2795 ,
1485 2731 1817 2804 πτεροϐολήο

242 2863 400 2900 σουσι
431 2846 524 2898 καὶ
559 2840 998 2910 πετασθήσονται
1025 2834 1114 2887 διὰ
1144 2830 1374 2900 Κυρίου,
1413 2825 1569 2897 φησί.

324 3029 444 3094 μς⁹.
484 3017 726 3090 Σκληρδν
765 3014 857 3069 καὶ
894 3010 1130 3084 χαλεπὸν
1159 3009 1269 3070 τοῖς
1315 3002 1624 3073 ἀνθρώποις
1650 3017 1820 3054 κατα-

1901 1900 2070 1955 duces
2099 1906 2157 1952 et
2175 1904 2428 1950 auctores
2458 1898 2661 1946 exactae
2678 1888 2840 1943 vitaz:
2869 1885 3127 1955 quoniam
3153 1884 3348 1938 harum
3373 1898 3474 1950 ope

1902 1990 2180 2047 extollitur
2201 1987 2441 2049 animus,
2469 1992 2530 2038 ut
2555 1983 2608 2036 in
2635 1981 2828 2053 primis
2856 1986 3170 2035 contemnat
3214 1975 3477 2043 volupta-

1906 2094 2006 2151 tes,
2034 2081 2208 2136 etalia
2241 2092 2465 2134 sensum
2494 2073 2848 2137 oblectantia,
2884 2080 3139 2140 tanquam
3168 2067 3324 2121 levia.

1976 2257 2065 2313 45.
2108 2252 2341 2310 Vivendi
2400 2249 2597 2306 modus
2657 2246 2742 2304 sui
2809 2242 3342 2306 observantissimus,
3388 2240 3479 2310 qui

1909 2349 2159 2420 dirigitur
2188 2363 2253 2400 ex
2271 2342 2541 2400 sententia
2557 2340 2686 2396 Jesu
2712 2337 2944 2403 Christi,
3003 2332 3482 2404 contemplationis

1912 2453 1968 2497 et
2021 2437 2350 2510 cognitionis
2409 2443 2566 2505 pater
2610 2430 2864 2490 efﬁcitur,
2916 2434 2972 2480 et
3033 2439 3222 2479 rursus
3274 2421 3486 2493 genitor

1915 2528 2298 2585 ascensionum
2327 2523 2660 2583 divinarum,
2685 2535 2748 2573 ac
2770 2518 3053 2572 doctarum
3075 2511 3482 2584 cogitationum,

1917 2623 1963 2678 si
2001 2620 2169 2677 fuerit
2214 2615 2512 2674 humilitati
2559 2610 2778 2681 coniugi
2840 2608 3147 2677 adoptatus,
3215 2611 3272 2656 ut
3314 2599 3490 2669 inquit

1917 2718 2186 2788 propheta
2218 2711 2438 2768 divinus
2490 2707 2657 2763 Isaias
2689 2723 2703 2760 :
2741 2704 2845 2770 Qui
2892 2700 3146 2756 sustinent
3181 2695 3486 2754 Dominum,

1920 2809 2199 2864 mutabunt
2245 2799 2670 2876 fortitudinem”
2698 2816 2711 2852 :
2742 2803 2798 2851 et
2836 2794 2959 2848 alati
2994 2791 3273 2853 volabunt,
3302 2795 3355 2840 et
3391 2800 3490 2840 ex-

1921 2900 2230 2972 pandentur
2257 2911 2288 2949 a
2313 2892 2565 2952 Domino,
2608 2889 2699 2942 ait.

1993 2993 2084 3049 46.
2125 2990 2330 3045 Durum
2361 3001 2426 3042 ac
2461 2983 2682 3044 difficile
2734 2980 2950 3036 videtur
2982 2973 3318 3037 hominibus,
3376 2969 3494 3023 ani-

245 3063 502 3184 φαιίνέται
526 3111 589 3164 τὸ
616 3063 865 3179 ῖυχικῶς
892 3063 1183 3175 ήσυχάζειν
1210 3063 1317 3152 ἀπὸ
1351 3063 1548 3157 παντὸς
1581 3063 1820 3158 διαλογι-

1926 3103 2074 3145 mum
2097 3085 2298 3142 habere
2321 3097 2483 3152 posse
2523 3076 2871 3147 tranquillum
2913 3073 2981 3126 ab
3009 3068 3158 3124 omni
3209 3063 3495 3135 cogitatio-

2102 3179 2137 3184 υ
2335 3175 2346 3184 ·
2512 3172 2572 3184 ’κ
2692 3178 2703 3184 -
2851 3181 2863 3184 Α
2905 3163 3130 3184 -_J----....
3180 3168 3227 3184 ,ι
3263 3155 3495 3184 rutunda;

248 3181 415 3275 σμοῦ.
450 3203 560 3257 Καὶ
585 3201 736 3253 ἔστιν
766 3198 874 3268 ἀρα
902 3195 977 3256 ὡς
1000 3189 1214 3263 ἀληθῶς
1243 3187 1479 3258 ἐργῶδες
1509 3185 1604 3238 καὶ
1633 3181 1822 3234 ἐπίπο-

247 3272 376 3353 νονο
402 3294 460 3348 ού
491 3293 599 3362 γὰρ
632 3291 815 3362 μόνοις
846 3285 1082 3355 ἐπαχθὲς
1112 3286 1225 3346 τοῖς
1253 3281 1518 3350 ἀμυήτοις
1551 3275 1643 3328 τοῦ
1673 3272 1825 3326 πολέ-

253 3406 363 3461 μου
389 3387 450 3440 τὸ
484 3385 781 3455 ἀσώματον
831 3385 888 3436 ἔν
922 3378 1221 3451 σωματικῷ
1260 3373 1595 3447 περικλείειν
1633 3387 1693 3423 τε
1733 3370 1827 3422 καὶ⁸

253 3479 615 3551 περιορίζειν,
642 3477 778 3532 ἀλλά
806 3477 903 3528 καὶ
929 3478 1041 3537 τοῖς
1068 3473 1264 3543 πεῖραν
1289 3467 1536 3539 εἰληφόσι
1559 3465 1658 3535 τῆς
1682 3462 1828 3515 ἔνδον

251 3575 426 3629 ἀΰλου
457 3572 657 3643 μάχης.
696 3569 754 3622 '0
780 3568 838 3622 δὲ
870 3567 1073 3638 Κύριον
1111 3563 1320 3633 Ἰησοῦν
1341 3561 1430 3614 διὰ
1459 3554 1717 3626 συνεχοῦς
1744 3553 1833 3606 εὐ-

253 3667 359 3738 χῆς
389 3662 892 3735 ὲνστερνισάμενος,
919 3660 979 3711 οὐ
1006 3655 1260 3711 κοπιάσει
1291 3647 1706 3706 κατακολουθῶν
1736 3645 1833 3698 αύ-

251 3737 359 3827 τῷ,
415 3755 558 3810 κατά
588 3753 680 3808 τὸν
726 3752 1058 3821 Προφήτην,
1094 3748 1188 3801 καὶ
1225 3744 1437 3815 ἡμέραν
1484 3737 1773 3810 ἀνθρώπου
1805 3737 1834 3788 ὁ

253 3849 501 3911 τοιοῦτος
526 3848 626 3900 οὐκ
654 3844 990 3913 ἐπιθυμήσει
1015 3841 1105 3895 διὰ
1123 3839 1224 3908 τὴν
1247 3835 1558 3906 ὡραιότητα
1587 3832 1683 3884 καὶ
1706 3829 1836 3898 γλυ-

257 3943 472 4012 κύτητα
519 3937 731 4010 Ἰησοῦ,
770 3938 874 3990 -καὶ
921 3935 1049 3996 τοὺς
1088 3930 1273 3998 κύκλῳ
1316 3926 1531 3988 ἀσεϐεῖς
1575 3921 1836 3990 δαίμονας

259 4029 703 4101 περιπατοῦντας
723 4026 848 4089 τοὺς
868 4023 961 4095 ὲχο
971 4025 1094 4095 ρους
1121 4017 1286 4073 αὑτοῦ
1310 4011 1837 4084 καταισχυνθήσεται

261 4123 443 4178 λαλῶν
464 4121 647 4181 αὐτοῖς
667 4120 723 4170 ὲν
745 4116 942 4179 πύλαις
969 4111 1216 4184 καρείας,
1244 4108 1340 4162 καὶ
1364 4106 1449 4159 διά
1479 4101 1675 4174 Ἰησοῦ,
1699 4098 1842 4154 κατά

261 4217 453 4271 νώτων
481 4214 714 4269 διώκων.

346 4307 454 4378 με’.
491 4305 807 4360 Ἀναπτᾰσα
837 4298 986 4370 ψυχὴ
1017 4295 1104 4350 διὰ
1136 4292 1368 4346 θανάτου
1397 4291 1454 4343 ὲν
1477 4286 1601 4357 ἀέρι
1628 4286 1685 4337 ὲν
1734 4280 1842 4335 πύ-

264 4372 408 4466 λαίςγ
435 4397 734 4470 οὐρανίαις,
799 4391 917 4464 μεθ’
975 4387 1174 4455 ἑαυτῆς
1221 4383 1367 4451 ὑπὲρ
1420 4380 1587 4448 αὐτῆς
1639 4372 1844 4444 Ἰησοῦν

1928 3197 2061 3237 num
2087 3175 2482 3248 disputatione.
2512 3172 2580 3226 Et
2626 3178 2710 3223 est
2740 3181 2871 3222 sane
2901 3163 3134 3218 arduum
3178 3168 3232 3214 et
3262 3155 3499 3210 laborio-

1927 3289 2082 3329 sum:
2137 3269 2264 3340 quia
2294 3281 2408 3322 non
2441 3265 2528 3319 his
2574 3261 2705 3317 solis
2755 3270 3073 3317 onerosum,
3114 3251 3206 3321 qui
3258 3249 3499 3303 nondum

1928 3361 2122 3418 initiati
2193 3359 2354 3423 bello,
2430 3356 2811 3422 incorporeum
2887 3344 3140 3399 nesciunt
3211 3336 3494 3394 includere

1929 3468 2160 3525 corpore
2179 3459 2234 3506 et
2257 3445 2733 3505 circumscribere,
2764 3439 2858 3495 sed
2876 3437 3040 3492 etiam
3064 3433 3129 3488 iis
3154 3431 3246 3500 qui
3268 3443 3501 3499 pugnam

1933 3545 2246 3601 intestinam
2283 3549 2339 3596 et
2388 3540 2765 3606 incorpoream
2799 3525 3179 3596 suntexperti.
3215 3522 3318 3588 Qui
3378 3534 3526 3581 vero

1932 3640 2196 3695 continua
2232 3633 2548 3705 precatione
2570 3637 2682 3684 toto
2710 3632 2927 3696 pectore
2959 3619 3146 3675 Jesum
3195 3612 3508 3683 complexus

1935 3729 2123 3792 fuerit,
2158 3701 2269 3782 non
2304 3721 2574 3779 laborabit
2627 3729 2864 3786 sequens
2909 3711 3082 3775 illum,
3153 3715 3214 3760 ut
3249 3705 3325 3759 ait
3373 3701 3507 3756 P-ro-

1936 3823 2122 3891 pheta.
2179 3816 2436 3885 ldemque
2503 3821 2699 3881 captus
2753 3807 2991 3866 decore,
3034 3797 3401 3856 oblectatione
3454 3801 3511 3846 et

1937 3911 2214 3968 suavitate
2241 3883 2394 3971 .lesu,
2437 3918 2548 3958 non
2575 3906 2796 3971 expetet
2825 3897 2966 3952 diem
3012 3892 3314 3949 humanum
3362 3901 3376 3939 :
3407 3883 3510 3938 ho.—

1937 4014 2163 4073 stesque
2180 4014 2330 4065 suos,
2351 3995 2545 4066 impios
2574 3993 2851 4048 daemones
2868 3987 2924 4041 in
2956 3981 3190 4043 circuitu
3227 3973 3512 4040 ambulan-

1942 4106 2048 4160 tes,
2068 4109 2179 4150 non
2203 4091 2542 4152 extimescet,
2556 4085 2839 4152 alloquens
2855 4091 2948 4132 eos
2966 4090 3062 4145 pro
3081 4071 3287 4127 foribus
3309 4065 3509 4128 cordis,

1941 4198 2016 4251 et,
2047 4183 2352 4256 Opitulante
2379 4178 2533 4241 Jesu,
2566 4172 2844 4243 expellens
2869 4183 2965 4222 eos
2993 4181 3022 4218 a
3058 4171 3237 4231 terget

2013 4248 2102 4332 4'1:
2143 4275 2341 4329 Anima
2363 4264 2486 4343 qua:
2531 4282 2629 4338 per
2659 4262 2870 4319 obitum
2931 4256 3111 4311 evolat
3155 4254 3210 4307 in
3263 4265 3392 4306 aere
3443 4248 3511 4302 ad

1944 4377 2127 4440 portas
2149 4341 2417 4429 caelestes,
2455 4373 2642 4417 secum
2669 4364 2727 4411 et
2760 4363 3013 4420 suprase
3055 4344 3244 4400 Iesum
3280 4341 3512 4403 habens,

268 4436 391 4466 'WW‘I
435 4436 734 4470 ννγυυηνηνν
799 4436 896 4464 rw-
976 4436 1172 4455 '“"'|v
1233 4436 1240 4437 κ
1339 4436 1349 4451 ,
1546 4436 1584 4448 ,-
1702 4436 1716 4444 ,

267 4495 492 4566 ἔχουσα,
508 4489 619 4545 οὔτ’
649 4490 761 4543 ἐκεῖ
783 4486 908 4548 τοὺς
940 4481 1166 4553 ἐχθροὺς
1193 4476 1358 4531 αὑτοῦ
1388 4471 1809 4542 αἰσχυνθήσεται

1952 4463 2136 4517 hostes
2165 4474 2293 4515 suos
2323 4457 2432 4511 illic
2468 4469 2577 4509 non
2608 4449 2994 4507 exhorrescet:
3027 4437 3122 4493 sed
3156 4436 3408 4496 fidenter,
3461 4439 3523 4484 ut

2173 4551 2203 4566 "
2305 4558 2441 4566 ί--μμ
2469 4554 2597 4566 -----
2641 4557 2728 4566 ιιιυι
2755 4552 2853 4566 am.
2885 4533 3093 4566 rnr;'\llc
3162 4528 3323 4566 mndn
3353 4540 3421 4566 ιιρ
3455 4525 3519 4566 ml

271 4559 414 4640 ἀλλά
461 4580 749 4652 παρρησίᾳ
777 4577 850 4641 ὼς
879 4575 973 4628 νῦν
1015 4573 1110 4627 καὶ
1141 4569 1262 4625 τότε
1288 4567 1514 4637 λαλήσει
1560 4564 1618 4616 ὲν
1650 4559 1843 4619 πύλαις

276 4678 420 4749 πρὸς
451 4674 669 4735 αὐτοὺς,
705 4670 864 4742 μόνον
897 4667 1005 4731 ἔως
1035 4664 1214 4732 ἐξόδου
1245 4657 1410 4716 αὑτοῦ
1445 4658 1522 4730 μὴ
1561 4653 1845 4723 ἔκκακήσῃ

280 4741 412 4840 βοᾷν
442 4764 578 4836 πρὸς
611 4741 847 4834 Χριστὸν
887 4754 1093 4828 Ἰησοῦν
1128 4752 1343 4826 ἡμέρας
1370 4749 1466 4803 καὶ
1488 4744 1705 4807 νυκτός.
1735 4741 1848 4795 Καὶ

275 4859 442 4921 αὐτὸς
475 4853 644 4910 ποιῶν
677 4852 898 4924 ποιήσει
924 4847 1025 4920 τὴν
1061 4846 1338 4915 ἐκδίκησιν
1365 4838 1532 4895 αὑτοῦ
1564 4839 1623 4890 ὲν
1652 4836 1808 4906 τάχει
1830 4875 1846 4901 ,

281 4951 426 5007 κατά
475 4950 574 5020 τήν
614 4945 821 5018 ἀψευδῆ
871 4940 1035 4998 αὐτοῦ
1073 4939 1172 4994 καὶ
1220 4937 1372 4991 θείαν
1419 4933 1736 5001 ὑπόσχεσιν,
1778 4929 1846 4997 ἢν

281 5045 389 5114 ἔφη
435 5019 565 5113 περί⁸
588 5039 683 5095 τοῦ
713 5036 900 5110 κριτοῦ
929 5037 1029 5106 τῆς
1058 5031 1271 5093 ἀδικίας
1293 5046 1309 5062 ·
1340 5025 1479 5092 Ναὶ,
1504 5022 1660 5093 λέγω
1690 5019 1852 5089 ὑμῖν,

284 5136 528 5207 ποιήσει
552 5133 668 5204 τὴν
698 5131 1012 5197 ἐκδίκησιν
1055 5126 1127 5180 ἐν
1173 5120 1362 5191 τάχει,
1408 5118 1504 5173 καὶ
1557 5118 1615 5169 ὲν
1649 5115 1762 5184 ζωῇ
1790 5114 1857 5183 τῇ

286 5229 561 5302 παρούσῃ,
595 5224 735 5297 μετά
761 5222 860 5294 τὴν
883 5223 947 5275 ὲκ
970 5218 1065 5273 τοῦ
1097 5215 1348 5286 σώματος
1375 5209 1539 5265 αὑτοῦ
1563 5207 1760 5275 ἔξοδον.

363 5298 476 5393 μη’.
506 5298 619 5391 τὴν
644 5316 842 5388 νοητὴν
868 5313 1148 5367 θάλασσαν
1181 5307 1385 5371 πλέων,
1416 5303 1609 5376 θάρρει
1634 5298 1712 5370 τῷ
1758 5299 1858 5367 ’1η-

291 5390 386 5470 σοιῦ
424 5390 436 5447 λ
477 5390 648 5483 φωνεῖ
682 5409 793 5481 γὰρ
830 5407 978 5461 ἔνδον
1014 5407 1072 5459 ὲν
1106 5404 1174 5473 τῇ
1207 5403 1274 5471 σῇ
1310 5396 1511 5468 καρδίᾳ
1559 5390 1856 5464 μυστικῶς,

290 5503 382 5566 τὸ,
412 5481 502 5571 Μή
527 5498 718 5568 φοϐοῦ,
742 5499 872 5560 παῖς
901 5512 1001 5565 μου
1031 5491 1248 5555 Ἰακὼϐ,
1276 5485 1552 5557 ὀλιγοστὸς
1608 5481 1858 5554 Ἰσραήλο

296 5596 374 5669 μὴ
404 5594 592 5666 φοϐοῦ,
615 5591 830 5660 σκώληξ
864 5586 1100 5658 Ἰσραὴλ,
1119 5582 1229 5651 ἐγὼ
1267 5579 1627 5654 ὑπερασπίζω
1655 5595 1767 5633 σου.
1803 5575 1863 5627 ΕΞ

367 5778 414 5811 τ’
450 5775 549 5831 lsa.
577 5774 769 5842 xn,5l.
847 5771 891 5803 ’⁸
926 5769 1051 5823 Luc.
1083 5781 1240 5829 xviii,
1270 5767 1320 5818 8.

1951 4570 2120 4620 nunc,
2139 4551 2442 4621 alloquetur
2469 4554 2601 4600 tunc
2637 4557 2731 4596 eos
2755 4552 2854 4608 pro
2885 4533 3116 4596 foribus,
3162 4528 3323 4583 modo
3353 4540 3422 4580 ne
3454 4525 3521 4578 ad

1954 4647 2246 4702 decessum
2301 4653 2478 4710 usque
2539 4649 2700 4690 suum
2747 4629 3042 4699 fatigetur,
3089 4621 3182 4676 diu
3253 4626 3525 4686 noctuque

1955 4735 2265 4803 clamando,
2298 4706 2486 4788 Iesum
2514 4725 2794 4783 Christum
2845 4720 3126 4774 invocare.
3181 4709 3284 4775 Qui
3337 4706 3526 4778 procul

1957 4833 2127 4892 dubio
2148 4798 2551 4902 quamprimum
2574 4818 2868 4874 ulciscetur
2899 4811 2968 4866 de
2988 4807 3088 4868 eis,
3110 4805 3260 4873 juxta
3289 4798 3524 4854 divinam

1959 4933 2016 4981 et
2063 4887 2584 4978 minimedallacem
2629 4907 2750 4978 ejus
2794 4897 3248 4975 promissionem,
3301 4902 3408 4958 qua
3459 4887 3530 4942 de

1950 5016 2136 5089 judice
2177 5010 2370 5080 iniquo
2414 5003 2571 5066 dixit,
2631 4999 2796 5053 Amen
2848 4994 2964 5048 dico
3019 4985 3192 5045 vobis,
3229 4981 3330 5034 cito
3374 4977 3530 5049 faciet

1956 5068 2247 5165 bindictam
2264 5068 2346 5155 ί⁶ε
2380 5107 2491 5154 tam
2531 5096 2587 5150 in
2618 5093 2723 5148 hac
2748 5087 2858 5142 vita
2884 5096 3049 5154 quam
3083 5083 3207 5149 post
3255 5068 3534 5128 decessio-

1960 5215 2087 5257 nem
2118 5198 2238 5268 ejus
2260 5209 2292 5250 e
2316 5204 2568 5260 corpore.

2035 5251 2432 5358 iiii-'Spiritale-
2457 5292 2606 5334 mare
2635 5269 2937 5344 trajiciens,
2978 5257 3198 5326 confide
3219 5256 3272 5310 in
3323 5251 3533 5358 Jesnm.

1967 5386 2123 5442 Intus
2169 5342 2317 5438 enim
2373 5374 2599 5448 mystice
2633 5342 2791 5428 sonat
2820 5360 2953 5418 illud
2976 5359 3030 5412 in
3066 5352 3232 5411 corde
3280 5357 3373 5403 tuo
3406 5362 3421 5400 :
3459 5342 3536 5396 Ne

1967 5478 2186 5538 timeas,
2217 5485 2356 5543 puer
2385 5444 2461 5522 mi
2487 5462 2682 5525 Iacob,
2728 5452 2925 5528 pusille
2956 5445 3123 5504 Israel
3149 5461 3163 5496 :
3197 5455 3266 5493 ne
3305 5444 3536 5494 metuas,

1971 5567 2172 5626 vermis
2200 5563 2396 5619 lsracl:
2433 5573 2531 5629 ego
2563 5570 2660 5627 pro
2693 5561 2744 5606 tc
2772 5542 3045 5618 pugnabo.
3093 5534 3147 5590 Si
3190 5531 3350 5604 igitur
3400 5525 3542 5579 Deus
