4040 6436
539 332 671 397 1527

1722 327 2083 390 HESYCHII
2124 327 2596 388 PRESBYTERI

3676 327 3700 393 l
3710 331 3819 394 558

538 462 635 516 pro
664 442 842 503 nobis,
863 441 988 511 quis
1014 438 1286 510 malignus
1306 445 1495 491 contra
1515 434 1653 491 nos?
1677 433 1838 498 Deus,
1865 435 2104 505 inquam,

2213 430 2305 488 οὖν
2327 435 2356 489 ὁ
2375 433 2511 499 Θεὸς
2539 433 2682 506 ὐπὶρ
2706 435 2888 506 ἡμῶν,
2909 435 2994 501 τίς
3018 436 3255 507 πονηρὸς
3280 437 3406 491 καθ’
3430 438 3595 509 ἡμῶν
3622 456 3639 502 ;
3671 441 3731 502 ὃς
3751 458 3814 506 γι

536 539 627 607 qui
662 538 854 591 beatus
909 533 1048 588 dixit
1094 529 1330 585 mundos
1371 528 1558 591 corde,
1594 536 1650 580 et
1691 526 1809 597 lege
1854 526 2108 587 sancivit,

539 632 593 683 in
624 628 845 685 rutundis
877 626 1134 681 cordibus
1171 623 1388 678 dulcem
1415 620 1607 676 Iesum
1657 634 1795 690 pure
1845 620 2021 675 solum
2057 628 2111 674 et

538 723 806 778 divinitus
834 719 1092 775 incedere
1110 727 1168 772 et
1195 716 1500 773 inhabitare
1532 714 1715 769 velle?
1744 714 2109 784 Quapropter,

541 825 601 870 ut
629 816 851 870 divinus
894 808 1105 867 ‘Paulus
1150 809 1309 875 ait",
1362 808 1441 863 Nc
1488 808 1809 863 desinamus
1855 821 2112 863 exercere

542 910 782 964 animum
813 907 880 962 ad
911 907 1187 976 pietatem.
1239 902 1318 959 Re
1357 902 1502 958 enim
1533 916 1663 956 vera
1693 900 1870 970 pietas
1916 898 2113 953 merito

543 1003 782 1057 radicata
805 1009 1052 1065 est,qute
1078 995 1288 1053 semina
1325 993 1549 1066 maligni
1608 990 1870 1046 radicitus
1906 989 2112 1044 evellit.

544 1095 661 1164 Ipsa
719 1093 893 1163 pietas
939 1100 1025 1146 est
1072 1089 1158 1143 via
1202 1086 1449 1151 rationis,
1508 1087 1613 1141 hoc
1659 1094 1765 1149 est,
1831 1082 2115 1138 rationalis

544 1184 825 1239 facultatis
848 1183 963 1238 sive
1004 1179 1433 1236 ratiocinationis
1474 1178 1582 1232 via.
1633 1174 1766 1230 Nam
1813 1175 2114 1231 secundum

548 1278 937 1347 proprietatem
980 1275 1175 1345 linguze
1228 1273 1450 1336 Graecae,
1506 1271 1590 1325 via
1617 1270 1814 1325 dicitur
1864 1263 2019 1337 οἶμος
2062 1276 2116 1322 et

546 1370 823 1438 κέλευθος,
861 1368 1006 1442 quod
1036 1376 1121 1421 est
1144 1365 1509 1420 ratiocinatio.

620 1463 701 1518 49.
745 1460 967 1515 Davidis
989 1458 1284 1517 sententia.
1322 1455 1675 1511 Delectabitur
1700 1455 1756 1507 in
1782 1450 2118 1505 multitudine

546 1553 691 1620 pacis
710 1551 777 1615 ’⁸,
807 1549 853 1604 is
880 1547 970 1618 qui
995 1562 1108 1601 non
1130 1545 1326 1615 accipit
1355 1557 1644 1613 personam
1694 1540 1955 1604 hominis,
2014 1554 2116 1593 nec

547 1644 749 1713 injuste
767 1640 981 1712 judicat
1012 1639 1063 1691 in
1100 1638 1266 1692 corde
1313 1636 1475 1690 :sive
1528 1634 1733 1688 formas
1778 1648 1810 1686 a
1865 1631 2116 1701 malignis

546 1733 833 1805 spiritibus
896 1731 1109 1785 oblatas
1171 1744 1282 1781 non
1327 1726 1591 1795 suscipit,
1644 1722 1789 1778 unde
1845 1723 2116 1791 concipiat

547 1835 863 1897 peceatum:
892 1838 996 1878 nec
1024 1821 1164 1876 male
1196 1818 1366 1874 sentit
1386 1827 1477 1872 aut
1505 1818 1715 1888 judicat
1738 1816 1795 1869 in
1823 1824 1963 1870 terra
1991 1830 2112 1869 cer-

545 1920 632 1975 dis
657 1917 764 1981 sui,
789 1931 913 1972 cum
942 1916 1084 1985 iusta
1138 1912 1398 1981 rependat
1430 1919 1671 1979 peccato.
1706 1906 1915 1962 Summi
1965 1906 2110 1961 enim

543 2021 601 2067 et
630 2010 774 2066 docti
805 2008 993 2064 Patres
1036 2008 1093 2061 in
1143 2004 1429 2075 scripturis
1476 2002 1589 2057 suis
1618 2002 1769 2071 ipsos
1814 2000 2111 2064 daemonas,

544 2105 616 2157 ob
643 2099 998 2156 serendarum
1013 2096 1399 2167 cegitationum
1420 2094 1553 2157 vim,
1580 2098 1913 2146 vocaverunt
1940 2090 2113 2144 homi-

545 2210 664 2250 nes.
683 2191 852 2261 Cujus
883 2188 1096 2261 generis
1124 2197 1207 2241 est
1234 2184 1607 2255 Evangelium,
1636 2184 1688 2237 in
1713 2200 1822 2253 quo
1848 2182 2112 2238 Dominus

542 2288 620 2341 ait
651 2306 664 2340 :
696 2284 949 2339 Inimicus
965 2283 1117 2335 homo
1142 2282 1235 2332 hoc
1257 2279 1375 2348 {erit
1396 2278 1473 2342 9°;
1507 2285 1562 2330 et
1589 2276 1766 2331 tritico
1794 2277 2112 2345 permiscuit

543 2378 771 2437 zizania.
799 2375 863 2429 Et
912 2374 1036 2443 quia
1084 2372 1280 2427 talibus
1335 2368 1631 2438 nequitiam
1672 2370 2112 2438 perpetrantibus

542 2486 653 2527 non
718 2469 897 2524 statim
957 2466 1307 2527 reluctantur,
1363 2462 1485 2517 ideo
1543 2464 1708 2515 etiam
1764 2463 2111 2517 absumimur

540 2562 827 2633 t‘ugitatiuu
840 2561 974 2614 :bus.

614 2732 700 2786 ὅθ.
743 2729 937 2785 Mentis
956 2732 1313 2786 attentionem
1344 2730 1798 2797 administraturi,
1826 2729 1871 2787 si
1898 2740 2109 2801 tempe-

540 2824 731 2879 rantia:
761 2823 1124 2878 humilitatem
1151 2832 1422 2893 aptemus,
1444 2832 1499 2878 et
1532 2822 1876 2879 reluctationi
1913 2822 2111 2893 junga-

542 2934 664 2980 mus
685 2917 1077 2987 precationem,
1109 2916 1195 2972 via
1224 2917 1530 2972 intellectus
1560 2927 1709 2974 recte
1752 2917 2073 2972 iucedemus
2092 2956 2107 2981 ,

540 3012 743 3063 donum
791 3008 972 3064 cordis
1002 3008 1174 3063 nostri
1229 3009 1505 3063 adorando
1551 3018 1608 3064 et
1660 3017 1853 3063 saneto
1887 3008 2108 3063 nomine

2214 529 2566 600 μεμακάρικε
2598 528 2877 601 καθαροὺς
2907 530 2973 600 τῇ
3000 528 3221 600 καρδίᾳ,
3258 530 3355 583 καὶ
3376 531 3817 602 νενομοθέτηκεν

2210 620 2284 684 ὡς
2318 623 2437 684 ταῖς
2483 620 2755 691 καθαραῖς
2796 622 3050 691 καρδίαις
3078 624 3106 677 ὀ
3150 623 3355 691 γλυκὺς
3391 622 3607 692 Ἰησοῦς
3640 622 3813 674 καθα-

2214 711 2325 783 ρῶς
2375 713 2538 782 μόνος
2575 712 2881 768 ἐπιϐαίνειν
2930 713 3131 777 θεῖκῶς
3156 714 3255 768 καὶ
3306 716 3544 767 ἐνοικεῖν
3590 714 3814 779 Otia-vv;

2212 806 2303 860 Διὸ
2330 804 2407 878 μὴ
2424 806 2937 878 ἀποστῶμεν,κατά
2969 808 3182 861 Παῦλον
3212 824 3302 862 τον
3328 808 3495 873 θεῖον,
3527 810 3816 878 γυμναζό-

2218 916 2368 969 μενοι
2400 898 2494 952 τδν
2534 898 2662 953 νοῦν
2712 899 2849 970 πρὸς
2885 899 3174 956 εὐσέϐειαν
3198 918 3215 933 ο
3248 900 3472 972 ἀληθῶς
3510 901 3632 971 γάρ
3663 902 3817 953 εὐσέ-

2214 991 2341 1045 ϐεια
2364 990 2594 1054 εἰκότως
2628 990 2862 1063 ἐρρήθη,
2906 994 2936 1062 ἡ
3002 991 3218 1062 ῥιζόθεν
3248 993 3580 1046 ἐκτίλλουσα
3611 994 3687 1046 τὰ
3725 993 3815 1046 τοῦ

2215 1082 2460 1152 Πονηροῦ
2502 1082 2797 1156 σπέρματα
2818 1099 2831 1112 ·
2869 1082 3008 1153 αῦτη
3034 1083 3307 1149 εὐσέϐεια,
3342 1083 3490 1153 αῦτη
3518 1080 3688 1153 οἶμος
3725 1082 3818 1136 τοῦ

2214 1174 2395 1241 λόγου,
2416 1174 2696 1228 τουτέστιν
2718 1174 2835 1239 ὁδὸς
2872 1174 2967 1228 τοῦ
2991 1175 3328 1244 λογιστικοῦ,
3365 1177 3490 1246 ἦτοι
3510 1176 3640 1239 ὁδὸς
3668 1176 3817 1243 λογι-

2216 1264 2355 1334 σμοῦ
2372 1282 2387 1297 δ
2408 1265 2532 1319 καθ’
2557 1266 2876 1336 Ἑλληνικὴν
2895 1266 2954 1320 δὲ
2974 1267 3255 1321 διάλεκτον
3275 1265 3451 1338 οἶμος
3468 1268 3571 1322 καὶ
3608 1268 3817 1321 κέλευ-

2215 1360 2319 1424 θος
2342 1358 2375 1428 ἡ
2398 1356 2514 1421 ὁδὸς
2537 1358 2780 1427 λέγεται,
2811 1360 2840 1412 ὅ
2866 1359 2988 1411 ἐστι
3017 1357 3300 1429 λογισμός.

2288 1448 2395 1517 μθθ.
2434 1449 2565 1503 Ἐπὶ
2612 1448 2831 1517 πλήθει
2874 1451 3324 1519 κατατρυφήσει
3357 1450 3643 1518 ειρήνης,
3674 1452 3816 1503 κατὰ

2215 1543 2397 1608 Δαϐὶδ,
2426 1544 2485 1607 ὃς
2509 1545 2572 1598 οὐ
2597 1544 2866 1614 λαμϐάνει
2886 1544 3181 1616 πρόσωπον
3204 1544 3525 1616 ἀνθρώπου,
3554 1544 3662 1597 καὶ
3696 1544 3813 1613 κρί-

2215 1652 2321 1689 νων
2352 1636 2569 1689 ἀδικίαν
2606 1637 2665 1688 ἐν
2699 1636 2928 1708 καρδίᾳ,
2969 1638 3090 1707 ἦτοι
3127 1639 3345 1707 μορφὰς
3387 1638 3466 1708 μὴ
3506 1636 3816 1706 λαμϐάνων

2215 1728 2323 1780 τῶν
2356 1726 2612 1797 πονηρῶν
2641 1729 2990 1797 πνευμάτων,
3013 1730 3108 1783 καὶ
3132 1729 3220 1783 διὰ
3247 1728 3359 1782 τῶν
3392 1728 3639 1800 μορφῶν
3671 1727 3816 1791 λογι-

2148 1800 2187 1852 Β
2215 1821 2443 1888 ζόμενος
2472 1817 2570 1890 τὴν
2600 1819 2895 1889 ἁμαρτίαν,
2943 1821 3039 1874 καὶ
3069 1821 3255 1885 κακῶς
3285 1821 3491 1891 κρίνων
3516 1819 3625 1873 καὶ
3666 1819 3816 1873 δικά-

2214 1908 2324 1973 ζων
2362 1910 2418 1962 ἐν
2449 1910 2521 1979 γῇ
2546 1908 2644 1977 τῆς
2673 1908 2808 1972 ιδίας
2843 1909 3069 1981 καρδίας
3094 1952 3109 1976 ,
3134 1910 3206 1963 τά
3232 1910 3419 1963 δίκαια
3451 1911 3519 1980 τῇ
3560 1906 3813 1977 ἁμαρτίᾳ

2212 1997 2388 2060 διδούς
2409 2012 2423 2028 ’
2454 1996 2779 2069 ἀνθρώπους
2802 1999 2912 2069 γὰρ
2934 2001 3030 2054 κα).
3051 2001 3182 2062 τοὺς
3198 2000 3461 2071 δαίμονας
3488 2001 3537 2052 el
3571 1998 3809 2068 μεγάλοι

2210 2104 2271 2141 τε
2292 2089 2387 2143 καὶ
2411 2091 2704 2157 γνωστικοὶ
2726 2091 2971 2162 Πατέρες
2992 2094 3056 2145 ἐν
3085 2094 3205 2155 ταῖς
3234 2093 3593 2161 συγγραφαῖς
3625 2089 3810 2143 αὐτῶν

2211 2180 2499 2247 ἐκάλεσαν,
2526 2181 2617 2235 διά
2639 2182 2700 2236 τὸ
2733 2182 3063 2251 λογιστικόν
3084 2179 3196 2239 οἷόν
3231 2186 3380 2237 ἐστιν
3412 2185 3511 2237 καὶ
3543 2183 3615 2235 τὸ
3648 2184 3811 2246 εὐαγο

2210 2270 2448 2338 γελικὸν,
2488 2270 2616 2325 ἔνθα
2642 2275 2806 2341 φησὶν
2828 2276 2856 2327 ό
2886 2276 3111 2347 Κύριος,
3139 2258 3221 2329 δτι
3278 2275 3552 2342 Πονηρὸς
3576 2273 3811 2340 ἀνθρω-

2209 2379 2329 2428 πος
2379 2362 2557 2417 τοῦτο
2594 2363 2848 2432 ἐποίησε
2871 2407 2886 2431 ,
2921 2367 3016 2420 καὶ
3067 2366 3147 2438 τῷ
3179 2368 3311 2437 σίτῳ
3344 2368 3437 2419 καὶ
3481 2365 3552 2419 τὰ
3587 2364 3810 2429 ζιζάνια

2209 2454 2524 2525 κατέμιξεν.
2550 2456 2665 2509 Οὐκ
2679 2455 2827 2510 ἐστιν
2847 2457 3168 2529 ἀντίρρησις
3186 2459 3324 2528 ταχύ
3343 2458 3455 2511 ἀπὸ
3474 2457 3591 2510 τῶν
3622 2454 3810 2510 τοιού-

2209 2563 2318 2599 των
2354 2546 2416 2599 τὸ
2447 2546 2682 2618 πονηρόν
2705 2563 2719 2576 ·
2746 2547 2938 2601 τούτου
2967 2549 3032 2621 δὴ
3066 2550 3230 2621 χάριν
3265 2551 3359 2604 καὶ
3389 2548 3808 2604 καταναλισκό-

2214 2638 2354 2710 μεθα
2376 2637 2481 2692 ὐπὸ
2508 2639 2619 2693 τῶν
2639 2638 2937 2709 λογισμῶν.

2282 2739 2345 2786 ν’.
2379 2730 2492 2784 Νοῦ
2518 2731 2795 2802 προσοχὴν
2824 2731 3119 2802 ἀρξάμενοι
3146 2732 3553 2796 πολιτεύεσθαι,
3603 2734 3658 2786 εἰ
3706 2731 3807 2801 μὲν

2210 2823 2556 2894 ἀρμόττομεν
2601 2821 2764 2893 νήψει
2818 2823 3165 2890 ταπείνωσιν,
3222 2826 3314 2876 καὶ
3351 2826 3420 2893 τῇ
3468 2824 3805 2891 ἀπιρῤήσει

2210 2915 2376 2984 εὐχὴν
2423 2913 2833 2984 συγκομίσομεν
2856 2952 2871 2975 ,
2903 2914 3005 2983 τὴν
3038 2915 3155 2967 ὁδὸν
3202 2915 3301 2984 τῆς
3342 2915 3585 2978 διανοίας
3617 2913 3805 2976 καλῶς

2208 3005 2502 3076 ὁδεύσομεν
2548 3004 2740 3075 ῶσπερ
2792 3005 2931 3075 μετά
2965 3006 3249 3072 λαμπάδος
3291 3007 3469 3075 φωτὸς
3512 3006 3663 3075 μετά
3708 3004 3804 3057 τοῦ

540 3098 669 3154 Jesu
691 3099 913 3164 Christi,
938 3098 1085 3153 velut
1112 3099 1361 3168 lampade
1394 3099 1552 3162 lucis,
1582 3099 1923 3163 dceorantes,
1947 3113 2109 3153 exor-

2213 3097 2589 3169 προσκυνητοῦ
2644 3098 2738 3150 καὶ
2784 3098 2943 3167 ἁγίου
2993 3099 3258 3168 ὀνόματος
3308 3098 3493 3167 Ἰησοῦ
3530 3097 3804 3169 Χριστοῦ,

543 3198 759 3251 nantes,
782 3197 837 3243 et
869 3189 1110 3259 nequitia
1135 3198 1516 3259 expurgantes.
1548 3187 1643 3243 Sin
1680 3188 2008 3244 conﬁdimus
2052 3189 2107 3243 in

542 3280 656 3339 sola
686 3282 1045 3350 temperantia
1074 3289 1129 3335 et
1159 3280 1545 3335 observatione
1571 3290 1781 3344 nostra,
1833 3281 2016 3336 statim
2050 3291 2111 3335 ut

543 3374 883 3443 impcllemur
963 3374 1032 3429 ab
1104 3373 1387 3438 hostibus,
1438 3389 1759 3429 corruemus
1823 3373 2023 3441 eversi,
2054 3382 2112 3428 et

542 3467 931 3538 expugnabunt
974 3482 1076 3523 nos
1106 3467 1428 3536 deceptores
1472 3467 1548 3520 illi
1610 3466 1995 3533 versutissimi,
2055 3476 2111 3522 et

544 3561 693 3618 hasta
722 3560 920 3624 valida,
976 3560 1198 3614 nomine
1242 3559 1372 3615 Jesu
1418 3559 1621 3615 Christi
1661 3569 1933 3625 carentes,
1994 3560 2111 3614 suis

542 3648 766 3711 retibus,
803 3664 999 3717 nempe
1031 3649 1278 3720 malignis
1336 3651 1847 3719 excogitationibus,
1899 3651 2110 3705 facilius

540 3754 593 3792 et
620 3738 999 3793 vehementius
1069 3754 1172 3793 nos
1236 3739 1612 3794 informabunt
1662 3748 1718 3793 et
1772 3739 2104 3809 sigillabuut.

540 3830 700 3884 Solus
728 3829 873 3884 enim
911 3831 1172 3885 colendus
1200 3830 1290 3885 ille
1322 3830 1553 3900 gladius,
1587 3845 1812 3893 nomen,
1864 3830 2108 3899 inquam,

540 3917 672 3976 Jesu
690 3938 702 3973 :
721 3920 774 3973 in
806 3920 988 3975 stabili
1024 3921 1189 3976 corde
1217 3920 1416 3989 sepius
1438 3922 1740 3984 revolutus,
1768 3930 1948 3990 potest
1975 3937 2108 3976 con—

543 4022 799 4081 torquere
823 4020 880 4069 et
927 4011 1250 4070 abscindere
1286 4012 1426 4074 illos,
1464 4012 1719 4076 adurere,
1749 4012 1991 4082 inquam,
2054 4025 2110 4069 et

538 4103 607 4157 ad
638 4103 872 4157 latebras
895 4116 1109 4174 cogere,
1134 4103 1282 4158 velut
1305 4103 1445 4173 ignis
1461 4105 1736 4175 stipulam.
1770 4106 2105 4172 Quinetiam,

539 4207 601 4246 re
630 4192 765 4246 satis
796 4200 923 4247 ante
950 4192 1139 4247 oculos
1165 4192 1433 4262 subjecta,
1471 4193 1761 4248 certiorem
1799 4195 1928 4250 facit
1960 4198 2107 4265 peri-

539 4280 809 4334 tissimum
832 4282 1092 4336 certantis
1122 4281 1387 4348 animum,
1414 4298 1612 4354 nempe
1641 4286 2020 4342 auxiliatorem
2053 4299 2108 4342 et

538 4371 719 4427 omnis
734 4371 999 4427 illusionis
1031 4372 1315 4429 diabolicae
1350 4385 1703 4445 purgatorem
1726 4393 1849 4433 esse
1892 4379 2101 4435 Deum:

538 4465 627 4522 cui
651 4466 851 4529 cedunt
873 4475 930 4520 et
961 4465 1327 4537 subjiciuntur
1356 4467 1563 4529 omnia.

608 4729 696 4784 5t.
736 4726 1133 4798 Temperantia:
1152 4745 1280 4787 vero
1311 4746 1450 4801 opus
1470 4747 1579 4787 non
1614 4731 2107 4799 intermittendum,

533 4831 592 4875 et
618 4821 817 4875 animai
861 4836 1134 4877 summum
1189 4821 1400 4881 lucrum
1428 4831 1483 4881 et
1524 4825 1955 4883 emolumentum
2002 4836 2104 4893 est,

537 4913 848 4985 perspicere
861 4914 1245 4984 cogitationum
1263 4915 1699 4986 imaginationes,
1726 4932 1847 4973 cum
1873 4918 2103 4987 primum

540 5006 843 5059 formantur
921 5006 978 5059 in
1032 5016 1237 5069 mente.
1306 5007 1709 5070 Beluetationis
1775 5021 1957 5067 autem
2025 5020 2110 5066 est

537 5094 949 5163 deprehendere
1003 5105 1058 5150 et
1113 5097 1357 5154 indicare
1405 5099 1822 5169 cogitationem,
1847 5116 1968 5171 (μία)
2011 5117 2108 5172 per

537 5185 982 5255 imaginationem
1010 5187 1090 5242 rei
1114 5189 1397 5258 cujusdam
1422 5190 1715 5255 sensibilis,
1733 5206 1918 5253 aerem
1949 5209 2105 5250 men-

539 5277 607 5333 tis
636 5284 837 5331 nostra:
862 5275 1065 5347 ingredi
1095 5279 1309 5339 nititur.
1337 5278 1611 5341 Caeterum
1637 5283 1775 5338 nihil
1805 5293 1905 5349 est,
1960 5285 2106 5353 quod

539 5376 648 5425 tam
680 5364 789 5431 cito
812 5366 1120 5439 exstinguat
1162 5377 1216 5427 et
1259 5368 1521 5430 dissolvat
1578 5387 1795 5426 omnem
1847 5374 2104 5427 adversa-

538 5457 744 5516 riorum
788 5460 1223 5533 conceptionem,
1274 5477 1494 5522 nuntiem
1550 5479 1882 5527 sermonem,
1943 5482 2105 5520 omne

534 5547 736 5610 visum,
771 5566 991 5607 omnem
1026 5560 1282 5618 statuam,
1331 5569 1497 5615 omne
1531 5554 1753 5621 idolum,
1783 5564 1840 5613 et
1885 5572 2106 5616 munem

2212 3188 2304 3242 τὸν
2324 3184 2471 3242 οἷκον
2493 3188 2652 3260 ἡμῶν
2682 3189 2779 3259 τῆς
2804 3189 3027 3259 καρδίας
3053 3191 3117 3243 ἐκ
3150 3192 3412 3260 πονηρίας
3434 3189 3775 3260 φιλοκαλοῦν

2214 3278 2305 3343 τές
2338 3296 2400 3332 τε
2431 3279 2526 3334 καὶ
2548 3281 2989 3349 ἐκκαθαίροντες.
3021 3281 3083 3333 Εἰ
3104 3281 3160 3333 δὲ
3194 3280 3353 3349 μόνον
3373 3282 3433 3333 ἐν
3471 3280 3641 3350 νήψει
3664 3282 3803 3348 mtt-

2213 3370 2351 3442 τέρᾳ
2401 3370 2433 3441 ἢ
2478 3374 2717 3441 προσοχῇ
2771 3371 3158 3444 θαρρήσομεν,
3217 3370 3427 3441 ταχέως
3477 3372 3641 3439 παρὰ
3689 3370 3799 3422 τῶν

2213 3461 2423 3533 ἐχθρῶν
2480 3462 2781 3533 ὠθούμενοι
2826 3462 3234 3533 ἀνατραπέντες
3280 3461 3602 3530 πεσούμεθα
3627 3502 3645 3525 ,
3706 3462 3801 3513 καὶ

2215 3552 2619 3607 καταϐαλοῦσιν
2659 3554 2808 3624 ἡμᾶς
2853 3555 2903 3607 οί
2950 3554 3242 3624 δολομῆται
3296 3555 3391 3607 καὶ
3436 3553 3796 3613 δολιώτατοι..

2214 3643 2447 3706 καὶτοῖς
2492 3643 2928 3714 ἀμφιϐλήστροις
2976 3644 3157 3696 αὐτῶν
3200 3644 3314 3706 τοῖς
3344 3644 3607 3713 πονηροῖς
3641 3642 3799 3693 ἐνθυ-

2217 3733 2358 3803 μίοις
2385 3733 2649 3798 πλειόνως
2678 3733 3168 3804 ἐμπλακησόμεθα,
3194 3733 3225 3804 ἢ
3252 3734 3346 3786 καὶ
3376 3732 3798 3804 σφραγισόμεθα

2214 3825 2455 3898 εὐχερῶς
2488 3827 2578 3879 ὐπ’
2624 3826 2827 3893 αὐτῶν,
2872 3827 2933 3880 τὸ
2962 3827 3224 3897 κραταιὸν
3270 3828 3400 3897 δόρυ
3436 3826 3537 3878 οὐκ
3575 3826 3796 3895 ἔχοντες

2227 3918 2402 3991 Ἰησοῦ
2466 3917 2702 3991 Χριστοῦ
2759 3918 2948 3988 ὄνομα.
2996 3919 3175 3973 Μόνον
3226 3919 3334 3989 γὰρ
3382 3918 3446 3971 τὸ
3494 3918 3794 3986 σεϐάσμιον

2216 4013 2491 4081 φάσγανον
2512 4011 2667 4063 τοῦτο
2711 4012 2930 4074 πυκνῶς
2964 4012 3104 4079 ἄγαν
3135 4011 3510 4081 στρεφόμενον
3542 4012 3600 4063 ἐν
3635 4027 3794 4080 μονο-

2213 4103 2402 4173 τρόπῳ
2427 4103 2627 4173 καρδίᾳ
2667 4098 2774 4155 οἶδε
2807 4105 3132 4175 συστρέφειν
3159 4105 3253 4157 καὶ
3277 4104 3654 4157 κατακόπτειν
3694 4102 3789 4154 αὐη

2213 4195 2361 4257 τοὺς,
2425 4193 2790 4263 καταφλέγειν
2837 4211 2895 4247 τε
2956 4196 3049 4248 καὶ
3109 4194 3513 4265 ἀποκρύπτειν·
3564 4194 3660 4245 τὸν
3697 4194 3792 4262 μὲν

2212 4286 2346 4338 ὡσεὶ
2377 4285 2510 4356 πῦρ,
2546 4288 2594 4338 οἱ
2634 4286 2693 4339 δὲ
2740 4286 2815 4350 ὡς
2841 4286 3115 4358 καλάμην.
3157 4286 3322 4341 Ἄλλά
3344 4286 3452 4358 γὰρ
3475 4286 3572 4340 καὶ
3606 4288 3667 4340 ἐν
3704 4288 3789 4339 αίο

2216 4374 2403 4446 σθήσει
2433 4377 2589 4448 ίκανῇ
2626 4377 2749 4430 τότε
2794 4377 3051 4448 ὑπάρχει,
3090 4379 3359 4459 γνωρίζον
3387 4377 3487 4449 τὴν
3522 4378 3618 4431 τοῦ
3648 4380 3792 4445 ἀγωο

2140 4477 2182 4532 Ι)
2211 4468 2396 4521 νιστοῦ
2433 4468 2763 4540 πολύπειρον
2798 4470 3045 4540 καρδίαν,
3070 4471 3267 4539 ὅτιπερ
3294 4471 3359 4523 ἐκ
3393 4470 3578 4539 πάσης
3596 4470 3775 4538 δαιμο

2211 4559 2331 4621 νίας
2357 4559 2653 4629 φαντασίας
2682 4560 2895 4630 βοηθῶν
2951 4560 3045 4613 καὶ
3102 4560 3380 4631 καθαίρων
3436 4560 3571 4623 Θεός
3607 4563 3740 4615 ἐστι*
3778 4602 3785 4607 .

2212 4645 2366 4718 ᾧτινι
2401 4654 2509 4707 πᾶν
2532 4652 2768 4718 ὑπείκει,
2801 4652 2898 4707 καὶ
2925 4654 3100 4707 πάντα
3132 4654 3524 4709 ὑποτέτακται.

2284 4750 2386 4799 ναί.
2419 4745 2623 4815 Ἔργον
2651 4744 2742 4809 δὲ,
2770 4745 2983 4816 vi;ng
3013 4745 3133 4815 μὲν,
3168 4744 3518 4801 ἀδιάλειπτον
3553 4746 3649 4798 καὶ
3681 4745 3779 4812 τὴς

2212 4833 2390 4905 ψυχῆς
2409 4835 2594 4907 ὄνησις
2637 4838 2737 4890 καὶ
2761 4838 2955 4908 κέρδος
2987 4838 3133 4907 μέγα
3156 4878 3171 4902 ,
3208 4838 3270 4889 τὸ
3294 4837 3428 4907 ὁρᾷν
3460 4836 3623 4898 εὐθὺς
3655 4854 3783 4911 qq.

2217 4927 2590 4997 ματιζομένας
2638 4929 2738 4993 τὰς
2777 4929 2886 4982 τῶν
2915 4928 3191 4999 λογισμῶν
3234 4929 3293 4980 ἐν
3334 4927 3410 5000 νῷ
3445 4929 3779 4997 φαντασίας⁹

2213 5020 2587 5091 ἀντιρρήσεως
2607 5020 2683 5083 δὲ,
2717 5021 2777 5074 τὸ
2803 5020 3102 5090 διελέγχειν
3131 5021 3221 5072 καὶ
3254 5018 3448 5088 δηλοῦν
3469 5019 3565 5071 τὸν
3588 5018 3784 5087 πειρώ-

2217 5128 2374 5179 μενον
2398 5111 2660 5169 εἰσελθεῖν
2690 5112 2949 5181 λογισμὸν
2977 5115 3037 5166 ἐν
3068 5111 3146 5180 τῷ
3176 5110 3299 5182 ἀέρι
3331 5109 3425 5163 τοῦ
3454 5110 3574 5173 νοὸς
3607 5109 3763 5179 ἡμῶν

2210 5202 2301 5255 διὰ
2353 5205 2654 5271 φαντασίας
2700 5205 2965 5275 αἰσθητῆς
3017 5205 3163 5269 τινὸς
3214 5206 3578 5275 πράγματος*
3632 5202 3694 5254 τδ
3728 5201 3782 5252 δέ

2214 5294 2471 5349 σϐεννύον
2524 5298 2617 5349 καὶ
2663 5296 2877 5351 διαλύον
2918 5297 3028 5351 τῶν
3066 5298 3378 5350 ἀντιπάλων
3406 5295 3620 5357 εὐθέως
3676 5298 3775 5347 πᾶν

2211 5386 2413 5457 νόημα,
2449 5389 2626 5441 πάντα
2670 5388 2848 5457 λόγον,
2896 5390 3005 5442 πᾶν
3041 5390 3371 5460 φάντασμα,
3396 5388 3503 5441 πᾶν
3538 5387 3777 5457 ῖνδαλμο.

2213 5476 2322 5533 πᾶν
2365 5474 2616 5539 εἴδωλον,
2647 5478 2828 5529 πᾶσαν
2877 5477 3079 5549 στήλην
3127 5477 3391 5546 πονηρὰν,
3437 5476 3588 5528 ἐστὶν
3621 5478 3652 5543 ἠ
3691 5477 3777 5527 τοῖο

2214 5565 2413 5636 Κυρίου
2450 5568 2757 5643 ἐπίκλησις.
2804 5569 2911 5622 Καὶ
2952 5570 3115 5642 ἡμεῖς
3139 5569 3247 5639 γάρ
3276 5567 3430 5625 αὐτοὶ
3458 5568 3515 5619 ἐν
3547 5565 3622 5639 νῷ
3665 5565 3773 5636 βλι

604 5722 645 5755 ι’
672 5723 693 5783 ι
723 5723 858 5779 Τιῐιι.
892 5744 963 5785 ιν,
990 5729 1037 5779 7.
1119 5728 1161 5759 θ’*
1193 5727 1331 5783 I‘sal.
1360 5744 1538 5793 xxxvt,
1581 5728 1664 5785 li.
1739 5732 1785 5763 ”
1818 5729 2003 5791 Matth.
2036 5751 2151 5801 λιιι,
2182 5736 2257 5791 ‘28.
