4006 6472
222 376 360 437 ibi?)

936 378 1034 437 DE
1076 377 1627 438 ΤΕΜΡΕΒΑΝΤῙΑ
1664 378 1759 438 ΕΤ

1894 378 2155 439 RTUTE.
2196 378 2675 441 —CENTURIA
2712 381 2795 442 II.

3336 383 3473 449 1530
3492 432 3495 437 -

217 504 396 557 πνιμεν
431 486 531 555 τὴν
569 483 715 538 κατὰ
753 484 953 556 κράτος
990 484 1171 538 αὐτῶν
1218 482 1388 558 ⁴ἧτταν
1410 526 1425 549 ,
1454 485 1555 557 τὴν
1586 486 1676 540 διὰ
1702 488 1790 539 τοῦ

1902 469 2196 552 reprobum
2226 483 2465 550 titulum,
2496 501 2660 556 quam
2684 485 2957 543 invocatio
2990 487 3225 548 Domini.
3250 495 3328 549 Ac
3368 510 3472 550 nos

226 584 410 653 Ἰησοῦ
457 583 553 638 τοῦ
576 581 813 654 μεγάλου
857 580 995 635 Θεοῦ
1032 582 1211 652 ἡμῶν,
1242 581 1336 634 καὶ
1370 580 1469 651 τὴν
1497 579 1656 652 ἡμῶν
1687 578 1790 634 τῶν

1898 576 2120 645 quidem
2152 576 2257 646 ipsi
2287 577 2661 648 conspicimus
2683 577 2738 633 in
2766 578 2973 643 animo,
3005 579 3073 635 de
3094 581 3241 647 illis,‘
3272 594 3468 653 poten-

210 678 491 731 ταπεινῶν
511 677 605 730 καὶ
637 674 869 728 εὐτελῶν
898 673 994 728 καὶ
1022 674 1230 746 ἀγρίων
1257 673 1554 744 ἐκδίκησιν.

287 940 391 1006 νβ’.
458 940 580 993 Ὅτι
623 939 824 1004 πάντες
864 940 913 993 oi
944 939 1192 1007 λογισμοὶ
1232 938 1385 992 οὐδὲν
1422 938 1611 1010 ἕτερόν
1657 937 1795 990 εἰσιν

215 1031 334 1085 ἀλλ’
354 1031 389 1103 ἢ
414 1031 705 1099 φαντασίαι
737 1032 897 1100 μόναι
932 1030 1197 1099 αἰσθητῆς
1217 1030 1312 1083 καὶ
1345 1029 1628 1099 κοσμικῶν
1653 1045 1794 1098 πρα-

214 1125 470 1198 γμάτων,
495 1124 546 1176 oi
569 1124 754 1177 πολλοὶ
768 1123 1092 1195 ἀγνοοῦμεν.
1115 1122 1288 1192 Είπιρ
1305 1121 1361 1175 δὲ
1383 1121 1707 1191 χρονίσομεν
1736 1122 1794 1174 ὲν

212 1214 352 1283 εὐχῇ
388 1212 669 1282 νήφοντες,
688 1214 969 1283 στερίσκει
1006 1213 1106 1284 μὲν
1133 1211 1267 1282 εὐχὴ
1293 1211 1388 1282 τὴν
1417 1211 1654 1265 διάνοιαν
1689 1212 1793 1265 πά-

214 1320 322 1371 σης
354 1301 591 1367 ὑλώδους
613 1302 917 1372 φαντασίας
941 1303 1217 1375 λογισμῶν
1234 1302 1513 1372 ῥυπαρῶνσ
1536 1303 1793 1373 γνωρίζει

212 1393 272 1446 δὲ
298 1394 404 1447 αὐτ
429 1392 462 1462 ὴ
488 1393 583 1447 καὶ
607 1394 729 1456 τοὺς
747 1392 939 1460 λόγους
963 1393 1071 1447 τῶν
1104 1393 1399 1461 πολεμίων,
1434 1391 1529 1445 καὶ
1556 1392 1618 1445 τὸ
1651 1392 1794 1461 μέγα

213 1483 414 1553 κέρδος
442 1482 610 1553 εὐχῆς
626 1499 684 1535 τε
711 1483 807 1536 καὶ
837 1482 1052 1553 νήψεως
1072 1500 1089 1515 ο
1117 1482 1287 1549 Πλὴν
1311 1481 1434 1548 τοῖς
1462 1481 1792 1551 ὀφθαλμοῖς

211 1593 336 1628 σου
381 1575 801 1643 κατανοήσεις,
852 1574 951 1630 καί
980 1575 1392 1630 ἀνταπόδοσιν
1428 1572 1791 1645 ἁμαρτωλῶν

212 1671 424 1737 νοητῶν
454 1671 659 1739 νοητῶς
680 1670 776 1725 καὶ
804 1670 965 1733 αὐτὸς
994 1670 1219 1738 obdit-et,
1270 1669 1364 1723 καὶ
1411 1670 1789 1741 κατανοήσεις,

212 1765 355 1831 φησὶ
400 1762 562 1816 Δαϐἱδ
602 1765 631 1816 ὁ
671 1762 816 1821 θεῖος
886 1763 1146 1834 μελῳδὸς.

1900 668 1970 722 tia
1985 668 2115 723 Jesu
2137 670 2333 724 summi
2372 668 2464 725 Dei
2492 671 2690 737 nostri,
2721 679 2834 727 tum
2861 671 3143 728 victoriam
3174 674 3314 738 dari,
3352 684 3468 745 tum

1895 771 2162 826 nostram,
2201 761 2296 830 qui
2321 761 2556 818 humiles
2582 801 2599 828 ,
2663 763 2856 831 exiles,
2908 773 2965 820 et
2991 764 3210 822 inutiles
3255 783 3468 836 sumus,

1895 853 2159 908 ultionem
2185 854 2349 910 sumi.
3124 848 3167 890 ⁸

1967 944 2052 999 52.
2092 945 2411 1016 lgnoramus
2462 947 2711 1018 plerique
2783 949 3071 1006 universas
3112 951 3470 1023 cogitationes

1893 1035 2030 1090 nihil
2056 1036 2203 1092 aliud
2250 1052 2371 1093 esse
2429 1048 2793 1110 prmterquam
2852 1042 2999 1097 solas
3052 1042 3470 1113 imaginationes

1894 1126 2182 1181 sensilium
2208 1136 2265 1182 et
2313 1129 2715 1186 mundanarum
2748 1147 2953 1189 rerum.
2998 1133 3152 1200 Quod
3205 1135 3252 1189 si
3295 1135 3467 1190 sobrii

1894 1221 2150 1291 precibus
2167 1222 2541 1291 immoremur,
2574 1226 2813 1295 precatio
2837 1227 3015 1297 privat
3049 1229 3290 1282 animum
3318 1228 3466 1284 omni

1892 1328 2078 1367 crassa
2151 1314 2496 1371 sordidarum
2579 1319 2973 1388 cogitationum
3050 1320 3464 1392 imaginatione.

1894 1398 2214 1469 Perspicuas
2247 1400 2413 1455 etiam
2436 1401 2550 1472 ipsa
2576 1402 2707 1458 facit
2727 1405 2967 1460 hostium
2999 1416 3146 1461 artes
3167 1425 3180 1460 :
3200 1416 3256 1462 et
3279 1405 3468 1462 decla-

1893 1499 1998 1555 rat,
2026 1490 2220 1561 ingens
2250 1508 2317 1546 ex
2339 1493 2595 1563 precibus
2618 1502 2675 1549 et
2696 1497 3053 1566 temperantia
3076 1497 3286 1552 lucrum
3314 1498 3464 1553 oriri.

1895 1581 2261 1637 Verumtamen
2284 1583 2447 1637 oculis
2477 1586 2580 1638 tuis
2602 1587 2977 1651 considerabis,
2997 1598 3046 1641 et
3067 1588 3463 1641 retributionem

1892 1682 2225 1741 peccatorum
2250 1672 2572 1743 spiritalium
2604 1675 2788 1731 animo
2810 1677 2971 1730 etiam
2994 1685 3052 1731 tu
3075 1677 3191 1747 ipse
3213 1678 3404 1731 videbit
3425 1678 3465 1742 ι,

1895 1770 1951 1817 et
1976 1762 2371 1826 considerabis,
2384 1763 2563 1833 inquit
2588 1764 2756 1819 David
2783 1766 3086 1821 modulator
3116 1765 3355 1821 divinus.

288 1854 390 1923 vf.
433 1856 911 1926 Mv'quovsziowpsv
937 1895 952 1916 ,
996 1858 1045 1910 εί
1098 1856 1344 1922 δυνατὸν,
1391 1854 1489 1909 τοῦ
1561 1855 1790 1910 θανάτου

1964 1853 2053 1907 55.
2092 1851 2437 1923 Perpetuam,
2461 1854 2509 1909 si
2560 1854 2673 1909 ﬁeri
2705 1862 2903 1924 potest,
2954 1856 3145 1911 mortis
3192 1865 3465 1926 gestemus

211 1947 581 2010 ἀδιαλείπτως
600 1964 613 1977 ·
640 1948 707 2002 δι’
732 1942 800 2019 ἦς
831 1950 1047 2018 μνήμης
1067 1948 1362 2020 φροντίδων
1399 1946 1657 2011 ἀπόθεσις
1684 1964 1791 2017 μα-

211 2038 523 2107 ταιοτήτων
552 2054 613 2091 τε
641 2038 700 2090 ὲν
726 2040 858 2109 ἡμῖν
890 2040 1176 2106 γεννᾶται,
1212 2039 1426 2108 φυλακή
1453 2056 1513 2093 τε
1540 2039 1659 2102 νοὸς
1696 2038 1790 2091 καὶ

210 2129 473 2199 διηνεκὴς
505 2128 692 2199 δέησις
711 2144 725 2157 ·
746 2128 1131 2199 ἀπροσπὰθεια
1170 2128 1224 2181 δὲ
1256 2128 1351 2182 τοῦ
1376 2126 1645 2198 σώματος,
1676 2124 1792 2195 βδέ-

210 2222 368 2286 auat;
419 2223 714 2293 ἁμαρτίας,
744 2222 837 2277 καὶ
869 2222 1077 2291 σχεδὸν,
1108 2223 1156 2274 εἰ
1196 2220 1278 2273 δεῖ
1317 2218 1551 2287 τάληθὲς
1593 2216 1788 2278 είπῧν,

214 2313 371 2370 πᾶσα
426 2312 593 2380 ἀρετὴ
643 2311 854 2378 ἄγουσα
906 2313 970 2363 ἐκ
1019 2310 1225 2378 ταύτης
1297 2306 1619 2370 ὲκϐλιὶζεται
1648 2321 1663 2338 ε
1708 2305 1789 2359 διὸ

210 2407 291 2468 ὼς
344 2409 411 2475 τῇ
443 2405 550 2478 ίδίᾳ
590 2409 751 2477 πνοῇ,
793 2408 841 2459 εἰ
870 2407 1113 2471 δυνατὸν,
1149 2403 1227 2474 τῷ
1265 2403 1552 2473 πράγματι
1581 2399 1793 2471 χρησώ-

215 2494 383 2563 μεοα.

284 2672 380 2726 νδ¹.
430 2670 644 2740 Καρδία
686 2669 981 2735 ξενωθεῖσα
1040 2669 1389 2739 φαντασιῶν,
1434 2670 1634 2733 τελέως
1659 2670 1789 2741 νοή-

166 2798 169 2799 ν
213 2780 370 2835 ματα
417 2762 631 2828 τέξεται
690 2763 855 2833 μέσον
889 2762 1061 2829 αὐτῆς
1104 2764 1412 2834 σκιρτῶντα
1446 2763 1567 2816 οεἶά
1594 2781 1651 2816 τε
1695 2765 1790 2816 καὶ

214 2853 593 2927 μυστηριώδη,
620 2855 679 2907 δθ
701 2856 905 2925 τρόπον
939 2854 1230 2926 σκιρτῶσιν
1266 2854 1469 2925 ἰχθύες,
1500 2854 1595 2909 καὶ
1628 2857 1790 2923 ἐγκυ-

212 2949 445 3003 ϐιστῶσι
468 2947 712 3015 δελφῖνες
741 2947 1089 3018 γαληνιὼσης
1118 2946 1421 3018 θαλάσσης’
1454 2948 1550 3002 καὶ
1580 2946 1791 3019 ῥιπίζε-

209 3057 305 3092 ται
363 3038 463 3108 μὲν
509 3038 755 3093 θάλασσα
790 3039 894 3091 ὑπὸ
938 3038 1142 3107 λεπτῆς
1190 3036 1384 3107 αὔρας.
1420 3038 1691 3102 Ἀϐυσσος
1731 3037 1789 3093 δὲ

210 3132 443 3204 καρδίας
477 3132 582 3185 ὑπὸ
609 3131 926 3200 Πνεύματος
953 3131 1132 3200 ἁγίου.
1158 3132 1286 3184 Ὅτι
1313 3130 1401 3197 δὲ,
1442 3131 1629 3202 φησὶν,
1649 3129 1789 3184 ἐστὲ

1891 1944 2375 2015 memoriam:qua
2426 1961 2703 2011 curarum,
2735 1946 3036 2000 vanitatum
3093 1947 3362 2012 omnium,
3409 1956 3466 2001 ct

1888 2035 2225 2106 reliquorum
2250 2052 2371 2107 quae
2403 2044 2532 2092 sunt
2559 2037 2615 2091 in
2656 2036 2837 2103 nobis,
2863 2038 3134 2108 depositio
3181 2039 3460 2093 nascitur:

1888 2127 2238 2183 conservatio
2300 2128 2466 2183 etiam
2517 2128 2762 2195 mentis,
2814 2137 2872 2185 et
2920 2130 3143 2184 assidua
3186 2129 3463 2200 precatio.

1890 2218 2149 2275 alienatio
2180 2219 2310 2273 item
2336 2218 2406 2274 ab
2431 2218 2582 2273 omni
2621 2219 2863 2289 corporis
2919 2219 3139 2287 aﬂ'ectu,
3164 2222 3466 2277 exsecratio

1890 2311 2120 2381 peccati,
2153 2326 2217 2366 ac
2244 2310 2662 2381 propemodum,
2700 2311 2747 2365 si
2780 2326 2968 2366 verum
3008 2313 3191 2369 dicere
3228 2322 3462 2383 oportet,

1890 2402 2066 2457 virtus
2091 2402 2274 2458 omnis
2307 2417 2375 2456 ex
2404 2417 2467 2456 ea
2503 2401 2763 2472 prodiens
2801 2402 3051 2457 scaturit.
3095 2402 3461 2468 Quamobrem

1908 2507 2008 2561 pso
2038 2491 2205 2557 facto,
2241 2501 2497 2562 tanquam
2525 2492 2746 2562 prepria
2777 2492 3094 2563 spiratione,
3122 2492 3166 2547 si
3216 2493 3330 2548 ﬁeri
3360 2508 3461 2565 po-

1894 2592 2016 2647 test,
2053 2592 2273 2637 utamur
2300 2599 2385 2637 ea.

1960 2674 2048 2729 Si.
2088 2674 2240 2730 Mens
2267 2674 2456 2745 procul
2480 2673 2549 2729 ab
2572 2673 2917 2730 illusionibus
2945 2674 3199 2740 alienata,
3234 2676 3453 2730 tandem

1891 2766 2104 2822 divinas
2150 2776 2207 2822 et
2258 2769 2528 2839 mysteriis
2577 2769 2770 2838 plenas
2823 2770 3211 2839 conceptiones
3258 2770 3455 2838 pariet,

1889 2858 2167 2914 exsultans
2204 2859 2258 2912 in
2314 2861 2494 2915 medio
2521 2861 2623 2925 sui,
2663 2861 3117 2931 quemadmodum
3170 2861 3460 2929 tranquillo

1889 2951 2024 3004 mari
2062 2951 2318 3006 exsiliunt
2365 2952 2562 3021 pisces,
2619 2962 2676 3006 et
2727 2952 2962 3007 demisso
3014 2951 3188 3021 capite
3217 2950 3461 3021 delphini

1890 3042 2217 3097 subsultant.
2274 3041 2340 3095 Et
2395 3042 2498 3097 levi
2538 3042 2756 3113 quidem
2793 3058 2921 3097 aura
2956 3042 3212 3113 perﬂatur
3259 3058 3408 3097 mare
3442 3060 3456 3095 :

1891 3132 2114 3201 abyssus
2146 3142 2325 3188 autem
2350 3133 2549 3199 cordis,
2588 3134 2790 3203 Spiritu
2826 3145 3035 3190 sancto.
3075 3133 3335 3197 Quoniam
3364 3151 3463 3187 au-

202 3202 352 3289 ηυιὸι,
390 3223 819 3290 ἐξαπέστειλεν
854 3226 886 3277 ό
930 3224 1068 3289 Θεὸς
1110 3222 1175 3276 τὸ
1222 3222 1463 3293 Πνεῦμα
1500 3222 1605 3276 τοῦ
1654 3222 1788 3275 Υίοῦ

1894 3234 1993 3278 tem
2025 3227 2169 3289 estis,
2199 3226 2294 3291 ait,
2324 3226 2424 3294 ﬁlii
2457 3226 2573 3290 Dei,
2598 3202 2738 3279 misit
2768 3226 2907 3281 Deus
2932 3224 3189 3293 Spiritum
3222 3222 3353 3278 Filii
3377 3225 3461 3279 sui

212 3319 423 3385 αὐτοῦ,
456 3319 526 3373 ἐν
565 3318 694 3385 ταῖς
727 3318 996 3385 καρδίαις
1033 3316 1197 3388 ὑμῶν
1242 3316 1487 3386 κρᾶζον,
1530 3317 1720 3383 Ἀϐϐά,
1756 3318 1789 3369 ό

206 3412 439 3479 Πατήρ.

283 3508 378 3555 νε⁸.
420 3502 713 3573 Ἀπορήσει
749 3500 844 3559 καὶ
869 3501 1171 3572 διχονοήσει
1203 3501 1311 3562 πᾶς
1346 3500 1580 3571 μοναχδς
1622 3516 1790 3552 πνευ-

212 3591 448 3662 ματικοῦ
496 3591 678 3662 ἔργου,
731 3590 836 3662 πρὸ
882 3592 1099 3661 νήψεως
1139 3590 1230 3644 νοῦ
1277 3590 1559 3654 λαϐέσθαι,
1612 3590 1646 3661 ἢ
1690 3589 1789 3642 οὐκ

210 3684 371 3747 εἰδὼς
399 3684 498 3753 μὲν
517 3684 578 3736 τὸ
592 3683 794 3755 ταύτης
817 3684 1033 3749 κάλλος,
1054 3683 1087 3755 ἢ
1120 3682 1275 3747 εἰδὼς
1306 3684 1428 3754 μὲν.
1447 3682 1511 3735 δι’
1529 3682 1788 3753 ἀμελείας

207 3777 267 3829 δὲ
303 3775 381 3846 μὴ
404 3775 721 3845 δυνάμενος,
746 3778 847 3843 τῆς
876 3776 934 3829 δὲ
961 3775 1195 3848 ἀπορίας
1215 3774 1602 3844 ἀναμφιϐόλως
1622 3772 1788 3842 λυθή-

212 3886 392 3929 σεται,
450 3868 568 3931 νοὸς
619 3870 850 3940 τήρησιν
904 3866 1122 3931 ὲπιϐἀς,
1168 3866 1202 3936 ἧ
1245 3866 1360 3920 ἔστι
1414 3865 1507 3918 καὶ
1569 3864 1788 3932 λέγεται

212 3960 492 4028 πρακτικὴ
542 3958 830 4030 φιλοσοφία
877 3959 1016 4023 νοὸς,
1046 3959 1123 4022 ὡς
1166 3957 1266 4028 τὴν
1305 3956 1422 4010 ὁδὸν
1464 3955 1713 4027 εὑρηκὼς

210 4048 388 4117 εἶπεν,
434 4052 577 4121 ἙΥώ
615 4054 732 4121 ειμι
772 4053 810 4121 ἡ
839 4050 998 4118 ὁδὸς,
1035 4050 1133 4104 καί
1167 4050 1206 4117 ἡ
1233 4048 1591 4114 ἀνάστασις,
1621 4050 1718 4104 καὶ
1747 4050 1786 4103 1‘

208 4142 347 4210 ζωή.

281 4320 390 4385 νς’.
417 4314 762 4397 Πῦινιαῦθις
777 4319 1046 4389 ἀπορήσει
1068 4318 1208 4388 ὁρῶν
1230 4317 1466 4373 ἄϐυσσον
1482 4318 1782 4388 λογισμῶν,

209 4410 309 4462 καὶ
358 4409 561 4479 πλῆθος
596 4409 804 4479 νηπίων
855 4408 1237 4473 Βαϐυλωνίων,
1267 4409 1403 4464 ἀλλά
1454 4409 1547 4462 καὶ
1581 4407 1785 4479 ταύτην

208 4501 329 4555 λύει
345 4501 445 4572 τὴν
471 4501 707 4572 ἀπορίαν
733 4501 991 4573 Χριστὸς,
1013 4504 1127 4571 εῐγε
1149 4506 1214 4573 τῇ
1239 4503 1395 4573 βάσει
1419 4502 1519 4572 τῆς
1546 4501 1784 4565 διανοίας
1817 4536 1862 4593 D

208 4595 473 4665 διηνεκῶς
506 4595 594 4647 ἐπ’
623 4594 785 4647 αὑτὸν
808 4594 1093 4665 ίστάμεθα.
1123 4595 1204 4649 Τὰ
1233 4596 1287 4649 δὲ
1318 4596 1494 4650 πάντα
1530 4593 1784 4648 Βαϐυλώ-

210 4704 297 4740 νια
350 4687 521 4756 νήπια
564 4688 623 4739 ὲν
664 4688 731 4758 τῇ
774 4685 955 4757 πέτρᾳ
996 4685 1169 4757 ταύτῃ
1212 4687 1558 4756 sacomam;
1586 4690 1783 4742 ἐναπο-

192 4776 483 4849 ρκρούομεν
505 4776 1020 4847 πληροῦντες,κατὰ
1049 4776 1110 4830 τὸ
1139 4776 1341 4846 λόγιον,
1360 4778 1461 4849 τὴν
1489 4777 1784 4848 ἐπιθυμίαν

212 4868 372 4942 ἡμῶν
387 4869 447 4933 ἐξ
475 4869 675 4925 αὐτῶν.
700 4872 804 4937 ’ος
826 4869 958 4940 γὰρ,
986 4870 1146 4940 φησὶ,
1176 4870 1480 4940 φυλάσσει
1499 4869 1782 4935 ἐντολὴν,

189 4965 282 5018 ὀὐ
325 4962 619 5033 γνώσεται
653 4962 820 5030 ῥῆμα
856 4963 1165 5030 πονηρόν-ι
1217 4962 1396 5033 χωρὶς
1434 4963 1544 5033 γὰρ
1600 4961 1783 5033 ἐμοῦ,

189 5058 338 5127 ἐφη.
361 5057 435 5111 οὐ
462 5054 730 5110 δύνασθε
759 5053 954 5109 ποιεῖν
981 5054 1185 5110 οὐδέν.

277 5229 378 5293 νίζ’.
408 5221 580 5292 Οὗτος
604 5226 858 5299 ἀληθινὸς
885 5228 961 5300 τῷ
997 5228 1111 5282 ὄντι
1147 5229 1401 5300 μοναχὸς,
1425 5230 1455 5283 ὁ
1478 5229 1637 5300 νῆψιν
1650 5247 1783 5284 κατ-

209 5320 415 5388 ορθῶν·
446 5321 541 5373 καὶ⁵
563 5314 717 5383 οὗτος
750 5320 1003 5390 ἀληθινὸς
1018 5322 1303 5392 νηφάλιος,
1332 5322 1364 5375 ὁ
1394 5322 1453 5374 ὲν
1482 5320 1683 5391 καρδία
1705 5319 1781 5375 ὢν

210 5414 466 5484 μοναχός,

278 5511 383 5572 νη’.
426 5503 972 5574 Συμπαρεκτείνεται
1021 5504 1330 5575 ἀνθρώποις
1370 5506 1397 5558 ὀ
1431 5505 1545 5575 βίος
1589 5504 1646 5556 ἐν
1672 5503 1781 5557 ἔνι-

207 5597 409 5659 αυτοῖς,
446 5597 504 5647 ὲν
538 5597 728 5665 μησὶν,
761 5598 821 5650 ἐν
863 5597 1155 5653 ἑϐδομάσιν
1211 5599 1269 5657 ἐν
1302 5614 1361 5651 τε
1386 5599 1647 5668 ἡμέραις,
1682 5597 1778 5649 καὶ

286 5796 302 5829 ³
328 5796 468 5853 Psal.
506 5814 589 5865 xc,
621 5801 673 5854 8.
752 5799 771 5829 ’
804 5798 976 5854 Gul-at.
1011 5814 1083 5860 ιν,
1114 5797 1167 5850 6.
1224 5798 1243 5828 ³
1270 5797 1425 5853 Joan.
1461 5813 1536 5863 xi,
1573 5796 1664 5851 25.
1746 5796 1763 5827 ⁵

1899 5797 1931 5849 l.
1965 5812 2176 5861 (.xxxu,
2212 5796 2262 5849 5.
2341 5799 2360 5829 ⁵
2392 5794 2555 5850 Eecli.
2589 5811 2704 5859 vni,
2730 5795 2781 5849 5.

1891 3314 1945 3366 in
1976 3314 2133 3367 corda
2168 3323 2361 3382 vestra,
2387 3314 2724 3379 clamantem,
2755 3314 2922 3378 Abba,
2957 3313 3179 3372 Pater’.

1960 3485 2047 3541 55.
2087 3486 2165 3541 De
2196 3501 2360 3557 opere
2390 3487 2613 3557 spiritali
2651 3488 2943 3553 haesitabit,
2976 3487 3120 3543 etab
3157 3502 3223 3541 eo
3249 3487 3461 3543 alienus

1890 3580 1992 3633 erit
2019 3579 2194 3633 omnis
2231 3580 2549 3644 monachus,
2584 3581 2673 3651 qui
2706 3580 3118 3650 temperantiam
3146 3580 3313 3634 animi
3334 3590 3461 3639 ante

1888 3688 1996 3726 non
2022 3672 2248 3743 adeptus
2274 3673 2459 3738 fuerit,
2490 3681 2584 3727 aut
2612 3672 2936 3744 ignoraverit
2959 3675 3081 3741 ejus
3105 3671 3451 3741 dignitatem.

1888 3771 1982 3817 aut
2018 3761 2201 3817 scierit
2231 3763 2473 3833 quidem,
2511 3763 2605 3819 sed
2637 3762 2885 3818 socordia
2928 3762 3105 3817 victus
3152 3777 3273 3817 eam
3302 3777 3461 3816 exer—

1888 3866 2012 3906 cere
2051 3867 2160 3906 non
2194 3851 2385 3922 possit.
2420 3851 2534 3919 Qua
2560 3853 2748 3921 procul
2779 3851 2946 3907 dubio
2967 3851 3305 3907 dubitatione
3333 3851 3463 3905 libe-'

1890 3944 2114 4011 rabitur,
2139 3944 2229 3999 ubi
2248 3945 2450 4001 mentis
2471 3944 2911 4001 observationem
2943 3957 3231 4015 aggressus
3263 3941 3455 4008 fuerit:

1887 4051 2007 4105 qua:
2035 4045 2091 4090 et
2127 4044 2211 4091 est
2260 4045 2316 4091 et
2367 4037 2567 4092 dicitur
2614 4036 2957 4106 philosophia
3005 4033 3203 4089 mentis
3237 4032 3409 4086 activa
3446 4054 3457 4085 ;

1887 4126 2339 4195 quemadmodum
2363 4128 2502 4182 viam
2527 4128 2836 4197 appellavit,
2876 4142 2969 4197 qui
2993 4125 3163 4181 dixit;
3197 4122 3308 4194 Ego
3341 4139 3459 4179 sunt

1887 4219 1994 4284 via,
2022 4219 2351 4285 resurrectio,
2379 4228 2428 4272 et
2456 4219 2561 4272 vita
2580 4220 2620 4272 ³.

1958 4311 2047 4365 56.
2086 4312 2276 4367 Denuo
2314 4312 2607 4378 haesitabit,
2642 4312 2929 4367 attendens
2969 4311 3220 4382 abyssum
3252 4310 3461 4381 cogita-

1889 4404 2116 4471 tionum,
2143 4414 2199 4460 et
2225 4404 2628 4461 multitudinem
2653 4404 2999 4474 parvulorum
3020 4402 3458 4472 Babyloniorum.

1890 4496 1995 4551 Sed
2027 4498 2169 4553 hanc
2198 4497 2361 4552 etiam
2383 4496 2788 4552 hazsitationem
2822 4495 2984 4551 solvit
3006 4494 3279 4555 Christus.
3311 4494 3463 4547 dum-

1887 4590 2047 4645 tnodo
2080 4590 2131 4644 ei
2164 4590 2314 4645 velut
2339 4589 2507 4645 animi
2546 4588 2903 4643 fundamento
2932 4585 3280 4642 continenter
3318 4583 3463 4637 inni-

1891 4690 2085 4735 tamur.
2129 4680 2421 4736 Universos
2447 4688 2625 4737 autem
2657 4678 2976 4749 Babylonios
3004 4674 3298 4730 infantulos
3335 4674 3462 4730 huic

1888 4780 2059 4843 petra;
2109 4782 2368 4841 tanquam
2418 4771 2731 4840 pavimento
2785 4769 3081 4834 aliidimus,
3146 4766 3457 4836 implentcs.

1885 4865 2037 4936 juxta
2063 4865 2360 4935 eloquium,
2388 4864 2720 4920 desiderium
2748 4869 2995 4916 nostrum
3022 4874 3086 4915 ex
3124 4856 3258 4929 ipsis
3285 4856 3325 4910 ⁸⁵.
3358 4857 3461 4921 Qui

1889 4957 2049 5023 enim,
2090 4957 2291 5026 inquit,
2332 4958 2554 5011 custodit
2614 4962 2955 5025 prwceptum,
3011 4969 3115 5007 non
3164 4952 3464 5022 experietur

1892 5050 2179 5119 quidquam
2207 5049 2337 5106 mali
2357 5051 2404 5107 ⁸.
2431 5047 2566 5114 Quia
2589 5047 2701 5101 sine
2729 5062 2831 5110 me,
2859 5044 2959 5111 ait,
2989 5043 3119 5102 nihil
3138 5043 3349 5117 potestis
3378 5044 3461 5121 [a-

1892 5156 2006 5195 cere
2039 5141 2080 5195 ⁸.

1962 5232 2049 5287 57.
2088 5231 2184 5287 Hic
2214 5231 2459 5303 profecto
2499 5245 2661 5285 verus
2687 5234 2773 5283 est
2816 5225 3137 5289 monachus,
3186 5225 3279 5296 qui
3314 5234 3461 5281 recte

1892 5325 2305 5395 temperantiam
2338 5331 2584 5387 exercet;
2619 5330 2675 5376 et
2704 5319 2793 5373 hic
2823 5334 2955 5374 vere
2996 5326 3306 5388 temperans
3352 5326 3458 5377 est,

1888 5414 1981 5485 qui
2005 5415 2307 5469 monachus
2335 5422 2418 5469 est
2448 5412 2651 5467 animo.

1957 5504 2045 5560 58.
2092 5504 2209 5560 Vita
2240 5505 2523 5560 hominum
2550 5500 2914 5574 protenditur,
2952 5514 3051 5568 per
3077 5512 3273 5561 annos,
3301 5512 3457 5550 men-

1885 5610 1995 5661 ses,
2022 5595 2410 5661 hebdomadas,
2440 5596 2577 5661 dies,
2611 5593 2795 5655 horas,
2827 5599 3036 5655 noctes,
3078 5598 3134 5644 et
3182 5596 3453 5643 momenta

2862 5795 2881 5825 °
2906 5790 3062 5847 Joan.
3091 5806 3181 5855 xv,
3214 5789 3269 5845 5.
