4040 6456
539 351 673 420 1531

1730 335 2096 402 HESYCHII
2136 331 2616 396 PRESBYTERI

3680 314 3807 380 1532

536 467 803 526 revoluta.
830 460 1195 531 Quamobrem
1217 472 1324 515 una
1343 471 1469 514 cum
1492 454 1559 511 iis
1584 453 1875 526 oportebat
1902 460 2119 508 nostras
2147 499 2153 514 ,

2255 464 2416 521 ιραις,
2441 446 2539 501 καὶ
2567 443 2713 512 νυξὶ,
2738 441 2836 497 καὶ
2856 441 3121 513 στιγμαῖς
3144 434 3668 531 ἀνακυκλοῦμενοςς
3691 433 3812 531 τού-

536 559 837 617 secundum
869 556 1128 611 virtutem
1164 550 1512 623 operationes
1551 545 1878 618 protendere
1911 560 1925 597 :
1981 553 2122 599 tem-

540 651 839 725 perantiam
889 648 1033 712 dico,
1090 642 1481 716 precationem,
1539 638 1863 695 suavitatem
1916 634 2121 702 cordis,

540 760 667 801 cum
693 742 923 847 impigr:
954 738 1138 810 quiete
1166 748 1339 806 usque
1367 732 1434 788 ad
1464 731 1669 787 exitum
1702 738 1973 785 nostrum.

612 917 702 974 59.
738 915 1006 971 Obveniet
1033 910 1182 966 enim
1227 908 1387 964 nobis
1414 905 1677 963 terribilis
1710 906 1846 961 hora
1876 902 2072 959 mortis
2107 919 2122 956 :

546 1007 823 1072 Obveniet,
858 1019 961 1059 nec
1003 1002 1242 1073 effugere
1281 998 1489 1054 licebit.
1530 997 1709 1067 Atque
1756 996 1966 1050 utinam
2012 1004 2128 1048 tum

549 1098 776 1155 veniens
806 1095 1062 1166 princeps
1089 1090 1275 1146 mundi
1297 1098 1354 1145 et
1371 1090 1537 1153 aeris,
1570 1086 1890 1158 iniquitates
1913 1093 2132 1143 nostras

549 1190 784 1263 reperiat
812 1189 1033 1259 exiguas
1062 1195 1114 1241 et
1153 1184 1303 1239 leves
1327 1200 1342 1238 :
1376 1197 1447 1237 ne
1469 1179 1915 1251 deprehendatur
1942 1193 2129 1239 verax,

551 1294 608 1341 et
635 1284 838 1339 frustra
880 1281 1183 1351 lugeamus.
1219 1275 1318 1330 Ille
1357 1273 1497 1328 enim
1537 1287 1735 1338 servus,
1777 1270 1868 1339 qui
1895 1269 2133 1340 cognovit

553 1375 876 1432 voluntatem
910 1368 1123 1425 Domini
1152 1368 1255 1426 sui.
1285 1374 1333 1421 et
1361 1380 1465 1418 non
1497 1364 1615 1433 fecit
1635 1366 1921 1439 secundum
1949 1360 2135 1414 volun-

556 1477 717 1522 tatem
745 1466 861 1537 ejus
891 1467 1173 1535 (tanquam
1201 1459 1416 1529 servus)
1454 1456 1733 1529 vapulabit
1763 1455 1945 1510 multis
1972 1455 1990 1487 ⁷
2046 1454 2136 1510 in-

556 1559 694 1629 quit.

628 1735 715 1790 60.
761 1734 844 1789 Va:
871 1734 1088 1804 perditis
1121 1734 1275 1787 corde
1299 1734 1343 1799 ⁸,
1367 1732 1464 1787 ait.
1502 1730 1569 1786 Et
1593 1730 1724 1801 quid
1758 1728 1979 1796 facient,
2012 1744 2137 1783 cum

2220 557 2336 606 τοις
2364 540 2475 612 ἄρα
2504 537 2674 611 ἑχρῆν
2715 536 2812 592 καὶ
2839 536 2988 608 ἡμᾶς
3043 530 3547 605 συμπαρεκτείνειν
3598 523 3697 588 τὰς
3733 524 3814 578 ιν-

2223 634 2451 708 αρέτους
2479 632 2762 706 ἐργασίας,
2792 628 2938 700 φημὶ
2965 628 3033 700 δὴ
3073 628 3174 699 τὴν
3203 623 3377 695 νῆψίν
3405 637 3473 675 τε
3522 620 3623 673 καὶ
3642 617 3816 687 εὐχὴν.

2224 725 2321 781 καὶ
2357 723 2457 796 τὴν
2497 725 2599 795 τῆς
2637 719 2869 793 καρδίας
2912 718 3157 791 ήδύτητα
3202 714 3298 769 ἐπὶ
3348 710 3595 785 ἐμμελεῖ
3632 709 3818 779 ἠσυχίᾳ

2231 815 2430 889 μέχρις
2451 814 2635 881 ἐξόδου
2663 812 2844 885 ήμῶν.

2297 886 2399 963 νθ’.
2442 904 2834 960 Ἐπελεύσεται
2870 902 2982 974 γάρ
3034 900 3156 971 ὥρα
3208 898 3297 966 ἐφ’
3331 895 3487 966 ἡμᾶς
3546 886 3821 960 φοὸερὸὴ

2226 993 2324 1048 τοῦ
2359 992 2594 1049 θανάτου
2617 1034 2632 1059 ,
2668 991 2957 1045 ἐλεύσεται
3002 990 3121 1066 καὶκ
3144 986 3433 1056 διαφυγεῖν
3474 982 3546 1036 οὐ
3585 978 3823 1032 δυνατόν.

2230 1086 2344 1141 Καὶ
2375 1085 2490 1141 ire;
2518 1088 2548 1140 ό
2584 1085 2682 1140 τοῦ
2728 1085 2938 1156 κόσμου
2983 1084 3079 1137 καὶ
3118 1080 3213 1135 τοῦ
3262 1080 3429 1151 ἀέρος
3474 1076 3675 1147 ἄρχων
3715 1069 3825 1123 τότι

2231 1182 2551 1255 ἐρχόμενος.
2581 1179 2840 1251 εὑρήσειε
2885 1176 2953 1231 τά
2985 1174 3145 1246 ἡμῶν
3191 1173 3539 1243 ἀνομήματα
3580 1165 3741 1233 ὀλίγα
3774 1180 3825 1216 τι

2232 1275 2327 1330 καὶ
2356 1273 2602 1339 εὐτελέα,
2639 1272 2726 1327 ῖνα
2762 1271 2838 1343 μὴ
2874 1268 3073 1341 ἐλέγξῃ
3103 1266 3414 1339 ἀληθεύων,
3446 1262 3556 1317 καὶ
3587 1256 3826 1313 κλαύσω-

2238 1384 2337 1439 μεν
2361 1364 2615 1436 ἀνωφελῆ
2633 1405 2647 1419 .
2690 1362 2953 1428 Ἐκεῖνος
2992 1359 3104 1432 γὰρ
3153 1361 3187 1413 ό
3222 1356 3448 1423 δοῦλος
3480 1360 3518 1411 ό
3559 1350 3750 1423 γνοὺς
3772 1348 3829 1401 τό

2236 1459 2468 1527 θέλημα
2491 1455 2599 1511 τοῦ
2636 1456 2848 1526 κυρίου
2878 1451 3102 1517 αὐτοῦ,
3137 1450 3237 1507 καί
3273 1448 3360 1520 μὴ
3386 1449 3673 1519 ποιήσας
3699 1451 3832 1519 πρὸς

2239 1552 2306 1606 τὸ
2351 1550 2583 1622 θέλημα
2626 1548 2838 1615 αὑτοῦ,
2882 1546 2960 1611 ὡς
3006 1544 3197 1609 δοῦλος
3235 1542 3579 1613 δαρήσεται
3623 1547 3831 1609 πολλὰ,

2242 1642 2549 1803 “itabat
2591 1733 2717 1801 τοῖς
2745 1731 3173 1788 ἀπολωλεκόσι
3216 1728 3336 1797 τὴν
3367 1727 3661 1797 καρδίαν.
3694 1730 3833 1799 ensi.

560 1824 828 1908 inspicere
866 1824 1093 1895 coeperit
1120 1822 1418 1878 Dominus?
1453 1821 1684 1883 Idcirco,
1713 1820 1931 1886 fratres,
1978 1820 2138 1875 nobis

2255 1827 2352 1880 Kal.
2393 1826 2450 1880 τί
2478 1825 2782 1897 ποιήσωσιν
2829 1824 2960 1877 ὅταν
3004 1820 3415 1891 ὲπισκὲπτηται
3468 1818 3724 1890 Κῦριος;
3764 1823 3837 1875 διδ

560 1917 974 1973 elaborandum.

631 2009 723 2063 6i.
758 2006 1192 2077 Cogitationibus
1232 2004 1575 2075 simplicibus
1618 2013 1675 2059 et
1709 2002 2001 2058 aﬂ‘ectione
2043 2016 2145 2057 va-

563 2101 702 2167 cuis,
737 2099 850 2155 fere
878 2098 1180 2154 succedunt
1213 2096 1333 2150 aliae
1369 2095 1721 2150 aﬂcctionum
1758 2094 1934 2164 plena:
1975 2108 2143 2164 :per-

566 2192 693 2248 inde
718 2208 784 2248 ac
809 2206 1037 2262 serpens
1088 2189 1335 2258 sequitur
1359 2187 1669 2243 columbam
1703 2187 1769 2241 ad
1811 2186 1987 2256 pullos
2014 2201 2144 2241 suos

565 2283 917 2339 accedentem
950 2298 963 2335 ;
994 2289 1054 2334 ut
1099 2280 1355 2335 diuturna
1403 2277 1738 2348 experientia
1786 2286 1843 2332 et
1884 2277 2144 2331 observa-

571 2375 720 2429 tione
757 2372 1147 2444 comperimus.
1192 2371 1290 2436 Ac,
1324 2377 1385 2425 ut
1412 2368 1627 2441 opinor,
1674 2369 1885 2440 priores
1932 2369 2145 2442 cogita-

568 2464 746 2519 tiones
799 2462 1195 2535 posterioribus
1236 2461 1484 2532 praebent
1529 2459 1739 2515 aditum
1779 2477 1793 2514 :
1836 2468 1893 2516 et
1945 2459 2147 2517 affectu

568 2565 836 2612 carentes.
868 2552 1213 2608 aﬂectionem
1249 2551 1603 2611 sectantibus.

639 2645 728 2700 ϐξ.
780 2645 1234 2715 Quandoquidem
1292 2644 1456 2698 homo
1519 2642 1768 2697 bifariam
1825 2642 2149 2699 dividendus

568 2749 653 2794 cst
683 2757 697 2793 :
728 2738 917 2810 partiri
973 2738 1120 2793 enim
1148 2738 1431 2803 debemus,
1456 2746 1517 2792 ut
1540 2737 1671 2804 dixi,
1702 2737 1759 2792 in
1791 2738 2149 2805 voluntatem,

569 2836 628 2883 et
689 2828 1024 2882 intellectum
1092 2827 1582 2898 sapientissimum.
1646 2825 1853 2883 Horum
1902 2828 1993 2899 qui
2046 2829 2153 2884 erit

572 2919 847 2982 inimicus,
883 2920 1002 2973 sine
1053 2918 1219 2973 dubio
1272 2918 1443 2989 ipsius
1485 2917 1725 2974 hominis
1778 2919 2154 2975 irreconcilia-

574 3013 699 3068 bilis
728 3012 900 3067 hostis
936 3010 1062 3066 erit.
1085 3010 1205 3077 Quo
1237 3009 1402 3082 igitur
1422 3012 1619 3066 ail'ectu
1654 3027 1777 3067 esse
1810 3021 1995 3082 potest
2029 3012 2154 3083 quis

576 3121 703 3176 erga
743 3120 890 3170 eum,
921 3120 952 3159 a
992 3119 1101 3174 quo
1156 3103 1320 3158 nimis
1369 3103 1567 3159 acerbe
1614 3112 1673 3158 et
1719 3103 2038 3174 frequenter
2083 3105 2157 3161 sit

522 3218 524 3221 τ
577 3195 807 3251 amictus
839 3212 851 3249 :
878 3204 934 3251 et
957 3197 1051 3257 ita.
1076 3204 1137 3251 ut
1159 3194 1323 3250 etiam
1362 3196 1610 3266 graviore
1649 3195 1720 3250 sit
1747 3195 1979 3252 affectus
2008 3197 2156 3268 inju-

579 3291 681 3353 ria,
737 3290 783 3345 si
840 3291 1061 3360 quidem
1102 3305 1204 3345 nos
1258 3298 1407 3345 recte
1453 3304 1645 3360 gerere
1699 3291 1952 3346 volumus
2004 3291 2158 3361 juxta

578 3398 852 3438 summum
887 3392 942 3438 et
976 3382 1211 3453 primum
1254 3380 1605 3437 mandatum?
1648 3380 1777 3437 Dico
1834 3398 1967 3437 sane
2006 3383 2158 3439 illum

578 3474 783 3530 Christi
805 3475 1276 3531 conversationem
1316 3473 1517 3529 imitari
1558 3473 1781 3539 debere,
1831 3474 2046 3529 beatam
2076 3475 2160 3529 vi-

581 3567 782 3623 delicet
808 3567 1166 3623 humilitatem
1194 3566 1314 3630 Dei,
1339 3583 1500 3637 quam
1523 3567 1838 3621 incarnatus
1867 3568 2156 3637 expressit,

582 3659 715 3715 dum
769 3658 826 3717 in
880 3658 1086 3714 mundo
1138 3667 1469 3714 versaretur.
1528 3658 1669 3713 Hinc
1696 3657 1993 3728 Apostolus
2041 3658 2157 3712 ait:

582 3750 711 3818 Quis
765 3766 848 3805 me
899 3750 1137 3805 liberabit
1170 3751 1235 3804 de
1277 3765 1489 3819 corpore
1512 3749 1695 3803 mortis
1737 3748 1893 3818 hujus
1924 3751 1945 3781 '
1976 3751 1999 3803 ’ί
2034 3748 2162 3820 Legi

582 3842 731 3898 enim
776 3840 869 3897 Dei
925 3857 1037 3897 non
1115 3840 1426 3909 subjicitur.
1483 3838 1554 3894 Ut
1613 3849 1797 3895 autem
1848 3840 2165 3896 ostenderet

584 3934 819 3990 subdere
858 3949 1058 4004 corpus
1103 3931 1368 3987 voluntati
1412 3931 1631 3996 divinae,
1677 3947 1801 3988 esse
1833 3932 1901 3988 de
1934 3949 2165 3990 numero

534 4014 537 4017 ’
584 4042 777 4082 eorum
804 4042 926 4097 qua:
955 4034 1084 4082 sunt
1116 4026 1170 4081 in
1194 4032 1464 4096 potestate
1492 4033 1700 4091 nostra,
1733 4025 1874 4081 dixit
1898 4044 1910 4080 :
1937 4024 1997 4081 Si
2025 4028 2165 4081 enim

586 4134 680 4173 nos
726 4118 865 4186 ipso:
912 4116 1355 4186 diiudicaremus,
1402 4132 1506 4169 non
1550 4116 1730 4187 utique
1742 4115 2112 4186 judicaremur
2138 4132 2158 4173 :

585 4212 711 4265 dum
726 4210 1038 4280 judicamar
1060 4218 1260 4273 autem,
1292 4224 1325 4261 a
1349 4207 1576 4262 Domino
1598 4209 1918 4279 corripimur
1947 4209 2011 4263 ".

656 4295 746 4351 63.
786 4293 1003 4349 Initium
1058 4295 1353 4350 fertilitatis
1402 4304 1487 4350 est
1546 4296 1646 4351 llos
1707 4314 1722 4352 :
1776 4299 2167 4355 conservandae

586 4402 716 4444 vero
769 4387 972 4443 mentis
1005 4386 1331 4461 principium
1355 4395 1440 4442 est
1465 4389 1826 4458 temperantia
1872 4405 1901 4442 a
1941 4389 2079 4444 cibis
2112 4398 2169 4445 et

2242 1917 2605 1973 σπουδαστέον
2631 1917 2788 1988 ήμῖν,
2817 1913 3058 1983 ἀδελφοί.

2312 2008 2416 2074 ξα’.
2450 2008 2578 2071 Τοῖς
2602 2006 2794 2069 ἁπλοῖς
2824 2006 2919 2059 καὶ
2950 2001 3352 2075 άπαθεστέροις
3369 2001 3542 2073 δῆθεν
3564 2001 3837 2071 λογισμοῖς

2240 2102 2289 2154 οί
2329 2099 2600 2171 ἐμπαθεῖς
2637 2098 3005 2171 παρέπονται,
3052 2096 3238 2161 καθὼς
3289 2095 3541 2168 εὕρομεν
3578 2095 3838 2166 πολυχρο-

2241 2192 2341 2263 νίῳ
2380 2191 2550 2263 πείρᾳ
2592 2207 2655 2244 τε
2686 2190 2782 2243 καὶ
2817 2188 3245 2262 παρατηρήσει,
3274 2187 3470 2259 ὥσπερ
3515 2188 3654 2257 δφις
3694 2204 3839 2257 περιο

2246 2286 2417 2357 στερᾷ
2440 2282 2798 2357 είσερχομένη
2825 2282 2883 2336 δν
2912 2281 3021 2351 ίδίᾳ
3046 2281 3240 2353 νοσσιᾷ
3258 2297 3273 2312 ·
3297 2281 3376 2345 ὡς
3404 2276 3594 2351 οἶμαι,
3623 2281 3674 2333 οί
3700 2281 3840 2351 πρῶ-

2243 2394 2329 2431 τοι
2370 2375 2624 2449 λογισμοὶ
2669 2375 2877 2438 εἴσοδος
2922 2374 3035 2429 τῶν
3079 2373 3354 2447 δευτέρων
3398 2374 3716 2445 γινόιιενοι,
3754 2375 3838 2427 καὶ

2244 2470 2355 2525 τῶν
2381 2467 2650 2541 ὲμπαθῶν
2680 2468 2730 2522 oi
2752 2466 3009 2531 ἀπαθεῖς.

2321 2650 2418 2722 ξβ’.
2451 2650 2544 2723 Τῷ
2566 2649 2805 2723 δντιγάρ
2828 2648 2951 2720 διχῆ
2979 2647 3280 2719 τέμνεσθαι
3316 2647 3399 2702 δεῖ
3429 2644 3751 2717 ἄνθρωπον,
3778 2648 3835 2717 τῇ

2250 2743 2568 2817 προαιρέσει
2591 2743 2687 2797 καὶ
2717 2742 2929 2813 ἐπινοίᾳ
2962 2741 3254 2813 σοφωτάτῃ
3282 2739 3573 2811 σχίζεσθαι
3617 2738 3743 2809 χρὴ,
3770 2739 3835 2802 ὡς

2252 2838 2411 2910 ἔφην.
2447 2837 2558 2892 Καὶ
2606 2836 2799 2907 ἐχθρὸς
2842 2835 3051 2898 αὐτοῖς,
3083 2836 3179 2888 καὶ
3214 2832 3381 2887 αὐτοῦ
3430 2828 3577 2887 εἶναι
3611 2830 3837 2885 ἀκατάλ-

2251 2930 2448 2993 λακτος
2499 2929 2769 3001 προσήκει
2819 2926 3059 2998 ἀληθῶς.
3121 2926 3256 2980 Οἴαν
3318 2919 3416 2979 οῦν
3467 2941 3560 2989 τις
3610 2923 3839 2977 διάθεσιν

2253 3020 2429 3074 διόλου
2455 3020 2595 3091 ἔχων
2616 3018 2893 3092 ἀνθρώπῳ
2919 3018 3028 3071 τινὶ
3056 3017 3251 3081 δεινῶς
3282 3017 3427 3085 ἄγαν
3452 3017 3559 3070 καὶ
3592 3014 3839 3075 πολλάκις

2258 3113 2572 3183 ὲκθλίψαντί
2608 3130 2667 3167 τε
2691 3113 2788 3168 καὶ
2839 3113 3208 3183 ἀδικήσαντι.
3246 3111 3452 3176 οὕτως,
3490 3110 3528 3179 ἢ
3576 3110 3673 3161 καὶ
3718 3108 3839 3159 πολὺ

2260 3208 2463 3271 πλεῖον,
2492 3206 2606 3274 εῐγε
2650 3204 2954 3277 βουλόμεθα
2993 3201 3399 3274 κατορθοῦσθαι
3444 3201 3551 3273 τὴν
3606 3198 3839 3268 μεγάλην

2259 3314 2319 3351 τε
2348 3297 2443 3349 καὶ
2461 3295 2688 3368 πρώτην
2712 3295 2931 3365 ἐντολὴν
2951 3334 2967 3360 ,
2998 3312 3073 3364 φη
3085 3294 3145 3363 μὶ
3175 3292 3241 3364 δὴ
3280 3294 3379 3363 τὴν
3409 3289 3660 3361 Χριστοῦ
3698 3285 3837 3342 πολι-

2258 3389 2429 3454 τείαν,
2458 3387 2561 3460 τὴν
2601 3387 2881 3458 μακαρίαν
2898 3386 3257 3448 ταπείνωσιν,
3288 3385 3388 3455 τὴν
3422 3383 3697 3454 ἒνσαρκον
3719 3379 3839 3433 Θεοῦ

2263 3481 2481 3554 βιοτήνς
2523 3478 2648 3535 ὅθεν
2678 3480 2846 3551 φησὶν
2877 3479 2907 3532 δ
2954 3479 3308 3541 Ἀπόστολος.
3354 3476 3453 3543 Τίς
3485 3491 3570 3544 με
3605 3475 3839 3543 ῥύσεται

2261 3574 2331 3628 ἐκ
2372 3572 2479 3627 τοῦ
2521 3573 2798 3641 σώματος
2842 3571 2949 3627 τοῦ
2992 3570 3257 3625 θανάτου
3301 3570 3562 3633 τούτους
3609 3567 3700 3635 Τῷ
3744 3565 3838 3635 γάρ

2263 3666 2413 3736 νόμῳ
2439 3663 2533 3718 τοῦ
2582 3663 2721 3718 Θεοῦ
2765 3663 2864 3735 οὐχ
2909 3662 3303 3717 ὑποτάσσεται.
3348 3659 3837 3724 Δεικνὺςδὲότιτδ

2263 3754 2531 3820 ὑποτάξαι
2558 3753 2620 3807 τδ
2652 3754 2813 3824 σῶμα
2860 3752 2998 3826 πρὸς
3024 3752 3087 3806 τὸ
3123 3752 3220 3806 τοῦ
3263 3751 3402 3805 θεοῦ
3452 3751 3710 3822 θέλημα,
3744 3750 3837 3801 τῶν

2264 3848 2350 3917 ἐφ’
2377 3850 2512 3918 ἡμῖν
2563 3846 2735 3911 ἐστιν,
2781 3846 2910 3916 εφη,
2949 3847 3020 3899 Ei
3063 3845 3174 3915 γὰρ
3210 3845 3465 3912 ἑαυτοὺς
3519 3844 3832 3912 expia-aper,

2263 3943 2376 3995 οὐκ
2415 3939 2493 3995 ἂν
2529 3939 2911 4010 ἐκρινόμεθα·
2960 3940 3299 4009 κρινόμενοι
3339 3936 3429 4004 δὲ,
3480 3936 3606 3991 ὑπὸ
3640 3936 3835 4004 Κυρίου

2265 4032 2683 4103 παιδευόμεθα.

2339 4302 2438 4371 ξγ⁹.
2497 4304 2666 4375 Ἀρχὴ
2721 4305 2818 4374 μὲν
2879 4303 3303 4374 καρποφορίαςο
3356 4301 3553 4363 ἄνοον
3605 4298 3745 4371 ἀριὴ
3784 4297 3833 4350 si

2266 4397 2550 4467 τηρήσεως
2584 4394 2700 4461 νοῦ,
2737 4395 3043 4467 βρωμάτων
3080 4394 3382 4465 ἐγκράτεια
3423 4391 3520 4444 καὶ
3567 4392 3830 4460 πομάτων.

588 4481 845 4553 potibus:
890 4495 1339 4551 quarumcunque
1367 4481 1532 4535 etiam
1572 4480 1963 4553 cogitationum
1994 4484 2153 4538 abne-

2271 4488 2366 4543 xal.
2416 4486 2688 4541 παντοίων
2737 4486 3017 4557 λογισμῶν
3061 4485 3292 4559 ἄρνησις
3339 4482 3437 4538 καὶ
3492 4480 3706 4551 ἀποχὴ,
3758 4477 3833 4533 καὶ

588 4572 731 4645 gatio
781 4580 839 4628 et
886 4571 1234 4637 abstinentia,
1287 4586 1505 4627 necnon
1560 4573 1922 4629 tranauillitas
1987 4574 2153 4630 cordis

2273 4578 2477 4651 ἡσυχία
2498 4578 2743 4652 καρδίας.

590 4664 783 4721 nostri.

657 4754 748 4810 64.
782 4752 920 4810 Cum
950 4767 1139 4808 sumus
1183 4751 1239 4808 in
1270 4750 1493 4809 Christo
1529 4752 1662 4809 .lesu
1710 4753 1933 4822 ﬁrmati,
1973 4762 2030 4811 et
2066 4753 2169 4812 sub

591 4847 757 4903 tutela
805 4846 1179 4916 temperantiae
1230 4846 1451 4901 educari
1526 4846 1891 4915 ceperimus,
1943 4855 2173 4918 apparet

591 4938 750 4994 nobis
779 4937 836 4993 in
872 4938 1056 4993 animo
1088 4937 1323 5009 primum
1358 4936 1507 4991 velut
1550 4936 1780 5007 lampas,
1828 4952 1970 5008 quae,
2015 4937 2173 5008 quasi

594 5045 759 5084 manu
788 5031 988 5086 mentis
1011 5046 1042 5085 a
1063 5029 1224 5086 nobis
1251 5035 1523 5094 teneatur,
1551 5029 1718 5084 animi
1751 5030 1922 5085 nostri
1949 5029 2175 5086 semitas

592 5121 798 5193 dirigit.
839 5120 1064 5189 Deinde,
1104 5131 1365 5191 tanquam
1410 5121 1539 5176 luna
1582 5121 1791 5192 integre
1827 5121 2017 5177 lucens
2059 5122 2170 5179 cir-

596 5212 959 5267 cumvolvitur
1007 5212 1062 5267 in
1114 5211 1463 5269 firmamento
1522 5213 1723 5268 cordis.
1780 5212 1974 5269 Postea
2045 5229 2179 5271 vero

596 5303 755 5359 nobis
781 5308 1025 5372 apparet.
1059 5309 1121 5356 ut
1148 5301 1251 5368 sol,
1290 5301 1473 5365 Jesus,
1504 5301 1784 5357 radiorum
1817 5302 1991 5358 instar
2033 5304 2179 5360 sola-

600 5398 1055 5471 rium-justitiam
1102 5398 1365 5454 emittens
1416 5413 1430 5451 :
1488 5398 1786 5454 ostendens
1833 5398 2043 5454 scilicet
2088 5413 2149 5453 se

604 5491 803 5561 ipsum,
834 5500 895 5548 ut
932 5490 1040 5561 ille,
1066 5499 1123 5548 et
1147 5489 1582 5563 speculationum
1611 5489 1872 5562 suiipsius
1919 5490 2179 5562 praeclara

604 5583 829 5641 lumina.

677 5764 696 5795 ⁷
729 5762 857 5817 Luc.
887 5776 984 5829 xu,
1014 5760 1101 5816 47.
1180 5763 1202 5795 ⁸
1227 5759 1395 5818 Eccli.
1430 5778 1488 5824 ιι,
1536 5760 1618 5815 l5.

2345 4750 2439 4820 ξδ’.
2481 4750 2571 4805 Ἐν
2600 4747 2823 4822 Χριστῷ
2862 4746 3042 4821 Ἰησοῦ
3085 4742 3540 4816 δυναμουμένοις,
3577 4740 3676 4794 καὶ
3700 4736 3832 4806 νήφει

2273 4844 2581 4916 ἀσφαλείας
2602 4843 2826 4915 τρέφειν
2852 4840 3186 4913 ἀρξαμένοις
3212 4838 3291 4901 ὼς
3321 4836 3546 4907 λαμπάς
3589 4834 3719 4904 ἡμῖν
3751 4846 3831 4882 κα-

2276 4936 2623 5007 ταφαίνεται,
2650 4936 2711 4989 ὲν
2742 4934 2824 4988 νοῒ
2866 4932 3105 5005 πρῶτον,
3147 4928 3279 5000 παρ’
3304 4927 3463 4999 ήμῶν
3508 4921 3600 4979 οἷα
3630 4937 3834 4993 κρατου-

2281 5030 2418 5102 μένη
2460 5030 2519 5081 ὲν
2556 5028 2705 5099 χειρὶ
2736 5026 2852 5091 νοῦ,
2888 5023 2984 5079 καὶ
3031 5019 3303 5093 όδηγοῦσα
3346 5019 3483 5090 ἡμῖν
3503 5016 3724 5089 τρίϐους
3745 5011 3834 5065 ὀισ-

2277 5122 2461 5186 νοίας’
2493 5120 2682 5175 ἔπειτα
2726 5120 2803 5182 ὡς
2850 5117 3051 5189 σελήνη
3103 5113 3370 5185 παμφαὴς
3407 5111 3466 5164 ὲν
3520 5104 3836 5177 περεὼματι

2279 5212 2507 5285 καρδίας
2550 5208 2954 5283 περιπολοῦσα·
2982 5205 3303 5277 ,μετέπειτα
3339 5202 3398 5255 δὲ
3436 5202 3690 5268 φαίνεται
3735 5195 3837 5262 ἡμῖν

2281 5311 2358 5376 ὡς
2398 5310 2551 5382 ἥλιος
2601 5304 2812 5379 Ἰησοῦς
2855 5302 3209 5372 δικαιοσύνην
3261 5289 3837 5385 ήλιοσολῶνηδηλονόπ

2286 5381 2500 5464 δεικνὺς
2538 5398 2727 5454 ἑαυτὸν
2756 5398 2833 5461 ὡς
2875 5395 3111 5458 ἐκεῖνος,
3152 5391 3249 5446 καὶ
3302 5390 3372 5444 τὰ
3422 5383 3621 5441 ἑαυτοῦ
3661 5381 3836 5449 ὀλοφιῆ

2289 5494 2444 5566 φῶτα
2468 5493 2538 5546 τὰ
2569 5493 2676 5545 τῶν
2708 5486 3102 5559 θεωρημάτων.

1725 5760 1743 5790 θ
1784 5758 1937 5812 llum.
1970 5771 2064 5820 γη,
2090 5756 2177 5810 2i.
2257 5754 2300 5786 ³ο
2329 5752 2346 5808 l
2379 5752 2505 5807 Cor.
2545 5768 2605 5817 ιι,
2644 5751 2732 5804 bl.
