4040 6430
239 342 388 414 υμετι

962 350 1058 411 DE
1080 349 1626 411 TEMPERANTIA
1662 350 1757 408 ΕΤ
1799 347 2156 415 VIRTUTE.
2198 377 2265 391 -
2303 353 2692 416 CENTURIA
2733 355 2814 415 II-

3348 351 3488 421 1534

310 460 401 526 ἔτ’.
425 459 610 514 Ταῦτα
647 460 926 532 μυστικῶς
954 460 1332 516 ἀποκαλύπτει
1361 460 1439 531 νῷ
1469 460 1723 533 ἑπομένῳ
1748 460 1813 529 τῇ

1988 462 2079 517 65.
2120 462 2316 519 lsthtec
2358 464 2579 535 mystice
2613 456 2818 521 revelat
2859 465 3041 520 animo
3084 465 3483 538 obtemperanti

228 551 427 624 ἐντολῇ
482 552 647 607 αὑτοῦ
706 554 773 624 τῇ
824 553 1144 625 φασκούσῃ,
1201 554 1312 607 Kal
1368 553 1815 623 περιτεμεῖσθε,

227 646 393 717 φησι,
420 644 533 713 τὴν
576 646 1073 715 σκληροκαρδίαν
1104 645 1295 716 ὑμῶν.
1325 648 1434 701 Καὶ
1466 647 1544 712 ὡς
1574 648 1814 719 είρηται,

227 736 446 801 ἐννοίας
476 738 719 806 ὲξαισίας
744 738 1049 793 ἐκδιδάσκει
1084 738 1375 810 ἀνθρώπου
1402 739 1618 811 νῆψιςή
1646 756 1819 794 σπου-

226 829 359 883 δαία
383 846 396 859 ο
419 830 480 883 τὸ
511 830 620 901 γὰρ
648 832 801 884 Θεῖον
845 830 1389 903 ἀπροσωπόληπτον,
1422 832 1546 886 ὅθεν
1592 832 1758 902 φησὶν
1788 830 1818 884 ό

226 921 464 992 Κύριος,
502 921 887 995 Ἀκούετέκμου
912 922 1007 976 καὶ
1037 921 1271 977 συνίετε.
1298 924 1403 988 Ὃς
1426 921 1536 992 γὰρ
1556 919 1634 975 ἂν
1662 920 1813 989 ἔχοι.

226 1009 556 1080 δοθήσεται
594 1009 758 1077 αὐτῷ
798 1009 896 1064 καὶ
929 1010 1473 1080 περισσευθήσεται
1493 1024 1510 1041 ⁸
1549 1008 1617 1076 ὃς
1639 1009 1708 1063 δὲ
1729 1006 1816 1079 μὴ

225 1106 263 1160 ἕ
268 1122 385 1173 χει,
408 1104 507 1158 καί
534 1102 565 1157 ὃ
590 1104 757 1157 δοκεῖ
781 1103 967 1170 ἔχειν,
988 1103 1312 1173 ἀρθήσεται
1332 1102 1435 1158 ἀπ’
1452 1099 1661 1158 αὐτοῦ.
1684 1101 1815 1166 Καὶ,

232 1196 370 1260 Τοῖς
407 1193 686 1265 ἀγαπῶσι
724 1194 833 1248 τὸν
869 1194 1039 1261 Θεὸν,
1084 1192 1282 1247 πάντα
1319 1190 1607 1263 συνεργεῖ
1635 1193 1723 1258 είς
1749 1190 1818 1246 τὸ

222 1287 475 1356 ἀγαθόν.
518 1284 703 1357 Πολ)ιῷ
731 1284 863 1356 γοῦν
909 1285 1108 1357 μᾶλλον
1134 1284 1284 1356 αύτῷ
1308 1284 1366 1340 αἱ
1400 1282 1594 1356 ἀρεταὶ
1625 1299 1819 1355 συνερ-

222 1380 518 1449 γήσουσιν.

299 1469 406 1536 ξς·’.
433 1471 509 1525 Οὐ
552 1468 925 1540 περιπατήσει
958 1467 1144 1522 πλοῖον
1175 1466 1347 1521 πολλά
1392 1466 1568 1536 μίλια,
1608 1465 1816 1520 ὑδάτων

214 1565 417 1634 χωρὶς,
448 1563 542 1616 καὶ
573 1561 667 1615 νοῦ
688 1562 924 1633 τήρησις
956 1562 1068 1614 οὐδ’
1108 1562 1246 1625 ὅλως
1282 1560 1623 1631 προϐήσεται
1648 1561 1818 1634 χωρὶς

210 1654 436 1726 νήψεως
467 1654 564 1707 σὺν
588 1652 916 1707 ταπεινώσει
946 1654 1039 1706 καὶ
1069 1653 1201 1724 εύχῇ
1246 1650 1419 1725 Ἰησοῦ
1449 1651 1683 1724 Χριστοῦ
1742 1632 1807 1704 δι’

212 1746 369 1818 δλης.

1922 566 2194 624 ιιι-ποοριο
2220 554 2360 623 eius,
2388 556 2529 626 quod
2565 555 2715 620 dicit,
2750 555 2816 610 Et
2846 557 3245 625 circumcidetis,
3293 559 3488 629 inquit,

1920 645 2175 701 duritiam
2196 647 2364 702 cordis
2387 648 2539 701 vestri
2564 646 2629 701 “.
2653 645 3033 717 Temperantia
3058 664 3273 720 quoque
3307 651 3487 704 homi-

1919 736 2007 790 nis
2047 735 2334 807 diligenter
2360 736 2590 801 exculta,
2631 737 2894 792 sublimes
2920 738 3081 793 docet
3106 748 3162 793 et
3180 738 3488 809 intelligen—

1920 827 2043 893 tias,
2079 835 2139 883 ut
2158 828 2361 884 dictum
2394 838 2478 884 est
2506 846 2520 883 :
2552 829 2676 899 quia
2698 845 2901 884 numen
2940 830 3178 884 divinum
3201 846 3486 899 personam

1919 935 2028 975 non
2056 920 2267 991 accipit.
2284 920 2436 977 Unde
2466 922 2721 977 Dominus
2746 921 2854 976 ait:
2876 920 3071 976 Audite
3088 937 3193 985 me,
3212 933 3265 976 et
3293 922 3489 977 intelli-

1919 1012 2048 1084 gite,
2104 1011 2331 1065 Habenti
2380 1012 2611 1077 dabitur,
2660 1021 2707 1065 et
2740 1011 3069 1075 abundabit;
3099 1012 3147 1065 ei
3174 1021 3351 1065 autem
3395 1013 3486 1081 qui

1919 1120 2022 1157 non
2040 1103 2215 1168 liabet,
2241 1111 2290 1156 et
2322 1104 2459 1174 quod
2474 1103 2676 1157 videtur
2704 1103 2913 1165 habere,
2947 1104 3216 1173 auferetur
3243 1103 3308 1156 ab
3334 1119 3394 1157 co
3418 1105 3484 1158 ι’.

1917 1196 2391 1267 Et:Diligentibus
2431 1195 2618 1261 Deum,
2679 1195 2854 1248 omnia
2912 1204 3256 1263 cooperantur
3304 1196 3357 1248 in
3405 1196 3492 1249 bo.

1919 1306 2044 1343 nam
2079 1288 2144 1343 ⁸³.
2174 1287 2388 1355 Quanto
2428 1288 2599 1360 magis
2632 1295 2780 1349 certe
2807 1287 3247 1357 cooperabuntur
3290 1289 3337 1343 ei
3372 1288 3484 1343 vir—

1921 1390 1974 1436 tu
1982 1389 2064 1436 tes

1989 1472 2077 1527 66.
2118 1471 2284 1528 Navis
2313 1473 2481 1527 multa
2509 1473 2675 1530 millia
2711 1491 2821 1530 non
2860 1476 3254 1546 perambulabit
3282 1477 3488 1545 absque

1918 1582 2095 1636 aqua:
2150 1566 2225 1621 ita
2265 1568 2606 1622 conservatio
2647 1569 2850 1624 mentis
2886 1569 3021 1625 citra
3072 1568 3486 1639 temperantiam

1917 1662 2163 1732 junctam
2230 1658 2539 1723 humilitati,
2580 1668 2636 1713 et
2683 1661 3046 1730 implorationi
3106 1662 3236 1717 Jesn
3285 1660 3485 1717 Christi

1921 1754 2171 1815 assidua,
2203 1766 2542 1821 nequaquam
2576 1751 2839 1821 proﬁciet.

289 1841 389 1905 ξς.
418 1840 581 1894 (ὶίκου
614 1839 885 1911 θεμέλιος,
909 1839 1048 1894 λίθοι
1073 1857 1087 1873 ο
1126 1838 1330 1911 ταύτης
1358 1838 1416 1892 δὲ
1447 1838 1546 1907 τῆς
1582 1836 1806 1905 ἀρετῆς,

1987 1845 2076 1899 67.
2110 1843 2543 1898 Fundamentum
2612 1842 2805 1899 domus
2855 1852 2982 1898 sunt
3031 1843 3274 1913 lapides:
3322 1844 3486 1913 hujus

214 1932 315 1984 καὶ
343 1931 607 2001 θεμέλιοι,
639 1934 731 1986 καὶ
759 1931 979 2003 ὅροφοι,
1003 1934 1064 1984 τὸ
1106 1929 1486 2002 προσκυνητὸν
1517 1930 1615 1982 καὶ
1656 1927 1812 1995 ἆγιον

212 2022 394 2091 δνομα
427 2022 522 2075 τοῦ
559 2022 762 2092 Κυρίου
789 2022 944 2092 ήμῶν
980 2021 1155 2090 Ἰησοῦ
1212 2019 1475 2091 Χριστοῦ.
1519 2018 1627 2071 Καὶ
1656 2017 1815 2087 εὐχε-

218 2116 331 2187 ρῶς
364 2116 462 2187 μὲν
489 2118 788 2187 ναυαγήσει
824 2115 1161 2186 κυϐερνήτης
1189 2115 1378 2185 ἄφρων
1405 2115 1461 2165 ὲν
1492 2111 1670 2182 καιρῷ
1693 2109 1815 2170 κλύ,

214 2206 410 2272 δωνος,
441 2207 569 2270 τοὺς
595 2206 693 2277 μὲν
721 2204 925 2269 ναύτας
974 2204 1259 2271 malum,
1289 2204 1388 2267 τὰς
1416 2203 1474 2257 δὲ
1497 2200 1689 2264 κώπας
1717 2200 1811 2254 καὶ

215 2298 293 2353 τά
328 2297 471 2352 ίστία
504 2300 564 2353 ὲν
602 2297 681 2369 τῷ
721 2296 952 2366 πελάγει
995 2296 1178 2367 ῥίψας,
1209 2294 1373 2358 αὐτὸς
1406 2293 1461 2347 δὲ
1492 2291 1771 2346 καθεύδων
1793 2308 1807 2322 ·

219 2390 620 2461 εὐχερέστερον
643 2390 700 2445 δὲ
743 2390 891 2461 ψυχὴ
922 2386 1487 2459 καταποντισθήσεται
1518 2387 1584 2439 ὲκ
1624 2384 1813 2455 δαιμό-

222 2499 338 2533 νων
363 2480 575 2551 νήψεως
604 2479 906 2551 ἀμελοῦσα,
938 2480 1034 2533 καὶ
1057 2477 1151 2532 τοῦ
1190 2478 1573 2532 ἐπικαλεῖσθαι
1602 2477 1662 2530 ιν
1690 2477 1811 2538 ταῖς

225 2572 568 2645 προσϐολαῖς
593 2571 925 2644 ἀρχομέναις
961 2568 1137 2643 Ἰησοῦ
1176 2568 1413 2640 Χριστοῦ
1438 2568 1631 2637 ὄνομα.

302 2662 407 2736 ξγί.
446 2666 510 2718 "O
532 2663 772 2733 οἴδαμεν,
809 2664 1112 2735 γράφοντες
1150 2660 1383 2731 λέγομεν
1407 2676 1421 2691 ⁶
1454 2661 1547 2713 καλ⁵
1578 2658 1607 2710 ὃ
1635 2656 1810 2729 ἑωρά-

227 2772 442 2824 καμεν,
495 2754 592 2827 τὴν
632 2755 752 2808 όδδν
796 2754 1198 2816 διαϐαίνοντες,
1253 2748 1640 2822 μαρτυροῦμεν
1695 2750 1809 2813 τοῖς

228 2845 506 2909 θέλουσιν,
534 2845 587 2899 εί
606 2861 671 2913 γε
692 2842 959 2916 λήψεσθαι
991 2844 1059 2898 τά
1087 2842 1353 2916 εἰρημένα
1385 2839 1804 2912 βουληθήσεσθε.

229 2939 361 2991 Ὀτι
400 2937 561 3000 αὐτὸς
594 2936 835 3008 εἴρηκεν,
882 2937 1024 2991 Ἐὰν
1060 2933 1147 3005 μή
1189 2953 1279 3000 τις
1312 2936 1492 3004 μείνῃ
1534 2934 1606 2988 ἐν
1653 2933 1805 3002 ἐμοὶ,

225 3030 673 3098 ἐκϐληθήσεται
712 3031 849 3097 ἔξω,
888 3030 970 3093 ὡς
1016 3028 1083 3081 τὸ
1122 3025 1342 3095 κλῆμα,
1378 3025 1475 3079 καὶ
1502 3022 1819 3095 συνάγον--⁴

226 3140 341 3177 σιν
365 3122 538 3187 αὐτὸ,
570 3122 669 3176 καὶ
704 3124 791 3188 είς
825 3122 894 3174 τὸ
922 3121 1041 3188 πῦρ
1058 3116 1392 3183 βάλλουσι,
1429 3115 1531 3172 καὶ
1553 3116 1803 3171 καίεται.

237 3212 299 3264 Ὀ
325 3212 382 3266 δὲ
416 3212 590 3283 μένων
613 3213 670 3265 ὲν
696 3211 839 3281 ὲμοὶ,
871 3209 1029 3277 κάγὼ
1050 3209 1107 3261 ὲν
1130 3205 1301 3278 αύτῷ.
1347 3207 1433 3269 Ὡς
1458 3206 1569 3277 γὰρ
1594 3205 1807 3275 λάμψαι

224 3304 296 3375 ἧλ
308 3322 386 3358 ιον
419 3305 591 3375 φωτὸς
620 3305 752 3375 ἄτερ
776 3304 837 3357 ού
859 3302 1101 3365 δυνατὸν,
1119 3300 1293 3363 οὕτως
1318 3298 1579 3353 ἀδύνατον
1601 3298 1740 3351 καθα
1751 3314 1808 3368 ρ-

228 3397 395 3465 θῆναι
426 3397 651 3467 καρδίαν
695 3395 869 3466 ῥύπου
899 3393 1182 3463 λογισμῶν
1214 3390 1514 3455 ἀπωλείας,
1545 3389 1675 3443 ἄνευ
1711 3390 1811 3457 τῆς

229 3487 578 3557 ἐπικλήσεως
601 3485 864 3558 Χριστοῦ,
955 3486 1029 3547 ὡς
1057 3487 1125 3556 τῇ
1146 3482 1255 3555 ἰδίᾳ
1286 3484 1424 3552 πνοῇ
1454 3480 1809 3553 χρησώμεθα·

225 3578 292 3630 τὸ
330 3578 429 3648 μὲν
456 3579 587 3651 γὰρ,
608 3578 722 3648 φῶς
740 3595 756 3611 ·
783 3579 834 3630 οἱ
864 3577 942 3641 δὲ,
982 3576 1191 3638 σκότος.
1225 3576 1333 3628 Καὶ
1355 3574 1383 3625 ὁ
1419 3574 1540 3645 μὲν,
1562 3572 1693 3636 Θεὸς
1718 3574 1810 3624 καὶ

230 3670 516 3740 Δεσπότης
536 3686 551 3700 ·
588 3671 638 3723 οἱ
676 3668 755 3735 δὲ,
788 3668 966 3723 δοῦλοι
993 3667 1285 3737 δαιμόνων.

304 3760 751 3826 ξθ’.Φωτοτόκος,
780 3761 872 3814 καὶ
900 3759 1338 3831 ἀστραπητόκος,
1364 3759 1456 3812 καὶ
1486 3755 1809 3826 φωτοϐὁλος,

228 3859 330 3914 καὶ
364 3855 645 3928 πυρφόρος
675 3855 709 3925 ή
744 3853 839 3908 τοῦ
877 3854 969 3907 νοῦ
1005 3853 1216 3924 φυλακὴ
1242 3851 1543 3922 προσφυῶς
1588 3850 1685 3903 καὶ
1717 3865 1814 3916 φε-

232 3948 506 4019 ρωνύμως
533 3944 843 4003 καλείσθωο
887 3945 1146 4014 ὑπερέχει
1178 3944 1307 4013 γὰρ,
1359 3942 1570 4013 τάληθη
1620 3941 1810 4010 φάναι,

229 4041 482 4113 ἀπείρων
505 4038 840 4111 σωματικῶν
872 4038 969 4090 καὶ
995 4035 1204 4090 πολλῶν
1231 4036 1455 4107 ἀρετῆς.
1485 4032 1689 4087 Τούτου
1720 4026 1812 4085 οὖν

229 4135 401 4192 ἕνεκα
446 4135 561 4197 τοῖς
607 4132 811 4202 τιμίοις
851 4131 1078 4200 ὀνόμασι
1119 4129 1309 4183 καλεῖν
1337 4127 1444 4200 χρὴ
1486 4126 1585 4199 τὴν
1612 4125 1813 4197 ἀρετὴν

233 4226 464 4296 ταύτην,
494 4224 582 4279 διὰ
616 4224 686 4279 τὰ
706 4223 765 4289 ἐξ
793 4223 967 4292 αὐτῆς
994 4221 1288 4292 τικτόμενα
1313 4216 1601 4291 ἀγλαοφαῆ
1634 4204 1809 4289 φῶτα⁶

233 4312 316 4379 οἷς
347 4318 395 4370 oi
428 4316 756 4389 ἐρασθέντες
787 4314 849 4384 ἐξ
889 4313 1231 4387 ἁμαρτωλῶν
1280 4312 1375 4367 καὶ
1411 4311 1673 4383 ἀχρείων,
1719 4311 1814 4365 καὶ

238 4408 505 4483 β.ϐήλων,
539 4410 632 4462 καὶ
679 4407 1005 4481 ἀγνώστων,
1050 4406 1326 4461 ἀσυνέτων
1360 4422 1419 4458 τε
1455 4405 1550 4459 καὶ
1584 4404 1812 4469 ἀδίκων,

1916 1946 2098 1993 autem
2138 1936 2357 1992 virtutis
2385 1935 2741 1991 fundamenta
2770 1944 2826 1989 et
2869 1944 3015 1989 recta
3055 1943 3183 1988 sunt
3235 1945 3483 1989 sanctum

1914 2038 1970 2084 et
1994 2028 2323 2083 adorandum
2368 2042 2568 2081 nomen
2608 2026 2821 2081 Domini
2866 2025 3037 2080 nostri
3082 2024 3209 2079 Jesn
3258 2024 3480 2081 Christi.

1913 2118 2101 2189 Itaque
2133 2117 2463 2189 gubernator
2509 2116 2664 2170 navis
2717 2114 3053 2184 imprudens,
3097 2112 3189 2183 qui
3238 2122 3484 2183 tempore

1914 2209 2162 2281 procella:
2209 2208 2389 2263 nautis
2437 2206 2697 2276 expulsis,
2754 2205 2920 2260 remis
2953 2214 3008 2259 et
3057 2207 3190 2259 velis
3234 2207 3288 2258 in
3334 2220 3485 2259 mare

1913 2302 2190 2375 proiectis,
2219 2300 2439 2368 dormit,
2478 2299 2633 2354 facile
2672 2300 3010 2368 naufragium
3052 2297 3204 2353 facit.
3249 2296 3485 2353 Facilius

1910 2404 2091 2450 autem
2144 2394 2321 2449 anima
2369 2392 2717 2463 demergetur
2776 2407 2806 2445 a
2857 2391 3219 2453 daemonibus,
3279 2406 3399 2459 quae
3428 2400 3486 2445 et

1912 2484 2325 2556 temperantiam
2354 2483 2595 2555 negligit,
2633 2493 2687 2536 et
2714 2474 3095 2553 ingruentibus
3123 2482 3484 2553 suggestionio

1910 2579 2013 2634 bns
2044 2578 2296 2632 invocare
2321 2590 2521 2629 nomen
2551 2572 2682 2629 Jesu
2708 2573 2908 2629 Christi
2938 2590 3047 2635 non
3077 2583 3252 2629 curat.

1975 2670 2063 2726 68.
2103 2669 2259 2737 Quod
2302 2670 2524 2735 scimus,
2571 2667 2786 2738 scriptis
2833 2667 3114 2722 dicimus:
3160 2665 3302 2736 quod
3338 2665 3482 2721 vidi-

1909 2779 2051 2829 mus,
2082 2762 2210 2819 dum
2241 2762 2382 2817 viam
2419 2761 2860 2831 transigeremus,
2896 2757 3247 2812 testiﬁcamur
3281 2757 3476 2811 volen-

1909 2855 2054 2909 tibus
2084 2871 2099 2921 ;
2153 2853 2197 2909 si
2237 2853 2455 2924 quidem
2486 2852 2732 2921 excipere
2766 2850 2910 2905 dicta
2932 2848 3084 2904 vobis
3116 2848 3312 2912 libeat;
3354 2848 3482 2917 quia

1910 2948 2023 3018 ipse
2064 2946 2199 3001 dixit
2230 2966 2244 3002 :
2272 2945 2329 3000 Si
2363 2948 2478 3016 quis
2520 2945 2576 2998 in
2637 2960 2718 2998 me
2765 2960 2868 2996 non
2924 2942 3193 3004 manserit,
3245 2940 3485 2993 mittetur

1909 3040 2073 3109 foras,
2101 3037 2235 3089 sicut
2270 3033 2469 3106 palmes
2503 3049 2521 3088 :
2568 3044 2618 3088 et
2658 3032 2905 3103 colligunt
2942 3048 3081 3095 eum,
3130 3040 3178 3084 et
3217 3030 3273 3082 in
3310 3030 3482 3099 ignem

1912 3130 2147 3193 mittunt,
2170 3138 2219 3182 et
2248 3126 2576 3193 ardet”.Qni
2598 3135 2777 3181 autem
2803 3134 2988 3179 manet
3019 3124 3070 3177 in
3106 3138 3213 3184 tne,
3238 3132 3293 3176 et
3316 3122 3483 3193 egoin

1913 3239 1999 3277 eo.
2044 3220 2176 3274 Nam
2229 3219 2370 3273 sicut
2424 3218 2503 3272 sol
2532 3218 2734 3285 absque
2778 3216 2983 3271 lumine
3027 3214 3317 3284 splendere
3372 3229 3483 3266 non

1913 3321 2110 3383 potest,
2176 3310 2249 3365 ita
2293 3326 2388 3364 cor
2425 3308 2638 3380 purgari
2681 3324 2791 3362 non
2840 3316 3018 3377 potest
3049 3306 3302 3360 sordibus
3338 3305 3505 3375 ρει-ἧι

1913 3402 2181 3457 mentium
2235 3400 2644 3471 cogitationum,
2694 3399 2810 3453 sine
2863 3397 3065 3451 Christi
3115 3397 3483 3458 invocatione.

1912 3509 2016 3563 qua
2067 3492 2292 3556 utimur,
2333 3489 2482 3543 velut
2528 3487 2744 3559 propria
2789 3486 3104 3556 spiratione.
3152 3484 3284 3539 illud
3336 3485 3485 3539 enim

1912 3582 2115 3644 lumen,
2143 3580 2227 3634 ba:
2253 3595 2381 3634 vero
2424 3579 2659 3633 tenebrae
2692 3595 2704 3631 :
2746 3585 2800 3632 et
2846 3576 2935 3631 ille
2966 3576 3208 3645 quidem,
3237 3576 3380 3630 Deus
3422 3590 3487 3629 ac

1916 3672 2216 3737 Dominus;
2247 3670 2331 3725 hae
2356 3685 2507 3733 vero,
2539 3669 2844 3724 daemonum
2875 3666 3102 3719 ancillse.

1983 3764 2072 3820 69.
2110 3762 2369 3819 Custodia
2426 3760 2625 3816 mentis
2681 3774 2939 3829 germano
2991 3767 3044 3812 et
3076 3773 3207 3812 vero
3262 3756 3487 3810 nomine

1914 3853 2177 3923 lucipara,
2216 3850 2568 3922 fulguripara,
2603 3849 2785 3903 lumen
2834 3848 3109 3912 emittens,
3157 3854 3211 3900 et
3257 3845 3487 3916 ignifera

1914 3944 2204 3999 vocitetnr.
2237 3944 2469 4011 Superat
2501 3939 2672 4004 enim,
2702 3945 2762 3991 ut
2783 3951 2974 3991 verum
3005 3935 3271 3997 dicamus,
3300 3931 3485 3986 inlini-

1914 4047 1998 4093 tas
2025 4053 2112 4093 res
2148 4050 2457 4106 corporeas,
2500 4042 2556 4089 et
2611 4032 2841 4088 virtutes
2888 4030 3196 4100 plerasque.
3249 4026 3365 4092 Qua
3417 4024 3488 4078 de

1915 4146 2079 4187 causa
2101 4129 2274 4183 virtus
2315 4128 2416 4183 ista
2448 4123 2610 4183 claris
2651 4121 2964 4177 nominibus
3010 4128 3095 4175 est
3138 4115 3485 4188 appellanda,

1914 4221 1985 4277 ob
2018 4217 2298 4290 splendida
2334 4215 2541 4270 lumina
2598 4228 2718 4283 quae
2766 4218 3065 4266 nascuntur
3106 4224 3169 4263 ex
3202 4224 3263 4262 ea
3303 4223 3315 4258 :
3349 4222 3487 4276 quo-

1916 4328 2039 4367 rum
2089 4323 2274 4365 amore
2317 4306 2411 4377 qui
2460 4304 2769 4375 capiuntur,
2832 4315 2930 4372 per
2973 4297 3156 4352 Jesum
3208 4295 3485 4352 Chrismm

1917 4404 2147 4461 evadere
2176 4407 2401 4472 possunt
2433 4413 2502 4453 ex
2529 4392 2925 4467 peccatoribus,
2957 4388 3260 4452 inutilibus,
3303 4387 3488 4456 inqui-

235 4475 459 4567 δίκαιοι,
485 4475 800 4573 εὔχρηστοι,
840 4499 1092 4570 καθαροὶ,
1138 4499 1308 4567 ἆγιοι,
1340 4498 1437 4552 καὶ
1464 4496 1669 4551 συνετοὶ
1720 4495 1808 4550 διά

1915 4495 2076 4560 natis,
2108 4489 2306 4563 ignotis
2336 4497 2390 4543 et
2420 4483 2805 4557 insipientibus
2845 4489 2899 4536 et
2931 4478 3155 4548 iniquis,
3183 4475 3336 4546 justi,
3384 4475 3487 4529 bu-

251 4593 426 4665 Ἰησοῦ
459 4592 698 4665 Χριστοῦ
728 4591 981 4660 γενέσθαι
1030 4590 1325 4645 δύνανται·
1362 4590 1459 4643 καὶ
1507 4589 1568 4642 ού
1606 4587 1767 4659 μόνον
1791 4627 1807 4654 ,

238 4686 378 4743 ἀλλά
405 4687 498 4740 καὶ
534 4684 772 4756 μυστικά
804 4684 1051 4758 θεωρεῖν,
1083 4682 1179 4737 καὶ
1207 4680 1536 4753 θεωρητικοὶ
1576 4680 1811 4750 γενόμε-

240 4796 321 4831 νοι
353 4777 432 4849 τῷ
468 4776 918 4849 ἀκραιφνεστάτῳ
945 4775 1039 4828 καὶ
1081 4773 1296 4845 ἀπείρῳ
1335 4773 1479 4843 φωτὶ
1507 4772 1602 4827 νῦν
1627 4773 1814 4845 διανή-

239 4870 431 4941 χεσθαι
479 4868 847 4942 συμϐήσεται,
890 4867 1079 4938 θήγειν
1110 4883 1169 4920 τε
1214 4864 1364 4937 αύτῷ
1409 4865 1671 4938 ἀρρήτοις
1720 4864 1815 4935 θή-

241 4960 382 5026 ξεσι,
406 4959 500 5012 καὶ
526 4960 621 5012 σὺν
650 4955 799 5028 αὐτῷ
829 4954 1142 5010 κατοικοῦσί
1180 4972 1239 5009 τε
1270 4956 1366 5009 καὶ
1408 4954 1809 5017 πολιτεύονται,

243 5052 369 5105 ἐπεὶ
384 5049 678 5121 ἐγεύσαντο
708 5049 789 5103 ὄτι
816 5049 1048 5121 Χριστὸς
1067 5050 1095 5102 ὁ
1121 5046 1344 5117 Κύριος,
1364 5047 1441 5111 ὡς
1470 5046 1808 5118 πληροῦσθαι

245 5142 433 5212 σαφῶς
472 5144 530 5195 ὲν
561 5145 672 5206 τοῖς
697 5141 962 5205 τοιούτοις
1000 5138 1409 5210 πρωταγγέλοις
1442 5138 1502 5191 τὸ
1533 5136 1628 5191 τοῦ
1661 5136 1807 5191 θείου

245 5233 427 5296 Δαϐἱδ,
453 5232 626 5301 Πλὴν
644 5233 861 5286 δίκαιοι
893 5230 1441 5302 ἑξομολογήσονται
1464 5230 1542 5297 τῷ
1569 5230 1815 5300 ὀνόματί

246 5341 386 5390 σου,
417 5313 514 5381 καὶ
536 5324 1008 5395 κατοικήσουσιν
1035 5323 1231 5391 εὐαεῖς
1252 5323 1376 5378 σὺν
1403 5321 1483 5393 τῷ
1513 5323 1811 5392 προσώπῳ

247 5434 387 5473 σου·
410 5418 577 5482 ὅντως
591 5418 699 5493 γὰρ
719 5418 801 5489 δὴ,
822 5418 990 5481 ὅντως
1012 5412 1156 5472 οῦτοι
1182 5417 1331 5488 μόνοι
1353 5416 1600 5489 ἀτρεκῶς
1624 5419 1816 5469 ἐπικα-

247 5509 464 5564 λοῦνται
501 5512 596 5565 καὶ
635 5509 1079 5585 ὲξομολογοῦνται
1123 5512 1243 5582 Θεῷ
1270 5553 1285 5577 ,
1331 5504 1374 5580 ᾧ
1425 5511 1519 5564 καὶ
1572 5509 1816 5579 φιλοῦσιν

252 5604 456 5677 ὁμιλεῖν
483 5606 805 5675 ἀγαπῶντες
837 5608 1019 5661 αὐτόν.

323 5778 361 5811 ¹¹
389 5778 540 5836 Deut.
571 5796 625 5844 χ,
655 5779 735 5834 l6.
814 5781 853 5811 "
878 5777 1065 5835 .‘lutlli.
1095 5794 1213 5835 xxv.
1242 5780 1328 5833 2‘).
1412 5782 1451 5813 ⁸³
1478 5781 1630 5835 llottt.
1669 5799 1780 5846 \‘lll,
1804 5782 1888 5833 ‘23.

1916 4587 2094 4644 mines
2126 4584 2287 4653 frugi,
2345 4579 2491 4651 puri,
2533 4576 2725 4641 sancti,
2771 4582 2827 4629 et
2872 4571 3169 4640 sapientes,
3202 4583 3380 4637 neque
3432 4566 3486 4620 id

1915 4680 2112 4744 solum,
2148 4676 2243 4731 sed
2285 4674 2447 4729 etiam
2484 4670 2701 4727 eveniet
2748 4676 2807 4723 ut
2834 4665 3055 4737 mystica
3088 4660 3437 4733 speculentnr
3468 4673 3484 4711 :

1916 4782 1971 4828 et
2004 4771 2094 4825 ubi
2139 4765 2459 4839 speculativi
2497 4764 2701 4818 fuerint
2747 4759 2949 4821 etiecti,
2993 4765 3052 4811 ut
3094 4752 3385 4825 purissimo
3434 4756 3489 4803 ct

1918 4861 2131 4918 inﬁnito
2159 4857 2364 4914 lumine
2405 4852 2765 4925 trajiciuntu‘r,
2810 4858 2865 4905 et
2901 4856 3233 4903 exacuantur
3261 4844 3330 4897 ab
3367 4842 3487 4912 ipso

1917 4951 2132 5009 arcanis
2161 4947 2501 5005 acuminibus
2536 4963 2551 5001 :
2584 4953 2641 5000 et
2668 4960 2792 5000 cum
2820 4942 2941 5011 ipso
2975 4939 3230 4993 habitant
3268 4945 3322 4990 et
3353 4950 3486 4988 con-

1918 5058 2228 5114 versantur,
2276 5046 2405 5117 quia
2447 5043 2801 5114 gnstaverunt
2842 5033 2986 5105 quod
3041 5031 3224 5087 suavis
3264 5036 3347 5083 est
3379 5027 3487 5080 Do-

1918 5144 2101 5199 minus
2136 5146 2237 5195 :ut
2283 5138 2341 5193 in
2395 5134 2593 5190 talibus
2630 5126 2959 5201 protangi-lis
3014 5123 3158 5178 clare
3197 5119 3488 5189 impleatur

1917 5235 2048 5290 illud
2077 5231 2246 5288 divini
2275 5228 2491 5285 Davidis
2517 5243 2531 5280 :
2561 5222 2927 5278 Verumtamen
2943 5216 3079 5286 justi
3108 5212 3489 5282 conﬁtebuntur

1920 5327 2115 5383 nomini
2142 5336 2251 5391 tuo,
2278 5332 2327 5377 et
2361 5320 2671 5375 habitabant
2723 5316 2850 5370 recti
2870 5329 2985 5368 cum
3013 5309 3154 5364 uultu
3189 5317 3277 5360 tuo
3316 5304 3382 5357 ”.
3410 5300 3488 5355 lie

1920 5421 2065 5475 cnim
2110 5433 2257 5481 vera,
2286 5431 2366 5480 re,
2400 5414 2642 5482 inquam,
2678 5424 2808 5466 vera
2844 5406 2899 5461 hi
2924 5404 3023 5458 soli
3062 5402 3274 5456 sincere
3326 5397 3485 5451 invo.

1920 5519 2047 5566 rant
2102 5519 2155 5565 et
2189 5507 2518 5565 confitentur
2550 5504 2701 5559 Deo:
2731 5515 2854 5555 cum
2885 5513 2992 5567 quo
3040 5490 3273 5559 colloqui
3317 5502 3484 5560 expe-

1922 5612 2058 5658 tunt.
2094 5608 2337 5656 amantes
2358 5612 2503 5653 eum.

1970 5782 2005 5809 “‘
2038 5778 2193 5833 3mm.
2230 5793 2316 5835 xv,
2346 5772 2397 5826 6.
2487 5774 2525 5803 ’⁵
2568 5768 2707 5825 Ρριιι.
2743 5778 2958 5821 suam.
2986 5758 3066 5815 ll.
