4040 6448
531 330 669 395 1535

1712 321 2077 383 HESYCHII
2115 319 2591 383 PRESBYTERI

3661 310 3795 378 1533

562 438 683 507 '70.
728 433 821 490 Va:
869 432 1118 490 interiori
1168 430 1400 497 homini,
1459 438 1681 503 propter
1749 432 2102 488 exteriorem.

2281 427 2345 484 o'.
2382 427 2522 483 Οὐαὶ
2552 427 2644 481 τὸν
2670 426 2783 480 ἔσω
2813 425 2923 480 ἀπὸ
2946 426 3054 479 τῶν
3075 424 3210 489 ἕξω·
3245 422 3453 492 σφόδρα
3484 421 3600 492 γὰρ
3621 422 3795 493 iam»,

523 526 754 585 (travem
788 526 937 583 enim
976 524 1285 580 molestiam
1328 523 1579 579 internus
1620 522 1786 579 homo
1815 522 2107 579 contrahet

526 623 595 677 ab
641 620 882 676 externis
927 617 1201 683 sensibus,
1236 625 1351 670 tum
1406 616 1498 671 ille
1553 615 1801 671 molestia
1858 616 2106 682 allectus,

528 714 749 783 ﬂagellis
776 711 1059 783 castigabit
1086 725 1203 765 eos.
1224 709 1327 776 Qui
1353 718 1643 765 exsecutus
1660 714 1745 764 est
1770 709 1914 779 quod
1948 709 2111 766 habet

531 807 734 870 littera,
762 806 875 874 jam
912 804 1066 859 novit
1098 802 1244 872 quod
1276 801 1614 857 theoremate
1636 801 1969 857 continetur.

605 922 693 976 7i.
734 919 816 987 Si,
872 932 941 974 ex
988 904 1260 973 sententia
1313 915 1561 979 Patrum,
1624 916 1856 971 interior
1923 924 2115 971 noster

534 1011 698 1065 homo
725 1012 794 1066 sit
824 1019 1157 1080 temperans,
1199 1009 1364 1064 etiam
1403 1008 1733 1064 exteriorem
1767 1018 1948 1079 potest
1976 1024 2113 1064 con-

534 1118 773 1157 servare.
804 1100 1077 1156 Caeterum
1118 1116 1219 1156 nos
1258 1110 1313 1155 et
1350 1100 1617 1155 malorum
1663 1100 1953 1156 eﬂ‘ectores
1998 1098 2113 1155 da:-

536 1208 746 1256 mones,
795 1193 955 1249 ambo
995 1192 1159 1248 simul
1205 1199 1587 1262 perpetramus
1631 1200 1877 1262 peccata.
1917 1192 1995 1247 Ac
2055 1189 2112 1244 hi

534 1282 757 1348 quidem
786 1280 843 1334 in
887 1280 1309 1352 cogitationibus
1350 1279 1615 1334 duntaxat
1640 1281 1755 1335 sive
1785 1279 2115 1349 descriptio-

536 1374 698 1429 nibus
734 1372 1124 1445 imaginatoriis
1163 1388 1263 1443 pro
1300 1372 1533 1426 arbitrio
1575 1372 1813 1427 formant
1843 1372 1898 1425 in
1929 1371 2114 1426 animo

539 1474 862 1535 peccatum:
908 1480 1011 1520 nos
1059 1474 1241 1520 autem
1286 1472 1341 1518 et
1380 1464 1805 1534 cogitationibus
1851 1463 2021 1523 intus,
2059 1471 2114 1515 et

538 1564 690 1611 extra
720 1557 980 1626 operibus
1008 1556 1159 1627 ipsis.
1200 1556 1333 1611 Nam
1371 1571 1496 1612 cum
1530 1553 1889 1610 crassitudine
1920 1566 2116 1621 corpo-

540 1648 616 1701 ris
646 1648 925 1703 daemones
962 1656 1205 1708 careant.
1250 1647 1677 1720 cogitationibus
1717 1644 1868 1710 solis,
1906 1642 2116 1698 machi-

534 1739 762 1793 natione
808 1747 970 1808 atque
1000 1741 1466 1796 circumventione
1488 1740 1741 1795 nituntur
1760 1779 1775 1803 ,
1808 1747 1864 1793 et
1891 1735 2117 1807 perinde

542 1829 701 1884 nobis
732 1846 795 1886 ac
833 1831 939 1886 sibi
992 1844 1288 1901 procurant
1320 1832 1669 1902 supplicium.
1717 1828 1875 1894 Quod
1914 1827 1960 1882 si
1998 1825 2118 1880 exi-

544 1918 702 1975 tiales
730 1921 805 1975 illi
834 1921 992 1975 molis
1011 1937 1290 1992 corporeae
1316 1938 1425 1977 non
1454 1931 1638 1978 essent
1661 1929 1934 1992 expertes,
1957 1919 2120 1974 etiam

543 2011 703 2067 factis
755 2011 888 2079 ipsis
944 2027 1173 2082 peccare
1222 2027 1335 2071 non
1381 2012 1747 2068 desinerent:
1795 2018 1859 2065 ut
1908 2010 2002 2080 qui
2053 2007 2123 2063 ad

544 2101 712 2170 impie
763 2102 1030 2173 agendum
1089 2112 1329 2172 paratam
1388 2117 1605 2173 semper
1666 2108 1887 2157 servent
1940 2100 2125 2155 inten-

551 2191 781 2246 tionem.

619 2284 708 2337 72.
750 2283 876 2337 Sola
908 2283 1150 2353 precatio
1192 2283 1432 2352 perimit,
1478 2293 1534 2339 et
1572 2283 1629 2338 in
1656 2283 1898 2339 cinerem
1930 2282 2128 2354 redigit

546 2392 737 2433 eorum
764 2375 1023 2429 fraudes:
1062 2390 1258 2442 nempe
1296 2372 1457 2430 Jesus
1497 2374 1639 2429 Deus
1672 2383 1729 2428 et
1767 2374 1861 2431 Dei
1891 2373 2064 2429 Filius
2093 2390 2125 2428 a

548 2469 708 2525 nobis
758 2466 1105 2521 continenter
1151 2476 1208 2520 et
1244 2466 1363 2522 sine
1411 2465 1754 2521 haesitatione
1794 2466 2123 2520 invocatus:

548 2557 643 2626 qui
674 2569 894 2624 prorsus
913 2554 995 2609 eis
1020 2570 1129 2609 non
1155 2553 1438 2623 permittit,
1476 2562 1534 2608 ut
1562 2553 1650 2609 vel
1691 2553 1904 2607 initium
1941 2553 2128 2608 incur-

549 2646 720 2701 sionis
757 2662 870 2701 sua:
901 2644 1085 2715 (quam
1117 2646 1278 2699 etiam
1322 2643 1741 2715 impressionem
1782 2644 2131 2715 vocant),aut

549 2738 780 2791 formam
813 2736 1207 2792 subostentlant
1240 2735 1405 2790 menti
1438 2734 1496 2790 in
1518 2734 1742 2805 speculo
1769 2735 2079 2791 intellectus
2112 2752 2127 2789 :

552 2827 638 2880 vel
668 2826 930 2895 quosdam
966 2840 1250 2880 sermones
1287 2824 1525 2879 habeant
1547 2839 1673 2879 cum
1706 2824 1892 2881 corde.
1936 2823 2133 2879 Forma

552 2930 717 2984 porro
762 2914 1116 2978 daemoniaca,
1158 2929 1278 2983 qua:
1323 2914 1501 2968 nullas
1547 2913 1707 2969 habet
1738 2914 1883 2970 vires
1930 2913 1987 2968 in
2017 2929 2131 2982 cor,

542 3006 661 3087 erit
681 3007 843 3060 etiam
875 3021 1045 3061 vacua
1091 3006 1530 3074 cogitationibus,
1572 3016 1634 3061 ut
1672 3006 1913 3062 diximus
1958 3022 1971 3059 :
2006 3006 2135 3077 quia

2212 522 2438 594 Θήσεται
2464 522 2493 573 ὁ
2522 518 2669 572 ἔνδον
2709 517 3000 590 ἄνθρωπος
3028 516 3138 570 ἀπὸ
3170 515 3283 568 τῶν
3322 513 3429 578 ἔξω
3459 514 3795 583 αἰσοήσεων,

2210 614 2321 667 Καὶ
2372 610 2638 682 λυπηθεὶς
2680 604 2836 674 οὗτος
2887 608 3112 681 μάστιξι
3172 610 3439 677 χρήσεται
3498 605 3646 658 κατὰ
3692 606 3805 659 τῶν

2211 708 2318 773 ἔξω
2367 704 2702 776 αἰσθήσεων.
2757 703 2817 757 ’0
2865 701 3084 772 πράξας
3136 698 3199 753 τὸ
3248 700 3308 751 ἐν
3352 698 3434 770 τῷ
3481 698 3801 769 γράμματι,

2215 799 2316 869 ἤδη
2343 796 2558 864 ἐπέγνω
2596 794 2657 847 τὸ
2691 796 2751 847 ὲν
2778 792 2860 864 τῷ
2883 792 3224 863 θεωρήματι.

2282 913 2384 964 οαν.
2433 907 2562 961 Ἐὰν
2592 908 2620 961 ό
2644 906 2753 960 ἔσω
2779 903 2939 975 ἡμῶν
2971 901 3265 973 ἄνθρωπος
3292 898 3440 953 κατὰ
3468 897 3603 960 τοῦς
3630 897 3803 951 Πατί-

2217 1018 2316 1073 ρας
2345 1001 2529 1071 νήφει,
2560 998 2785 1060 δυνατός
2810 998 2927 1050 ἐστι
2956 994 3189 1065 φυλάξαι
3230 992 3329 1047 καὶ
3370 992 3466 1045 τὸν
3504 990 3637 1057 ἔξω,
3668 990 3803 1060 ¹ὠμὴν

2213 1096 2293 1149 ὄτι
2316 1094 2473 1163 ἡμεῖς
2494 1108 2553 1144 τε
2576 1091 2674 1144 καὶ
2698 1091 2746 1142 οἱ
2762 1105 2898 1142 κακε
2909 1089 3104 1158 ργάται
3132 1086 3389 1155 δαίμονες
3406 1082 3619 1145 κοινῶς
3642 1082 3805 1151 ἄμφω

2213 1181 2657 1254 διαπραττόμεθα
2697 1180 2798 1244 τὰς
2832 1179 3128 1249 ἁμαρτίας.
3176 1177 3286 1230 Καὶ
3315 1178 3366 1229 οἱ
3416 1174 3520 1246 μὲν
3561 1176 3627 1227 ιν
3664 1173 3805 1241 λογιο

2218 1279 2377 1346 σμοῖς
2410 1273 2593 1344 μόνον,
2624 1273 2745 1345 ἦτοι
2775 1273 2833 1326 ὲν
2861 1269 3258 1341 φαπασιὼδεσι
3308 1266 3672 1337 ζωγραφίαις
3694 1266 3805 1318 διας

2218 1366 2648 1439 σχηματίζουσιν
2680 1366 2738 1419 ἐν
2767 1363 2864 1436 νῷ,
2894 1364 2970 1427 ὼς
3008 1362 3325 1435 βούλονται,
3354 1361 3459 1430 τὴν
3491 1358 3805 1430 ἁμαρτίαν·

2217 1463 2379 1530 ἡμεῖς
2404 1460 2458 1513 δὲ
2487 1460 2582 1513 καὶ
2601 1457 2690 1513 διὰ
2716 1457 3001 1528 λογισμῶν
3024 1455 3237 1509 ἔνδοθεν
3254 1453 3349 1508 καὶ⁵
3370 1454 3443 1507 δι’
3466 1452 3662 1523 ἔργων
3685 1451 3806 1515 ἔξω·

2228 1558 2348 1612 θενο
2382 1557 2693 1628 παχύτητος
2726 1555 2836 1627 γὰρ
2868 1553 3137 1625 σωμάτων
3163 1550 3502 1623 ἀποροῦντες
3531 1550 3589 1603 oi
3618 1547 3808 1619 δαεμο-

2217 1667 2328 1713 νες,
2355 1649 2445 1702 διὰ
2473 1647 2756 1717 λογισμῶν
2792 1645 2953 1716 μόνον
2986 1644 3084 1698 καὶ
3107 1642 3389 1714 δολιότητα
3418 1640 3520 1694 καὶ
3555 1639 3803 1707 ἀπάτην,

2219 1745 2314 1797 καὶ
2362 1742 2440 1804 ὼς
2482 1741 2671 1803 αὐτοῖς
2712 1736 3033 1810 προξενοῦσι
3079 1736 3176 1789 καὶ
3216 1736 3351 1805 ἡμῖν
3398 1732 3505 1804 τὴν
3559 1732 3805 1785 κόλασιν.

2151 1817 2193 1876 Β
2222 1837 2283 1890 Εἰ
2306 1835 2415 1906 γὰρ
2441 1833 2753 1903 παχύτητος
2789 1829 3060 1900 σωμάτων
3094 1827 3171 1897 μὴ
3197 1826 3596 1896 ὲστερίσκοντο
3624 1826 3673 1877 οἱ
3694 1824 3806 1876 ἁλι-

2220 1928 2421 1997 τὴριοι,
2456 1923 2566 1977 οὐδ’
2595 1922 2661 1978 ἂν
2687 1921 2783 1975 καὶ
2809 1920 2876 1974 δι’
2908 1918 3085 1990 ἔργων
3132 1917 3473 1988 ἁμαρτάνειν
3518 1915 3805 1977 ἐπαύοντο,

2224 2016 2448 2087 ἑτοίμην
2485 2015 2566 2077 είς
2609 2013 2671 2067 τὸ
2707 2010 2931 2066 ἀσεϐεῖν
2966 2008 3067 2082 τὴν
3116 2008 3444 2080 προαίρεσιν
3483 2007 3577 2060 ἀεὶ
3617 2005 3811 2059 διασώη

2192 2170 2195 2173 Α
2226 2106 2435 2173 ξοντες.

2297 2286 2394 2357 οβ’.
2419 2284 2568 2357 Εὐχὴ
2592 2283 2649 2337 δὲ
2683 2281 3061 2353 μονολόγιστος
3085 2278 3287 2333 κτείνει
3314 2295 3373 2331 τε
3405 2278 3506 2331 καὶ
3549 2275 3813 2345 ὲκτεςροῖ

2226 2382 2323 2443 τὰς
2356 2378 2537 2433 αὐτῶν
2575 2379 2812 2440 ἀπάτας,
2842 2376 2908 2429 δι’
2938 2373 3098 2443 ἡμῶν
3148 2369 3650 2441 παρακαλούμενος
3710 2368 3810 2435 ’1ης

2230 2470 2354 2533 σοῦς
2378 2472 2407 2521 ό
2439 2469 2569 2534 Θεδς
2614 2469 2709 2523 καὶ
2738 2466 2875 2521 Θεοῦ
2904 2465 3054 2528 Υίδς.
3086 2461 3325 2534 συνεχῶς
3350 2461 3408 2515 δὲ
3447 2461 3540 2513 καὶ
3576 2459 3811 2520 ἀόκνως,

2233 2562 2357 2634 μηδ’
2391 2562 2529 2625 ὅλως
2559 2559 2908 2632 παραχωρῶν
2948 2556 3182 2621 τούτοις,
3210 2553 3337 2609 οὔτε
3366 2553 3469 2624 τὴν
3500 2552 3687 2623 ἀρήν
3719 2551 3813 2619 τῆς

2232 2655 2506 2724 εἰσϐολῆς,
2541 2655 2608 2725 ἦν
2632 2654 2696 2723 δὴ
2731 2653 2828 2707 καὶ
2854 2650 3168 2723 προσὸολὴν
3209 2647 3492 2708 καλοῦσιν.
3524 2645 3809 2708 ὑποδεῖξαι

2231 2748 2310 2820 τῷ
2346 2748 2421 2819 νῷ
2448 2750 2505 2801 ὲν
2543 2747 2840 2817 κατόπτρῳ
2864 2746 2963 2814 τῆς
2998 2742 3261 2806 διανοίας,
3301 2740 3364 2793 οὐ
3415 2738 3662 2809 μορφὴν,
3690 2735 3809 2790 οὔτε

2237 2840 2345 2912 μὴν
2372 2839 2562 2906 λόγους
2607 2836 2761 2900 τινὰς
2794 2835 3030 2904 λαλῆσαι
3072 2836 3140 2905 τῇ
3173 2831 3396 2903 καρδίᾳ.
3432 2826 3811 2899 Δαιμονιώδης

2232 2933 2288 2987 δὲ
2338 2931 2520 3002 μορφὴ
2572 2929 2645 3001 μὴ
2682 2928 2997 2982 είσδύνουσα
3037 2928 3095 2980 ὲν
3133 2923 3469 2996 καρδίᾳ,’καὶ
3508 2919 3812 2990 λογισμῶν,

2234 3023 2310 3085 ὡς
2347 3021 2578 3091 ἔφημεν,
2620 3019 2752 3089 κενὴ
2786 3018 2965 3079 ἔσται,
3007 3016 3091 3069 ὅτι
3127 3017 3193 3085 τῇ
3227 3014 3375 3084 ψυχῇ
3403 3013 3495 3067 διὰ
3534 3009 3814 3079 λυγισμῶν

552 3099 970 3169 cogitationibus
1003 3098 1471 3154 intercedentibus
1500 3099 1739 3153 animam
1766 3099 1904 3155 clam
1934 3098 2130 3169 alloqui

2236 3112 2442 3181 ὁμιλεῖν
2499 3127 2559 3163 τε
2602 3110 2698 3163 καὶ
2737 3108 3077 3162 ἐκδιδάσκειν
3115 3107 3218 3176 τὴν
3273 3103 3475 3159 κακίαν
3514 3101 3643 3166 ἔθος
3678 3102 3808 3171 αὐτῇ

556 3190 718 3254 solet,
750 3199 807 3245 et
835 3190 1066 3246 edocere
1092 3191 1241 3244 vilia.

625 3302 718 3356 75.
777 3301 1139 3368 Quamobrem
1206 3300 1549 3356 assiduarum
1615 3316 1837 3372 precum
1907 3301 2132 3363 auxilio,

557 3403 821 3465 purgatur
871 3410 963 3448 aer
1008 3394 1205 3449 mentis
1250 3404 1450 3449 nostra:
1494 3395 1704 3450 nebulis
1756 3394 2027 3460 obscuris,
2082 3402 2139 3448 et

558 3487 738 3541 ventis
801 3485 1256 3554 nequissimorum
1318 3487 1630 3556 spirituum.
1700 3485 1899 3540 Mentis
1955 3495 2135 3539 autem

560 3591 688 3630 aere
718 3584 963 3646 purgato.
994 3590 1103 3629 non
1133 3583 1332 3644 potest,
1363 3576 1561 3645 inquit,
1594 3576 1644 3631 ei
1679 3591 1790 3630 non
1829 3577 2013 3629 lucere
2055 3575 2139 3628 di-

565 3665 749 3719 vinum
780 3665 907 3719 Jcsu
948 3665 1129 3719 lumen
1169 3683 1183 3721 :
1230 3665 1390 3719 modo
1424 3682 1494 3720 ne
1533 3681 1670 3719 vana
1724 3665 1915 3735 gloria,
1949 3678 2141 3734 super-

562 3759 651 3813 bia
692 3766 747 3813 et
793 3759 1157 3813 ostentatione
1222 3759 1394 3812 simus
1436 3757 1627 3822 innati,
1680 3766 1735 3811 et
1790 3756 2021 3811 leviores
2071 3757 2138 3809 ad

564 3855 831 3925 captanda
866 3871 985 3924 quae
1010 3863 1140 3909 sunt
1175 3853 1741 3922 incomprehensibilia
1775 3871 1788 3905 :
1831 3863 1886 3907 et
1913 3854 1979 3907 ab
2009 3853 2140 3908 Jesu

565 3947 903 4016 reperiemur
949 3961 1057 3998 non
1097 3960 1219 4000 esse
1270 3945 1627 4014 opitulatione
1677 3944 1848 4016 digni,
1890 3959 1957 4001 eo
1996 3944 2140 4015 quod

565 4036 818 4090 Christus
852 4033 1012 4089 index
1045 4034 1365 4089 humilitatis
1391 4034 1568 4089 oderit
1602 4034 1728 4090 vilia
1758 4034 1869 4090 illa.

636 4148 722 4201 7i.
766 4146 967 4200 Demus
1008 4160 1137 4217 ergo
1170 4146 1307 4200 colla
1357 4146 1570 4202 duobus
1618 4147 1760 4213 istis,
1808 4148 2038 4204 orationi
2088 4159 2143 4205 ct

568 4234 860 4315 humilitati
903 4250 917 4287 :
966 4251 1087 4305 qua:
1151 4235 1393 4291 adhibita
1449 4239 1805 4307 temperantia
1861 4247 1991 4293 sunt
2045 4240 2144 4295 ad-

568 4344 758 4383 versus
810 4327 1084 4382 daemones
1151 4337 1399 4394 armata,
1454 4328 1682 4398 perinde
1740 4346 1803 4387 ac
1858 4330 2145 4387 ﬂammeus

567 4420 732 4477 ensis.
779 4418 1029 4486 Quandiu
1084 4420 1230 4475 enim
1287 4420 1365 4475 sic
1405 4436 1649 4493 agemus,
1696 4422 1919 4494 singulis
1954 4423 2146 4479 diebus

2163 3178 2205 3237 (ἶ
2238 3178 2562 3273 λεληθότως.

2306 3324 2401 3386 ογ’.
2442 3315 2532 3380 Ἐξ
2562 3314 2730 3384 εὐχῆς
2758 3309 2852 3367 οὖν
2880 3312 3142 3383 συνεχοῦς
3170 3308 3469 3380 καθαρεύει
3499 3308 3531 3362 ό
3572 3306 3690 3378 ἀὴρ
3722 3308 3812 3374 τῆς

2236 3409 2475 3471 διανοίας
2509 3408 2574 3460 ἐκ
2610 3405 2787 3476 νεφῶν
2835 3404 3146 3466 σκοτεινῶν,
3192 3402 3252 3468 ἐξ
3296 3402 3518 3470 ἀνέμων
3566 3398 3809 3465 πνευμάο

2236 3516 2346 3552 των
2381 3495 2786 3568 πονηροτάτων.
2818 3492 3232 3565 Καθαρεύοντος
3252 3493 3311 3546 δὲ
3330 3490 3426 3545 τοῦ
3457 3491 3560 3559 τῆς
3588 3488 3811 3558 καρδίας

2239 3591 2426 3661 ἀέρος,
2449 3587 2765 3642 ἀνένδεκτον
2798 3587 2873 3659 μὴ
2903 3586 3142 3655 λάμπειν
3171 3587 3336 3654 φησιν
3360 3582 3517 3654 αὐτῷ
3544 3582 3608 3636 τὸ
3642 3580 3810 3635 θεῐκὸν

2241 3685 2357 3753 φῶς
2393 3681 2590 3753 Ἰησοῦ,
2633 3684 2683 3735 εἰ
2723 3682 2882 3753 μήτοι
2919 3698 2983 3749 γε
3018 3680 3124 3734 ὑπὸ
3166 3678 3475 3745 κενοδοξίας
3512 3676 3612 3730 καὶ
3648 3675 3807 3744 τῦφον

2241 3777 2335 3829 καὶ
2365 3773 2745 3845 φανητιασμοῦ
2800 3771 3123 3844 φυσώμεθα,
3166 3772 3260 3826 καὶ
3310 3768 3696 3839 κουφιζόμεθα
3739 3770 3809 3829 είς

2241 3867 2310 3919 τὰ
2344 3867 2602 3938 ἀκίχητα,
2635 3865 2731 3919 καὶ
2756 3864 3055 3935 ἁϐοήϐητοι
3078 3864 3215 3935 πρὸς
3250 3861 3427 3935 Ἰησοῦ
3450 3859 3807 3932 εὑρισκόμεθα

2243 3960 2416 4023 αὐτοὶ,
2452 3958 2529 4030 τῷ
2562 3961 2741 4030 μισεῖν
2788 3958 2879 4011 τὸν
2925 3957 3158 4028 Χριστὸν
3205 3957 3272 4011 τὰ
3305 3955 3558 4019 τοιαῦτα,
3589 3954 3686 4007 τὸν
3717 3952 3807 4017 τῆς

2241 4050 2627 4114 ταπεινώσεως
2654 4049 3002 4121 ὑποδείκτην.

2314 4158 2403 4212 οδ’.
2450 4158 2731 4230 Ἐχώμεθα
2761 4160 2943 4213 τοίνυν
2978 4160 3141 4230 εὐχῆς
3175 4159 3270 4215 καὶ
3301 4158 3694 4222 ταπεινώσεως
3713 4156 3808 4209 τῶν

2244 4247 2335 4302 δύο
2381 4247 2606 4315 τούτων,
2644 4248 2801 4302 ἆτινα
2849 4249 2988 4302 κατὰ
3031 4248 3302 4317 δαιμόνων
3334 4248 3433 4301 σὺν
3471 4248 3634 4318 νήφει
3666 4246 3804 4300 ὁπλί-

2247 4339 2451 4405 ζονται,
2470 4334 2561 4395 οἷα
2588 4341 2837 4412 μάχαιρα
2861 4341 3111 4410 φλόγινος
3130 4357 3144 4371 ο
3172 4340 3352 4407 ἔξεστι
3376 4340 3485 4411 γὰρ
3514 4343 3652 4409 ἡμῖν
3676 4340 3806 4391 οὕτω

2247 4450 2308 4500 γε
2345 4432 2559 4485 ποιοῦσι
2600 4432 2721 4486 καθ’
2752 4432 2967 4502 ἡμέραν
3007 4434 3100 4487 καὶ
3147 4431 3271 4485 καθ’
3316 4431 3467 4505 ῶραν
3508 4430 3806 4504 ωρδιακῶς

566 4521 623 4565 ot
648 4510 795 4565 horis
819 4509 949 4575 laeti,
981 4509 1269 4582 mysticum
1301 4510 1498 4590 festum
1529 4512 1712 4567 animo
1740 4513 2017 4569 celebrare
2052 4529 2130 4583 po

2246 4522 2524 4594 μυστικῶς
2557 4524 2879 4595 γηθομένοις
2916 4523 3214 4594 ἑορτάζειν.

568 4603 818 4662 terimus.

579 4756 584 4760 .
640 4714 727 4770 75.
766 4716 899 4770 Octo
939 4714 1309 4786 generaliores
1354 4715 1566 4771 vitiosae
1602 4716 1978 4788 cogitationes,
2020 4733 2143 4788 quae

569 4807 951 4879 cogitationem
980 4822 1198 4863 omnem
1245 4808 1704 4877 complectuntur,
1746 4817 1803 4863 et
1837 4809 1980 4864 unde
2005 4824 2145 4863 cun-

570 4906 671 4953 ctae
708 4905 1009 4952 nascuntur
1053 4898 1528 4967 (quemadmodum
1569 4913 1637 4952 ex
1674 4896 1806 4953 Jove
1830 4907 1885 4953 et
1927 4898 2142 4956 Junone

549 4990 751 5048 omnis
797 4992 1010 5047 daemon
1060 4993 1461 5056 exsecrandus,
1516 4994 1651 5048 deus
1698 4992 2031 5057 Graecorum.
2084 5003 2145 5049 ut

571 5082 756 5140 ferunt
788 5084 1002 5139 illorum
1065 5083 1305 5154 fabulas),
1338 5100 1531 5140 omnes
1602 5086 1834 5141 redeunt
1887 5087 1956 5143 ad
2000 5086 2145 5142 fores

573 5173 762 5227 animi.
792 5172 923 5239 Quae
955 5190 1077 5229 cum
1101 5175 1412 5230 invenerint
1442 5184 1680 5231 mentem
1711 5177 1953 5232 custodia
1980 5177 2147 5233 desti-

576 5274 769 5327 tutam,
796 5265 1067 5337 sigillatim
1091 5266 1492 5337 ingrediuntur,
1514 5284 1613 5324 suo
1627 5286 1855 5340 quaeque
1882 5276 2145 5339 tempore.

573 5356 923 5438 Quaecunque
950 5359 1119 5425 enim,
1148 5359 1361 5414 illarum
1394 5370 1539 5423 octo,
1565 5363 1818 5434 cOgitatio
1840 5364 2144 5418 ascendens

577 5449 630 5503 in
658 5450 921 5517 animum,
948 5451 1316 5506 introduxerit
1344 5453 1664 5517 exercitum,
1698 5469 1895 5523 nempe
1926 5469 2143 5525 gregem

576 5542 935 5599 obscenarum
991 5543 1402 5615 cogitationum,
1435 5560 1521 5609 ea,
1560 5544 1911 5600 obtenebrata
1943 5555 2146 5611 mente,

579 5643 837 5702 provocat
878 5652 1094 5706 corpus,
1133 5652 1394 5693 conversa
1424 5637 1490 5692 ad
1521 5653 1685 5707 opera
1728 5637 1901 5707 turpia
1950 5652 2146 5707 perpc-

580 5723 795 5787 (cauda.

2314 4729 2407 4777 os'.
2434 4723 2499 4776 Οἱ
2521 4721 2665 4776 ὀκτὼ
2714 4720 3075 4787 γενικώτατοι
3104 4722 3204 4793 τῆς
3224 4722 3424 4786 κακίας
3458 4720 3731 4792 λογισμοὶ.
3754 4723 3804 4773 ἐν

2241 4812 2325 4881 οἷς
2355 4815 2670 4888 περιέχεται
2696 4816 2806 4878 πᾶς
2846 4813 3127 4885 λογισμὸς,
3158 4814 3251 4868 καὶ
3285 4814 3344 4880 ἐξ
3374 4808 3451 4867 ὧν
3496 4816 3696 4877 πάντες
3718 4813 3802 4882 τὴν

2242 4908 2457 4977 γένεσιν
2479 4907 2694 4977 ἔχουσιν
2717 4905 2814 4977 (ὡς
2839 4907 2904 4959 ὲκ
2919 4906 3015 4975 τῆς
3038 4906 3217 4976 Ἥρας
3239 4921 3297 4958 τε
3323 4905 3418 4957 καὶ
3447 4904 3542 4958 τοῦ
3563 4906 3685 4967 Διὸς
3710 4905 3801 4967 πᾶς

2242 4996 2455 5067 δαίμων
2486 4994 2687 5066 ἐναγὴς
2720 4994 2839 5059 θεὸς
2865 4993 3112 5060 Δαναῶν,
3140 4993 3282 5048 κατὰ
3304 4996 3431 5059 τοὺς
3460 4994 3686 5048 ἐκείνων
3713 4994 3801 5064 μύ-

2245 5088 2414 5154 θους),
2441 5087 2641 5150 πάντες
2669 5085 2994 5159 ἀνέρχονται
3032 5087 3090 5140 ὲν
3118 5086 3261 5158 πύλῃ
3295 5087 3525 5159 καρδίας
3550 5128 3566 5151 ,
3604 5088 3701 5141 καὶ
3728 5089 3803 5140 τὸν

2245 5179 2372 5234 νοῦν
2410 5178 2663 5250 εὑρόντες
2711 5177 3044 5247 ἀφύλακτον,
3077 5173 3157 5241 εἷς
3196 5179 3316 5232 καθ’
3358 5173 3441 5241 εἷς
3476 5180 3802 5249 εἰσέρχονται

2247 5273 2306 5326 ὲν
2339 5271 2453 5341 ἰδίῳ
2479 5268 2677 5342 καιρῷ.
2711 5267 3001 5339 ὐπότερος
3025 5268 3133 5339 γὰρ
3163 5268 3271 5323 τῶν
3299 5268 3444 5323 ὀκτὼ
3469 5268 3802 5337 διαλογισμδς

2246 5360 2453 5423 ἀναϐὰς
2484 5359 2543 5413 ὲν
2581 5357 2778 5429 καρδίᾳ
2817 5357 3035 5430 εἰσέλθῃ
3079 5356 3248 5426 ἐσμὸν
3274 5355 3557 5425 λογισμῶν
3577 5354 3803 5424 αἰσχρῶν

2247 5453 2502 5525 φάλαγγα
2544 5451 2881 5519 εἰσαγαγεῖν,
2923 5450 3017 5505 καὶ
3054 5450 3199 5504 οῦτω
3233 5450 3325 5504 τὸν
3371 5448 3499 5503 νοῦν
3535 5448 3800 5507 σκοτίσας.

2248 5543 2474 5596 ἐκκαλεῖ
2495 5542 2558 5595 τὸ
2589 5541 2766 5612 σῶμα,
2799 5541 3135 5613 τρεπόμενος
3167 5540 3247 5603 εἰς
3276 5537 3545 5610 ἐργασίαν
3573 5534 3802 5606 αἰσχρῶν

2253 5636 2516 5708 πράξεων.
