4040 6412
226 474 368 544 1537
974 474 1071 534 DE
1101 470 1649 534 TEMPERANTIA
1678 471 1775 531 ΕΤ
1814 472 1821 485 “

1903 469 2178 530 R’I‘UTE.
2219 495 2288 506 -—
2321 471 2708 531 CENTURIA
2750 473 2832 534 II.
3038 448 3039 451 γ
3366 473 3498 535 tres

302 586 407 651 os".
446 585 506 637 Ὀ
526 583 706 637 τοίνυν
733 583 834 655 τὴν
863 583 1108 655 κεφαλὴν
1140 584 1327 655 τηρῶν
1358 584 1460 653 τὴν
1491 582 1584 637 τοῦ
1611 581 1807 651 mea)"
1842 586 1885 642 Α

1984 579 2074 635 76.
2117 578 2463 651 Quapropter
2495 582 2587 651 qui
2620 590 2782 653 caput
2810 583 3079 653 serpentis
3104 583 3494 651 observaverit,

228 682 328 735 καὶ
365 680 433 732 δι’
463 676 841 751 ἀντιρρήσεως
876 675 1195 748 θυμοειδοῦς
1231 675 1561 747 δακεθύμοις
1600 674 1807 746 ῥήμασι

1908 680 1964 727 ει
1998 672 2260 727 iracunde
2301 672 2643 738 reluctando,
2683 673 2867 729 verbis
2901 675 3163 730 animosis
3210 692 3365 740 usus,
3410 678 3496 732 in-

228 770 533 845 χρώμενος,
562 768 670 833 πὺξ
714 768 896 839 βαλὼν
921 769 1140 840 δείματι
1183 768 1571 840 ἀπεκρούσατο
1594 766 1686 820 τὸν
1713 783 1810 819 πο·-

1905 762 2055 833 jccto
2098 778 2281 833 pugno
2318 764 2373 817 in
2419 762 2611 818 faciem
2662 764 2961 835 pulsaverit
3008 765 3220 820 hostem
3271 767 3349 833 (in
3391 782 3500 838 quo

230 866 416 934 λὲμιον
444 860 494 934 (δ
527 864 621 916 καὶ
654 861 749 915 νῦν
776 878 863 927 τις
886 861 1045 925 ἄλλος
1068 857 1137 933 ἦν
1158 861 1411 931 κοπιῶν),
1438 859 1674 929 Πρῶτος
1693 858 1811 913 τῶν

1911 852 2072 907 modo
2102 853 2373 924 quispiam
2399 852 2537 908 alius
2576 853 2881 925 laborabat)
2911 854 3126 910 Primus
3153 857 3216 910 de
3244 857 3500 927 fructibus

229 955 478 1025 καρπῶν
532 954 881 1025 μεταλάϐοι,
926 954 1003 1020 ὡς
1054 954 1202 1007 δοκεῖ
1259 952 1478 1024 Παύλῳ.
1528 953 1588 1007 '0
1629 952 1811 1005 τοίνυν

1912 946 2178 1014 percipere
2207 946 2375 1009 debet,
2413 953 2474 999 ut
2514 945 2692 1016 placet
2734 946 2904 1002 Paulo
2940 948 3004 1002 “.
3051 948 3156 1015 Qui
3192 964 3321 1021 ergo
3364 966 3499 1004 con-

231 1047 376 1100 θλῶν
400 1047 497 1118 τὴν
523 1048 721 1119 κάραν,
758 1046 992 1116 ἐξέφυγε
1022 1046 1118 1099 καὶ
1152 1044 1383 1108 πολλοὺς
1418 1044 1690 1114 πονηροὺς
1721 1042 1812 1095 λος

1914 1036 2096 1089 tuudit
2126 1044 2306 1106 caput,
2346 1036 2393 1091 is
2422 1046 2477 1090 et
2507 1037 2709 1091 multas
2752 1040 3113 1110 cogitationes
3153 1055 3350 1110 pravas
3382 1042 3501 1095 evi-

232 1140 469 1210 γισμούς
516 1139 611 1193 καὶ
659 1137 801 1209 ἔργα
853 1138 1217 1209 πονηρότερα,
1264 1136 1358 1190 xal.
1402 1137 1526 1189 τότε
1565 1135 1813 1207 διαμένει

1915 1134 2011 1191 tat,
2055 1136 2108 1180 et
2142 1141 2309 1195 opera
2373 1129 2578 1197 pejora.
2633 1128 2827 1199 Fitque
2874 1140 3009 1198 tum,
3064 1140 3125 1185 ut
3178 1132 3503 1202 tranquillus

233 1231 553 1302 ἀκύμαντος
580 1231 615 1303 ἡ
646 1230 881 1296 διάνοια,
913 1230 1009 1284 τοῦ
1044 1228 1183 1283 θεοῦ
1228 1227 1668 1299 ἀπεκδεχομένου
1714 1226 1815 1295 τὴν

1916 1226 2232 1286 permaneat
2276 1219 2492 1273 animus
2531 1228 2546 1273 ἑ
2595 1220 2754 1289 cujus
2806 1222 3193 1277 excitationem
3241 1223 3503 1278 adversus

234 1326 409 1398 αὐτῆς
433 1325 763 1397 ἐγρήγορσιν
787 1324 866 1388 είς
894 1325 1020 1387 τοὺς
1041 1322 1356 1394 λογισμοὺς,
1382 1322 1479 1376 καὶ
1498 1320 1817 1390 ἀντιδωρου-

1916 1312 2274 1383 cogitationes
2321 1314 2516 1384 probat
2556 1313 2743 1382 Deus,
2781 1325 2836 1371 et
2887 1318 3279 1373 remunerandi
3338 1334 3502 1372 causa

238 1420 402 1489 μένου
433 1418 570 1489 αὐτῇ
605 1416 826 1481 είδὲναι,
874 1414 993 1479 πῶς
1026 1416 1108 1469 δεῖ
1146 1413 1538 1487 περιγενέσθαι
1561 1414 1690 1477 τούς
1719 1413 1816 1465 ἀν-

1917 1407 2072 1461 docet
2127 1422 2274 1471 eum,
2321 1423 2430 1478 quo
2478 1418 2638 1479 pacto
2705 1409 3089 1481 impugnantes
3135 1427 3192 1467 se
3240 1427 3503 1481 superare

234 1510 623 1573 τιπαλαίοντας
649 1509 841 1578 αὐτὴν,
869 1508 962 1562 καὶ
978 1509 1126 1572 ὅπως
1147 1508 1253 1579 χρὴ
1286 1505 1645 1577 καθαίρεσθαι
1674 1507 1818 1559 κατὰ

1918 1508 2083 1570 queat
2114 1517 2127 1552 :
2160 1506 2215 1553 et
2252 1515 2358 1569 qua
2399 1502 2613 1557 ratione
2642 1517 2739 1559 cor
2776 1505 3036 1575 paulatim
3070 1520 3303 1577 purgare
3338 1521 3504 1577 opor-

236 1600 439 1671 μικρὸν
480 1600 584 1670 τὴν
628 1598 878 1671 καρδίαν,
931 1600 997 1652 ὲκ
1041 1597 1322 1670 λογισμῶν
1365 1598 1690 1651 κοινούντων
1724 1596 1818 1650 καὶ

1925 1599 2033 1646 teat
2070 1592 2491 1663 cogitationibus
2536 1596 2938 1651 maculantibus
2980 1606 3033 1652 et
3088 1598 3504 1668 inquinantibus

239 1694 563 1763 μιαινόντων
588 1693 680 1746 τὸν
713 1691 862 1755 ἐντὸς
887 1691 1203 1764 ἄνθρωπον,
1232 1691 1309 1755 ὣς
1347 1707 1512 1763 φησιν
1541 1693 1569 1743 ὁ
1593 1689 1817 1760 Κύριος,

1924 1685 2237 1740 interiorem
2300 1684 2601 1749 hominem,
2656 1687 2800 1742 sicut
2888 1688 2965 1743 ait
3033 1688 3297 1744 Dominus
3355 1708 3369 1744 :
3426 1689 3504 1742 De

252 1788 355 1843 Ἐκ
387 1785 496 1857 τῆς
532 1786 784 1855 καρδίας
825 1786 1178 1857 ἐξέρχονται
1214 1787 1593 1857 διαλογισμοὶ
1631 1799 1819 1853 πονη-

1925 1779 2076 1831 corde
2133 1785 2319 1831 exeunt
2390 1779 2733 1848 cogitationes
2798 1780 2977 1845 malw,
3044 1782 3328 1847 adulteria,
3393 1784 3504 1853 for-

233 1878 355 1946 ροί,
380 1876 670 1946 πορνεῖαι,
689 1877 973 1947 μοιχεῖαι,
997 1876 1245 1933 κάκεῖνά
1264 1880 1382 1932 εισι
1405 1877 1478 1932 τὰ
1500 1877 1822 1934 κοινοῦντα

1924 1869 2215 1923 uicationes
2271 1884 2291 1923 :
2346 1879 2393 1924 et
2441 1872 2550 1925 lucc
2597 1879 2718 1924 sunt
2770 1887 2887 1940 qua
2935 1873 3276 1943 coinquinant
3335 1874 3504 1929 homi-

238 1932 713 2037 ιδίάνὸρωποέιῖ
795 1932 832 1947 ”
959 1932 973 1946 ’
1060 1932 1066 1933 ί

560 1982 713 2024 utor.
1853 1932 1896 1987 Β
1928 1977 2045 2015 nem
2089 1962 2155 2019 ".

312 2059 409 2125 οἷ’.
446 2063 654 2125 Ὄντως
676 2060 785 2135 ἄρα
811 2060 1033 2117 δύναται
1054 2060 1200 2134 ψυχὴ
1233 2062 1291 2115 ὲν
1329 2062 1519 2133 Κυρίῳ
1537 2060 1726 2127 στῆναι
1758 2061 1823 2131 τῇ

1999 2054 2085 2107 77.
2114 2054 2226 2109 Hac
2266 2053 2447 2125 itaque
2495 2055 2709 2111 ratione
2741 2064 2924 2125 potest
2950 2054 3129 2109 anima
3176 2070 3272 2124 per
3320 2053 3504 2108 Domi-

240 2154 444 2223 ἑαυτῆς
479 2155 753 2227 εὐμορφίᾳ
785 2157 878 2211 καὶ
912 2156 1208 2227 ὡραιότητι
1230 2158 1324 2211 καὶ⁵
1351 2157 1631 2227 εὐθύτητι,
1661 2156 1735 2217 ὡς
1767 2155 1825 2221 ἐξ

2023 2160 2057 2199 n
2113 2147 2351 2202 retinere
2374 2162 2524 2200 suam
2556 2148 2732 2217 ipsius
2784 2157 3153 2213 venustatem,
3180 2138 3504 2217 ‘pulchritu-
3616 2206 3618 2209 ,

237 2247 420 2317 ἀρχῆς
447 2247 584 2319 πρὸς
612 2246 747 2301 Θεοῦ
775 2247 998 2319 ἐκτίσθη
1034 2247 1154 2301 λίαν
1210 2248 1349 2320 καλή
1379 2266 1439 2301 τε
1470 2248 1563 2302 καὶ
1620 2246 1824 2310 εὐθεῖα,

1929 2237 2115 2293 dinem
2164 2249 2221 2294 et
2268 2239 2674 2307 rectitudinem,
2737 2240 2878 2323 sicut
2923 2240 3077 2294 initio
3105 2250 3283 2294 creata
3311 2248 3394 2295 est
3439 2240 3506 2294 ad

240 2339 427 2402 καθώς
465 2356 630 2411 φησιν
657 2341 686 2393 ό
718 2339 892 2410 μέγας
924 2339 1018 2393 τοῦ
1078 2340 1282 2410 Κυρίου
1321 2340 1575 2411 θεράπων
1625 2337 1826 2392 Ἀντὼυ

1928 2329 2343 2385 similitudinem
2366 2331 2483 2397 Dei,
2523 2332 2680 2386 valde
2720 2332 2968 2401 speciosa
3001 2342 3055 2385 et
3088 2343 3258 2395 reeta,
3294 2342 3355 2386 ut
3416 2332 3505 2386 in-

246 2447 378 2494 νιος,
402 2431 501 2499 τῆς
528 2430 707 2502 ψυχῆς
733 2432 793 2485 τὸ
810 2431 997 2503 νοερὸν
1032 2431 1175 2485 κατὰ
1203 2431 1367 2501 φύσιν
1399 2432 1629 2502 ἐχούσης
1657 2431 1825 2501 ἀρετῇ

1926 2423 2046 2493 quit
2076 2438 2305 2494 magnus
2339 2421 2553 2478 Domini
2582 2439 2774 2479 servus
2796 2423 3087 2488 Antonius,
3122 2425 3337 2488 animm,
3385 2441 3508 2493 qua:

242 2524 557 2577 συνίσταται
580 2539 595 2555 ⁸
625 2526 720 2577 καὶ
736 2522 894 2577 πάλιν
919 2519 1040 2576 εἶπε
1060 2535 1074 2550 ⁸
1096 2524 1168 2575 Τὸ
1190 2525 1298 2595 γὰρ
1323 2523 1541 2578 εὐθεῖαν
1565 2518 1704 2575 εἷναι
1729 2523 1828 2591 τὴν

1929 2516 2229 2571 secundam
2251 2524 2498 2570 naturam
2542 2519 2765 2588 regitur,
2798 2517 2879 2571 vis
2937 2516 3263 2571 intcllectiva
3294 2527 3507 2572 constat

240 2610 445 2683 ψυχὴν,
474 2611 635 2665 τοῦτό
669 2614 787 2666 ἑστι
838 2614 900 2666 τὸ
942 2613 1085 2666 κατὰ
1125 2614 1288 2684 φύσιν
1330 2614 1519 2684 νοερὸν
1569 2615 1707 2684 αὐτῇ
1754 2612 1828 2676 ὡς

1929 2607 2151 2663 virtute.
2183 2608 2249 2662 Et
2272 2608 2469 2663 iterum
2493 2609 2650 2675 dixit,
2684 2608 2906 2663 Rectam
2944 2626 3063 2665 esse
3091 2610 3349 2674 animant,
3406 2610 3508 2665 hoc

244 2703 479 2775 ἐκτίσθη
501 2720 516 2733 ·
552 2703 644 2758 καὶ
677 2701 795 2775 μετ’
822 2704 979 2773 ὀλίγα
1007 2700 1163 2769 αὖθίς
1192 2722 1325 2775 φησι
1346 2721 1361 2737 ’
1380 2705 1829 2776 Καθαρεύσωμεν

1930 2707 2034 2762 est,
2069 2698 2244 2769 ipsam
2286 2700 2489 2755 habere
2521 2699 2836 2755 facultatem
2886 2700 3275 2756 intellectivam
3301 2712 3509 2756 naturae

240 2794 347 2865 τὴν
381 2794 645 2852 διάνοιαν.
690 2797 831 2866 Ἐγὼ
883 2796 990 2867 γὰρ
1035 2797 1278 2851 πιστεύω
1305 2798 1386 2851 ὅτι
1433 2797 1830 2870 καθαρεύσασα

1930 2784 2375 2860 Consentaneam,
2410 2793 2486 2847 uti
2509 2802 2686 2848 creata
2720 2805 2824 2848 est.
2854 2794 2920 2847 Et
2962 2796 3171 2859 statim,
3213 2794 3402 2863 paucis
3425 2795 3509 2847 in-

240 2888 393 2960 ψυχή
424 2891 763 2961 πανταχόθεν
787 2894 884 2946 καὶ
931 2894 1073 2947 κατὰ
1110 2892 1271 2963 φύσιν
1316 2892 1529 2946 ἑστῶσα
1556 2935 1570 2956 ,
1608 2892 1830 2946 δύναται

1930 2884 2197 2954 terjectis,
2242 2885 2367 2940 ait:
2405 2882 2638 2957 Purgato
2707 2885 2878 2940 simus
2939 2886 3141 2940 animo.
3200 2886 3313 2957 Ego
3361 2886 3506 2939 enim

241 2983 530 3054 διορατικῆ
563 2984 827 3055 γενομένη
861 2985 1085 3039 πλείονα
1138 2985 1234 3038 καὶ⁵
1266 2986 1580 3056 μακρότερα
1611 2983 1831 3055 βλέπειν

1931 2977 2096 3032 credo
2125 2977 2383 3043 animam,
2420 2988 2746 3048 quacunqhe
2776 2986 2929 3048 parte
2969 2987 3271 3049 purgatam,
3308 2985 3364 3031 et
3406 2992 3508 3029 na-

242 3074 357 3129 τῶν
382 3074 687 3146 δαιμόνων,
730 3074 930 3147 ἔχουσα
980 3077 1071 3131 τὸν
1131 3076 1586 3131 ἀποκαλύπτοντα
1625 3075 1831 3147 Κύριον

1933 3072 2053 3119 tura
2085 3080 2184 3121 sua
2224 3075 2588 3130 constantem,
2610 3083 2790 3138 posse,
2824 3068 3193 3137 perspicacem
3230 3068 3501 3128 effectam,

242 3169 387 3240 αὐτῇ
408 3185 423 3200 θ
454 3162 593 3223 τάδε
641 3171 807 3240 φησιν
834 3172 862 3223 ό
893 3170 1100 3234 κλεινὸς
1142 3168 1451 3233 Ἀντώνιος,
1484 3166 1559 3232 ὥς
1592 3185 1757 3239 φησιν
1802 3170 1831 3222 ό

1933 3158 2143 3213 acutius
2168 3167 2225 3213 et
2246 3159 2537 3213 remotiora
2562 3160 2766 3225 videre,
2795 3175 2953 3229 quam
2975 3159 3184 3229 possint
3209 3157 3503 3222 daemones,

248 3259 429 3331 μέγας
474 3259 794 3325 ’Δθανάσιος
818 3262 877 3314 ὲν
906 3261 984 3332 τῷ
1012 3261 1140 3332 περὶ
1183 3259 1473 3314 Ἀντωνίου
1502 3259 1633 3331 Βίῳ.

1936 3248 2135 3319 quippe
2165 3264 2286 3318 quae
2315 3248 2601 3303 Dominum
2635 3249 2737 3304 sibi
2775 3250 3107 3303 revelantem
3138 3249 3352 3311 habeat,
3376 3248 3502 3302 llaec

1936 3339 2070 3393 dicit
2099 3339 2331 3410 inclytus
2350 3338 2641 3405 Antonius,
2680 3348 2902 3394 auctore
2931 3339 3233 3393 Athanasio
3283 3353 3503 3410 magno,

1935 3428 1991 3483 in
2015 3430 2138 3484 Vita
2171 3429 2415 3484 Antonii.

324 3531 425 3599 (ιη’.
460 3526 571 3591 πᾶς
622 3524 880 3598 λογισμὸς
908 3525 1179 3595 φαντασία
1207 3524 1266 3577 ἰν
1303 3525 1383 3595 νῷ
1412 3523 1661 3595 αἰσθήσει
1690 3523 1835 3588 τινὸς

2005 3518 2093 3573 78.
2126 3517 2346 3583 Ωιιιενίε
2374 3518 2630 3591 cogitatio
2653 3525 2738 3573 est
2760 3517 3074 3590 imaginatio
3099 3534 3221 3589 quae
3247 3519 3423 3573 oritur
3451 3519 3504 3573 in

250 3617 582 3689 πράγματος
598 3634 614 3651 ·
636 3616 759 3681 νοῦς
774 3615 884 3688 γὰρ
899 3616 975 3669 ὢν
998 3619 1029 3670 δ
1063 3615 1348 3687 Ἀσσύριος
1374 3614 1475 3668 οὐκ
1503 3613 1677 3678 ἄλλως
1694 3615 1837 3668 ἀπα-

1934 3618 2117 3665 mente
2144 3625 2213 3665 ex
2245 3613 2595 3683 perceptione
2649 3612 2907 3667 sensitiva
2931 3613 3009 3667 rei
3032 3613 3333 3684 cujusdam.
3370 3612 3506 3668 Cum

250 3712 357 3781 τᾷν
383 3709 647 3781 ὲξισχύει,
688 3711 737 3764 εί
775 3710 850 3781 μὴ
884 3709 1146 3780 χρήσεται
1199 3711 1313 3773 τοῖς
1364 3707 1495 3778 παρ’
1530 3706 1691 3778 ἡμῶν
1750 3708 1835 3761 εί·

1934 3699 2082 3755 enim
2108 3700 2360 3771 Assyrius
2383 3703 2713 3772 sitspiritus,
2746 3719 2857 3758 non
2905 3712 3087 3773 potest
3108 3704 3267 3759 aliter
3292 3705 3504 3773 fallere,

255 3803 477 3875 σΟητοτς
497 3805 592 3857 καὶ
622 3804 931 3874 συνήθεσιν.

1934 3807 2096 3862 quam
2120 3793 2167 3847 si
2203 3802 2390 3848 utatur
2412 3795 2479 3851 iis
2500 3810 2622 3865 quae
2653 3806 2784 3852 sunt
2811 3796 3017 3851 nostris
3033 3797 3285 3852 sensibus
3315 3805 3371 3852 et
3390 3813 3510 3852 mo-

1934 3885 2087 3940 ribus
2111 3885 2414 3941 familiaria.

272 4024 277 4025 κ
330 3983 427 4040 σθ’.
467 3983 558 4047 Ὦς
592 3983 654 4037 οὐ
683 3980 905 4037 δυνατὸν
933 3980 1042 4052 ἄρα
1061 3980 1223 4051 δρνεα
1254 3978 1474 4034 διώκειν
1496 3979 1645 4048 ἡμᾶς
1675 3978 1732 4031 ἑν
1755 3977 1837 4048 τῷ

1936 3974 1975 4006 ⁸
2008 3979 2094 4033 79.
2129 3978 2336 4041 Utnos,
2355 3980 2447 4049 qui
2477 3995 2669 4036 sumus
2698 3979 2970 4045 homines,
2996 3996 3197 4037 avesm
3223 3996 3351 4036 aere
3412 3998 3510 4036 vo-

256 4077 385 4149 ἀέρι
405 4076 658 4149 πτερωτὰ
679 4074 838 4137 ὄντας
862 4070 1204 4145 ἀνθρώπους,
1228 4072 1261 4144 ἢ
1292 4069 1621 4125 ἁνίπτασθαι
1647 4067 1836 4140 ὥσπερ

1936 4069 2113 4125 lantes
2137 4072 2351 4140 assequi
2384 4087 2495 4127 non
2552 4087 2866 4143 possumus,
2897 4084 3011 4137 aut,
3051 4073 3509 4143 quemadmodum

248 4169 511 4233 νιεάκεῖνα,
538 4164 698 4219 τοῦτο
725 4165 824 4236 τῆς
846 4163 1013 4236 ἡμῶν
1066 4160 1283 4232 φύάεως
1324 4161 1424 4216 οὐκ
1452 4160 1711 4231 ἐχούσης*
1742 4158 1835 4212 οὐ·

1935 4161 2060 4229 ΗΙτε,
2092 4178 2310 4218 sursum
2340 4164 2545 4229 volare,
2581 4181 2707 4221 cum
2741 4166 2881 4221 hanc
2914 4166 3022 4221 vim
3084 4175 3275 4220 natura
3323 4176 3509 4221 nostra

256 4276 369 4323 τως
388 4258 451 4312 οὐ
482 4257 706 4312 δυνατὸν
761 4257 1057 4329 λογισμοὺς
1086 4257 1434 4330 αὐτομάτους
1462 4256 1837 4328 δαιμονιώδεις

1934 4273 2045 4312 non
2101 4258 2349 4314 habeat:
2410 4258 2483 4313 ita
2557 4259 2677 4314 sine
2736 4259 3005 4329 frequenti
3037 4268 3091 4313 et
3142 4261 3514 4329 temperantiae

257 4349 645 4422 περιγενέσθαι
669 4351 838 4422 χωρὶς
868 4350 1032 4420 εὐχῆς
1059 4349 1333 4421 νηπτικῆς
1375 4347 1579 4419 συχνῆς
1600 4388 1615 4410 ,
1649 4347 1687 4417 ἢ
1711 4348 1839 4400 ἀτε-

1937 4349 2095 4419 plena
2124 4348 2390 4412 oratione,
2415 4358 2510 4403 aut
2540 4350 2851 4405 vehementi
2897 4351 3178 4405 oculorum
3207 4352 3408 4406 mentis
3457 4352 3512 4405 in

257 4446 370 4509 νὼς
391 4446 530 4514 ἄγαν
558 4445 695 4517 πρὸς
721 4444 854 4497 Θεὸν
870 4444 1025 4516 ὄμμα
1046 4427 1138 4499 νοῦ
1162 4441 1442 4515 νήχεσθαι.
1464 4441 1525 4495 El
1550 4438 1707 4505 δὲοο,
1733 4442 1841 4512 γῆν

1938 4441 2108 4497 Deum
2148 4442 2470 4507 intentione,
2526 4457 2639 4497 non
2668 4452 2823 4513 potes
2878 4442 3132 4497 fortuitas
3159 4443 3515 4513 cogitationes

259 4536 539 4610 θραύσεις.
1939 4533 2235 4589 diabolicas
2264 4550 2524 4605 superare
2552 4555 2566 4591 :
2608 4535 2692 4590 sin
2735 4536 2940 4599 minus,
2971 4543 3173 4590 terram
3208 4534 3390 4589 feries.

331 4634 407 4683 π’.
441 4627 744 4698 Είάληθῶς
778 4627 890 4699 ἄρα
938 4624 1256 4695 περιϐαλεῖν
1295 4623 1527 4697 αἰσχύνῃ
1569 4624 1701 4688 τοὺς
1750 4622 1841 4677 λο-
1872 4619 1920 4677 D

1913 4629 1920 4666 ⁵
2014 4626 2103 4681 80.
2133 4625 2384 4681 Profecto
2404 4626 2451 4681 si
2480 4641 2607 4682 vere
2639 4627 2794 4697 cupis
2831 4627 3052 4698 cingere
3081 4626 3291 4696 pudore
3356 4623 3508 4695 cogi-

258 4718 495 4789 γισμούς
521 4718 717 4785 θέλεις,
753 4713 1173 4789 καὶ’ῆσυχάζειν
1221 4716 1487 4787 εὐμενῶς,
1518 4716 1614 4770 καὶ
1642 4716 1836 4787 νήφειν

1942 4715 2196 4778 tationes,
2230 4724 2284 4770 et
2315 4731 2408 4770 eas
2437 4714 2670 4788 benigne
2727 4731 3078 4787 componere,
3120 4723 3512 4786 temperantem

257 4811 328 4881 τῇ
356 4808 558 4880 καρδίᾳ
614 4808 753 4878 μετὰ
811 4807 1082 4873 εὐκολίας,
1123 4805 1298 4878 Ἰησοῦ
1341 4805 1473 4877 εὐχὴ
1522 4803 1839 4875 κολληθήτω

1942 4805 2105 4860 etiam
2128 4805 2368 4859 animum
2393 4804 2551 4861 facile
2598 4822 2937 4878 comparare,
3013 4807 3325 4878 deprecatio
3386 4806 3514 4859 Jesu

212 4960 215 4963 _
260 4901 330 4969 σῇ
383 4900 544 4969 πνοῇ,
594 4898 691 4952 καὶ
744 4899 805 4952 εν
852 4896 1062 4968 ὀλίγαις
1114 4897 1354 4968 ἡμέραις
1383 4894 1668 4965 γινόμενον
1717 4892 1807 4963 δψε

1943 4897 2218 4952 adhaereat
2245 4896 2528 4967 spirationi
2561 4908 2666 4953 tua:
2692 4908 2782 4954 :et
2820 4900 2923 4954 hoc
2961 4899 3103 4953 intra
3134 4912 3338 4969 paucos
3395 4896 3514 4952 dies

259 4988 438 5045 τοῦτο.

1944 4988 2061 5043 ﬁeri
2088 4990 2405 5060 perspicies.
3206 5007 3212 5013 ·

334 5081 449 5138 πα’.
493 5081 582 5146 Ὧς
602 5080 709 5153 γὰρ
738 5082 796 5135 ὲν
824 5082 950 5152 ἀέρι
984 5079 1292 5152 γράμματα
1321 5080 1382 5133 οὐ
1436 5080 1660 5134 δυνατον
1705 5096 1841 5151 γρα-

2013 5080 2102 5135 81.
2135 5081 2204 5137 Ut
2225 5082 2371 5137 enim
2392 5083 2586 5139 litterae
2616 5085 2782 5140 scribi
2813 5094 3095 5155 nequeunt
3150 5083 3206 5138 in
3244 5095 3393 5144 aere.
3448 5096 3515 5135 eo

262 5175 469 5245 φῆναι·
508 5174 589 5227 δεῖ
612 5173 721 5245 γὰρ
746 5173 889 5227 αὐτὰ
913 5174 993 5237 είς
1041 5190 1095 5227 τι
1129 5172 1289 5244 σῶμα
1324 5171 1648 5244 στήσασθαι,
1689 5172 1842 5235 ὅπως

1942 5171 2090 5242 quod
2126 5171 2183 5225 in
2205 5186 2437 5242 corpore
2463 5174 2698 5244 quodam
2715 5189 2942 5229 necesse
2973 5174 3177 5228 habent
3219 5172 3519 5226 subsistere

263 5267 331 5323 ἂν
357 5266 554 5340 διαρκῆ
586 5265 895 5331 σώζωνταιο
911 5265 1055 5322 οὕτω
1075 5281 1140 5335 γε
1163 5267 1229 5336 τῇ
1252 5266 1473 5336 κοπηρᾷ
1497 5263 1658 5335 νήφει
1682 5263 1843 5336 ήμῶν

1944 5273 2004 5317 ut
2023 5263 2296 5319 duratura:
2332 5273 2622 5320 serventur
2653 5280 2666 5316 :
2694 5265 2769 5319 ita
2821 5280 2920 5335 per
2957 5264 3280 5318 laboriosam
3306 5270 3516 5329 tempe-

264 5361 333 5429 τῇ
360 5360 493 5430 εὐχῇ
534 5356 713 5427 Ἰησοῦ
748 5356 988 5428 Χριστοῦ
1026 5356 1412 5427 κολληθῶμεν,
1449 5357 1533 5410 ῐνα
1560 5359 1592 5428 ή
1621 5357 1719 5427 τῆς
1746 5374 1843 5427 νη-

1946 5356 2181 5411 rantiam
2211 5367 2456 5411 nostram
2479 5356 2780 5427 precationi
2810 5356 2939 5412 Jcsu
2996 5354 3197 5410 Christi
3248 5354 3518 5407 inhatreaa

266 5451 592 5520 φαλιότητος
625 5448 912 5518 πάγκαλος
937 5449 1132 5521 ἀρετὴ,
1158 5449 1386 5521 διαρκὴς
1420 5451 1521 5503 σὺν
1548 5449 1699 5521 αὐτῷ
1725 5448 1841 5501 δια-

1945 5464 2068 5504 mus
2094 5465 2109 5505 :
2135 5456 2196 5502 ut
2219 5450 2474 5519 praeclara
2495 5449 2667 5504 virtus
2692 5448 3067 5521 temperantiae
3089 5461 3212 5503 cum
3250 5444 3370 5514 ipso
3390 5459 3516 5512 per—

271 5542 432 5611 μένῃ,
491 5540 587 5593 καὶ
623 5540 690 5593 δι’
734 5538 897 5593 αὑτοῦ
939 5540 1070 5610 ἡμῖν
1143 5543 1223 5603 είς
1296 5540 1472 5594 αιῶνα
1520 5536 1845 5610 amatam

1944 5540 2105 5594 duret
2131 5548 2186 5594 et
2222 5549 2458 5605 maneat,
2492 5551 2547 5595 ει
2569 5557 2667 5611 per
2709 5542 2887 5611 ipsum
2945 5538 3107 5602 nobis
3163 5542 3520 5590 conservetur

266 5633 649 5704 ἀναφαίρετος.

1945 5632 1999 5686 in
2023 5632 2239 5696 saecula,
2274 5633 2410 5689 adeo
2445 5643 2506 5687 ut
2531 5633 2731 5686 auferri
2766 5648 2874 5686 non
2896 5629 3088 5700 possit.

274 5754 283 5771 .
343 5724 455 5795 πβ’.
489 5726 722 5780 Κύλισον
769 5725 862 5779 ἐπὶ
893 5725 1096 5797 Κύριον
1129 5726 1198 5781 τὰ
1232 5724 1370 5798 ἔργα
1401 5743 1519 5791 σου,
1556 5725 1649 5780 καὶ
1674 5724 1840 5798 εὐρή-

2016 5723 2103 5779 82.
2136 5722 2305 5780 Versa
2361 5724 2417 5779 in
2469 5723 2759 5778 Dominum
2816 5738 2980 5793 opera
3036 5730 3148 5788 tua,
3177 5726 3233 5777 et
3273 5718 3517 5775 invenies

348 5907 393 5940 “
421 5905 464 5962 ll
494 5905 635 5962 'I‘im.
668 5920 731 5971 tt,
752 5904 805 5962 θ.
886 5905 927 5937 ³⁷
948 5902 1138 5960 Matth.
1162 5919 1253 5971 xv,
1280 5901 1367 5971 l9,
1394 5902 1484 5957 20.
3253 5922 3291 5970 ι
