  <div class='ocr_page' id='page_1' title='image "/cluster/home/n/w/nwhite01/storage/ocr_20150623/93/hvd.32044019208040/777.png"; bbox 0 0 4006 6420; ppageno 0'>
   <div class='ocr_carea' id='block_1_1' title="bbox 2051 196 2086 213">
    <p class='ocr_par' dir='ltr' id='par_1_1' title="bbox 2051 196 2086 213">
     <span class='ocr_line' id='line_1_1' title="bbox 2051 196 2086 213; baseline 0 -7"><span class='ocrx_word' id='word_1_1' title='bbox 2051 196 2086 213; x_wconf 58' lang='grc' dir='ltr'><strong>συ</strong></span> 
     </span>
    </p>
   </div>
   <div class='ocr_carea' id='block_1_2' title="bbox 520 437 656 506">
    <p class='ocr_par' dir='ltr' id='par_1_2' title="bbox 520 437 656 506">
     <span class='ocr_line' id='line_1_2' title="bbox 520 437 656 506; baseline 0.015 -2"><span class='ocrx_word' id='word_1_2' title='bbox 520 437 656 506; x_wconf 70' lang='grc' dir='ltr'><strong>ιωθ</strong></span> 
     </span>
    </p>
   </div>
   <div class='ocr_carea' id='block_1_3' title="bbox 1713 425 2592 494">
    <p class='ocr_par' dir='ltr' id='par_1_3' title="bbox 1713 425 2592 494">
     <span class='ocr_line' id='line_1_3' title="bbox 1713 425 2592 494; baseline -0.003 -1"><span class='ocrx_word' id='word_1_3' title='bbox 1713 426 2078 494; x_wconf 83' lang='lat' dir='ltr'><strong>IIESYCHII</strong></span> <span class='ocrx_word' id='word_1_4' title='bbox 2117 425 2592 490; x_wconf 78' lang='lat' dir='ltr'><strong>PRESBYTERI</strong></span> 
     </span>
    </p>
   </div>
   <div class='ocr_carea' id='block_1_4' title="bbox 3644 434 3768 497">
    <p class='ocr_par' dir='ltr' id='par_1_4' title="bbox 3644 434 3768 497">
     <span class='ocr_line' id='line_1_4' title="bbox 3644 434 3768 497; baseline -0.016 0"><span class='ocrx_word' id='word_1_5' title='bbox 3644 434 3768 497; x_wconf 64' lang='lat'><strong>1550</strong></span> 
     </span>
    </p>
   </div>
   <div class='ocr_carea' id='block_1_5' title="bbox 518 538 2098 626">
    <p class='ocr_par' dir='ltr' id='par_1_5' title="bbox 518 542 2083 626">
     <span class='ocr_line' id='line_1_5' title="bbox 518 542 2083 626; baseline -0.008 -22"><span class='ocrx_word' id='word_1_6' title='bbox 518 553 766 626; x_wconf 74' lang='lat' dir='ltr'><strong>gm‘inm,</strong></span> <span class='ocrx_word' id='word_1_7' title='bbox 804 547 999 619; x_wconf 90' lang='lat' dir='ltr'><strong>inquit.</strong></span> <span class='ocrx_word' id='word_1_8' title='bbox 1034 546 1111 603; x_wconf 84' lang='lat' dir='ltr'><strong>Ne</strong></span> <span class='ocrx_word' id='word_1_9' title='bbox 1131 545 1199 602; x_wconf 89' lang='lat' dir='ltr'><strong>de</strong></span> <span class='ocrx_word' id='word_1_10' title='bbox 1220 543 1382 600; x_wconf 88' lang='lat' dir='ltr'><strong>nobis</strong></span> <span class='ocrx_word' id='word_1_11' title='bbox 1423 543 1588 599; x_wconf 89' lang='lat' dir='ltr'><strong>etiam</strong></span> <span class='ocrx_word' id='word_1_12' title='bbox 1617 542 1764 599; x_wconf 98' lang='lat' dir='ltr'><strong>dicat</strong></span> <span class='ocrx_word' id='word_1_13' title='bbox 1796 542 2083 614; x_wconf 74' lang='lat' dir='ltr'><strong>propheta,</strong></span> 
     </span>
    </p>
   </div>
   <div class='ocr_carea' id='block_1_6' title="bbox 2199 538 3769 626">
    <p class='ocr_par' dir='ltr' id='par_1_6' title="bbox 2202 538 3769 617">
     <span class='ocr_line' id='line_1_6' title="bbox 2202 538 3769 617; baseline 0.006 -27"><span class='ocrx_word' id='word_1_14' title='bbox 2202 553 2315 602; x_wconf 88' lang='grc' dir='ltr'><strong>σεις</strong></span> <span class='ocrx_word' id='word_1_15' title='bbox 2342 538 2522 611; x_wconf 86' lang='grc' dir='ltr'><strong>χάριν,</strong></span> <span class='ocrx_word' id='word_1_16' title='bbox 2553 539 2743 610; x_wconf 87' lang='grc' dir='ltr'><strong>φησίν.</strong></span> <span class='ocrx_word' id='word_1_17' title='bbox 2782 540 2901 596; x_wconf 86' lang='grc' dir='ltr'><strong>’Ίνα</strong></span> <span class='ocrx_word' id='word_1_18' title='bbox 2934 543 3011 615; x_wconf 76' lang='grc' dir='ltr'><strong>μὴ</strong></span> <span class='ocrx_word' id='word_1_19' title='bbox 3062 541 3158 598; x_wconf 79' lang='grc' dir='ltr'><strong>καὶ</strong></span> <span class='ocrx_word' id='word_1_20' title='bbox 3202 543 3333 616; x_wconf 69' lang='grc' dir='ltr'><strong>περὶ</strong></span> <span class='ocrx_word' id='word_1_21' title='bbox 3359 545 3521 616; x_wconf 73' lang='grc' dir='ltr'><strong>ἡμῶν</strong></span> <span class='ocrx_word' id='word_1_22' title='bbox 3550 545 3769 617; x_wconf 76' lang='grc' dir='ltr'><strong>λέγηται</strong></span> 
     </span>
    </p>
   </div>
   <div class='ocr_carea' id='block_1_7' title="bbox 517 633 2086 712">
    <p class='ocr_par' dir='ltr' id='par_1_7' title="bbox 517 633 2086 712">
     <span class='ocr_line' id='line_1_7' title="bbox 517 633 2086 712; baseline -0.007 -14"><span class='ocrx_word' id='word_1_23' title='bbox 517 644 689 712; x_wconf 82' lang='lat' dir='ltr'><strong><em>Prope</em></strong></span> <span class='ocrx_word' id='word_1_24' title='bbox 718 659 769 697; x_wconf 85' lang='lat' dir='ltr'><strong>es</strong></span> <span class='ocrx_word' id='word_1_25' title='bbox 798 651 879 705; x_wconf 86' lang='lat' dir='ltr'><strong>tu,</strong></span> <span class='ocrx_word' id='word_1_26' title='bbox 908 640 1145 704; x_wconf 88' lang='lat' dir='ltr'><strong>Domine,</strong></span> <span class='ocrx_word' id='word_1_27' title='bbox 1177 640 1233 693; x_wconf 89' lang='lat' dir='ltr'><strong>in</strong></span> <span class='ocrx_word' id='word_1_28' title='bbox 1262 655 1351 692; x_wconf 88' lang='lat' dir='ltr'><strong>ore</strong></span> <span class='ocrx_word' id='word_1_29' title='bbox 1397 638 1651 705; x_wconf 85' lang='lat' dir='ltr'><strong>ipsorum,</strong></span> <span class='ocrx_word' id='word_1_30' title='bbox 1706 636 1797 690; x_wconf 88' lang='lat' dir='ltr'><strong>sed</strong></span> <span class='ocrx_word' id='word_1_31' title='bbox 1822 633 2008 706; x_wconf 78' lang='lat' dir='ltr'><strong>procul</strong></span> <span class='ocrx_word' id='word_1_32' title='bbox 2053 649 2086 687; x_wconf 91' lang='lat' dir='ltr'><strong>a</strong></span> 
     </span>
    </p>
   </div>
   <div class='ocr_carea' id='block_1_8' title="bbox 518 725 2091 799">
    <p class='ocr_par' dir='ltr' id='par_1_8' title="bbox 518 725 2091 799">
     <span class='ocr_line' id='line_1_8' title="bbox 518 725 2091 799; baseline -0.004 -13"><span class='ocrx_word' id='word_1_33' title='bbox 518 734 729 786; x_wconf 84' lang='lat' dir='ltr'><strong>renibus</strong></span> <span class='ocrx_word' id='word_1_34' title='bbox 763 747 945 785; x_wconf 81' lang='lat' dir='ltr'><strong>eorum</strong></span> <span class='ocrx_word' id='word_1_35' title='bbox 980 729 1044 783; x_wconf 80' lang='lat'><strong>&quot;.</strong></span> <span class='ocrx_word' id='word_1_36' title='bbox 1084 728 1275 785; x_wconf 75' lang='lat' dir='ltr'><strong>Nullus</strong></span> <span class='ocrx_word' id='word_1_37' title='bbox 1295 729 1433 784; x_wconf 89' lang='lat' dir='ltr'><strong>alius</strong></span> <span class='ocrx_word' id='word_1_38' title='bbox 1465 738 1662 799; x_wconf 63' lang='lat' dir='ltr'><strong>praeter</strong></span> <span class='ocrx_word' id='word_1_39' title='bbox 1682 727 1865 784; x_wconf 82' lang='lat' dir='ltr'><strong>Jesurn</strong></span> <span class='ocrx_word' id='word_1_40' title='bbox 1902 725 2091 779; x_wconf 83' lang='lat' dir='ltr'><strong>reddet</strong></span> 
     </span>
    </p>
   </div>
   <div class='ocr_carea' id='block_1_9' title="bbox 518 820 2080 894">
    <p class='ocr_par' dir='ltr' id='par_1_9' title="bbox 518 820 2080 894">
     <span class='ocr_line' id='line_1_9' title="bbox 518 820 2080 894; baseline -0.006 -14"><span class='ocrx_word' id='word_1_41' title='bbox 518 841 614 880; x_wconf 86' lang='lat' dir='ltr'><strong>cor</strong></span> <span class='ocrx_word' id='word_1_42' title='bbox 645 834 797 879; x_wconf 90' lang='lat' dir='ltr'><strong>tuttm</strong></span> <span class='ocrx_word' id='word_1_43' title='bbox 818 833 1071 894; x_wconf 84' lang='lat' dir='ltr'><strong>pacatum</strong></span> <span class='ocrx_word' id='word_1_44' title='bbox 1098 832 1153 879; x_wconf 90' lang='lat' dir='ltr'><strong>et</strong></span> <span class='ocrx_word' id='word_1_45' title='bbox 1181 823 1535 893; x_wconf 88' lang='lat' dir='ltr'><strong>tranquillum</strong></span> <span class='ocrx_word' id='word_1_46' title='bbox 1565 823 1634 878; x_wconf 89' lang='lat' dir='ltr'><strong>ab</strong></span> <span class='ocrx_word' id='word_1_47' title='bbox 1656 820 2038 877; x_wconf 75' lang='lat' dir='ltr'><strong>aﬂ‘ectionihus</strong></span> <span class='ocrx_word' id='word_1_48' title='bbox 2066 833 2080 870; x_wconf 91' lang='lat'><strong>:</strong></span> 
     </span>
    </p>
   </div>
   <div class='ocr_carea' id='block_1_10' title="bbox 518 910 2090 984">
    <p class='ocr_par' dir='ltr' id='par_1_10' title="bbox 518 910 2090 984">
     <span class='ocr_line' id='line_1_10' title="bbox 518 910 2090 984; baseline -0.003 -15"><span class='ocrx_word' id='word_1_49' title='bbox 518 924 719 984; x_wconf 69' lang='lat' dir='ltr'><strong>prastcr</strong></span> <span class='ocrx_word' id='word_1_50' title='bbox 732 915 939 975; x_wconf 79' lang='lat' dir='ltr'><strong>Jesum.</strong></span> <span class='ocrx_word' id='word_1_51' title='bbox 964 914 1182 984; x_wconf 87' lang='lat' dir='ltr'><strong>inquam</strong></span> <span class='ocrx_word' id='word_1_52' title='bbox 1222 914 1524 977; x_wconf 81' lang='lat' dir='ltr'><strong>Christum,</strong></span> <span class='ocrx_word' id='word_1_53' title='bbox 1541 913 1632 984; x_wconf 86' lang='lat' dir='ltr'><strong>qui</strong></span> <span class='ocrx_word' id='word_1_54' title='bbox 1658 912 1816 983; x_wconf 88' lang='lat' dir='ltr'><strong>longe</strong></span> <span class='ocrx_word' id='word_1_55' title='bbox 1837 910 2090 966; x_wconf 82' lang='lat' dir='ltr'><strong>distantia</strong></span> 
     </span>
    </p>
   </div>
   <div class='ocr_carea' id='block_1_11' title="bbox 518 1006 820 1077">
    <p class='ocr_par' dir='ltr' id='par_1_11' title="bbox 518 1006 820 1077">
     <span class='ocr_line' id='line_1_11' title="bbox 518 1006 820 1077; baseline 0 -16"><span class='ocrx_word' id='word_1_56' title='bbox 518 1006 820 1077; x_wconf 73' lang='lat' dir='ltr'><strong>coniungit.</strong></span> 
     </span>
    </p>
   </div>
   <div class='ocr_carea' id='block_1_12' title="bbox 592 1096 2088 1170">
    <p class='ocr_par' dir='ltr' id='par_1_12' title="bbox 592 1096 2088 1170">
     <span class='ocr_line' id='line_1_12' title="bbox 592 1096 2088 1170; baseline -0.002 -17"><span class='ocrx_word' id='word_1_57' title='bbox 592 1098 681 1153; x_wconf 80' lang='lat'><strong>83.</strong></span> <span class='ocrx_word' id='word_1_58' title='bbox 753 1097 994 1169; x_wconf 86' lang='lat' dir='ltr'><strong>Utraque</strong></span> <span class='ocrx_word' id='word_1_59' title='bbox 1081 1099 1292 1170; x_wconf 87' lang='lat' dir='ltr'><strong>pariter</strong></span> <span class='ocrx_word' id='word_1_60' title='bbox 1373 1104 1621 1167; x_wconf 83' lang='lat' dir='ltr'><strong>spectant</strong></span> <span class='ocrx_word' id='word_1_61' title='bbox 1678 1096 1745 1152; x_wconf 91' lang='lat' dir='ltr'><strong>ad</strong></span> <span class='ocrx_word' id='word_1_62' title='bbox 1828 1096 2088 1160; x_wconf 89' lang='lat' dir='ltr'><strong>animam,</strong></span> 
     </span>
    </p>
   </div>
   <div class='ocr_carea' id='block_1_13' title="bbox 520 1190 2093 1260">
    <p class='ocr_par' dir='ltr' id='par_1_13' title="bbox 520 1190 2093 1260">
     <span class='ocr_line' id='line_1_13' title="bbox 520 1190 2093 1260; baseline -0.001 -16"><span class='ocrx_word' id='word_1_63' title='bbox 520 1199 634 1247; x_wconf 89' lang='lat' dir='ltr'><strong>tum</strong></span> <span class='ocrx_word' id='word_1_64' title='bbox 688 1191 955 1245; x_wconf 87' lang='lat' dir='ltr'><strong>mentales</strong></span> <span class='ocrx_word' id='word_1_65' title='bbox 1001 1190 1391 1260; x_wconf 81' lang='lat' dir='ltr'><strong>cogitationum</strong></span> <span class='ocrx_word' id='word_1_66' title='bbox 1418 1190 1794 1254; x_wconf 79' lang='lat' dir='ltr'><strong>allocutiones,</strong></span> <span class='ocrx_word' id='word_1_67' title='bbox 1837 1197 1952 1243; x_wconf 90' lang='lat' dir='ltr'><strong>tum</strong></span> <span class='ocrx_word' id='word_1_68' title='bbox 1997 1204 2093 1243; x_wconf 82' lang='lat' dir='ltr'><strong>ex-</strong></span> 
     </span>
    </p>
   </div>
   <div class='ocr_carea' id='block_1_14' title="bbox 520 1280 2088 1339">
    <p class='ocr_par' dir='ltr' id='par_1_14' title="bbox 520 1280 2088 1339">
     <span class='ocr_line' id='line_1_14' title="bbox 520 1280 2088 1339; baseline 0.001 -3"><span class='ocrx_word' id='word_1_69' title='bbox 520 1280 751 1336; x_wconf 85' lang='lat' dir='ltr'><strong>teriores</strong></span> <span class='ocrx_word' id='word_1_70' title='bbox 799 1285 1244 1338; x_wconf 87' lang='lat' dir='ltr'><strong>conversationes</strong></span> <span class='ocrx_word' id='word_1_71' title='bbox 1291 1292 1344 1338; x_wconf 89' lang='lat' dir='ltr'><strong>et</strong></span> <span class='ocrx_word' id='word_1_72' title='bbox 1392 1282 1859 1339; x_wconf 78' lang='lat' dir='ltr'><strong>confabulationes</strong></span> <span class='ocrx_word' id='word_1_73' title='bbox 1880 1282 2088 1337; x_wconf 65' lang='lat' dir='ltr'><strong>otiosae.</strong></span> 
     </span>
    </p>
   </div>
   <div class='ocr_carea' id='block_1_15' title="bbox 518 1369 2094 1442">
    <p class='ocr_par' dir='ltr' id='par_1_15' title="bbox 518 1369 2094 1442">
     <span class='ocr_line' id='line_1_15' title="bbox 518 1369 2094 1442; baseline 0 -16"><span class='ocrx_word' id='word_1_74' title='bbox 518 1369 832 1426; x_wconf 84' lang='lat' dir='ltr'><strong>Justissima</strong></span> <span class='ocrx_word' id='word_1_75' title='bbox 859 1387 1024 1440; x_wconf 88' lang='lat' dir='ltr'><strong>porro</strong></span> <span class='ocrx_word' id='word_1_76' title='bbox 1053 1372 1353 1428; x_wconf 89' lang='lat' dir='ltr'><strong>secundum</strong></span> <span class='ocrx_word' id='word_1_77' title='bbox 1379 1372 1546 1427; x_wconf 90' lang='lat' dir='ltr'><strong>Deum</strong></span> <span class='ocrx_word' id='word_1_78' title='bbox 1606 1373 1817 1428; x_wconf 83' lang='lat' dir='ltr'><strong>ratione</strong></span> <span class='ocrx_word' id='word_1_79' title='bbox 1861 1372 1951 1442; x_wconf 89' lang='lat' dir='ltr'><strong>qui</strong></span> <span class='ocrx_word' id='word_1_80' title='bbox 2002 1371 2094 1426; x_wconf 88' lang='lat' dir='ltr'><strong>de-</strong></span> 
     </span>
    </p>
   </div>
   <div class='ocr_carea' id='block_1_16' title="bbox 521 1462 2090 1527">
    <p class='ocr_par' dir='ltr' id='par_1_16' title="bbox 521 1462 2090 1527">
     <span class='ocr_line' id='line_1_16' title="bbox 521 1462 2090 1527; baseline 0.001 -11"><span class='ocrx_word' id='word_1_81' title='bbox 521 1462 729 1517; x_wconf 90' lang='lat' dir='ltr'><strong>clinare</strong></span> <span class='ocrx_word' id='word_1_82' title='bbox 751 1462 869 1518; x_wconf 91' lang='lat' dir='ltr'><strong>vult</strong></span> <span class='ocrx_word' id='word_1_83' title='bbox 922 1463 1089 1518; x_wconf 89' lang='lat' dir='ltr'><strong>animi</strong></span> <span class='ocrx_word' id='word_1_84' title='bbox 1120 1464 1404 1527; x_wconf 88' lang='lat' dir='ltr'><strong>damnum,</strong></span> <span class='ocrx_word' id='word_1_85' title='bbox 1464 1463 1629 1519; x_wconf 84' lang='lat' dir='ltr'><strong>debet</strong></span> <span class='ocrx_word' id='word_1_86' title='bbox 1656 1463 1921 1518; x_wconf 85' lang='lat' dir='ltr'><strong>ambobus</strong></span> <span class='ocrx_word' id='word_1_87' title='bbox 1980 1473 2090 1517; x_wconf 92' lang='lat' dir='ltr'><strong>tam</strong></span> 
     </span>
    </p>
   </div>
   <div class='ocr_carea' id='block_1_17' title="bbox 524 1554 2094 1628">
    <p class='ocr_par' dir='ltr' id='par_1_17' title="bbox 524 1554 2094 1628">
     <span class='ocr_line' id='line_1_17' title="bbox 524 1554 2094 1628; baseline -0.001 -19"><span class='ocrx_word' id='word_1_88' title='bbox 524 1554 839 1610; x_wconf 87' lang='lat' dir='ltr'><strong>hominibus</strong></span> <span class='ocrx_word' id='word_1_89' title='bbox 860 1571 1022 1625; x_wconf 91' lang='lat' dir='ltr'><strong>quam</strong></span> <span class='ocrx_word' id='word_1_90' title='bbox 1038 1556 1458 1628; x_wconf 77' lang='lat' dir='ltr'><strong>cogitationibus</strong></span> <span class='ocrx_word' id='word_1_91' title='bbox 1485 1558 1659 1611; x_wconf 87' lang='lat' dir='ltr'><strong>otiosa</strong></span> <span class='ocrx_word' id='word_1_92' title='bbox 1679 1556 1845 1611; x_wconf 89' lang='lat' dir='ltr'><strong>verba</strong></span> <span class='ocrx_word' id='word_1_93' title='bbox 1874 1565 2094 1611; x_wconf 80' lang='lat' dir='ltr'><strong>sectan-</strong></span> 
     </span>
    </p>
   </div>
   <div class='ocr_carea' id='block_1_18' title="bbox 522 1647 2095 1719">
    <p class='ocr_par' dir='ltr' id='par_1_18' title="bbox 522 1647 2095 1719">
     <span class='ocr_line' id='line_1_18' title="bbox 522 1647 2095 1719; baseline 0 -18"><span class='ocrx_word' id='word_1_94' title='bbox 522 1647 670 1703; x_wconf 86' lang='lat' dir='ltr'><strong>tibus</strong></span> <span class='ocrx_word' id='word_1_95' title='bbox 696 1663 1040 1712; x_wconf 82' lang='lat' dir='ltr'><strong>succensere,</strong></span> <span class='ocrx_word' id='word_1_96' title='bbox 1072 1664 1140 1703; x_wconf 90' lang='lat' dir='ltr'><strong>ne</strong></span> <span class='ocrx_word' id='word_1_97' title='bbox 1165 1663 1321 1703; x_wconf 89' lang='lat' dir='ltr'><strong>mens</strong></span> <span class='ocrx_word' id='word_1_98' title='bbox 1343 1649 1629 1703; x_wconf 89' lang='lat' dir='ltr'><strong>obscurata</strong></span> <span class='ocrx_word' id='word_1_99' title='bbox 1665 1648 2095 1719; x_wconf 88' lang='lat' dir='ltr'><strong>perturbettem-</strong></span> 
     </span>
    </p>
   </div>
   <div class='ocr_carea' id='block_1_19' title="bbox 522 1737 2094 1810">
    <p class='ocr_par' dir='ltr' id='par_1_19' title="bbox 522 1737 2094 1810">
     <span class='ocr_line' id='line_1_19' title="bbox 522 1737 2094 1810; baseline 0 -18"><span class='ocrx_word' id='word_1_100' title='bbox 522 1739 834 1808; x_wconf 86' lang='lat' dir='ltr'><strong>perantiam</strong></span> <span class='ocrx_word' id='word_1_101' title='bbox 870 1757 884 1795; x_wconf 88' lang='lat'><strong>:</strong></span> <span class='ocrx_word' id='word_1_102' title='bbox 916 1739 1177 1809; x_wconf 89' lang='lat' dir='ltr'><strong>quoniam</strong></span> <span class='ocrx_word' id='word_1_103' title='bbox 1212 1739 1487 1794; x_wconf 80' lang='lat' dir='ltr'><strong>oblivione</strong></span> <span class='ocrx_word' id='word_1_104' title='bbox 1513 1738 1855 1795; x_wconf 89' lang='lat' dir='ltr'><strong>obtenebrali</strong></span> <span class='ocrx_word' id='word_1_105' title='bbox 1910 1737 2094 1810; x_wconf 86' lang='lat' dir='ltr'><strong>perdi-</strong></span> 
     </span>
    </p>
   </div>
   <div class='ocr_carea' id='block_1_20' title="bbox 520 1831 921 1886">
    <p class='ocr_par' dir='ltr' id='par_1_20' title="bbox 520 1831 921 1886">
     <span class='ocr_line' id='line_1_20' title="bbox 520 1831 921 1886; baseline 0.007 -3"><span class='ocrx_word' id='word_1_106' title='bbox 520 1844 644 1884; x_wconf 86' lang='lat' dir='ltr'><strong>mus</strong></span> <span class='ocrx_word' id='word_1_107' title='bbox 657 1831 921 1886; x_wconf 88' lang='lat' dir='ltr'><strong>animum.</strong></span> 
     </span>
    </p>
   </div>
   <div class='ocr_carea' id='block_1_21' title="bbox 590 1916 2095 1992">
    <p class='ocr_par' dir='ltr' id='par_1_21' title="bbox 590 1916 2095 1992">
     <span class='ocr_line' id='line_1_21' title="bbox 590 1916 2095 1992; baseline 0 -17"><span class='ocrx_word' id='word_1_108' title='bbox 590 1920 682 1976; x_wconf 67' lang='lat'><strong>84.</strong></span> <span class='ocrx_word' id='word_1_109' title='bbox 740 1921 843 1987; x_wconf 92' lang='lat' dir='ltr'><strong>Qui</strong></span> <span class='ocrx_word' id='word_1_110' title='bbox 892 1922 1041 1976; x_wconf 91' lang='lat' dir='ltr'><strong>omni</strong></span> <span class='ocrx_word' id='word_1_111' title='bbox 1086 1921 1269 1977; x_wconf 93' lang='lat' dir='ltr'><strong>studio</strong></span> <span class='ocrx_word' id='word_1_112' title='bbox 1317 1920 1608 1992; x_wconf 87' lang='lat' dir='ltr'><strong>puritatem</strong></span> <span class='ocrx_word' id='word_1_113' title='bbox 1665 1916 1845 1976; x_wconf 87' lang='lat' dir='ltr'><strong>cordis</strong></span> <span class='ocrx_word' id='word_1_114' title='bbox 1876 1935 2095 1991; x_wconf 80' lang='lat' dir='ltr'><strong>semper</strong></span> 
     </span>
    </p>
   </div>
   <div class='ocr_carea' id='block_1_22' title="bbox 521 2011 2097 2082">
    <p class='ocr_par' dir='ltr' id='par_1_22' title="bbox 521 2011 2097 2082">
     <span class='ocr_line' id='line_1_22' title="bbox 521 2011 2097 2082; baseline 0.001 -17"><span class='ocrx_word' id='word_1_115' title='bbox 521 2020 831 2077; x_wconf 85' lang='lat' dir='ltr'><strong>conservat,</strong></span> <span class='ocrx_word' id='word_1_116' title='bbox 871 2011 1233 2082; x_wconf 82' lang='lat' dir='ltr'><strong>legislaturem</strong></span> <span class='ocrx_word' id='word_1_117' title='bbox 1285 2012 1429 2068; x_wconf 87' lang='lat' dir='ltr'><strong>illius</strong></span> <span class='ocrx_word' id='word_1_118' title='bbox 1485 2012 1761 2067; x_wconf 88' lang='lat' dir='ltr'><strong>Christum</strong></span> <span class='ocrx_word' id='word_1_119' title='bbox 1810 2011 2097 2066; x_wconf 88' lang='lat' dir='ltr'><strong>habiturus</strong></span> 
     </span>
    </p>
   </div>
   <div class='ocr_carea' id='block_1_23' title="bbox 520 2103 2097 2174">
    <p class='ocr_par' dir='ltr' id='par_1_23' title="bbox 520 2103 2097 2174">
     <span class='ocr_line' id='line_1_23' title="bbox 520 2103 2097 2174; baseline 0.001 -18"><span class='ocrx_word' id='word_1_120' title='bbox 520 2111 607 2158; x_wconf 90' lang='lat' dir='ltr'><strong>est</strong></span> <span class='ocrx_word' id='word_1_121' title='bbox 625 2117 726 2173; x_wconf 91' lang='lat' dir='ltr'><strong>pro</strong></span> <span class='ocrx_word' id='word_1_122' title='bbox 756 2103 1013 2173; x_wconf 86' lang='lat' dir='ltr'><strong>magistro</strong></span> <span class='ocrx_word' id='word_1_123' title='bbox 1039 2121 1052 2157; x_wconf 90' lang='lat'><strong>:</strong></span> <span class='ocrx_word' id='word_1_124' title='bbox 1086 2103 1179 2172; x_wconf 89' lang='lat' dir='ltr'><strong>qui</strong></span> <span class='ocrx_word' id='word_1_125' title='bbox 1207 2106 1434 2174; x_wconf 82' lang='lat' dir='ltr'><strong>mystice</strong></span> <span class='ocrx_word' id='word_1_126' title='bbox 1453 2104 1554 2174; x_wconf 89' lang='lat' dir='ltr'><strong>ipsi</strong></span> <span class='ocrx_word' id='word_1_127' title='bbox 1590 2107 1922 2159; x_wconf 85' lang='lat' dir='ltr'><strong>voluntatem</strong></span> <span class='ocrx_word' id='word_1_128' title='bbox 1941 2119 2097 2158; x_wconf 90' lang='lat' dir='ltr'><strong>suam</strong></span> 
     </span>
    </p>
   </div>
   <div class='ocr_carea' id='block_1_24' title="bbox 521 2193 2097 2266">
    <p class='ocr_par' dir='ltr' id='par_1_24' title="bbox 521 2193 2097 2266">
     <span class='ocr_line' id='line_1_24' title="bbox 521 2193 2097 2266; baseline 0.001 -17"><span class='ocrx_word' id='word_1_129' title='bbox 521 2194 829 2265; x_wconf 86' lang='lat' dir='ltr'><strong>cloquatur.</strong></span> <span class='ocrx_word' id='word_1_130' title='bbox 881 2193 1111 2249; x_wconf 77' lang='lat' dir='ltr'><strong>Audiam</strong></span> <span class='ocrx_word' id='word_1_131' title='bbox 1142 2195 1269 2266; x_wconf 81' lang='lat' dir='ltr'><strong>quid</strong></span> <span class='ocrx_word' id='word_1_132' title='bbox 1299 2195 1553 2265; x_wconf 79' lang='lat' dir='ltr'><strong>loquatur</strong></span> <span class='ocrx_word' id='word_1_133' title='bbox 1608 2196 1665 2250; x_wconf 92' lang='lat' dir='ltr'><strong>in</strong></span> <span class='ocrx_word' id='word_1_134' title='bbox 1714 2212 1796 2249; x_wconf 88' lang='lat' dir='ltr'><strong>me</strong></span> <span class='ocrx_word' id='word_1_135' title='bbox 1837 2195 2097 2250; x_wconf 77' lang='lat' dir='ltr'><strong>Dominus</strong></span> 
     </span>
    </p>
   </div>
   <div class='ocr_carea' id='block_1_25' title="bbox 526 2284 2099 2357">
    <p class='ocr_par' dir='ltr' id='par_1_25' title="bbox 526 2284 2099 2357">
     <span class='ocr_line' id='line_1_25' title="bbox 526 2284 2099 2357; baseline 0.001 -18"><span class='ocrx_word' id='word_1_136' title='bbox 526 2285 665 2340; x_wconf 80' lang='lat' dir='ltr'><strong>Deus</strong></span> <span class='ocrx_word' id='word_1_137' title='bbox 684 2286 749 2351; x_wconf 84' lang='grc'><strong>¹⁹,</strong></span> <span class='ocrx_word' id='word_1_138' title='bbox 779 2285 956 2355; x_wconf 88' lang='lat' dir='ltr'><strong>inquit</strong></span> <span class='ocrx_word' id='word_1_139' title='bbox 994 2284 1187 2350; x_wconf 88' lang='lat' dir='ltr'><strong>David,</strong></span> <span class='ocrx_word' id='word_1_140' title='bbox 1210 2286 1340 2340; x_wconf 90' lang='lat' dir='ltr'><strong>dum</strong></span> <span class='ocrx_word' id='word_1_141' title='bbox 1397 2286 1641 2342; x_wconf 85' lang='lat' dir='ltr'><strong>declarat</strong></span> <span class='ocrx_word' id='word_1_142' title='bbox 1700 2286 1866 2341; x_wconf 86' lang='lat' dir='ltr'><strong>istud.</strong></span> <span class='ocrx_word' id='word_1_143' title='bbox 1914 2285 2099 2357; x_wconf 86' lang='lat' dir='ltr'><strong>Expli-</strong></span> 
     </span>
    </p>
   </div>
   <div class='ocr_carea' id='block_1_26' title="bbox 523 2377 2095 2449">
    <p class='ocr_par' dir='ltr' id='par_1_26' title="bbox 523 2377 2095 2449">
     <span class='ocr_line' id='line_1_26' title="bbox 523 2377 2095 2449; baseline -0.001 -16"><span class='ocrx_word' id='word_1_144' title='bbox 523 2394 658 2433; x_wconf 91' lang='lat' dir='ltr'><strong>cans</strong></span> <span class='ocrx_word' id='word_1_145' title='bbox 695 2386 874 2433; x_wconf 89' lang='lat' dir='ltr'><strong>autem</strong></span> <span class='ocrx_word' id='word_1_146' title='bbox 906 2387 1219 2432; x_wconf 87' lang='lat' dir='ltr'><strong>accuratam</strong></span> <span class='ocrx_word' id='word_1_147' title='bbox 1255 2378 1427 2432; x_wconf 88' lang='lat' dir='ltr'><strong>animi</strong></span> <span class='ocrx_word' id='word_1_148' title='bbox 1488 2378 1633 2449; x_wconf 90' lang='lat' dir='ltr'><strong>apud</strong></span> <span class='ocrx_word' id='word_1_149' title='bbox 1653 2377 1897 2448; x_wconf 89' lang='lat' dir='ltr'><strong>seipsum</strong></span> <span class='ocrx_word' id='word_1_150' title='bbox 1942 2393 2095 2433; x_wconf 81' lang='lat' dir='ltr'><strong>com-</strong></span> 
     </span>
    </p>
   </div>
   <div class='ocr_carea' id='block_1_27' title="bbox 522 2469 2096 2539">
    <p class='ocr_par' dir='ltr' id='par_1_27' title="bbox 522 2469 2096 2539">
     <span class='ocr_line' id='line_1_27' title="bbox 522 2469 2096 2539; baseline -0.001 -14"><span class='ocrx_word' id='word_1_151' title='bbox 522 2470 935 2536; x_wconf 79' lang='lat' dir='ltr'><strong>tnentationem,</strong></span> <span class='ocrx_word' id='word_1_152' title='bbox 957 2469 1026 2524; x_wconf 90' lang='lat' dir='ltr'><strong>de</strong></span> <span class='ocrx_word' id='word_1_153' title='bbox 1056 2469 1282 2539; x_wconf 87' lang='lat' dir='ltr'><strong>spiritali</strong></span> <span class='ocrx_word' id='word_1_154' title='bbox 1313 2470 1454 2524; x_wconf 91' lang='lat' dir='ltr'><strong>bello</strong></span> <span class='ocrx_word' id='word_1_155' title='bbox 1468 2485 1533 2524; x_wconf 90' lang='lat' dir='ltr'><strong>ac</strong></span> <span class='ocrx_word' id='word_1_156' title='bbox 1562 2471 1631 2524; x_wconf 86' lang='lat' dir='ltr'><strong>de</strong></span> <span class='ocrx_word' id='word_1_157' title='bbox 1663 2470 2096 2525; x_wconf 87' lang='lat' dir='ltr'><strong>rcmnneratoria</strong></span> 
     </span>
    </p>
   </div>
   <div class='ocr_carea' id='block_1_28' title="bbox 523 2562 2098 2633">
    <p class='ocr_par' dir='ltr' id='par_1_28' title="bbox 523 2562 2098 2633">
     <span class='ocr_line' id='line_1_28' title="bbox 523 2562 2098 2633; baseline 0 -17"><span class='ocrx_word' id='word_1_158' title='bbox 523 2562 619 2618; x_wconf 86' lang='lat' dir='ltr'><strong>Dei</strong></span> <span class='ocrx_word' id='word_1_159' title='bbox 666 2562 1027 2633; x_wconf 77' lang='lat' dir='ltr'><strong>protectione,</strong></span> <span class='ocrx_word' id='word_1_160' title='bbox 1087 2562 1349 2617; x_wconf 89' lang='lat' dir='ltr'><strong>dicebat:</strong></span> <span class='ocrx_word' id='word_1_161' title='bbox 1411 2563 1480 2618; x_wconf 88' lang='lat' dir='ltr'><strong>Et</strong></span> <span class='ocrx_word' id='word_1_162' title='bbox 1514 2564 1650 2618; x_wconf 88' lang='lat' dir='ltr'><strong>dicet</strong></span> <span class='ocrx_word' id='word_1_163' title='bbox 1693 2569 1845 2617; x_wconf 83' lang='lat' dir='ltr'><strong>homo</strong></span> <span class='ocrx_word' id='word_1_164' title='bbox 1871 2580 1888 2617; x_wconf 93' lang='lat'><strong><em>:</em></strong></span> <span class='ocrx_word' id='word_1_165' title='bbox 1916 2564 2098 2618; x_wconf 85' lang='lat' dir='ltr'><strong>Eritne</strong></span> 
     </span>
    </p>
   </div>
   <div class='ocr_carea' id='block_1_29' title="bbox 523 2652 2099 2726">
    <p class='ocr_par' dir='ltr' id='par_1_29' title="bbox 523 2652 2099 2726">
     <span class='ocr_line' id='line_1_29' title="bbox 523 2652 2099 2726; baseline 0.003 -19"><span class='ocrx_word' id='word_1_166' title='bbox 523 2656 725 2726; x_wconf 84' lang='lat' dir='ltr'><strong>fructus</strong></span> <span class='ocrx_word' id='word_1_167' title='bbox 751 2654 898 2723; x_wconf 83' lang='lat' dir='ltr'><strong>justo</strong></span> <span class='ocrx_word' id='word_1_168' title='bbox 921 2654 1007 2708; x_wconf 70' lang='grc' dir='ltr'><strong>ὀἳ</strong></span> <span class='ocrx_word' id='word_1_169' title='bbox 1037 2652 1240 2709; x_wconf 83' lang='lat' dir='ltr'><strong>Deinde</strong></span> <span class='ocrx_word' id='word_1_170' title='bbox 1269 2670 1340 2710; x_wconf 77' lang='lat' dir='ltr'><strong>ex</strong></span> <span class='ocrx_word' id='word_1_171' title='bbox 1372 2670 1439 2709; x_wconf 88' lang='lat' dir='ltr'><strong>ea</strong></span> <span class='ocrx_word' id='word_1_172' title='bbox 1461 2658 1928 2712; x_wconf 88' lang='lat' dir='ltr'><strong>commentatione</strong></span> <span class='ocrx_word' id='word_1_173' title='bbox 1962 2673 2099 2711; x_wconf 82' lang='lat' dir='ltr'><strong>con-</strong></span> 
     </span>
    </p>
   </div>
   <div class='ocr_carea' id='block_1_30' title="bbox 523 2747 2095 2818">
    <p class='ocr_par' dir='ltr' id='par_1_30' title="bbox 523 2747 2095 2818">
     <span class='ocr_line' id='line_1_30' title="bbox 523 2747 2095 2818; baseline 0.001 -17"><span class='ocrx_word' id='word_1_174' title='bbox 523 2747 704 2801; x_wconf 89' lang='lat' dir='ltr'><strong>silium</strong></span> <span class='ocrx_word' id='word_1_175' title='bbox 739 2747 996 2817; x_wconf 88' lang='lat' dir='ltr'><strong>utrinque</strong></span> <span class='ocrx_word' id='word_1_176' title='bbox 1017 2757 1335 2817; x_wconf 80' lang='lat' dir='ltr'><strong>excerptum</strong></span> <span class='ocrx_word' id='word_1_177' title='bbox 1370 2748 1525 2817; x_wconf 87' lang='lat' dir='ltr'><strong>quasi</strong></span> <span class='ocrx_word' id='word_1_178' title='bbox 1547 2748 1897 2818; x_wconf 88' lang='lat' dir='ltr'><strong>depromcns,</strong></span> <span class='ocrx_word' id='word_1_179' title='bbox 1954 2750 2031 2805; x_wconf 87' lang='lat' dir='ltr'><strong>ait</strong></span> <span class='ocrx_word' id='word_1_180' title='bbox 2080 2766 2095 2802; x_wconf 88' lang='lat'><strong>:</strong></span> 
     </span>
    </p>
   </div>
   <div class='ocr_carea' id='block_1_31' title="bbox 530 2839 2100 2911">
    <p class='ocr_par' dir='ltr' id='par_1_31' title="bbox 530 2839 2100 2911">
     <span class='ocr_line' id='line_1_31' title="bbox 530 2839 2100 2911; baseline 0.001 -16"><span class='ocrx_word' id='word_1_181' title='bbox 530 2840 714 2911; x_wconf 84' lang='lat' dir='ltr'><strong>Utique</strong></span> <span class='ocrx_word' id='word_1_182' title='bbox 745 2848 819 2893; x_wconf 89' lang='lat' dir='ltr'><strong>est</strong></span> <span class='ocrx_word' id='word_1_183' title='bbox 852 2839 988 2893; x_wconf 85' lang='lat' dir='ltr'><strong>Deus</strong></span> <span class='ocrx_word' id='word_1_184' title='bbox 1009 2839 1261 2908; x_wconf 83' lang='lat' dir='ltr'><strong>judicans</strong></span> <span class='ocrx_word' id='word_1_185' title='bbox 1292 2855 1377 2892; x_wconf 79' lang='lat' dir='ltr'><strong>eos</strong></span> <span class='ocrx_word' id='word_1_186' title='bbox 1400 2840 1454 2891; x_wconf 90' lang='lat' dir='ltr'><strong>in</strong></span> <span class='ocrx_word' id='word_1_187' title='bbox 1495 2849 1637 2893; x_wconf 88' lang='lat' dir='ltr'><strong>terra</strong></span> <span class='ocrx_word' id='word_1_188' title='bbox 1684 2840 1758 2895; x_wconf 67' lang='grc' dir='ltr'><strong>υ.</strong></span> <span class='ocrx_word' id='word_1_189' title='bbox 1810 2839 2100 2896; x_wconf 86' lang='lat' dir='ltr'><strong>Pcrversos</strong></span> 
     </span>
    </p>
   </div>
   <div class='ocr_carea' id='block_1_32' title="bbox 526 2929 2098 2985">
    <p class='ocr_par' dir='ltr' id='par_1_32' title="bbox 526 2929 2098 2985">
     <span class='ocr_line' id='line_1_32' title="bbox 526 2929 2098 2985; baseline 0.001 -2"><span class='ocrx_word' id='word_1_190' title='bbox 526 2930 734 2985; x_wconf 83' lang='lat' dir='ltr'><strong>scilicet</strong></span> <span class='ocrx_word' id='word_1_191' title='bbox 753 2930 1031 2985; x_wconf 66' lang='lat' dir='ltr'><strong>daemonas</strong></span> <span class='ocrx_word' id='word_1_192' title='bbox 1058 2929 1112 2982; x_wconf 93' lang='lat' dir='ltr'><strong>in</strong></span> <span class='ocrx_word' id='word_1_193' title='bbox 1138 2937 1284 2983; x_wconf 89' lang='lat' dir='ltr'><strong>terra</strong></span> <span class='ocrx_word' id='word_1_194' title='bbox 1322 2929 1502 2983; x_wconf 91' lang='lat' dir='ltr'><strong>cordis</strong></span> <span class='ocrx_word' id='word_1_195' title='bbox 1531 2929 1726 2984; x_wconf 88' lang='lat' dir='ltr'><strong>nostri.</strong></span> <span class='ocrx_word' id='word_1_196' title='bbox 1756 2930 1825 2985; x_wconf 89' lang='lat' dir='ltr'><strong>Et</strong></span> <span class='ocrx_word' id='word_1_197' title='bbox 1849 2931 1978 2985; x_wconf 87' lang='lat' dir='ltr'><strong>alibi</strong></span> <span class='ocrx_word' id='word_1_198' title='bbox 2014 2932 2098 2985; x_wconf 86' lang='lat' dir='ltr'><strong>di-</strong></span> 
     </span>
    </p>
   </div>
   <div class='ocr_carea' id='block_1_33' title="bbox 525 3019 2102 3084">
    <p class='ocr_par' dir='ltr' id='par_1_33' title="bbox 525 3019 2102 3084">
     <span class='ocr_line' id='line_1_33' title="bbox 525 3019 2102 3084; baseline 0 -10"><span class='ocrx_word' id='word_1_199' title='bbox 525 3021 651 3075; x_wconf 85' lang='lat' dir='ltr'><strong>cit:</strong></span> <span class='ocrx_word' id='word_1_200' title='bbox 703 3019 926 3074; x_wconf 76' lang='lat' dir='ltr'><strong>Accedet</strong></span> <span class='ocrx_word' id='word_1_201' title='bbox 968 3020 1122 3073; x_wconf 75' lang='lat' dir='ltr'><strong>homo</strong></span> <span class='ocrx_word' id='word_1_202' title='bbox 1166 3019 1236 3073; x_wconf 90' lang='lat' dir='ltr'><strong>ad</strong></span> <span class='ocrx_word' id='word_1_203' title='bbox 1269 3034 1358 3071; x_wconf 82' lang='lat' dir='ltr'><strong>cor</strong></span> <span class='ocrx_word' id='word_1_204' title='bbox 1415 3019 1618 3084; x_wconf 88' lang='lat' dir='ltr'><strong>altum,</strong></span> <span class='ocrx_word' id='word_1_205' title='bbox 1673 3030 1721 3074; x_wconf 86' lang='lat' dir='ltr'><strong>et</strong></span> <span class='ocrx_word' id='word_1_206' title='bbox 1779 3021 2102 3075; x_wconf 73' lang='lat' dir='ltr'><strong>exaltabitur</strong></span> 
     </span>
    </p>
   </div>
   <div class='ocr_carea' id='block_1_34' title="bbox 527 3109 2100 3180">
    <p class='ocr_par' dir='ltr' id='par_1_34' title="bbox 527 3109 2100 3180">
     <span class='ocr_line' id='line_1_34' title="bbox 527 3109 2100 3180; baseline 0.003 -16"><span class='ocrx_word' id='word_1_207' title='bbox 527 3111 668 3164; x_wconf 87' lang='lat' dir='ltr'><strong>Deus</strong></span> <span class='ocrx_word' id='word_1_208' title='bbox 696 3111 765 3164; x_wconf 78' lang='lat'><strong>&quot;.</strong></span> <span class='ocrx_word' id='word_1_209' title='bbox 798 3109 952 3164; x_wconf 86' lang='lat' dir='ltr'><strong>Tunc</strong></span> <span class='ocrx_word' id='word_1_210' title='bbox 991 3109 1159 3180; x_wconf 65' lang='lat' dir='ltr'><strong>plaga:</strong></span> <span class='ocrx_word' id='word_1_211' title='bbox 1178 3124 1365 3165; x_wconf 91' lang='lat' dir='ltr'><strong>eorum</strong></span> <span class='ocrx_word' id='word_1_212' title='bbox 1399 3111 1559 3166; x_wconf 88' lang='lat' dir='ltr'><strong>nobis</strong></span> <span class='ocrx_word' id='word_1_213' title='bbox 1587 3113 1956 3168; x_wconf 76' lang='lat' dir='ltr'><strong>censebantur</strong></span> <span class='ocrx_word' id='word_1_214' title='bbox 1979 3129 2100 3169; x_wconf 81' lang='lat' dir='ltr'><strong>esse</strong></span> 
     </span>
    </p>
   </div>
   <div class='ocr_carea' id='block_1_35' title="bbox 526 3202 1125 3275">
    <p class='ocr_par' dir='ltr' id='par_1_35' title="bbox 526 3202 1125 3275">
     <span class='ocr_line' id='line_1_35' title="bbox 526 3202 1125 3275; baseline -0.005 -17"><span class='ocrx_word' id='word_1_215' title='bbox 526 3203 733 3275; x_wconf 70' lang='lat' dir='ltr'><strong>sagitta:</strong></span> <span class='ocrx_word' id='word_1_216' title='bbox 755 3202 1125 3275; x_wconf 80' lang='lat' dir='ltr'><strong>parvulorum.</strong></span> 
     </span>
    </p>
   </div>
   <div class='ocr_carea' id='block_1_36' title="bbox 596 3317 2102 3389">
    <p class='ocr_par' dir='ltr' id='par_1_36' title="bbox 596 3317 2102 3389">
     <span class='ocr_line' id='line_1_36' title="bbox 596 3317 2102 3389; baseline -0.002 -15"><span class='ocrx_word' id='word_1_217' title='bbox 596 3318 686 3374; x_wconf 85' lang='lat'><strong>85.</strong></span> <span class='ocrx_word' id='word_1_218' title='bbox 737 3317 809 3372; x_wconf 84' lang='lat' dir='ltr'><strong>Ex</strong></span> <span class='ocrx_word' id='word_1_219' title='bbox 862 3319 1135 3373; x_wconf 89' lang='lat' dir='ltr'><strong>sententia</strong></span> <span class='ocrx_word' id='word_1_220' title='bbox 1191 3317 1332 3372; x_wconf 83' lang='lat' dir='ltr'><strong>sacri</strong></span> <span class='ocrx_word' id='word_1_221' title='bbox 1372 3317 1587 3383; x_wconf 66' lang='lat' dir='ltr'><strong>Psaltm,</strong></span> <span class='ocrx_word' id='word_1_222' title='bbox 1633 3319 1796 3373; x_wconf 87' lang='lat' dir='ltr'><strong>corde</strong></span> <span class='ocrx_word' id='word_1_223' title='bbox 1817 3317 2102 3389; x_wconf 76' lang='lat' dir='ltr'><strong>sapientiae</strong></span> 
     </span>
    </p>
   </div>
   <div class='ocr_carea' id='block_1_37' title="bbox 527 3410 2100 3482">
    <p class='ocr_par' dir='ltr' id='par_1_37' title="bbox 527 3410 2100 3482">
     <span class='ocr_line' id='line_1_37' title="bbox 527 3410 2100 3482; baseline 0 -17"><span class='ocrx_word' id='word_1_224' title='bbox 527 3410 744 3482; x_wconf 90' lang='lat' dir='ltr'><strong>alligato</strong></span> <span class='ocrx_word' id='word_1_225' title='bbox 771 3425 987 3481; x_wconf 87' lang='lat' dir='ltr'><strong>semper</strong></span> <span class='ocrx_word' id='word_1_226' title='bbox 1005 3411 1291 3482; x_wconf 84' lang='lat' dir='ltr'><strong>degamus,</strong></span> <span class='ocrx_word' id='word_1_227' title='bbox 1316 3413 1489 3481; x_wconf 85' lang='lat' dir='ltr'><strong>ipsam</strong></span> <span class='ocrx_word' id='word_1_228' title='bbox 1518 3411 1612 3465; x_wconf 84' lang='lat' dir='ltr'><strong>Dei</strong></span> <span class='ocrx_word' id='word_1_229' title='bbox 1638 3412 1818 3466; x_wconf 85' lang='lat' dir='ltr'><strong>Patris</strong></span> <span class='ocrx_word' id='word_1_230' title='bbox 1841 3413 2100 3466; x_wconf 73' lang='lat' dir='ltr'><strong>virtutem</strong></span> 
     </span>
    </p>
   </div>
   <div class='ocr_carea' id='block_1_38' title="bbox 528 3500 2101 3573">
    <p class='ocr_par' dir='ltr' id='par_1_38' title="bbox 528 3500 2101 3573">
     <span class='ocr_line' id='line_1_38' title="bbox 528 3500 2101 3573; baseline 0.001 -18"><span class='ocrx_word' id='word_1_231' title='bbox 528 3515 593 3555; x_wconf 90' lang='lat' dir='ltr'><strong>ac</strong></span> <span class='ocrx_word' id='word_1_232' title='bbox 616 3500 708 3555; x_wconf 87' lang='lat' dir='ltr'><strong>Dei</strong></span> <span class='ocrx_word' id='word_1_233' title='bbox 732 3501 1048 3571; x_wconf 88' lang='lat' dir='ltr'><strong>sapientiam</strong></span> <span class='ocrx_word' id='word_1_234' title='bbox 1067 3503 1253 3558; x_wconf 83' lang='lat' dir='ltr'><strong>.lesum</strong></span> <span class='ocrx_word' id='word_1_235' title='bbox 1269 3501 1545 3557; x_wconf 86' lang='lat' dir='ltr'><strong>Christum</strong></span> <span class='ocrx_word' id='word_1_236' title='bbox 1576 3503 1926 3573; x_wconf 85' lang='lat' dir='ltr'><strong>respirantes.</strong></span> <span class='ocrx_word' id='word_1_237' title='bbox 1948 3502 2101 3569; x_wconf 88' lang='lat' dir='ltr'><strong>Quod</strong></span> 
     </span>
    </p>
   </div>
   <div class='ocr_carea' id='block_1_39' title="bbox 528 3588 2101 3661">
    <p class='ocr_par' dir='ltr' id='par_1_39' title="bbox 528 3588 2101 3661">
     <span class='ocr_line' id='line_1_39' title="bbox 528 3588 2101 3661; baseline 0.003 -19"><span class='ocrx_word' id='word_1_238' title='bbox 528 3591 598 3651; x_wconf 87' lang='lat' dir='ltr'><strong>si,</strong></span> <span class='ocrx_word' id='word_1_239' title='bbox 630 3588 703 3643; x_wconf 88' lang='lat' dir='ltr'><strong>ob</strong></span> <span class='ocrx_word' id='word_1_240' title='bbox 737 3590 1199 3645; x_wconf 85' lang='lat' dir='ltr'><strong>circumstantiam</strong></span> <span class='ocrx_word' id='word_1_241' title='bbox 1226 3592 1517 3661; x_wconf 87' lang='lat' dir='ltr'><strong>quamdam</strong></span> <span class='ocrx_word' id='word_1_242' title='bbox 1546 3593 1884 3647; x_wconf 88' lang='lat' dir='ltr'><strong>remissiores</strong></span> <span class='ocrx_word' id='word_1_243' title='bbox 1902 3593 2101 3653; x_wconf 77' lang='lat' dir='ltr'><strong>ell&#39;ecti.</strong></span> 
     </span>
    </p>
   </div>
   <div class='ocr_carea' id='block_1_40' title="bbox 527 3682 2103 3754">
    <p class='ocr_par' dir='ltr' id='par_1_40' title="bbox 527 3682 2103 3754">
     <span class='ocr_line' id='line_1_40' title="bbox 527 3682 2103 3754; baseline 0.002 -18"><span class='ocrx_word' id='word_1_244' title='bbox 527 3682 775 3736; x_wconf 82' lang='lat' dir='ltr'><strong>actiones</strong></span> <span class='ocrx_word' id='word_1_245' title='bbox 827 3683 995 3736; x_wconf 91' lang='lat' dir='ltr'><strong>animi</strong></span> <span class='ocrx_word' id='word_1_246' title='bbox 1047 3684 1466 3754; x_wconf 86' lang='lat' dir='ltr'><strong>neglexerimus,</strong></span> <span class='ocrx_word' id='word_1_247' title='bbox 1525 3684 1882 3753; x_wconf 85' lang='lat' dir='ltr'><strong>subsequenti</strong></span> <span class='ocrx_word' id='word_1_248' title='bbox 1920 3686 2103 3739; x_wconf 85' lang='lat' dir='ltr'><strong>denuo</strong></span> 
     </span>
    </p>
   </div>
   <div class='ocr_carea' id='block_1_41' title="bbox 528 3772 2104 3843">
    <p class='ocr_par' dir='ltr' id='par_1_41' title="bbox 528 3772 2104 3843">
     <span class='ocr_line' id='line_1_41' title="bbox 528 3772 2104 3843; baseline -0.001 -16"><span class='ocrx_word' id='word_1_249' title='bbox 528 3773 664 3828; x_wconf 86' lang='lat' dir='ltr'><strong>hora</strong></span> <span class='ocrx_word' id='word_1_250' title='bbox 690 3772 956 3826; x_wconf 89' lang='lat' dir='ltr'><strong>matutina</strong></span> <span class='ocrx_word' id='word_1_251' title='bbox 995 3772 1212 3829; x_wconf 90' lang='lat' dir='ltr'><strong>lumbos</strong></span> <span class='ocrx_word' id='word_1_252' title='bbox 1247 3774 1449 3829; x_wconf 89' lang='lat' dir='ltr'><strong>mentis</strong></span> <span class='ocrx_word' id='word_1_253' title='bbox 1478 3774 1769 3828; x_wconf 89' lang='lat' dir='ltr'><strong>commode</strong></span> <span class='ocrx_word' id='word_1_254' title='bbox 1831 3775 2104 3843; x_wconf 85' lang='lat' dir='ltr'><strong>perstrin-</strong></span> 
     </span>
    </p>
   </div>
   <div class='ocr_carea' id='block_1_42' title="bbox 528 3867 2102 3938">
    <p class='ocr_par' dir='ltr' id='par_1_42' title="bbox 528 3867 2102 3938">
     <span class='ocr_line' id='line_1_42' title="bbox 528 3867 2102 3938; baseline 0.002 -20"><span class='ocrx_word' id='word_1_255' title='bbox 528 3874 740 3936; x_wconf 86' lang='lat' dir='ltr'><strong>gentes,</strong></span> <span class='ocrx_word' id='word_1_256' title='bbox 773 3882 986 3920; x_wconf 89' lang='lat' dir='ltr'><strong>rursum</strong></span> <span class='ocrx_word' id='word_1_257' title='bbox 1014 3882 1151 3936; x_wconf 87' lang='lat' dir='ltr'><strong>opus</strong></span> <span class='ocrx_word' id='word_1_258' title='bbox 1179 3867 1355 3937; x_wconf 88' lang='lat' dir='ltr'><strong>ipsum</strong></span> <span class='ocrx_word' id='word_1_259' title='bbox 1384 3867 1742 3938; x_wconf 86' lang='lat' dir='ltr'><strong>attingemus:</strong></span> <span class='ocrx_word' id='word_1_260' title='bbox 1775 3882 1885 3921; x_wconf 86' lang='lat' dir='ltr'><strong>non</strong></span> <span class='ocrx_word' id='word_1_261' title='bbox 1909 3868 2102 3938; x_wconf 86' lang='lat' dir='ltr'><strong>ignari,</strong></span> 
     </span>
    </p>
   </div>
   <div class='ocr_carea' id='block_1_43' title="bbox 529 3957 2105 4029">
    <p class='ocr_par' dir='ltr' id='par_1_43' title="bbox 529 3957 2105 4029">
     <span class='ocr_line' id='line_1_43' title="bbox 529 3957 2105 4029; baseline 0.002 -19"><span class='ocrx_word' id='word_1_262' title='bbox 529 3957 735 4010; x_wconf 90' lang='lat' dir='ltr'><strong>nullam</strong></span> <span class='ocrx_word' id='word_1_263' title='bbox 770 3957 947 4018; x_wconf 91' lang='lat' dir='ltr'><strong>nobis,</strong></span> <span class='ocrx_word' id='word_1_264' title='bbox 978 3958 1070 4026; x_wconf 86' lang='lat' dir='ltr'><strong>qui</strong></span> <span class='ocrx_word' id='word_1_265' title='bbox 1098 3957 1351 4013; x_wconf 87' lang='lat' dir='ltr'><strong>novimus</strong></span> <span class='ocrx_word' id='word_1_266' title='bbox 1374 3959 1517 4028; x_wconf 89' lang='lat' dir='ltr'><strong>quod</strong></span> <span class='ocrx_word' id='word_1_267' title='bbox 1547 3959 1748 4013; x_wconf 90' lang='lat' dir='ltr'><strong>bonum</strong></span> <span class='ocrx_word' id='word_1_268' title='bbox 1780 3968 1882 4025; x_wconf 92' lang='lat' dir='ltr'><strong>cst,</strong></span> <span class='ocrx_word' id='word_1_269' title='bbox 1908 3962 2105 4029; x_wconf 53' lang='lat' dir='ltr'><strong>super3</strong></span> 
     </span>
    </p>
   </div>
   <div class='ocr_carea' id='block_1_44' title="bbox 527 4048 1948 4122">
    <p class='ocr_par' dir='ltr' id='par_1_44' title="bbox 527 4048 1948 4122">
     <span class='ocr_line' id='line_1_44' title="bbox 527 4048 1948 4122; baseline 0.001 -19"><span class='ocrx_word' id='word_1_270' title='bbox 527 4062 648 4103; x_wconf 87' lang='lat' dir='ltr'><strong>esse</strong></span> <span class='ocrx_word' id='word_1_271' title='bbox 668 4048 1094 4112; x_wconf 82' lang='lat' dir='ltr'><strong>excusationem,</strong></span> <span class='ocrx_word' id='word_1_272' title='bbox 1127 4048 1232 4103; x_wconf 91' lang='lat' dir='ltr'><strong>nisi</strong></span> <span class='ocrx_word' id='word_1_273' title='bbox 1265 4049 1369 4105; x_wconf 92' lang='lat' dir='ltr'><strong>hoc</strong></span> <span class='ocrx_word' id='word_1_274' title='bbox 1397 4050 1574 4120; x_wconf 92' lang='lat' dir='ltr'><strong>ipsum</strong></span> <span class='ocrx_word' id='word_1_275' title='bbox 1605 4065 1948 4122; x_wconf 85' lang='lat' dir='ltr'><strong>peragamus.</strong></span> 
     </span>
    </p>
   </div>
   <div class='ocr_carea' id='block_1_45' title="bbox 600 4138 2103 4212">
    <p class='ocr_par' dir='ltr' id='par_1_45' title="bbox 600 4138 2103 4212">
     <span class='ocr_line' id='line_1_45' title="bbox 600 4138 2103 4212; baseline 0.002 -18"><span class='ocrx_word' id='word_1_276' title='bbox 600 4139 689 4194; x_wconf 88' lang='lat'><strong>86.</strong></span> <span class='ocrx_word' id='word_1_277' title='bbox 722 4138 1191 4205; x_wconf 83' lang='lat' dir='ltr'><strong>Quemadmodum</strong></span> <span class='ocrx_word' id='word_1_278' title='bbox 1220 4139 1328 4195; x_wconf 89' lang='lat' dir='ltr'><strong>cibi</strong></span> <span class='ocrx_word' id='word_1_279' title='bbox 1358 4140 1642 4212; x_wconf 89' lang='lat' dir='ltr'><strong>gignentes</strong></span> <span class='ocrx_word' id='word_1_280' title='bbox 1686 4143 1926 4206; x_wconf 88' lang='lat' dir='ltr'><strong>morbos,</strong></span> <span class='ocrx_word' id='word_1_281' title='bbox 1990 4152 2103 4197; x_wconf 89' lang='lat' dir='ltr'><strong>sta-</strong></span> 
     </span>
    </p>
   </div>
   <div class='ocr_carea' id='block_1_46' title="bbox 531 4229 2102 4305">
    <p class='ocr_par' dir='ltr' id='par_1_46' title="bbox 531 4229 2102 4305">
     <span class='ocr_line' id='line_1_46' title="bbox 531 4229 2102 4305; baseline 0.001 -18"><span class='ocrx_word' id='word_1_282' title='bbox 531 4229 627 4287; x_wconf 88' lang='lat' dir='ltr'><strong>tim</strong></span> <span class='ocrx_word' id='word_1_283' title='bbox 661 4231 797 4286; x_wconf 90' lang='lat' dir='ltr'><strong>utin</strong></span> <span class='ocrx_word' id='word_1_284' title='bbox 838 4246 1039 4302; x_wconf 91' lang='lat' dir='ltr'><strong>corpus</strong></span> <span class='ocrx_word' id='word_1_285' title='bbox 1062 4240 1190 4286; x_wconf 91' lang='lat' dir='ltr'><strong>sunt</strong></span> <span class='ocrx_word' id='word_1_286' title='bbox 1225 4231 1433 4301; x_wconf 85' lang='lat' dir='ltr'><strong>injecti,</strong></span> <span class='ocrx_word' id='word_1_287' title='bbox 1493 4234 1819 4303; x_wconf 89' lang='lat' dir='ltr'><strong>perturbant</strong></span> <span class='ocrx_word' id='word_1_288' title='bbox 1863 4244 1961 4289; x_wconf 86' lang='lat' dir='ltr'><strong>:at</strong></span> <span class='ocrx_word' id='word_1_289' title='bbox 2008 4235 2102 4305; x_wconf 91' lang='lat' dir='ltr'><strong>qui</strong></span> 
     </span>
    </p>
   </div>
   <div class='ocr_carea' id='block_1_47' title="bbox 528 4320 2101 4396">
    <p class='ocr_par' dir='ltr' id='par_1_47' title="bbox 528 4320 2101 4396">
     <span class='ocr_line' id='line_1_47' title="bbox 528 4320 2101 4396; baseline 0.004 -21"><span class='ocrx_word' id='word_1_290' title='bbox 528 4320 788 4389; x_wconf 84' lang='lat' dir='ltr'><strong>comedit,</strong></span> <span class='ocrx_word' id='word_1_291' title='bbox 817 4337 943 4376; x_wconf 83' lang='lat' dir='ltr'><strong>mox</strong></span> <span class='ocrx_word' id='word_1_292' title='bbox 975 4332 1034 4376; x_wconf 93' lang='lat' dir='ltr'><strong>ut</strong></span> <span class='ocrx_word' id='word_1_293' title='bbox 1053 4321 1313 4377; x_wconf 86' lang='lat' dir='ltr'><strong>damnum</strong></span> <span class='ocrx_word' id='word_1_294' title='bbox 1333 4324 1522 4390; x_wconf 85' lang='lat' dir='ltr'><strong>sentit,</strong></span> <span class='ocrx_word' id='word_1_295' title='bbox 1551 4326 1843 4381; x_wconf 83' lang='lat' dir='ltr'><strong>vomitorio</strong></span> <span class='ocrx_word' id='word_1_296' title='bbox 1864 4327 2101 4396; x_wconf 91' lang='lat' dir='ltr'><strong>quodam</strong></span> 
     </span>
    </p>
   </div>
   <div class='ocr_carea' id='block_1_48' title="bbox 531 4410 2103 4481">
    <p class='ocr_par' dir='ltr' id='par_1_48' title="bbox 531 4410 2103 4481">
     <span class='ocr_line' id='line_1_48' title="bbox 531 4410 2103 4481; baseline 0.004 -16"><span class='ocrx_word' id='word_1_297' title='bbox 531 4411 825 4481; x_wconf 79' lang='lat' dir='ltr'><strong>pharmace</strong></span> <span class='ocrx_word' id='word_1_298' title='bbox 849 4410 1140 4466; x_wconf 83' lang='lat' dir='ltr'><strong>confestim</strong></span> <span class='ocrx_word' id='word_1_299' title='bbox 1168 4411 1436 4473; x_wconf 86' lang='lat' dir='ltr'><strong>adhibito,</strong></span> <span class='ocrx_word' id='word_1_300' title='bbox 1478 4422 1663 4467; x_wconf 90' lang='lat' dir='ltr'><strong>manet</strong></span> <span class='ocrx_word' id='word_1_301' title='bbox 1711 4414 1913 4470; x_wconf 62' lang='lat' dir='ltr'><strong>illaesus</strong></span> <span class='ocrx_word' id='word_1_302' title='bbox 1944 4431 1959 4471; x_wconf 90' lang='lat'><strong>:</strong></span> <span class='ocrx_word' id='word_1_303' title='bbox 1998 4415 2103 4471; x_wconf 92' lang='lat' dir='ltr'><strong>hoc</strong></span> 
     </span>
    </p>
   </div>
   <div class='ocr_carea' id='block_1_49' title="bbox 527 4502 2102 4575">
    <p class='ocr_par' dir='ltr' id='par_1_49' title="bbox 527 4502 2102 4575">
     <span class='ocr_line' id='line_1_49' title="bbox 527 4502 2102 4575; baseline 0.002 -19"><span class='ocrx_word' id='word_1_304' title='bbox 527 4511 687 4573; x_wconf 88' lang='lat' dir='ltr'><strong>pacto</strong></span> <span class='ocrx_word' id='word_1_305' title='bbox 734 4518 890 4557; x_wconf 87' lang='lat' dir='ltr'><strong>mens</strong></span> <span class='ocrx_word' id='word_1_306' title='bbox 914 4502 1135 4572; x_wconf 88' lang='lat' dir='ltr'><strong>quando</strong></span> <span class='ocrx_word' id='word_1_307' title='bbox 1184 4511 1467 4573; x_wconf 88' lang='lat' dir='ltr'><strong>susceptas</strong></span> <span class='ocrx_word' id='word_1_308' title='bbox 1516 4504 1873 4575; x_wconf 88' lang='lat' dir='ltr'><strong>cogitationes</strong></span> <span class='ocrx_word' id='word_1_309' title='bbox 1933 4506 2102 4559; x_wconf 89' lang='lat' dir='ltr'><strong>malas</strong></span> 
     </span>
    </p>
   </div>
   <div class='ocr_carea' id='block_1_50' title="bbox 529 4593 2094 4660">
    <p class='ocr_par' dir='ltr' id='par_1_50' title="bbox 529 4593 2094 4660">
     <span class='ocr_line' id='line_1_50' title="bbox 529 4593 2094 4660; baseline 0.001 -11"><span class='ocrx_word' id='word_1_310' title='bbox 529 4595 698 4649; x_wconf 83' lang='lat' dir='ltr'><strong>ebibit</strong></span> <span class='ocrx_word' id='word_1_311' title='bbox 762 4604 817 4649; x_wconf 88' lang='lat' dir='ltr'><strong>et</strong></span> <span class='ocrx_word' id='word_1_312' title='bbox 861 4593 1231 4660; x_wconf 89' lang='lat' dir='ltr'><strong>manducavit,</strong></span> <span class='ocrx_word' id='word_1_313' title='bbox 1265 4593 1620 4650; x_wconf 79' lang='lat' dir='ltr'><strong>acerbitatem</strong></span> <span class='ocrx_word' id='word_1_314' title='bbox 1648 4611 1839 4651; x_wconf 85' lang='lat' dir='ltr'><strong>earum</strong></span> <span class='ocrx_word' id='word_1_315' title='bbox 1906 4597 2094 4652; x_wconf 85' lang='lat' dir='ltr'><strong>sentit.</strong></span> 
     </span>
    </p>
   </div>
   <div class='ocr_carea' id='block_1_51' title="bbox 527 4684 2098 4758">
    <p class='ocr_par' dir='ltr' id='par_1_51' title="bbox 527 4684 2098 4758">
     <span class='ocr_line' id='line_1_51' title="bbox 527 4684 2098 4758; baseline 0.003 -20"><span class='ocrx_word' id='word_1_316' title='bbox 527 4684 851 4756; x_wconf 86' lang='lat' dir='ltr'><strong>Deprecatio</strong></span> <span class='ocrx_word' id='word_1_317' title='bbox 876 4700 1006 4740; x_wconf 90' lang='lat' dir='ltr'><strong>vero</strong></span> <span class='ocrx_word' id='word_1_318' title='bbox 1032 4684 1162 4740; x_wconf 82' lang='lat' dir='ltr'><strong>Jesn</strong></span> <span class='ocrx_word' id='word_1_319' title='bbox 1183 4684 1407 4750; x_wconf 89' lang='lat' dir='ltr'><strong>Christi,</strong></span> <span class='ocrx_word' id='word_1_320' title='bbox 1436 4701 1502 4740; x_wconf 84' lang='lat' dir='ltr'><strong>ex</strong></span> <span class='ocrx_word' id='word_1_321' title='bbox 1535 4686 1729 4742; x_wconf 91' lang='lat' dir='ltr'><strong>intimo</strong></span> <span class='ocrx_word' id='word_1_322' title='bbox 1768 4687 1934 4743; x_wconf 85' lang='lat' dir='ltr'><strong>corde</strong></span> <span class='ocrx_word' id='word_1_323' title='bbox 1968 4704 2098 4758; x_wconf 82' lang='lat' dir='ltr'><strong>pro-</strong></span> 
     </span>
    </p>
   </div>
   <div class='ocr_carea' id='block_1_52' title="bbox 528 4773 2098 4848">
    <p class='ocr_par' dir='ltr' id='par_1_52' title="bbox 528 4773 2098 4848">
     <span class='ocr_line' id='line_1_52' title="bbox 528 4773 2098 4848; baseline 0.001 -17"><span class='ocrx_word' id='word_1_324' title='bbox 528 4778 798 4842; x_wconf 80' lang='lat' dir='ltr'><strong>ﬁciscens,</strong></span> <span class='ocrx_word' id='word_1_325' title='bbox 849 4775 968 4830; x_wconf 87' lang='lat' dir='ltr'><strong>illas</strong></span> <span class='ocrx_word' id='word_1_326' title='bbox 1028 4773 1186 4830; x_wconf 80' lang='lat' dir='ltr'><strong>facile</strong></span> <span class='ocrx_word' id='word_1_327' title='bbox 1246 4775 1469 4842; x_wconf 87' lang='lat' dir='ltr'><strong>evomit,</strong></span> <span class='ocrx_word' id='word_1_328' title='bbox 1501 4783 1556 4830; x_wconf 93' lang='lat' dir='ltr'><strong>et</strong></span> <span class='ocrx_word' id='word_1_329' title='bbox 1585 4778 1805 4832; x_wconf 88' lang='lat' dir='ltr'><strong>tandem</strong></span> <span class='ocrx_word' id='word_1_330' title='bbox 1852 4778 2098 4848; x_wconf 80' lang='lat' dir='ltr'><strong>expellit.</strong></span> 
     </span>
    </p>
   </div>
   <div class='ocr_carea' id='block_1_53' title="bbox 529 4863 2098 4933">
    <p class='ocr_par' dir='ltr' id='par_1_53' title="bbox 529 4863 2098 4933">
     <span class='ocr_line' id='line_1_53' title="bbox 529 4863 2098 4933; baseline 0.004 -16"><span class='ocrx_word' id='word_1_331' title='bbox 529 4863 699 4917; x_wconf 86' lang='lat' dir='ltr'><strong>Sicuti</strong></span> <span class='ocrx_word' id='word_1_332' title='bbox 729 4870 1095 4933; x_wconf 87' lang='lat' dir='ltr'><strong>temperantes</strong></span> <span class='ocrx_word' id='word_1_333' title='bbox 1124 4863 1270 4918; x_wconf 85' lang='lat' dir='ltr'><strong>viros</strong></span> <span class='ocrx_word' id='word_1_334' title='bbox 1290 4863 1473 4919; x_wconf 89' lang='lat' dir='ltr'><strong>docuit</strong></span> <span class='ocrx_word' id='word_1_335' title='bbox 1499 4874 1556 4920; x_wconf 90' lang='lat' dir='ltr'><strong>et</strong></span> <span class='ocrx_word' id='word_1_336' title='bbox 1585 4865 1840 4933; x_wconf 91' lang='lat' dir='ltr'><strong>erudivit,</strong></span> <span class='ocrx_word' id='word_1_337' title='bbox 1880 4868 2098 4923; x_wconf 80' lang='lat' dir='ltr'><strong>favente</strong></span> 
     </span>
    </p>
   </div>
   <div class='ocr_carea' id='block_1_54' title="bbox 527 4948 2096 5027">
    <p class='ocr_par' dir='ltr' id='par_1_54' title="bbox 527 4948 2096 5027">
     <span class='ocr_line' id='line_1_54' title="bbox 527 4948 2096 5027; baseline 0.005 -24"><span class='ocrx_word' id='word_1_338' title='bbox 527 4948 663 5011; x_wconf 87' lang='lat' dir='ltr'><strong>Deo,</strong></span> <span class='ocrx_word' id='word_1_339' title='bbox 722 4964 904 5003; x_wconf 89' lang='lat' dir='ltr'><strong>rerum</strong></span> <span class='ocrx_word' id='word_1_340' title='bbox 931 4950 1299 5019; x_wconf 75' lang='lat' dir='ltr'><strong>subiectarum</strong></span> <span class='ocrx_word' id='word_1_341' title='bbox 1336 4953 1617 5022; x_wconf 87' lang='lat' dir='ltr'><strong>perpessio</strong></span> <span class='ocrx_word' id='word_1_342' title='bbox 1646 4963 1704 5010; x_wconf 89' lang='lat' dir='ltr'><strong>et</strong></span> <span class='ocrx_word' id='word_1_343' title='bbox 1735 4956 2096 5027; x_wconf 83' lang='lat' dir='ltr'><strong>experientia.</strong></span> 
     </span>
    </p>
   </div>
   <div class='ocr_carea' id='block_1_55' title="bbox 598 5038 2099 5112">
    <p class='ocr_par' dir='ltr' id='par_1_55' title="bbox 598 5038 2099 5112">
     <span class='ocr_line' id='line_1_55' title="bbox 598 5038 2099 5112; baseline 0.007 -20"><span class='ocrx_word' id='word_1_344' title='bbox 598 5038 688 5093; x_wconf 86' lang='lat'><strong>87.</strong></span> <span class='ocrx_word' id='word_1_345' title='bbox 731 5038 898 5095; x_wconf 86' lang='lat' dir='ltr'><strong>Unire</strong></span> <span class='ocrx_word' id='word_1_346' title='bbox 926 5043 1144 5096; x_wconf 82' lang='lat' dir='ltr'><strong>studeto</strong></span> <span class='ocrx_word' id='word_1_347' title='bbox 1169 5042 1440 5112; x_wconf 78' lang='lat' dir='ltr'><strong>spiracula</strong></span> <span class='ocrx_word' id='word_1_348' title='bbox 1469 5045 1684 5100; x_wconf 87' lang='lat' dir='ltr'><strong>narium</strong></span> <span class='ocrx_word' id='word_1_349' title='bbox 1724 5055 1937 5102; x_wconf 89' lang='lat' dir='ltr'><strong>tuarum</strong></span> <span class='ocrx_word' id='word_1_350' title='bbox 1958 5057 2099 5103; x_wconf 75' lang='lat' dir='ltr'><strong>lem~</strong></span> 
     </span>
    </p>
   </div>
   <div class='ocr_carea' id='block_1_56' title="bbox 525 5129 2100 5210">
    <p class='ocr_par' dir='ltr' id='par_1_56' title="bbox 525 5129 2100 5210">
     <span class='ocr_line' id='line_1_56' title="bbox 525 5129 2100 5210; baseline 0.009 -28"><span class='ocrx_word' id='word_1_351' title='bbox 525 5129 855 5201; x_wconf 86' lang='lat' dir='ltr'><strong>perantiam,</strong></span> <span class='ocrx_word' id='word_1_352' title='bbox 886 5146 1101 5187; x_wconf 88' lang='lat' dir='ltr'><strong>necnon</strong></span> <span class='ocrx_word' id='word_1_353' title='bbox 1130 5148 1331 5188; x_wconf 89' lang='lat' dir='ltr'><strong>nomen</strong></span> <span class='ocrx_word' id='word_1_354' title='bbox 1357 5133 1512 5201; x_wconf 84' lang='lat' dir='ltr'><strong>Jesu,</strong></span> <span class='ocrx_word' id='word_1_355' title='bbox 1544 5152 1667 5193; x_wconf 91' lang='lat' dir='ltr'><strong>cum</strong></span> <span class='ocrx_word' id='word_1_356' title='bbox 1698 5139 1897 5195; x_wconf 85' lang='lat' dir='ltr'><strong>nullius</strong></span> <span class='ocrx_word' id='word_1_357' title='bbox 1917 5140 2100 5210; x_wconf 85' lang='lat' dir='ltr'><strong>ignara</strong></span> 
     </span>
    </p>
   </div>
   <div class='ocr_carea' id='block_1_57' title="bbox 527 5220 2101 5295">
    <p class='ocr_par' dir='ltr' id='par_1_57' title="bbox 527 5220 2101 5295">
     <span class='ocr_line' id='line_1_57' title="bbox 527 5220 2101 5295; baseline 0.006 -18"><span class='ocrx_word' id='word_1_358' title='bbox 527 5220 881 5277; x_wconf 78' lang='lat' dir='ltr'><strong>meditatione</strong></span> <span class='ocrx_word' id='word_1_359' title='bbox 910 5223 1124 5289; x_wconf 85' lang='lat' dir='ltr'><strong>mortis,</strong></span> <span class='ocrx_word' id='word_1_360' title='bbox 1155 5232 1210 5278; x_wconf 91' lang='lat' dir='ltr'><strong>ct</strong></span> <span class='ocrx_word' id='word_1_361' title='bbox 1232 5224 1565 5284; x_wconf 91' lang='lat' dir='ltr'><strong>humilitate.</strong></span> <span class='ocrx_word' id='word_1_362' title='bbox 1602 5228 1740 5295; x_wconf 88' lang='lat' dir='ltr'><strong>Quia</strong></span> <span class='ocrx_word' id='word_1_363' title='bbox 1792 5232 1992 5286; x_wconf 90' lang='lat' dir='ltr'><strong>mirum</strong></span> <span class='ocrx_word' id='word_1_364' title='bbox 2044 5232 2101 5287; x_wconf 90' lang='lat' dir='ltr'><strong>in</strong></span> 
     </span>
    </p>
   </div>
   <div class='ocr_carea' id='block_1_58' title="bbox 524 5316 1374 5386">
    <p class='ocr_par' dir='ltr' id='par_1_58' title="bbox 524 5316 1374 5386">
     <span class='ocr_line' id='line_1_58' title="bbox 524 5316 1374 5386; baseline 0.006 -15"><span class='ocrx_word' id='word_1_365' title='bbox 524 5316 750 5371; x_wconf 84' lang='lat' dir='ltr'><strong>modum</strong></span> <span class='ocrx_word' id='word_1_366' title='bbox 776 5316 1145 5386; x_wconf 87' lang='lat' dir='ltr'><strong>amhojuvare</strong></span> <span class='ocrx_word' id='word_1_367' title='bbox 1174 5320 1374 5376; x_wconf 87' lang='lat' dir='ltr'><strong>solent.</strong></span> 
     </span>
    </p>
   </div>
   <div class='ocr_carea' id='block_1_59' title="bbox 596 5408 2166 5483">
    <p class='ocr_par' dir='ltr' id='par_1_59' title="bbox 596 5408 2166 5483">
     <span class='ocr_line' id='line_1_59' title="bbox 596 5408 2166 5483; baseline 0.003 -18"><span class='ocrx_word' id='word_1_368' title='bbox 596 5410 686 5466; x_wconf 88' lang='lat'><strong>88.</strong></span> <span class='ocrx_word' id='word_1_369' title='bbox 729 5408 872 5463; x_wconf 80' lang='lat' dir='ltr'><strong>Dixit</strong></span> <span class='ocrx_word' id='word_1_370' title='bbox 898 5408 1159 5466; x_wconf 89' lang='lat' dir='ltr'><strong>Dominus</strong></span> <span class='ocrx_word' id='word_1_371' title='bbox 1193 5428 1206 5464; x_wconf 92' lang='lat'>:</span> <span class='ocrx_word' id='word_1_372' title='bbox 1245 5410 1493 5466; x_wconf 84' lang='lat' dir='ltr'><strong>Discitea</strong></span> <span class='ocrx_word' id='word_1_373' title='bbox 1536 5428 1617 5465; x_wconf 90' lang='lat' dir='ltr'><strong>me</strong></span> <span class='ocrx_word' id='word_1_374' title='bbox 1642 5414 1767 5483; x_wconf 85' lang='lat' dir='ltr'><strong>quia</strong></span> <span class='ocrx_word' id='word_1_375' title='bbox 1816 5414 1959 5467; x_wconf 88' lang='lat' dir='ltr'><strong>mitis</strong></span> <span class='ocrx_word' id='word_1_376' title='bbox 1979 5432 2095 5470; x_wconf 87' lang='lat' dir='ltr'><strong>sum</strong></span> <span class='ocrx_word' id='word_1_377' title='bbox 2136 5442 2166 5480; x_wconf 86' lang='lat'><strong>_-</strong></span> 
     </span>
    </p>
   </div>
   <div class='ocr_carea' id='block_1_60' title="bbox 522 5502 2097 5573">
    <p class='ocr_par' dir='ltr' id='par_1_60' title="bbox 522 5502 2097 5573">
     <span class='ocr_line' id='line_1_60' title="bbox 522 5502 2097 5573; baseline 0.004 -18"><span class='ocrx_word' id='word_1_378' title='bbox 522 5510 574 5555; x_wconf 80' lang='lat' dir='ltr'><strong>et</strong></span> <span class='ocrx_word' id='word_1_379' title='bbox 604 5502 816 5555; x_wconf 76' lang='lat' dir='ltr'><strong>humilis</strong></span> <span class='ocrx_word' id='word_1_380' title='bbox 833 5502 1007 5569; x_wconf 87' lang='lat' dir='ltr'><strong>corde,</strong></span> <span class='ocrx_word' id='word_1_381' title='bbox 1061 5512 1110 5557; x_wconf 92' lang='lat' dir='ltr'><strong>et</strong></span> <span class='ocrx_word' id='word_1_382' title='bbox 1132 5504 1409 5559; x_wconf 75' lang='lat' dir='ltr'><strong>invenietis</strong></span> <span class='ocrx_word' id='word_1_383' title='bbox 1441 5504 1671 5573; x_wconf 84' lang='lat' dir='ltr'><strong>requiem</strong></span> <span class='ocrx_word' id='word_1_384' title='bbox 1706 5505 1987 5560; x_wconf 79' lang='lat' dir='ltr'><strong>animabus</strong></span> <span class='ocrx_word' id='word_1_385' title='bbox 2007 5524 2097 5562; x_wconf 86' lang='lat' dir='ltr'><strong>ve-</strong></span> 
     </span>
    </p>
   </div>
   <div class='ocr_carea' id='block_1_61' title="bbox 522 5593 729 5649">
    <p class='ocr_par' dir='ltr' id='par_1_61' title="bbox 522 5593 729 5649">
     <span class='ocr_line' id='line_1_61' title="bbox 522 5593 729 5649; baseline -0.005 -2"><span class='ocrx_word' id='word_1_386' title='bbox 522 5594 647 5649; x_wconf 76' lang='lat' dir='ltr'><strong>stris</strong></span> <span class='ocrx_word' id='word_1_387' title='bbox 667 5593 729 5646; x_wconf 78' lang='lat'><strong>“.</strong></span> 
     </span>
    </p>
   </div>
   <div class='ocr_carea' id='block_1_62' title="bbox 593 5683 2096 5760">
    <p class='ocr_par' dir='ltr' id='par_1_62' title="bbox 593 5683 2096 5760">
     <span class='ocr_line' id='line_1_62' title="bbox 593 5683 2096 5760; baseline 0.005 -22"><span class='ocrx_word' id='word_1_388' title='bbox 593 5686 682 5740; x_wconf 89' lang='lat'><strong>89.</strong></span> <span class='ocrx_word' id='word_1_389' title='bbox 719 5683 860 5739; x_wconf 86' lang='lat' dir='ltr'><strong>Dixit</strong></span> <span class='ocrx_word' id='word_1_390' title='bbox 883 5685 1144 5744; x_wconf 88' lang='lat' dir='ltr'><strong>Dominus</strong></span> <span class='ocrx_word' id='word_1_391' title='bbox 1176 5703 1190 5743; x_wconf 89' lang='lat'><strong>:</strong></span> <span class='ocrx_word' id='word_1_392' title='bbox 1225 5688 1531 5760; x_wconf 82' lang='lat' dir='ltr'><strong>Quicunque</strong></span> <span class='ocrx_word' id='word_1_393' title='bbox 1559 5690 1786 5760; x_wconf 84' lang='lat' dir='ltr'><strong>seipsum</strong></span> <span class='ocrx_word' id='word_1_394' title='bbox 1844 5691 2096 5746; x_wconf 80' lang='lat' dir='ltr'><strong>humilia-</strong></span> 
     </span>
    </p>
   </div>
   <div class='ocr_carea' id='block_1_63' title="bbox 2189 632 3771 709">
    <p class='ocr_par' dir='ltr' id='par_1_63' title="bbox 2189 632 3771 709">
     <span class='ocr_line' id='line_1_63' title="bbox 2189 632 3771 709; baseline 0.006 -23"><span class='ocrx_word' id='word_1_395' title='bbox 2189 650 2263 688; x_wconf 85' lang='grc' dir='ltr'><strong>πα</strong></span> <span class='ocrx_word' id='word_1_396' title='bbox 2272 632 2341 704; x_wconf 80' lang='grc' dir='ltr'><strong>ρὰ</strong></span> <span class='ocrx_word' id='word_1_397' title='bbox 2363 633 2454 688; x_wconf 88' lang='grc' dir='ltr'><strong>τοῦ</strong></span> <span class='ocrx_word' id='word_1_398' title='bbox 2484 639 2789 708; x_wconf 77' lang='grc' dir='ltr'><strong>προφήτου,</strong></span> <span class='ocrx_word' id='word_1_399' title='bbox 2827 636 3037 708; x_wconf 73' lang='grc' dir='ltr'><strong>Ἐγγὺς</strong></span> <span class='ocrx_word' id='word_1_400' title='bbox 3051 633 3107 692; x_wconf 78' lang='grc' dir='ltr'><strong>εἷ</strong></span> <span class='ocrx_word' id='word_1_401' title='bbox 3125 638 3232 705; x_wconf 85' lang='grc' dir='ltr'><strong>σὺ,</strong></span> <span class='ocrx_word' id='word_1_402' title='bbox 3254 641 3457 709; x_wconf 81' lang='grc' dir='ltr'><strong>Κύριε,</strong></span> <span class='ocrx_word' id='word_1_403' title='bbox 3508 640 3620 694; x_wconf 79' lang='grc' dir='ltr'><strong>τοῦ</strong></span> <span class='ocrx_word' id='word_1_404' title='bbox 3638 643 3771 695; x_wconf 83' lang='grc' dir='ltr'><strong>στό-</strong></span> 
     </span>
    </p>
   </div>
   <div class='ocr_carea' id='block_1_64' title="bbox 2189 726 3767 802">
    <p class='ocr_par' dir='ltr' id='par_1_64' title="bbox 2189 726 3767 802">
     <span class='ocr_line' id='line_1_64' title="bbox 2189 726 3767 802; baseline 0.007 -25"><span class='ocrx_word' id='word_1_405' title='bbox 2189 742 2374 793; x_wconf 72' lang='grc' dir='ltr'><strong>ματος</strong></span> <span class='ocrx_word' id='word_1_406' title='bbox 2402 726 2620 794; x_wconf 77' lang='grc' dir='ltr'><strong>αὐτῶν,</strong></span> <span class='ocrx_word' id='word_1_407' title='bbox 2649 730 2849 798; x_wconf 72' lang='grc' dir='ltr'><strong>πὸρῤω</strong></span> <span class='ocrx_word' id='word_1_408' title='bbox 2885 730 2955 783; x_wconf 78' lang='grc' dir='ltr'><strong>δὲ</strong></span> <span class='ocrx_word' id='word_1_409' title='bbox 2978 731 3098 785; x_wconf 80' lang='grc' dir='ltr'><strong>ἀπὸ</strong></span> <span class='ocrx_word' id='word_1_410' title='bbox 3139 732 3258 787; x_wconf 78' lang='grc' dir='ltr'><strong>τῶν</strong></span> <span class='ocrx_word' id='word_1_411' title='bbox 3293 732 3537 802; x_wconf 65' lang='grc' dir='ltr'><strong>νεφρῶν</strong></span> <span class='ocrx_word' id='word_1_412' title='bbox 3558 732 3767 789; x_wconf 73' lang='grc' dir='ltr'><strong>αὐτῶν.</strong></span> 
     </span>
    </p>
   </div>
   <div class='ocr_carea' id='block_1_65' title="bbox 2190 818 3771 896">
    <p class='ocr_par' dir='ltr' id='par_1_65' title="bbox 2190 818 3771 896">
     <span class='ocr_line' id='line_1_65' title="bbox 2190 818 3771 896; baseline 0.006 -25"><span class='ocrx_word' id='word_1_413' title='bbox 2190 818 2379 881; x_wconf 76' lang='grc' dir='ltr'><strong>Οὐδεὶς</strong></span> <span class='ocrx_word' id='word_1_414' title='bbox 2413 819 2589 892; x_wconf 80' lang='grc' dir='ltr'><strong>πάρεξ</strong></span> <span class='ocrx_word' id='word_1_415' title='bbox 2620 820 2799 891; x_wconf 82' lang='grc' dir='ltr'><strong>Ἰησοῦ</strong></span> <span class='ocrx_word' id='word_1_416' title='bbox 2855 821 3049 893; x_wconf 71' lang='grc' dir='ltr'><strong>ἕτερος</strong></span> <span class='ocrx_word' id='word_1_417' title='bbox 3089 824 3192 893; x_wconf 82' lang='grc' dir='ltr'><strong>τὴν</strong></span> <span class='ocrx_word' id='word_1_418' title='bbox 3223 823 3322 896; x_wconf 78' lang='grc' dir='ltr'><strong>σὴν</strong></span> <span class='ocrx_word' id='word_1_419' title='bbox 3380 825 3625 896; x_wconf 78' lang='grc' dir='ltr'><strong>καρδίαν</strong></span> <span class='ocrx_word' id='word_1_420' title='bbox 3652 843 3771 879; x_wconf 81' lang='grc' dir='ltr'><strong>στα-</strong></span> 
     </span>
    </p>
   </div>
   <div class='ocr_carea' id='block_1_66' title="bbox 2190 908 3771 988">
    <p class='ocr_par' dir='ltr' id='par_1_66' title="bbox 2190 908 3771 988">
     <span class='ocr_line' id='line_1_66' title="bbox 2190 908 3771 988; baseline 0.008 -27"><span class='ocrx_word' id='word_1_421' title='bbox 2190 908 2364 981; x_wconf 85' lang='grc' dir='ltr'><strong>θερῶς</strong></span> <span class='ocrx_word' id='word_1_422' title='bbox 2392 912 2456 965; x_wconf 85' lang='grc' dir='ltr'><strong>ἐκ</strong></span> <span class='ocrx_word' id='word_1_423' title='bbox 2497 911 2688 966; x_wconf 82' lang='grc' dir='ltr'><strong>παθῶν</strong></span> <span class='ocrx_word' id='word_1_424' title='bbox 2742 913 3072 985; x_wconf 81' lang='grc' dir='ltr'><strong>εἰρηνεύσει,</strong></span> <span class='ocrx_word' id='word_1_425' title='bbox 3127 918 3176 970; x_wconf 81' lang='grc' dir='ltr'><strong>εί</strong></span> <span class='ocrx_word' id='word_1_426' title='bbox 3225 917 3301 988; x_wconf 79' lang='grc' dir='ltr'><strong>μὴ</strong></span> <span class='ocrx_word' id='word_1_427' title='bbox 3357 916 3523 981; x_wconf 70' lang='grc' dir='ltr'><strong>αὐτὸς</strong></span> <span class='ocrx_word' id='word_1_428' title='bbox 3576 916 3771 988; x_wconf 78' lang='grc' dir='ltr'><strong>Ἰησοῦς</strong></span> 
     </span>
    </p>
   </div>
   <div class='ocr_carea' id='block_1_67' title="bbox 2190 1003 3385 1081">
    <p class='ocr_par' dir='ltr' id='par_1_67' title="bbox 2190 1003 3385 1081">
     <span class='ocr_line' id='line_1_67' title="bbox 2190 1003 3385 1081; baseline 0.008 -26"><span class='ocrx_word' id='word_1_429' title='bbox 2190 1003 2424 1074; x_wconf 79' lang='grc' dir='ltr'><strong>Χριστὸς</strong></span> <span class='ocrx_word' id='word_1_430' title='bbox 2456 1003 2485 1057; x_wconf 86' lang='grc' dir='ltr'><strong>ό</strong></span> <span class='ocrx_word' id='word_1_431' title='bbox 2513 1004 2588 1058; x_wconf 86' lang='grc' dir='ltr'><strong>τά</strong></span> <span class='ocrx_word' id='word_1_432' title='bbox 2616 1006 2805 1078; x_wconf 70' lang='grc' dir='ltr'><strong>πόρρω</strong></span> <span class='ocrx_word' id='word_1_433' title='bbox 2824 1006 3091 1062; x_wconf 79' lang='grc' dir='ltr'><strong>διεστῶτα</strong></span> <span class='ocrx_word' id='word_1_434' title='bbox 3118 1009 3385 1081; x_wconf 74' lang='grc' dir='ltr'><strong>συνάψας.</strong></span> 
     </span>
    </p>
   </div>
   <div class='ocr_carea' id='block_1_68' title="bbox 2272 1096 3771 1172">
    <p class='ocr_par' dir='ltr' id='par_1_68' title="bbox 2272 1096 3771 1172">
     <span class='ocr_line' id='line_1_68' title="bbox 2272 1096 3771 1172; baseline 0.004 -22"><span class='ocrx_word' id='word_1_435' title='bbox 2272 1101 2385 1164; x_wconf 85' lang='grc' dir='ltr'><strong>πγ’.</strong></span> <span class='ocrx_word' id='word_1_436' title='bbox 2425 1096 2660 1166; x_wconf 80' lang='grc' dir='ltr'><strong>Ὁμοίως</strong></span> <span class='ocrx_word' id='word_1_437' title='bbox 2689 1098 2977 1171; x_wconf 84' lang='grc' dir='ltr'><strong>ἀμφότερα</strong></span> <span class='ocrx_word' id='word_1_438' title='bbox 3002 1100 3101 1171; x_wconf 79' lang='grc' dir='ltr'><strong>τὴν</strong></span> <span class='ocrx_word' id='word_1_439' title='bbox 3142 1100 3317 1172; x_wconf 73' lang='grc' dir='ltr'><strong>ψυχὴν</strong></span> <span class='ocrx_word' id='word_1_440' title='bbox 3364 1100 3659 1166; x_wconf 84' lang='grc' dir='ltr'><strong>σκοποῦσι,</strong></span> <span class='ocrx_word' id='word_1_441' title='bbox 3685 1102 3771 1156; x_wconf 87' lang='grc' dir='ltr'><strong>καὶ</strong></span> 
     </span>
    </p>
   </div>
   <div class='ocr_carea' id='block_1_69' title="bbox 2196 1187 3770 1265">
    <p class='ocr_par' dir='ltr' id='par_1_69' title="bbox 2196 1187 3770 1265">
     <span class='ocr_line' id='line_1_69' title="bbox 2196 1187 3770 1265; baseline 0.006 -24"><span class='ocrx_word' id='word_1_442' title='bbox 2196 1187 2253 1241; x_wconf 79' lang='grc' dir='ltr'><strong>αἱ</strong></span> <span class='ocrx_word' id='word_1_443' title='bbox 2287 1188 2427 1243; x_wconf 85' lang='grc' dir='ltr'><strong>κατά</strong></span> <span class='ocrx_word' id='word_1_444' title='bbox 2454 1189 2691 1245; x_wconf 84' lang='grc' dir='ltr'><strong>διάνοιαν</strong></span> <span class='ocrx_word' id='word_1_445' title='bbox 2709 1191 2820 1245; x_wconf 81' lang='grc' dir='ltr'><strong>τῶν</strong></span> <span class='ocrx_word' id='word_1_446' title='bbox 2844 1191 3121 1263; x_wconf 81' lang='grc' dir='ltr'><strong>λογισμῶν</strong></span> <span class='ocrx_word' id='word_1_447' title='bbox 3163 1194 3392 1265; x_wconf 77' lang='grc' dir='ltr'><strong>ὁμιλίαι,</strong></span> <span class='ocrx_word' id='word_1_448' title='bbox 3430 1196 3533 1249; x_wconf 76' lang='grc' dir='ltr'><strong>καὶ</strong></span> <span class='ocrx_word' id='word_1_449' title='bbox 3564 1197 3622 1249; x_wconf 87' lang='grc' dir='ltr'><strong>αί</strong></span> <span class='ocrx_word' id='word_1_450' title='bbox 3649 1196 3770 1263; x_wconf 68' lang='grc' dir='ltr'><strong>ἐξωο</strong></span> 
     </span>
    </p>
   </div>
   <div class='ocr_carea' id='block_1_70' title="bbox 2203 1282 3770 1360">
    <p class='ocr_par' dir='ltr' id='par_1_70' title="bbox 2203 1282 3770 1360">
     <span class='ocr_line' id='line_1_70' title="bbox 2203 1282 3770 1360; baseline 0.004 -24"><span class='ocrx_word' id='word_1_451' title='bbox 2203 1282 2295 1337; x_wconf 90' lang='grc' dir='ltr'><strong>θεν</strong></span> <span class='ocrx_word' id='word_1_452' title='bbox 2323 1285 2602 1354; x_wconf 78' lang='grc' dir='ltr'><strong>συντυχίαι</strong></span> <span class='ocrx_word' id='word_1_453' title='bbox 2653 1285 2747 1339; x_wconf 74' lang='grc' dir='ltr'><strong>καὶ</strong></span> <span class='ocrx_word' id='word_1_454' title='bbox 2776 1287 3115 1357; x_wconf 77' lang='grc' dir='ltr'><strong>ἀργολογὶαι.</strong></span> <span class='ocrx_word' id='word_1_455' title='bbox 3142 1285 3263 1359; x_wconf 76' lang='grc' dir='ltr'><strong>Χρὴ</strong></span> <span class='ocrx_word' id='word_1_456' title='bbox 3290 1284 3349 1341; x_wconf 76' lang='grc' dir='ltr'><strong>δὲ</strong></span> <span class='ocrx_word' id='word_1_457' title='bbox 3376 1288 3770 1360; x_wconf 73' lang='grc' dir='ltr'><strong>ἐκτρεπόμενον</strong></span> 
     </span>
    </p>
   </div>
   <div class='ocr_carea' id='block_1_71' title="bbox 2197 1375 3770 1451">
    <p class='ocr_par' dir='ltr' id='par_1_71' title="bbox 2197 1375 3770 1451">
     <span class='ocr_line' id='line_1_71' title="bbox 2197 1375 3770 1451; baseline 0.003 -22"><span class='ocrx_word' id='word_1_458' title='bbox 2197 1375 2296 1448; x_wconf 75' lang='grc' dir='ltr'><strong>τὴν</strong></span> <span class='ocrx_word' id='word_1_459' title='bbox 2313 1376 2408 1431; x_wconf 88' lang='grc' dir='ltr'><strong>τοῦ</strong></span> <span class='ocrx_word' id='word_1_460' title='bbox 2431 1376 2522 1432; x_wconf 82' lang='grc' dir='ltr'><strong>νοῦ</strong></span> <span class='ocrx_word' id='word_1_461' title='bbox 2557 1375 2785 1449; x_wconf 76' lang='grc' dir='ltr'><strong>βλάϐην,</strong></span> <span class='ocrx_word' id='word_1_462' title='bbox 2803 1378 3120 1450; x_wconf 83' lang='grc' dir='ltr'><strong>ἀργολογείν</strong></span> <span class='ocrx_word' id='word_1_463' title='bbox 3142 1378 3493 1451; x_wconf 74' lang='grc' dir='ltr'><strong>ἀμφοτέρους</strong></span> <span class='ocrx_word' id='word_1_464' title='bbox 3520 1380 3770 1448; x_wconf 70' lang='grc' dir='ltr'><strong>ἀγαπῶν-</strong></span> 
     </span>
    </p>
   </div>
   <div class='ocr_carea' id='block_1_72' title="bbox 2193 1465 3769 1538">
    <p class='ocr_par' dir='ltr' id='par_1_72' title="bbox 2193 1465 3769 1538">
     <span class='ocr_line' id='line_1_72' title="bbox 2193 1465 3769 1538; baseline 0.003 -19"><span class='ocrx_word' id='word_1_465' title='bbox 2193 1482 2294 1529; x_wconf 88' lang='grc' dir='ltr'><strong>τας</strong></span> <span class='ocrx_word' id='word_1_466' title='bbox 2320 1465 2533 1530; x_wconf 78' lang='grc' dir='ltr'><strong>λυπεῖν,</strong></span> <span class='ocrx_word' id='word_1_467' title='bbox 2565 1466 2661 1521; x_wconf 77' lang='grc' dir='ltr'><strong>καὶ</strong></span> <span class='ocrx_word' id='word_1_468' title='bbox 2685 1465 2981 1537; x_wconf 84' lang='grc' dir='ltr'><strong>λογισμοὺς</strong></span> <span class='ocrx_word' id='word_1_469' title='bbox 3013 1468 3107 1521; x_wconf 77' lang='grc' dir='ltr'><strong>καὶ</strong></span> <span class='ocrx_word' id='word_1_470' title='bbox 3128 1465 3474 1538; x_wconf 75' lang='grc' dir='ltr'><strong>ἀνθρώπους,</strong></span> <span class='ocrx_word' id='word_1_471' title='bbox 3506 1467 3578 1521; x_wconf 83' lang='grc' dir='ltr'><strong>δι’</strong></span> <span class='ocrx_word' id='word_1_472' title='bbox 3606 1469 3769 1523; x_wconf 86' lang='grc' dir='ltr'><strong>αίτίαν</strong></span> 
     </span>
    </p>
   </div>
   <div class='ocr_carea' id='block_1_73' title="bbox 2193 1554 3769 1627">
    <p class='ocr_par' dir='ltr' id='par_1_73' title="bbox 2193 1554 3769 1627">
     <span class='ocr_line' id='line_1_73' title="bbox 2193 1554 3769 1627; baseline 0.004 -21"><span class='ocrx_word' id='word_1_473' title='bbox 2193 1555 2567 1624; x_wconf 82' lang='grc' dir='ltr'><strong>εὐλογωτάτην</strong></span> <span class='ocrx_word' id='word_1_474' title='bbox 2599 1555 2744 1610; x_wconf 85' lang='grc' dir='ltr'><strong>κατά</strong></span> <span class='ocrx_word' id='word_1_475' title='bbox 2769 1554 2923 1621; x_wconf 75' lang='grc' dir='ltr'><strong>Θεὸν,</strong></span> <span class='ocrx_word' id='word_1_476' title='bbox 2953 1555 3043 1610; x_wconf 87' lang='grc' dir='ltr'><strong>ίνα</strong></span> <span class='ocrx_word' id='word_1_477' title='bbox 3078 1554 3153 1627; x_wconf 82' lang='grc' dir='ltr'><strong>μὴ</strong></span> <span class='ocrx_word' id='word_1_478' title='bbox 3196 1556 3585 1626; x_wconf 81' lang='grc' dir='ltr'><strong>σκοτιζόμενος</strong></span> <span class='ocrx_word' id='word_1_479' title='bbox 3603 1560 3632 1611; x_wconf 83' lang='grc' dir='ltr'><strong>ό</strong></span> <span class='ocrx_word' id='word_1_480' title='bbox 3659 1558 3769 1623; x_wconf 84' lang='grc' dir='ltr'><strong>νοῦς</strong></span> 
     </span>
    </p>
   </div>
   <div class='ocr_carea' id='block_1_74' title="bbox 2194 1642 3767 1719">
    <p class='ocr_par' dir='ltr' id='par_1_74' title="bbox 2194 1642 3767 1719">
     <span class='ocr_line' id='line_1_74' title="bbox 2194 1642 3767 1719; baseline 0.004 -24"><span class='ocrx_word' id='word_1_481' title='bbox 2194 1642 2385 1714; x_wconf 78' lang='grc' dir='ltr'><strong>χαώσῃ</strong></span> <span class='ocrx_word' id='word_1_482' title='bbox 2450 1642 2549 1712; x_wconf 77' lang='grc' dir='ltr'><strong>τὴν</strong></span> <span class='ocrx_word' id='word_1_483' title='bbox 2603 1642 2789 1713; x_wconf 78' lang='grc' dir='ltr'><strong>νῆψιν.</strong></span> <span class='ocrx_word' id='word_1_484' title='bbox 2840 1645 2937 1699; x_wconf 83' lang='grc' dir='ltr'><strong>Ἐκ</strong></span> <span class='ocrx_word' id='word_1_485' title='bbox 2968 1644 3077 1717; x_wconf 84' lang='grc' dir='ltr'><strong>γάρ</strong></span> <span class='ocrx_word' id='word_1_486' title='bbox 3102 1644 3275 1718; x_wconf 74' lang='grc' dir='ltr'><strong>λήθης</strong></span> <span class='ocrx_word' id='word_1_487' title='bbox 3312 1646 3767 1719; x_wconf 70' lang='grc' dir='ltr'><strong>σκοτούμενοιτέν</strong></span> 
     </span>
    </p>
   </div>
   <div class='ocr_carea' id='block_1_75' title="bbox 2196 1730 2672 1805">
    <p class='ocr_par' dir='ltr' id='par_1_75' title="bbox 2196 1730 2672 1805">
     <span class='ocr_line' id='line_1_75' title="bbox 2196 1730 2672 1805; baseline 0.004 -18"><span class='ocrx_word' id='word_1_488' title='bbox 2196 1730 2319 1787; x_wconf 84' lang='grc' dir='ltr'><strong>νοῦν</strong></span> <span class='ocrx_word' id='word_1_489' title='bbox 2343 1732 2672 1805; x_wconf 80' lang='grc' dir='ltr'><strong>ἀπόλλυμεν.</strong></span> 
     </span>
    </p>
   </div>
   <div class='ocr_carea' id='block_1_76' title="bbox 2269 1915 3767 1990">
    <p class='ocr_par' dir='ltr' id='par_1_76' title="bbox 2269 1915 3767 1990">
     <span class='ocr_line' id='line_1_76' title="bbox 2269 1915 3767 1990; baseline 0.001 -19"><span class='ocrx_word' id='word_1_490' title='bbox 2269 1916 2375 1974; x_wconf 67' lang='grc' dir='ltr'><strong>κδ’.</strong></span> <span class='ocrx_word' id='word_1_491' title='bbox 2415 1916 2474 1972; x_wconf 90' lang='lat'><strong>&#39;0</strong></span> <span class='ocrx_word' id='word_1_492' title='bbox 2508 1915 2619 1990; x_wconf 84' lang='grc' dir='ltr'><strong>γάρ</strong></span> <span class='ocrx_word' id='word_1_493' title='bbox 2648 1918 2800 1988; x_wconf 81' lang='grc' dir='ltr'><strong>πάσῃ</strong></span> <span class='ocrx_word' id='word_1_494' title='bbox 2829 1916 3037 1989; x_wconf 79' lang='grc' dir='ltr'><strong>σπουδῇ</strong></span> <span class='ocrx_word' id='word_1_495' title='bbox 3066 1916 3251 1989; x_wconf 80' lang='grc' dir='ltr'><strong>τηρῶν</strong></span> <span class='ocrx_word' id='word_1_496' title='bbox 3292 1917 3380 1971; x_wconf 77' lang='grc' dir='ltr'><strong>ἀεὶ</strong></span> <span class='ocrx_word' id='word_1_497' title='bbox 3412 1917 3513 1989; x_wconf 79' lang='grc' dir='ltr'><strong>τὴν</strong></span> <span class='ocrx_word' id='word_1_498' title='bbox 3545 1920 3767 1990; x_wconf 65' lang='grc' dir='ltr'><strong>καθαρός</strong></span> 
     </span>
    </p>
   </div>
   <div class='ocr_carea' id='block_1_77' title="bbox 2195 2008 3767 2082">
    <p class='ocr_par' dir='ltr' id='par_1_77' title="bbox 2195 2008 3767 2082">
     <span class='ocr_line' id='line_1_77' title="bbox 2195 2008 3767 2082; baseline 0.003 -21"><span class='ocrx_word' id='word_1_499' title='bbox 2195 2027 2335 2081; x_wconf 88' lang='grc' dir='ltr'><strong>τητα</strong></span> <span class='ocrx_word' id='word_1_500' title='bbox 2360 2010 2457 2078; x_wconf 78' lang='grc' dir='ltr'><strong>τῆς</strong></span> <span class='ocrx_word' id='word_1_501' title='bbox 2490 2008 2740 2079; x_wconf 77' lang='grc' dir='ltr'><strong>καρδίας,</strong></span> <span class='ocrx_word' id='word_1_502' title='bbox 2772 2010 2886 2076; x_wconf 72' lang='grc' dir='ltr'><strong>ἕξει</strong></span> <span class='ocrx_word' id='word_1_503' title='bbox 2914 2009 3236 2064; x_wconf 75' lang='grc' dir='ltr'><strong>διδάσκαλον</strong></span> <span class='ocrx_word' id='word_1_504' title='bbox 3266 2011 3357 2064; x_wconf 79' lang='grc' dir='ltr'><strong>τὸν</strong></span> <span class='ocrx_word' id='word_1_505' title='bbox 3382 2012 3593 2081; x_wconf 78' lang='grc' dir='ltr'><strong>ταύτης</strong></span> <span class='ocrx_word' id='word_1_506' title='bbox 3619 2030 3767 2082; x_wconf 80' lang='grc' dir='ltr'><strong>νομοο</strong></span> 
     </span>
    </p>
   </div>
   <div class='ocr_carea' id='block_1_78' title="bbox 2196 2099 3771 2174">
    <p class='ocr_par' dir='ltr' id='par_1_78' title="bbox 2196 2099 3771 2174">
     <span class='ocr_line' id='line_1_78' title="bbox 2196 2099 3771 2174; baseline -0.001 -20"><span class='ocrx_word' id='word_1_507' title='bbox 2196 2101 2353 2170; x_wconf 80' lang='grc' dir='ltr'><strong>δότην</strong></span> <span class='ocrx_word' id='word_1_508' title='bbox 2390 2100 2645 2171; x_wconf 79' lang='grc' dir='ltr'><strong>Χριστὸν,</strong></span> <span class='ocrx_word' id='word_1_509' title='bbox 2681 2100 2960 2171; x_wconf 82' lang='grc' dir='ltr'><strong>μυστικῶς</strong></span> <span class='ocrx_word' id='word_1_510' title='bbox 2990 2100 3142 2173; x_wconf 75' lang='grc' dir='ltr'><strong>αῦτῷ</strong></span> <span class='ocrx_word' id='word_1_511' title='bbox 3178 2099 3449 2155; x_wconf 80' lang='grc' dir='ltr'><strong>λαλοῦντα</strong></span> <span class='ocrx_word' id='word_1_512' title='bbox 3473 2102 3534 2154; x_wconf 85' lang='grc' dir='ltr'><strong>τὸ</strong></span> <span class='ocrx_word' id='word_1_513' title='bbox 3568 2101 3771 2174; x_wconf 82' lang='grc' dir='ltr'><strong>θέλημα</strong></span> 
     </span>
    </p>
   </div>
   <div class='ocr_carea' id='block_1_79' title="bbox 2198 2193 3771 2264">
    <p class='ocr_par' dir='ltr' id='par_1_79' title="bbox 2198 2193 3771 2264">
     <span class='ocr_line' id='line_1_79' title="bbox 2198 2193 3771 2264; baseline 0.003 -17"><span class='ocrx_word' id='word_1_514' title='bbox 2198 2193 2385 2248; x_wconf 82' lang='grc' dir='ltr'><strong>αὑτοῦ.</strong></span> <span class='ocrx_word' id='word_1_515' title='bbox 2417 2194 2770 2261; x_wconf 78' lang='grc' dir='ltr'><strong>’Λκούσομαι</strong></span> <span class='ocrx_word' id='word_1_516' title='bbox 2802 2195 2858 2247; x_wconf 83' lang='grc' dir='ltr'><strong>τί</strong></span> <span class='ocrx_word' id='word_1_517' title='bbox 2910 2193 3173 2262; x_wconf 75' lang='grc' dir='ltr'><strong>λαλήσει</strong></span> <span class='ocrx_word' id='word_1_518' title='bbox 3198 2193 3269 2246; x_wconf 82' lang='grc' dir='ltr'><strong>ἐν</strong></span> <span class='ocrx_word' id='word_1_519' title='bbox 3322 2194 3454 2264; x_wconf 73' lang='grc' dir='ltr'><strong>ἐμοὶ</strong></span> <span class='ocrx_word' id='word_1_520' title='bbox 3482 2196 3695 2263; x_wconf 77' lang='grc' dir='ltr'><strong>Κύριος</strong></span> <span class='ocrx_word' id='word_1_521' title='bbox 3741 2198 3771 2251; x_wconf 81' lang='grc' dir='ltr'><em>ὁ</em></span> 
     </span>
    </p>
   </div>
   <div class='ocr_carea' id='block_1_80' title="bbox 2202 2285 3769 2358">
    <p class='ocr_par' dir='ltr' id='par_1_80' title="bbox 2202 2285 3769 2358">
     <span class='ocr_line' id='line_1_80' title="bbox 2202 2285 3769 2358; baseline 0.001 -17"><span class='ocrx_word' id='word_1_522' title='bbox 2202 2285 2371 2351; x_wconf 84' lang='grc' dir='ltr'><strong>Θεὸς,</strong></span> <span class='ocrx_word' id='word_1_523' title='bbox 2410 2288 2575 2355; x_wconf 71' lang='grc' dir='ltr'><strong>φησὶν</strong></span> <span class='ocrx_word' id='word_1_524' title='bbox 2614 2289 2642 2339; x_wconf 84' lang='grc' dir='ltr'>ὁ</span> <span class='ocrx_word' id='word_1_525' title='bbox 2681 2286 2847 2340; x_wconf 74' lang='grc' dir='ltr'><strong>Δαϐὶδ</strong></span> <span class='ocrx_word' id='word_1_526' title='bbox 2879 2285 3038 2339; x_wconf 85' lang='grc' dir='ltr'><strong>τοῦτο</strong></span> <span class='ocrx_word' id='word_1_527' title='bbox 3075 2286 3391 2356; x_wconf 77' lang='grc' dir='ltr'><strong>ἐμφαίνωνο</strong></span> <span class='ocrx_word' id='word_1_528' title='bbox 3442 2288 3545 2358; x_wconf 80' lang='grc' dir='ltr'><strong>τὴν</strong></span> <span class='ocrx_word' id='word_1_529' title='bbox 3594 2288 3651 2342; x_wconf 80' lang='grc' dir='ltr'><strong>δὲ</strong></span> <span class='ocrx_word' id='word_1_530' title='bbox 3685 2288 3769 2342; x_wconf 81' lang='grc' dir='ltr'><strong>τοῦ</strong></span> 
     </span>
    </p>
   </div>
   <div class='ocr_carea' id='block_1_81' title="bbox 2198 2359 3771 2451">
    <p class='ocr_par' dir='ltr' id='par_1_81' title="bbox 2198 2359 3771 2451">
     <span class='ocr_line' id='line_1_81' title="bbox 2198 2359 3771 2451; baseline 0.001 -21"><span class='ocrx_word' id='word_1_531' title='bbox 2198 2377 2291 2430; x_wconf 89' lang='grc' dir='ltr'><strong>νοῦ</strong></span> <span class='ocrx_word' id='word_1_532' title='bbox 2322 2379 2459 2448; x_wconf 81' lang='grc' dir='ltr'><strong>πρὸς</strong></span> <span class='ocrx_word' id='word_1_533' title='bbox 2486 2377 2680 2431; x_wconf 81' lang='grc' dir='ltr'><strong>ἑαυτὸν</strong></span> <span class='ocrx_word' id='word_1_534' title='bbox 2707 2376 2922 2447; x_wconf 82' lang='grc' dir='ltr'><strong>ἐμμελῆ</strong></span> <span class='ocrx_word' id='word_1_535' title='bbox 2971 2376 3259 2446; x_wconf 72' lang='grc' dir='ltr'><strong>ἐπίσκεψιν</strong></span> <span class='ocrx_word' id='word_1_536' title='bbox 3285 2379 3414 2451; x_wconf 76' lang='grc' dir='ltr'><strong>περὶ</strong></span> <span class='ocrx_word' id='word_1_537' title='bbox 3446 2378 3541 2431; x_wconf 78' lang='grc' dir='ltr'><strong>τοῦ</strong></span> <span class='ocrx_word' id='word_1_538' title='bbox 3593 2359 3771 2448; x_wconf 76' lang='grc' dir='ltr'><strong>νοητοῦ</strong></span> 
     </span>
    </p>
   </div>
   <div class='ocr_carea' id='block_1_82' title="bbox 2202 2468 3774 2542">
    <p class='ocr_par' dir='ltr' id='par_1_82' title="bbox 2202 2468 3774 2542">
     <span class='ocr_line' id='line_1_82' title="bbox 2202 2468 3774 2542; baseline 0 -19"><span class='ocrx_word' id='word_1_539' title='bbox 2202 2470 2440 2541; x_wconf 86' lang='grc' dir='ltr'><strong>πολέμου</strong></span> <span class='ocrx_word' id='word_1_540' title='bbox 2473 2469 2673 2541; x_wconf 83' lang='grc' dir='ltr'><strong>δηλῶν,</strong></span> <span class='ocrx_word' id='word_1_541' title='bbox 2734 2469 2832 2523; x_wconf 77' lang='grc' dir='ltr'><strong>καὶ</strong></span> <span class='ocrx_word' id='word_1_542' title='bbox 2882 2468 2982 2540; x_wconf 77' lang='grc' dir='ltr'><strong>τὴν</strong></span> <span class='ocrx_word' id='word_1_543' title='bbox 3033 2469 3128 2523; x_wconf 87' lang='grc' dir='ltr'><strong>τοῦ</strong></span> <span class='ocrx_word' id='word_1_544' title='bbox 3190 2468 3326 2523; x_wconf 82' lang='grc' dir='ltr'><strong>Θεοῦ</strong></span> <span class='ocrx_word' id='word_1_545' title='bbox 3388 2470 3774 2542; x_wconf 73' lang='grc' dir='ltr'><strong>ἀντιληπτικὴν</strong></span> 
     </span>
    </p>
   </div>
   <div class='ocr_carea' id='block_1_83' title="bbox 2201 2560 3775 2633">
    <p class='ocr_par' dir='ltr' id='par_1_83' title="bbox 2201 2560 3775 2633">
     <span class='ocr_line' id='line_1_83' title="bbox 2201 2560 3775 2633; baseline -0.001 -16"><span class='ocrx_word' id='word_1_546' title='bbox 2201 2564 2566 2633; x_wconf 81' lang='grc' dir='ltr'><strong>ὑπερασπισιν</strong></span> <span class='ocrx_word' id='word_1_547' title='bbox 2625 2561 2814 2632; x_wconf 82' lang='grc' dir='ltr'><strong>έλεγε⁶</strong></span> <span class='ocrx_word' id='word_1_548' title='bbox 2860 2561 2971 2617; x_wconf 80' lang='grc' dir='ltr'><strong>Καὶ</strong></span> <span class='ocrx_word' id='word_1_549' title='bbox 3013 2560 3154 2631; x_wconf 76' lang='grc' dir='ltr'><strong>ἐρεῖ,</strong></span> <span class='ocrx_word' id='word_1_550' title='bbox 3184 2562 3373 2633; x_wconf 79' lang='grc' dir='ltr'><strong>φησὶν,</strong></span> <span class='ocrx_word' id='word_1_551' title='bbox 3428 2562 3775 2630; x_wconf 68' lang='grc' dir='ltr'><strong>ἄνθρωπος’</strong></span> 
     </span>
    </p>
   </div>
   <div class='ocr_carea' id='block_1_84' title="bbox 2199 2652 3780 2728">
    <p class='ocr_par' dir='ltr' id='par_1_84' title="bbox 2199 2652 3780 2728">
     <span class='ocr_line' id='line_1_84' title="bbox 2199 2652 3780 2728; baseline -0.003 -14"><span class='ocrx_word' id='word_1_552' title='bbox 2199 2652 2352 2726; x_wconf 71' lang='grc' dir='ltr'><strong>Ἀρα</strong></span> <span class='ocrx_word' id='word_1_553' title='bbox 2369 2659 2539 2712; x_wconf 76' lang='grc' dir='ltr'><strong>ἔσται</strong></span> <span class='ocrx_word' id='word_1_554' title='bbox 2556 2659 2783 2728; x_wconf 81' lang='grc' dir='ltr'><strong>καρπὸς</strong></span> <span class='ocrx_word' id='word_1_555' title='bbox 2812 2656 2891 2723; x_wconf 85' lang='grc' dir='ltr'><strong>τῷ</strong></span> <span class='ocrx_word' id='word_1_556' title='bbox 2918 2656 3165 2725; x_wconf 79' lang='grc' dir='ltr'><strong>δικα1φ;</strong></span> <span class='ocrx_word' id='word_1_557' title='bbox 3188 2652 3305 2711; x_wconf 72' lang='grc' dir='ltr'><strong>εἶτα</strong></span> <span class='ocrx_word' id='word_1_558' title='bbox 3324 2656 3386 2710; x_wconf 79' lang='grc' dir='ltr'><strong>τὸ</strong></span> <span class='ocrx_word' id='word_1_559' title='bbox 3409 2660 3474 2710; x_wconf 87' lang='grc' dir='ltr'><strong>ἐκ</strong></span> <span class='ocrx_word' id='word_1_560' title='bbox 3492 2658 3594 2728; x_wconf 74' lang='grc' dir='ltr'><strong>τῆς</strong></span> <span class='ocrx_word' id='word_1_561' title='bbox 3622 2659 3780 2728; x_wconf 79' lang='grc' dir='ltr'><strong>συζη-</strong></span> 
     </span>
    </p>
   </div>
   <div class='ocr_carea' id='block_1_85' title="bbox 2199 2748 3776 2821">
    <p class='ocr_par' dir='ltr' id='par_1_85' title="bbox 2199 2748 3776 2821">
     <span class='ocr_line' id='line_1_85' title="bbox 2199 2748 3776 2821; baseline 0.001 -20"><span class='ocrx_word' id='word_1_562' title='bbox 2199 2751 2411 2821; x_wconf 86' lang='grc' dir='ltr'><strong>τήσεως</strong></span> <span class='ocrx_word' id='word_1_563' title='bbox 2447 2748 2673 2820; x_wconf 81' lang='grc' dir='ltr'><strong>σκέμμα</strong></span> <span class='ocrx_word' id='word_1_564' title='bbox 2698 2750 2868 2820; x_wconf 77' lang='grc' dir='ltr'><strong>ἄμφω</strong></span> <span class='ocrx_word' id='word_1_565' title='bbox 2896 2750 3133 2821; x_wconf 77' lang='grc' dir='ltr'><strong>ὲκρηθὲν</strong></span> <span class='ocrx_word' id='word_1_566' title='bbox 3166 2750 3242 2813; x_wconf 88' lang='grc' dir='ltr'><strong>ὼς</strong></span> <span class='ocrx_word' id='word_1_567' title='bbox 3286 2750 3567 2816; x_wconf 75' lang='grc' dir='ltr'><strong>ἐκφαίνων</strong></span> <span class='ocrx_word' id='word_1_568' title='bbox 3603 2748 3776 2817; x_wconf 78' lang='grc' dir='ltr'><strong>λέγει’</strong></span> 
     </span>
    </p>
   </div>
   <div class='ocr_carea' id='block_1_86' title="bbox 2200 2836 3780 2910">
    <p class='ocr_par' dir='ltr' id='par_1_86' title="bbox 2200 2836 3780 2910">
     <span class='ocr_line' id='line_1_86' title="bbox 2200 2836 3780 2910; baseline 0.006 -16"><span class='ocrx_word' id='word_1_569' title='bbox 2200 2836 2351 2909; x_wconf 73' lang='grc' dir='ltr'><strong>Ἀρά</strong></span> <span class='ocrx_word' id='word_1_570' title='bbox 2381 2841 2553 2895; x_wconf 84' lang='grc' dir='ltr'><strong>ἐστιν</strong></span> <span class='ocrx_word' id='word_1_571' title='bbox 2572 2844 2604 2895; x_wconf 86' lang='grc' dir='ltr'><strong>ό</strong></span> <span class='ocrx_word' id='word_1_572' title='bbox 2635 2841 2799 2906; x_wconf 83' lang='grc' dir='ltr'><strong>Θεὸς,</strong></span> <span class='ocrx_word' id='word_1_573' title='bbox 2816 2842 3038 2910; x_wconf 78' lang='grc' dir='ltr'><strong>κρίνων</strong></span> <span class='ocrx_word' id='word_1_574' title='bbox 3061 2840 3286 2907; x_wconf 81' lang='grc' dir='ltr'><strong>αὐτοὺς</strong></span> <span class='ocrx_word' id='word_1_575' title='bbox 3315 2841 3386 2893; x_wconf 75' lang='grc' dir='ltr'><strong>ἐν</strong></span> <span class='ocrx_word' id='word_1_576' title='bbox 3412 2839 3490 2909; x_wconf 78' lang='grc' dir='ltr'><strong>τῇ</strong></span> <span class='ocrx_word' id='word_1_577' title='bbox 3511 2839 3593 2910; x_wconf 73' lang='grc' dir='ltr'><strong>γῇ</strong></span> <span class='ocrx_word' id='word_1_578' title='bbox 3613 2857 3630 2871; x_wconf 80' lang='grc'><strong>⁸</strong></span> <span class='ocrx_word' id='word_1_579' title='bbox 3661 2842 3780 2904; x_wconf 58' lang='grc' dir='ltr'><strong>τεὺς</strong></span> 
     </span>
    </p>
   </div>
   <div class='ocr_carea' id='block_1_87' title="bbox 2200 2934 3781 3007">
    <p class='ocr_par' dir='ltr' id='par_1_87' title="bbox 2200 2934 3781 3007">
     <span class='ocr_line' id='line_1_87' title="bbox 2200 2934 3781 3007; baseline -0.001 -20"><span class='ocrx_word' id='word_1_580' title='bbox 2200 2936 2475 3004; x_wconf 82' lang='grc' dir='ltr'><strong>πονηροὺς</strong></span> <span class='ocrx_word' id='word_1_581' title='bbox 2507 2934 2770 3004; x_wconf 82' lang='grc' dir='ltr'><strong>δαίμονας</strong></span> <span class='ocrx_word' id='word_1_582' title='bbox 2791 2934 2849 2987; x_wconf 88' lang='grc' dir='ltr'><strong>ἐν</strong></span> <span class='ocrx_word' id='word_1_583' title='bbox 2876 2937 2941 3005; x_wconf 80' lang='grc' dir='ltr'><strong>τῇ</strong></span> <span class='ocrx_word' id='word_1_584' title='bbox 2971 2938 3042 3007; x_wconf 79' lang='grc' dir='ltr'><strong>γῇ</strong></span> <span class='ocrx_word' id='word_1_585' title='bbox 3072 2935 3172 3006; x_wconf 84' lang='grc' dir='ltr'><strong>τῆς</strong></span> <span class='ocrx_word' id='word_1_586' title='bbox 3210 2935 3439 3005; x_wconf 84' lang='grc' dir='ltr'><strong>καρδίας</strong></span> <span class='ocrx_word' id='word_1_587' title='bbox 3470 2936 3651 3006; x_wconf 80' lang='grc' dir='ltr'><strong>ἡμῶν.</strong></span> <span class='ocrx_word' id='word_1_588' title='bbox 3678 2937 3781 2988; x_wconf 75' lang='grc' dir='ltr'><strong>Καὶ</strong></span> 
     </span>
    </p>
   </div>
   <div class='ocr_carea' id='block_1_88' title="bbox 2200 3026 3779 3099">
    <p class='ocr_par' dir='ltr' id='par_1_88' title="bbox 2200 3026 3779 3099">
     <span class='ocr_line' id='line_1_88' title="bbox 2200 3026 3779 3099; baseline -0.001 -19"><span class='ocrx_word' id='word_1_589' title='bbox 2200 3026 2435 3098; x_wconf 84' lang='grc' dir='ltr'><strong>ἀλλαχοῦ</strong></span> <span class='ocrx_word' id='word_1_590' title='bbox 2458 3044 2614 3099; x_wconf 87' lang='grc' dir='ltr'><strong>φησι,</strong></span> <span class='ocrx_word' id='word_1_591' title='bbox 2667 3027 3143 3096; x_wconf 70' lang='grc' dir='ltr'><strong>Προσελεύσεται</strong></span> <span class='ocrx_word' id='word_1_592' title='bbox 3164 3026 3477 3095; x_wconf 71' lang='grc' dir='ltr'><strong>ἄνθρωπος</strong></span> <span class='ocrx_word' id='word_1_593' title='bbox 3506 3027 3607 3080; x_wconf 76' lang='grc' dir='ltr'><strong>καὶ</strong></span> <span class='ocrx_word' id='word_1_594' title='bbox 3646 3044 3779 3094; x_wconf 77' lang='grc' dir='ltr'><strong>καρ-</strong></span> 
     </span>
    </p>
   </div>
   <div class='ocr_carea' id='block_1_89' title="bbox 2201 3119 3779 3190">
    <p class='ocr_par' dir='ltr' id='par_1_89' title="bbox 2201 3119 3779 3190">
     <span class='ocr_line' id='line_1_89' title="bbox 2201 3119 3779 3190; baseline -0.001 -17"><span class='ocrx_word' id='word_1_595' title='bbox 2201 3120 2299 3189; x_wconf 80' lang='grc' dir='ltr'><strong>δίᾳ</strong></span> <span class='ocrx_word' id='word_1_596' title='bbox 2331 3122 2572 3189; x_wconf 74' lang='grc' dir='ltr'><strong>βαθείᾳ.</strong></span> <span class='ocrx_word' id='word_1_597' title='bbox 2620 3120 2720 3176; x_wconf 77' lang='grc' dir='ltr'><strong>καί</strong></span> <span class='ocrx_word' id='word_1_598' title='bbox 2748 3119 3135 3190; x_wconf 70' lang='grc' dir='ltr'><strong>ὑψωθήσεται</strong></span> <span class='ocrx_word' id='word_1_599' title='bbox 3178 3122 3211 3174; x_wconf 84' lang='grc' dir='ltr'><em>ὀ</em></span> <span class='ocrx_word' id='word_1_600' title='bbox 3235 3119 3400 3187; x_wconf 77' lang='grc' dir='ltr'><strong>Θεὸς,</strong></span> <span class='ocrx_word' id='word_1_601' title='bbox 3452 3121 3549 3173; x_wconf 83' lang='grc' dir='ltr'><strong>καὶ</strong></span> <span class='ocrx_word' id='word_1_602' title='bbox 3573 3120 3696 3173; x_wconf 77' lang='grc' dir='ltr'><strong>τότε</strong></span> <span class='ocrx_word' id='word_1_603' title='bbox 3728 3120 3779 3172; x_wconf 88' lang='grc' dir='ltr'><strong>αί</strong></span> 
     </span>
    </p>
   </div>
   <div class='ocr_carea' id='block_1_90' title="bbox 2124 3211 3776 3285">
    <p class='ocr_par' dir='ltr' id='par_1_90' title="bbox 2124 3211 3776 3285">
     <span class='ocr_line' id='line_1_90' title="bbox 2124 3211 3776 3285; baseline -0.001 -20"><span class='ocrx_word' id='word_1_604' title='bbox 2124 3223 2169 3281; x_wconf 74' lang='grc' dir='ltr'>ο</span> <span class='ocrx_word' id='word_1_605' title='bbox 2206 3212 2415 3283; x_wconf 70' lang='grc' dir='ltr'><strong>πληγαὶ</strong></span> <span class='ocrx_word' id='word_1_606' title='bbox 2461 3212 2642 3266; x_wconf 82' lang='grc' dir='ltr'><strong>αὐτῶν</strong></span> <span class='ocrx_word' id='word_1_607' title='bbox 2679 3213 2756 3276; x_wconf 81' lang='grc' dir='ltr'><strong>ὡς</strong></span> <span class='ocrx_word' id='word_1_608' title='bbox 2786 3212 2915 3283; x_wconf 86' lang='grc' dir='ltr'><strong>βέλη</strong></span> <span class='ocrx_word' id='word_1_609' title='bbox 2940 3211 3151 3285; x_wconf 83' lang='grc' dir='ltr'><strong>νηπίων</strong></span> <span class='ocrx_word' id='word_1_610' title='bbox 3179 3212 3313 3283; x_wconf 72' lang='grc' dir='ltr'><strong>ἡμῖν</strong></span> <span class='ocrx_word' id='word_1_611' title='bbox 3338 3211 3776 3281; x_wconf 75' lang='grc' dir='ltr'><strong>λογισθήσονται.</strong></span> 
     </span>
    </p>
   </div>
   <div class='ocr_carea' id='block_1_91' title="bbox 2276 3305 3781 3378">
    <p class='ocr_par' dir='ltr' id='par_1_91' title="bbox 2276 3305 3781 3378">
     <span class='ocr_line' id='line_1_91' title="bbox 2276 3305 3781 3378; baseline -0.002 -18"><span class='ocrx_word' id='word_1_612' title='bbox 2276 3314 2378 3361; x_wconf 84' lang='grc' dir='ltr'><strong>πε’.</strong></span> <span class='ocrx_word' id='word_1_613' title='bbox 2411 3307 2504 3360; x_wconf 83' lang='grc' dir='ltr'><strong>Ἐν</strong></span> <span class='ocrx_word' id='word_1_614' title='bbox 2555 3306 2717 3378; x_wconf 76' lang='grc' dir='ltr'><strong>σοφία</strong></span> <span class='ocrx_word' id='word_1_615' title='bbox 2747 3306 3113 3376; x_wconf 75' lang='grc' dir='ltr'><strong>πεπεδημένοι</strong></span> <span class='ocrx_word' id='word_1_616' title='bbox 3156 3306 3256 3375; x_wconf 78' lang='grc' dir='ltr'><strong>τὴν</strong></span> <span class='ocrx_word' id='word_1_617' title='bbox 3307 3305 3538 3376; x_wconf 79' lang='grc' dir='ltr'><strong>καρδίαν</strong></span> <span class='ocrx_word' id='word_1_618' title='bbox 3584 3305 3673 3358; x_wconf 82' lang='grc' dir='ltr'><strong>ἀεὶ</strong></span> <span class='ocrx_word' id='word_1_619' title='bbox 3706 3306 3781 3358; x_wconf 76' lang='grc' dir='ltr'><strong>δι-</strong></span> 
     </span>
    </p>
   </div>
   <div class='ocr_carea' id='block_1_92' title="bbox 2202 3397 3780 3471">
    <p class='ocr_par' dir='ltr' id='par_1_92' title="bbox 2202 3397 3780 3471">
     <span class='ocr_line' id='line_1_92' title="bbox 2202 3397 3780 3471; baseline -0.003 -16"><span class='ocrx_word' id='word_1_620' title='bbox 2202 3401 2426 3471; x_wconf 76' lang='grc' dir='ltr'><strong>άγωμεν</strong></span> <span class='ocrx_word' id='word_1_621' title='bbox 2460 3400 2601 3454; x_wconf 85' lang='grc' dir='ltr'><strong>κατά</strong></span> <span class='ocrx_word' id='word_1_622' title='bbox 2628 3399 2721 3453; x_wconf 80' lang='grc' dir='ltr'><strong>τὸν</strong></span> <span class='ocrx_word' id='word_1_623' title='bbox 2761 3399 3128 3471; x_wconf 72' lang='grc' dir='ltr'><strong>Ἱεροψάλτην,</strong></span> <span class='ocrx_word' id='word_1_624' title='bbox 3153 3398 3323 3469; x_wconf 84' lang='grc' dir='ltr'><strong>αὐτὴν</strong></span> <span class='ocrx_word' id='word_1_625' title='bbox 3342 3397 3443 3470; x_wconf 83' lang='grc' dir='ltr'><strong>τὴν</strong></span> <span class='ocrx_word' id='word_1_626' title='bbox 3460 3398 3555 3451; x_wconf 86' lang='grc' dir='ltr'><strong>τοῦ</strong></span> <span class='ocrx_word' id='word_1_627' title='bbox 3577 3398 3780 3469; x_wconf 67' lang='grc' dir='ltr'><strong>Πατρός</strong></span> 
     </span>
    </p>
   </div>
   <div class='ocr_carea' id='block_1_93' title="bbox 2201 3490 3777 3562">
    <p class='ocr_par' dir='ltr' id='par_1_93' title="bbox 2201 3490 3777 3562">
     <span class='ocr_line' id='line_1_93' title="bbox 2201 3490 3777 3562; baseline -0.002 -16"><span class='ocrx_word' id='word_1_628' title='bbox 2201 3492 2338 3546; x_wconf 88' lang='grc' dir='ltr'><strong>Θεοῦ</strong></span> <span class='ocrx_word' id='word_1_629' title='bbox 2358 3491 2610 3562; x_wconf 81' lang='grc' dir='ltr'><strong>δύναμιν,</strong></span> <span class='ocrx_word' id='word_1_630' title='bbox 2635 3493 2731 3546; x_wconf 78' lang='grc' dir='ltr'><strong>καὶ</strong></span> <span class='ocrx_word' id='word_1_631' title='bbox 2761 3490 2897 3546; x_wconf 85' lang='grc' dir='ltr'><strong>Θεοῦ</strong></span> <span class='ocrx_word' id='word_1_632' title='bbox 2924 3491 3118 3562; x_wconf 86' lang='grc' dir='ltr'><strong>σοφίαν</strong></span> <span class='ocrx_word' id='word_1_633' title='bbox 3138 3490 3374 3561; x_wconf 78' lang='grc' dir='ltr'><strong>Χριστὸν</strong></span> <span class='ocrx_word' id='word_1_634' title='bbox 3425 3491 3625 3561; x_wconf 85' lang='grc' dir='ltr'><strong>Ιησοῦν</strong></span> <span class='ocrx_word' id='word_1_635' title='bbox 3654 3493 3777 3545; x_wconf 80' lang='grc' dir='ltr'><strong>ἀνα-</strong></span> 
     </span>
    </p>
   </div>
   <div class='ocr_carea' id='block_1_94' title="bbox 2205 3584 3778 3657">
    <p class='ocr_par' dir='ltr' id='par_1_94' title="bbox 2205 3584 3778 3657">
     <span class='ocr_line' id='line_1_94' title="bbox 2205 3584 3778 3657; baseline -0.001 -20"><span class='ocrx_word' id='word_1_636' title='bbox 2205 3584 2477 3647; x_wconf 79' lang='grc' dir='ltr'><strong>πνέοντες.</strong></span> <span class='ocrx_word' id='word_1_637' title='bbox 2508 3584 2569 3638; x_wconf 83' lang='lat' dir='ltr'><strong>El</strong></span> <span class='ocrx_word' id='word_1_638' title='bbox 2602 3584 2662 3638; x_wconf 76' lang='grc' dir='ltr'><strong>δὲ</strong></span> <span class='ocrx_word' id='word_1_639' title='bbox 2690 3584 2784 3637; x_wconf 74' lang='grc' dir='ltr'><strong>καὶ</strong></span> <span class='ocrx_word' id='word_1_640' title='bbox 2804 3585 2869 3638; x_wconf 81' lang='grc' dir='ltr'><strong>ἐκ</strong></span> <span class='ocrx_word' id='word_1_641' title='bbox 2893 3584 3269 3657; x_wconf 76' lang='grc' dir='ltr'><strong>περιστάσεως</strong></span> <span class='ocrx_word' id='word_1_642' title='bbox 3296 3600 3445 3646; x_wconf 84' lang='grc' dir='ltr'><strong>τινος</strong></span> <span class='ocrx_word' id='word_1_643' title='bbox 3478 3584 3778 3653; x_wconf 82' lang='grc' dir='ltr'><strong>χαυνωθέν-</strong></span> 
     </span>
    </p>
   </div>
   <div class='ocr_carea' id='block_1_95' title="bbox 2202 3675 3779 3747">
    <p class='ocr_par' dir='ltr' id='par_1_95' title="bbox 2202 3675 3779 3747">
     <span class='ocr_line' id='line_1_95' title="bbox 2202 3675 3779 3747; baseline 0 -18"><span class='ocrx_word' id='word_1_644' title='bbox 2202 3693 2314 3740; x_wconf 87' lang='grc' dir='ltr'><strong>τες,</strong></span> <span class='ocrx_word' id='word_1_645' title='bbox 2338 3675 2439 3746; x_wconf 84' lang='grc' dir='ltr'><strong>τῆς</strong></span> <span class='ocrx_word' id='word_1_646' title='bbox 2468 3675 2668 3746; x_wconf 80' lang='grc' dir='ltr'><strong>νοητῆς</strong></span> <span class='ocrx_word' id='word_1_647' title='bbox 2702 3676 3217 3747; x_wconf 81' lang='grc' dir='ltr'><strong>κατωλιγορήσομεν</strong></span> <span class='ocrx_word' id='word_1_648' title='bbox 3247 3676 3525 3746; x_wconf 79' lang='grc' dir='ltr'><strong>πράξεως,</strong></span> <span class='ocrx_word' id='word_1_649' title='bbox 3556 3678 3627 3747; x_wconf 75' lang='grc' dir='ltr'><strong>τῇ</strong></span> <span class='ocrx_word' id='word_1_650' title='bbox 3662 3676 3779 3745; x_wconf 77' lang='grc' dir='ltr'><strong>ἑξῆς</strong></span> 
     </span>
    </p>
   </div>
   <div class='ocr_carea' id='block_1_96' title="bbox 2204 3766 3777 3841">
    <p class='ocr_par' dir='ltr' id='par_1_96' title="bbox 2204 3766 3777 3841">
     <span class='ocr_line' id='line_1_96' title="bbox 2204 3766 3777 3841; baseline 0.003 -23"><span class='ocrx_word' id='word_1_651' title='bbox 2204 3768 2387 3839; x_wconf 65' lang='lat' dir='ltr'><strong>aptata.</strong></span> <span class='ocrx_word' id='word_1_652' title='bbox 2416 3768 2580 3822; x_wconf 85' lang='grc' dir='ltr'><strong>πάλιν</strong></span> <span class='ocrx_word' id='word_1_653' title='bbox 2605 3769 2705 3841; x_wconf 82' lang='grc' dir='ltr'><strong>τὴν</strong></span> <span class='ocrx_word' id='word_1_654' title='bbox 2727 3769 2899 3836; x_wconf 78' lang='grc' dir='ltr'><strong>ὀσφῦν</strong></span> <span class='ocrx_word' id='word_1_655' title='bbox 2930 3767 3023 3821; x_wconf 87' lang='grc' dir='ltr'><strong>τοῦ</strong></span> <span class='ocrx_word' id='word_1_656' title='bbox 3061 3768 3181 3831; x_wconf 85' lang='grc' dir='ltr'><strong>νοὸς</strong></span> <span class='ocrx_word' id='word_1_657' title='bbox 3220 3766 3401 3832; x_wconf 83' lang='grc' dir='ltr'><strong>καλῶς</strong></span> <span class='ocrx_word' id='word_1_658' title='bbox 3428 3770 3777 3840; x_wconf 79' lang='grc' dir='ltr'><strong>περισφίγξο-</strong></span> 
     </span>
    </p>
   </div>
   <div class='ocr_carea' id='block_1_97' title="bbox 2206 3859 3774 3931">
    <p class='ocr_par' dir='ltr' id='par_1_97' title="bbox 2206 3859 3774 3931">
     <span class='ocr_line' id='line_1_97' title="bbox 2206 3859 3774 3931; baseline 0 -19"><span class='ocrx_word' id='word_1_659' title='bbox 2206 3877 2324 3928; x_wconf 87' lang='grc' dir='ltr'><strong>μεν,</strong></span> <span class='ocrx_word' id='word_1_660' title='bbox 2347 3860 2443 3912; x_wconf 75' lang='grc' dir='ltr'><strong>καὶ</strong></span> <span class='ocrx_word' id='word_1_661' title='bbox 2464 3859 2743 3931; x_wconf 85' lang='grc' dir='ltr'><strong>κραταιῶς</strong></span> <span class='ocrx_word' id='word_1_662' title='bbox 2769 3859 2864 3913; x_wconf 87' lang='grc' dir='ltr'><strong>τοῦ</strong></span> <span class='ocrx_word' id='word_1_663' title='bbox 2894 3859 3056 3930; x_wconf 78' lang='grc' dir='ltr'><strong>ἔργου</strong></span> <span class='ocrx_word' id='word_1_664' title='bbox 3089 3859 3250 3914; x_wconf 86' lang='grc' dir='ltr'><strong>πάλιν</strong></span> <span class='ocrx_word' id='word_1_665' title='bbox 3274 3859 3555 3929; x_wconf 79' lang='grc' dir='ltr'><strong>άψόμεθα,</strong></span> <span class='ocrx_word' id='word_1_666' title='bbox 3588 3861 3774 3922; x_wconf 82' lang='grc' dir='ltr'><strong>εἰδότες</strong></span> 
     </span>
    </p>
   </div>
   <div class='ocr_carea' id='block_1_98' title="bbox 2202 3951 3770 4023">
    <p class='ocr_par' dir='ltr' id='par_1_98' title="bbox 2202 3951 3770 4023">
     <span class='ocr_line' id='line_1_98' title="bbox 2202 3951 3770 4023; baseline 0.001 -19"><span class='ocrx_word' id='word_1_667' title='bbox 2202 3952 2285 4004; x_wconf 85' lang='grc' dir='ltr'><strong>ὄτι</strong></span> <span class='ocrx_word' id='word_1_668' title='bbox 2315 3951 2418 4005; x_wconf 81' lang='grc' dir='ltr'><strong>οὐκ</strong></span> <span class='ocrx_word' id='word_1_669' title='bbox 2448 3954 2595 4006; x_wconf 75' lang='grc' dir='ltr'><strong>ἔστιν</strong></span> <span class='ocrx_word' id='word_1_670' title='bbox 2644 3954 2776 4023; x_wconf 74' lang='grc' dir='ltr'><strong>ἡμῖν</strong></span> <span class='ocrx_word' id='word_1_671' title='bbox 2823 3951 3096 4021; x_wconf 85' lang='grc' dir='ltr'><strong>ἀπολογία</strong></span> <span class='ocrx_word' id='word_1_672' title='bbox 3145 3952 3216 4006; x_wconf 82' lang='grc' dir='ltr'><strong>τὸ·</strong></span> <span class='ocrx_word' id='word_1_673' title='bbox 3238 3952 3406 4006; x_wconf 77' lang='grc' dir='ltr'><strong>καλὸν</strong></span> <span class='ocrx_word' id='word_1_674' title='bbox 3461 3954 3770 4023; x_wconf 80' lang='grc' dir='ltr'><strong>ἐγνωκόσιν,</strong></span> 
     </span>
    </p>
   </div>
   <div class='ocr_carea' id='block_1_99' title="bbox 2201 4044 2896 4117">
    <p class='ocr_par' dir='ltr' id='par_1_99' title="bbox 2201 4044 2896 4117">
     <span class='ocr_line' id='line_1_99' title="bbox 2201 4044 2896 4117; baseline -0.003 -19"><span class='ocrx_word' id='word_1_675' title='bbox 2201 4044 2299 4098; x_wconf 81' lang='grc' dir='ltr'><strong>ἐὰν</strong></span> <span class='ocrx_word' id='word_1_676' title='bbox 2331 4046 2406 4117; x_wconf 75' lang='grc' dir='ltr'><strong>μὴ</strong></span> <span class='ocrx_word' id='word_1_677' title='bbox 2434 4045 2568 4099; x_wconf 79' lang='grc' dir='ltr'><strong>αὐτὸ</strong></span> <span class='ocrx_word' id='word_1_678' title='bbox 2598 4044 2896 4116; x_wconf 79' lang='grc' dir='ltr'><strong>πράξωμεν</strong></span> 
     </span>
    </p>
   </div>
   <div class='ocr_carea' id='block_1_100' title="bbox 2272 4135 3775 4209">
    <p class='ocr_par' dir='ltr' id='par_1_100' title="bbox 2272 4135 3775 4209">
     <span class='ocr_line' id='line_1_100' title="bbox 2272 4135 3775 4209; baseline 0.001 -18"><span class='ocrx_word' id='word_1_679' title='bbox 2272 4144 2392 4204; x_wconf 72' lang='grc' dir='ltr'><strong>πςί.</strong></span> <span class='ocrx_word' id='word_1_680' title='bbox 2445 4138 2657 4209; x_wconf 80' lang='grc' dir='ltr'><strong>Ὠσπερ</strong></span> <span class='ocrx_word' id='word_1_681' title='bbox 2704 4138 2776 4193; x_wconf 85' lang='grc' dir='ltr'><strong>τά</strong></span> <span class='ocrx_word' id='word_1_682' title='bbox 2818 4135 3076 4191; x_wconf 70' lang='grc' dir='ltr'><strong>νοσοποιά</strong></span> <span class='ocrx_word' id='word_1_683' title='bbox 3133 4135 3400 4209; x_wconf 81' lang='grc' dir='ltr'><strong>βρώματα</strong></span> <span class='ocrx_word' id='word_1_684' title='bbox 3443 4136 3775 4209; x_wconf 67' lang='grc' dir='ltr'><strong>ἐμϐληθέντα</strong></span> 
     </span>
    </p>
   </div>
   <div class='ocr_carea' id='block_1_101' title="bbox 2202 4227 3774 4301">
    <p class='ocr_par' dir='ltr' id='par_1_101' title="bbox 2202 4227 3774 4301">
     <span class='ocr_line' id='line_1_101' title="bbox 2202 4227 3774 4301; baseline -0.002 -17"><span class='ocrx_word' id='word_1_685' title='bbox 2202 4231 2531 4301; x_wconf 84' lang='grc' dir='ltr'><strong>προσφάτως</strong></span> <span class='ocrx_word' id='word_1_686' title='bbox 2554 4231 2613 4283; x_wconf 88' lang='grc' dir='ltr'><strong>ἐν</strong></span> <span class='ocrx_word' id='word_1_687' title='bbox 2640 4228 2854 4300; x_wconf 83' lang='grc' dir='ltr'><strong>σώματι</strong></span> <span class='ocrx_word' id='word_1_688' title='bbox 2881 4229 3109 4301; x_wconf 78' lang='grc' dir='ltr'><strong>ἐνοχλεῖ,</strong></span> <span class='ocrx_word' id='word_1_689' title='bbox 3142 4230 3172 4283; x_wconf 86' lang='grc' dir='ltr'><strong>ό</strong></span> <span class='ocrx_word' id='word_1_690' title='bbox 3199 4228 3255 4282; x_wconf 82' lang='grc' dir='ltr'><strong>δέ</strong></span> <span class='ocrx_word' id='word_1_691' title='bbox 3286 4227 3481 4298; x_wconf 81' lang='grc' dir='ltr'><strong>φαγὼν</strong></span> <span class='ocrx_word' id='word_1_692' title='bbox 3501 4230 3667 4293; x_wconf 78' lang='grc' dir='ltr'><strong>εὐθὺς</strong></span> <span class='ocrx_word' id='word_1_693' title='bbox 3690 4232 3774 4297; x_wconf 67' lang='grc' dir='ltr'><strong>τῆς</strong></span> 
     </span>
    </p>
   </div>
   <div class='ocr_carea' id='block_1_102' title="bbox 2203 4320 3775 4393">
    <p class='ocr_par' dir='ltr' id='par_1_102' title="bbox 2203 4320 3775 4393">
     <span class='ocr_line' id='line_1_102' title="bbox 2203 4320 3775 4393; baseline 0 -19"><span class='ocrx_word' id='word_1_694' title='bbox 2203 4321 2406 4393; x_wconf 74' lang='grc' dir='ltr'><strong>βλάϐης</strong></span> <span class='ocrx_word' id='word_1_695' title='bbox 2434 4321 2780 4391; x_wconf 79' lang='grc' dir='ltr'><strong>αίσθόμενος,</strong></span> <span class='ocrx_word' id='word_1_696' title='bbox 2809 4322 3005 4376; x_wconf 79' lang='grc' dir='ltr'><strong>θᾶττον</strong></span> <span class='ocrx_word' id='word_1_697' title='bbox 3031 4321 3121 4376; x_wconf 84' lang='grc' dir='ltr'><strong>διά</strong></span> <span class='ocrx_word' id='word_1_698' title='bbox 3143 4337 3285 4385; x_wconf 73' lang='grc' dir='ltr'><strong>τινος</strong></span> <span class='ocrx_word' id='word_1_699' title='bbox 3324 4320 3531 4390; x_wconf 76' lang='grc' dir='ltr'><strong>ἑμέσας</strong></span> <span class='ocrx_word' id='word_1_700' title='bbox 3560 4320 3775 4392; x_wconf 80' lang='grc' dir='ltr'><strong>φαρμά-</strong></span> 
     </span>
    </p>
   </div>
   <div class='ocr_carea' id='block_1_103' title="bbox 2200 4409 3774 4484">
    <p class='ocr_par' dir='ltr' id='par_1_103' title="bbox 2200 4409 3774 4484">
     <span class='ocr_line' id='line_1_103' title="bbox 2200 4409 3774 4484; baseline -0.001 -19"><span class='ocrx_word' id='word_1_701' title='bbox 2200 4428 2298 4466; x_wconf 90' lang='grc' dir='ltr'><strong>κου</strong></span> <span class='ocrx_word' id='word_1_702' title='bbox 2355 4410 2533 4466; x_wconf 86' lang='grc' dir='ltr'><strong>ταῦτα</strong></span> <span class='ocrx_word' id='word_1_703' title='bbox 2569 4412 2895 4483; x_wconf 67' lang='grc' dir='ltr'><strong>ἀπήμαντος</strong></span> <span class='ocrx_word' id='word_1_704' title='bbox 2941 4411 3245 4484; x_wconf 78' lang='grc' dir='ltr'><strong>διέμεινεν·</strong></span> <span class='ocrx_word' id='word_1_705' title='bbox 3281 4409 3428 4465; x_wconf 76' lang='grc' dir='ltr'><strong>οὕτω</strong></span> <span class='ocrx_word' id='word_1_706' title='bbox 3483 4413 3583 4465; x_wconf 75' lang='grc' dir='ltr'><strong>καὶ</strong></span> <span class='ocrx_word' id='word_1_707' title='bbox 3612 4415 3643 4466; x_wconf 84' lang='grc' dir='ltr'><strong>ό</strong></span> <span class='ocrx_word' id='word_1_708' title='bbox 3665 4411 3774 4475; x_wconf 85' lang='grc' dir='ltr'><strong>νοῦς</strong></span> 
     </span>
    </p>
   </div>
   <div class='ocr_carea' id='block_1_104' title="bbox 2202 4502 3773 4577">
    <p class='ocr_par' dir='ltr' id='par_1_104' title="bbox 2202 4502 3773 4577">
     <span class='ocr_line' id='line_1_104' title="bbox 2202 4502 3773 4577; baseline -0.001 -19"><span class='ocrx_word' id='word_1_709' title='bbox 2202 4505 2291 4558; x_wconf 73' lang='grc' dir='ltr'><strong>ὅτε</strong></span> <span class='ocrx_word' id='word_1_710' title='bbox 2321 4504 2593 4575; x_wconf 73' lang='grc' dir='ltr'><strong>πονηροὺς</strong></span> <span class='ocrx_word' id='word_1_711' title='bbox 2623 4502 2919 4577; x_wconf 81' lang='grc' dir='ltr'><strong>λογισμοὺς</strong></span> <span class='ocrx_word' id='word_1_712' title='bbox 2952 4504 3245 4575; x_wconf 81' lang='grc' dir='ltr'><strong>δεξάμενος</strong></span> <span class='ocrx_word' id='word_1_713' title='bbox 3272 4505 3540 4559; x_wconf 75' lang='grc' dir='ltr'><strong>κατέπιεν</strong></span> <span class='ocrx_word' id='word_1_714' title='bbox 3572 4504 3607 4575; x_wconf 75' lang='grc' dir='ltr'>ἢ</span> <span class='ocrx_word' id='word_1_715' title='bbox 3658 4522 3773 4560; x_wconf 86' lang='grc' dir='ltr'><strong>κατ-</strong></span> 
     </span>
    </p>
   </div>
   <div class='ocr_carea' id='block_1_105' title="bbox 2128 4569 3769 4670">
    <p class='ocr_par' dir='ltr' id='par_1_105' title="bbox 2128 4569 3769 4670">
     <span class='ocr_line' id='line_1_105' title="bbox 2128 4569 3769 4670; baseline 0 -19"><span class='ocrx_word' id='word_1_716' title='bbox 2128 4569 2178 4630; x_wconf 76' lang='lat' dir='ltr'><strong>D</strong></span> <span class='ocrx_word' id='word_1_717' title='bbox 2207 4569 2727 4669; x_wconf 37' lang='grc' dir='ltr'><strong>ἐφαγενξαίσθηται</strong></span> <span class='ocrx_word' id='word_1_718' title='bbox 2783 4569 3155 4670; x_wconf 58' lang='grc' dir='ltr'><strong>τῆςπικρίας</strong></span> <span class='ocrx_word' id='word_1_719' title='bbox 3179 4597 3395 4665; x_wconf 78' lang='grc' dir='ltr'><strong>αὐτῶν,</strong></span> <span class='ocrx_word' id='word_1_720' title='bbox 3444 4569 3769 4670; x_wconf 37' lang='grc' dir='ltr'><strong>εὐχῇλῐησοῦ</strong></span> 
     </span>
    </p>
   </div>
   <div class='ocr_carea' id='block_1_106' title="bbox 2202 4688 3771 4761">
    <p class='ocr_par' dir='ltr' id='par_1_106' title="bbox 2202 4688 3771 4761">
     <span class='ocr_line' id='line_1_106' title="bbox 2202 4688 3771 4761; baseline -0.003 -17"><span class='ocrx_word' id='word_1_721' title='bbox 2202 4691 2440 4761; x_wconf 81' lang='grc' dir='ltr'><strong>Χριστοῦ</strong></span> <span class='ocrx_word' id='word_1_722' title='bbox 2469 4692 2535 4745; x_wconf 84' lang='grc' dir='ltr'><strong>ἐκ</strong></span> <span class='ocrx_word' id='word_1_723' title='bbox 2567 4689 2779 4760; x_wconf 81' lang='grc' dir='ltr'><strong>βαθέων</strong></span> <span class='ocrx_word' id='word_1_724' title='bbox 2806 4689 3038 4758; x_wconf 89' lang='grc' dir='ltr'><strong>καρδίας</strong></span> <span class='ocrx_word' id='word_1_725' title='bbox 3058 4688 3298 4753; x_wconf 79' lang='grc' dir='ltr'><strong>εὐκόλως</strong></span> <span class='ocrx_word' id='word_1_726' title='bbox 3321 4688 3550 4753; x_wconf 80' lang='grc' dir='ltr'><strong>τούτους</strong></span> <span class='ocrx_word' id='word_1_727' title='bbox 3576 4690 3771 4759; x_wconf 79' lang='grc' dir='ltr'><strong>ἐξεμεῖο</strong></span> 
     </span>
    </p>
   </div>
   <div class='ocr_carea' id='block_1_107' title="bbox 2200 4779 3770 4851">
    <p class='ocr_par' dir='ltr' id='par_1_107' title="bbox 2200 4779 3770 4851">
     <span class='ocr_line' id='line_1_107' title="bbox 2200 4779 3770 4851; baseline 0.001 -17"><span class='ocrx_word' id='word_1_728' title='bbox 2200 4798 2315 4845; x_wconf 84' lang='grc' dir='ltr'><strong>ται,</strong></span> <span class='ocrx_word' id='word_1_729' title='bbox 2346 4781 2441 4835; x_wconf 76' lang='grc' dir='ltr'><strong>καὶ</strong></span> <span class='ocrx_word' id='word_1_730' title='bbox 2481 4780 2663 4835; x_wconf 75' lang='grc' dir='ltr'><strong>τέλεον</strong></span> <span class='ocrx_word' id='word_1_731' title='bbox 2687 4779 3076 4847; x_wconf 76' lang='grc' dir='ltr'><strong>ἀποϐάλλεται,</strong></span> <span class='ocrx_word' id='word_1_732' title='bbox 3103 4780 3180 4843; x_wconf 84' lang='grc' dir='ltr'><strong>ὡς</strong></span> <span class='ocrx_word' id='word_1_733' title='bbox 3208 4779 3308 4834; x_wconf 75' lang='grc' dir='ltr'><strong>σὺν</strong></span> <span class='ocrx_word' id='word_1_734' title='bbox 3328 4779 3450 4850; x_wconf 82' lang='grc' dir='ltr'><strong>Θεῷ</strong></span> <span class='ocrx_word' id='word_1_735' title='bbox 3476 4781 3512 4850; x_wconf 72' lang='grc' dir='ltr'>ἡ</span> <span class='ocrx_word' id='word_1_736' title='bbox 3548 4780 3770 4851; x_wconf 74' lang='lat' dir='ltr'><strong>1tquat;</strong></span> 
     </span>
    </p>
   </div>
   <div class='ocr_carea' id='block_1_108' title="bbox 2204 4870 3768 4944">
    <p class='ocr_par' dir='ltr' id='par_1_108' title="bbox 2204 4870 3768 4944">
     <span class='ocr_line' id='line_1_108' title="bbox 2204 4870 3768 4944; baseline -0.002 -17"><span class='ocrx_word' id='word_1_737' title='bbox 2204 4873 2300 4927; x_wconf 83' lang='grc' dir='ltr'><strong>καὶ</strong></span> <span class='ocrx_word' id='word_1_738' title='bbox 2330 4873 2364 4944; x_wconf 78' lang='grc' dir='ltr'><strong>ἡ</strong></span> <span class='ocrx_word' id='word_1_739' title='bbox 2394 4872 2563 4942; x_wconf 79' lang='grc' dir='ltr'><strong>πεῖρα</strong></span> <span class='ocrx_word' id='word_1_740' title='bbox 2596 4874 2664 4943; x_wconf 77' lang='grc' dir='ltr'><strong>τῇ</strong></span> <span class='ocrx_word' id='word_1_741' title='bbox 2711 4871 2949 4942; x_wconf 79' lang='grc' dir='ltr'><strong>μαθήσει</strong></span> <span class='ocrx_word' id='word_1_742' title='bbox 2993 4870 3308 4940; x_wconf 81' lang='grc' dir='ltr'><strong>νενοηκέναι</strong></span> <span class='ocrx_word' id='word_1_743' title='bbox 3338 4871 3471 4943; x_wconf 81' lang='grc' dir='ltr'><strong>περὶ</strong></span> <span class='ocrx_word' id='word_1_744' title='bbox 3511 4872 3609 4926; x_wconf 87' lang='grc' dir='ltr'><strong>τοῦ</strong></span> <span class='ocrx_word' id='word_1_745' title='bbox 3648 4886 3768 4943; x_wconf 79' lang='grc' dir='ltr'><strong>προ-</strong></span> 
     </span>
    </p>
   </div>
   <div class='ocr_carea' id='block_1_109' title="bbox 2203 4963 3225 5035">
    <p class='ocr_par' dir='ltr' id='par_1_109' title="bbox 2203 4963 3225 5035">
     <span class='ocr_line' id='line_1_109' title="bbox 2203 4963 3225 5035; baseline 0 -18"><span class='ocrx_word' id='word_1_746' title='bbox 2203 4965 2458 5035; x_wconf 87' lang='grc' dir='ltr'><strong>κειμένου</strong></span> <span class='ocrx_word' id='word_1_747' title='bbox 2488 4963 2775 5033; x_wconf 86' lang='grc' dir='ltr'><strong>παρέδωκε</strong></span> <span class='ocrx_word' id='word_1_748' title='bbox 2803 4965 2917 5025; x_wconf 85' lang='grc' dir='ltr'><strong>τοῖς</strong></span> <span class='ocrx_word' id='word_1_749' title='bbox 2941 4963 3225 5034; x_wconf 81' lang='grc' dir='ltr'><strong>νήφουσιν.</strong></span> 
     </span>
    </p>
   </div>
   <div class='ocr_carea' id='block_1_110' title="bbox 2277 5052 3769 5126">
    <p class='ocr_par' dir='ltr' id='par_1_110' title="bbox 2277 5052 3769 5126">
     <span class='ocr_line' id='line_1_110' title="bbox 2277 5052 3769 5126; baseline -0.002 -16"><span class='ocrx_word' id='word_1_750' title='bbox 2277 5056 2387 5123; x_wconf 60' lang='grc' dir='ltr'><strong>πε.</strong></span> <span class='ocrx_word' id='word_1_751' title='bbox 2415 5056 2509 5119; x_wconf 84' lang='grc' dir='ltr'><strong>Εἰς</strong></span> <span class='ocrx_word' id='word_1_752' title='bbox 2537 5057 2706 5126; x_wconf 80' lang='grc' dir='ltr'><strong>πνοὴν</strong></span> <span class='ocrx_word' id='word_1_753' title='bbox 2732 5055 2833 5126; x_wconf 80' lang='grc' dir='ltr'><strong>τῆς</strong></span> <span class='ocrx_word' id='word_1_754' title='bbox 2866 5054 3032 5126; x_wconf 79' lang='grc' dir='ltr'><strong>ῥινὸς,</strong></span> <span class='ocrx_word' id='word_1_755' title='bbox 3061 5055 3225 5126; x_wconf 74' lang='grc' dir='ltr'><strong>νῆψιν</strong></span> <span class='ocrx_word' id='word_1_756' title='bbox 3250 5055 3457 5111; x_wconf 74' lang='grc' dir='ltr'><strong>ἒνωσον</strong></span> <span class='ocrx_word' id='word_1_757' title='bbox 3484 5057 3583 5111; x_wconf 71' lang='grc' dir='ltr'><strong>καὶ</strong></span> <span class='ocrx_word' id='word_1_758' title='bbox 3608 5052 3769 5126; x_wconf 79' lang='grc' dir='ltr'><strong>Ἰησοῦ</strong></span> 
     </span>
    </p>
   </div>
   <div class='ocr_carea' id='block_1_111' title="bbox 2204 5146 3767 5221">
    <p class='ocr_par' dir='ltr' id='par_1_111' title="bbox 2204 5146 3767 5221">
     <span class='ocr_line' id='line_1_111' title="bbox 2204 5146 3767 5221; baseline 0.002 -19"><span class='ocrx_word' id='word_1_759' title='bbox 2204 5148 2394 5219; x_wconf 75' lang='grc' dir='ltr'><strong>ὄνομα,</strong></span> <span class='ocrx_word' id='word_1_760' title='bbox 2427 5148 2524 5203; x_wconf 71' lang='grc' dir='ltr'><strong>καὶ</strong></span> <span class='ocrx_word' id='word_1_761' title='bbox 2556 5148 2790 5219; x_wconf 84' lang='grc' dir='ltr'><strong>μελέτην</strong></span> <span class='ocrx_word' id='word_1_762' title='bbox 2817 5146 3053 5202; x_wconf 85' lang='grc' dir='ltr'><strong>θανάτου</strong></span> <span class='ocrx_word' id='word_1_763' title='bbox 3098 5149 3371 5221; x_wconf 86' lang='grc' dir='ltr'><strong>ἀλάθητον</strong></span> <span class='ocrx_word' id='word_1_764' title='bbox 3412 5151 3767 5205; x_wconf 60' lang='grc' dir='ltr'><strong>ταπείνωσιν</strong></span> 
     </span>
    </p>
   </div>
   <div class='ocr_carea' id='block_1_112' title="bbox 2204 5239 3321 5313">
    <p class='ocr_par' dir='ltr' id='par_1_112' title="bbox 2204 5239 3321 5313">
     <span class='ocr_line' id='line_1_112' title="bbox 2204 5239 3321 5313; baseline -0.002 -19"><span class='ocrx_word' id='word_1_765' title='bbox 2204 5239 2433 5311; x_wconf 84' lang='grc' dir='ltr'><strong>ὠφελεῖν</strong></span> <span class='ocrx_word' id='word_1_766' title='bbox 2458 5242 2567 5312; x_wconf 80' lang='grc' dir='ltr'><strong>γάρ</strong></span> <span class='ocrx_word' id='word_1_767' title='bbox 2595 5240 2715 5295; x_wconf 84' lang='grc' dir='ltr'><strong>λίαν</strong></span> <span class='ocrx_word' id='word_1_768' title='bbox 2736 5241 2909 5296; x_wconf 75' lang='grc' dir='ltr'><strong>οἴδασι</strong></span> <span class='ocrx_word' id='word_1_769' title='bbox 2929 5241 2999 5294; x_wconf 85' lang='grc' dir='ltr'><strong>τὰ</strong></span> <span class='ocrx_word' id='word_1_770' title='bbox 3017 5241 3321 5313; x_wconf 79' lang='grc' dir='ltr'><strong>ἀμφότερα.</strong></span> 
     </span>
    </p>
   </div>
   <div class='ocr_carea' id='block_1_113' title="bbox 2270 5415 3771 5493">
    <p class='ocr_par' dir='ltr' id='par_1_113' title="bbox 2270 5415 3771 5493">
     <span class='ocr_line' id='line_1_113' title="bbox 2270 5415 3771 5493; baseline -0.005 -16"><span class='ocrx_word' id='word_1_771' title='bbox 2270 5426 2383 5493; x_wconf 66' lang='grc' dir='ltr'><strong>σπη’.</strong></span> <span class='ocrx_word' id='word_1_772' title='bbox 2408 5415 2578 5476; x_wconf 80' lang='grc' dir='ltr'><strong>Εἶπεν</strong></span> <span class='ocrx_word' id='word_1_773' title='bbox 2608 5418 2638 5471; x_wconf 82' lang='grc' dir='ltr'>ὁ</span> <span class='ocrx_word' id='word_1_774' title='bbox 2659 5417 2866 5490; x_wconf 82' lang='grc' dir='ltr'><strong>Κύριος</strong></span> <span class='ocrx_word' id='word_1_775' title='bbox 2887 5434 2903 5449; x_wconf 91' lang='grc'><strong>·</strong></span> <span class='ocrx_word' id='word_1_776' title='bbox 2932 5418 3161 5473; x_wconf 76' lang='grc' dir='ltr'><strong>Μὰθετε</strong></span> <span class='ocrx_word' id='word_1_777' title='bbox 3181 5417 3282 5473; x_wconf 75' lang='grc' dir='ltr'><strong>ἀπ’</strong></span> <span class='ocrx_word' id='word_1_778' title='bbox 3302 5418 3454 5489; x_wconf 81' lang='grc' dir='ltr'><strong>ἐμοῦ</strong></span> <span class='ocrx_word' id='word_1_779' title='bbox 3482 5418 3572 5473; x_wconf 80' lang='grc' dir='ltr'><strong>ὅτι</strong></span> <span class='ocrx_word' id='word_1_780' title='bbox 3595 5415 3771 5487; x_wconf 69' lang='grc' dir='ltr'><strong>πρᾶός</strong></span> 
     </span>
    </p>
   </div>
   <div class='ocr_carea' id='block_1_114' title="bbox 2202 5509 3112 5585">
    <p class='ocr_par' dir='ltr' id='par_1_114' title="bbox 2202 5509 3112 5585">
     <span class='ocr_line' id='line_1_114' title="bbox 2202 5509 3112 5585; baseline -0.002 -15"><span class='ocrx_word' id='word_1_781' title='bbox 2202 5515 2318 5585; x_wconf 80' lang='grc' dir='ltr'><strong>ειμι</strong></span> <span class='ocrx_word' id='word_1_782' title='bbox 2350 5512 2450 5568; x_wconf 74' lang='grc' dir='ltr'><strong>καὶ</strong></span> <span class='ocrx_word' id='word_1_783' title='bbox 2474 5510 2751 5579; x_wconf 80' lang='grc' dir='ltr'><strong>ταπεινὸς</strong></span> <span class='ocrx_word' id='word_1_784' title='bbox 2775 5509 2852 5580; x_wconf 75' lang='grc' dir='ltr'><strong>τῇ</strong></span> <span class='ocrx_word' id='word_1_785' title='bbox 2879 5510 3112 5580; x_wconf 79' lang='grc' dir='ltr'><strong>καρδίᾳ.</strong></span> 
     </span>
    </p>
   </div>
   <div class='ocr_carea' id='block_1_115' title="bbox 2277 5688 3768 5765">
    <p class='ocr_par' dir='ltr' id='par_1_115' title="bbox 2277 5688 3768 5765">
     <span class='ocr_line' id='line_1_115' title="bbox 2277 5688 3768 5765; baseline -0.004 -17"><span class='ocrx_word' id='word_1_786' title='bbox 2277 5694 2385 5751; x_wconf 69' lang='grc' dir='ltr'><strong>τπδ’.</strong></span> <span class='ocrx_word' id='word_1_787' title='bbox 2421 5688 2589 5748; x_wconf 75' lang='grc' dir='ltr'><strong>Εἶπεν</strong></span> <span class='ocrx_word' id='word_1_788' title='bbox 2616 5694 2646 5749; x_wconf 89' lang='grc' dir='ltr'><strong>ό</strong></span> <span class='ocrx_word' id='word_1_789' title='bbox 2676 5692 2881 5765; x_wconf 81' lang='grc' dir='ltr'><strong>Κύριος</strong></span> <span class='ocrx_word' id='word_1_790' title='bbox 2899 5709 2914 5724; x_wconf 89' lang='grc'><strong>·</strong></span> <span class='ocrx_word' id='word_1_791' title='bbox 2943 5693 3151 5759; x_wconf 83' lang='grc' dir='ltr'><strong>Ὅστις</strong></span> <span class='ocrx_word' id='word_1_792' title='bbox 3175 5688 3527 5745; x_wconf 73' lang='grc' dir='ltr'><strong>ταπεινώσει</strong></span> <span class='ocrx_word' id='word_1_793' title='bbox 3546 5688 3768 5753; x_wconf 72' lang='grc' dir='ltr'><strong>ἑαυτὸν,</strong></span> 
     </span>
    </p>
   </div>
   <div class='ocr_carea' id='block_1_116' title="bbox 593 5857 2098 5955">
    <p class='ocr_par' dir='ltr' id='par_1_116' title="bbox 593 5857 2093 5955">
     <span class='ocr_line' id='line_1_116' title="bbox 593 5857 2093 5955; baseline 0.005 -43"><span class='ocrx_word' id='word_1_794' title='bbox 593 5857 642 5893; x_wconf 66' lang='grc'><strong><em>³⁸</em></strong></span> <span class='ocrx_word' id='word_1_795' title='bbox 663 5858 869 5955; x_wconf 57' lang='grc' dir='ltr'><strong>ιρηδω.</strong></span> <span class='ocrx_word' id='word_1_796' title='bbox 899 5861 1069 5925; x_wconf 80' lang='lat' dir='ltr'><strong>xtt,‘2.</strong></span> <span class='ocrx_word' id='word_1_797' title='bbox 1149 5861 1192 5893; x_wconf 84' lang='lat'>&quot;</span> <span class='ocrx_word' id='word_1_798' title='bbox 1219 5861 1362 5917; x_wconf 85' lang='lat' dir='ltr'><strong>Psal.</strong></span> <span class='ocrx_word' id='word_1_799' title='bbox 1406 5880 1624 5929; x_wconf 66' lang='lat' dir='ltr'><strong>LXXXIV,</strong></span> <span class='ocrx_word' id='word_1_800' title='bbox 1657 5864 1712 5919; x_wconf 88' lang='lat'><strong>9.</strong></span> <span class='ocrx_word' id='word_1_801' title='bbox 1788 5867 1833 5900; x_wconf 81' lang='lat'><strong>&quot;</strong></span> <span class='ocrx_word' id='word_1_802' title='bbox 1866 5868 2003 5925; x_wconf 80' lang='lat' dir='ltr'><strong>Psal.</strong></span> <span class='ocrx_word' id='word_1_803' title='bbox 2031 5885 2093 5922; x_wconf 83' lang='lat' dir='ltr'><strong>t.v</strong></span> 
     </span>
    </p>
   </div>
   <div class='ocr_carea' id='block_1_117' title="bbox 2199 5857 3675 5955">
    <p class='ocr_par' dir='ltr' id='par_1_117' title="bbox 2199 5864 3675 5936">
     <span class='ocr_line' id='line_1_117' title="bbox 2199 5864 3675 5936; baseline 0 -12"><span class='ocrx_word' id='word_1_804' title='bbox 2199 5869 2274 5933; x_wconf 75' lang='grc'><strong>12.</strong></span> <span class='ocrx_word' id='word_1_805' title='bbox 2349 5870 2393 5904; x_wconf 77' lang='grc'><strong>³⁸</strong></span> <span class='ocrx_word' id='word_1_806' title='bbox 2426 5868 2561 5926; x_wconf 88' lang='lat' dir='ltr'><strong>Ibid.</strong></span> <span class='ocrx_word' id='word_1_807' title='bbox 2636 5871 2680 5904; x_wconf 80' lang='grc'>⁸²</span> <span class='ocrx_word' id='word_1_808' title='bbox 2708 5870 2850 5928; x_wconf 85' lang='lat' dir='ltr'><strong>Psal.</strong></span> <span class='ocrx_word' id='word_1_809' title='bbox 2875 5885 3030 5930; x_wconf 78' lang='lat' dir='ltr'><strong>txut.</strong></span> <span class='ocrx_word' id='word_1_810' title='bbox 3062 5868 3113 5924; x_wconf 88' lang='lat'><strong>7.</strong></span> <span class='ocrx_word' id='word_1_811' title='bbox 3158 5868 3234 5902; x_wconf 60' lang='grc'><strong>’⁸³</strong></span> <span class='ocrx_word' id='word_1_812' title='bbox 3254 5866 3450 5923; x_wconf 73' lang='lat' dir='ltr'><strong>Matth.</strong></span> <span class='ocrx_word' id='word_1_813' title='bbox 3479 5882 3559 5936; x_wconf 76' lang='grc' dir='ltr'><strong>ιι,</strong></span> <span class='ocrx_word' id='word_1_814' title='bbox 3585 5864 3675 5924; x_wconf 72' lang='grc'><strong>29.</strong></span> 
     </span>
    </p>
   </div>
  </div>
