  <div class='ocr_page' id='page_1' title='image "/cluster/home/n/w/nwhite01/storage/ocr_20150623/93/hvd.32044019208040/778.png"; bbox 0 0 4006 6444; ppageno 0'>
   <div class='ocr_carea' id='block_1_1' title="bbox 212 490 351 557">
    <p class='ocr_par' dir='ltr' id='par_1_1' title="bbox 212 490 351 557">
     <span class='ocr_line' id='line_1_1' title="bbox 212 490 351 557; baseline -0.014 0"><span class='ocrx_word' id='word_1_1' title='bbox 212 490 351 557; x_wconf 72' lang='grc' dir='ltr'><strong>154ί</strong></span> 
     </span>
    </p>
   </div>
   <div class='ocr_carea' id='block_1_2' title="bbox 923 466 2754 552">
    <p class='ocr_par' dir='ltr' id='par_1_2' title="bbox 923 466 2754 552">
     <span class='ocr_line' id='line_1_2' title="bbox 923 466 2754 552; baseline 0.002 -4"><span class='ocrx_word' id='word_1_2' title='bbox 923 466 1021 548; x_wconf 70' lang='lat' dir='ltr'><strong>in:</strong></span> <span class='ocrx_word' id='word_1_3' title='bbox 1054 485 1599 547; x_wconf 80' lang='lat' dir='ltr'><strong>TEMPERANTIA</strong></span> <span class='ocrx_word' id='word_1_4' title='bbox 1631 485 1724 546; x_wconf 88' lang='lat' dir='ltr'><strong>ET</strong></span> <span class='ocrx_word' id='word_1_5' title='bbox 1748 484 2109 548; x_wconf 82' lang='lat' dir='ltr'><strong>VIRTUTE.</strong></span> <span class='ocrx_word' id='word_1_6' title='bbox 2151 514 2218 526; x_wconf 90' lang='lat'><strong>—</strong></span> <span class='ocrx_word' id='word_1_7' title='bbox 2248 489 2635 551; x_wconf 82' lang='lat' dir='ltr'><strong>CENTURIA</strong></span> <span class='ocrx_word' id='word_1_8' title='bbox 2671 491 2754 552; x_wconf 87' lang='lat' dir='ltr'><strong>II.</strong></span> 
     </span>
    </p>
   </div>
   <div class='ocr_carea' id='block_1_3' title="bbox 3338 490 3475 556">
    <p class='ocr_par' dir='ltr' id='par_1_3' title="bbox 3338 490 3475 556">
     <span class='ocr_line' id='line_1_3' title="bbox 3338 490 3475 556; baseline -0.022 0"><span class='ocrx_word' id='word_1_9' title='bbox 3338 490 3475 556; x_wconf 65' lang='lat'><strong>1542</strong></span> 
     </span>
    </p>
   </div>
   <div class='ocr_carea' id='block_1_4' title="bbox 208 593 1817 673">
    <p class='ocr_par' dir='ltr' id='par_1_4' title="bbox 208 593 1804 667">
     <span class='ocr_line' id='line_1_4' title="bbox 208 593 1804 667; baseline -0.006 -10"><span class='ocrx_word' id='word_1_10' title='bbox 208 604 289 667; x_wconf 77' lang='grc' dir='ltr'>ὡς</span> <span class='ocrx_word' id='word_1_11' title='bbox 320 604 382 656; x_wconf 75' lang='grc' dir='ltr'><strong>τὸ</strong></span> <span class='ocrx_word' id='word_1_12' title='bbox 400 600 610 656; x_wconf 89' lang='grc' dir='ltr'>παιδίον</span> <span class='ocrx_word' id='word_1_13' title='bbox 629 596 812 665; x_wconf 85' lang='grc' dir='ltr'>τοῦτο,</span> <span class='ocrx_word' id='word_1_14' title='bbox 836 596 1223 665; x_wconf 69' lang='grc' dir='ltr'><strong>ὑψωθήσεται</strong></span> <span class='ocrx_word' id='word_1_15' title='bbox 1248 610 1265 627; x_wconf 89' lang='grc'><strong>·</strong></span> <span class='ocrx_word' id='word_1_16' title='bbox 1290 593 1467 663; x_wconf 64' lang='grc' dir='ltr'><strong>ὑψῶν</strong></span> <span class='ocrx_word' id='word_1_17' title='bbox 1489 594 1560 646; x_wconf 80' lang='grc' dir='ltr'>δὲ</span> <span class='ocrx_word' id='word_1_18' title='bbox 1585 593 1804 648; x_wconf 71' lang='grc' dir='ltr'><strong>ἑαυτὸν</strong></span> 
     </span>
    </p>
   </div>
   <div class='ocr_carea' id='block_1_5' title="bbox 1925 593 3473 673">
    <p class='ocr_par' dir='ltr' id='par_1_5' title="bbox 1925 598 3473 673">
     <span class='ocr_line' id='line_1_5' title="bbox 1925 598 3473 673; baseline 0.007 -25"><span class='ocrx_word' id='word_1_19' title='bbox 1925 598 2056 663; x_wconf 63' lang='lat' dir='ltr'><strong>terit,</strong></span> <span class='ocrx_word' id='word_1_20' title='bbox 2089 598 2230 653; x_wconf 90' lang='lat' dir='ltr'><strong>sicut</strong></span> <span class='ocrx_word' id='word_1_21' title='bbox 2268 599 2527 669; x_wconf 86' lang='lat' dir='ltr'><strong>parvulus</strong></span> <span class='ocrx_word' id='word_1_22' title='bbox 2568 600 2691 662; x_wconf 65' lang='lat' dir='ltr'><strong>iSte.</strong></span> <span class='ocrx_word' id='word_1_23' title='bbox 2731 600 3103 657; x_wconf 59' lang='lat' dir='ltr'><strong>multabitur:</strong></span> <span class='ocrx_word' id='word_1_24' title='bbox 3150 605 3238 673; x_wconf 80' lang='lat' dir='ltr'><strong>qui</strong></span> <span class='ocrx_word' id='word_1_25' title='bbox 3298 617 3473 660; x_wconf 81' lang='lat' dir='ltr'><strong>autent</strong></span> 
     </span>
    </p>
   </div>
   <div class='ocr_carea' id='block_1_6' title="bbox 209 686 1804 763">
    <p class='ocr_par' dir='ltr' id='par_1_6' title="bbox 209 686 1804 763">
     <span class='ocr_line' id='line_1_6' title="bbox 209 686 1804 763; baseline -0.006 -13"><span class='ocrx_word' id='word_1_26' title='bbox 209 690 973 763; x_wconf 74' lang='grc' dir='ltr'>ταπεινωθήσεται.-’Δπ⁹</span> <span class='ocrx_word' id='word_1_27' title='bbox 992 689 1161 761; x_wconf 78' lang='grc' dir='ltr'>ἐμοῦ,</span> <span class='ocrx_word' id='word_1_28' title='bbox 1190 688 1345 760; x_wconf 69' lang='grc' dir='ltr'>φησὶ,</span> <span class='ocrx_word' id='word_1_29' title='bbox 1376 686 1611 758; x_wconf 74' lang='grc' dir='ltr'>μάθετε.</span> <span class='ocrx_word' id='word_1_30' title='bbox 1642 688 1804 758; x_wconf 75' lang='grc' dir='ltr'>Ὀρᾷς</span> 
     </span>
    </p>
   </div>
   <div class='ocr_carea' id='block_1_7' title="bbox 211 777 1803 859">
    <p class='ocr_par' dir='ltr' id='par_1_7' title="bbox 211 777 1803 859">
     <span class='ocr_line' id='line_1_7' title="bbox 211 777 1803 859; baseline -0.007 -16"><span class='ocrx_word' id='word_1_31' title='bbox 211 788 301 843; x_wconf 86' lang='grc' dir='ltr'><strong>δτι</strong></span> <span class='ocrx_word' id='word_1_32' title='bbox 329 785 565 859; x_wconf 81' lang='grc' dir='ltr'>μάθησίς</span> <span class='ocrx_word' id='word_1_33' title='bbox 596 785 746 838; x_wconf 69' lang='grc' dir='ltr'>ἐστιν</span> <span class='ocrx_word' id='word_1_34' title='bbox 774 783 809 855; x_wconf 81' lang='grc' dir='ltr'><strong>ἠ</strong></span> <span class='ocrx_word' id='word_1_35' title='bbox 842 781 1191 845; x_wconf 87' lang='grc' dir='ltr'>ταπείνωσις.</span> <span class='ocrx_word' id='word_1_36' title='bbox 1220 781 1287 833; x_wconf 79' lang='lat'><strong>&quot;0</strong></span> <span class='ocrx_word' id='word_1_37' title='bbox 1313 780 1389 850; x_wconf 84' lang='grc' dir='ltr'>μὴ</span> <span class='ocrx_word' id='word_1_38' title='bbox 1409 779 1666 844; x_wconf 72' lang='grc' dir='ltr'>ταπεινὸς</span> <span class='ocrx_word' id='word_1_39' title='bbox 1686 777 1803 847; x_wconf 78' lang='grc' dir='ltr'>οὖν,</span> 
     </span>
    </p>
   </div>
   <div class='ocr_carea' id='block_1_8' title="bbox 211 870 1806 948">
    <p class='ocr_par' dir='ltr' id='par_1_8' title="bbox 211 870 1806 948">
     <span class='ocr_line' id='line_1_8' title="bbox 211 870 1806 948; baseline -0.006 -15"><span class='ocrx_word' id='word_1_40' title='bbox 211 878 323 948; x_wconf 78' lang='grc' dir='ltr'>τῆς</span> <span class='ocrx_word' id='word_1_41' title='bbox 357 876 506 948; x_wconf 81' lang='grc' dir='ltr'>ζωῆς</span> <span class='ocrx_word' id='word_1_42' title='bbox 530 872 903 946; x_wconf 76' lang='grc' dir='ltr'>ἀπωλίσθησε,</span> <span class='ocrx_word' id='word_1_43' title='bbox 927 872 1024 926; x_wconf 75' lang='grc' dir='ltr'>καὶ</span> <span class='ocrx_word' id='word_1_44' title='bbox 1043 871 1286 935; x_wconf 65' lang='grc' dir='ltr'>ἐναντίος</span> <span class='ocrx_word' id='word_1_45' title='bbox 1301 870 1547 939; x_wconf 86' lang='grc' dir='ltr'>δηλονότι</span> <span class='ocrx_word' id='word_1_46' title='bbox 1572 870 1806 943; x_wconf 83' lang='grc' dir='ltr'>εὑρεθή-</span> 
     </span>
    </p>
   </div>
   <div class='ocr_carea' id='block_1_9' title="bbox 215 985 401 1024">
    <p class='ocr_par' dir='ltr' id='par_1_9' title="bbox 215 985 401 1024">
     <span class='ocr_line' id='line_1_9' title="bbox 215 985 401 1024; baseline 0.011 -2"><span class='ocrx_word' id='word_1_47' title='bbox 215 985 401 1024; x_wconf 88' lang='grc' dir='ltr'>σεται.</span> 
     </span>
    </p>
   </div>
   <div class='ocr_carea' id='block_1_10' title="bbox 290 1053 1809 1128">
    <p class='ocr_par' dir='ltr' id='par_1_10' title="bbox 290 1053 1809 1128">
     <span class='ocr_line' id='line_1_10' title="bbox 290 1053 1809 1128; baseline -0.004 -15"><span class='ocrx_word' id='word_1_48' title='bbox 290 1063 367 1126; x_wconf 74' lang='lat'><strong>‘1&#39;.</strong></span> <span class='ocrx_word' id='word_1_49' title='bbox 402 1058 466 1112; x_wconf 78' lang='lat' dir='ltr'><strong>El</strong></span> <span class='ocrx_word' id='word_1_50' title='bbox 496 1055 607 1128; x_wconf 75' lang='grc' dir='ltr'><strong>γὰρ</strong></span> <span class='ocrx_word' id='word_1_51' title='bbox 657 1056 811 1109; x_wconf 77' lang='grc' dir='ltr'>πᾶσα</span> <span class='ocrx_word' id='word_1_52' title='bbox 840 1053 1012 1127; x_wconf 81' lang='grc' dir='ltr'>ἀρετὴ</span> <span class='ocrx_word' id='word_1_53' title='bbox 1054 1053 1145 1109; x_wconf 89' lang='grc' dir='ltr'><strong>διά</strong></span> <span class='ocrx_word' id='word_1_54' title='bbox 1192 1053 1375 1125; x_wconf 75' lang='grc' dir='ltr'>ψυχῆς</span> <span class='ocrx_word' id='word_1_55' title='bbox 1403 1054 1499 1109; x_wconf 78' lang='grc' dir='ltr'>καὶ</span> <span class='ocrx_word' id='word_1_56' title='bbox 1552 1054 1809 1126; x_wconf 82' lang='grc' dir='ltr'>σώματος</span> 
     </span>
    </p>
   </div>
   <div class='ocr_carea' id='block_1_11' title="bbox 217 1146 1807 1221">
    <p class='ocr_par' dir='ltr' id='par_1_11' title="bbox 217 1146 1807 1221">
     <span class='ocr_line' id='line_1_11' title="bbox 217 1146 1807 1221; baseline -0.003 -13"><span class='ocrx_word' id='word_1_57' title='bbox 217 1151 496 1218; x_wconf 76' lang='grc' dir='ltr'><strong>κτίζεται.</strong></span> <span class='ocrx_word' id='word_1_58' title='bbox 526 1150 752 1220; x_wconf 70' lang='grc' dir='ltr'>κτίσμα</span> <span class='ocrx_word' id='word_1_59' title='bbox 776 1149 844 1202; x_wconf 69' lang='grc' dir='ltr'>δὲ</span> <span class='ocrx_word' id='word_1_60' title='bbox 885 1146 1022 1202; x_wconf 86' lang='grc' dir='ltr'>Θεοῦ</span> <span class='ocrx_word' id='word_1_61' title='bbox 1049 1148 1146 1202; x_wconf 72' lang='grc' dir='ltr'>καὶ</span> <span class='ocrx_word' id='word_1_62' title='bbox 1173 1149 1207 1218; x_wconf 78' lang='grc' dir='ltr'>ἠ</span> <span class='ocrx_word' id='word_1_63' title='bbox 1230 1147 1378 1219; x_wconf 79' lang='grc' dir='ltr'>ψυχὴ</span> <span class='ocrx_word' id='word_1_64' title='bbox 1407 1148 1504 1201; x_wconf 73' lang='grc' dir='ltr'>καὶ</span> <span class='ocrx_word' id='word_1_65' title='bbox 1531 1148 1593 1201; x_wconf 76' lang='grc' dir='ltr'>τὸ</span> <span class='ocrx_word' id='word_1_66' title='bbox 1622 1149 1807 1221; x_wconf 84' lang='grc' dir='ltr'>σῶμα,</span> 
     </span>
    </p>
   </div>
   <div class='ocr_carea' id='block_1_12' title="bbox 218 1232 1809 1313">
    <p class='ocr_par' dir='ltr' id='par_1_12' title="bbox 218 1232 1809 1313">
     <span class='ocr_line' id='line_1_12' title="bbox 218 1232 1809 1313; baseline -0.004 -15"><span class='ocrx_word' id='word_1_67' title='bbox 218 1243 294 1298; x_wconf 77' lang='grc' dir='ltr'>δι’</span> <span class='ocrx_word' id='word_1_68' title='bbox 318 1236 395 1297; x_wconf 79' lang='grc' dir='ltr'>ὧν</span> <span class='ocrx_word' id='word_1_69' title='bbox 424 1242 460 1313; x_wconf 78' lang='grc' dir='ltr'><strong>ἡ</strong></span> <span class='ocrx_word' id='word_1_70' title='bbox 494 1237 685 1310; x_wconf 79' lang='grc' dir='ltr'>ἀρετὴ,</span> <span class='ocrx_word' id='word_1_71' title='bbox 714 1238 791 1301; x_wconf 82' lang='grc' dir='ltr'><strong>ὡς</strong></span> <span class='ocrx_word' id='word_1_72' title='bbox 816 1236 978 1308; x_wconf 67' lang='grc' dir='ltr'>ἔφην.</span> <span class='ocrx_word' id='word_1_73' title='bbox 1016 1236 1356 1303; x_wconf 76' lang='grc' dir='ltr'><strong>συνίσταται,</strong></span> <span class='ocrx_word' id='word_1_74' title='bbox 1391 1236 1509 1300; x_wconf 84' lang='grc' dir='ltr'>πῶς</span> <span class='ocrx_word' id='word_1_75' title='bbox 1525 1232 1619 1291; x_wconf 84' lang='grc' dir='ltr'>οὖν</span> <span class='ocrx_word' id='word_1_76' title='bbox 1642 1238 1809 1308; x_wconf 79' lang='grc' dir='ltr'>ἀσχέ-</span> 
     </span>
    </p>
   </div>
   <div class='ocr_carea' id='block_1_13' title="bbox 218 1327 1810 1404">
    <p class='ocr_par' dir='ltr' id='par_1_13' title="bbox 218 1327 1810 1404">
     <span class='ocr_line' id='line_1_13' title="bbox 218 1327 1810 1404; baseline -0.003 -17"><span class='ocrx_word' id='word_1_77' title='bbox 218 1351 334 1400; x_wconf 82' lang='grc' dir='ltr'><strong>τως</strong></span> <span class='ocrx_word' id='word_1_78' title='bbox 366 1330 669 1404; x_wconf 79' lang='grc' dir='ltr'>μαινόμεθα</span> <span class='ocrx_word' id='word_1_79' title='bbox 693 1329 780 1383; x_wconf 69' lang='grc' dir='ltr'><strong>ἐπ’</strong></span> <span class='ocrx_word' id='word_1_80' title='bbox 804 1328 1110 1400; x_wconf 79' lang='grc' dir='ltr'><strong>ἀλλοτρίοις</strong></span> <span class='ocrx_word' id='word_1_81' title='bbox 1158 1327 1389 1400; x_wconf 81' lang='grc' dir='ltr'>κόσμοις</span> <span class='ocrx_word' id='word_1_82' title='bbox 1432 1329 1810 1400; x_wconf 68' lang='grc' dir='ltr'>κομπάζοντες</span> 
     </span>
    </p>
   </div>
   <div class='ocr_carea' id='block_1_14' title="bbox 218 1421 1811 1496">
    <p class='ocr_par' dir='ltr' id='par_1_14' title="bbox 218 1421 1811 1496">
     <span class='ocr_line' id='line_1_14' title="bbox 218 1421 1811 1496; baseline 0 -19"><span class='ocrx_word' id='word_1_83' title='bbox 218 1424 404 1496; x_wconf 75' lang='grc' dir='ltr'>ψυχῆς</span> <span class='ocrx_word' id='word_1_84' title='bbox 430 1441 489 1477; x_wconf 88' lang='grc' dir='ltr'><strong>τε</strong></span> <span class='ocrx_word' id='word_1_85' title='bbox 521 1423 616 1477; x_wconf 74' lang='grc' dir='ltr'>καὶ</span> <span class='ocrx_word' id='word_1_86' title='bbox 649 1421 941 1492; x_wconf 86' lang='grc' dir='ltr'>σώματος;</span> <span class='ocrx_word' id='word_1_87' title='bbox 995 1422 1090 1475; x_wconf 75' lang='grc' dir='ltr'>καὶ</span> <span class='ocrx_word' id='word_1_88' title='bbox 1120 1421 1531 1490; x_wconf 78' lang='grc' dir='ltr'>κενοδοξοῦντες</span> <span class='ocrx_word' id='word_1_89' title='bbox 1584 1424 1811 1493; x_wconf 65' lang='grc' dir='ltr'>ἐπαιρό-</span> 
     </span>
    </p>
   </div>
   <div class='ocr_carea' id='block_1_15' title="bbox 225 1513 1809 1589">
    <p class='ocr_par' dir='ltr' id='par_1_15' title="bbox 225 1513 1809 1589">
     <span class='ocr_line' id='line_1_15' title="bbox 225 1513 1809 1589; baseline 0 -20"><span class='ocrx_word' id='word_1_90' title='bbox 225 1516 398 1589; x_wconf 81' lang='grc' dir='ltr'>μεθα,</span> <span class='ocrx_word' id='word_1_91' title='bbox 439 1514 535 1570; x_wconf 78' lang='grc' dir='ltr'><strong>καὶ</strong></span> <span class='ocrx_word' id='word_1_92' title='bbox 579 1513 954 1584; x_wconf 78' lang='grc' dir='ltr'>ὑπερηφάνοις</span> <span class='ocrx_word' id='word_1_93' title='bbox 1004 1513 1081 1577; x_wconf 82' lang='grc' dir='ltr'>ὡς</span> <span class='ocrx_word' id='word_1_94' title='bbox 1119 1514 1212 1567; x_wconf 74' lang='grc' dir='ltr'><strong>ἐπὶ</strong></span> <span class='ocrx_word' id='word_1_95' title='bbox 1263 1515 1577 1585; x_wconf 86' lang='grc' dir='ltr'>καλαμίνης</span> <span class='ocrx_word' id='word_1_96' title='bbox 1613 1516 1809 1588; x_wconf 74' lang='grc' dir='ltr'>ῥάϐδου</span> 
     </span>
    </p>
   </div>
   <div class='ocr_carea' id='block_1_16' title="bbox 223 1603 1811 1678">
    <p class='ocr_par' dir='ltr' id='par_1_16' title="bbox 223 1603 1811 1678">
     <span class='ocr_line' id='line_1_16' title="bbox 223 1603 1811 1678; baseline 0 -17"><span class='ocrx_word' id='word_1_97' title='bbox 223 1608 562 1678; x_wconf 82' lang='grc' dir='ltr'>φυσώμενοι,</span> <span class='ocrx_word' id='word_1_98' title='bbox 588 1603 991 1677; x_wconf 61' lang='grc' dir='ltr'>στηριζόμεθω</span> <span class='ocrx_word' id='word_1_99' title='bbox 1022 1604 1099 1669; x_wconf 83' lang='grc' dir='ltr'>ὡς</span> <span class='ocrx_word' id='word_1_100' title='bbox 1142 1606 1237 1660; x_wconf 73' lang='grc' dir='ltr'>καὶ</span> <span class='ocrx_word' id='word_1_101' title='bbox 1266 1605 1359 1660; x_wconf 77' lang='grc' dir='ltr'>τὸν</span> <span class='ocrx_word' id='word_1_102' title='bbox 1400 1607 1811 1678; x_wconf 81' lang='grc' dir='ltr'>ἀπειρομεγὲθη</span> 
     </span>
    </p>
   </div>
   <div class='ocr_carea' id='block_1_17' title="bbox 223 1695 1812 1769">
    <p class='ocr_par' dir='ltr' id='par_1_17' title="bbox 223 1695 1812 1769">
     <span class='ocr_line' id='line_1_17' title="bbox 223 1695 1812 1769; baseline -0.001 -17"><span class='ocrx_word' id='word_1_103' title='bbox 223 1698 362 1753; x_wconf 69' lang='grc' dir='ltr'>Θεὸν</span> <span class='ocrx_word' id='word_1_104' title='bbox 380 1699 537 1769; x_wconf 76' lang='grc' dir='ltr'>ἡμῶν</span> <span class='ocrx_word' id='word_1_105' title='bbox 552 1696 893 1768; x_wconf 84' lang='grc' dir='ltr'>διεγείρομεν</span> <span class='ocrx_word' id='word_1_106' title='bbox 919 1696 1012 1749; x_wconf 76' lang='grc' dir='ltr'>τὸν</span> <span class='ocrx_word' id='word_1_107' title='bbox 1039 1695 1419 1768; x_wconf 83' lang='grc' dir='ltr'>φρικτώτατον</span> <span class='ocrx_word' id='word_1_108' title='bbox 1440 1697 1530 1751; x_wconf 88' lang='grc' dir='ltr'><strong>διά</strong></span> <span class='ocrx_word' id='word_1_109' title='bbox 1553 1698 1651 1769; x_wconf 79' lang='grc' dir='ltr'>τὴν</span> <span class='ocrx_word' id='word_1_110' title='bbox 1673 1698 1812 1767; x_wconf 80' lang='grc' dir='ltr'>ἄγαν</span> 
     </span>
    </p>
   </div>
   <div class='ocr_carea' id='block_1_18' title="bbox 224 1787 1814 1861">
    <p class='ocr_par' dir='ltr' id='par_1_18' title="bbox 224 1787 1814 1861">
     <span class='ocr_line' id='line_1_18' title="bbox 224 1787 1814 1861; baseline -0.004 -17"><span class='ocrx_word' id='word_1_111' title='bbox 224 1790 387 1861; x_wconf 73' lang='grc' dir='ltr'>ἡμῶν</span> <span class='ocrx_word' id='word_1_112' title='bbox 417 1790 648 1858; x_wconf 81' lang='grc' dir='ltr'>ἀνομίαν</span> <span class='ocrx_word' id='word_1_113' title='bbox 679 1804 739 1841; x_wconf 84' lang='grc' dir='ltr'><strong>τε</strong></span> <span class='ocrx_word' id='word_1_114' title='bbox 759 1788 854 1841; x_wconf 71' lang='grc' dir='ltr'>καὶ</span> <span class='ocrx_word' id='word_1_115' title='bbox 894 1787 1101 1842; x_wconf 77' lang='grc' dir='ltr'>ἄνοιαν.</span> <span class='ocrx_word' id='word_1_116' title='bbox 1134 1787 1352 1856; x_wconf 80' lang='grc' dir='ltr'>Κύριος</span> <span class='ocrx_word' id='word_1_117' title='bbox 1404 1787 1814 1858; x_wconf 71' lang='grc' dir='ltr'>ὑπερηφάνοις</span> 
     </span>
    </p>
   </div>
   <div class='ocr_carea' id='block_1_19' title="bbox 224 1876 1811 1951">
    <p class='ocr_par' dir='ltr' id='par_1_19' title="bbox 224 1876 1811 1951">
     <span class='ocr_line' id='line_1_19' title="bbox 224 1876 1811 1951; baseline -0.003 -15"><span class='ocrx_word' id='word_1_118' title='bbox 224 1878 659 1936; x_wconf 76' lang='grc' dir='ltr'>ἀντιτάσσεται</span> <span class='ocrx_word' id='word_1_119' title='bbox 681 1893 697 1909; x_wconf 83' lang='lat'><strong>&#39;</strong></span> <span class='ocrx_word' id='word_1_120' title='bbox 733 1877 830 1933; x_wconf 71' lang='grc' dir='ltr'><strong>καὶ</strong></span> <span class='ocrx_word' id='word_1_121' title='bbox 858 1878 981 1934; x_wconf 78' lang='grc' dir='ltr'>ἀντὶ</span> <span class='ocrx_word' id='word_1_122' title='bbox 1008 1876 1102 1931; x_wconf 84' lang='grc' dir='ltr'><strong>τοῦ</strong></span> <span class='ocrx_word' id='word_1_123' title='bbox 1134 1877 1426 1949; x_wconf 82' lang='grc' dir='ltr'>μιμεῖσθαι</span> <span class='ocrx_word' id='word_1_124' title='bbox 1458 1877 1551 1932; x_wconf 83' lang='grc' dir='ltr'>τὸν</span> <span class='ocrx_word' id='word_1_125' title='bbox 1606 1878 1811 1951; x_wconf 78' lang='grc' dir='ltr'>Κύριον</span> 
     </span>
    </p>
   </div>
   <div class='ocr_carea' id='block_1_20' title="bbox 1902 689 3476 764">
    <p class='ocr_par' dir='ltr' id='par_1_20' title="bbox 1902 689 3476 764">
     <span class='ocr_line' id='line_1_20' title="bbox 1902 689 3476 764; baseline 0.005 -21"><span class='ocrx_word' id='word_1_126' title='bbox 1902 689 2132 759; x_wconf 75' lang='lat' dir='ltr'><strong>seipsum</strong></span> <span class='ocrx_word' id='word_1_127' title='bbox 2166 690 2392 755; x_wconf 72' lang='lat' dir='ltr'><strong>exultat,</strong></span> <span class='ocrx_word' id='word_1_128' title='bbox 2419 692 2880 747; x_wconf 52' lang='lat' dir='ltr'><strong>humiliabitur&quot;.</strong></span> <span class='ocrx_word' id='word_1_129' title='bbox 2908 694 2950 746; x_wconf 85' lang='lat' dir='ltr'><strong>A</strong></span> <span class='ocrx_word' id='word_1_130' title='bbox 2990 709 3098 759; x_wconf 90' lang='lat' dir='ltr'><strong>me,</strong></span> <span class='ocrx_word' id='word_1_131' title='bbox 3151 695 3346 764; x_wconf 88' lang='lat' dir='ltr'><strong>inquit,</strong></span> <span class='ocrx_word' id='word_1_132' title='bbox 3391 698 3476 751; x_wconf 86' lang='lat' dir='ltr'><strong>di-</strong></span> 
     </span>
    </p>
   </div>
   <div class='ocr_carea' id='block_1_21' title="bbox 1906 778 3477 855">
    <p class='ocr_par' dir='ltr' id='par_1_21' title="bbox 1906 778 3477 855">
     <span class='ocr_line' id='line_1_21' title="bbox 1906 778 3477 855; baseline 0.005 -22"><span class='ocrx_word' id='word_1_133' title='bbox 1906 778 2045 834; x_wconf 88' lang='lat' dir='ltr'><strong>scite</strong></span> <span class='ocrx_word' id='word_1_134' title='bbox 2079 796 2094 834; x_wconf 89' lang='lat'>:</span> <span class='ocrx_word' id='word_1_135' title='bbox 2135 779 2312 846; x_wconf 84' lang='lat' dir='ltr'><strong>vides,</strong></span> <span class='ocrx_word' id='word_1_136' title='bbox 2363 781 2722 837; x_wconf 75' lang='lat' dir='ltr'><strong>humilitatem</strong></span> <span class='ocrx_word' id='word_1_137' title='bbox 2765 798 2888 839; x_wconf 85' lang='lat' dir='ltr'><strong>esse</strong></span> <span class='ocrx_word' id='word_1_138' title='bbox 2925 784 3287 855; x_wconf 78' lang='lat' dir='ltr'><strong>disciplinam.</strong></span> <span class='ocrx_word' id='word_1_139' title='bbox 3342 785 3477 841; x_wconf 81' lang='lat' dir='ltr'><strong>Pro-</strong></span> 
     </span>
    </p>
   </div>
   <div class='ocr_carea' id='block_1_22' title="bbox 1905 871 3479 948">
    <p class='ocr_par' dir='ltr' id='par_1_22' title="bbox 1905 871 3479 948">
     <span class='ocr_line' id='line_1_22' title="bbox 1905 871 3479 948; baseline 0.004 -22"><span class='ocrx_word' id='word_1_140' title='bbox 1905 878 2092 941; x_wconf 89' lang='lat' dir='ltr'><strong>pterea</strong></span> <span class='ocrx_word' id='word_1_141' title='bbox 2114 871 2207 943; x_wconf 86' lang='lat' dir='ltr'><strong>qui</strong></span> <span class='ocrx_word' id='word_1_142' title='bbox 2239 888 2350 927; x_wconf 91' lang='lat' dir='ltr'><strong>non</strong></span> <span class='ocrx_word' id='word_1_143' title='bbox 2373 883 2461 928; x_wconf 87' lang='lat' dir='ltr'><strong>est</strong></span> <span class='ocrx_word' id='word_1_144' title='bbox 2487 873 2735 940; x_wconf 86' lang='lat' dir='ltr'><strong>humilis,</strong></span> <span class='ocrx_word' id='word_1_145' title='bbox 2798 875 3003 929; x_wconf 77' lang='lat' dir='ltr'><strong>excidit</strong></span> <span class='ocrx_word' id='word_1_146' title='bbox 3052 892 3083 929; x_wconf 89' lang='lat' dir='ltr'><strong>a</strong></span> <span class='ocrx_word' id='word_1_147' title='bbox 3130 877 3234 930; x_wconf 83' lang='lat' dir='ltr'><strong>vita</strong></span> <span class='ocrx_word' id='word_1_148' title='bbox 3271 894 3284 930; x_wconf 92' lang='lat'><strong>:</strong></span> <span class='ocrx_word' id='word_1_149' title='bbox 3319 880 3479 948; x_wconf 84' lang='lat' dir='ltr'><strong>quin-</strong></span> 
     </span>
    </p>
   </div>
   <div class='ocr_carea' id='block_1_23' title="bbox 1906 962 2770 1021">
    <p class='ocr_par' dir='ltr' id='par_1_23' title="bbox 1906 962 2770 1021">
     <span class='ocr_line' id='line_1_23' title="bbox 1906 962 2770 1021; baseline 0.003 -3"><span class='ocrx_word' id='word_1_150' title='bbox 1906 962 2069 1018; x_wconf 86' lang='lat' dir='ltr'><strong>etiam</strong></span> <span class='ocrx_word' id='word_1_151' title='bbox 2094 963 2402 1019; x_wconf 89' lang='lat' dir='ltr'><strong>contrarius</strong></span> <span class='ocrx_word' id='word_1_152' title='bbox 2440 962 2770 1021; x_wconf 90' lang='lat' dir='ltr'><strong>invenietur.</strong></span> 
     </span>
    </p>
   </div>
   <div class='ocr_carea' id='block_1_24' title="bbox 1976 1054 3479 1127">
    <p class='ocr_par' dir='ltr' id='par_1_24' title="bbox 1976 1054 3479 1127">
     <span class='ocr_line' id='line_1_24' title="bbox 1976 1054 3479 1127; baseline 0.001 -16"><span class='ocrx_word' id='word_1_153' title='bbox 1976 1056 2066 1111; x_wconf 91' lang='lat'><strong>90.</strong></span> <span class='ocrx_word' id='word_1_154' title='bbox 2088 1054 2226 1109; x_wconf 86' lang='lat' dir='ltr'><strong>Cum</strong></span> <span class='ocrx_word' id='word_1_155' title='bbox 2259 1054 2441 1125; x_wconf 90' lang='lat' dir='ltr'><strong>itaque</strong></span> <span class='ocrx_word' id='word_1_156' title='bbox 2468 1055 2644 1111; x_wconf 90' lang='lat' dir='ltr'><strong>virtus</strong></span> <span class='ocrx_word' id='word_1_157' title='bbox 2698 1055 2876 1111; x_wconf 87' lang='lat' dir='ltr'><strong>omnis</strong></span> <span class='ocrx_word' id='word_1_158' title='bbox 2930 1057 3172 1127; x_wconf 87' lang='lat' dir='ltr'><strong>corporis</strong></span> <span class='ocrx_word' id='word_1_159' title='bbox 3202 1068 3259 1112; x_wconf 86' lang='lat' dir='ltr'><strong>et</strong></span> <span class='ocrx_word' id='word_1_160' title='bbox 3282 1058 3479 1113; x_wconf 71' lang='lat' dir='ltr'><strong>animte</strong></span> 
     </span>
    </p>
   </div>
   <div class='ocr_carea' id='block_1_25' title="bbox 1906 1142 3477 1216">
    <p class='ocr_par' dir='ltr' id='par_1_25' title="bbox 1906 1142 3477 1216">
     <span class='ocr_line' id='line_1_25' title="bbox 1906 1142 3477 1216; baseline 0.001 -17"><span class='ocrx_word' id='word_1_161' title='bbox 1906 1142 2215 1199; x_wconf 85' lang='lat' dir='ltr'><strong>ministerio</strong></span> <span class='ocrx_word' id='word_1_162' title='bbox 2235 1153 2477 1209; x_wconf 75' lang='lat' dir='ltr'><strong>creetur,</strong></span> <span class='ocrx_word' id='word_1_163' title='bbox 2503 1144 2599 1198; x_wconf 90' lang='lat' dir='ltr'><strong>Dei</strong></span> <span class='ocrx_word' id='word_1_164' title='bbox 2620 1160 2782 1216; x_wconf 83' lang='lat' dir='ltr'><strong>porro</strong></span> <span class='ocrx_word' id='word_1_165' title='bbox 2810 1155 3076 1201; x_wconf 68' lang='lat' dir='ltr'><strong>creatura:</strong></span> <span class='ocrx_word' id='word_1_166' title='bbox 3134 1146 3244 1201; x_wconf 90' lang='lat' dir='ltr'><strong>sint</strong></span> <span class='ocrx_word' id='word_1_167' title='bbox 3297 1149 3477 1202; x_wconf 88' lang='lat' dir='ltr'><strong>anima</strong></span> 
     </span>
    </p>
   </div>
   <div class='ocr_carea' id='block_1_26' title="bbox 1907 1236 3479 1307">
    <p class='ocr_par' dir='ltr' id='par_1_26' title="bbox 1907 1236 3479 1307">
     <span class='ocr_line' id='line_1_26' title="bbox 1907 1236 3479 1307; baseline 0.003 -19"><span class='ocrx_word' id='word_1_168' title='bbox 1907 1241 1965 1288; x_wconf 89' lang='lat' dir='ltr'><strong>et</strong></span> <span class='ocrx_word' id='word_1_169' title='bbox 1994 1248 2217 1305; x_wconf 88' lang='lat' dir='ltr'><strong>corpus,</strong></span> <span class='ocrx_word' id='word_1_170' title='bbox 2238 1250 2471 1305; x_wconf 90' lang='lat' dir='ltr'><strong>quorum</strong></span> <span class='ocrx_word' id='word_1_171' title='bbox 2509 1251 2675 1307; x_wconf 85' lang='lat' dir='ltr'><strong>opera</strong></span> <span class='ocrx_word' id='word_1_172' title='bbox 2704 1236 2895 1302; x_wconf 91' lang='lat' dir='ltr'><strong>virtus,</strong></span> <span class='ocrx_word' id='word_1_173' title='bbox 2952 1247 3011 1292; x_wconf 92' lang='lat' dir='ltr'><strong>ut</strong></span> <span class='ocrx_word' id='word_1_174' title='bbox 3042 1238 3177 1303; x_wconf 74' lang='lat' dir='ltr'><strong>dixi,</strong></span> <span class='ocrx_word' id='word_1_175' title='bbox 3209 1239 3479 1302; x_wconf 75' lang='lat' dir='ltr'><strong>subsistit,</strong></span> 
     </span>
    </p>
   </div>
   <div class='ocr_carea' id='block_1_27' title="bbox 1906 1321 3483 1393">
    <p class='ocr_par' dir='ltr' id='par_1_27' title="bbox 1906 1321 3483 1393">
     <span class='ocr_line' id='line_1_27' title="bbox 1906 1321 3483 1393; baseline 0.006 -19"><span class='ocrx_word' id='word_1_176' title='bbox 1906 1321 2182 1392; x_wconf 88' lang='lat' dir='ltr'><strong>quomodo</strong></span> <span class='ocrx_word' id='word_1_177' title='bbox 2211 1337 2324 1378; x_wconf 90' lang='lat' dir='ltr'><strong>non</strong></span> <span class='ocrx_word' id='word_1_178' title='bbox 2347 1323 2767 1380; x_wconf 78' lang='lat' dir='ltr'><strong>intolerabiliter</strong></span> <span class='ocrx_word' id='word_1_179' title='bbox 2797 1326 3125 1393; x_wconf 85' lang='lat' dir='ltr'><strong>insanimus,</strong></span> <span class='ocrx_word' id='word_1_180' title='bbox 3160 1328 3228 1382; x_wconf 90' lang='lat' dir='ltr'><strong>de</strong></span> <span class='ocrx_word' id='word_1_181' title='bbox 3288 1328 3483 1384; x_wconf 86' lang='lat' dir='ltr'><strong>alienis</strong></span> 
     </span>
    </p>
   </div>
   <div class='ocr_carea' id='block_1_28' title="bbox 1912 1414 3484 1493">
    <p class='ocr_par' dir='ltr' id='par_1_28' title="bbox 1912 1414 3484 1493">
     <span class='ocr_line' id='line_1_28' title="bbox 1912 1414 3484 1493; baseline 0.005 -25"><span class='ocrx_word' id='word_1_182' title='bbox 1912 1414 2160 1485; x_wconf 87' lang='lat' dir='ltr'><strong>corporis</strong></span> <span class='ocrx_word' id='word_1_183' title='bbox 2178 1424 2235 1470; x_wconf 88' lang='lat' dir='ltr'><strong>et</strong></span> <span class='ocrx_word' id='word_1_184' title='bbox 2260 1416 2456 1472; x_wconf 67' lang='lat' dir='ltr'><strong>animm</strong></span> <span class='ocrx_word' id='word_1_185' title='bbox 2475 1418 2816 1473; x_wconf 79' lang='lat' dir='ltr'><strong>ornamentis</strong></span> <span class='ocrx_word' id='word_1_186' title='bbox 2844 1418 3171 1489; x_wconf 76' lang='lat' dir='ltr'><strong>gloriantes?</strong></span> <span class='ocrx_word' id='word_1_187' title='bbox 3199 1418 3346 1475; x_wconf 78' lang='lat' dir='ltr'><strong>Vana</strong></span> <span class='ocrx_word' id='word_1_188' title='bbox 3367 1422 3484 1493; x_wconf 82' lang='lat' dir='ltr'><strong>glo-</strong></span> 
     </span>
    </p>
   </div>
   <div class='ocr_carea' id='block_1_29' title="bbox 1909 1504 3485 1579">
    <p class='ocr_par' dir='ltr' id='par_1_29' title="bbox 1909 1504 3485 1579">
     <span class='ocr_line' id='line_1_29' title="bbox 1909 1504 3485 1579; baseline 0.004 -20"><span class='ocrx_word' id='word_1_189' title='bbox 1909 1504 1991 1561; x_wconf 88' lang='lat' dir='ltr'><strong>ria</strong></span> <span class='ocrx_word' id='word_1_190' title='bbox 2046 1504 2173 1561; x_wconf 83' lang='lat' dir='ltr'><strong>elati</strong></span> <span class='ocrx_word' id='word_1_191' title='bbox 2198 1514 2255 1561; x_wconf 89' lang='lat' dir='ltr'><strong>et</strong></span> <span class='ocrx_word' id='word_1_192' title='bbox 2290 1506 2483 1572; x_wconf 76' lang='lat' dir='ltr'><strong>inﬂati,</strong></span> <span class='ocrx_word' id='word_1_193' title='bbox 2516 1510 2809 1579; x_wconf 68' lang='lat' dir='ltr'><strong>superbiae,</strong></span> <span class='ocrx_word' id='word_1_194' title='bbox 2860 1511 3010 1565; x_wconf 90' lang='lat' dir='ltr'><strong>velut</strong></span> <span class='ocrx_word' id='word_1_195' title='bbox 3045 1511 3241 1567; x_wconf 90' lang='lat' dir='ltr'><strong>baculo</strong></span> <span class='ocrx_word' id='word_1_196' title='bbox 3262 1513 3485 1566; x_wconf 87' lang='lat' dir='ltr'><strong>arundi-</strong></span> 
     </span>
    </p>
   </div>
   <div class='ocr_carea' id='block_1_30' title="bbox 1909 1598 3482 1673">
    <p class='ocr_par' dir='ltr' id='par_1_30' title="bbox 1909 1598 3482 1673">
     <span class='ocr_line' id='line_1_30' title="bbox 1909 1598 3482 1673; baseline 0.003 -19"><span class='ocrx_word' id='word_1_197' title='bbox 1909 1612 2036 1663; x_wconf 88' lang='lat' dir='ltr'><strong>neo,</strong></span> <span class='ocrx_word' id='word_1_198' title='bbox 2065 1598 2355 1656; x_wconf 89' lang='lat' dir='ltr'><strong>innitimur</strong></span> <span class='ocrx_word' id='word_1_199' title='bbox 2384 1618 2397 1654; x_wconf 89' lang='lat'><strong>:</strong></span> <span class='ocrx_word' id='word_1_200' title='bbox 2435 1609 2600 1671; x_wconf 88' lang='lat' dir='ltr'><strong>atque</strong></span> <span class='ocrx_word' id='word_1_201' title='bbox 2628 1617 2740 1672; x_wconf 72' lang='lat' dir='ltr'><strong>pra:</strong></span> <span class='ocrx_word' id='word_1_202' title='bbox 2769 1601 3057 1673; x_wconf 87' lang='lat' dir='ltr'><strong>iniquitate</strong></span> <span class='ocrx_word' id='word_1_203' title='bbox 3102 1612 3158 1658; x_wconf 87' lang='lat' dir='ltr'><strong>et</strong></span> <span class='ocrx_word' id='word_1_204' title='bbox 3202 1604 3482 1659; x_wconf 84' lang='lat' dir='ltr'><strong>dementia</strong></span> 
     </span>
    </p>
   </div>
   <div class='ocr_carea' id='block_1_31' title="bbox 1908 1690 3483 1762">
    <p class='ocr_par' dir='ltr' id='par_1_31' title="bbox 1908 1690 3483 1762">
     <span class='ocr_line' id='line_1_31' title="bbox 1908 1690 3483 1762; baseline 0.001 -17"><span class='ocrx_word' id='word_1_205' title='bbox 1908 1698 2118 1754; x_wconf 87' lang='lat' dir='ltr'><strong>nostra,</strong></span> <span class='ocrx_word' id='word_1_206' title='bbox 2179 1690 2673 1747; x_wconf 85' lang='lat' dir='ltr'><strong>horrendissimum</strong></span> <span class='ocrx_word' id='word_1_207' title='bbox 2737 1692 2888 1748; x_wconf 90' lang='lat' dir='ltr'><strong>illum</strong></span> <span class='ocrx_word' id='word_1_208' title='bbox 2942 1703 3199 1762; x_wconf 87' lang='lat' dir='ltr'><strong>tanquam</strong></span> <span class='ocrx_word' id='word_1_209' title='bbox 3258 1694 3483 1748; x_wconf 71' lang='lat' dir='ltr'><strong>inﬁnita:</strong></span> 
     </span>
    </p>
   </div>
   <div class='ocr_carea' id='block_1_32' title="bbox 1910 1780 3485 1852">
    <p class='ocr_par' dir='ltr' id='par_1_32' title="bbox 1910 1780 3485 1852">
     <span class='ocr_line' id='line_1_32' title="bbox 1910 1780 3485 1852; baseline 0.001 -17"><span class='ocrx_word' id='word_1_210' title='bbox 1910 1780 2303 1852; x_wconf 74' lang='lat' dir='ltr'><strong>magnitudinis</strong></span> <span class='ocrx_word' id='word_1_211' title='bbox 2334 1782 2504 1837; x_wconf 88' lang='lat' dir='ltr'><strong>Deum</strong></span> <span class='ocrx_word' id='word_1_212' title='bbox 2553 1792 2803 1839; x_wconf 90' lang='lat' dir='ltr'><strong>nostrum</strong></span> <span class='ocrx_word' id='word_1_213' title='bbox 2860 1785 3181 1840; x_wconf 83' lang='lat' dir='ltr'><strong>excitamus.</strong></span> <span class='ocrx_word' id='word_1_214' title='bbox 3229 1785 3485 1840; x_wconf 75' lang='lat' dir='ltr'><strong>Dominus</strong></span> 
     </span>
    </p>
   </div>
   <div class='ocr_carea' id='block_1_33' title="bbox 1912 1873 3486 1941">
    <p class='ocr_par' dir='ltr' id='par_1_33' title="bbox 1912 1873 3486 1941">
     <span class='ocr_line' id='line_1_33' title="bbox 1912 1873 3486 1941; baseline 0.003 -15"><span class='ocrx_word' id='word_1_215' title='bbox 1912 1873 2146 1941; x_wconf 76' lang='lat' dir='ltr'><strong>superbis</strong></span> <span class='ocrx_word' id='word_1_216' title='bbox 2167 1873 2363 1928; x_wconf 77' lang='lat' dir='ltr'><strong>resistit</strong></span> <span class='ocrx_word' id='word_1_217' title='bbox 2397 1875 2463 1931; x_wconf 80' lang='lat'><strong>“.</strong></span> <span class='ocrx_word' id='word_1_218' title='bbox 2485 1875 2554 1930; x_wconf 86' lang='lat' dir='ltr'><strong>Et</strong></span> <span class='ocrx_word' id='word_1_219' title='bbox 2583 1890 2708 1930; x_wconf 90' lang='lat' dir='ltr'><strong>cum</strong></span> <span class='ocrx_word' id='word_1_220' title='bbox 2734 1875 2936 1931; x_wconf 88' lang='lat' dir='ltr'><strong>imitari</strong></span> <span class='ocrx_word' id='word_1_221' title='bbox 2956 1876 3245 1931; x_wconf 88' lang='lat' dir='ltr'><strong>Dominum</strong></span> <span class='ocrx_word' id='word_1_222' title='bbox 3292 1876 3347 1931; x_wconf 90' lang='lat' dir='ltr'><strong>in</strong></span> <span class='ocrx_word' id='word_1_223' title='bbox 3381 1876 3486 1931; x_wconf 86' lang='lat' dir='ltr'><strong>hu-</strong></span> 
     </span>
    </p>
   </div>
   <div class='ocr_carea' id='block_1_34' title="bbox 226 1960 1817 2041">
    <p class='ocr_par' dir='ltr' id='par_1_34' title="bbox 226 1967 1813 2041">
     <span class='ocr_line' id='line_1_34' title="bbox 226 1967 1813 2041; baseline -0.002 -13"><span class='ocrx_word' id='word_1_224' title='bbox 226 1974 288 2027; x_wconf 74' lang='grc' dir='ltr'>ιν</span> <span class='ocrx_word' id='word_1_225' title='bbox 321 1968 670 2034; x_wconf 83' lang='grc' dir='ltr'>ταπεινώσει,</span> <span class='ocrx_word' id='word_1_226' title='bbox 699 1967 780 2041; x_wconf 86' lang='grc' dir='ltr'><strong>τῷ</strong></span> <span class='ocrx_word' id='word_1_227' title='bbox 825 1969 921 2023; x_wconf 87' lang='grc' dir='ltr'><strong>τοῦ</strong></span> <span class='ocrx_word' id='word_1_228' title='bbox 949 1969 1158 2041; x_wconf 82' lang='grc' dir='ltr'>Κυρίου</span> <span class='ocrx_word' id='word_1_229' title='bbox 1187 1968 1447 2039; x_wconf 89' lang='grc' dir='ltr'>δυσμενεῖ</span> <span class='ocrx_word' id='word_1_230' title='bbox 1479 1968 1813 2041; x_wconf 82' lang='grc' dir='ltr'>φιλιούμεθα</span> 
     </span>
    </p>
   </div>
   <div class='ocr_carea' id='block_1_35' title="bbox 1925 1960 3486 2041">
    <p class='ocr_par' dir='ltr' id='par_1_35' title="bbox 1925 1960 3486 2035">
     <span class='ocr_line' id='line_1_35' title="bbox 1925 1960 3486 2035; baseline 0.001 -17"><span class='ocrx_word' id='word_1_231' title='bbox 1925 1960 2144 2018; x_wconf 74' lang='lat' dir='ltr'><strong>utilitate</strong></span> <span class='ocrx_word' id='word_1_232' title='bbox 2177 1961 2526 2027; x_wconf 85' lang='lat' dir='ltr'><strong>deberemus,</strong></span> <span class='ocrx_word' id='word_1_233' title='bbox 2550 1978 2677 2019; x_wconf 90' lang='lat' dir='ltr'><strong>cum</strong></span> <span class='ocrx_word' id='word_1_234' title='bbox 2719 1963 2945 2019; x_wconf 87' lang='lat' dir='ltr'><strong>inimico</strong></span> <span class='ocrx_word' id='word_1_235' title='bbox 2984 1964 3195 2019; x_wconf 89' lang='lat' dir='ltr'><strong>Domini</strong></span> <span class='ocrx_word' id='word_1_236' title='bbox 3246 1966 3486 2035; x_wconf 90' lang='lat' dir='ltr'><strong>superbo</strong></span> 
     </span>
    </p>
   </div>
   <div class='ocr_carea' id='block_1_36' title="bbox 226 2058 1811 2135">
    <p class='ocr_par' dir='ltr' id='par_1_36' title="bbox 226 2058 1811 2135">
     <span class='ocr_line' id='line_1_36' title="bbox 226 2058 1811 2135; baseline -0.001 -18"><span class='ocrx_word' id='word_1_237' title='bbox 226 2061 569 2135; x_wconf 77' lang='grc' dir='ltr'><strong>ὑπερηφάνῳ</strong></span> <span class='ocrx_word' id='word_1_238' title='bbox 611 2060 844 2131; x_wconf 84' lang='grc' dir='ltr'>δαίμονι,</span> <span class='ocrx_word' id='word_1_239' title='bbox 905 2061 970 2114; x_wconf 67' lang='lat' dir='ltr'><strong>lx</strong></span> <span class='ocrx_word' id='word_1_240' title='bbox 1011 2058 1289 2124; x_wconf 76' lang='grc' dir='ltr'>κενοδόεου</span> <span class='ocrx_word' id='word_1_241' title='bbox 1334 2060 1428 2113; x_wconf 74' lang='grc' dir='ltr'>καὶ</span> <span class='ocrx_word' id='word_1_242' title='bbox 1459 2058 1811 2133; x_wconf 80' lang='grc' dir='ltr'>ὑπερηφάνου</span> 
     </span>
    </p>
   </div>
   <div class='ocr_carea' id='block_1_37' title="bbox 227 2150 1810 2226">
    <p class='ocr_par' dir='ltr' id='par_1_37' title="bbox 227 2150 1810 2226">
     <span class='ocr_line' id='line_1_37' title="bbox 227 2150 1810 2226; baseline -0.001 -19"><span class='ocrx_word' id='word_1_243' title='bbox 227 2155 582 2226; x_wconf 79' lang='grc' dir='ltr'>φρονήματος</span> <span class='ocrx_word' id='word_1_244' title='bbox 600 2168 616 2184; x_wconf 78' lang='grc' dir='ltr'><strong>ο</strong></span> <span class='ocrx_word' id='word_1_245' title='bbox 647 2152 836 2206; x_wconf 86' lang='grc' dir='ltr'>τούτου</span> <span class='ocrx_word' id='word_1_246' title='bbox 860 2151 968 2223; x_wconf 71' lang='grc' dir='ltr'>γὰρ</span> <span class='ocrx_word' id='word_1_247' title='bbox 994 2150 1181 2204; x_wconf 71' lang='grc' dir='ltr'>ἕνεκεν</span> <span class='ocrx_word' id='word_1_248' title='bbox 1210 2150 1398 2220; x_wconf 69' lang='grc' dir='ltr'>ἔλεγεν</span> <span class='ocrx_word' id='word_1_249' title='bbox 1416 2154 1446 2206; x_wconf 86' lang='grc' dir='ltr'><strong>ό</strong></span> <span class='ocrx_word' id='word_1_250' title='bbox 1464 2152 1810 2215; x_wconf 78' lang='grc' dir='ltr'>Ἀπόστολος’</span> 
     </span>
    </p>
   </div>
   <div class='ocr_carea' id='block_1_38' title="bbox 231 2242 1814 2317">
    <p class='ocr_par' dir='ltr' id='par_1_38' title="bbox 231 2242 1814 2317">
     <span class='ocr_line' id='line_1_38' title="bbox 231 2242 1814 2317; baseline 0.004 -21"><span class='ocrx_word' id='word_1_251' title='bbox 231 2246 300 2301; x_wconf 79' lang='grc' dir='ltr'>τί</span> <span class='ocrx_word' id='word_1_252' title='bbox 330 2245 440 2317; x_wconf 73' lang='grc' dir='ltr'><strong>γὰρ</strong></span> <span class='ocrx_word' id='word_1_253' title='bbox 464 2244 647 2313; x_wconf 78' lang='grc' dir='ltr'>ἔχεις,</span> <span class='ocrx_word' id='word_1_254' title='bbox 684 2244 867 2314; x_wconf 73' lang='grc' dir='ltr'>φησὶν,</span> <span class='ocrx_word' id='word_1_255' title='bbox 920 2242 953 2297; x_wconf 81' lang='grc' dir='ltr'><strong>ὃ</strong></span> <span class='ocrx_word' id='word_1_256' title='bbox 979 2246 1091 2298; x_wconf 83' lang='grc' dir='ltr'>οὐκ</span> <span class='ocrx_word' id='word_1_257' title='bbox 1114 2244 1328 2311; x_wconf 69' lang='grc' dir='ltr'>ἔλαϐες</span> <span class='ocrx_word' id='word_1_258' title='bbox 1357 2244 1475 2299; x_wconf 80' lang='grc' dir='ltr'>ἀπὸ</span> <span class='ocrx_word' id='word_1_259' title='bbox 1502 2244 1687 2309; x_wconf 81' lang='grc' dir='ltr'>Θεοῦ;</span> <span class='ocrx_word' id='word_1_260' title='bbox 1738 2246 1814 2316; x_wconf 79' lang='grc' dir='ltr'>μὴ</span> 
     </span>
    </p>
   </div>
   <div class='ocr_carea' id='block_1_39' title="bbox 228 2330 1815 2409">
    <p class='ocr_par' dir='ltr' id='par_1_39' title="bbox 228 2330 1815 2409">
     <span class='ocr_line' id='line_1_39' title="bbox 228 2330 1815 2409; baseline 0 -16"><span class='ocrx_word' id='word_1_261' title='bbox 228 2340 299 2393; x_wconf 78' lang='grc' dir='ltr'>σὺ</span> <span class='ocrx_word' id='word_1_262' title='bbox 327 2338 521 2393; x_wconf 71' lang='grc' dir='ltr'>σαυτὸν</span> <span class='ocrx_word' id='word_1_263' title='bbox 550 2336 807 2403; x_wconf 73' lang='grc' dir='ltr'>ἓκτισαςς</span> <span class='ocrx_word' id='word_1_264' title='bbox 838 2336 901 2389; x_wconf 80' lang='grc' dir='ltr'><strong>Εἰ</strong></span> <span class='ocrx_word' id='word_1_265' title='bbox 926 2335 983 2391; x_wconf 75' lang='grc' dir='ltr'>δὲ</span> <span class='ocrx_word' id='word_1_266' title='bbox 1011 2334 1172 2406; x_wconf 86' lang='grc' dir='ltr'>σῶμα</span> <span class='ocrx_word' id='word_1_267' title='bbox 1200 2337 1297 2391; x_wconf 77' lang='grc' dir='ltr'>καὶ</span> <span class='ocrx_word' id='word_1_268' title='bbox 1316 2335 1497 2409; x_wconf 79' lang='grc' dir='ltr'>ψυχὴν</span> <span class='ocrx_word' id='word_1_269' title='bbox 1526 2337 1584 2404; x_wconf 71' lang='grc' dir='ltr'><strong>ἑξ</strong></span> <span class='ocrx_word' id='word_1_270' title='bbox 1614 2330 1691 2393; x_wconf 81' lang='grc' dir='ltr'>ὧν</span> <span class='ocrx_word' id='word_1_271' title='bbox 1720 2339 1815 2393; x_wconf 77' lang='grc' dir='ltr'>καὶ</span> 
     </span>
    </p>
   </div>
   <div class='ocr_carea' id='block_1_40' title="bbox 226 2424 1814 2504">
    <p class='ocr_par' dir='ltr' id='par_1_40' title="bbox 226 2424 1814 2504">
     <span class='ocr_line' id='line_1_40' title="bbox 226 2424 1814 2504; baseline 0.001 -19"><span class='ocrx_word' id='word_1_272' title='bbox 226 2432 293 2485; x_wconf 72' lang='grc' dir='ltr'><strong>ἀν</strong></span> <span class='ocrx_word' id='word_1_273' title='bbox 320 2426 401 2496; x_wconf 74' lang='grc' dir='ltr'><strong>οἷς</strong></span> <span class='ocrx_word' id='word_1_274' title='bbox 422 2431 516 2486; x_wconf 81' lang='grc' dir='ltr'>καὶ</span> <span class='ocrx_word' id='word_1_275' title='bbox 543 2432 613 2485; x_wconf 79' lang='grc' dir='ltr'>δι’</span> <span class='ocrx_word' id='word_1_276' title='bbox 638 2424 714 2485; x_wconf 81' lang='grc' dir='ltr'>ὧν</span> <span class='ocrx_word' id='word_1_277' title='bbox 750 2432 899 2485; x_wconf 82' lang='grc' dir='ltr'>πᾶσα</span> <span class='ocrx_word' id='word_1_278' title='bbox 933 2429 1103 2501; x_wconf 83' lang='grc' dir='ltr'>ἀρετὴ</span> <span class='ocrx_word' id='word_1_279' title='bbox 1137 2429 1474 2494; x_wconf 86' lang='grc' dir='ltr'>συνίσταται,</span> <span class='ocrx_word' id='word_1_280' title='bbox 1505 2430 1656 2504; x_wconf 85' lang='grc' dir='ltr'><strong>παρά</strong></span> <span class='ocrx_word' id='word_1_281' title='bbox 1679 2431 1814 2486; x_wconf 88' lang='grc' dir='ltr'>Θεοῦ</span> 
     </span>
    </p>
   </div>
   <div class='ocr_carea' id='block_1_41' title="bbox 226 2519 1815 2595">
    <p class='ocr_par' dir='ltr' id='par_1_41' title="bbox 226 2519 1815 2595">
     <span class='ocr_line' id='line_1_41' title="bbox 226 2519 1815 2595; baseline 0 -18"><span class='ocrx_word' id='word_1_282' title='bbox 226 2522 447 2587; x_wconf 74' lang='grc' dir='ltr'>ελασες.</span> <span class='ocrx_word' id='word_1_283' title='bbox 478 2524 534 2577; x_wconf 83' lang='grc' dir='ltr'><strong>τί</strong></span> <span class='ocrx_word' id='word_1_284' title='bbox 561 2521 865 2592; x_wconf 82' lang='grc' dir='ltr'>καυχᾶσαι</span> <span class='ocrx_word' id='word_1_285' title='bbox 892 2522 974 2589; x_wconf 84' lang='grc' dir='ltr'>ὠς</span> <span class='ocrx_word' id='word_1_286' title='bbox 1000 2520 1086 2593; x_wconf 78' lang='grc' dir='ltr'>μὴ</span> <span class='ocrx_word' id='word_1_287' title='bbox 1111 2519 1346 2587; x_wconf 75' lang='lat' dir='ltr'><strong>.la6tbr;</strong></span> <span class='ocrx_word' id='word_1_288' title='bbox 1371 2521 1573 2594; x_wconf 71' lang='grc' dir='ltr'>Κύριος</span> <span class='ocrx_word' id='word_1_289' title='bbox 1600 2523 1709 2595; x_wconf 86' lang='grc' dir='ltr'>γάρ</span> <span class='ocrx_word' id='word_1_290' title='bbox 1734 2540 1815 2577; x_wconf 87' lang='grc' dir='ltr'><strong>σοι</strong></span> 
     </span>
    </p>
   </div>
   <div class='ocr_carea' id='block_1_42' title="bbox 225 2613 815 2686">
    <p class='ocr_par' dir='ltr' id='par_1_42' title="bbox 225 2613 815 2686">
     <span class='ocr_line' id='line_1_42' title="bbox 225 2613 815 2686; baseline -0.003 -17"><span class='ocrx_word' id='word_1_291' title='bbox 225 2615 259 2669; x_wconf 71' lang='grc' dir='ltr'><strong>ὁ</strong></span> <span class='ocrx_word' id='word_1_292' title='bbox 288 2613 417 2668; x_wconf 83' lang='grc' dir='ltr'>τάδε</span> <span class='ocrx_word' id='word_1_293' title='bbox 448 2613 815 2686; x_wconf 79' lang='grc' dir='ltr'>δωρούμενος.</span> 
     </span>
    </p>
   </div>
   <div class='ocr_carea' id='block_1_43' title="bbox 303 2780 1813 2867">
    <p class='ocr_par' dir='ltr' id='par_1_43' title="bbox 303 2780 1813 2867">
     <span class='ocr_line' id='line_1_43' title="bbox 303 2780 1813 2867; baseline -0.009 -14"><span class='ocrx_word' id='word_1_294' title='bbox 303 2802 417 2866; x_wconf 57' lang='grc' dir='ltr'>ιιαο.</span> <span class='ocrx_word' id='word_1_295' title='bbox 446 2797 655 2860; x_wconf 81' lang='grc' dir='ltr'>’Δλλως</span> <span class='ocrx_word' id='word_1_296' title='bbox 677 2796 778 2849; x_wconf 88' lang='grc' dir='ltr'><strong>ούκ</strong></span> <span class='ocrx_word' id='word_1_297' title='bbox 816 2794 945 2850; x_wconf 79' lang='grc' dir='ltr'>ἀλλο</span> <span class='ocrx_word' id='word_1_298' title='bbox 968 2793 1021 2848; x_wconf 87' lang='grc' dir='ltr'><strong>τί</strong></span> <span class='ocrx_word' id='word_1_299' title='bbox 1054 2794 1169 2848; x_wconf 77' lang='grc' dir='ltr'>ἔστι</span> <span class='ocrx_word' id='word_1_300' title='bbox 1196 2795 1542 2866; x_wconf 77' lang='grc' dir='ltr'>καθαρισμὸς</span> <span class='ocrx_word' id='word_1_301' title='bbox 1564 2780 1813 2867; x_wconf 57' lang='grc' dir='ltr'>άαρδεας,</span> 
     </span>
    </p>
   </div>
   <div class='ocr_carea' id='block_1_44' title="bbox 225 2882 1815 2959">
    <p class='ocr_par' dir='ltr' id='par_1_44' title="bbox 225 2882 1815 2959">
     <span class='ocr_line' id='line_1_44' title="bbox 225 2882 1815 2959; baseline -0.002 -14"><span class='ocrx_word' id='word_1_302' title='bbox 225 2890 299 2946; x_wconf 78' lang='grc' dir='ltr'>δι’</span> <span class='ocrx_word' id='word_1_303' title='bbox 336 2882 399 2943; x_wconf 76' lang='grc' dir='ltr'>οὖ</span> <span class='ocrx_word' id='word_1_304' title='bbox 425 2889 521 2943; x_wconf 74' lang='grc' dir='ltr'>καὶ</span> <span class='ocrx_word' id='word_1_305' title='bbox 547 2888 876 2951; x_wconf 81' lang='grc' dir='ltr'>ταπείνωσις</span> <span class='ocrx_word' id='word_1_306' title='bbox 915 2888 1011 2941; x_wconf 73' lang='grc' dir='ltr'>καὶ</span> <span class='ocrx_word' id='word_1_307' title='bbox 1044 2886 1251 2956; x_wconf 79' lang='grc' dir='ltr'>ἀγαθὸν</span> <span class='ocrx_word' id='word_1_308' title='bbox 1279 2887 1427 2942; x_wconf 73' lang='grc' dir='ltr'>ἅπαν</span> <span class='ocrx_word' id='word_1_309' title='bbox 1456 2889 1513 2940; x_wconf 68' lang='grc' dir='ltr'>ἐν</span> <span class='ocrx_word' id='word_1_310' title='bbox 1560 2889 1692 2959; x_wconf 76' lang='grc' dir='ltr'>ἡμῖν</span> <span class='ocrx_word' id='word_1_311' title='bbox 1724 2890 1815 2942; x_wconf 83' lang='grc' dir='ltr'>εὑ·</span> 
     </span>
    </p>
   </div>
   <div class='ocr_carea' id='block_1_45' title="bbox 231 2977 1813 3054">
    <p class='ocr_par' dir='ltr' id='par_1_45' title="bbox 231 2977 1813 3054">
     <span class='ocr_line' id='line_1_45' title="bbox 231 2977 1813 3054; baseline -0.003 -18"><span class='ocrx_word' id='word_1_312' title='bbox 231 2982 486 3054; x_wconf 89' lang='grc' dir='ltr'>ρίσκεται</span> <span class='ocrx_word' id='word_1_313' title='bbox 522 2977 848 3035; x_wconf 73' lang='grc' dir='ltr'>καταϐαῖνον</span> <span class='ocrx_word' id='word_1_314' title='bbox 902 2977 1129 3045; x_wconf 76' lang='grc' dir='ltr'>ἄνωθεν,</span> <span class='ocrx_word' id='word_1_315' title='bbox 1164 3014 1167 3015; x_wconf 50' lang='grc' dir='ltr'><strong>ν</strong></span> <span class='ocrx_word' id='word_1_316' title='bbox 1194 2980 1243 3031; x_wconf 89' lang='grc' dir='ltr'><strong>εί</strong></span> <span class='ocrx_word' id='word_1_317' title='bbox 1296 2977 1370 3049; x_wconf 80' lang='grc' dir='ltr'>μὴ</span> <span class='ocrx_word' id='word_1_318' title='bbox 1401 2978 1464 3031; x_wconf 78' lang='grc' dir='ltr'>τὸ</span> <span class='ocrx_word' id='word_1_319' title='bbox 1518 2979 1640 3049; x_wconf 84' lang='grc' dir='ltr'>μηδ’</span> <span class='ocrx_word' id='word_1_320' title='bbox 1674 2978 1813 3043; x_wconf 83' lang='grc' dir='ltr'><strong>ὅλως</strong></span> 
     </span>
    </p>
   </div>
   <div class='ocr_carea' id='block_1_46' title="bbox 227 3066 1814 3149">
    <p class='ocr_par' dir='ltr' id='par_1_46' title="bbox 227 3066 1814 3149">
     <span class='ocr_line' id='line_1_46' title="bbox 227 3066 1814 3149; baseline -0.003 -21"><span class='ocrx_word' id='word_1_321' title='bbox 227 3073 587 3146; x_wconf 79' lang='grc' dir='ltr'>παραχωρεῖν</span> <span class='ocrx_word' id='word_1_322' title='bbox 611 3070 741 3136; x_wconf 76' lang='grc' dir='ltr'>τοὺς</span> <span class='ocrx_word' id='word_1_323' title='bbox 769 3068 1063 3149; x_wconf 79' lang='grc' dir='ltr'>λογισμοὺς</span> <span class='ocrx_word' id='word_1_324' title='bbox 1085 3066 1502 3141; x_wconf 76' lang='grc' dir='ltr'>προκόπτοντας</span> <span class='ocrx_word' id='word_1_325' title='bbox 1529 3067 1814 3124; x_wconf 72' lang='grc' dir='ltr'>εἰσελθεῖν.</span> 
     </span>
    </p>
   </div>
   <div class='ocr_carea' id='block_1_47' title="bbox 302 3247 1814 3323">
    <p class='ocr_par' dir='ltr' id='par_1_47' title="bbox 302 3247 1814 3323">
     <span class='ocr_line' id='line_1_47' title="bbox 302 3247 1814 3323; baseline -0.003 -18"><span class='ocrx_word' id='word_1_326' title='bbox 302 3252 414 3323; x_wconf 56' lang='grc' dir='ltr'>ιιβι.</span> <span class='ocrx_word' id='word_1_327' title='bbox 442 3248 581 3314; x_wconf 63' lang='lat' dir='ltr'><strong>Neo;</strong></span> <span class='ocrx_word' id='word_1_328' title='bbox 606 3250 715 3321; x_wconf 84' lang='grc' dir='ltr'><strong>γάρ</strong></span> <span class='ocrx_word' id='word_1_329' title='bbox 745 3249 962 3322; x_wconf 82' lang='grc' dir='ltr'>φυλακὴ</span> <span class='ocrx_word' id='word_1_330' title='bbox 989 3249 1087 3304; x_wconf 74' lang='grc' dir='ltr'><strong>σὺν</strong></span> <span class='ocrx_word' id='word_1_331' title='bbox 1106 3248 1226 3319; x_wconf 82' lang='grc' dir='ltr'>Θεῷ</span> <span class='ocrx_word' id='word_1_332' title='bbox 1258 3250 1355 3303; x_wconf 74' lang='grc' dir='ltr'>καὶ</span> <span class='ocrx_word' id='word_1_333' title='bbox 1370 3248 1458 3302; x_wconf 90' lang='grc' dir='ltr'><strong>διά</strong></span> <span class='ocrx_word' id='word_1_334' title='bbox 1484 3250 1650 3320; x_wconf 80' lang='grc' dir='ltr'>μόνου</span> <span class='ocrx_word' id='word_1_335' title='bbox 1678 3247 1814 3302; x_wconf 77' lang='grc' dir='ltr'>θεοῦ</span> 
     </span>
    </p>
   </div>
   <div class='ocr_carea' id='block_1_48' title="bbox 231 3339 1814 3415">
    <p class='ocr_par' dir='ltr' id='par_1_48' title="bbox 231 3339 1814 3415">
     <span class='ocr_line' id='line_1_48' title="bbox 231 3339 1814 3415; baseline -0.001 -18"><span class='ocrx_word' id='word_1_336' title='bbox 231 3345 295 3397; x_wconf 71' lang='grc' dir='ltr'>ὲν</span> <span class='ocrx_word' id='word_1_337' title='bbox 326 3343 472 3413; x_wconf 80' lang='grc' dir='ltr'>ψυχῇ</span> <span class='ocrx_word' id='word_1_338' title='bbox 506 3342 867 3415; x_wconf 76' lang='grc' dir='ltr'>ὲγχρονίσασα</span> <span class='ocrx_word' id='word_1_339' title='bbox 897 3341 1159 3412; x_wconf 79' lang='grc' dir='ltr'>φρόνησιν</span> <span class='ocrx_word' id='word_1_340' title='bbox 1184 3340 1465 3411; x_wconf 84' lang='grc' dir='ltr'>παράσχει</span> <span class='ocrx_word' id='word_1_341' title='bbox 1492 3339 1573 3411; x_wconf 82' lang='grc' dir='ltr'><strong>τῷ</strong></span> <span class='ocrx_word' id='word_1_342' title='bbox 1605 3342 1814 3411; x_wconf 81' lang='grc' dir='ltr'>ἠγεμο-</span> 
     </span>
    </p>
   </div>
   <div class='ocr_carea' id='block_1_49' title="bbox 230 3429 1813 3503">
    <p class='ocr_par' dir='ltr' id='par_1_49' title="bbox 230 3429 1813 3503">
     <span class='ocr_line' id='line_1_49' title="bbox 230 3429 1813 3503; baseline -0.003 -16"><span class='ocrx_word' id='word_1_343' title='bbox 230 3431 373 3503; x_wconf 82' lang='grc' dir='ltr'>νικῷ</span> <span class='ocrx_word' id='word_1_344' title='bbox 399 3435 457 3485; x_wconf 72' lang='grc' dir='ltr'><strong>ιν</strong></span> <span class='ocrx_word' id='word_1_345' title='bbox 513 3434 628 3496; x_wconf 87' lang='grc' dir='ltr'>τοῖς</span> <span class='ocrx_word' id='word_1_346' title='bbox 658 3430 801 3486; x_wconf 88' lang='grc' dir='ltr'><strong>κατά</strong></span> <span class='ocrx_word' id='word_1_347' title='bbox 844 3431 980 3486; x_wconf 65' lang='grc' dir='ltr'>θεὸν</span> <span class='ocrx_word' id='word_1_348' title='bbox 1011 3431 1423 3501; x_wconf 83' lang='grc' dir='ltr'>ἀγωνίσμασιν·</span> <span class='ocrx_word' id='word_1_349' title='bbox 1466 3431 1566 3484; x_wconf 84' lang='grc' dir='ltr'>οὐκ</span> <span class='ocrx_word' id='word_1_350' title='bbox 1622 3429 1813 3501; x_wconf 82' lang='grc' dir='ltr'>ὀλίγην</span> 
     </span>
    </p>
   </div>
   <div class='ocr_carea' id='block_1_50' title="bbox 232 3522 1817 3596">
    <p class='ocr_par' dir='ltr' id='par_1_50' title="bbox 232 3522 1817 3596">
     <span class='ocr_line' id='line_1_50' title="bbox 232 3522 1817 3596; baseline -0.002 -17"><span class='ocrx_word' id='word_1_351' title='bbox 232 3524 292 3579; x_wconf 74' lang='grc' dir='ltr'>δὲ</span> <span class='ocrx_word' id='word_1_352' title='bbox 324 3526 618 3596; x_wconf 86' lang='grc' dir='ltr'>ἱκανότητα</span> <span class='ocrx_word' id='word_1_353' title='bbox 640 3522 716 3595; x_wconf 78' lang='grc' dir='ltr'>τῷ</span> <span class='ocrx_word' id='word_1_354' title='bbox 748 3523 961 3596; x_wconf 84' lang='grc' dir='ltr'>μετόχῳ</span> <span class='ocrx_word' id='word_1_355' title='bbox 990 3526 1248 3595; x_wconf 78' lang='grc' dir='ltr'>χορηγεῖ,</span> <span class='ocrx_word' id='word_1_356' title='bbox 1285 3522 1343 3575; x_wconf 77' lang='grc' dir='ltr'>ὲν</span> <span class='ocrx_word' id='word_1_357' title='bbox 1372 3522 1451 3595; x_wconf 83' lang='grc' dir='ltr'><strong>τῷ</strong></span> <span class='ocrx_word' id='word_1_358' title='bbox 1501 3525 1817 3593; x_wconf 86' lang='grc' dir='ltr'>οίκονομεῖν</span> 
     </span>
    </p>
   </div>
   <div class='ocr_carea' id='block_1_51' title="bbox 230 3614 1819 3687">
    <p class='ocr_par' dir='ltr' id='par_1_51' title="bbox 230 3614 1819 3687">
     <span class='ocr_line' id='line_1_51' title="bbox 230 3614 1819 3687; baseline -0.001 -16"><span class='ocrx_word' id='word_1_359' title='bbox 230 3618 304 3673; x_wconf 86' lang='grc' dir='ltr'><strong>τά</strong></span> <span class='ocrx_word' id='word_1_360' title='bbox 333 3615 470 3687; x_wconf 74' lang='grc' dir='ltr'>ιργα</span> <span class='ocrx_word' id='word_1_361' title='bbox 500 3616 596 3670; x_wconf 76' lang='grc' dir='ltr'>καὶ</span> <span class='ocrx_word' id='word_1_362' title='bbox 620 3616 748 3680; x_wconf 80' lang='grc' dir='ltr'>τοὺς</span> <span class='ocrx_word' id='word_1_363' title='bbox 783 3614 976 3684; x_wconf 86' lang='grc' dir='ltr'>λόγους</span> <span class='ocrx_word' id='word_1_364' title='bbox 1004 3616 1061 3669; x_wconf 83' lang='grc' dir='ltr'>ἐν</span> <span class='ocrx_word' id='word_1_365' title='bbox 1088 3614 1268 3687; x_wconf 85' lang='grc' dir='ltr'>κρίσει</span> <span class='ocrx_word' id='word_1_366' title='bbox 1308 3615 1649 3670; x_wconf 82' lang='grc' dir='ltr'>εύαπόδεκτα</span> <span class='ocrx_word' id='word_1_367' title='bbox 1678 3615 1819 3670; x_wconf 85' lang='grc' dir='ltr'><strong>κατά</strong></span> 
     </span>
    </p>
   </div>
   <div class='ocr_carea' id='block_1_52' title="bbox 232 3708 465 3780">
    <p class='ocr_par' dir='ltr' id='par_1_52' title="bbox 232 3708 465 3780">
     <span class='ocr_line' id='line_1_52' title="bbox 232 3708 465 3780; baseline -0.004 -17"><span class='ocrx_word' id='word_1_368' title='bbox 232 3708 465 3780; x_wconf 70' lang='grc' dir='ltr'>Κύριον.</span> 
     </span>
    </p>
   </div>
   <div class='ocr_carea' id='block_1_53' title="bbox 307 3799 1821 3873">
    <p class='ocr_par' dir='ltr' id='par_1_53' title="bbox 307 3799 1821 3873">
     <span class='ocr_line' id='line_1_53' title="bbox 307 3799 1821 3873; baseline -0.003 -16"><span class='ocrx_word' id='word_1_369' title='bbox 307 3806 415 3870; x_wconf 68' lang='grc' dir='ltr'>ια’.</span> <span class='ocrx_word' id='word_1_370' title='bbox 443 3801 524 3856; x_wconf 87' lang='grc' dir='ltr'><strong>Τά</strong></span> <span class='ocrx_word' id='word_1_371' title='bbox 548 3800 643 3856; x_wconf 86' lang='grc' dir='ltr'><strong>τοῦ</strong></span> <span class='ocrx_word' id='word_1_372' title='bbox 674 3801 865 3873; x_wconf 81' lang='grc' dir='ltr'>ἱερέως</span> <span class='ocrx_word' id='word_1_373' title='bbox 913 3800 1050 3873; x_wconf 80' lang='grc' dir='ltr'>δῆλα</span> <span class='ocrx_word' id='word_1_374' title='bbox 1109 3802 1168 3855; x_wconf 71' lang='grc' dir='ltr'>ἐν</span> <span class='ocrx_word' id='word_1_375' title='bbox 1222 3800 1303 3872; x_wconf 82' lang='grc' dir='ltr'>τῷ</span> <span class='ocrx_word' id='word_1_376' title='bbox 1354 3799 1568 3871; x_wconf 87' lang='grc' dir='ltr'>παλαιῷ</span> <span class='ocrx_word' id='word_1_377' title='bbox 1618 3817 1821 3872; x_wconf 86' lang='grc' dir='ltr'>προτυ-</span> 
     </span>
    </p>
   </div>
   <div class='ocr_carea' id='block_1_54' title="bbox 235 3892 1821 3964">
    <p class='ocr_par' dir='ltr' id='par_1_54' title="bbox 235 3892 1821 3964">
     <span class='ocr_line' id='line_1_54' title="bbox 235 3892 1821 3964; baseline -0.002 -17"><span class='ocrx_word' id='word_1_378' title='bbox 235 3895 478 3962; x_wconf 79' lang='grc' dir='ltr'>πώματα</span> <span class='ocrx_word' id='word_1_379' title='bbox 511 3893 735 3963; x_wconf 81' lang='grc' dir='ltr'>καρδίας</span> <span class='ocrx_word' id='word_1_380' title='bbox 789 3892 1037 3964; x_wconf 79' lang='grc' dir='ltr'>καθαρᾶς</span> <span class='ocrx_word' id='word_1_381' title='bbox 1080 3892 1348 3964; x_wconf 84' lang='grc' dir='ltr'>ὑπῆρχον,</span> <span class='ocrx_word' id='word_1_382' title='bbox 1384 3893 1471 3946; x_wconf 89' lang='grc' dir='ltr'><strong>ῖνα</strong></span> <span class='ocrx_word' id='word_1_383' title='bbox 1503 3893 1598 3946; x_wconf 72' lang='grc' dir='ltr'><strong>καὶ</strong></span> <span class='ocrx_word' id='word_1_384' title='bbox 1656 3894 1821 3963; x_wconf 81' lang='grc' dir='ltr'>ἡμεῖς</span> 
     </span>
    </p>
   </div>
   <div class='ocr_carea' id='block_1_55' title="bbox 236 3983 1821 4057">
    <p class='ocr_par' dir='ltr' id='par_1_55' title="bbox 236 3983 1821 4057">
     <span class='ocr_line' id='line_1_55' title="bbox 236 3983 1821 4057; baseline 0 -19"><span class='ocrx_word' id='word_1_385' title='bbox 236 3985 568 4056; x_wconf 80' lang='grc' dir='ltr'>πρόσχωμεν</span> <span class='ocrx_word' id='word_1_386' title='bbox 584 3984 661 4057; x_wconf 82' lang='grc' dir='ltr'>τῷ</span> <span class='ocrx_word' id='word_1_387' title='bbox 688 3985 787 4056; x_wconf 84' lang='grc' dir='ltr'>τῆς</span> <span class='ocrx_word' id='word_1_388' title='bbox 808 3986 1038 4055; x_wconf 80' lang='grc' dir='ltr'>καρδίας</span> <span class='ocrx_word' id='word_1_389' title='bbox 1069 3985 1305 4055; x_wconf 78' lang='grc' dir='ltr'>πετάλῳ,</span> <span class='ocrx_word' id='word_1_390' title='bbox 1333 3984 1531 4055; x_wconf 82' lang='grc' dir='ltr'>μήπως</span> <span class='ocrx_word' id='word_1_391' title='bbox 1553 3983 1610 4048; x_wconf 73' lang='grc' dir='ltr'>ἐξ</span> <span class='ocrx_word' id='word_1_392' title='bbox 1642 3985 1821 4055; x_wconf 85' lang='grc' dir='ltr'>ἀμαρ-</span> 
     </span>
    </p>
   </div>
   <div class='ocr_carea' id='block_1_56' title="bbox 233 4073 1823 4146">
    <p class='ocr_par' dir='ltr' id='par_1_56' title="bbox 233 4073 1823 4146">
     <span class='ocr_line' id='line_1_56' title="bbox 233 4073 1823 4146; baseline -0.002 -17"><span class='ocrx_word' id='word_1_393' title='bbox 233 4076 361 4138; x_wconf 84' lang='grc' dir='ltr'>τίας</span> <span class='ocrx_word' id='word_1_394' title='bbox 416 4074 814 4146; x_wconf 81' lang='grc' dir='ltr'>μεμελάνωται,</span> <span class='ocrx_word' id='word_1_395' title='bbox 849 4073 940 4129; x_wconf 88' lang='grc' dir='ltr'><strong>ῖνα</strong></span> <span class='ocrx_word' id='word_1_396' title='bbox 993 4075 1224 4144; x_wconf 85' lang='grc' dir='ltr'>δάκρυσι</span> <span class='ocrx_word' id='word_1_397' title='bbox 1272 4074 1369 4128; x_wconf 57' lang='grc' dir='ltr'><strong>καὶ⁸</strong></span> <span class='ocrx_word' id='word_1_398' title='bbox 1403 4075 1696 4145; x_wconf 80' lang='grc' dir='ltr'>μετανοίᾳ,</span> <span class='ocrx_word' id='word_1_399' title='bbox 1727 4074 1823 4127; x_wconf 83' lang='grc' dir='ltr'>καὶ</span> 
     </span>
    </p>
   </div>
   <div class='ocr_carea' id='block_1_57' title="bbox 236 4166 1823 4239">
    <p class='ocr_par' dir='ltr' id='par_1_57' title="bbox 236 4166 1823 4239">
     <span class='ocr_line' id='line_1_57' title="bbox 236 4166 1823 4239; baseline -0.003 -17"><span class='ocrx_word' id='word_1_400' title='bbox 236 4169 518 4239; x_wconf 71' lang='grc' dir='ltr'>προσευχῇ</span> <span class='ocrx_word' id='word_1_401' title='bbox 546 4168 978 4239; x_wconf 82' lang='grc' dir='ltr'>ἀποσμήχωμεν.</span> <span class='ocrx_word' id='word_1_402' title='bbox 1025 4166 1262 4222; x_wconf 79' lang='grc' dir='ltr'>Εῠκολον</span> <span class='ocrx_word' id='word_1_403' title='bbox 1284 4166 1392 4237; x_wconf 84' lang='grc' dir='ltr'>γάρ</span> <span class='ocrx_word' id='word_1_404' title='bbox 1438 4183 1491 4220; x_wconf 87' lang='grc' dir='ltr'><strong>τι</strong></span> <span class='ocrx_word' id='word_1_405' title='bbox 1517 4167 1753 4236; x_wconf 80' lang='grc' dir='ltr'>πρᾶγμα</span> <span class='ocrx_word' id='word_1_406' title='bbox 1794 4166 1823 4219; x_wconf 81' lang='grc' dir='ltr'><strong>ό</strong></span> 
     </span>
    </p>
   </div>
   <div class='ocr_carea' id='block_1_58' title="bbox 235 4257 1823 4332">
    <p class='ocr_par' dir='ltr' id='par_1_58' title="bbox 235 4257 1823 4332">
     <span class='ocr_line' id='line_1_58' title="bbox 235 4257 1823 4332; baseline -0.004 -15"><span class='ocrx_word' id='word_1_407' title='bbox 235 4260 390 4327; x_wconf 87' lang='grc' dir='ltr'>νοῦς,</span> <span class='ocrx_word' id='word_1_408' title='bbox 420 4262 517 4315; x_wconf 81' lang='grc' dir='ltr'>καὶ</span> <span class='ocrx_word' id='word_1_409' title='bbox 544 4260 683 4332; x_wconf 82' lang='grc' dir='ltr'>πρὸς</span> <span class='ocrx_word' id='word_1_410' title='bbox 701 4261 800 4325; x_wconf 81' lang='grc' dir='ltr'>τὰς</span> <span class='ocrx_word' id='word_1_411' title='bbox 820 4259 1057 4332; x_wconf 89' lang='grc' dir='ltr'>ἀνόμους</span> <span class='ocrx_word' id='word_1_412' title='bbox 1086 4259 1415 4331; x_wconf 70' lang='grc' dir='ltr'>ὲνθυμήσεις</span> <span class='ocrx_word' id='word_1_413' title='bbox 1436 4257 1823 4324; x_wconf 78' lang='grc' dir='ltr'>δυσκάθεκτον,</span> 
     </span>
    </p>
   </div>
   <div class='ocr_carea' id='block_1_59' title="bbox 234 4349 1824 4423">
    <p class='ocr_par' dir='ltr' id='par_1_59' title="bbox 234 4349 1824 4423">
     <span class='ocr_line' id='line_1_59' title="bbox 234 4349 1824 4423; baseline -0.003 -17"><span class='ocrx_word' id='word_1_414' title='bbox 234 4352 442 4423; x_wconf 86' lang='grc' dir='ltr'>ὁμοίως</span> <span class='ocrx_word' id='word_1_415' title='bbox 462 4354 661 4417; x_wconf 87' lang='grc' dir='ltr'>κακαῖς</span> <span class='ocrx_word' id='word_1_416' title='bbox 678 4367 740 4405; x_wconf 83' lang='grc' dir='ltr'><strong>τε</strong></span> <span class='ocrx_word' id='word_1_417' title='bbox 762 4351 857 4404; x_wconf 81' lang='grc' dir='ltr'>καὶ</span> <span class='ocrx_word' id='word_1_418' title='bbox 878 4351 1113 4419; x_wconf 77' lang='grc' dir='ltr'>ἀγαθαῖς</span> <span class='ocrx_word' id='word_1_419' title='bbox 1137 4349 1463 4419; x_wconf 88' lang='grc' dir='ltr'>φαντασίαις</span> <span class='ocrx_word' id='word_1_420' title='bbox 1483 4349 1824 4419; x_wconf 83' lang='grc' dir='ltr'>λογιστικαῑς</span> 
     </span>
    </p>
   </div>
   <div class='ocr_carea' id='block_1_60' title="bbox 237 4443 925 4509">
    <p class='ocr_par' dir='ltr' id='par_1_60' title="bbox 237 4443 925 4509">
     <span class='ocr_line' id='line_1_60' title="bbox 237 4443 925 4509; baseline 0.003 -11"><span class='ocrx_word' id='word_1_421' title='bbox 237 4446 481 4509; x_wconf 78' lang='grc' dir='ltr'>εὐκόλως</span> <span class='ocrx_word' id='word_1_422' title='bbox 507 4443 925 4509; x_wconf 73' lang='grc' dir='ltr'>ἑξακολουθοῦν.</span> 
     </span>
    </p>
   </div>
   <div class='ocr_carea' id='block_1_61' title="bbox 315 4529 1843 4610">
    <p class='ocr_par' dir='ltr' id='par_1_61' title="bbox 315 4529 1843 4610">
     <span class='ocr_line' id='line_1_61' title="bbox 315 4529 1843 4610; baseline -0.002 -19"><span class='ocrx_word' id='word_1_423' title='bbox 315 4537 421 4605; x_wconf 48' lang='grc' dir='ltr'>κδ’.</span> <span class='ocrx_word' id='word_1_424' title='bbox 455 4538 747 4610; x_wconf 83' lang='grc' dir='ltr'>Μακάριος</span> <span class='ocrx_word' id='word_1_425' title='bbox 781 4538 953 4601; x_wconf 75' lang='grc' dir='ltr'>ὅντως</span> <span class='ocrx_word' id='word_1_426' title='bbox 1002 4529 1047 4605; x_wconf 79' lang='grc' dir='ltr'>ᾧ</span> <span class='ocrx_word' id='word_1_427' title='bbox 1090 4535 1234 4603; x_wconf 82' lang='grc' dir='ltr'>οὕτω</span> <span class='ocrx_word' id='word_1_428' title='bbox 1272 4535 1600 4607; x_wconf 85' lang='grc' dir='ltr'>κεκόλληται</span> <span class='ocrx_word' id='word_1_429' title='bbox 1650 4533 1843 4606; x_wconf 84' lang='grc' dir='ltr'>Ἰησοῦ</span> 
     </span>
    </p>
   </div>
   <div class='ocr_carea' id='block_1_62' title="bbox 1914 2052 3488 2124">
    <p class='ocr_par' dir='ltr' id='par_1_62' title="bbox 1914 2052 3488 2124">
     <span class='ocr_line' id='line_1_62' title="bbox 1914 2052 3488 2124; baseline 0.001 -16"><span class='ocrx_word' id='word_1_430' title='bbox 1914 2052 2163 2109; x_wconf 71' lang='lat' dir='ltr'><strong>daemone</strong></span> <span class='ocrx_word' id='word_1_431' title='bbox 2234 2055 2592 2110; x_wconf 84' lang='lat' dir='ltr'><strong>conciliamus</strong></span> <span class='ocrx_word' id='word_1_432' title='bbox 2632 2055 2929 2112; x_wconf 86' lang='lat' dir='ltr'><strong>amicitiam</strong></span> <span class='ocrx_word' id='word_1_433' title='bbox 2972 2073 2987 2111; x_wconf 93' lang='lat'><strong>:</strong></span> <span class='ocrx_word' id='word_1_434' title='bbox 3052 2072 3119 2111; x_wconf 88' lang='lat' dir='ltr'><strong>eo</strong></span> <span class='ocrx_word' id='word_1_435' title='bbox 3166 2057 3310 2124; x_wconf 89' lang='lat' dir='ltr'><strong>quod</strong></span> <span class='ocrx_word' id='word_1_436' title='bbox 3348 2071 3488 2111; x_wconf 87' lang='lat' dir='ltr'><strong>vane</strong></span> 
     </span>
    </p>
   </div>
   <div class='ocr_carea' id='block_1_63' title="bbox 1914 2144 3488 2217">
    <p class='ocr_par' dir='ltr' id='par_1_63' title="bbox 1914 2144 3488 2217">
     <span class='ocr_line' id='line_1_63' title="bbox 1914 2144 3488 2217; baseline 0.001 -18"><span class='ocrx_word' id='word_1_437' title='bbox 1914 2144 2150 2217; x_wconf 87' lang='lat' dir='ltr'><strong>gloriosa</strong></span> <span class='ocrx_word' id='word_1_438' title='bbox 2172 2154 2230 2201; x_wconf 91' lang='lat' dir='ltr'><strong>et</strong></span> <span class='ocrx_word' id='word_1_439' title='bbox 2261 2146 2535 2217; x_wconf 76' lang='lat' dir='ltr'><strong>arroganti</strong></span> <span class='ocrx_word' id='word_1_440' title='bbox 2569 2145 2830 2216; x_wconf 88' lang='lat' dir='ltr'><strong>opinione</strong></span> <span class='ocrx_word' id='word_1_441' title='bbox 2876 2147 3150 2203; x_wconf 90' lang='lat' dir='ltr'><strong>ducimur.</strong></span> <span class='ocrx_word' id='word_1_442' title='bbox 3178 2145 3288 2201; x_wconf 89' lang='lat' dir='ltr'><strong>llac</strong></span> <span class='ocrx_word' id='word_1_443' title='bbox 3328 2163 3488 2201; x_wconf 76' lang='lat' dir='ltr'><strong>nani-</strong></span> 
     </span>
    </p>
   </div>
   <div class='ocr_carea' id='block_1_64' title="bbox 1913 2226 3488 2309">
    <p class='ocr_par' dir='ltr' id='par_1_64' title="bbox 1913 2226 3488 2309">
     <span class='ocr_line' id='line_1_64' title="bbox 1913 2226 3488 2309; baseline 0 -19"><span class='ocrx_word' id='word_1_444' title='bbox 1913 2250 2021 2306; x_wconf 90' lang='lat' dir='ltr'><strong>que</strong></span> <span class='ocrx_word' id='word_1_445' title='bbox 2058 2235 2128 2291; x_wconf 90' lang='lat' dir='ltr'><strong>de</strong></span> <span class='ocrx_word' id='word_1_446' title='bbox 2166 2250 2331 2291; x_wconf 88' lang='lat' dir='ltr'><strong>causa</strong></span> <span class='ocrx_word' id='word_1_447' title='bbox 2387 2236 2685 2305; x_wconf 76' lang='lat' dir='ltr'><strong>Apostolus</strong></span> <span class='ocrx_word' id='word_1_448' title='bbox 2736 2236 2913 2291; x_wconf 90' lang='lat' dir='ltr'><strong>dixit:</strong></span> <span class='ocrx_word' id='word_1_449' title='bbox 2960 2236 3098 2301; x_wconf 84' lang='lat' dir='ltr'><strong>Quid</strong></span> <span class='ocrx_word' id='word_1_450' title='bbox 3143 2226 3298 2292; x_wconf 35' lang='lat' dir='ltr'><strong>Ita’bn</strong></span> <span class='ocrx_word' id='word_1_451' title='bbox 3352 2238 3488 2309; x_wconf 82' lang='lat' dir='ltr'><strong>quod</strong></span> 
     </span>
    </p>
   </div>
   <div class='ocr_carea' id='block_1_65' title="bbox 1915 2325 3488 2398">
    <p class='ocr_par' dir='ltr' id='par_1_65' title="bbox 1915 2325 3488 2398">
     <span class='ocr_line' id='line_1_65' title="bbox 1915 2325 3488 2398; baseline 0 -17"><span class='ocrx_word' id='word_1_452' title='bbox 1915 2341 2020 2381; x_wconf 77' lang='grc' dir='ltr'>ιιοιι</span> <span class='ocrx_word' id='word_1_453' title='bbox 2038 2326 2285 2397; x_wconf 75' lang='lat' dir='ltr'><strong>accepisti</strong></span> <span class='ocrx_word' id='word_1_454' title='bbox 2312 2343 2344 2379; x_wconf 92' lang='lat' dir='ltr'><strong>a</strong></span> <span class='ocrx_word' id='word_1_455' title='bbox 2371 2325 2477 2380; x_wconf 78' lang='lat' dir='ltr'><strong>Deo</strong></span> <span class='ocrx_word' id='word_1_456' title='bbox 2495 2327 2574 2380; x_wconf 73' lang='grc' dir='ltr'><strong>ὀἳ</strong></span> <span class='ocrx_word' id='word_1_457' title='bbox 2596 2326 2738 2381; x_wconf 88' lang='lat' dir='ltr'><strong>Num</strong></span> <span class='ocrx_word' id='word_1_458' title='bbox 2758 2336 2814 2381; x_wconf 91' lang='lat' dir='ltr'><strong>tu</strong></span> <span class='ocrx_word' id='word_1_459' title='bbox 2833 2328 3066 2398; x_wconf 83' lang='lat' dir='ltr'><strong>teipsutn</strong></span> <span class='ocrx_word' id='word_1_460' title='bbox 3084 2328 3277 2383; x_wconf 87' lang='lat' dir='ltr'><strong>creasti</strong></span> <span class='ocrx_word' id='word_1_461' title='bbox 3294 2329 3316 2381; x_wconf 67' lang='grc' dir='ltr'><em>ἲ</em></span> <span class='ocrx_word' id='word_1_462' title='bbox 3332 2327 3488 2395; x_wconf 87' lang='lat' dir='ltr'><strong>Quod</strong></span> 
     </span>
    </p>
   </div>
   <div class='ocr_carea' id='block_1_66' title="bbox 1915 2414 3492 2489">
    <p class='ocr_par' dir='ltr' id='par_1_66' title="bbox 1915 2414 3492 2489">
     <span class='ocr_line' id='line_1_66' title="bbox 1915 2414 3492 2489; baseline 0.001 -18"><span class='ocrx_word' id='word_1_463' title='bbox 1915 2414 1963 2471; x_wconf 89' lang='lat' dir='ltr'><strong>si</strong></span> <span class='ocrx_word' id='word_1_464' title='bbox 1992 2430 2192 2486; x_wconf 89' lang='lat' dir='ltr'><strong>corpus</strong></span> <span class='ocrx_word' id='word_1_465' title='bbox 2211 2426 2266 2470; x_wconf 90' lang='lat' dir='ltr'><strong>et</strong></span> <span class='ocrx_word' id='word_1_466' title='bbox 2287 2415 2547 2481; x_wconf 88' lang='lat' dir='ltr'><strong>animam,</strong></span> <span class='ocrx_word' id='word_1_467' title='bbox 2578 2432 2643 2471; x_wconf 76' lang='lat' dir='ltr'><strong>ex</strong></span> <span class='ocrx_word' id='word_1_468' title='bbox 2672 2417 2892 2487; x_wconf 85' lang='lat' dir='ltr'><strong>quibus,</strong></span> <span class='ocrx_word' id='word_1_469' title='bbox 2951 2417 3004 2471; x_wconf 93' lang='lat' dir='ltr'><strong>in</strong></span> <span class='ocrx_word' id='word_1_470' title='bbox 3038 2418 3258 2488; x_wconf 85' lang='lat' dir='ltr'><strong>quibus,</strong></span> <span class='ocrx_word' id='word_1_471' title='bbox 3287 2429 3342 2473; x_wconf 87' lang='lat' dir='ltr'><strong>et</strong></span> <span class='ocrx_word' id='word_1_472' title='bbox 3390 2433 3492 2489; x_wconf 90' lang='lat' dir='ltr'><strong>per</strong></span> 
     </span>
    </p>
   </div>
   <div class='ocr_carea' id='block_1_67' title="bbox 1914 2506 3492 2579">
    <p class='ocr_par' dir='ltr' id='par_1_67' title="bbox 1914 2506 3492 2579">
     <span class='ocr_line' id='line_1_67' title="bbox 1914 2506 3492 2579; baseline -0.001 -17"><span class='ocrx_word' id='word_1_473' title='bbox 1914 2522 2036 2579; x_wconf 72' lang='lat' dir='ltr'><strong>qua:</strong></span> <span class='ocrx_word' id='word_1_474' title='bbox 2060 2507 2309 2562; x_wconf 85' lang='lat' dir='ltr'><strong>consistit</strong></span> <span class='ocrx_word' id='word_1_475' title='bbox 2336 2507 2514 2560; x_wconf 89' lang='lat' dir='ltr'><strong>omnis</strong></span> <span class='ocrx_word' id='word_1_476' title='bbox 2548 2507 2740 2569; x_wconf 89' lang='lat' dir='ltr'><strong>virtus,</strong></span> <span class='ocrx_word' id='word_1_477' title='bbox 2797 2523 2828 2561; x_wconf 88' lang='lat' dir='ltr'><strong>a</strong></span> <span class='ocrx_word' id='word_1_478' title='bbox 2859 2506 2971 2561; x_wconf 90' lang='lat' dir='ltr'><strong>Deo</strong></span> <span class='ocrx_word' id='word_1_479' title='bbox 2997 2507 3276 2576; x_wconf 84' lang='lat' dir='ltr'><strong>acceperis</strong></span> <span class='ocrx_word' id='word_1_480' title='bbox 3302 2547 3316 2572; x_wconf 91' lang='lat'><strong>,</strong></span> <span class='ocrx_word' id='word_1_481' title='bbox 3362 2507 3492 2578; x_wconf 80' lang='lat' dir='ltr'><strong>quid</strong></span> 
     </span>
    </p>
   </div>
   <div class='ocr_carea' id='block_1_68' title="bbox 1914 2597 3489 2671">
    <p class='ocr_par' dir='ltr' id='par_1_68' title="bbox 1914 2597 3489 2671">
     <span class='ocr_line' id='line_1_68' title="bbox 1914 2597 3489 2671; baseline 0 -17"><span class='ocrx_word' id='word_1_482' title='bbox 1914 2600 2185 2671; x_wconf 76' lang='lat' dir='ltr'><strong>gloriaris,</strong></span> <span class='ocrx_word' id='word_1_483' title='bbox 2217 2601 2370 2670; x_wconf 76' lang='lat' dir='ltr'><strong>quasi</strong></span> <span class='ocrx_word' id='word_1_484' title='bbox 2405 2616 2507 2652; x_wconf 84' lang='lat' dir='ltr'><strong>non</strong></span> <span class='ocrx_word' id='word_1_485' title='bbox 2531 2601 2793 2667; x_wconf 80' lang='lat' dir='ltr'><strong>acceperis</strong></span> <span class='ocrx_word' id='word_1_486' title='bbox 2807 2599 2890 2653; x_wconf 66' lang='grc' dir='ltr'><strong>’τί</strong></span> <span class='ocrx_word' id='word_1_487' title='bbox 2919 2597 3181 2653; x_wconf 83' lang='lat' dir='ltr'><strong>Dominus</strong></span> <span class='ocrx_word' id='word_1_488' title='bbox 3203 2597 3347 2654; x_wconf 77' lang='lat' dir='ltr'><strong>enim</strong></span> <span class='ocrx_word' id='word_1_489' title='bbox 3384 2608 3489 2665; x_wconf 85' lang='lat' dir='ltr'><strong>est,</strong></span> 
     </span>
    </p>
   </div>
   <div class='ocr_carea' id='block_1_69' title="bbox 1917 2688 2628 2761">
    <p class='ocr_par' dir='ltr' id='par_1_69' title="bbox 1917 2688 2628 2761">
     <span class='ocr_line' id='line_1_69' title="bbox 1917 2688 2628 2761; baseline -0.001 -18"><span class='ocrx_word' id='word_1_490' title='bbox 1917 2689 2006 2761; x_wconf 86' lang='lat' dir='ltr'><strong>qui</strong></span> <span class='ocrx_word' id='word_1_491' title='bbox 2031 2689 2125 2744; x_wconf 86' lang='lat' dir='ltr'><strong>tibi</strong></span> <span class='ocrx_word' id='word_1_492' title='bbox 2154 2688 2256 2743; x_wconf 86' lang='lat' dir='ltr'><strong>ista</strong></span> <span class='ocrx_word' id='word_1_493' title='bbox 2277 2689 2503 2758; x_wconf 79' lang='lat' dir='ltr'><strong>largitus</strong></span> <span class='ocrx_word' id='word_1_494' title='bbox 2526 2697 2628 2742; x_wconf 89' lang='lat' dir='ltr'><strong>est.</strong></span> 
     </span>
    </p>
   </div>
   <div class='ocr_carea' id='block_1_70' title="bbox 1987 2780 3491 2853">
    <p class='ocr_par' dir='ltr' id='par_1_70' title="bbox 1987 2780 3491 2853">
     <span class='ocr_line' id='line_1_70' title="bbox 1987 2780 3491 2853; baseline 0 -18"><span class='ocrx_word' id='word_1_495' title='bbox 1987 2782 2078 2838; x_wconf 95' lang='lat' dir='ltr'><strong>9l.</strong></span> <span class='ocrx_word' id='word_1_496' title='bbox 2122 2781 2274 2836; x_wconf 84' lang='lat' dir='ltr'><strong>Nulla</strong></span> <span class='ocrx_word' id='word_1_497' title='bbox 2308 2798 2533 2851; x_wconf 88' lang='lat' dir='ltr'><strong>prorsus</strong></span> <span class='ocrx_word' id='word_1_498' title='bbox 2555 2790 2638 2836; x_wconf 88' lang='lat' dir='ltr'><strong>est</strong></span> <span class='ocrx_word' id='word_1_499' title='bbox 2666 2781 2767 2836; x_wconf 90' lang='lat' dir='ltr'><strong>alia</strong></span> <span class='ocrx_word' id='word_1_500' title='bbox 2796 2781 2978 2837; x_wconf 89' lang='lat' dir='ltr'><strong>cordis</strong></span> <span class='ocrx_word' id='word_1_501' title='bbox 3002 2780 3343 2853; x_wconf 78' lang='lat' dir='ltr'><strong>expurgandi</strong></span> <span class='ocrx_word' id='word_1_502' title='bbox 3409 2797 3491 2835; x_wconf 61' lang='lat' dir='ltr'><strong>ra»</strong></span> 
     </span>
    </p>
   </div>
   <div class='ocr_carea' id='block_1_71' title="bbox 1917 2873 3493 2945">
    <p class='ocr_par' dir='ltr' id='par_1_71' title="bbox 1917 2873 3493 2945">
     <span class='ocr_line' id='line_1_71' title="bbox 1917 2873 3493 2945; baseline 0 -16"><span class='ocrx_word' id='word_1_503' title='bbox 1917 2873 2017 2938; x_wconf 89' lang='lat' dir='ltr'><strong>tio,</strong></span> <span class='ocrx_word' id='word_1_504' title='bbox 2050 2890 2157 2945; x_wconf 88' lang='lat' dir='ltr'><strong>qua</strong></span> <span class='ocrx_word' id='word_1_505' title='bbox 2182 2884 2238 2930; x_wconf 92' lang='lat' dir='ltr'><strong>et</strong></span> <span class='ocrx_word' id='word_1_506' title='bbox 2279 2874 2639 2929; x_wconf 89' lang='lat' dir='ltr'><strong>humilitatem</strong></span> <span class='ocrx_word' id='word_1_507' title='bbox 2658 2884 2712 2929; x_wconf 89' lang='lat' dir='ltr'><strong>et</strong></span> <span class='ocrx_word' id='word_1_508' title='bbox 2740 2889 2903 2930; x_wconf 88' lang='lat' dir='ltr'><strong>omne</strong></span> <span class='ocrx_word' id='word_1_509' title='bbox 2944 2874 3153 2930; x_wconf 89' lang='lat' dir='ltr'><strong>bonum</strong></span> <span class='ocrx_word' id='word_1_510' title='bbox 3184 2890 3214 2930; x_wconf 91' lang='lat' dir='ltr'><strong>e</strong></span> <span class='ocrx_word' id='word_1_511' title='bbox 3241 2874 3493 2945; x_wconf 90' lang='lat' dir='ltr'><strong>supernis</strong></span> 
     </span>
    </p>
   </div>
   <div class='ocr_carea' id='block_1_72' title="bbox 1917 2966 3492 3039">
    <p class='ocr_par' dir='ltr' id='par_1_72' title="bbox 1917 2966 3492 3039">
     <span class='ocr_line' id='line_1_72' title="bbox 1917 2966 3492 3039; baseline 0 -18"><span class='ocrx_word' id='word_1_512' title='bbox 1917 2966 1974 3022; x_wconf 91' lang='lat' dir='ltr'><strong>in</strong></span> <span class='ocrx_word' id='word_1_513' title='bbox 2004 2983 2106 3022; x_wconf 89' lang='lat' dir='ltr'><strong>nos</strong></span> <span class='ocrx_word' id='word_1_514' title='bbox 2142 2968 2476 3024; x_wconf 82' lang='lat' dir='ltr'><strong>descendere</strong></span> <span class='ocrx_word' id='word_1_515' title='bbox 2522 2968 2911 3039; x_wconf 82' lang='lat' dir='ltr'><strong>comperimus,</strong></span> <span class='ocrx_word' id='word_1_516' title='bbox 2968 2984 3130 3039; x_wconf 91' lang='lat' dir='ltr'><strong>quam</strong></span> <span class='ocrx_word' id='word_1_517' title='bbox 3187 2968 3233 3021; x_wconf 89' lang='lat' dir='ltr'><strong>si</strong></span> <span class='ocrx_word' id='word_1_518' title='bbox 3284 2968 3492 3022; x_wconf 88' lang='lat' dir='ltr'><strong>nullum</strong></span> 
     </span>
    </p>
   </div>
   <div class='ocr_carea' id='block_1_73' title="bbox 1918 3054 3494 3127">
    <p class='ocr_par' dir='ltr' id='par_1_73' title="bbox 1918 3054 3494 3127">
     <span class='ocr_line' id='line_1_73' title="bbox 1918 3054 3494 3127; baseline -0.002 -16"><span class='ocrx_word' id='word_1_519' title='bbox 1918 3054 2114 3111; x_wconf 88' lang='lat' dir='ltr'><strong>demus</strong></span> <span class='ocrx_word' id='word_1_520' title='bbox 2140 3055 2300 3126; x_wconf 89' lang='lat' dir='ltr'><strong>plane</strong></span> <span class='ocrx_word' id='word_1_521' title='bbox 2326 3055 2507 3110; x_wconf 89' lang='lat' dir='ltr'><strong>locum</strong></span> <span class='ocrx_word' id='word_1_522' title='bbox 2526 3055 2953 3127; x_wconf 80' lang='lat' dir='ltr'><strong>cogitationibus</strong></span> <span class='ocrx_word' id='word_1_523' title='bbox 2984 3056 3128 3111; x_wconf 85' lang='lat' dir='ltr'><strong>ostio</strong></span> <span class='ocrx_word' id='word_1_524' title='bbox 3154 3054 3494 3110; x_wconf 90' lang='lat' dir='ltr'><strong>imminenti-</strong></span> 
     </span>
    </p>
   </div>
   <div class='ocr_carea' id='block_1_74' title="bbox 1919 3145 2039 3201">
    <p class='ocr_par' dir='ltr' id='par_1_74' title="bbox 1919 3145 2039 3201">
     <span class='ocr_line' id='line_1_74' title="bbox 1919 3145 2039 3201; baseline -0.008 0"><span class='ocrx_word' id='word_1_525' title='bbox 1919 3145 2039 3201; x_wconf 86' lang='lat' dir='ltr'><strong>bus.</strong></span> 
     </span>
    </p>
   </div>
   <div class='ocr_carea' id='block_1_75' title="bbox 1988 3254 3492 3328">
    <p class='ocr_par' dir='ltr' id='par_1_75' title="bbox 1988 3254 3492 3328">
     <span class='ocr_line' id='line_1_75' title="bbox 1988 3254 3492 3328; baseline 0.003 -17"><span class='ocrx_word' id='word_1_526' title='bbox 1988 3255 2077 3311; x_wconf 72' lang='lat'><strong>92.</strong></span> <span class='ocrx_word' id='word_1_527' title='bbox 2105 3254 2362 3313; x_wconf 86' lang='lat' dir='ltr'><strong>Custodia</strong></span> <span class='ocrx_word' id='word_1_528' title='bbox 2392 3257 2540 3313; x_wconf 90' lang='lat' dir='ltr'><strong>enim</strong></span> <span class='ocrx_word' id='word_1_529' title='bbox 2565 3257 2786 3322; x_wconf 87' lang='lat' dir='ltr'><strong>mentis,</strong></span> <span class='ocrx_word' id='word_1_530' title='bbox 2812 3272 2957 3328; x_wconf 76' lang='lat' dir='ltr'><strong>qute,</strong></span> <span class='ocrx_word' id='word_1_531' title='bbox 3006 3257 3121 3315; x_wconf 90' lang='lat' dir='ltr'><strong>Deo</strong></span> <span class='ocrx_word' id='word_1_532' title='bbox 3160 3258 3381 3316; x_wconf 77' lang='lat' dir='ltr'><strong>favente</strong></span> <span class='ocrx_word' id='word_1_533' title='bbox 3439 3270 3492 3316; x_wconf 85' lang='lat' dir='ltr'><strong>et</strong></span> 
     </span>
    </p>
   </div>
   <div class='ocr_carea' id='block_1_76' title="bbox 1920 3347 3495 3423">
    <p class='ocr_par' dir='ltr' id='par_1_76' title="bbox 1920 3347 3495 3423">
     <span class='ocr_line' id='line_1_76' title="bbox 1920 3347 3495 3423; baseline 0.005 -21"><span class='ocrx_word' id='word_1_534' title='bbox 1920 3347 2013 3403; x_wconf 89' lang='lat' dir='ltr'><strong>Dei</strong></span> <span class='ocrx_word' id='word_1_535' title='bbox 2040 3349 2210 3404; x_wconf 88' lang='lat' dir='ltr'><strong>solius</strong></span> <span class='ocrx_word' id='word_1_536' title='bbox 2244 3349 2468 3417; x_wconf 83' lang='lat' dir='ltr'><strong>auxilio,</strong></span> <span class='ocrx_word' id='word_1_537' title='bbox 2496 3359 2813 3420; x_wconf 80' lang='lat' dir='ltr'><strong>perseverat</strong></span> <span class='ocrx_word' id='word_1_538' title='bbox 2844 3350 2900 3405; x_wconf 92' lang='lat' dir='ltr'><strong>in</strong></span> <span class='ocrx_word' id='word_1_539' title='bbox 2938 3350 3141 3418; x_wconf 87' lang='lat' dir='ltr'><strong>anima,</strong></span> <span class='ocrx_word' id='word_1_540' title='bbox 3172 3353 3495 3423; x_wconf 82' lang='lat' dir='ltr'><strong>sapientiam</strong></span> 
     </span>
    </p>
   </div>
   <div class='ocr_carea' id='block_1_77' title="bbox 1918 3440 3496 3511">
    <p class='ocr_par' dir='ltr' id='par_1_77' title="bbox 1918 3440 3496 3511">
     <span class='ocr_line' id='line_1_77' title="bbox 1918 3440 3496 3511; baseline 0.002 -16"><span class='ocrx_word' id='word_1_541' title='bbox 1918 3448 2199 3511; x_wconf 83' lang='lat' dir='ltr'><strong>comparat</strong></span> <span class='ocrx_word' id='word_1_542' title='bbox 2224 3440 2525 3495; x_wconf 87' lang='lat' dir='ltr'><strong>intellectui</strong></span> <span class='ocrx_word' id='word_1_543' title='bbox 2560 3440 2926 3511; x_wconf 85' lang='lat' dir='ltr'><strong>principatum</strong></span> <span class='ocrx_word' id='word_1_544' title='bbox 2955 3442 3251 3508; x_wconf 88' lang='lat' dir='ltr'><strong>obtinenti,</strong></span> <span class='ocrx_word' id='word_1_545' title='bbox 3277 3443 3331 3498; x_wconf 91' lang='lat' dir='ltr'><strong>in</strong></span> <span class='ocrx_word' id='word_1_546' title='bbox 3374 3460 3496 3499; x_wconf 87' lang='lat' dir='ltr'><strong>cer-</strong></span> 
     </span>
    </p>
   </div>
   <div class='ocr_carea' id='block_1_78' title="bbox 1919 3531 3497 3607">
    <p class='ocr_par' dir='ltr' id='par_1_78' title="bbox 1919 3531 3497 3607">
     <span class='ocr_line' id='line_1_78' title="bbox 1919 3531 3497 3607; baseline 0.003 -21"><span class='ocrx_word' id='word_1_547' title='bbox 1919 3531 2216 3587; x_wconf 88' lang='lat' dir='ltr'><strong>taminibus</strong></span> <span class='ocrx_word' id='word_1_548' title='bbox 2246 3531 2338 3588; x_wconf 88' lang='lat' dir='ltr'><strong>Dei</strong></span> <span class='ocrx_word' id='word_1_549' title='bbox 2368 3541 2505 3587; x_wconf 91' lang='lat' dir='ltr'><strong>nutu</strong></span> <span class='ocrx_word' id='word_1_550' title='bbox 2524 3532 2797 3598; x_wconf 85' lang='lat' dir='ltr'><strong>ineundis,</strong></span> <span class='ocrx_word' id='word_1_551' title='bbox 2823 3534 3047 3604; x_wconf 86' lang='lat' dir='ltr'><strong>ejusque</strong></span> <span class='ocrx_word' id='word_1_552' title='bbox 3076 3536 3335 3593; x_wconf 70' lang='lat' dir='ltr'><strong>custodia:</strong></span> <span class='ocrx_word' id='word_1_553' title='bbox 3368 3553 3497 3607; x_wconf 83' lang='lat' dir='ltr'><strong>par-</strong></span> 
     </span>
    </p>
   </div>
   <div class='ocr_carea' id='block_1_79' title="bbox 1920 3621 3498 3696">
    <p class='ocr_par' dir='ltr' id='par_1_79' title="bbox 1920 3621 3498 3696">
     <span class='ocr_line' id='line_1_79' title="bbox 1920 3621 3498 3696; baseline 0.003 -18"><span class='ocrx_word' id='word_1_554' title='bbox 1920 3622 2095 3693; x_wconf 86' lang='lat' dir='ltr'><strong>ticipi,</strong></span> <span class='ocrx_word' id='word_1_555' title='bbox 2131 3621 2520 3679; x_wconf 66' lang='lat' dir='ltr'><strong>suﬁcientiam</strong></span> <span class='ocrx_word' id='word_1_556' title='bbox 2578 3639 2688 3679; x_wconf 89' lang='lat' dir='ltr'><strong>non</strong></span> <span class='ocrx_word' id='word_1_557' title='bbox 2720 3626 2989 3680; x_wconf 87' lang='lat' dir='ltr'><strong>modicam</strong></span> <span class='ocrx_word' id='word_1_558' title='bbox 3039 3637 3278 3696; x_wconf 71' lang='lat' dir='ltr'><strong>praestat,</strong></span> <span class='ocrx_word' id='word_1_559' title='bbox 3312 3628 3365 3682; x_wconf 90' lang='lat' dir='ltr'><strong>in</strong></span> <span class='ocrx_word' id='word_1_560' title='bbox 3410 3644 3498 3682; x_wconf 84' lang='lat' dir='ltr'><strong>re-</strong></span> 
     </span>
    </p>
   </div>
   <div class='ocr_carea' id='block_1_80' title="bbox 1918 3704 3495 3790">
    <p class='ocr_par' dir='ltr' id='par_1_80' title="bbox 1918 3704 3495 3790">
     <span class='ocr_line' id='line_1_80' title="bbox 1918 3704 3495 3790; baseline 0.003 -20"><span class='ocrx_word' id='word_1_561' title='bbox 1918 3712 2023 3771; x_wconf 90' lang='lat' dir='ltr'><strong>bus</strong></span> <span class='ocrx_word' id='word_1_562' title='bbox 2050 3721 2106 3769; x_wconf 90' lang='lat' dir='ltr'><strong>et</strong></span> <span class='ocrx_word' id='word_1_563' title='bbox 2128 3716 2473 3771; x_wconf 85' lang='lat' dir='ltr'><strong>sermonibus</strong></span> <span class='ocrx_word' id='word_1_564' title='bbox 2517 3715 2626 3771; x_wconf 87' lang='lat' dir='ltr'><strong>Deo</strong></span> <span class='ocrx_word' id='word_1_565' title='bbox 2659 3715 2825 3787; x_wconf 77' lang='lat' dir='ltr'><strong>gratis</strong></span> <span class='ocrx_word' id='word_1_566' title='bbox 2852 3704 2976 3771; x_wconf 77' lang='lat' dir='ltr'><strong>cuin</strong></span> <span class='ocrx_word' id='word_1_567' title='bbox 3003 3716 3208 3787; x_wconf 82' lang='lat' dir='ltr'><strong>judicio</strong></span> <span class='ocrx_word' id='word_1_568' title='bbox 3225 3719 3495 3790; x_wconf 87' lang='lat' dir='ltr'><strong>regendis.</strong></span> 
     </span>
    </p>
   </div>
   <div class='ocr_carea' id='block_1_81' title="bbox 1990 3805 3499 3867">
    <p class='ocr_par' dir='ltr' id='par_1_81' title="bbox 1990 3805 3499 3867">
     <span class='ocr_line' id='line_1_81' title="bbox 1990 3805 3499 3867; baseline 0.003 -5"><span class='ocrx_word' id='word_1_569' title='bbox 1990 3806 2080 3862; x_wconf 80' lang='grc'>95.</span> <span class='ocrx_word' id='word_1_570' title='bbox 2117 3805 2404 3863; x_wconf 83' lang='lat' dir='ltr'><strong>Pontiﬁcis</strong></span> <span class='ocrx_word' id='word_1_571' title='bbox 2455 3819 2779 3864; x_wconf 83' lang='lat' dir='ltr'><strong>ornamenta</strong></span> <span class='ocrx_word' id='word_1_572' title='bbox 2823 3810 2877 3864; x_wconf 90' lang='lat' dir='ltr'><strong>in</strong></span> <span class='ocrx_word' id='word_1_573' title='bbox 2911 3806 3097 3864; x_wconf 76' lang='lat' dir='ltr'><strong>Veteri</strong></span> <span class='ocrx_word' id='word_1_574' title='bbox 3145 3809 3499 3867; x_wconf 82' lang='lat' dir='ltr'><strong>Testamento</strong></span> 
     </span>
    </p>
   </div>
   <div class='ocr_carea' id='block_1_82' title="bbox 1922 3898 3499 3974">
    <p class='ocr_par' dir='ltr' id='par_1_82' title="bbox 1922 3898 3499 3974">
     <span class='ocr_line' id='line_1_82' title="bbox 1922 3898 3499 3974; baseline 0.003 -20"><span class='ocrx_word' id='word_1_575' title='bbox 1922 3898 2233 3967; x_wconf 81' lang='lat' dir='ltr'><strong>manifesta,</strong></span> <span class='ocrx_word' id='word_1_576' title='bbox 2277 3910 2436 3956; x_wconf 90' lang='lat' dir='ltr'><strong>erant</strong></span> <span class='ocrx_word' id='word_1_577' title='bbox 2457 3911 2765 3971; x_wconf 66' lang='lat' dir='ltr'><strong>praeeuntes</strong></span> <span class='ocrx_word' id='word_1_578' title='bbox 2783 3901 2965 3957; x_wconf 84' lang='lat' dir='ltr'><strong>cordis</strong></span> <span class='ocrx_word' id='word_1_579' title='bbox 3010 3902 3130 3973; x_wconf 89' lang='lat' dir='ltr'><strong>puri</strong></span> <span class='ocrx_word' id='word_1_580' title='bbox 3166 3902 3388 3974; x_wconf 78' lang='lat' dir='ltr'><strong>figurae:</strong></span> <span class='ocrx_word' id='word_1_581' title='bbox 3441 3914 3499 3958; x_wconf 89' lang='lat' dir='ltr'><strong>ut</strong></span> 
     </span>
    </p>
   </div>
   <div class='ocr_carea' id='block_1_83' title="bbox 1923 3989 3500 4047">
    <p class='ocr_par' dir='ltr' id='par_1_83' title="bbox 1923 3989 3500 4047">
     <span class='ocr_line' id='line_1_83' title="bbox 1923 3989 3500 4047; baseline 0.003 -5"><span class='ocrx_word' id='word_1_582' title='bbox 1923 3996 1979 4045; x_wconf 91' lang='lat' dir='ltr'><strong>et</strong></span> <span class='ocrx_word' id='word_1_583' title='bbox 1998 4004 2102 4043; x_wconf 89' lang='lat' dir='ltr'><strong>nos</strong></span> <span class='ocrx_word' id='word_1_584' title='bbox 2132 3989 2392 4045; x_wconf 89' lang='lat' dir='ltr'><strong>laminam</strong></span> <span class='ocrx_word' id='word_1_585' title='bbox 2423 3989 2606 4045; x_wconf 90' lang='lat' dir='ltr'><strong>cordis</strong></span> <span class='ocrx_word' id='word_1_586' title='bbox 2638 3991 2997 4046; x_wconf 83' lang='lat' dir='ltr'><strong>observemus</strong></span> <span class='ocrx_word' id='word_1_587' title='bbox 3031 4006 3103 4046; x_wconf 91' lang='lat' dir='ltr'><strong>ne</strong></span> <span class='ocrx_word' id='word_1_588' title='bbox 3152 3992 3264 4047; x_wconf 92' lang='lat' dir='ltr'><strong>ullo</strong></span> <span class='ocrx_word' id='word_1_589' title='bbox 3336 3994 3500 4047; x_wconf 86' lang='lat' dir='ltr'><strong>modo</strong></span> 
     </span>
    </p>
   </div>
   <div class='ocr_carea' id='block_1_84' title="bbox 1927 4078 3499 4154">
    <p class='ocr_par' dir='ltr' id='par_1_84' title="bbox 1927 4078 3499 4154">
     <span class='ocr_line' id='line_1_84' title="bbox 1927 4078 3499 4154; baseline 0.004 -21"><span class='ocrx_word' id='word_1_590' title='bbox 1927 4078 2203 4149; x_wconf 87' lang='lat' dir='ltr'><strong>nigrescat</strong></span> <span class='ocrx_word' id='word_1_591' title='bbox 2224 4090 2449 4150; x_wconf 85' lang='lat' dir='ltr'><strong>peccato</strong></span> <span class='ocrx_word' id='word_1_592' title='bbox 2482 4081 2618 4138; x_wconf 88' lang='lat' dir='ltr'><strong>:sed</strong></span> <span class='ocrx_word' id='word_1_593' title='bbox 2647 4081 3021 4153; x_wconf 87' lang='lat' dir='ltr'><strong>abstergamus</strong></span> <span class='ocrx_word' id='word_1_594' title='bbox 3064 4082 3193 4138; x_wconf 91' lang='lat' dir='ltr'><strong>illud</strong></span> <span class='ocrx_word' id='word_1_595' title='bbox 3226 4083 3499 4154; x_wconf 83' lang='lat' dir='ltr'><strong>lacrymis,</strong></span> 
     </span>
    </p>
   </div>
   <div class='ocr_carea' id='block_1_85' title="bbox 1923 4169 3500 4244">
    <p class='ocr_par' dir='ltr' id='par_1_85' title="bbox 1923 4169 3500 4244">
     <span class='ocr_line' id='line_1_85' title="bbox 1923 4169 3500 4244; baseline 0.004 -20"><span class='ocrx_word' id='word_1_596' title='bbox 1923 4169 2245 4240; x_wconf 79' lang='lat' dir='ltr'><strong>pteniteutia</strong></span> <span class='ocrx_word' id='word_1_597' title='bbox 2294 4180 2351 4225; x_wconf 88' lang='lat' dir='ltr'><strong>et</strong></span> <span class='ocrx_word' id='word_1_598' title='bbox 2369 4172 2635 4226; x_wconf 87' lang='lat' dir='ltr'><strong>oratione.</strong></span> <span class='ocrx_word' id='word_1_599' title='bbox 2673 4171 2823 4226; x_wconf 82' lang='lat' dir='ltr'><strong>Mens</strong></span> <span class='ocrx_word' id='word_1_600' title='bbox 2851 4173 2997 4227; x_wconf 84' lang='lat' dir='ltr'><strong>enim</strong></span> <span class='ocrx_word' id='word_1_601' title='bbox 3035 4190 3121 4227; x_wconf 90' lang='lat' dir='ltr'><strong>rcs</strong></span> <span class='ocrx_word' id='word_1_602' title='bbox 3147 4184 3231 4228; x_wconf 84' lang='lat' dir='ltr'><strong>est</strong></span> <span class='ocrx_word' id='word_1_603' title='bbox 3254 4177 3500 4244; x_wconf 75' lang='lat' dir='ltr'><strong>quaedam</strong></span> 
     </span>
    </p>
   </div>
   <div class='ocr_carea' id='block_1_86' title="bbox 1924 4258 3500 4335">
    <p class='ocr_par' dir='ltr' id='par_1_86' title="bbox 1924 4258 3500 4335">
     <span class='ocr_line' id='line_1_86' title="bbox 1924 4258 3500 4335; baseline 0.004 -19"><span class='ocrx_word' id='word_1_604' title='bbox 1924 4258 2157 4326; x_wconf 80' lang='lat' dir='ltr'><strong>lubrica,</strong></span> <span class='ocrx_word' id='word_1_605' title='bbox 2216 4274 2338 4332; x_wconf 66' lang='lat' dir='ltr'><strong>qua</strong></span> <span class='ocrx_word' id='word_1_606' title='bbox 2383 4279 2493 4317; x_wconf 92' lang='lat' dir='ltr'><strong>non</strong></span> <span class='ocrx_word' id='word_1_607' title='bbox 2520 4263 2679 4318; x_wconf 78' lang='lat' dir='ltr'><strong>facile</strong></span> <span class='ocrx_word' id='word_1_608' title='bbox 2725 4274 3012 4319; x_wconf 87' lang='lat' dir='ltr'><strong>coercetur</strong></span> <span class='ocrx_word' id='word_1_609' title='bbox 3041 4266 3110 4319; x_wconf 87' lang='lat' dir='ltr'><strong>ab</strong></span> <span class='ocrx_word' id='word_1_610' title='bbox 3131 4266 3332 4335; x_wconf 87' lang='lat' dir='ltr'><strong>iniquis</strong></span> <span class='ocrx_word' id='word_1_611' title='bbox 3370 4282 3500 4322; x_wconf 90' lang='lat' dir='ltr'><strong>cou-</strong></span> 
     </span>
    </p>
   </div>
   <div class='ocr_carea' id='block_1_87' title="bbox 1925 4353 3500 4426">
    <p class='ocr_par' dir='ltr' id='par_1_87' title="bbox 1925 4353 3500 4426">
     <span class='ocr_line' id='line_1_87' title="bbox 1925 4353 3500 4426; baseline 0.002 -17"><span class='ocrx_word' id='word_1_612' title='bbox 1925 4353 2269 4425; x_wconf 86' lang='lat' dir='ltr'><strong>ceptionibus</strong></span> <span class='ocrx_word' id='word_1_613' title='bbox 2304 4370 2316 4405; x_wconf 88' lang='lat'><strong>:</strong></span> <span class='ocrx_word' id='word_1_614' title='bbox 2359 4356 2619 4425; x_wconf 81' lang='lat' dir='ltr'><strong>nulloque</strong></span> <span class='ocrx_word' id='word_1_615' title='bbox 2640 4355 2857 4426; x_wconf 85' lang='lat' dir='ltr'><strong>negotio</strong></span> <span class='ocrx_word' id='word_1_616' title='bbox 2879 4357 3049 4410; x_wconf 81' lang='lat' dir='ltr'><strong>bonas</strong></span> <span class='ocrx_word' id='word_1_617' title='bbox 3087 4366 3140 4410; x_wconf 89' lang='lat' dir='ltr'><strong>et</strong></span> <span class='ocrx_word' id='word_1_618' title='bbox 3168 4358 3338 4411; x_wconf 90' lang='lat' dir='ltr'><strong>malas</strong></span> <span class='ocrx_word' id='word_1_619' title='bbox 3367 4359 3500 4413; x_wconf 83' lang='lat' dir='ltr'><strong>inta-</strong></span> 
     </span>
    </p>
   </div>
   <div class='ocr_carea' id='block_1_88' title="bbox 1926 4445 3493 4517">
    <p class='ocr_par' dir='ltr' id='par_1_88' title="bbox 1926 4445 3493 4517">
     <span class='ocr_line' id='line_1_88' title="bbox 1926 4445 3493 4517; baseline 0.001 -18"><span class='ocrx_word' id='word_1_620' title='bbox 1926 4445 2238 4517; x_wconf 87' lang='lat' dir='ltr'><strong>ginationes</strong></span> <span class='ocrx_word' id='word_1_621' title='bbox 2272 4446 2525 4500; x_wconf 86' lang='lat' dir='ltr'><strong>rationali</strong></span> <span class='ocrx_word' id='word_1_622' title='bbox 2554 4446 2693 4517; x_wconf 89' lang='lat' dir='ltr'><strong>parti</strong></span> <span class='ocrx_word' id='word_1_623' title='bbox 2713 4445 2957 4514; x_wconf 86' lang='lat' dir='ltr'><strong>objectas</strong></span> <span class='ocrx_word' id='word_1_624' title='bbox 2981 4445 3209 4514; x_wconf 88' lang='lat' dir='ltr'><strong>perinde</strong></span> <span class='ocrx_word' id='word_1_625' title='bbox 3231 4455 3493 4501; x_wconf 89' lang='lat' dir='ltr'><strong>sectatur.</strong></span> 
     </span>
    </p>
   </div>
   <div class='ocr_carea' id='block_1_89' title="bbox 1997 4535 3500 4598">
    <p class='ocr_par' dir='ltr' id='par_1_89' title="bbox 1997 4535 3500 4598">
     <span class='ocr_line' id='line_1_89' title="bbox 1997 4535 3500 4598; baseline 0.002 -7"><span class='ocrx_word' id='word_1_626' title='bbox 1997 4536 2087 4591; x_wconf 81' lang='grc'>94.</span> <span class='ocrx_word' id='word_1_627' title='bbox 2145 4535 2396 4591; x_wconf 81' lang='lat' dir='ltr'><strong>Profecto</strong></span> <span class='ocrx_word' id='word_1_628' title='bbox 2438 4537 2631 4592; x_wconf 88' lang='lat' dir='ltr'><strong>beatus</strong></span> <span class='ocrx_word' id='word_1_629' title='bbox 2663 4546 2775 4591; x_wconf 88' lang='lat' dir='ltr'><strong>&#39;est</strong></span> <span class='ocrx_word' id='word_1_630' title='bbox 2805 4537 2914 4598; x_wconf 87' lang='lat' dir='ltr'><strong>ille,</strong></span> <span class='ocrx_word' id='word_1_631' title='bbox 2959 4536 3043 4591; x_wconf 89' lang='lat' dir='ltr'><strong>cui</strong></span> <span class='ocrx_word' id='word_1_632' title='bbox 3075 4537 3154 4592; x_wconf 89' lang='lat' dir='ltr'><strong>sic</strong></span> <span class='ocrx_word' id='word_1_633' title='bbox 3175 4538 3416 4593; x_wconf 70' lang='lat' dir='ltr'><strong>adhaeret</strong></span> <span class='ocrx_word' id='word_1_634' title='bbox 3446 4541 3500 4594; x_wconf 87' lang='lat' dir='ltr'><strong>in</strong></span> 
     </span>
    </p>
   </div>
   <div class='ocr_carea' id='block_1_90' title="bbox 238 4623 1817 4715">
    <p class='ocr_par' dir='ltr' id='par_1_90' title="bbox 238 4626 1817 4700">
     <span class='ocr_line' id='line_1_90' title="bbox 238 4626 1817 4700; baseline -0.001 -19"><span class='ocrx_word' id='word_1_635' title='bbox 238 4627 374 4699; x_wconf 82' lang='grc' dir='ltr'>εὐχὴ</span> <span class='ocrx_word' id='word_1_636' title='bbox 421 4628 479 4682; x_wconf 74' lang='grc' dir='ltr'><strong>εν</strong></span> <span class='ocrx_word' id='word_1_637' title='bbox 512 4627 743 4700; x_wconf 76' lang='grc' dir='ltr'>διανοίᾳ,</span> <span class='ocrx_word' id='word_1_638' title='bbox 778 4626 876 4682; x_wconf 62' lang='grc' dir='ltr'><strong>καί⁵</strong></span> <span class='ocrx_word' id='word_1_639' title='bbox 928 4630 1097 4696; x_wconf 86' lang='grc' dir='ltr'>φωνεῖ</span> <span class='ocrx_word' id='word_1_640' title='bbox 1155 4626 1318 4679; x_wconf 73' lang='grc' dir='ltr'>αὑτὸν</span> <span class='ocrx_word' id='word_1_641' title='bbox 1367 4626 1729 4689; x_wconf 85' lang='grc' dir='ltr'>ἀδιαλείπτως</span> <span class='ocrx_word' id='word_1_642' title='bbox 1765 4627 1817 4679; x_wconf 80' lang='grc' dir='ltr'>ὲν</span> 
     </span>
    </p>
   </div>
   <div class='ocr_carea' id='block_1_91' title="bbox 1925 4623 3501 4715">
    <p class='ocr_par' dir='ltr' id='par_1_91' title="bbox 1931 4623 3501 4695">
     <span class='ocr_line' id='line_1_91' title="bbox 1931 4623 3501 4695; baseline 0.001 -16"><span class='ocrx_word' id='word_1_643' title='bbox 1931 4624 2116 4679; x_wconf 90' lang='lat' dir='ltr'><strong>animo</strong></span> <span class='ocrx_word' id='word_1_644' title='bbox 2168 4623 2483 4695; x_wconf 85' lang='lat' dir='ltr'><strong>deprecatio</strong></span> <span class='ocrx_word' id='word_1_645' title='bbox 2513 4625 2664 4687; x_wconf 76' lang='lat' dir='ltr'><strong>Jesu,</strong></span> <span class='ocrx_word' id='word_1_646' title='bbox 2704 4633 2759 4679; x_wconf 89' lang='lat' dir='ltr'><strong>et</strong></span> <span class='ocrx_word' id='word_1_647' title='bbox 2802 4625 2892 4694; x_wconf 87' lang='lat' dir='ltr'><strong>qui</strong></span> <span class='ocrx_word' id='word_1_648' title='bbox 2917 4624 3037 4679; x_wconf 88' lang='lat' dir='ltr'><strong>sine</strong></span> <span class='ocrx_word' id='word_1_649' title='bbox 3092 4625 3501 4681; x_wconf 84' lang='lat' dir='ltr'><strong>intermissione</strong></span> 
     </span>
    </p>
   </div>
   <div class='ocr_carea' id='block_1_92' title="bbox 238 4714 1817 4790">
    <p class='ocr_par' dir='ltr' id='par_1_92' title="bbox 238 4714 1817 4790">
     <span class='ocr_line' id='line_1_92' title="bbox 238 4714 1817 4790; baseline -0.003 -19"><span class='ocrx_word' id='word_1_650' title='bbox 238 4717 457 4790; x_wconf 81' lang='grc' dir='ltr'>καρδίᾳ,</span> <span class='ocrx_word' id='word_1_651' title='bbox 490 4717 680 4788; x_wconf 80' lang='grc' dir='ltr'>ὥσπερ</span> <span class='ocrx_word' id='word_1_652' title='bbox 713 4718 919 4786; x_wconf 78' lang='grc' dir='ltr'>ἥνωται</span> <span class='ocrx_word' id='word_1_653' title='bbox 943 4720 971 4770; x_wconf 85' lang='grc' dir='ltr'><strong>ό</strong></span> <span class='ocrx_word' id='word_1_654' title='bbox 1000 4716 1110 4786; x_wconf 80' lang='grc' dir='ltr'>ἀὴρ</span> <span class='ocrx_word' id='word_1_655' title='bbox 1149 4717 1262 4778; x_wconf 86' lang='grc' dir='ltr'>τοῖς</span> <span class='ocrx_word' id='word_1_656' title='bbox 1284 4715 1441 4784; x_wconf 79' lang='grc' dir='ltr'>ἡμῶν</span> <span class='ocrx_word' id='word_1_657' title='bbox 1482 4714 1749 4784; x_wconf 80' lang='grc' dir='ltr'>σώμασιν,</span> <span class='ocrx_word' id='word_1_658' title='bbox 1787 4714 1817 4785; x_wconf 79' lang='grc' dir='ltr'>ἢ</span> 
     </span>
    </p>
   </div>
   <div class='ocr_carea' id='block_1_93' title="bbox 1925 4714 3501 4790">
    <p class='ocr_par' dir='ltr' id='par_1_93' title="bbox 1931 4715 3501 4788">
     <span class='ocr_line' id='line_1_93' title="bbox 1931 4715 3501 4788; baseline 0.002 -17"><span class='ocrx_word' id='word_1_659' title='bbox 1931 4726 2155 4772; x_wconf 86' lang='lat' dir='ltr'><strong>resonat</strong></span> <span class='ocrx_word' id='word_1_660' title='bbox 2176 4716 2352 4787; x_wconf 85' lang='lat' dir='ltr'><strong>ipsum</strong></span> <span class='ocrx_word' id='word_1_661' title='bbox 2376 4716 2432 4769; x_wconf 92' lang='lat' dir='ltr'><strong>in</strong></span> <span class='ocrx_word' id='word_1_662' title='bbox 2456 4717 2643 4779; x_wconf 90' lang='lat' dir='ltr'><strong>corde,</strong></span> <span class='ocrx_word' id='word_1_663' title='bbox 2679 4715 2824 4770; x_wconf 90' lang='lat' dir='ltr'><strong>sicut</strong></span> <span class='ocrx_word' id='word_1_664' title='bbox 2843 4715 3031 4770; x_wconf 91' lang='lat' dir='ltr'><strong>unitur</strong></span> <span class='ocrx_word' id='word_1_665' title='bbox 3050 4732 3143 4770; x_wconf 85' lang='lat' dir='ltr'><strong>aer</strong></span> <span class='ocrx_word' id='word_1_666' title='bbox 3181 4720 3501 4788; x_wconf 67' lang='lat' dir='ltr'><strong>corporibus</strong></span> 
     </span>
    </p>
   </div>
   <div class='ocr_carea' id='block_1_94' title="bbox 242 4804 1825 4879">
    <p class='ocr_par' dir='ltr' id='par_1_94' title="bbox 242 4804 1825 4879">
     <span class='ocr_line' id='line_1_94' title="bbox 242 4804 1825 4879; baseline 0.001 -20"><span class='ocrx_word' id='word_1_667' title='bbox 242 4809 319 4870; x_wconf 85' lang='grc' dir='ltr'>ὼς</span> <span class='ocrx_word' id='word_1_668' title='bbox 360 4806 491 4876; x_wconf 78' lang='grc' dir='ltr'>φλὸξ</span> <span class='ocrx_word' id='word_1_669' title='bbox 524 4808 699 4879; x_wconf 80' lang='grc' dir='ltr'>κηρῷ.</span> <span class='ocrx_word' id='word_1_670' title='bbox 732 4806 842 4860; x_wconf 77' lang='grc' dir='ltr'><strong>Καὶ</strong></span> <span class='ocrx_word' id='word_1_671' title='bbox 869 4807 1218 4875; x_wconf 71' lang='grc' dir='ltr'>διερχόμενος</span> <span class='ocrx_word' id='word_1_672' title='bbox 1251 4806 1351 4875; x_wconf 80' lang='grc' dir='ltr'>μὲν</span> <span class='ocrx_word' id='word_1_673' title='bbox 1375 4804 1526 4876; x_wconf 76' lang='grc' dir='ltr'>ἥλιος</span> <span class='ocrx_word' id='word_1_674' title='bbox 1558 4806 1697 4876; x_wconf 75' lang='grc' dir='ltr'>ὑπὲρ</span> <span class='ocrx_word' id='word_1_675' title='bbox 1722 4806 1825 4876; x_wconf 81' lang='grc' dir='ltr'>γῆν</span> 
     </span>
    </p>
   </div>
   <div class='ocr_carea' id='block_1_95' title="bbox 242 4896 1823 4972">
    <p class='ocr_par' dir='ltr' id='par_1_95' title="bbox 242 4896 1823 4972">
     <span class='ocr_line' id='line_1_95' title="bbox 242 4896 1823 4972; baseline -0.001 -18"><span class='ocrx_word' id='word_1_676' title='bbox 242 4902 463 4972; x_wconf 77' lang='grc' dir='ltr'>ποιήσει</span> <span class='ocrx_word' id='word_1_677' title='bbox 517 4900 730 4971; x_wconf 74' lang='grc' dir='ltr'>ἡμέραν</span> <span class='ocrx_word' id='word_1_678' title='bbox 751 4918 765 4932; x_wconf 81' lang='lat'><strong>-</strong></span> <span class='ocrx_word' id='word_1_679' title='bbox 812 4900 874 4951; x_wconf 80' lang='grc' dir='ltr'>τὸ</span> <span class='ocrx_word' id='word_1_680' title='bbox 905 4899 960 4952; x_wconf 71' lang='grc' dir='ltr'>δὲ</span> <span class='ocrx_word' id='word_1_681' title='bbox 1015 4898 1224 4967; x_wconf 78' lang='grc' dir='ltr'>Κυρίου</span> <span class='ocrx_word' id='word_1_682' title='bbox 1257 4896 1436 4966; x_wconf 87' lang='grc' dir='ltr'>Ἰησοῦ</span> <span class='ocrx_word' id='word_1_683' title='bbox 1465 4896 1620 4965; x_wconf 74' lang='grc' dir='ltr'>ἅγιον</span> <span class='ocrx_word' id='word_1_684' title='bbox 1654 4898 1823 4968; x_wconf 75' lang='grc' dir='ltr'>ὄνομα</span> 
     </span>
    </p>
   </div>
   <div class='ocr_carea' id='block_1_96' title="bbox 241 4989 1823 5063">
    <p class='ocr_par' dir='ltr' id='par_1_96' title="bbox 241 4989 1823 5063">
     <span class='ocr_line' id='line_1_96' title="bbox 241 4989 1823 5063; baseline -0.003 -15"><span class='ocrx_word' id='word_1_685' title='bbox 241 4994 334 5048; x_wconf 67' lang='grc' dir='ltr'><strong>καὶ</strong></span> <span class='ocrx_word' id='word_1_686' title='bbox 365 4993 661 5063; x_wconf 78' lang='grc' dir='ltr'>σεὸἀσμιον</span> <span class='ocrx_word' id='word_1_687' title='bbox 692 4993 751 5045; x_wconf 73' lang='grc' dir='ltr'>ὲν</span> <span class='ocrx_word' id='word_1_688' title='bbox 774 4990 986 5063; x_wconf 73' lang='grc' dir='ltr'>διανοίᾳ</span> <span class='ocrx_word' id='word_1_689' title='bbox 1019 4991 1237 5060; x_wconf 82' lang='grc' dir='ltr'>λάμπον</span> <span class='ocrx_word' id='word_1_690' title='bbox 1276 4992 1344 5061; x_wconf 76' lang='grc' dir='ltr'><strong>τῇ</strong></span> <span class='ocrx_word' id='word_1_691' title='bbox 1385 4989 1659 5061; x_wconf 81' lang='grc' dir='ltr'>συνεχείᾳ,</span> <span class='ocrx_word' id='word_1_692' title='bbox 1700 5007 1823 5058; x_wconf 86' lang='grc' dir='ltr'>γεν-</span> 
     </span>
    </p>
   </div>
   <div class='ocr_carea' id='block_1_97' title="bbox 240 5082 1408 5157">
    <p class='ocr_par' dir='ltr' id='par_1_97' title="bbox 240 5082 1408 5157">
     <span class='ocr_line' id='line_1_97' title="bbox 240 5082 1408 5157; baseline -0.002 -18"><span class='ocrx_word' id='word_1_693' title='bbox 240 5087 396 5157; x_wconf 82' lang='grc' dir='ltr'>νήσει</span> <span class='ocrx_word' id='word_1_694' title='bbox 429 5082 834 5155; x_wconf 81' lang='grc' dir='ltr'>εὐαριθμήτους</span> <span class='ocrx_word' id='word_1_695' title='bbox 864 5082 1148 5155; x_wconf 77' lang='grc' dir='ltr'>ήλιοειδεῖς</span> <span class='ocrx_word' id='word_1_696' title='bbox 1172 5083 1408 5146; x_wconf 72' lang='grc' dir='ltr'>ἐννοίας.</span> 
     </span>
    </p>
   </div>
   <div class='ocr_carea' id='block_1_98' title="bbox 317 5254 1909 5333">
    <p class='ocr_par' dir='ltr' id='par_1_98' title="bbox 317 5254 1909 5333">
     <span class='ocr_line' id='line_1_98' title="bbox 317 5254 1909 5333; baseline -0.004 -14"><span class='ocrx_word' id='word_1_697' title='bbox 317 5269 424 5333; x_wconf 53' lang='lat' dir='ltr'><strong>l‘s’.</strong></span> <span class='ocrx_word' id='word_1_698' title='bbox 455 5262 565 5317; x_wconf 68' lang='grc' dir='ltr'><strong>Καὶ</strong></span> <span class='ocrx_word' id='word_1_699' title='bbox 582 5254 1080 5316; x_wconf 72' lang='grc' dir='ltr'>διασκεδασθέντων</span> <span class='ocrx_word' id='word_1_700' title='bbox 1130 5259 1229 5331; x_wconf 76' lang='grc' dir='ltr'>μὲν</span> <span class='ocrx_word' id='word_1_701' title='bbox 1257 5259 1456 5329; x_wconf 83' lang='grc' dir='ltr'>νεφῶν,</span> <span class='ocrx_word' id='word_1_702' title='bbox 1489 5258 1597 5331; x_wconf 81' lang='grc' dir='ltr'>ἀὴρ</span> <span class='ocrx_word' id='word_1_703' title='bbox 1646 5260 1821 5315; x_wconf 77' lang='grc' dir='ltr'>καθα·</span> <span class='ocrx_word' id='word_1_704' title='bbox 1906 5286 1909 5289; x_wconf 55' lang='grc' dir='ltr'><strong>ν</strong></span> 
     </span>
    </p>
   </div>
   <div class='ocr_carea' id='block_1_99' title="bbox 243 5350 1822 5429">
    <p class='ocr_par' dir='ltr' id='par_1_99' title="bbox 243 5350 1822 5429">
     <span class='ocr_line' id='line_1_99' title="bbox 243 5350 1822 5429; baseline -0.002 -21"><span class='ocrx_word' id='word_1_705' title='bbox 243 5356 338 5429; x_wconf 66' lang='lat' dir='ltr'><strong>pb;</strong></span> <span class='ocrx_word' id='word_1_706' title='bbox 370 5354 667 5409; x_wconf 80' lang='grc' dir='ltr'>δείκνυται.</span> <span class='ocrx_word' id='word_1_707' title='bbox 718 5352 1015 5407; x_wconf 65' lang='grc' dir='ltr'>Φαντασίαι</span> <span class='ocrx_word' id='word_1_708' title='bbox 1043 5351 1101 5405; x_wconf 72' lang='grc' dir='ltr'>δὲ</span> <span class='ocrx_word' id='word_1_709' title='bbox 1128 5351 1234 5405; x_wconf 79' lang='grc' dir='ltr'>ὑπὸ</span> <span class='ocrx_word' id='word_1_710' title='bbox 1260 5350 1355 5405; x_wconf 86' lang='grc' dir='ltr'><strong>τοῦ</strong></span> <span class='ocrx_word' id='word_1_711' title='bbox 1395 5350 1578 5405; x_wconf 80' lang='grc' dir='ltr'>Ἡλίου</span> <span class='ocrx_word' id='word_1_712' title='bbox 1608 5351 1711 5422; x_wconf 80' lang='grc' dir='ltr'>τῆς</span> <span class='ocrx_word' id='word_1_713' title='bbox 1742 5352 1822 5405; x_wconf 93' lang='grc' dir='ltr'>δι-</span> 
     </span>
    </p>
   </div>
   <div class='ocr_carea' id='block_1_100' title="bbox 240 5444 1822 5519">
    <p class='ocr_par' dir='ltr' id='par_1_100' title="bbox 240 5444 1822 5519">
     <span class='ocr_line' id='line_1_100' title="bbox 240 5444 1822 5519; baseline -0.002 -16"><span class='ocrx_word' id='word_1_714' title='bbox 240 5446 540 5518; x_wconf 88' lang='grc' dir='ltr'>καιοσύνης</span> <span class='ocrx_word' id='word_1_715' title='bbox 559 5446 738 5517; x_wconf 83' lang='grc' dir='ltr'>Ἰησοῦ</span> <span class='ocrx_word' id='word_1_716' title='bbox 764 5445 1004 5519; x_wconf 85' lang='grc' dir='ltr'>Χριστοῦ</span> <span class='ocrx_word' id='word_1_717' title='bbox 1036 5444 1505 5501; x_wconf 81' lang='grc' dir='ltr'>διασκεδασθεῖσαι</span> <span class='ocrx_word' id='word_1_718' title='bbox 1536 5445 1631 5499; x_wconf 75' lang='grc' dir='ltr'>καὶ</span> <span class='ocrx_word' id='word_1_719' title='bbox 1667 5444 1822 5500; x_wconf 86' lang='grc' dir='ltr'>λεαν-</span> 
     </span>
    </p>
   </div>
   <div class='ocr_carea' id='block_1_101' title="bbox 242 5536 1822 5610">
    <p class='ocr_par' dir='ltr' id='par_1_101' title="bbox 242 5536 1822 5610">
     <span class='ocr_line' id='line_1_101' title="bbox 242 5536 1822 5610; baseline -0.002 -17"><span class='ocrx_word' id='word_1_720' title='bbox 242 5540 442 5604; x_wconf 70' lang='lat' dir='ltr'><strong>eam,</strong></span> <span class='ocrx_word' id='word_1_721' title='bbox 472 5538 762 5610; x_wconf 82' lang='grc' dir='ltr'>φεγγοειδῆ</span> <span class='ocrx_word' id='word_1_722' title='bbox 795 5540 890 5593; x_wconf 76' lang='grc' dir='ltr'>καὶ</span> <span class='ocrx_word' id='word_1_723' title='bbox 910 5537 1225 5609; x_wconf 78' lang='grc' dir='ltr'>ἀστεροειδῆ</span> <span class='ocrx_word' id='word_1_724' title='bbox 1257 5538 1504 5609; x_wconf 83' lang='grc' dir='ltr'>νοήματα</span> <span class='ocrx_word' id='word_1_725' title='bbox 1524 5536 1822 5606; x_wconf 81' lang='grc' dir='ltr'>γεννᾶσθαι</span> 
     </span>
    </p>
   </div>
   <div class='ocr_carea' id='block_1_102' title="bbox 239 5627 1820 5702">
    <p class='ocr_par' dir='ltr' id='par_1_102' title="bbox 239 5627 1820 5702">
     <span class='ocr_line' id='line_1_102' title="bbox 239 5627 1820 5702; baseline 0 -18"><span class='ocrx_word' id='word_1_726' title='bbox 239 5632 303 5684; x_wconf 71' lang='grc' dir='ltr'>ιν</span> <span class='ocrx_word' id='word_1_727' title='bbox 331 5629 529 5702; x_wconf 77' lang='grc' dir='ltr'>καρδίᾳ</span> <span class='ocrx_word' id='word_1_728' title='bbox 556 5630 623 5683; x_wconf 78' lang='grc' dir='ltr'>ὲκ</span> <span class='ocrx_word' id='word_1_729' title='bbox 650 5629 849 5694; x_wconf 76' lang='grc' dir='ltr'>παντὸς</span> <span class='ocrx_word' id='word_1_730' title='bbox 882 5627 1159 5698; x_wconf 83' lang='grc' dir='ltr'>πεφύκασι</span> <span class='ocrx_word' id='word_1_731' title='bbox 1187 5628 1282 5682; x_wconf 88' lang='grc' dir='ltr'><strong>τοῦ</strong></span> <span class='ocrx_word' id='word_1_732' title='bbox 1315 5629 1478 5701; x_wconf 80' lang='grc' dir='ltr'>ἀέρος</span> <span class='ocrx_word' id='word_1_733' title='bbox 1535 5629 1704 5701; x_wconf 83' lang='grc' dir='ltr'>αὑτῆς</span> <span class='ocrx_word' id='word_1_734' title='bbox 1732 5628 1820 5684; x_wconf 76' lang='grc' dir='ltr'><strong>διὰ</strong></span> 
     </span>
    </p>
   </div>
   <div class='ocr_carea' id='block_1_103' title="bbox 240 5717 1817 5793">
    <p class='ocr_par' dir='ltr' id='par_1_103' title="bbox 240 5717 1817 5793">
     <span class='ocr_line' id='line_1_103' title="bbox 240 5717 1817 5793; baseline 0.001 -20"><span class='ocrx_word' id='word_1_735' title='bbox 240 5718 421 5792; x_wconf 81' lang='grc' dir='ltr'>Ἰησοῦ</span> <span class='ocrx_word' id='word_1_736' title='bbox 448 5719 808 5788; x_wconf 67' lang='grc' dir='ltr'>φωισθᾶντος</span> <span class='ocrx_word' id='word_1_737' title='bbox 829 5734 845 5749; x_wconf 90' lang='grc'><strong>·</strong></span> <span class='ocrx_word' id='word_1_738' title='bbox 873 5718 1010 5791; x_wconf 75' lang='grc' dir='ltr'>φησὶ</span> <span class='ocrx_word' id='word_1_739' title='bbox 1054 5717 1164 5791; x_wconf 87' lang='grc' dir='ltr'><strong>γάρ</strong></span> <span class='ocrx_word' id='word_1_740' title='bbox 1189 5717 1219 5770; x_wconf 87' lang='grc' dir='ltr'><strong>ό</strong></span> <span class='ocrx_word' id='word_1_741' title='bbox 1244 5719 1680 5793; x_wconf 82' lang='grc' dir='ltr'>Ἐκκλησιαστής</span> <span class='ocrx_word' id='word_1_742' title='bbox 1705 5737 1719 5751; x_wconf 75' lang='grc' dir='ltr'><strong>ο</strong></span> <span class='ocrx_word' id='word_1_743' title='bbox 1751 5723 1817 5774; x_wconf 84' lang='grc' dir='ltr'><em>Οἱ</em></span> 
     </span>
    </p>
   </div>
   <div class='ocr_carea' id='block_1_104' title="bbox 1931 4805 3495 4876">
    <p class='ocr_par' dir='ltr' id='par_1_104' title="bbox 1931 4805 3495 4876">
     <span class='ocr_line' id='line_1_104' title="bbox 1931 4805 3495 4876; baseline 0 -13"><span class='ocrx_word' id='word_1_744' title='bbox 1931 4807 2156 4871; x_wconf 89' lang='lat' dir='ltr'><strong>nostris,</strong></span> <span class='ocrx_word' id='word_1_745' title='bbox 2213 4816 2306 4860; x_wconf 89' lang='lat' dir='ltr'><strong>aut</strong></span> <span class='ocrx_word' id='word_1_746' title='bbox 2347 4805 2563 4861; x_wconf 86' lang='lat' dir='ltr'><strong>ﬂamma</strong></span> <span class='ocrx_word' id='word_1_747' title='bbox 2598 4806 2860 4861; x_wconf 68' lang='lat' dir='ltr'><strong>candelae.</strong></span> <span class='ocrx_word' id='word_1_748' title='bbox 2891 4805 2984 4861; x_wconf 85' lang='lat' dir='ltr'><strong>Sol</strong></span> <span class='ocrx_word' id='word_1_749' title='bbox 3008 4807 3190 4876; x_wconf 87' lang='lat' dir='ltr'><strong>itaque</strong></span> <span class='ocrx_word' id='word_1_750' title='bbox 3219 4810 3495 4864; x_wconf 88' lang='lat' dir='ltr'><strong>transiens</strong></span> 
     </span>
    </p>
   </div>
   <div class='ocr_carea' id='block_1_105' title="bbox 1928 4895 3502 4969">
    <p class='ocr_par' dir='ltr' id='par_1_105' title="bbox 1928 4895 3502 4969">
     <span class='ocr_line' id='line_1_105' title="bbox 1928 4895 3502 4969; baseline 0.001 -16"><span class='ocrx_word' id='word_1_751' title='bbox 1928 4912 2091 4969; x_wconf 88' lang='lat' dir='ltr'><strong>supra</strong></span> <span class='ocrx_word' id='word_1_752' title='bbox 2132 4906 2352 4961; x_wconf 86' lang='lat' dir='ltr'><strong>terram,</strong></span> <span class='ocrx_word' id='word_1_753' title='bbox 2419 4896 2565 4951; x_wconf 89' lang='lat' dir='ltr'><strong>diem</strong></span> <span class='ocrx_word' id='word_1_754' title='bbox 2625 4895 2823 4951; x_wconf 79' lang='lat' dir='ltr'><strong>elIlciet</strong></span> <span class='ocrx_word' id='word_1_755' title='bbox 2853 4913 2868 4950; x_wconf 90' lang='lat'><strong>:</strong></span> <span class='ocrx_word' id='word_1_756' title='bbox 2900 4907 3151 4954; x_wconf 89' lang='lat' dir='ltr'><strong>sanctum</strong></span> <span class='ocrx_word' id='word_1_757' title='bbox 3204 4908 3388 4953; x_wconf 87' lang='lat' dir='ltr'><strong>autem</strong></span> <span class='ocrx_word' id='word_1_758' title='bbox 3440 4916 3502 4954; x_wconf 90' lang='lat' dir='ltr'><strong>ac</strong></span> 
     </span>
    </p>
   </div>
   <div class='ocr_carea' id='block_1_106' title="bbox 1929 4986 3500 5054">
    <p class='ocr_par' dir='ltr' id='par_1_106' title="bbox 1929 4986 3500 5054">
     <span class='ocr_line' id='line_1_106' title="bbox 1929 4986 3500 5054; baseline 0.002 -12"><span class='ocrx_word' id='word_1_759' title='bbox 1929 4989 2292 5044; x_wconf 88' lang='lat' dir='ltr'><strong>reverendum</strong></span> <span class='ocrx_word' id='word_1_760' title='bbox 2318 4986 2534 5042; x_wconf 88' lang='lat' dir='ltr'><strong>Domini</strong></span> <span class='ocrx_word' id='word_1_761' title='bbox 2560 4986 2689 5042; x_wconf 83' lang='lat' dir='ltr'><strong>Jesu</strong></span> <span class='ocrx_word' id='word_1_762' title='bbox 2707 5001 2928 5054; x_wconf 87' lang='lat' dir='ltr'><strong>nomen,</strong></span> <span class='ocrx_word' id='word_1_763' title='bbox 2945 4989 3195 5044; x_wconf 86' lang='lat' dir='ltr'><strong>relucens</strong></span> <span class='ocrx_word' id='word_1_764' title='bbox 3222 4992 3276 5044; x_wconf 91' lang='lat' dir='ltr'><strong>in</strong></span> <span class='ocrx_word' id='word_1_765' title='bbox 3298 5001 3500 5054; x_wconf 85' lang='lat' dir='ltr'><strong>mente,</strong></span> 
     </span>
    </p>
   </div>
   <div class='ocr_carea' id='block_1_107' title="bbox 1928 5076 3503 5150">
    <p class='ocr_par' dir='ltr' id='par_1_107' title="bbox 1928 5076 3503 5150">
     <span class='ocr_line' id='line_1_107' title="bbox 1928 5076 3503 5150; baseline 0.001 -16"><span class='ocrx_word' id='word_1_766' title='bbox 1928 5078 2288 5148; x_wconf 89' lang='lat' dir='ltr'><strong>contiguitate</strong></span> <span class='ocrx_word' id='word_1_767' title='bbox 2317 5091 2417 5131; x_wconf 87' lang='lat' dir='ltr'><strong>sua</strong></span> <span class='ocrx_word' id='word_1_768' title='bbox 2448 5076 2898 5143; x_wconf 87' lang='lat' dir='ltr'><strong>innumerabiles,</strong></span> <span class='ocrx_word' id='word_1_769' title='bbox 2961 5078 3091 5133; x_wconf 86' lang='lat' dir='ltr'><strong>solis</strong></span> <span class='ocrx_word' id='word_1_770' title='bbox 3120 5079 3289 5133; x_wconf 89' lang='lat' dir='ltr'><strong>instar</strong></span> <span class='ocrx_word' id='word_1_771' title='bbox 3318 5080 3503 5150; x_wconf 85' lang='lat' dir='ltr'><strong>splen-</strong></span> 
     </span>
    </p>
   </div>
   <div class='ocr_carea' id='block_1_108' title="bbox 1929 5169 2915 5237">
    <p class='ocr_par' dir='ltr' id='par_1_108' title="bbox 1929 5169 2915 5237">
     <span class='ocr_line' id='line_1_108' title="bbox 1929 5169 2915 5237; baseline -0.002 -11"><span class='ocrx_word' id='word_1_772' title='bbox 1929 5171 2143 5232; x_wconf 88' lang='lat' dir='ltr'><strong>dentes.</strong></span> <span class='ocrx_word' id='word_1_773' title='bbox 2174 5169 2480 5237; x_wconf 85' lang='lat' dir='ltr'><strong>procreabit</strong></span> <span class='ocrx_word' id='word_1_774' title='bbox 2506 5169 2915 5236; x_wconf 87' lang='lat' dir='ltr'><strong>conceptiones.</strong></span> 
     </span>
    </p>
   </div>
   <div class='ocr_carea' id='block_1_109' title="bbox 1999 5259 3502 5332">
    <p class='ocr_par' dir='ltr' id='par_1_109' title="bbox 1999 5259 3502 5332">
     <span class='ocr_line' id='line_1_109' title="bbox 1999 5259 3502 5332; baseline 0.001 -17"><span class='ocrx_word' id='word_1_775' title='bbox 1999 5260 2089 5317; x_wconf 84' lang='lat'><strong>95.</strong></span> <span class='ocrx_word' id='word_1_776' title='bbox 2125 5260 2193 5315; x_wconf 81' lang='lat' dir='ltr'><strong>Et</strong></span> <span class='ocrx_word' id='word_1_777' title='bbox 2220 5259 2496 5330; x_wconf 89' lang='lat' dir='ltr'><strong>dissipatis</strong></span> <span class='ocrx_word' id='word_1_778' title='bbox 2523 5260 2743 5330; x_wconf 82' lang='lat' dir='ltr'><strong>quidem</strong></span> <span class='ocrx_word' id='word_1_779' title='bbox 2766 5261 3003 5316; x_wconf 89' lang='lat' dir='ltr'><strong>nubibus</strong></span> <span class='ocrx_word' id='word_1_780' title='bbox 3032 5277 3125 5315; x_wconf 77' lang='lat' dir='ltr'><strong>aer</strong></span> <span class='ocrx_word' id='word_1_781' title='bbox 3154 5273 3378 5331; x_wconf 84' lang='lat' dir='ltr'><strong>apparet</strong></span> <span class='ocrx_word' id='word_1_782' title='bbox 3404 5280 3502 5332; x_wconf 82' lang='lat' dir='ltr'><strong>pu-</strong></span> 
     </span>
    </p>
   </div>
   <div class='ocr_carea' id='block_1_110' title="bbox 1931 5348 3501 5419">
    <p class='ocr_par' dir='ltr' id='par_1_110' title="bbox 1931 5348 3501 5419">
     <span class='ocr_line' id='line_1_110' title="bbox 1931 5348 3501 5419; baseline 0.001 -14"><span class='ocrx_word' id='word_1_783' title='bbox 1931 5366 2026 5405; x_wconf 88' lang='lat' dir='ltr'><strong>rus</strong></span> <span class='ocrx_word' id='word_1_784' title='bbox 2060 5368 2073 5404; x_wconf 91' lang='lat'><strong>:</strong></span> <span class='ocrx_word' id='word_1_785' title='bbox 2106 5349 2392 5405; x_wconf 83' lang='lat' dir='ltr'><strong>illusiones</strong></span> <span class='ocrx_word' id='word_1_786' title='bbox 2418 5356 2602 5404; x_wconf 89' lang='lat' dir='ltr'><strong>autem</strong></span> <span class='ocrx_word' id='word_1_787' title='bbox 2632 5349 2701 5404; x_wconf 90' lang='lat' dir='ltr'><strong>ab</strong></span> <span class='ocrx_word' id='word_1_788' title='bbox 2725 5348 2856 5404; x_wconf 85' lang='lat' dir='ltr'><strong>Jesu</strong></span> <span class='ocrx_word' id='word_1_789' title='bbox 2888 5349 3108 5406; x_wconf 86' lang='lat' dir='ltr'><strong>Christo</strong></span> <span class='ocrx_word' id='word_1_790' title='bbox 3129 5351 3254 5405; x_wconf 85' lang='lat' dir='ltr'><strong>Sole</strong></span> <span class='ocrx_word' id='word_1_791' title='bbox 3277 5352 3501 5419; x_wconf 67' lang='lat' dir='ltr'><strong>justitiaa</strong></span> 
     </span>
    </p>
   </div>
   <div class='ocr_carea' id='block_1_111' title="bbox 1870 5441 3501 5515">
    <p class='ocr_par' dir='ltr' id='par_1_111' title="bbox 1870 5441 3501 5515">
     <span class='ocr_line' id='line_1_111' title="bbox 1870 5441 3501 5515; baseline -0.002 -17"><span class='ocrx_word' id='word_1_792' title='bbox 1870 5509 1880 5515; x_wconf 43' lang='grc'><em>,</em></span> <span class='ocrx_word' id='word_1_793' title='bbox 1928 5442 2205 5513; x_wconf 66' lang='lat' dir='ltr'><strong>dissipata:</strong></span> <span class='ocrx_word' id='word_1_794' title='bbox 2241 5451 2298 5497; x_wconf 90' lang='lat' dir='ltr'><strong>et</strong></span> <span class='ocrx_word' id='word_1_795' title='bbox 2334 5441 2548 5507; x_wconf 68' lang='lat' dir='ltr'><strong>deletae,</strong></span> <span class='ocrx_word' id='word_1_796' title='bbox 2593 5457 2657 5497; x_wconf 82' lang='lat' dir='ltr'><strong>ex</strong></span> <span class='ocrx_word' id='word_1_797' title='bbox 2710 5441 2972 5497; x_wconf 91' lang='lat' dir='ltr'><strong>universo</strong></span> <span class='ocrx_word' id='word_1_798' title='bbox 2999 5444 3198 5496; x_wconf 84' lang='lat' dir='ltr'><strong>mentis</strong></span> <span class='ocrx_word' id='word_1_799' title='bbox 3220 5456 3365 5501; x_wconf 88' lang='lat' dir='ltr'><strong>aere</strong></span> <span class='ocrx_word' id='word_1_800' title='bbox 3405 5457 3501 5511; x_wconf 89' lang='lat' dir='ltr'><strong>per</strong></span> 
     </span>
    </p>
   </div>
   <div class='ocr_carea' id='block_1_112' title="bbox 1925 5531 3500 5602">
    <p class='ocr_par' dir='ltr' id='par_1_112' title="bbox 1925 5531 3500 5602">
     <span class='ocr_line' id='line_1_112' title="bbox 1925 5531 3500 5602; baseline -0.002 -15"><span class='ocrx_word' id='word_1_801' title='bbox 1925 5531 2114 5589; x_wconf 85' lang='lat' dir='ltr'><strong>Jesum</strong></span> <span class='ocrx_word' id='word_1_802' title='bbox 2160 5531 2452 5599; x_wconf 86' lang='lat' dir='ltr'><strong>illustrato,</strong></span> <span class='ocrx_word' id='word_1_803' title='bbox 2477 5531 2657 5587; x_wconf 85' lang='lat' dir='ltr'><strong>solent</strong></span> <span class='ocrx_word' id='word_1_804' title='bbox 2680 5531 2735 5585; x_wconf 87' lang='lat' dir='ltr'><strong>in</strong></span> <span class='ocrx_word' id='word_1_805' title='bbox 2760 5546 2823 5586; x_wconf 89' lang='lat' dir='ltr'><strong>ea</strong></span> <span class='ocrx_word' id='word_1_806' title='bbox 2852 5532 3154 5602; x_wconf 88' lang='lat' dir='ltr'><strong>producere</strong></span> <span class='ocrx_word' id='word_1_807' title='bbox 3187 5532 3500 5601; x_wconf 88' lang='lat' dir='ltr'><strong>conceptio—</strong></span> 
     </span>
    </p>
   </div>
   <div class='ocr_carea' id='block_1_113' title="bbox 1928 5606 3605 5694">
    <p class='ocr_par' dir='ltr' id='par_1_113' title="bbox 1928 5606 3605 5694">
     <span class='ocr_line' id='line_1_113' title="bbox 1928 5606 3605 5694; baseline -0.001 -16"><span class='ocrx_word' id='word_1_808' title='bbox 1928 5639 2031 5679; x_wconf 89' lang='lat' dir='ltr'><strong>nes</strong></span> <span class='ocrx_word' id='word_1_809' title='bbox 2058 5623 2391 5694; x_wconf 87' lang='lat' dir='ltr'><strong>splendidas,</strong></span> <span class='ocrx_word' id='word_1_810' title='bbox 2416 5632 2473 5677; x_wconf 89' lang='lat' dir='ltr'><strong>et</strong></span> <span class='ocrx_word' id='word_1_811' title='bbox 2500 5631 2770 5677; x_wconf 89' lang='lat' dir='ltr'><strong>astrorum</strong></span> <span class='ocrx_word' id='word_1_812' title='bbox 2825 5621 3066 5691; x_wconf 85' lang='lat' dir='ltr'><strong>speciem</strong></span> <span class='ocrx_word' id='word_1_813' title='bbox 3095 5636 3209 5691; x_wconf 70' lang='lat' dir='ltr'><strong>prte</strong></span> <span class='ocrx_word' id='word_1_814' title='bbox 3232 5636 3290 5675; x_wconf 91' lang='lat' dir='ltr'><strong>se</strong></span> <span class='ocrx_word' id='word_1_815' title='bbox 3320 5622 3501 5676; x_wconf 84' lang='lat' dir='ltr'><strong>feren-</strong></span> <span class='ocrx_word' id='word_1_816' title='bbox 3604 5606 3605 5621; x_wconf 42' lang='grc'><em>“</em></span> 
     </span>
    </p>
   </div>
   <div class='ocr_carea' id='block_1_114' title="bbox 1926 5710 3607 5782">
    <p class='ocr_par' dir='ltr' id='par_1_114' title="bbox 1926 5710 3607 5782">
     <span class='ocr_line' id='line_1_114' title="bbox 1926 5710 3607 5782; baseline -0.002 -11"><span class='ocrx_word' id='word_1_817' title='bbox 1926 5726 2028 5771; x_wconf 88' lang='lat' dir='ltr'><strong>tes.</strong></span> <span class='ocrx_word' id='word_1_818' title='bbox 2051 5714 2185 5771; x_wconf 84' lang='lat' dir='ltr'><strong>Nam</strong></span> <span class='ocrx_word' id='word_1_819' title='bbox 2221 5715 2296 5770; x_wconf 87' lang='lat' dir='ltr'><strong>ait</strong></span> <span class='ocrx_word' id='word_1_820' title='bbox 2321 5713 2674 5770; x_wconf 86' lang='lat' dir='ltr'><strong>Ecclesiastes</strong></span> <span class='ocrx_word' id='word_1_821' title='bbox 2706 5727 2719 5765; x_wconf 92' lang='lat'><strong><em>:</em></strong></span> <span class='ocrx_word' id='word_1_822' title='bbox 2780 5711 2882 5779; x_wconf 83' lang='lat' dir='ltr'><strong>Qui</strong></span> <span class='ocrx_word' id='word_1_823' title='bbox 2918 5712 3168 5782; x_wconf 80' lang='lat' dir='ltr'><strong>ﬁduciam</strong></span> <span class='ocrx_word' id='word_1_824' title='bbox 3200 5710 3389 5767; x_wconf 77' lang='lat' dir='ltr'><strong>habent</strong></span> <span class='ocrx_word' id='word_1_825' title='bbox 3408 5714 3497 5769; x_wconf 59' lang='lat' dir='ltr'><strong>sin</strong></span> <span class='ocrx_word' id='word_1_826' title='bbox 3602 5722 3607 5729; x_wconf 91' lang='lat'><strong><em>&#39;</em></strong></span> 
     </span>
    </p>
   </div>
   <div class='ocr_carea' id='block_1_115' title="bbox 314 5874 2087 5975">
    <p class='ocr_par' dir='ltr' id='par_1_115' title="bbox 314 5874 2087 5975">
     <span class='ocr_line' id='line_1_115' title="bbox 314 5874 2087 5975; baseline -0.003 -11"><span class='ocrx_word' id='word_1_827' title='bbox 314 5907 364 5943; x_wconf 74' lang='grc'><strong>⁸⁸</strong></span> <span class='ocrx_word' id='word_1_828' title='bbox 389 5906 523 5966; x_wconf 83' lang='lat' dir='ltr'><strong>Luc.</strong></span> <span class='ocrx_word' id='word_1_829' title='bbox 554 5874 710 5971; x_wconf 27' lang='lat' dir='ltr'><strong>XV‘III,</strong></span> <span class='ocrx_word' id='word_1_830' title='bbox 739 5907 828 5965; x_wconf 79' lang='grc' dir='ltr'><strong>ιι.</strong></span> <span class='ocrx_word' id='word_1_831' title='bbox 902 5907 947 5941; x_wconf 76' lang='grc'><strong>’³</strong></span> <span class='ocrx_word' id='word_1_832' title='bbox 972 5906 1085 5965; x_wconf 81' lang='lat' dir='ltr'><strong>Jac.</strong></span> <span class='ocrx_word' id='word_1_833' title='bbox 1116 5924 1187 5975; x_wconf 80' lang='lat' dir='ltr'><strong>tv,</strong></span> <span class='ocrx_word' id='word_1_834' title='bbox 1212 5907 1265 5961; x_wconf 78' lang='lat' dir='ltr'><strong>ti.</strong></span> <span class='ocrx_word' id='word_1_835' title='bbox 1341 5910 1386 5941; x_wconf 77' lang='grc'><strong>³⁸</strong></span> <span class='ocrx_word' id='word_1_836' title='bbox 1436 5905 1607 5963; x_wconf 78' lang='lat' dir='ltr'><strong>lCor.</strong></span> <span class='ocrx_word' id='word_1_837' title='bbox 1642 5921 1716 5974; x_wconf 83' lang='lat' dir='ltr'><strong>Iv,</strong></span> <span class='ocrx_word' id='word_1_838' title='bbox 1751 5908 1802 5961; x_wconf 84' lang='lat' dir='ltr'><strong>&#39;i.</strong></span> <span class='ocrx_word' id='word_1_839' title='bbox 1882 5904 2087 5959; x_wconf 82' lang='lat' dir='ltr'><strong>&quot;ibid.</strong></span> 
     </span>
    </p>
   </div>
  </div>
