4006 6402
565 450 701 514 1543

1757 443 1806 501 Η
1818 435 2116 499 ESYCHII
2146 434 2625 501 PRESBYTERI

3690 442 3812 508 154i

567 562 813 625 Domino,
847 558 1137 629 intelligent
1171 556 1468 617 veritatem,
1519 563 1567 606 et
1617 552 1707 621 qui
1735 550 1911 619 ﬁdeles
1933 556 2055 602 sum
2084 548 2122 599 it

2242 550 2595 610 πεποιθότες
2626 547 2725 603 ἐπὶ
2756 552 2998 618 ΚίῬιον,
3061 550 3456 618 συνήσουσιν
3494 554 3810 619 ἀλήθειαν·

558 652 857 715 dilectione,
899 650 1279 720 permanebunt
1325 649 1379 701 in
1411 664 1469 701 eo
1502 647 1566 700 ".
1590 644 1692 699 Cui
1726 643 1895 716 gloria
1937 643 1991 695 in
2029 654 2135 695 saa-

558 746 701 800 cula.
732 744 925 797 Amen.

630 833 721 889 96.
753 831 1193 888 Praecedentibus
1226 830 1444 901 quidem
1495 827 1861 892 sermonibus,
1888 841 2028 896 quos
2079 826 2135 881 in

560 926 735 994 prima
757 935 812 980 et
832 925 1071 981 secunda
1095 923 1362 977 centuriis
1387 921 1700 985 habuimus,
1737 929 2005 989 quantum
2030 919 2138 972 ela-

562 1017 859 1071 borandum
898 1016 988 1082 sit,
1022 1032 1120 1086 pro
1145 1031 1294 1070 sacra
1325 1012 1526 1067 mentis
1546 1012 1729 1082 quiete
1749 1012 2133 1081 comparanda,

561 1108 995 1177 descripsimus:
1072 1122 1179 1160 non
1236 1106 1388 1159 velut
1413 1104 1614 1176 ingenii
1642 1104 1819 1158 nostri
1866 1103 2134 1158 culturam

558 1200 750 1261 solam,
784 1199 877 1253 sed
909 1213 1251 1267 qumcunque
1295 1196 1466 1251 divini
1500 1210 1782 1251 sermones
1806 1194 2024 1249 Patrum
2050 1195 2137 1248 di-

558 1290 685 1346 vina
741 1290 1075 1360 sapientium
1134 1306 1235 1344 nos
1279 1290 1476 1344 docent
1522 1288 1591 1343 de
1633 1288 1871 1359 puritate
1911 1288 2132 1341 mentis.

558 1382 675 1437 Jam
698 1397 849 1446 vero,
876 1382 965 1436 ubi
998 1382 1184 1451 paucis
1213 1382 1412 1446 verbis,
1438 1382 1617 1451 quoad
1661 1380 1778 1435 ﬁeri
1807 1389 2009 1451 potest,
2038 1380 2135 1434 de-

560 1471 1045 1527 monstraverimus
1100 1480 1365 1540 quantum
1424 1471 1632 1524 oriatur
1664 1471 1876 1525 lucrum
1904 1486 1969 1526 ex
2000 1488 2135 1525 con-

558 1563 865 1617 servatione
887 1568 1108 1623 mentis,
1136 1560 1297 1614 ﬁnem
1323 1560 1540 1616 dicendi
1576 1560 1862 1615 faciemus.

625 1654 716 1709 97.
746 1653 904 1719 Quod
932 1660 1203 1723 superest,
1252 1653 1538 1717 adesdum,
1570 1652 1885 1723 quicunque
1943 1652 2134 1719 fueris,

2234 638 2332 691 καὶ
2365 640 2420 692 οί
2448 640 2651 694 πιστοὶ
2699 641 2770 694 ἐν
2791 642 2996 713 ἀγάπῃ
3037 644 3491 713 προσμυοῡσιν
3545 646 3726 711 αὐτῷ.
3751 642 3816 719 ’ῃ

2235 733 2269 803 ἡ
2291 731 2419 797 δόξα
2444 734 2524 796 είς
2552 734 2681 797 τοὺς
2705 733 2930 798 αίῶνας.
2957 736 3152 806 Ἀμήν.

2309 829 2424 892 μετ’.
2449 826 2543 878 Ἐν
2580 826 2682 895 μὲν
2704 828 2820 890 τοῖς
2838 826 3064 881 ὄπισθεν
3086 827 3263 896 λόγοις
3284 830 3397 890 τοῖς
3424 829 3488 880 ἐν
3523 827 3715 899 πρώτη
3733 832 3818 881 καὶ

2234 913 2466 988 δευτέρᾳ
2511 914 2867 979 ἑκατοντάδι,
2928 915 3058 978 τοὺς
3101 915 3202 986 τῆς
3260 917 3411 987 ίερᾶς
3448 914 3541 967 νοῦ
3602 916 3815 984 ἡσυχίας

2236 1008 2432 1072 πόνους
2462 1007 2855 1078 συνετάξαμεν,
2909 1008 3031 1078 οὐχὶ
3063 1006 3334 1078 γεώργιον
3361 1006 3464 1076 τῆς
3511 1005 3658 1075 ἐμῆς
3712 1005 3816 1058 δια-

2238 1101 2386 1165 νοίας
2410 1101 2595 1171 μόνον,
2628 1100 2745 1154 ἀλλ’
2769 1101 2915 1173 ἅπερ
2944 1102 3041 1154 κα)⁸
3061 1101 3111 1153 οἱ
3139 1100 3252 1153 τῶν
3279 1099 3568 1169 θεοσόφων
3592 1100 3815 1169 Πατέρις

2234 1193 2579 1248 διδάσκουσιν
2606 1196 2754 1267 ἡμᾶς
2782 1194 2915 1249 θεῖοι
2944 1195 3092 1265 λόγοι
3119 1196 3249 1267 περὶ
3277 1195 3370 1248 νοῦ
3425 1195 3812 1264 καθαρότητος.

2238 1288 2348 1341 Νῦν
2369 1288 2425 1341 δὲ
2462 1288 2637 1359 μικρὰ
2670 1288 2916 1351 εἰπόντες
2935 1289 3063 1342 ὅσον
3092 1288 3260 1353 δεῖξαι
3290 1288 3352 1341 τὸ
3384 1288 3584 1359 κέρδος
3610 1287 3709 1358 τῆς
3734 1288 3812 1341 τοῦ

2235 1380 2327 1433 νοῦ
2350 1380 2621 1451 φυλακῆς,
2648 1378 2744 1434 τοῦ
2770 1379 2952 1445 λέγειν
2976 1379 3323 1450 παυσόμεθα.

2306 1652 2413 1718 κζ’.
2441 1651 2614 1724 Δεῦρο
2636 1652 2701 1724 δὴ
2728 1651 2914 1705 λοιπὸν
2936 1649 3220 1707 ἀκολούθει
3244 1668 3336 1721 μοι
3362 1649 3503 1721 πρὸς
3551 1650 3657 1718 τὴν
3705 1666 3813 1701 συν.

557 1757 614 1803 et
654 1763 882 1817 sequere
931 1761 1038 1810 me,
1101 1746 1169 1799 ad
1213 1744 1637 1815 contingendam
1676 1744 1889 1799 beatam
1936 1745 2122 1799 mentis

2234 1742 2431 1811 ἀφειαν
2482 1745 2582 1813 τῆς
2641 1742 2917 1813 μακαρίας
2946 1741 3039 1794 τοῦ
3060 1740 3186 1795 ’νοῦ
3235 1741 3549 1811 τηρήσεως,
3590 1741 3733 1801 ὅστις
3757 1740 3812 1791 ἂν

558 1836 1053 1899 conservationem,
1081 1840 1349 1902 exoptans
1380 1834 1433 1885 in
1466 1832 1661 1902 spiritu
1685 1831 1804 1885 dies
1831 1832 2016 1886 videre
2038 1832 2122 1886 bo-

2234 1837 2371 1905 εῑης,
2409 1834 2505 1887 καὶ
2532 1834 2811 1888 ἐπιποθῶν
2859 1836 2917 1887 ὲν
2949 1833 3224 1903 πνεύματι
3254 1833 3473 1903 ἡμέρας
3529 1832 3664 1883 ίδείν
3691 1833 3811 1896 ἁγι-

557 1941 657 1981 nos
688 1943 702 1979 :
753 1934 807 1981 et
848 1925 1057 1980 docebo
1092 1932 1145 1979 te
1196 1922 1251 1977 in
1288 1924 1517 1979 Domino
1552 1923 1909 1995 conspicuam
1939 1938 2122 1993 opera-

2234 1897 2365 1993 θάξ,
2386 1929 2481 1983 καὶ
2506 1930 2563 1982 ὲν
2588 1928 2782 1999 Κυρίῳ
2807 1926 3007 1991 διδάξω
3042 1897 3104 1980 σε
3128 1897 3417 1998 ὁρωμένην
3442 1924 3714 1995 ἰργασίαν
3729 1925 3811 1975 καὶ

558 2017 765 2081 tionem
795 2025 851 2072 et
881 2015 1358 2071 conversationem
1400 2017 1727 2085 spiritalium
1770 2025 2128 2087 potestatum.

626 2107 717 2163 98.
746 2106 1015 2173 Quoniam
1038 2106 1214 2177 angeli
1245 2106 1390 2159 nulla
1419 2107 1706 2176 capientur
1729 2108 1985 2162 satietate
2009 2109 2129 2163 lau-

556 2199 722 2255 dandi
746 2198 1041 2264 Creatoris,
1068 2213 1247 2268 neque
1278 2212 1433 2251 mens
1464 2198 1802 2254 decertandi.
1843 2198 1908 2253 Et
1933 2215 2129 2271 quem-

555 2292 844 2347 admodum
873 2290 947 2345 illi
974 2291 1219 2361 corporis
1261 2300 1514 2360 expertes
1562 2291 1630 2346 de
1663 2292 1787 2346 cibo
1817 2294 1953 2347 nihil
1999 2300 2132 2347 sunt

556 2384 768 2439 solliciti
798 2403 811 2437 :
839 2386 913 2438 ita
937 2384 1014 2447 hi,
1046 2384 1173 2438 licet
1223 2399 1449 2454 corpore
1490 2383 1722 2454 praediti,
1779 2400 1889 2438 non
1937 2394 2133 2441 curant

553 2488 755 2537 escam,
786 2474 948 2529 modo
976 2474 1032 2528 in
1055 2474 1252 2529 coelum
1288 2474 1636 2544 tranquillum
1692 2474 1910 2529 animus
1941 2475 2131 2547 ingre-

554 2565 754 2620 diatur.

622 2656 713 2711 99.
763 2654 883 2721 Quo
924 2656 1086 2727 igitur
1121 2657 1285 2712 modo
1339 2672 1591 2728 supernae
1636 2667 1934 2728 potestates
1982 2660 2129 2714 nulla

554 2754 810 2800 tenentur
829 2762 958 2800 cura
1016 2749 1374 2818 pecuniarum
1423 2760 1516 2804 aut
1568 2750 2020 2820 possessionum:
2054 2753 2129 2807 ita

551 2837 643 2906 qui
671 2838 1036 2907 perspicacem
1067 2840 1265 2897 animat
1318 2840 1627 2895 facultatem
1655 2853 2044 2913 expurgarunt,
2075 2854 2130 2898 et

550 2939 941 2998 compararunt
966 2930 1215 2984 habitum
1240 2931 1479 2997 virtutis,
1534 2933 1679 2988 baud
1710 2944 1930 2999 curant,
1959 2949 2125 3006 quam

552 3020 692 3073 male
719 3028 1079 3089 torqueantur
1108 3035 1138 3074 a
1165 3021 1446 3091 spiritibus
1486 3023 1855 3093 nequissimis.
1905 3026 1973 3080 Et
2016 3039 2127 3096 quo

550 3110 713 3165 modo
758 3120 959 3166 norunt
983 3113 1088 3167 illae
1128 3113 1349 3167 divitias
1411 3116 1768 3184 promotionis
1815 3118 1869 3172 in
1904 3117 2072 3172 Deum
2110 3135 2123 3171 :

548 3200 633 3257 sic
656 3211 713 3256 et
743 3202 799 3255 hi
827 3212 1173 3272 perspectum
1194 3203 1400 3259 habent
1428 3220 1669 3260 amorem
1704 3206 1757 3260 in
1782 3205 2123 3273 Deum,nee—

549 3308 662 3347 non
698 3292 1158 3349 intensionemet
1202 3296 1581 3352 ascensionem
1626 3298 1934 3353 dilectionis
1996 3313 2123 3369 erga

550 3386 764 3441 Numen
798 3385 1068 3441 divinum.
1102 3387 1409 3453 Quinetiam
1440 3390 1706 3445 antatOria
1741 3392 2127 3462 etinexplebili

548 3478 871 3533 ascensione
903 3480 1141 3543 dilatati,
1168 3481 1238 3535 ob
1268 3488 1489 3551 gustum
1515 3483 1765 3537 divinum
1808 3493 1864 3539 et
1910 3484 2126 3542 deside—

552 3567 693 3620 rium
716 3568 774 3621 in
803 3584 1033 3624 excessu
1068 3571 1331 3639 positum,
1355 3588 1465 3626 non
1491 3575 1815 3640 subsistent,
1851 3576 2031 3631 donec
2056 3577 2125 3631 ad

549 3658 837 3730 Seraphim
887 3645 1255 3730 perveniant:
1288 3680 1470 3734 neque
1528 3665 1954 3738 fatigabuntura
2010 3669 2126 3724 dili-

548 3752 695 3823 genti
726 3753 1108 3808 observatione
1129 3756 1344 3822 mentis,
1361 3766 1415 3811 et
1437 3757 1765 3813 exaltationc
1781 3760 2120 3829 charissima,

547 3845 725 3899 donec
757 3844 937 3914 angeli
987 3844 1120 3900 ﬁant
1160 3861 1259 3915 per
1297 3847 1487 3903 Jesum
1518 3849 1807 3905 Christum
1825 3850 2120 3910 Dominum

547 3945 819 3989 nostrum.

617 4026 742 4081 £00.
770 4024 889 4080 Non
932 4035 1018 4081 est
1058 4043 1356 4096 venenum,
1405 4034 1553 4103 quod
1597 4045 1818 4106 superet
1847 4053 2121 4095 venenum

544 4117 746 4187 aspidis
776 4128 832 4173 et
854 4119 1131 4175 basilisci:
1165 4137 1348 4193 neque
1396 4126 1566 4181 ullum
1589 4137 1677 4183 est
1714 4129 1928 4195 vitium,
1974 4133 2120 4203 quod

546 4210 735 4265 vincat
753 4211 1047 4281 φιλαυτίας
1076 4215 1292 4271 vitium.
1332 4218 1566 4275 Fructus
1610 4237 1774 4291 porro
1842 4226 2119 4294 philautim

545 4295 717 4353 habes
779 4315 875 4370 per
942 4303 1189 4357 omnium
1242 4321 1335 4361 ora
1367 4309 1662 4365 volitantes
1700 4329 1714 4366 :
1747 4314 1837 4382 qui
1870 4323 1997 4370 sunt
2021 4318 2114 4372 hi:

539 4386 730 4445 laudes
766 4392 850 4446 sui
876 4393 929 4445 in
959 4394 1143 4449 animo
1168 4396 1420 4461 latentes,
1446 4416 1628 4454 rerum
1660 4406 1904 4459 omnium
1924 4406 2117 4477 displi-

538 4481 740 4545 centia,
771 4484 979 4538 ventris
1007 4485 1304 4555 ingluvies.
1333 4498 1608 4560 stuprum,
1644 4510 1783 4549 vana
1837 4497 2030 4566 gloria,
2060 4510 2116 4554 et

536 4572 782 4626 omnium
805 4586 997 4629 vertex
1026 4578 1281 4647 superbia
1311 4597 1326 4634 :
1366 4595 1489 4649 quae
1518 4584 1745 4653 quidem
1773 4587 1926 4642 novit
1953 4603 1985 4643 e
2003 4604 2110 4645 coe-

535 4660 603 4717 lis
666 4664 941 4734 expellere
967 4681 1079 4721 non
1138 4668 1317 4723 solum
1349 4670 1621 4741 homines,
1644 4676 1738 4731 sed
1761 4678 1923 4733 etiam
1943 4695 2111 4752 ange-

535 4749 639 4818 los,
662 4765 718 4811 et
764 4756 1049 4827 caliginem
1085 4774 1181 4829 pro
1238 4761 1357 4816 luce
1409 4765 1723 4823 obtrudere.
1768 4768 1894 4826 Haec
1930 4774 1997 4827 ad
2022 4749 2112 4829 ite

532 4846 746 4935 scribit,
803 4846 1104 4916 Theodule,
1148 4852 1241 4922 qui
1313 4852 1736 4926 cognominatur
1782 4859 2107 4935 Hesychius,

532 4933 659 4991 licet
698 4940 1076 5008 operationem
1131 4944 1303 5015 ipsam
1373 4950 1444 5004 sit
1492 4953 1792 5009 ementitus
1833 4975 1848 5010 :
1893 4933 1948 5011 at
1996 4975 2107 5014 non

529 5028 756 5081 omnino
809 5029 1060 5099 fortasse,
1119 5048 1389 5106 quatenus
1428 5042 1635 5098 scilicet
1662 5045 1806 5102 Deus
1860 5048 2103 5107 donavit.

530 5115 635 5182 Qui
664 5117 719 5171 in
754 5119 936 5189 Patre,
976 5134 1031 5179 et
1060 5124 1216 5191 Filio,
1247 5138 1303 5184 et
1334 5130 1543 5202 Spiritu
1562 5145 1754 5191 saneto
1777 5138 2028 5195 laudatur
2052 5152 2106 5197 et

526 5208 881 5278 gloriﬁcatur,
914 5229 945 5268 a
979 5218 1229 5273 rationali
1252 5232 1447 5278 natura
1490 5228 1808 5296 angelorum
1840 5238 1896 5285 et
1920 5233 2103 5295 homi-

526 5315 681 5368 num,
708 5316 928 5358 necnon
961 5306 1030 5361 ab
1066 5309 1321 5366 universa
1356 5324 1628 5383 creatura,
1674 5335 1837 5389 quam
1863 5321 2100 5380 fabrica-

525 5394 604 5449 vit
638 5410 841 5452 arcana
873 5396 1132 5466 Trinitas,
1171 5417 1314 5459 unus
1333 5405 1494 5462 Deus.
1522 5407 1691 5479 Cujus
1709 5426 1939 5483 regnum
1961 5430 2101 5485 pra:-

523 5486 728 5541 elarum
765 5489 973 5545 utinam
995 5499 1051 5547 et
1080 5507 1182 5548 nos
1233 5508 1655 5566 consequamur,
1684 5501 1940 5570 precibus
1992 5521 2094 5575 pu-

2234 2021 2509 2076 πολιτείαν
2540 2022 2739 2093 νοερῶν
2765 2021 3065 2091 δυνάμεων.

2305 2118 2415 2184 κη’.
2456 2113 2531 2168 Ού
2560 2114 2668 2183 γὰρ
2696 2112 3125 2183 κορεσθήσονται
3148 2107 3373 2178 ἄγγελοι
3402 2108 3706 2179 ὑμνοῦντες
3731 2108 3810 2159 τὸν

2235 2206 2490 2278 Ποιητὴν,
2508 2204 2635 2258 οὔτε
2660 2204 2782 2268 νοῦς
2812 2202 3192 2275 ἁμιλλώμενος
3210 2220 3224 2233 ·
3253 2202 3349 2255 καὶ
3372 2201 3571 2271 ῶσπερ
3598 2202 3651 2254 oi
3673 2202 3809 2253 ἄῦλοι

2230 2299 2292 2351 ού
2324 2298 2668 2369 φροντίζουσι
2690 2297 2820 2367 περὶ
2850 2294 3080 2364 τροφῆς,
3100 2292 3275 2356 οῦτως
3302 2293 3425 2347 οὐδὲ
3454 2288 3607 2347 οῦτοι
3645 2294 3695 2344 οἱ
3738 2295 3789 2343 ἐν

2234 2393 2352 2445 υλοι
2385 2392 2557 2461 αὐτῆς
2624 2388 3025 2462 φροντίζουσιν,
3057 2386 3173 2457 εἴγε
3220 2388 3279 2442 ὲν
3313 2386 3533 2459 οὐρανῷ
3588 2388 3808 2457 ἡσυχίας

2234 2483 2357 2549 νοῦς
2384 2482 2781 2538 εἰσελεύσεται.

2303 2656 2407 2723 ιιον.
2449 2656 2660 2728 Ὠσπερ
2699 2655 2793 2710 οῦν
2831 2655 2887 2709 αί
2921 2656 3036 2710 ἀνω
3062 2654 3323 2724 δυνάμεις
3352 2653 3412 2707 ού
3468 2654 3805 2725 φροντίζουσι

2231 2753 2527 2822 χρημάτων
2556 2750 2588 2821 ἢ
2623 2750 2939 2820 κτημάτων,
2982 2748 3154 2809 οῦτως
3183 2748 3308 2801 οὔτε
3336 2748 3386 2799 oi
3411 2746 3475 2799 τὸ
3503 2748 3606 2815 τῆς
3639 2746 3805 2813 ψυχῆς

2229 2840 2452 2891 όπτικὸν
2478 2838 2905 2908 ἐκκαθάραντες,
2923 2838 2982 2890 ὲν
3012 2838 3124 2903 ἔξει
3140 2841 3239 2908 τῆς
3262 2837 3467 2907 ἀρετῆς
3497 2837 3801 2906 γενόμενοι,

2229 2932 2290 2983 οὺ
2320 2931 2719 3000 μεριμνήσουσι
2747 2929 2878 2999 περὶ
2904 2930 3201 2991 κακώσεως
3233 2930 3343 2982 τῶν
3371 2928 3632 2999 πονηρῶν
3654 2944 3782 2980 πλευ

2234 3024 2440 3093 μάτων.
2476 3024 2587 3076 Καὶ
2615 3023 2690 3085 ώς
2722 3022 2950 3084 ἐκείνοις
2980 3022 3213 3094 φανερὸς
3251 3022 3353 3092 τῆς
3386 3024 3468 3084 είς
3519 3022 3657 3073 Θεὸν
3682 3037 3805 3089 προ-

2232 3117 2405 3185 κοπῆς
2431 3119 2458 3169 ό
2488 3116 2737 3180 πλοῦτος,
2773 3115 2914 3168 οῦτω
2955 3115 3049 3168 καὶ
3080 3119 3194 3179 τοῖς
3218 3118 3489 3179 τοιούτοις
3516 3116 3544 3168 ό
3569 3116 3652 3178 είς
3681 3115 3803 3167 Θεὸν

2232 3209 2458 3280 φανερὸς
2489 3208 2650 3278 ἔρως,
2699 3208 2796 3261 καὶ⁵
2825 3209 2859 3279 ἡ
2907 3208 3009 3277 τῆς
3066 3209 3287 3279 ἀγάπης
3318 3208 3415 3278 τῆς
3446 3209 3527 3271 είς
3551 3208 3616 3261 τὸ
3658 3207 3802 3260 Θεὶον

2228 3301 2466 3364 ἁτένισίς
2494 3317 2551 3353 τε
2579 3301 2674 3354 καὶ⁵
2700 3300 2959 3362 ἀνάϐασις
2975 3317 2990 3331 ·
3023 3300 3105 3354 ἔτι
3125 3301 3183 3354 δὲ
3205 3300 3486 3372 ἐρωτικῶς
3512 3300 3609 3353 καὶ
3634 3299 3802 3367 ἀπλή-

2229 3409 2368 3457 στως
2394 3396 2460 3463 τῇ
2486 3393 2752 3447 ἀναϐάσει
2807 3394 3250 3463 ιπεκτεινόμενοι
3287 3394 3352 3446 ἐκ
3387 3392 3632 3460 γεύσεως
3663 3392 3798 3443 θείου

2225 3486 2321 3537 καὶ
2353 3483 2675 3538 ὲκστατικοῦ
2710 3484 2899 3550 πόθου,
2936 3485 2996 3538 ού
3023 3484 3384 3553 σταθήσονται
3420 3484 3592 3553 μέχρι
3618 3484 3684 3535 τὰ
3706 3483 3795 3533 Σε-

2226 3576 2406 3648 ραφὶμ
2430 3576 2748 3647 φθάσουσιν,
2797 3578 2922 3631 οὐδὲ
2956 3576 3279 3630 κοπιάσουσι
3326 3577 3427 3647 τῆς
3457 3576 3552 3630 τοῦ
3598 3575 3690 3629 νοῦ
3720 3578 3799 3644 νὴ.

2222 3667 2390 3737 ψεως,
2428 3670 2521 3722 καὶ
2556 3668 2826 3740 ἐρωτικῆς
2868 3668 3151 3737 ύψώσεως,
3213 3668 3407 3738 μέχρις
3470 3668 3537 3720 ἀν
3583 3666 3792 3737 ἄγγελοι

2222 3760 2487 3826 γένωνται
2521 3761 2580 3811 ἐν
2608 3759 2827 3830 Χριστῷ
2857 3758 3029 3830 Ἰησοῦ
3058 3758 3137 3830 τῷ
3163 3760 3351 3828 Κυρίῳ
3375 3759 3557 3828 ἡμῶν.

2289 4036 2355 4100 ρ’.
2384 4030 2499 4083 Οὐκ
2526 4030 2673 4085 ἐστιν
2695 4030 2771 4094 ίδς
2804 4030 2945 4103 ὑπὲρ
2974 4031 3051 4085 ίδν
3070 4031 3312 4085 ἀσπίδιον
3340 4030 3435 4083 καὶ
3462 4028 3787 4099 βασιλίσκου.

2219 4125 2318 4179 καὶ
2338 4127 2440 4180 οὐκ
2464 4126 2579 4180 ἔστι
2612 4127 2782 4180 κακία
2809 4127 2957 4198 ὑπὲρ
2978 4126 3178 4181 κακίαν
3211 4126 3519 4196 φιλαυτίας.
3536 4126 3710 4181 Τέκνα
3738 4124 3789 4177 δὲ

2219 4217 2509 4285 φιλαυτίας
2536 4216 2681 4288 ἔχεις
2707 4218 3002 4289 πετόμενα,
3031 4218 3067 4273 a
3122 4220 3230 4272 είσι
3263 4219 3386 4272 τάδε
3412 4235 3426 4249 ·
3482 4219 3692 4271 ἔπαινοι
3734 4219 3789 4268 ἐν

2218 4313 2432 4383 καρδίᾳ,
2462 4311 2826 4381 ἀπαρέσκεια,
2857 4312 3271 4383 γαστριμαργία
3293 4352 3309 4375 ,
3363 4313 3615 4382 πορνεία,
3644 4326 3784 4365 κενου

2215 4402 2386 4469 δοξία,
2414 4405 2561 4475 καὶὴ
2589 4404 2823 4475 κορωνὶς
2874 4404 3092 4459 πάντων
3124 4406 3496 4477 ὑπερηφανία,
3527 4405 3652 4474 ἥτις
3698 4423 3787 4457 κα-

2214 4497 2430 4565 τασπᾷν
2462 4495 2773 4558 ἐπίσταται,
2805 4496 2917 4563 ούκη
2953 4495 3279 4567 ἀνθρώπους
3320 4498 3507 4567 μόνον,
3538 4498 3673 4551 ἀλλά
3697 4499 3785 4550 καὶ

2217 4587 2485 4655 ἀγγέλους
2510 4587 2569 4652 ἐξ
2597 4588 2866 4659 οὐρανῶν,
2922 4589 3016 4642 καὶ
3063 4589 3230 4657 ζόφον
3276 4592 3401 4643 ἀντὶ
3431 4593 3610 4659 φωτὸς
3639 4608 3784 4660 περι-

2215 4678 2453 4733 ϐάλλειν.
2478 4679 2665 4733 Ταῦτά
2688 4696 2793 4745 σοι,
2816 4680 3098 4743 Θεόδουὶε,
3124 4683 3152 4733 ό
3193 4681 3424 4751 ἡσυχίας
3450 4680 3780 4751 φερώνυμος,

2212 4773 2261 4824 εἰ
2291 4772 2386 4824 καὶ
2412 4772 2513 4841 τῆς
2548 4772 2795 4841 πράξεως
2821 4772 3156 4842 διέψευσται,
3194 4773 3313 4827 ἀλλ’
3346 4772 3483 4837 ἴσως
3531 4774 3629 4843 οὐχ
3649 4775 3780 4833 ὅλον,

2211 4863 2326 4917 ἀλλ’
2354 4864 2381 4917 ὃ
2408 4864 2539 4927 Θεὸς
2565 4864 2795 4918 δέδωκεν
2826 4866 2855 4917 ὀ
2884 4867 2941 4917 ὲν
2981 4866 3176 4935 Πατρὶ,
3216 4867 3311 4918 καὶ
3348 4866 3485 4936 Υίῷ,
3534 4869 3629 4920 καὶ
3653 4866 3782 4935 ἁγίῳ

2213 4954 2493 5027 Πνεύματι
2516 4955 2835 5026 αίνούμενός
2857 4972 2917 5007 τε
2944 4956 3040 5009 καὶ
3052 4955 3411 5025 δοξαζόμενος
3441 4957 3552 5009 ὑπὸ
3582 4959 3679 5027 τῆς
3700 4955 3779 5008 λοι

2213 5048 2378 5117 γικῆς
2408 5046 2643 5117 φύσεως,
2666 5048 2914 5117 ἀγγέλων
2946 5065 3005 5101 τε
3038 5049 3133 5101 καὶ
3152 5048 3460 5119 ἀνθρώπων
3486 5050 3587 5103 καὶ
3615 5051 3778 5117 πάσης

2212 5142 2464 5205 κτίσεως,
2496 5143 2563 5213 ἢν
2591 5143 2624 5211 ἡ
2650 5140 2889 5213 apem;
2912 5141 3082 5211 Τριάς
3117 5141 3621 5213 δεδημιούργηκεν·
3654 5146 3681 5195 ό
3706 5138 3780 5204 εἷς

2209 5232 2364 5297 Θεὸς,
2394 5228 2456 5287 οῦ
2473 5233 2569 5287 καὶ
2602 5236 2764 5305 ἡμεῖς
2789 5234 2888 5304 τῆς
2917 5233 3177 5304 λαμπρᾶς
3226 5232 3512 5304 βασιλείας
3532 5273 3548 5298 ,
3602 5236 3777 5303 εὐχαῖς

2205 5325 2304 5394 τῆς
2354 5326 2663 5397 ύπεράγνου
2706 5325 2971 5378 Θεοτόκου
3000 5323 3280 5395 τύχοιμεν,
3314 5324 3414 5378 καὶ
3447 5325 3637 5396 εύχαίς
3679 5324 3776 5377 τῶν

2205 5416 2367 5469 ὁσίων
2400 5415 2659 5487 Ιιατέρων
2695 5415 2851 5487 ἡμῶν
2877 5431 2887 5444 ·
2910 5408 2954 5482 ᾧ
2976 5414 3097 5485 Θεῷ
3118 5415 3365 5486 ἀκιχήτῳ
3394 5414 3525 5481 δόξα
3545 5416 3771 5477 αἰώνιος.

2214 5508 2404 5581 Ἀμήν.

522 5577 749 5677 rissimae
786 5580 1048 5653 Deiparat,
1112 5595 1537 5659 sanctorumque
1598 5588 1819 5647 Patrum
1878 5604 2213 5657 nostrorum.
2240 5577 2349 5658 Cui
2395 5602 2507 5660 Deo
2560 5603 3096 5674 incompreltensibili
3161 5604 3331 5676 gloria
3421 5606 3772 5677 sempiterna.

519 5668 712 5727 Amen.

588 5845 635 5880 "
668 5846 798 5917 Sap.
822 5862 903 5915 In,
938 5854 994 5909 9.
