4040 6416
267 360 358 428 154
370 365 404 428 5

1411 367 1471 428 S.
1512 361 1836 428 LONGINI
1877 362 2365 429 MARTYRIUM‘.

3391 365 3530 433 1546

275 516 3533 555 W

1079 694 1792 823 EJUSDEM

1941 695 2710 826 HESYCHII

522 949 1253 1052 MARTYBIUM
1327 948 1740 1038 SANCTI
1803 946 2320 1041 LONGINI
2401 951 3271 1049 CENTUBIONIS.

268 1218 910 1306 ΤοῇεὺτοῦιἮσυχίου
929 1221 1390 1306 ῌξρτύριαντοῦ
1421 1220 1595 1306 ᾀτίου
1629 1220 1732 1306 erat.
1751 1221 1847 1275 ὲν-

1952 1221 2202 1306 Ejusdem
2227 1223 2474 1306 Hagen-ii
2494 1224 2812 1306 martyrium
2835 1224 3005 1306 sancti
3037 1242 3114 1306 ae_
3132 1224 3354 1306 illustris
3377 1226 3536 1306 Cirri-

335 1289 520 1353 ὃόξου
544 1287 844 1357 μάρτυρος
864 1287 1242 1359 τοῦγΧριστυῦ
1258 1287 1553 1359 ΛογγιιᾹου
1578 1291 1684 1346 τοῦ
1705 1293 1847 1346 ἐκα-

334 1360 666 1438 ςοντάρχου
691 1359 795 1413 τοῦ
811 1361 894 1438 εὲν
922 1358 1000 1438 τῷ
1031 1359 1270 1438 σξαυρῷ
1293 1358 1399 1438 τοᾷ
1434 1363 1655 1438 Ιςυρίου
1679 1360 1849 1432 ἡμῶν

349 1427 560 1509 Ἰησοῦ
581 1428 860 1498 Χριστοῦ,
891 1431 987 1483 καὶ
1027 1427 1147 1482 τῶν
1174 1431 1296 1483 σὺν
1324 1430 1484 1495 αὐτῷ
1518 1427 1633 1486 δύο
1664 1427 1847 1502 aspa-

336 1515 580 1554 τιωτων.

2026 1294 2099 1368 sti
2129 1293 2378 1363 martyris
2410 1293 2649 1368 {ﬂagitii
2671 1296 2988 1368 centurionis
3023 1297 3114 1366 qui
3147 1298 3394 1368 cruciﬁxi)
3426 1300 3534 1352 Do-

2025 1365 2169 1417 mino
2204 1374 2378 1418 nostra
2406 1363 2535 1418 Iesu
2576 1365 2783 1436 Qltristo
2827 1363 3055 1436 premens
3097 1363 3299 1436 astitit,
3333 1385 3530 1424 necnon

2021 1448 2140 1487 cum
2173 1451 2230 1487 eo
2261 1436 2483 1488 duorum
2515 1433 2763 1490 militum.

389 1616 469 1664 Ea:
490 1618 821 1677 ntanttscrtpto
847 1613 1014 1666 codice
1042 1613 1282 1665 Vaticano
1301 1626 1351 1666 η.
1375 1614 1513 1676 1190,
1539 1613 1625 1682 fol.
1649 1615 1760 1679 117,
1783 1611 1984 1668 edidere
2008 1613 2358 1667 Decumum.
2391 1615 2501 1666 Act.
2523 1615 2691 1664 Sanct.
2717 1617 2857 1666 Mart.
2884 1623 2922 1667 t.
2951 1616 3009 1678 ll,
3029 1630 3140 1684 pag.
3166 1619 3276 1680 386,
3297 1619 3408 1669 756.

336 1729 406 1776 α’.
449 1722 649 1777 Πολλαὶ
677 1720 784 1778 τῶν
811 1722 1104 1795 μαρτύρων
1132 1723 1188 1776 αἱ
1215 1723 1551 1796 συγγραφαί.
1577 1723 1843 1794 Καθάπερ

261 1816 374 1886 γὰρ
401 1817 455 1868 ai
481 1814 588 1867 τῶν
610 1812 920 1886 ζωγράφων
948 1815 1177 1880 εἰκόνες,
1199 1816 1353 1880 τινὰς
1379 1817 1711 1889 μιμούμεναι
1734 1818 1844 1872 τῶν

262 1904 475 1958 ’πόλεων
504 1903 675 1975 ὄψεις,
710 1903 804 1956 καὶ
833 1903 1043 1974 μεγέθη
1077 1903 1337 1975 πύργων,
1372 1908 1466 1959 καὶ
1501 1907 1716 1978 μορφὰς
1751 1908 1844 1961 ἀιδ-

259 1996 408 2068 δρῶν
439 1996 533 2048 καὶ
564 1995 861 2064 γυναικῶν,
897 1995 1027 2048 ποτὲ
1068 1995 1125 2048 δὲ
1159 1996 1307 2061 νέας,
1340 1999 1471 2051 ποτὲ
1508 1999 1564 2052 δὲ
1602 2000 1844 2071 πρεσϐυ-

261 2089 443 2152 τικάς,
472 2087 600 2140 ποτὲ
633 2086 689 2140 δὲ
725 2087 1032 2157 βασιλικὰς,
1065 2090 1196 2142 ποτὲ
1226 2090 1282 2143 δὲ
1310 2092 1608 2163 νυμφικὰς,
1638 2094 1770 2146 ποτὲ
1789 2093 1846 2147 δὲ

263 2175 632 2246 σκυθρωπὰς,
665 2176 758 2230 καί
791 2193 920 2231 ποτε
951 2184 1272 2251 περιχαρεῖς
1297 2181 1634 2237 δεικνύονται
1654 2200 1668 2215 °
1703 2183 1846 2238 οὓτω

262 2267 362 2319 καὶ
390 2268 438 2320 οἱ
465 2268 574 2321 τῶν
605 2268 959 2340 μαρτυρικῶν
991 2270 1218 2339 ἀγώνων
1245 2273 1371 2338 τοὺς
1399 2273 1590 2343 λόγους
1629 2276 1846 2347 ιστορή-

263 2373 483 2423 σαντες,
514 2360 576 2413 τὸ
603 2362 830 2434 στερρὸν
874 2361 973 2434 τῆς
1005 2363 1212 2436 ψυχῆς,
1243 2366 1338 2419 καὶ
1385 2366 1476 2420 τὸν
1526 2367 1726 2437 τρόπον
1754 2369 1846 2422 τὸν

260 2450 532 2520 ἀνδρεῖον,
564 2455 657 2507 καὶ
694 2454 793 2527 τὴν
827 2457 884 2510 ὲν
909 2459 1021 2522 τοῖς
1056 2459 1250 2522 δεινοῖς
1281 2460 1627 2532 παράστασιν
1649 2500 1665 2523 ,
1707 2461 1846 2531 ἄφο-

261 2540 359 2595 ϐον
406 2545 498 2597 καὶ
548 2543 812 2618 εῠτολμον
835 2589 850 2615 ,
882 2550 976 2602 καὶ
1006 2551 1427 2622 ἀκατάπληκτον
1451 2590 1468 2616 ,
1506 2552 1600 2606 καὶ
1633 2551 1731 2624 τὴν
1781 2557 1846 2607 ὲκ

263 2634 505 2706 Χριστοῦ
572 2635 894 2709 συμμαχίαν
949 2639 1331 2710 πρὸςάύτοὺς
1381 2640 1843 2710 καταϐαίνουσαν,

264 2729 400 2784 ποτὲ
432 2729 532 2801 μὲν
555 2729 617 2783 τὸ
647 2731 853 2802 πλῆθος
881 2733 988 2788 τῶν
1021 2735 1286 2806 σημείων,
1311 2736 1442 2790 ποτὲ
1469 2737 1528 2790 δὲ
1559 2736 1652 2790 τὸν
1682 2737 1849 2792 πλοῦ-

263 2834 359 2874 τον
390 2820 448 2876 ἐν
470 2823 582 2886 τοῖς
612 2821 794 2892 λόγοις
826 2824 929 2895 τῆς
956 2826 1182 2897 χάριτος
1207 2827 1687 2901 ὁμολογουμένην,
1725 2831 1847 2894 ταῖς

264 2913 462 2977 ἀκοαῖς
490 2914 908 2985 ἐμφανίζουσιν.
941 2913 1206 2986 Λογγίνου
1241 2918 1298 2971 ὁὲ
1338 2919 1447 2991 ἄρα
1493 2921 1714 2993 γραφὴν
1760 2938 1850 2973 σοι·

266 3009 374 3080 φοῦ
409 3026 467 3064 τε
499 3011 592 3065 καὶ
621 3010 896 3082 ἀνδρείου,
936 3012 1232 3085 ἐξαιρέτως
1270 3013 1371 3083 τῆς
1414 3013 1556 3086 ὑπὲρ
1587 3013 1682 3068 τοῦ
1711 3015 1849 3087 Χρι-

267 3100 400 3155 στοῦ
433 3103 743 3174 μαρτυρίας
761 3142 778 3168 ,
805 3097 872 3175 ἦς
901 3104 1106 3175 ἤρξατο
1132 3104 1472 3177 ὁμολογήσας
1497 3105 1660 3161 αὑτὸν
1680 3143 1696 3172 ,
1732 3106 1851 3173 πῶς

264 3190 510 3259 ἐπαξίως
545 3193 901 3266 ίστορήσαιμι
927 3210 941 3261 ;

343 3375 411 3446 β’.
437 3374 568 3430 Ὅτε
593 3376 701 3448 γὰρ
729 3376 806 3448 τῷ
833 3376 981 3448 φόϐῳ
1013 3377 1299 3449 συγχυθεὶς
1330 3377 1666 3452 ὲξηρνήσατο
1690 3381 1852 3436 αὐτὸν

265 3469 393 3534 ὅλος
426 3472 454 3523 ὁ
483 3470 641 3542 χορὸς
669 3470 778 3524 τῶν
809 3471 1123 3524 ἀποστόλων
1143 3487 1157 3502 ·
1191 3470 1355 3540 χωλοὶ
1384 3471 1441 3526 δὲ
1480 3469 1575 3538 οὓς
1607 3473 1849 3545 ἤγειρεν,

267 3563 464 3632 τυφλοί
489 3580 548 3615 τε
573 3561 666 3627 οὓς
687 3561 970 3633 ἐφώτισεν,
997 3561 1188 3635 λεπροί
1207 3581 1269 3618 τε
1301 3563 1418 3635 μετ’
1439 3564 1620 3618 αὐτῶν
1639 3565 1731 3631 οὓς
1753 3567 1853 3638 τῆς

270 3651 596 3708 πολυτί).του
635 3654 798 3724 δορᾶς
836 3655 930 3710 καὶ
969 3658 1069 3726 τῆς
1114 3656 1314 3729 σαρκὸς
1350 3655 1459 3710 τῶν
1493 3659 1853 3729 μωμημάτων

270 3745 670 3817 ἠλευθέρωσεν,
700 3746 796 3799 καὶ
840 3746 989 3801 ἄλλοι
1031 3740 1105 3800 ὧν
1150 3747 1248 3812 τὰς
1293 3749 1578 3820 συμφορὰς
1616 3748 1854 3805 ἔπαυσεν

275 3835 374 3889 καὶ
396 3837 491 3899 τὰς
515 3836 703 3900 νόσους
725 3835 987 3906 ὲχάλασεν
1010 3836 1108 3908 (1),
1127 3837 1220 3890 καὶ
1244 3837 1380 3910 πρὸς
1404 3837 1465 3891 τὸ
1487 3841 1732 3909 κρεῖττον
1754 3839 1854 3911 τὴν

273 3931 478 3999 γνῶσιν
497 3929 916 4001 μετεσκεύασεν,
938 3923 1083 3984 οὗτοι
1106 3929 1307 3994 πάντες
1330 3930 1467 4002 πρὸς
1488 3931 1547 3984 τὸ
1567 3931 1749 4003 δρᾶμα
1761 3933 1851 3986 τού

2026 1723 2076 1776 Ι.
2147 1723 2328 1778 Multae
2389 1723 2664 1793 variaeque
2722 1733 2851 1779 sunt
2909 1724 3152 1782 historiae
3210 1739 3528 1801 martyrum.

1950 1815 2422 1883 Quemadmodum
2451 1816 2602 1870 enim
2641 1815 2937 1872 elaborata:
2966 1833 2996 1870 a
3032 1818 3333 1888 pictoribus
3366 1822 3532 1877 tabu-

1952 1910 2038 1976 lae,
2071 1909 2127 1963 in
2179 1910 2380 1980 quibus
2427 1909 2645 1965 urbium
2696 1909 3096 1966 adumbrantur
3149 1913 3444 1986 imagines,
3477 1924 3533 1971 ct

1952 2000 2355 2072 magnitudines
2394 2001 2626 2056 turrium
2655 2001 2936 2069 exhibent,
2974 2011 3028 2058 et
3056 2002 3258 2058 formas
3291 2003 3532 2062 virorum

1951 2101 2115 2162 atque
2142 2091 2458 2156 mulierum,
2486 2092 2624 2147 alias
2665 2091 2886 2162 quidem
2939 2094 3145 2150 seniles
3191 2105 3287 2151 aut
3333 2098 3532 2170 regias,

1952 2175 2087 2238 alias
2132 2182 2403 2254 iuveniles
2433 2182 2519 2238 vel
2550 2182 2810 2254 plebeias,
2848 2186 3036 2242 tristes
3066 2172 3199 2242 alias
3223 2189 3308 2243 vel
3351 2188 3535 2248 fronte

1947 2286 2139 2327 serena
2168 2271 2368 2327 hilares
2397 2282 2792 2342 repraesentant
2819 2313 2835 2340 ,
2866 2275 2948 2330 sic
2980 2283 3034 2329 et
3074 2276 3170 2345 qui
3209 2279 3531 2350 martyrico-

1947 2381 2068 2418 rum
2104 2364 2463 2420 certaminum
2498 2381 2780 2421 sermones
2805 2368 3162 2425 conscribunt
3183 2410 3200 2436 ,
3233 2373 3531 2428 masculam

1947 2455 2205 2511 virtutem
2236 2463 2292 2511 et
2319 2455 2490 2511 robur
2523 2455 2715 2524 animi,
2744 2457 2800 2512 in
2825 2458 2979 2514 duris
3000 2469 3165 2531 atque
3193 2463 3402 2532 asperis
3429 2463 3532 2517 im-

1949 2548 2298 2619 perterritum
2328 2547 2700 2620 ﬁdentemque
2744 2564 2804 2604 se
2843 2550 3156 2608 exhibentis
3194 2568 3418 2609 necesse
3446 2563 3531 2611 est

1950 2639 2217 2695 audituris
2245 2639 2599 2696 manifestent
2633 2658 2646 2693 :
2677 2656 2895 2698 necnon
2921 2642 3124 2699 Christi
3155 2660 3280 2700 cum
3305 2646 3530 2703 athletis

1950 2731 2065 2786 suis
2110 2732 2375 2788 certantis
2427 2733 2776 2803 pmsentiam
2827 2734 3007 2805 palam
3057 2738 3526 2808 cognoscendam,

1947 2839 2116 2894 seque
2147 2824 2309 2879 modo
2342 2840 2441 2895 per
2469 2825 2746 2897 signorum
2775 2827 3176 2884 admirabilium
3221 2829 3529 2887 multitudi-

1946 2929 2094 2980 nem,
2126 2915 2288 2970 modo
2321 2930 2419 2987 per
2447 2915 2781 2972 afﬂuentiam
2829 2916 2886 2973 in
2921 2918 3102 2974 verbis
3132 2920 3320 2992 gratiae
3348 2922 3528 2977 mani-

1946 3005 2254 3063 festantem.
2292 3006 2518 3081 Longini
2555 3024 2683 3065 vero
2717 3010 2977 3081 sapientis
3002 3011 3206 3082 pariter
3249 3028 3314 3069 ac
3363 3031 3530 3088 gene-

1949 3097 2060 3155 rosi
2095 3099 2401 3166 historiam,
2419 3108 2582 3172 atque
2611 3100 2880 3171 imprimis
2906 3101 3119 3158 illustre
3137 3103 3258 3173 ejus
3283 3103 3350 3159 de
3367 3106 3530 3160 Chri-

1951 3201 2038 3248 sto
2060 3192 2455 3260 testimonium,
2484 3208 2514 3246 a
2538 3209 2647 3263 quo
2679 3193 2846 3248 Deum
2870 3193 3141 3250 conﬁtens
3167 3201 3254 3249 est
3277 3209 3528 3265 exorsus,

1949 3285 2042 3355 qui
2075 3292 2264 3355 potero
2294 3285 2458 3358 digne
2489 3286 2798 3340 enarrare?

2024 3375 2082 3430 2.
2123 3375 2335 3431 Etenim
2370 3393 2496 3432 cum
2546 3387 2696 3433 metu
2743 3376 3009 3434 confusus
3063 3377 3358 3435 universus
3395 3395 3532 3451 apo-

1953 3468 2217 3523 stolorum
2254 3469 2457 3525 chorus
2479 3485 2605 3524 eum
2642 3469 2727 3525 vel
2761 3478 3015 3541 negasset
3038 3471 3123 3526 vel
3152 3469 3482 3528 deseruisset
3513 3493 3528 3529 :

1952 3578 2075 3618 cum
2102 3561 2271 3617 erecti
2300 3561 2354 3618 in
2386 3562 2554 3634 pedes
2582 3561 2784 3629 claudi,
2815 3562 3035 3618 videndi
3059 3562 3319 3620 facultate
3343 3565 3532 3620 donati

1951 3653 2104 3721 caeci,
2137 3654 2338 3724 leprosi
2386 3670 2418 3709 a
2469 3654 2758 3710 maculosa:
2797 3653 2940 3710 cutis
2982 3653 3384 3725 deﬂuentisque
3435 3670 3536 3726 per

1952 3756 2196 3802 ramenta
2229 3747 2410 3802 carnis
2436 3746 2782 3803 immunditia
2808 3746 3047 3818 purgati,
3079 3746 3281 3817 aliique
3310 3747 3474 3803 soluti
3500 3763 3534 3802 a

1955 3838 2214 3908 miseriis,
2247 3838 2458 3894 liberati
2488 3855 2518 3893 a
2550 3839 2776 3905 morbis,
2809 3838 2902 3909 qui
2931 3838 3128 3893 melius
3162 3838 3348 3909 utique
3374 3855 3536 3894 nosse

1956 3946 2081 3986 eum
2111 3939 2400 4003 poterant,
2433 3931 2500 3986 ad
2530 3931 2711 3987 crucis
2747 3930 3110 4002 obstupefacti
3137 3931 3535 4002 spectaculum,

277 4020 516 4094 σταυροῦ
562 4022 1034 4091 καταπλαγέντες,
1062 4022 1328 4094 χειμῶνος
1369 4024 1567 4094 μεστὸν
1596 4024 1849 4093 ναυάγιον

1959 4024 2106 4078 velut
2130 4034 2452 4096 tempestate
2479 4025 2693 4095 appulsi
2717 4025 2784 4079 ad
2813 4024 3067 4094 scopulos
3096 4033 3358 4090 rectores,
3383 4024 3536 4080 triste

273 4113 609 4184 ὖπέμειναν’
643 4118 675 4185 ὴ
717 4113 981 4186 ὁμολογία
1014 4115 1071 4168 δὲ
1102 4113 1198 4168 τοῦ
1225 4114 1408 4185 τιμίου
1441 4117 1536 4169 καὶ
1567 4115 1849 4182 θεοσεϐοῦς

1957 4132 2071 4172 sua:
2099 4116 2222 4172 fidei
2255 4117 2437 4172 fecere
2471 4116 2814 4187 naufragium
2852 4132 2865 4168 :
2903 4129 3030 4170 tunc
3052 4116 3350 4172 venerandi
3373 4117 3536 4187 hujus

283 4209 714 4280 Ἐκατοντάρχου
744 4205 1012 4276 Λογγίνου
1048 4207 1296 4278 ὑπῆρχεν
1327 4210 1406 4270 εἰς
1436 4207 1533 4270 τὰς
1558 4207 1728 4270 ἀκοὰς
1754 4208 1849 4279 τῆς

1957 4210 2307 4281 religiosique
2335 4209 2680 4265 centurionis
2710 4207 2982 4263 confessio
3012 4207 3238 4262 auribus
3267 4224 3422 4262 vana:
3451 4219 3535 4262 at-

275 4299 516 4370 ματαίας
563 4302 655 4353 καὶ
697 4299 984 4370 ἀπατηλῆς
1037 4297 1367 4368 Συναγωγῆς
1412 4296 1520 4350 τῶν
1562 4297 1853 4363 Ἰουδαίων,

271 4390 362 4444 ὅτε
409 4388 615 4456 ἔλεγεν,
636 4386 895 4454 Ἀληθῶς
930 4385 1078 4440 Θεοῦ
1115 4387 1246 4452 Υἱός
1276 4385 1446 4439 ἐστιν
1477 4380 1675 4451 οὗτος.
1716 4383 1854 4438 Οὔτε

273 4481 386 4552 γὰρ
418 4479 647 4534 Πιλᾶτον
677 4481 816 4533 κατὰ
835 4479 930 4531 τοῦ
961 4477 1198 4548 Χριστοῦ
1237 4475 1658 4547 μεμισθωμένον
1683 4475 1853 4547 ᾐσχύ-

275 4587 421 4634 νετο,
461 4569 585 4624 οὔτε
622 4568 700 4641 μὴ
731 4569 896 4639 φόϐον
925 4568 1184 4622 τοσούτου
1213 4569 1386 4639 δήμου
1415 4569 1604 4632 ἐδεῖτο,
1639 4568 1672 4639 ἢ
1696 4569 1854 4638 ὲνάρ-

274 4677 447 4733 κησεν
498 4660 558 4713 τὸ
613 4660 819 4730 πλῆθος
857 4659 964 4712 τῶν
997 4656 1239 4730 ἀπείρων
1297 4658 1570 4729 μυριάδων
1605 4658 1849 4713 ἐκείνων.

273 4751 576 4821 Τοιγαροῦν
601 4751 696 4805 καὶ
725 4749 1046 4822 [ὑμνείσθω]
1089 4750 1182 4803 καὶ
1209 4750 1503 4820 γραφέσθω
1531 4752 1562 4820 ή
1591 4748 1850 4821 καλλίστη

272 4841 501 4910 ἄθλησις
523 4840 707 4907 αὑτοῦ,
734 4841 801 4912 ἢν
829 4841 924 4893 καὶ
952 4843 1000 4893 οἱ
1029 4839 1123 4893 ἀπ’
1153 4839 1328 4910 ἀρχῆς
1354 4840 1620 4892 αὐτόπται
1659 4839 1854 4911 διηγή-

274 4951 460 4996 σαντο,
505 4935 600 4987 καὶ
643 4936 708 5004 τῇ
760 4933 897 5003 μετὰ
935 4931 1107 5005 ταύτῃ
1149 4934 1310 5003 γενεᾷ
1354 4933 1709 5003 παρέδωκαν,
1744 4931 1854 4986 ἀπ’

271 5026 493 5097 ἐκείνης
526 5026 581 5078 δὲ
611 5029 691 5089 εἰς
714 5026 773 5078 τὸ
793 5026 922 5095 ἑξῆς
951 5025 1040 5080 καὶ
1085 5025 1227 5078 οὕτω
1270 5026 1464 5096 μέχρις
1495 5026 1649 5096 ἡμῶν
1682 5044 1848 5079 κατα-

273 5118 468 5180 ϐάντες
498 5118 546 5172 oi
571 5119 670 5187 τῆς
694 5117 960 5186 Λογγίνου
991 5118 1297 5188 μαρτυρίας
1332 5117 1500 5185 λόγοι,
1531 5118 1605 5181 ὡς
1635 5136 1848 5190 μαργα-

347 5232 365 5263 ⁸
405 5230 599 5285 Matth.
625 5245 795 5297 xxvii,
829 5230 921 5286 54.

1955 4318 2062 4372 que
2095 4303 2302 4357 fallacis
2327 4316 2613 4373 synagogas
2643 4299 2887 4354 insonuit
2928 4315 2943 4352 :
2982 4298 3108 4354 Vere
3143 4299 3312 4354 Filius
3341 4299 3435 4354 Dei
3462 4308 3535 4354 est

1955 4394 2110 4450 iste‘.
2155 4394 2360 4464 Nempe
2408 4408 2510 4448 nec
2559 4392 2795 4447 Pilatum
2831 4392 3101 4447 reveritus
3143 4398 3230 4447 est
3272 4392 3536 4446 adversus

1955 4487 2156 4544 Christi
2181 4485 2552 4541 innocentiam
2586 4485 2840 4540 mercede
2869 4484 3198 4540 conductum
3228 4483 3328 4554 (a),
3358 4499 3536 4554 neque

1950 4577 2198 4632 extimuit
2250 4584 2360 4631 tam
2409 4592 2756 4632 numerosam
2805 4575 3248 4640 multitudinem,
3327 4575 3414 4630 vel
3469 4575 3535 4629 ad

1955 4675 2309 4738 conspectum
2371 4665 2708 4720 infinitarum
2771 4663 3168 4734 propemodum
3232 4664 3534 4736 myriadum

1955 4759 2254 4828 obtorpuit.
2291 4755 2494 4822 Quidni
2540 4771 2669 4827 ergo
2719 4755 2972 4810 laudibus
3002 4754 3282 4821 efferatur,
3315 4763 3370 4809 et
3399 4755 3536 4810 scri-

1956 4849 2063 4919 ptis
2092 4850 2398 4904 celebretur
2431 4847 2861 4918 pulcberrimum
2893 4847 3013 4918 ejus
3039 4847 3358 4902 certamen?
3380 4845 3534 4912 Quod

1958 4940 2050 5009 qui
2075 4941 2331 4995 viderunt
2362 4940 2430 4994 ab
2460 4939 2616 4994 initio
2645 4949 2989 5003 enarrantes,
3022 4937 3079 4992 in
3106 4937 3344 4993 futuram
3376 4953 3536 5010 gene-

1958 5031 2223 5085 rationem
2274 5033 2686 5086 memorandum
2731 5032 3107 5099 tradiderunt;
3154 5031 3224 5086 ab
3275 5031 3364 5085 illa
3407 5045 3535 5085 vero

1959 5122 2216 5192 deinceps
2249 5122 2313 5176 ad
2342 5132 2588 5194 posteros
2616 5133 2778 5193 atque
2811 5124 2884 5178 ita
2911 5125 2978 5179 ad
3006 5139 3109 5178 nos
3137 5139 3309 5194 usque
3340 5136 3535 5194 perve-

1824 5320 2056 5379 NOTAE.

345 5417 422 5486 (1)
465 5415 564 5471 Ms.
593 5417 908 5485 ὲσχὸνευσε’
935 5416 1078 5488 quod
1100 5414 1226 5488 quia
1249 5412 1496 5488 Graecum
1514 5421 1726 5488 nonest
1754 5429 1854 5488 nec
1885 5419 1928 5474 Ι)
1959 5417 2160 5475 Christi
2191 5429 2370 5475 tamen
2403 5421 2810 5478 damnationem
2841 5421 2911 5477 ab
2938 5437 3006 5476 eo
3057 5428 3322 5475 extortam
3362 5419 3534 5488 magis

272 5483 413 5543 alihi'
437 5483 708 5557 reperitur
737 5483 1026 5557 immutavi
1056 5504 1069 5538 :
1096 5483 1235 5557 forte
1252 5485 1544 5557 tegendum
1571 5483 1673 5537 fuit
1695 5485 1853 5554 ἐσχό-

272 5555 673 5627 laticem—quasi
724 5557 883 5610 otiari
919 5556 1050 5627 fecit
1076 5570 1093 5607 :
1123 5555 1215 5610 sed
1258 5569 1437 5627 neque
1485 5556 1623 5607 hanc
1655 5569 1851 5627 vocem

274 5629 474 5698 reperi,
513 5624 749 5698 radicem
777 5624 956 5680 tamen
989 5624 1228 5679 Graecam
1261 5625 1522 5680 habemus
1557 5625 1703 5679 unde
1738 5625 1851 5678 for-

271 5695 409 5753 mari
441 5695 633 5767 possit.

347 5768 424 5839 (τι)
441 5763 724 5839 ίΝοιιοι-ιιι
742 5767 845 5823 hoc
872 5765 1092 5839 quidem
1113 5781 1143 5819 a
1167 5763 1320 5839 Pilati
1348 5764 1565 5839 ingenio
1586 5765 1846 5832 alienum,

272 5833 437 5909 quem
497 5836 718 5893 solitum
778 5833 1078 5892 sententias
1131 5834 1368 5889 vendere
1413 5833 1565 5890 Philo
1610 5839 1845 5894 scribit:

492 5930 764 5991 ΡΑτιιοι..
804 5929 924 5988 (in.
959 5926 1185 5986 XCIII.

1960 5499 2110 5543 metu
2141 5490 2397 5562 concitati
2433 5493 2487 5546 in
2519 5493 2842 5548 seditionem
2896 5492 3076 5562 populi
3119 5505 3279 5559 quam
3311 5489 3533 5562 aliore-

1957 5568 2146 5633 specta
2179 5561 2287 5633 ullo
2316 5563 2520 5617 scimus
2555 5578 2620 5617 ex
2650 5564 2968 5633 evangelico
3015 5570 3165 5616 textu
3200 5579 3212 5614 :
3247 5561 3532 5633 pecuniam

1955 5629 2312 5684 nihilominus
2339 5633 2515 5688 eidem
2542 5629 2824 5688 decretum
2853 5647 2997 5695 esse,
3028 5641 3088 5686 ut
3113 5629 3532 5685 resurrectionis

1953 5701 2271 5770 mysterium
2301 5712 2582 5770 pateretur
2609 5703 2912 5765 obscurari,
2944 5703 3081 5757 satis
3111 5702 3354 5755 indicant
3388 5699 3530 5768 apud

1951 5768 2264 5841 Matthmum
2303 5768 2471 5827 Judtci
2492 5814 2505 5835 ,
2537 5774 2769 5828 ﬁdenter
2801 5773 3065 5828 militibus
3094 5770 3477 5841 promittentes
3513 5803 3525 5839 ε

1957 5858 1975 5890 ι
2003 5839 2111 5897 Nos
2134 5842 2484 5898 suadebimus
2504 5843 2746 5911 Prtesidi,
2779 5853 2834 5900 et
2859 5859 3079 5901 securos
3095 5838 3190 5895 vos
3212 5838 3329 5893 facit
3348 5838 3520 5908 m’us.,

3175 5935 3255 5995 Ιι9
