4006 6414
569 342 711 410 15H.

1752 344 1902 408 ΗΕΒ
1911 346 2116 409 YCHII
2160 344 2637 411 PRESBYTERI

3705 351 3833 417 1M8

566 446 782 522 nientes
826 461 1178 536 Longiniante
1223 461 1587 523 confessionis
1640 479 1945 535 sermones,
1997 466 2144 522 velut

2249 465 2395 539 ρῖταί
2420 484 2567 532 τινες
2595 466 2818 538 ἄμωμοι
2844 465 2935 521 τδν
2968 465 3113 539 ἱερὸν
3144 468 3240 522 τοῦ
3284 468 3527 541 Χριστοῦ
3574 475 3829 543 vui-mina

548 555 872 627 margaritae
932 554 1181 625 quaedam
1232 554 1594 612 immaculata:
1643 566 1894 612 sanctum
1944 555 2146 613 Christi

565 646 779 701 Domini
816 645 1116 701 thalamum
1139 653 1484 714 exornantes,
1519 656 1651 701 sunt
1680 648 2015 704 conservati.

633 739 689 792 3.
730 736 916 807 Itaque
958 752 1082 791 cum
1128 736 1335 791 Pilatus
1387 737 1688 793 custodiam
1723 738 1798 809 (ὁ)
1845 736 2159 809 postulatus

564 829 978 900 advigilaturam
1013 827 1265 897 sepulcro
1305 828 1572 899 unigeniti
1610 829 1733 883 Filii
1773 829 1869 884 Dei
1896 829 2145 884 eamdem

563 920 879 992 petentibus
915 919 1123 997 ludatis
1161 921 1454 995 concessit,
1486 920 1596 976 dux
1631 936 1820 976 eorum
1868 920 2147 993 Longinus

564 1013 667 1067 fuit
704 1029 718 1067 :
752 1000 1019 1082 siquidem
1056 1019 1111 1066 et
1142 1010 1257 1081 ipse
1285 1028 1409 1068 cum
1438 1028 1535 1067 sua
1568 1014 1796 1069 cohorte
1822 1012 2145 1069 cruciﬁxum

563 1104 933 1161 custodiverat
969 1121 984 1159 :
1019 1119 1210 1159 verum
1241 1104 1434 1159 eodem
1472 1106 1584 1175 jam
1632 1106 1701 1161 ad
1741 1106 1906 1161 vitam
1957 1120 2146 1161 resur-

564 1197 744 1269 gendo
775 1211 1020 1261 reverso,
1052 1195 1517 1267 quemadmodum
1550 1197 1970 1268 Evangeliorum
2001 1197 2148 1253 Scri-

563 1298 743 1360 pturae
783 1284 1253 1353 commemorant,
1282 1295 1338 1343 et
1366 1287 1554 1342 relatis
1594 1304 1694 1359 per
1725 1290 1926 1344 miﬁtes
1955 1288 2020 1344 ad
2046 1288 2145 1344 Ju-

563 1368 809 1435 dreorum
834 1379 1109 1450 principes
1137 1379 1204 1433 iis
1226 1394 1347 1448 qua:
1371 1388 1521 1451 gesta
1542 1376 1760 1437 fuerant
1781 1381 2141 1449 mirabilibus,

561 1473 617 1527 hi
648 1471 1025 1528 confusionem
1052 1487 1205 1526 suam
1235 1471 1377 1541 apud
1411 1473 1669 1542 populum
1692 1472 2071 1542 formidantes,
2090 1484 2146 1531 et

560 1565 796 1636 prodigii
829 1564 959 1619 tanti
979 1564 1281 1620 claritatem
1317 1564 1604 1635 cupientes
1629 1565 2000 1638 exstinguere,
2014 1581 2144 1637 pro-

560 1658 831 1713 miserunt
871 1657 1137 1712 militibus
1177 1655 1536 1713 sullicientem
1572 1659 1860 1729 pecuniam
1889 1675 1948 1715 se
1982 1660 2143 1715 datu-

558 1754 674 1815 ros,
712 1758 773 1806 ut
805 1748 1228 1806 resurrectionis
1272 1749 1739 1805 calumniarentur
1787 1751 2146 1822 mysterium;

560 1846 735 1917 multa
764 1858 981 1915 quoque
1024 1841 1141 1896 auri
1186 1840 1239 1897 vi
1268 1841 1411 1910 apud
1451 1838 1685 1896 Pilatum
1714 1850 1844 1897 sunt
1871 1842 1979 1909 usi,
2011 1852 2072 1897 ut
2095 1842 2143 1898 is

561 1935 893 1991 calumniam
927 1931 1291 1987 indiscussam
1340 1931 1662 2002 susciperet.
1695 1934 1767 1987 At
1808 1947 1921 1987 non
1954 1931 2147 2004 Longi-

561 2042 668 2081 nus
697 2024 964 2097 promissa
992 2038 1182 2079 eorum
1207 2024 1462 2079 antetulit
1487 2023 1727 2091 veritati,
1750 2038 1928 2094 neque
1953 2033 2145 2080 contra

561 2119 844 2176 Christum
882 2117 1141 2189 pecunias
1157 2115 1465 2182 admittere,
1493 2116 1578 2172 vel
1612 2116 1785 2171 Deum
1818 2131 2145 2172 mammona:

563 2212 826 2269 sustinuit
857 2210 1189 2282 posthabere
1222 2226 1237 2263 :
1274 2208 1558 2280 indignum
1597 2208 1801 2279 quippe
1831 2223 1889 2264 se
1931 2208 2146 2279 judica-

562 2292 656 2362 bat
677 2312 736 2359 ut
753 2302 995 2359 avaritize
1019 2300 1266 2357 serviens
1290 2300 1345 2354 in
1373 2300 1533 2354 istam
1549 2298 1860 2355 letbiteram
1892 2300 2144 2371 abyssum

563 2380 684 2453 sese
711 2395 1074 2468 przecipitaret
1108 2391 1433 2463 periturum,
1468 2399 1524 2448 et
1553 2390 1777 2446 falsitati
1805 2391 1959 2446 testis
1986 2405 2146 2446 acce-

563 2492 716 2545 deret
740 2488 1003 2543 adversus
1023 2484 1328 2552 Christum,
1355 2499 1454 2555 per
1471 2499 1636 2554 quem
1664 2483 1986 2539 resuscitato
2002 2484 2146 2538 Ada-

564 2599 654 2637 mo
679 2590 733 2637 et
759 2586 937 2637 morte
965 2584 1247 2650 perempta
1275 2576 1344 2632 ad
1370 2574 1539 2633 vitam
1571 2575 1833 2632 mortales
1857 2575 2145 2631 immorta-

566 2674 670 2728 lem
690 2670 1105 2749 transierimus.

633 2768 688 2823 4.
730 2765 943 2821 Acriter
994 2779 1060 2820 ea
1110 2758 1343 2836 Longini
1387 2760 1698 2818 constantia
1758 2760 2033 2827 Pilatum,
2089 2768 2146 2816 et

566 2844 839 2930 principes
882 2856 1193 2913 Judaeorum
1244 2854 1473 2927 pupugit
1505 2873 1520 2911 :
1553 2863 1609 2910 et
1648 2854 1874 2910 insidias
1923 2852 2145 2925 quidem

562 2934 740 3007 eidem
771 2949 1100 3016 tendebant;
1135 2946 1231 3004 sed
1269 2946 1528 3017 quoniam
1567 2945 1735 3001 totius
1767 2945 2018 3000 militaris
2047 2959 2146 3000 co-

565 3046 739 3100 hortis
785 3040 1185 3097 illustrissimus
1225 3047 1362 3105 erat,
1398 3037 1783 3110 opportunitas
1830 3036 2005 3093 deluit
2053 3051 2147 3091 ex-

2247 553 2599 630 κοσμοῦντες,
2632 557 3095 632 διεφυλάχθησαν.

2318 745 2388 809 γ’.
2417 737 2551 796 Ὅτε
2576 740 2758 795 τοίνυν
2784 740 3121 797 κουστωδίαν
3146 742 3398 814 αἰτηθεὶς
3430 743 3463 797 ὁ
3489 743 3726 807 Πιλᾶτος
3761 746 3829 809 εἰς

2247 831 2495 905 φυλακὴν
2539 830 2636 886 τοῦ
2682 834 2858 904 τάφου
2901 834 2998 887 τοῦ
3048 835 3379 905 μονογενοῦς
3403 835 3540 889 Υίοῦ
3580 835 3679 889 τοῦ
3706 840 3829 890 θεοῦ

2247 924 2470 991 ἔδωκεν,
2509 926 2777 996 Λογγῖνος
2802 921 2873 997 ἦν
2917 926 3102 982 αὐτῶν
3130 927 3365 999 ἔξαρχος
3386 945 3404 961 ο
3442 929 3613 992 αὐτδς
3638 931 3744 1000 γὰρ
3771 926 3834 1001 ἦν

2246 1018 2343 1072 καὶ
2368 1017 2461 1073 τὸν
2493 1018 2728 1091 σταυρὸν
2753 1017 2849 1072 τοῦ
2878 1019 3120 1090 Χριστοῦ
3154 1014 3397 1089 φυλάξας
3431 1021 3578 1091 μετὰ
3606 1020 3714 1074 τῶν
3738 1023 3837 1075 ὑπ’

2245 1106 2413 1163 αὐτοῦ
2469 1108 2836 1179 στρατιωτῶν.
2854 1108 3020 1162 Ἀλλὰ
3065 1107 3163 1161 τοῦ
3194 1109 3437 1181 Χριστοῦ
3490 1110 3832 1181 πραχθείσης

2202 1252 2205 1253 ν
2244 1202 2344 1272 τῆς
2368 1199 2741 1264 ἀναστάσεως,
2772 1199 2964 1271 ὥσπερ
2999 1201 3132 1271 ἡμῖν
3164 1202 3228 1254 αῐΡ
3251 1201 3362 1254 τῶν
3394 1200 3563 1255 θείων
3592 1201 3829 1271 Eiram-

2244 1290 2377 1345 λίων
2410 1290 2627 1361 Γραφαῖ
2652 1290 3001 1363 παρέδωκαν,
3036 1292 3130 1344 καὶ
3174 1291 3286 1345 τῶν
3330 1292 3691 1364 στρατιωτῶν
3732 1296 3829 1346 ἀπ-

2245 1382 2620 1453 αγγειλάντων
2666 1384 2782 1445 τοῖς
2823 1383 3087 1456 ἄρχουσιν
3138 1385 3235 1438 καὶ
3285 1384 3692 1455 πρεσϐυτέροις
3738 1389 3833 1457 τῇς

2258 1475 2549 1548 Ἰουδαϊκῆς
2572 1477 2885 1547 συμμορίας
2920 1477 2988 1530 τὰ
3014 1476 3287 1546 γενόμενα
3318 1476 3611 1548 θαύματα,
3640 1480 3827 1532 ἐκεῖνοι

2247 1564 2347 1637 μὲν
2368 1563 2747 1634 αἰσχυνθέντες
2769 1564 2864 1617 τὸν
2893 1564 3024 1619 λαὸν
3053 1565 3150 1619 καὶ
3177 1566 3372 1620 σϐέσαι
3402 1568 3464 1620 τὸ
3488 1566 3682 1636 θαῦμα
3709 1566 3825 1637 βουο

2244 1655 2484 1727 λόμενοι,
2513 1654 2757 1727 ἀργύρια
2809 1655 2975 1710 ἱκανὰ
3017 1658 3133 1719 τοῖς
3188 1656 3558 1727 στρατιώταις
3604 1658 3821 1725 ἔδωκαν,

2245 1745 2387 1802 ὥστε
2416 1746 2821 1818 συκοφαντῆσαι
2845 1745 2942 1818 τὴν
2966 1746 3266 1802 ἀνάστασιν
3288 1747 3386 1801 τοῦ
3409 1749 3680 1820 Χριστοῦ,
3696 1750 3824 1805 οὕτω

2170 1827 2215 1884 Β
2244 1837 2301 1892 δὲ
2346 1838 2440 1893 καὶ
2484 1836 2578 1891 τὸν
2626 1836 2859 1891 Πιλᾶτον
2887 1835 3141 1903 δέξασθαι
3175 1836 3272 1908 τὴν
3299 1838 3672 1906 συκοφαντίαν
3700 1839 3821 1910 χρή-

2249 1946 2383 2000 μασι
2414 1927 2631 1993 πολλοῖς
2668 1927 2916 1983 ἔπεισαν.
2948 1929 3022 1982 ού
3054 1927 3162 1999 μὴν
3196 1930 3224 1982 ὀ
3253 1929 3521 1998 Λογγῖνος
3551 1930 3820 2000 προκρίνει

2243 2020 2336 2076 τὸν
2360 2019 2527 2088 λόγον
2554 2019 2656 2090 τῆς
2684 2018 2969 2091 ἀληθείας,
2995 2019 3118 2073 οὐδὲ
3145 2020 3286 2072 κατὰ
3310 2020 3406 2072 τοῦ
3436 2020 3682 2090 Χριστοῦ
3707 2021 3807 2091 λαμ

2246 2112 2401 2169 ϐάνει
2426 2113 2650 2186 χρυσδν,
2692 2112 2818 2166 ούδὲ
2872 2112 2965 2167 τὸν
2997 2114 3309 2184 μαμμωνᾶν
3338 2112 3432 2166 τοῦ
3460 2112 3603 2166 Θεοῦ
3635 2114 3818 2184 προθυ-

2249 2206 2419 2279 μῆσαι
2447 2204 2779 2277 ὑπέμεινεν,
2818 2205 2939 2259 ούδέ
2978 2207 3047 2277 τῇ
3082 2204 3368 2277 πλεονεξίᾳ
3425 2204 3723 2268 δουλωθεὶς
3750 2208 3819 2267 εἱς

2244 2299 2335 2353 τὸν
2366 2297 2569 2370 ταύτης
2600 2296 2762 2369 βυθὸν
2794 2297 2885 2351 τὸν
2915 2297 3291 2351 πολυθάνατου
3317 2296 3574 2362 ὤλισθεν,
3607 2299 3667 2350 ού
3694 2299 3828 2351 κατὰ

2245 2388 2487 2463 Χριστοῦ
2519 2390 2888 2462 συκοφαντίας
2919 2389 3017 2444 τοῦ
3050 2388 3283 2461 ψεύδους
3317 2389 3608 2461 ἠνέσχετο,
3630 2390 3721 2443 τοῦ
3742 2390 3829 2443 τὸν

2258 2487 2430 2558 Ἀδὰμ
2465 2486 2781 2559 ἐγείραντος
2824 2484 2923 2538 καὶ
2966 2484 3059 2540 τὸν
3108 2484 3344 2541 θάνατον
3388 2485 3699 2556 σφάξαντος
3740 2487 3825 2538 καὶ

2244 2577 2369 2642 τοὺς
2399 2577 2628 2651 θνητοὺς
2644 2574 3011 2643 ’ζωὼσαντος.

2314 2757 2376 2812 δ’.
2419 2754 2561 2829 Πρὸς
2601 2754 2777 2812 ταῦτα
2808 2756 2837 2811 ὁ
2892 2756 3127 2822 Πιλᾶτος
3182 2758 3277 2813 καῖ
3326 2758 3374 2813 oi
3421 2756 3683 2814 δυνάσται
3729 2759 3831 2813 τῶν

2258 2849 2526 2903 Ἰουδαίων
2564 2849 2936 2919 κεντούμενοι,
2966 2848 3198 2921 ἐζήτουν
3237 2850 3537 2921 ἐπιϐουλὴν
3562 2850 3709 2906 κατὰ
3735 2851 3829 2905 τοῦ

2248 2942 2521 3013 μακαρίου
2552 2942 2842 3013 Δογγίνου,
2881 2944 2979 2998 καὶ
3007 2943 3108 2998 οὐκ
3137 2936 3287 3015 εἶχον
3316 2944 3541 3015 καιρόν·
3571 2940 3645 3017 ἦν
3674 2946 3781 3018 γὰρ
3802 2947 3835 2999 δ

2244 3033 2507 3104 Λογγῖνος
2543 3034 2672 3105 ὅλης
2694 3036 2796 3108 τῆς
2822 3035 3223 3108 στρατιωτικῆς
3257 3035 3544 3105 φάλαγγος
3574 3037 3830 3109 ἐπισημᾷ

564 3138 774 3208 plendae
827 3132 1157 3197 iracundiae,
1214 3145 1378 3200 quam
1426 3138 1618 3184 contra
1656 3128 1902 3184 veritatis
1946 3135 2141 3183 testem

2247 3144 2423 3201 τερος.
2442 3129 2661 3202 Ἐπειδὴ
2703 3129 2760 3183 δὲ
2794 3129 3065 3201 ἐϐουλήθη
3114 3129 3252 3195 ὅλως
3287 3131 3527 3203 Χριστοῦ
3556 3133 3827 3202 γενέσθαι,

565 3235 951 3300 conceperant.
980 3228 1077 3281 Ast
1106 3222 1197 3279 ille
1229 3230 1404 3277 totum
1435 3237 1493 3277 se
1519 3220 1740 3277 Christo
1781 3220 1999 3277 tradere
2047 3235 2144 3276 cu-

564 3324 720 3394 piens
753 3320 821 3394 (c)
854 3318 1115 3374 Caesarea:
1146 3314 1356 3370 militia:
1388 3330 1581 3368 zonam
1621 3312 1791 3377 exuit,
1822 3320 1877 3368 et
1923 3311 1992 3367 de
2036 3326 2145 3367 cas-

566 3426 682 3470 tero
712 3411 856 3468 domi
890 3426 949 3466 se
975 3406 1247 3466 continuit
1272 3423 1405 3472 suae,
1442 3420 1568 3461 cum
1602 3405 1817 3461 duobus
1856 3404 2141 3470 militibus,

565 3506 657 3578 qui
716 3512 770 3560 et
813 3502 917 3573 ipsi
962 3500 1133 3557 beatae
1186 3498 1549 3556 confessionis
1591 3505 1879 3552 consortes
1920 3494 2142 3563 eﬂecti‘,

566 3609 847 3669 przecones
870 3593 1125 3649 exstitere
1155 3606 1344 3647 eorum
1370 3605 1491 3660 qua:
1512 3589 1764 3645 viderant
1784 3597 1838 3644 et
1864 3587 2148 3643 audierant

568 3686 893 3744 terribilium
920 3683 1223 3756 signorum.
1256 3680 1463 3736 Deinde
1485 3694 1638 3747 vero,
1672 3677 2046 3750 Hierosolyma
2066 3692 2148 3733 re-

565 3783 713 3843 licta,
746 3790 999 3833 reversus
1020 3789 1146 3830 cum
1182 3771 1381 3829 iisdem
1414 3779 1518 3837 est,
1560 3778 1617 3827 et
1648 3770 1827 3827 factus
1861 3770 2147 3842 Cappado-

560 3886 689 3925 cum
733 3865 941 3939 regioni
970 3863 1211 3936 optimus
1240 3862 1585 3935 prazdicator,
1616 3861 1759 3918 sicut
1784 3862 2024 3919 Thomas
2057 3862 2147 3917 In-

566 3963 671 4025 ίὶὶε,
700 3958 963 4015 Romanis
992 3957 1210 4023 Petrus,
1244 3954 1499 4011 Asiaticis
1527 3954 1799 4020 Joannes,
1836 3954 2038 4010 Paulus
2078 3956 2146 4011 ab

563 4049 957 4121 Hierosolymis
991 4048 1065 4122 (ά)
1112 4048 1181 4104 ad
1221 4047 1493 4119 Illyricum
1524 4062 1721 4118 usque,
1751 4057 1805 4102 et
1848 4048 1939 4103 alii
1982 4048 2099 4104 aliis
2128 4067 2142 4117 ;

564 4144 840 4199 Christum
882 4139 1213 4196 annuntians
1238 4180 1252 4205 ,
1289 4147 1344 4194 et
1374 4154 1494 4208 quae
1519 4148 1741 4209 propter
1773 4139 1951 4210 ipsum
1985 4148 2145 4209 atque

568 4240 622 4291 in
659 4237 779 4308 ipso
811 4234 952 4290 facta
978 4243 1135 4290 erant
1165 4231 1419 4305 mysteria
1447 4231 1754 4302 divulgans.

636 4354 689 4409 5.
727 4350 956 4413 Pessimi
982 4359 1165 4405 autem
1185 4347 1360 4405 Judaei
1392 4349 1508 4405 zelo
1529 4347 1849 4402 inﬂammati
1870 4356 1926 4402 et
1946 4347 2143 4402 stimu-

564 4445 657 4499 lati
688 4444 786 4508 ira,
817 4442 1044 4515 Longini
1061 4439 1461 4497 confessionem
1487 4455 1583 4511 per
1606 4454 1797 4494 omnes
1830 4439 1935 4493 late
1964 4448 2143 4509 partes

2246 3220 2540 3275 ἀποδύεται
2573 3220 2672 3292 τὴν
2710 3219 2887 3292 ζώνην
2933 3222 3030 3275 τοῦ
3078 3221 3375 3294 Καίσαρος,
3409 3223 3505 3275 καὶ
3534 3222 3729 3276 λοιπον
3776 3225 3830 3277 ἐν

2242 3313 2378 3384 οἴκῳ
2411 3312 2645 3386 κάθηται
2677 3313 2815 3385 μετὰ
2841 3312 2952 3366 τῶν
2972 3312 3064 3367 δύο
3096 3315 3467 3388 στρατιωτῶν,
3497 3317 3556 3368 οἱ
3572 3333 3719 3379 τινες
3739 3317 3827 3370 σὺν

2245 3405 2396 3475 αύτῷ
2430 3406 2524 3459 καὶ
2553 3406 2649 3477 τῆς
2687 3406 2967 3477 μακαρίας
2992 3408 3241 3475 ἐγένοντο
3267 3407 3554 3478 ἀθλήσεως
3589 3407 3827 3479 συγκληο

2248 3498 2463 3571 ρονόμοι
2486 3538 2501 3562 ,
2537 3499 2779 3570 κήρυκες
2811 3499 3091 3571 γενόμενοι
3116 3492 3192 3552 ὧν
3226 3498 3333 3553 ἴδον
3365 3516 3425 3553 τε
3459 3501 3555 3554 καὶ
3595 3502 3825 3573 amari:-

2248 3607 2331 3643 σιν
2365 3588 2611 3660 φοϐερῶν
2639 3590 2961 3661 τεραστίων.
2992 3590 3104 3646 Καὶ
3138 3591 3454 3644 καταλιπὼν
3485 3593 3590 3664 τὴν
3633 3595 3821 3664 Ἰερουο

2247 3683 2428 3756 σαλὴμ
2456 3684 2783 3756 ἀνέστρεψεν
2818 3686 2915 3738 σὺν
2942 3685 3146 3750 αὐτοῖς,
3181 3685 3275 3740 καὶ
3304 3686 3517 3755 γίνεται
3558 3690 3629 3759 τῇ
3680 3690 3825 3741 Κατ-ν

2246 3779 2497 3832 παδόκων
2543 3776 2695 3850 χώρᾳ
2745 3774 2923 3850 κῆρυξ
2953 3779 3175 3850 ἄριστος
3197 3796 3210 3811 ·
3239 3779 3429 3850 ὥσπερ
3475 3780 3684 3852 Θωμᾶς
3720 3786 3820 3845 τοῖς

2258 3868 2456 3933 Ἰνδοῖς,
2475 3867 2762 3939 Ῥωμαίοις
2809 3869 2867 3922 δὲ
2916 3870 3141 3942 Πέτρος,
3161 3871 3431 3936 Ἀσιανοῖς
3457 3872 3514 3925 δὲ
3554 3873 3816 3943 Ἰωάννης.

2246 3959 2457 4023 Παῦλος
2500 3960 2607 4012 ἀπὸ
2647 3959 3005 4031 Ἰερουσαλὴμ
3033 3963 3125 4015 καὶ
3171 3963 3335 4034 μέχρι
3371 3963 3466 4016 τοῦ
3508 3965 3817 4037 Ἰλλυρικοῦ,

2248 4053 2339 4105 καὶ
2373 4052 2530 4115 ἄλλος
2564 4051 2764 4116 ἄλλοις,
2800 4053 3290 4126 εὐαγγελιζόμενος
3315 4056 3404 4110 τὸν
3439 4059 3701 4130 Χριστὸν,
3734 4060 3819 4112 καὶ

2244 4142 2311 4195 τὰ
2342 4142 2471 4214 παρ’
2496 4141 2682 4208 αὐτοῦ,
2716 4142 2810 4195 καὶ
2845 4143 2931 4194 ἐπ’
2963 4143 3110 4215 αὐτῷ
3139 4146 3503 4215 πεπραγμένα
3530 4151 3814 4219 μυστήρια.

2313 4344 2375 4393 ε’.
2417 4338 2480 4392 Οί
2509 4337 2565 4391 δὲ
2599 4339 2827 4411 πονηροὶ
2861 4339 3107 4395 Ἰουδαῖοι
3139 4343 3422 4414 καιόμενοι
3439 4344 3519 4416 τῷ
3541 4345 3710 4417 ζήλῳ,
3732 4348 3814 4400 καὶ

2244 4428 2322 4501 τῷ
2371 4429 2527 4501 θυμῷ
2570 4431 2938 4503 κεντούμενοι,
2969 4433 3066 4505 τὴν
3112 4433 3206 4487 τοῦ
3253 4436 3528 4508 μακαρίου
3559 4440 3813 4507 Λογγίνου

565 4535 895 4605 divulgatam
917 4547 1174 4603 superare
1198 4548 1309 4587 non
1341 4539 1634 4602 potuerunt
1669 4550 1681 4585 :
1716 4547 1885 4600 quare
1913 4530 1979 4584 ad
2002 4530 2143 4601 prio-

2249 4522 2551 4592 μαρτυρίαν
2598 4522 2922 4593 πολυμερῶς
2968 4524 3070 4596 ήδη
3118 4524 3220 4595 τῆς
3270 4525 3376 4596 γῆς
3420 4526 3812 4598 διαδραμοῦσαν

567 4641 653 4681 res
686 4640 812 4680 suas
842 4624 1278 4688 artesconversi,
1321 4623 1553 4679 Pilatum
1586 4624 1874 4685 inducunt,
1906 4631 1965 4676 ut
1991 4622 2140 4677 Lon-

565 4717 752 4787 ginum
800 4714 934 4769 falso
962 4702 1347 4768 criminaretur
1370 4712 1514 4783 apud
1557 4711 1825 4767 Cmsarem
1859 4725 1955 4781 per
1992 4710 2139 4765 litte-

571 4824 687 4874 ras;
718 4808 863 4878 quod
894 4806 1072 4861 alieno
1103 4805 1170 4859 ab
1192 4804 1418 4875 imperio
1442 4804 1814 4858 Romanorum
1841 4804 2023 4857 animo
2045 4803 2141 4856 mi-

568 4898 746 4953 litaria
800 4894 1220 4965 contempsisset
1268 4894 1531 4966 insignia,
1563 4904 1619 4949 et
1639 4894 1915 4948 Christum
1957 4908 2136 4962 regem

524 5036 529 5039 .
568 4991 822 5062 gentibus
862 4989 1199 5065 praedicaret,
1235 5002 1408 5057 eaque
1459 4986 1813 5057 persuasione
1847 4986 1958 5055 jam
1988 5000 2138 5040 nunc

569 5082 848 5151 implesset
886 5079 1116 5151 patriam
1142 5094 1296 5135 suam
1341 5079 1676 5135 universam.
1709 5075 1845 5132 Cum
1876 5074 2023 5131 hisce
2053 5075 2141 5130 lit-

2245 4616 2531 4685 καρτερεῖν
2559 4617 2659 4668 οὐκ
2687 4615 2968 4685 ἠδύναντο.
2993 4616 3127 4669 Τότε
3159 4618 3439 4671 πείθουσιν
3471 4620 3571 4671 τὸν
3598 4620 3811 4673 Πιλᾶτον

2242 4705 2410 4776 ψευδῆ
2444 4707 2585 4759 κατὰ
2616 4706 2710 4759 τοῦ
2744 4707 3014 4777 μακαρίου
3043 4709 3309 4777 Λογγίνου
3343 4712 3558 4781 γράψαι
3587 4713 3665 4783 τῷ
3695 4714 3813 4765 Καί-

2247 4816 2392 4870 σαρι,
2426 4800 2510 4852 ὅτι
2549 4798 2649 4869 τῆς
2684 4798 2970 4869 Ῥωμαίων
3021 4799 3295 4871 βασιλείας
3328 4803 3593 4874 ἀλλότρια
3624 4808 3809 4873 φρονεῖ,

2244 4895 2340 4946 καὶ
2379 4892 2662 4963 ἀμελήσας
2712 4894 2818 4948 τῶν
2876 4894 3190 4964 πολεμικῶν
3237 4896 3418 4949 ὃπλων
3465 4898 3560 4950 τὸν
3595 4899 3811 4969 Χριστὸν

2245 4983 2506 5054 κηρύττει
2553 4983 2788 5037 Βασιλέα
2832 4988 2944 5049 τοῖς
2974 4986 3217 5051 ἔθνεσιν,
3245 4988 3339 5041 καὶ
3388 4988 3492 5057 ἤδη
3542 4990 3653 5041 τῶν
3698 4992 3811 5058 περὶ

2245 5076 2433 5129 τούτου
2467 5074 2640 5146 λόγων
2681 5077 2782 5149 τὴν
2828 5077 3021 5131 ἑαυτοῦ
3066 5080 3302 5150 πατρίδα
3332 5082 3424 5132 καὶ
3455 5078 3645 5150 χώραν
3670 5081 3811 5148 ἐπλή·

2078 5250 2309 5309 ΝΟΤΖΕ.

639 5352 712 5423 (ὁ)
748 5349 973 5423 Graecus
1006 5345 1240 5401 Matthaei
1285 5344 1551 5423 interpres
1583 5355 1901 5423 consuetam
1936 5345 2139 5423 Roma-

567 5415 655 5478 nae
686 5415 892 5476 militia:
918 5432 1105 5476 vocem
1126 5458 1139 5477 ,
1174 5425 1228 5471 et
1262 5416 1404 5486 apud
1436 5424 1649 5470 exteras
1683 5418 1845 5470 etiam
1888 5415 2140 5486 nationes

569 5494 860 5554 usitatam,
895 5487 1248 5555 κουστωδίαν,
1279 5485 1592 5555 usurpavit;
1643 5496 1701 5540 ut
1743 5494 1890 5539 recte
1937 5485 2139 5539 Menaaa

568 5553 995 5631 interpretentur
1013 5560 1137 5631 ἥτις
1156 5553 1224 5631 ἦν
1239 5553 1435 5631 τάγμα.
1448 5556 1836 5631 στρατιωτικύν
1855 5570 1868 5583 ·
1896 5555 1966 5609 ita
1993 5570 2139 5631 nunc

568 5625 797 5688 barbare
826 5631 1024 5684 milites
1039 5625 1208 5683 alicui
1242 5628 1318 5681 rei
1354 5626 1439 5681 vel
1463 5638 1712 5695 personas
1745 5625 1811 5679 ad
1837 5625 2140 5680 custodiam

569 5700 856 5770 deputatus
885 5700 1117 5770 dicimus
1146 5699 1449 5770 guardiam.

644 5756 712 5841 ξε)
752 5770 883 5823 Acta
928 5756 1275 5838 Metaph'rasti
1338 5765 1571 5835 ascripta
1615 5781 1628 5817 :
1680 5765 1972 5822 secessisse
2016 5780 2142 5821 eum

2246 5343 2437 5417 dicunt
2467 5355 2526 5397 ut
2551 5343 2763 5398 Judaici
2818 5346 3003 5417 populi
3033 5346 3472 5417 congressionem
3504 5346 3809 5409 declinaret,

2247 5415 2705 5486 intellectoquam
2734 5415 2969 5486 graviter
3000 5416 3044 5469 is
3073 5415 3171 5486 sibi
3203 5426 3346 5471 esset
3378 5418 3645 5470 infensus.

2319 5484 2394 5555 (Δ)
2434 5484 2544 5558 Sed
2576 5486 2676 5558 diu
2692 5484 2983 5558 pnstquam
3016 5502 3045 5540 e
3071 5484 3252 5541 .ludeea
3297 5497 3521 5540 sanctus
3550 5486 3810 5558 Longinus

2246 5554 2607 5608 secessisset:
2646 5554 2851 5625 Pilatus
2903 5557 3047 5609 enim
3075 5596 3090 5620 ,
3138 5558 3239 5610 sub
3282 5571 3390 5625 quo
3441 5557 3533 5610 ille
3589 5554 3809 5625 passus.

2248 5625 2399 5693 prius
2459 5625 2599 5693 apud
2650 5624 2820 5694 Syriae
2870 5626 3153 5693 praesidem
3204 5624 3494 5680 accusatus
3540 5624 3600 5681 et
3648 5628 3813 5681 otlicio

2248 5703 2464 5765 amotus
2504 5704 2607 5758 est,
2639 5710 2799 5763 quam
2832 5710 3100 5765 eousque
3134 5695 3330 5750 Paulus
3365 5707 3695 5761 excurreret,
3723 5707 3811 5750 aut

2250 5764 2477 5818 Romam
2510 5779 2569 5819 se
2599 5765 2876 5820 conterret
2899 5764 3091 5821 Petrus
3125 5767 3412 5820 Antiochia
3446 5766 3661 5821 relicta.
