4040 6434
245 356 383 427 1549

1388 361 1451 423 S.
1482 352 1807 423 LONGINI
1847 350 2333 423 MARTYRIUM.

3354 354 3489 419 1550

245 479 443 544 ρωσεν.
476 472 619 545 Πρὸς
644 469 852 537 τούτοις
880 471 989 537 τοῖς
1011 470 1816 545 γράμμασιξσυναποστέλλουσι

1935 471 2055 526 Leris
2091 481 2146 528 et
2174 470 2437 543 pecunias
2465 468 2689 525 mittunt
2723 475 2779 523 et
2804 463 3028 538 Longini
3068 475 3292 520 mortem
3323 450 3491 537 tlepu.

244 565 341 619 καὶ
371 564 647 637 χρήματα,
677 564 883 618 καὶτὸν
904 564 1165 634 Λογγίνου
1196 564 1426 620 θάνατον
1452 563 1812 632 ἐξαιτοῦνται,

242 651 536 716 τάς.ἀκοάς
558 653 831 726 Καίσαρος
860 653 1302 725 ὑφαρπάσαντες.
1329 653 1439 709 Kal.
1467 654 1531 726 δὴ
1562 652 1816 726 βασιλικά

143 791 150 799 .
244 742 552 827 γράμματα
593 744 675 807 είς
715 743 812 814 τὴν
854 742 1111 800 Ἰουδαίαν
1150 744 1229 816 τῷ
1262 745 1476 817 Πιλάτῳ
1503 746 1817 827 κομίζονται

243 835 388 889 κατά
420 824 682 904 Λογγινου
716 835 814 891 καὶ
839 836 947 891 τῶν
982 838 1079 893 σὺν
1116 838 1285 910 αὐτῷ,
1316 837 1391 903 ὡς
1420 839 1502 892 ὅτι
1529 839 1578 891 oi
1605 838 1676 892 τὰ
1706 824 1818 891 τῶν

242 927 425 981 ὅπλων
465 927 864 998 ἀμελήσαντες,
892 928 1036 998 ξίφει
1080 929 1178 994 τὰς
1228 928 1470 998 κεφαλάς
1512 927 1819 982 ἀποθέσθαι

245 1018 750 1089 κελεύωμενεὍθεν
796 1013 998 1092 σπουδῇ
1030 1020 1200 1092 πολλῇ
1230 1022 1342 1084 τοῖς
1375 1020 1483 1075 τῶν
1513 1016 1689 1088 φόνων
1714 1019 1820 1074 ὕπ-

245 1109 473 1180 ηρέταις
499 1110 527 1162 6
549 1108 779 1174 ιῐιλάτος
808 1104 1109 1182 ἐγχειρίζει
1138 1109 1205 1164 τὰ
1230 1108 1535 1182 γράμματα
1560 1108 1654 1163 τοῦ
1680 1108 1821 1165 Καί-

249 1216 436 1270 σαρος.
461 1192 525 1252 Ui
552 1200 608 1255 δὲ
635 1200 799 1271 τάχος
832 1197 1138 1267 διαϐάντες,
1163 1201 1263 1273 τὴν
1295 1200 1404 1255 τῶν
1435 1201 1822 1257 Καππαδόκων

246 1292 355 1361 γῆν
391 1290 681 1360 φθάνουσιν
700 1307 717 1323 ο
748 1288 843 1345 καὶ
874 1290 1135 1363 μαθόντες
1175 1294 1234 1345 ὲν
1278 1292 1434 1364 ἀγρῷ
1468 1290 1705 1364 πατρῴῳ
1729 1291 1822 1346 τὸν

248 1384 514 1452 Λογγῖνον
565 1382 906 1453 φιλοσοφεῖν,
953 1385 1049 1437 καὶ
1098 1382 1199 1455 τὴν
1240 1378 1468 1455 ἡσυχίαν
1513 1382 1819 1448 ἀσκεῖσθαι,

250 1476 470 1531 πάντων
501 1474 609 1528 τῶν
640 1474 934 1529 πολιτικῶν
974 1475 1320 1547 πραγμάτων
1359 1475 1554 1529 ἑαυτὸν
1578 1474 1825 1529 ἀπαλλά-

254 1566 441 1631 ξαντα.
482 1565 588 1620 Τὸν
627 1567 796 1636 ἀγρὸν
838 1566 1037 1621 αὐτίκα
1076 1566 1609 1637 καταλαμϐάνουσιν,
1645 1561 1823 1639 ἡσυχῇ

252 1656 315 1710 τὸ
348 1657 631 1726 ἐπίταγμα
659 1656 893 1711 Πιλάτου
934 1657 1026 1710 καὶ
1048 1656 1324 1728 Καίσαρος
1361 1655 1670 1709 ἐπιτελέσαι
1703 1655 1826 1726 βου·

253 1749 494 1819 λόμενοι,
518 1747 660 1801 ὥστε
690 1746 765 1820 μὴ
785 1748 867 1813 είς
901 1748 1083 1818 φυγὴν
1108 1746 1199 1801 τὸν
1230 1747 1497 1816 Λογγῖνον
1523 1746 1822 1816 τραπῆναι.

1916 577 2108 634 scunt,
2140 568 2360 637 suisque
2401 563 2689 621 calumniis
2738 577 2899 618 aures
2940 568 3272 630 occupantes
3310 560 3490 616 Cresa-

1916 676 2057 727 reas,
2082 658 2427 731 imperatoria
2452 657 2707 713 mandata
2728 655 2782 711 in
2809 655 3053 711 Judaeum
3083 661 3271 707 contra
3295 652 3496 724 Longi-

1915 768 2048 809 num
2071 751 2318 808 referunt
2343 751 2411 805 ad
2440 749 2704 815 Pilatum;
2735 748 2936 819 quibus
2965 747 3142 819 gladio
3189 746 3243 800 in
3275 761 3371 800 eos
3406 746 3496 815 ju-

1914 841 2149 899 bebatur
2190 842 2649 907 animadvertere,
2684 840 2778 912 qui
2828 832 3076 895 militiam
3104 838 3494 893 deseruissent.

1919 933 2024 990 Eas
2046 926 2253 989 litteras
2266 925 2472 989 Pilatus
2488 926 2750 989 continuo
2768 924 2988 987 tradidit
3014 929 3255 999 probatis
3266 928 3497 983 caedium

1919 1042 1950 1081 a
1977 1042 2038 1083 se
2064 1019 2468 1098 designatarum
2498 1023 2767 1080 ministris
2805 1041 2818 1077 :
2858 1021 2963 1094 ipsi
3000 1037 3133 1077 vero
3174 1020 3500 1077 festinanter

1920 1117 2264 1173 discedentes
2310 1125 2681 1188 pervenerunt
2727 1112 2785 1171 in
2837 1106 3266 1185 Cappadociam,
3316 1112 3500 1183 ibique

1921 1210 2231 1266 didicerunt
2264 1208 2566 1282 Longinum
2598 1216 2828 1280 paterno
2856 1206 2913 1261 in
2946 1221 3078 1276 agro
3104 1202 3498 1276 philosophari,

1922 1304 1980 1357 et
2012 1301 2233 1357 urbanis
2276 1300 2510 1373 negotiis
2549 1300 2807 1372 curisque
2849 1298 3147 1365 abdicatis,
3185 1298 3373 1353 animo
3403 1312 3503 1368 per

1922 1392 2162 1464 quietem
2190 1393 2496 1450 exercendo
2529 1406 2743 1448 vacare.
2776 1390 2982 1463 Agrum
3024 1382 3207 1460 itaque
3247 1388 3503 1443 eumdem

1924 1484 2146 1550 adeunt,
2188 1484 2599 1554 decernuntque
2640 1476 2799 1538 Pilati
2832 1497 2896 1538 ac
2929 1480 3160 1538 Casaris
3199 1480 3504 1553 iussionem

1926 1590 2048 1628 cum
2095 1568 2313 1629 silentio
2342 1572 2586 1643 exsequi,
2623 1587 2695 1629 ne
2725 1571 2867 1628 forte
2902 1572 2958 1627 in
2989 1570 3173 1642 fugam
3206 1585 3505 1627 conversus

1928 1665 2225 1737 Longinus,
2272 1664 2528 1719 manibus
2566 1663 2682 1719 suis
2726 1663 3032 1734 eriperetur
3062 1674 3078 1717 :
3107 1661 3248 1718 unde
3301 1661 3505 1718 factum

1929 1764 2029 1821 est,
2056 1757 2116 1810 ut
2150 1753 2356 1810 nemini
2383 1753 2679 1825 quidquam
2716 1767 2909 1809 eorum
2939 1768 3061 1824 quae
3090 1751 3368 1809 habebant
3396 1767 3508 1824 pra:

254 1835 420 1895 Ὅθεν
449 1840 664 1911 ἀθρόως
693 1838 1011 1910 ὑπέστησαν
1037 1837 1115 1910 τῷ
1143 1838 1321 1909 ἀνδρὶ,
1352 1832 1427 1902 ὡς
1452 1838 1538 1890 ἐπ’
1560 1836 1703 1907 ἄλλῳ
1724 1835 1832 1890 τινὶ

1935 1848 2182 1903 manibus
2203 1847 2467 1903 audentes
2483 1846 2837 1908 concredere,
2855 1844 3075 1916 ipsimet
3090 1845 3337 1917 Longino
3356 1846 3508 1899 velut

254 1931 565 1997 διαϐάντες,
602 1931 699 1987 καὶ
727 1930 881 1986 οὐδὲν
907 1930 1085 1985 οὐδενὶ
1106 1929 1216 1984 τῶν
1246 1928 1386 2001 μετά
1424 1929 1613 2001 χεῖρας
1648 1925 1829 1981 αὐτῶν

256 2023 675 2095 ἐπιφερομένων
711 2022 1059 2098 ἐθάρρησαν·
1106 2017 1227 2077 εἶτα
1251 2017 1587 2085 εἰσελθόντες
1625 2019 1721 2075 καὶ
1752 2018 1831 2091 τῷ

257 2113 507 2185 Λογγίνῳ
537 2113 946 2187 περιτυχόντες,
971 2112 1071 2168 οὐκ
1111 2110 1313 2177 ειδότες
1352 2112 1518 2167 αὑτὸν
1550 2106 1713 2179 εῖναι,
1738 2108 1831 2166 τὸν

256 2204 441 2267 αὐτοῖς
460 2220 520 2258 τε
548 2205 644 2260 καὶ⁵
664 2205 881 2278 Πιλάτῳ
916 2202 1269 2275 ζητούμενον,
1299 2202 1557 2276 ἄρχονται
1596 2203 1829 2275 ἐρωτᾷν,

258 2293 361 2346 ποῦ
382 2296 411 2348 6
438 2295 702 2366 Λογγῖνος
729 2296 838 2368 εἴη.

330 2393 406 2451 ς’.
445 2386 507 2441 '0
534 2388 593 2443 δὲ
620 2390 928 2462 Μακάριος,
957 2388 1054 2445 τοῦ
1090 2389 1234 2445 θείου
1268 2380 1588 2462 Πνεῦματος
1613 2385 1761 2458 αὑτῷ
1775 2380 1834 2441 τὸ

246 2485 443 2555 δρᾶμα
466 2480 976 2554 προώηλώσαντος,
991 2482 1362 2547 ἀκολουθεῖτε,
1385 2481 1573 2552 φησὶν,
1598 2480 1693 2535 καὶ
1707 2478 1834 2533 τοῦδ

257 2587 350 2627 τον
372 2573 733 2643 ὑποδείκνυμι
763 2572 912 2644 ὑμῖνι
930 2573 1064 2626 Τότε
1089 2572 1226 2645 πρὸς
1245 2571 1439 2626 ἑαυτὸν
1459 2573 1488 2626 6
1521 2570 1677 2641 ἅγιος
1696 2571 1837 2639 Λογ-

258 2670 431 2736 γῖνος,
462 2666 540 2729 ὡς
570 2666 739 2732 εἰκὸς,
779 2662 1238 2737 εὐφραινόμενος,
1275 2664 1370 2720 καὶ
1399 2662 1495 2718 τοῦ
1536 2663 1836 2736 μαρτυρίου

256 2758 360 2827 τὴν
405 2755 597 2810 θυσίαν
625 2755 1074 2820 ὑποσπουδάζων,
1109 2754 1295 2825 ἔλεγεν
1326 2754 1447 2810 καθ’
1471 2755 1695 2811 ἑαυτόνσ
1740 2754 1839 2821 Ὠς

250 2847 459 2917 ὡραῖοι
506 2849 560 2902 οί
594 2847 781 2914 πόδες
824 2845 945 2901 τῶν
983 2846 1524 2918 εὐαγγελιζομένων
1563 2847 1836 2917 simia-nr,

258 2939 381 2994 τῶν
406 2937 944 3009 εὐαγγελιζομένων
972 2940 1044 2995 τὰ
1070 2940 1280 3011 ἀγαθά.
1298 2938 1414 2996 Νῦν
1435 2939 1564 3006 τοὺς
1579 2939 1840 3013 οὐρανοὺς

258 3032 641 3104 ἀνεῳγμένους
680 3031 885 3103 ὄψομαι
920 3032 1021 3103 (2),
1067 3031 1165 3088 νῦν
1212 3030 1487 3105 ἱστορήσω
1535 3033 1636 3106 τὴν
1683 3030 1841 3099 δόξαν

1929 1939 2086 1995 alteri
2115 1939 2535 2009 supervenerint
2562 1937 2948 2010 improvisi,ad
2977 1951 3213 2005 eumque
3244 1937 3509 1991 acceden-

1931 2028 2014 2086 tes
2039 2036 2095 2085 et
2130 2023 2459 2094 nescientes,
2496 2030 2672 2099 ipsum
2702 2045 2823 2085 esse
2848 2044 3011 2100 quem
3041 2028 3383 2099 quaerebant,
3421 2029 3506 2082 in-

1932 2131 2206 2195 terrogare
2247 2123 2540 2193 coeperint,
2568 2121 2658 2177 ubi
2688 2130 2830 2177 esset
2859 2114 3155 2192 Longinus.

2005 2390 2055 2444 6.
2099 2388 2194 2446 ille
2207 2405 2335 2445 vero
2351 2396 2465 2445 rem
2487 2401 2703 2443 omnem
2716 2378 2883 2442 divini
2903 2384 3144 2456 Spiritus
3167 2385 3392 2440 edoctus
3419 2384 3515 2440 ad-

1934 2483 2143 2537 monitu
2173 2501 2186 2537 :
2219 2476 2323 2549 Me,
2353 2481 2548 2552 inquit,
2578 2473 2889 2551 sequimini,
2927 2483 2982 2533 ct
3028 2473 3205 2548 ipsum
3229 2478 3530 2534 ostendant

1935 2567 2105 2629 vobis.
2124 2566 2233 2629 Nec
2250 2589 2398 2629 mora
2420 2591 2432 2628 :
2452 2573 2675 2627 domum
2702 2585 2797 2627 eos
2824 2584 2977 2625 suam
2999 2570 3242 2641 gaudens
3262 2569 3513 2634 deduxit,

1937 2680 2102 2735 seque
2121 2664 2187 2719 ad
2204 2664 2442 2736 martyrii
2461 2679 2558 2735 pro
2581 2661 2798 2719 Christo
2820 2661 3089 2717 subeundi
3103 2661 3429 2717 sacriﬁcium
3450 2676 3516 2717 ex

1939 2767 2069 2814 tunc
2091 2774 2363 2830 apparans
2393 2757 2638 2815 studiose
2668 2776 2681 2813 :
2714 2755 2885 2823 Quam
2913 2756 3349 2828 speciosi,inquit
3374 2757 3519 2828 apud

1939 2867 1997 2907 se
2029 2852 2245 2919 tacitus,
2286 2854 2438 2922 pedes
2483 2852 2957 2924 euangelizantium
2996 2868 3213 2922 pacem,
3260 2851 3521 2923 evangeli-

1939 2945 2176 2998 zantium
2230 2944 2399 2997 bona'
2428 2960 2443 2996 :
2475 2958 2625 2998 nunc
2675 2952 2893 3014 apertos
2939 2941 3072 2996 mihi
3122 2942 3291 2997 cmlos
3338 2941 3521 3006 video,

1941 3044 2090 3090 nunc
2130 3024 2253 3089 Filii
2282 3035 2348 3091 ad
2375 3035 2651 3091 dexteram
2682 3024 2860 3090 Patris
2894 3027 3236 3104 contemplor
3271 3031 3518 3105 gloriam,

250 3121 274 3193 Δι
288 3120 383 3175 τοῦ
417 3120 768 3192 μονογενοῦς]
798 3137 893 3175 του
920 3119 1135 3193 Πατρὸς
1156 3160 1173 3187 ,
1201 3120 1299 3175 νῦν
1329 3120 1430 3192 τῆς
1463 3120 1832 3192 ἀνεκφράστου

1944 3142 2089 3184 nunc
2134 3124 2462 3184 inell‘ahilem
2516 3120 2686 3199 ipsius
2732 3120 2907 3181 Patris
2946 3136 3002 3181 et
3060 3124 3236 3181 sancti
3283 3124 3523 3196 Spiritus

256 3213 551 3285 ἀστραπῆς
577 3212 843 3285 θεωρήσω
872 3213 971 3267 τοῦ
996 3213 1209 3286 Πατρδς
1238 3214 1314 3287 (5)
1339 3213 1454 3288 [τοῦ
1472 3212 1604 3269 Υίοῦ
1630 3214 1723 3269 καὶ
1746 3212 1841 3269 τοῦ

260 3305 445 3379 ἁγίου]
493 3305 834 3378 Πνεῦματος.
857 3306 973 3363 Νῦν
1014 3306 1147 3378 έρῶ,
1173 3305 1347 3379 Κύριε
1392 3305 1567 3379 Ἰησοῦ
1603 3305 1832 3379 Χριστὲ,

258 3399 412 3466 δέξαι
456 3398 518 3453 τὺ
551 3398 773 3467 πνεῦμά
818 3414 945 3471 μου,
972 3398 1225 3472 καθάπερ
1256 3398 1531 3471 Στέφανος
1566 3402 1595 3456 6
1624 3399 1843 3473 πρῶτος

258 3491 374 3546 τῶν
392 3490 588 3565 Μαρτῦ
597 3508 725 3565 ρων,
750 3484 812 3546 οὗ
844 3492 1237 3564 λαμπροτάτην
1257 3492 1443 3565 φωνὴν
1462 3493 1714 3564 ἀφιέντος
1739 3486 1840 3565 (4),

262 3583 495 3656 ἀκήκοα.
537 3584 652 3639 Νῦν
682 3584 1176 3658 ἰερουσαλὴμ,τὴν
1204 3585 1489 3657 ἀνωτάτην
1527 3585 1840 3658 χρυσόπυρ-

262 3686 381 3742 γον,
399 3674 499 3746 τὴν
522 3674 695 3748 αὐτὴν
724 3676 825 3748 μὲν
850 3677 1084 3749 πατρίδα
1108 3676 1218 3731 τῶν
1241 3677 1647 3747 ἀγγέλων,δλου
1668 3676 1726 3731 δὲ
1744 3674 1840 3731 τοῦ

261 3767 374 3821 τῶν
402 3768 575 3838 ἁγίων
618 3768 781 3842 χοροῦ
828 3768 1189 3842 μητρόπολιν,
1227 3769 1365 3843 μετά
1400 3770 1633 3844 κρότων,
1664 3771 1839 3826 επινι-

262 3860 402 3914 κίων
429 3861 524 3916 καὶ
550 3861 848 3933 βασιλικῶν
879 3863 1157 3935 τροπαίων
1179 3863 1539 3936 ἐπιϐήσομαι.
1557 3862 1674 3918 Νῦν
1700 3862 1841 3919 ἀπο-

258 3951 461 4023 δύομαι
496 3953 591 4007 τὸν
616 3954 837 4029 πήλινον
860 3956 1194 4027 χιτῶνα,καὶ
1221 3956 1347 4021 τοὺς
1376 3954 1840 4021 πολυστενάκτους

264 4040 503 4118 δεσμοὺς
542 4048 647 4119 τῆς
691 4047 893 4121 σαρκὸς
935 4047 1262 4121 ἀποτίθημι,
1299 4048 1394 4103 καὶ
1424 4047 1839 4120 ἀπαλλάττομαι

268 4140 503 4211 φθορᾶς·
538 4142 677 4213 πρὸς
700 4141 1013 4215 ἀφθαρσίαν
1046 4142 1154 4214 γὰρ
1177 4142 1429 4214 ἕλκομαι,
1461 4142 1558 4196 καὶ
1598 4141 1840 4214 ἀπέρχο-

270 4246 370 4303 μαι
397 4232 493 4286 ὲπὶ
518 4231 610 4286 τὸν
638 4232 834 4304 λιμένα
852 4235 1058 4288 ἐκεῖνον
1086 4236 1184 4305 τῆς
1214 4232 1380 4303 ζωῆς,
1404 4231 1533 4287 ἔνθα
1553 4228 1840 4288 κατοικοῦ-

260 4340 355 4377 σιν
379 4324 429 4378 ot
457 4323 623 4394 ἀγιοι.
654 4324 957 4397 Εὐφραίνου
988 4324 1190 4386 τοίνυν,
1220 4322 1389 4394 ψυχὴ,
1438 4322 1576 4395 πρὸς
1612 4323 1706 4377 τὸν
1746 4322 1841 4377 σὺν

268 4417 508 4489 Ποιητὴν
541 4416 638 4471 καὶ⁸
666 4416 944 4488 Δεσπότην
976 4415 1329 4488 ἀπερχομένη
1348 4430 1363 4445 ⁸
1403 4414 1578 4481 δεῖξον
1616 4412 1839 4484 φαιδρὸν

1949 3218 2291 3289 splendorem
2341 3218 2580 3282 intueor,
2634 3232 2782 3272 nunc
2837 3212 3010 3272 dicam
3042 3234 3055 3271 :
3090 3209 3317 3271 Domine
3370 3213 3519 3274 Jesu.

1948 3308 2164 3379 suscipe
2218 3308 2469 3380 spiritum
2520 3323 2735 3374 meum;
2796 3306 3252 3377 quemadmodum
3318 3303 3525 3377 primus

1950 3409 2248 3471 martyrum
2282 3395 2598 3470 Stephanus
2625 3397 2717 3467 (ρ),
2749 3397 2907 3467 mitts
2937 3390 3187 3450 abeuntis
3217 3410 3247 3448 ε
3275 3395 3380 3449 vita
3404 3396 3525 3465 pul-

1948 3491 2273 3547 cherrimam
2304 3500 2493 3546 vocem
2512 3489 2706 3544 audire
2734 3487 2927 3541 merui.
2963 3480 3081 3541 Jam
3117 3502 3407 3556 supernam
3432 3485 3525 3540 Je-

1947 3584 2181 3641 rusalem
2220 3582 2404 3639 aureis
2444 3581 2763 3637 instructam
2795 3576 3053 3642 turribus,
3083 3578 3399 3650 angelorum
3431 3593 3499 3648 pa

1946 3678 2142 3743 triam,
2179 3684 2491 3732 sanctorum
2534 3672 2778 3729 omnium
2820 3668 3162 3740 ntetropolim
3207 3670 3525 3740 Spatiosam.

1945 3762 2070 3828 eum
2110 3766 2429 3841 plausibus,
2455 3758 2725 3838 epiniciis,
2761 3758 3033 3835 regiisque
3062 3761 3317 3832 troplta‘is
3344 3761 3497 3831 ingre

1944 3855 2085 3919 diar.
2114 3856 2232 3915 Jam
2266 3854 2505 3916 tunicam
2549 3854 2690 3913 hanc
2729 3859 3001 3911 terrenam
3036 3869 3242 3910 exuens
3269 3862 3321 3908 et
3347 3856 3528 3908 carnis

1944 3954 2160 4011 vincula
2187 3952 2456 4009 laboriosa
2480 3952 2779 4022 deponens,
2810 3965 2840 4005 a
2884 3947 3228 4004 mortalitatis
3259 3948 3527 4002 subducar

1944 4044 2331 4115 corruptione,
2367 4042 2768 4112 subvectusque
2813 4040 2881 4096 ad
2936 4039 3363 4095 immortalitatis
3406 4040 3526 4094 l‘eli-

1944 4137 2225 4195 cissimum
2263 4142 2464 4190 statum
2505 4134 2561 4189 in
2608 4142 2823 4204 portum
2871 4133 3088 4187 veniam
3113 4133 3235 4188 vitae
3281 4143 3523 4196 aeternae,

1944 4238 2106 4299 quam
2136 4223 2295 4281 simul
2324 4237 2517 4280 omnes
2552 4221 2723 4279 sancti
2761 4221 3086 4277 inhabitant.
3111 4222 3335 4278 Exsulta
3365 4222 3530 4293 igitur

1943 4327 2000 4375 et
2027 4318 2230 4384 ltetare,
2260 4331 2294 4372 ο
2320 4314 2523 4379 anima,
2548 4312 2612 4367 ad
2646 4311 2994 4367 Conditorem
3038 4319 3192 4366 tuum
3238 4320 3293 4365 et
3340 4312 3529 4365 Domi-

1942 4423 2075 4466 num
2123 4407 2417 4465 transitura
2464 4417 2477 4459 :
2523 4418 2769 4459 serenam
2809 4400 3000 4478 faciem
3052 4402 3155 4457 hac
3197 4410 3305 4456 tam
3347 4410 3529 4472 optata

264 4511 327 4563 τὸ
364 4510 654 4581 πρόσωπον
683 4506 875 4579 καιροῦ
916 4504 1228 4573 καλοῦντος,
1261 4505 1356 4561 καὶ
1389 4505 1517 4570 τοὺς
1547 4503 1832 4576 προξένους

1943 4499 2232 4558 occasiune
2274 4497 2505 4561 exhibe,
2554 4503 2937 4563 tantorumque
2976 4494 3069 4547 tibi
3109 4494 3309 4550 latores
3351 4496 3529 4551 bono-

268 4618 366 4657 σου
431 4601 541 4657 τῶν
587 4601 859 4656 τοσούτων
904 4600 1125 4669 ἀγαθῶν
1163 4599 1503 4671 φιλοφρόνως
1541 4596 1840 4667 ξενίσωμεν

266 4694 573 4767 χαίροντες,
615 4692 713 4748 καὶ
756 4691 1025 4762 πολυτελῆ
1074 4691 1486 4763 παραθήσωμεν
1532 4690 1835 4762 τράπεζαν,

264 4789 379 4851 τοῖς
409 4787 502 4841 ἐπὶ
531 4786 591 4841 τὸ
620 4787 835 4841 δεῖπνον
862 4784 1021 4856 ἡμῶν
1053 4783 1279 4839 καλοῦσι
1310 4783 1607 4854 βασιλικόν.

267 4908 275 4912 ~
338 4877 407 4943 ζ’.
445 4877 632 4932 Ταῦτα
657 4878 794 4949 πρὸς
824 4876 1015 4931 ἑαυτὸν
1047 4878 1075 4929 6
1099 4876 1357 4943 Λογγῖνος
1380 4872 1715 4939 εἱπὼν,’τοῦς
1746 4873 1845 4928 ἐπ’

265 4970 431 5024 αὑτὸν
461 4969 713 5032 ιλθόντας
745 4968 827 5032 είς
869 4968 959 5022 τὸν
1001 4968 1129 5021 ῐδιον
1169 4962 1319 5022 οἷκον
1371 4965 1711 5037 παρέλαϐεν,
1746 4966 1843 5020 καὶ

270 5062 484 5128 ξενίσας
508 5060 796 5131 λαμπρῶς,
831 5059 927 5114 καὶ
955 5057 1236 5132 προσώπῳ
1262 5056 1473 5129 φαιδρῷ
1502 5057 1599 5111 καὶ
1636 5057 1842 5126 σφόδρα

268 5154 561 5224 περιχαρεῖ
603 5151 907 5222 συμφαγὼν
952 5150 1049 5203 σῦν
1088 5150 1274 5213 αὐτοῖς
1311 5149 1391 5211 είς
1423 5150 1489 5218 ἢν
1529 5147 1843 5219 παρέθηκεν

341 5332 360 5360 '
404 5330 501 5384 lsa.
532 5344 628 5393 LII,
659 5329 691 5379 7
719 5345 733 5391 ;
758 5326 917 5381 Rom.
950 5327 1135 5389 x,15.

1944 4604 2065 4651 rum
2100 4592 2345 4649 hilariter
2374 4596 2538 4660 atque
2566 4586 2910 4658 hospitaliter
2937 4586 3109 4651 habe;
3148 4586 3289 4642 bene
3318 4587 3527 4642 instru-

1943 4693 2086 4743 ctam
2132 4697 2375 4739 mensam
2414 4694 2697 4751 apponens
2737 4678 2823 4745 iis,
2852 4678 2945 4749 qui
2985 4677 3051 4732 ad
3087 4692 3298 4732 coenam
3326 4678 3527 4749 regiam

1945 4778 1998 4832 te
2025 4774 2306 4832 invitaturi
2332 4772 2698 4829 advenerunt.

2020 4864 2071 4920 7.
2112 4865 2241 4921 llaec
2278 4864 2420 4918 intra
2459 4876 2519 4916 se
2561 4859 2777 4916 locutus
2808 4856 3087 4929 Longinus
3123 4854 3396 4911 immissos
3424 4854 3527 4911 sibi

1949 4959 2175 5015 Sicarios
2206 4958 2262 5012 in
2291 4957 2513 5012 domum
2543 4968 2698 5009 suam
2733 4949 2979 5021 excepit,
3011 4956 3067 5003 et
3106 4946 3387 5017 splendide
3431 4960 3529 5001 eos

1947 5060 2208 5115 tractans,
2242 5049 2398 5105 vultu
2440 5047 2567 5103 lato
2613 5053 2670 5100 et
2711 5057 2918 5114 magna:
2944 5037 3301 5111 iucunditatis
3329 5033 3527 5093 indicia
3554 5043 3568 5054 ‘

1946 5143 2291 5215 praeferente,
2326 5140 2393 5196 ad
2418 5137 2665 5195 eamdem
2709 5150 2832 5191 cum
2886 5132 3021 5205 ipsis
3070 5131 3322 5187 accubuit
3369 5144 3525 5184 men-

1774 5405 1981 5462 NOTA".
1992 5444 2005 5460 .

341 5508 417 5581 (2)
460 5507 564 5581 Per
595 5506 1069 5581 futurummelius
1115 5513 1276 5571 quam
1316 5516 1411 5571 per
1447 5513 1687 5571 prtesens
1727 5497 1845 5552 haec

267 5577 463 5635 Latine
495 5579 725 5631 inissent
764 5577 997 5630 reddita.

364 5651 416 5710 7»)
452 5649 623 5711 Plena
649 5647 833 5701 sensui
868 5648 981 5699 hare
1016 5652 1111 5699 aut
1133 5641 1345 5711 similia
1365 5640 1559 5695 deesse
1580 5636 1770 5711 credo.

364 5651 416 5710 .1)
452 5651 623 5711 ,Pleno
649 5651 833 5701 sensui
868 5651 981 5699 hare
1016 5652 1111 5699 aut
1133 5651 1329 5696 similia
1365 5651 1559 5695 deesse
1587 5651 1770 5693 creno.

338 5651 417 5787 ᾖ)
458 5718 682 5773 Videtur
710 5718 979 5785 interpres
1002 5713 1195 5787 legisse
1220 5709 1471 5787 ἀφιόντος
1491 5726 1505 5741 ·
1529 5709 1595 5763 ad
1620 5707 1843 5787 verbum

266 5778 451 5845 autem
490 5790 567 5843 sic
595 5786 729 5841 verti
764 5778 941 5856 potest
973 5800 986 5837 :
1026 5778 1245 5849 (Quem
1274 5778 1459 5834 audivi
1496 5778 1847 5848 praeclarissi-

1943 5511 2087 5550 mam
2118 5497 2393 5559 emittere,
2427 5493 2509 5549 vel
2535 5493 2785 5549 emisisse
2814 5509 3026 5550 vocem.
3055 5513 3073 5546 ι

1928 5614 1933 5623 «
2012 5566 2083 5635 (e)
2127 5564 2353 5645 Passum
2380 5578 2503 5645 esse
2528 5572 2779 5645 sanctum
2811 5566 3159 5645 Stephanum
3196 5571 3322 5632 post
3366 5564 3526 5633 septi-

1944 5632 2094 5690 mum
2130 5635 2348 5690 circiter
2391 5651 2421 5688 a
2467 5632 2704 5703 Spiritus
2746 5632 2923 5703 sancti
2967 5634 3207 5689 adventu
3253 5647 3523 5698 mensem,

1943 5705 2281 5826 confogmins.
2304 5703 2373 5759 ad
2402 5702 2715 5769 sanctorum
2742 5702 2963 5758 Patrum
2990 5717 3319 5758 consensum
3340 5703 3525 5757 existi-

1945 5785 2056 5826 mat
2131 5791 2375 5826 arontns.
3132 5779 3136 5783 ⁴

1945 5785 2056 5829 "131
2084 5785 2375 5829 ιςεποηιιιδ.
