  <div class='ocr_page' id='page_1' title='image "/cluster/home/n/w/nwhite01/storage/ocr_20150623/93/hvd.32044019208040/783.png"; bbox 0 0 4006 6404; ppageno 0'>
   <div class='ocr_carea' id='block_1_1' title="bbox 542 387 2140 470">
    <p class='ocr_par' dir='ltr' id='par_1_1' title="bbox 542 395 2140 470">
     <span class='ocr_line' id='line_1_1' title="bbox 542 395 2140 470; baseline -0.009 0"><span class='ocrx_word' id='word_1_1' title='bbox 542 406 671 470; x_wconf 73' lang='grc'><strong>1551</strong></span> <span class='ocrx_word' id='word_1_2' title='bbox 1733 395 2096 459; x_wconf 87' lang='lat' dir='ltr'><strong>IlESYCHII</strong></span> <span class='ocrx_word' id='word_1_3' title='bbox 2134 396 2140 456; x_wconf 72' lang='grc' dir='ltr'>Ϊ</span> 
     </span>
    </p>
   </div>
   <div class='ocr_carea' id='block_1_2' title="bbox 2243 387 3801 470">
    <p class='ocr_par' dir='ltr' id='par_1_2' title="bbox 2243 387 3801 463">
     <span class='ocr_line' id='line_1_2' title="bbox 2243 387 3801 463; baseline -0.001 -7"><span class='ocrx_word' id='word_1_4' title='bbox 2243 394 2607 463; x_wconf 86' lang='lat' dir='ltr'><strong>ESBYTERI</strong></span> <span class='ocrx_word' id='word_1_5' title='bbox 3671 387 3801 455; x_wconf 75' lang='lat'><strong>155?.</strong></span> 
     </span>
    </p>
   </div>
   <div class='ocr_carea' id='block_1_3' title="bbox 536 508 2140 584">
    <p class='ocr_par' dir='ltr' id='par_1_3' title="bbox 536 511 2109 582">
     <span class='ocr_line' id='line_1_3' title="bbox 536 511 2109 582; baseline -0.005 -14"><span class='ocrx_word' id='word_1_6' title='bbox 536 530 650 568; x_wconf 85' lang='lat' dir='ltr'><strong>sam</strong></span> <span class='ocrx_word' id='word_1_7' title='bbox 687 533 699 568; x_wconf 91' lang='lat'>:</span> <span class='ocrx_word' id='word_1_8' title='bbox 731 513 977 582; x_wconf 74' lang='lat' dir='ltr'><strong>factaque</strong></span> <span class='ocrx_word' id='word_1_9' title='bbox 1008 524 1163 567; x_wconf 86' lang='lat' dir='ltr'><strong>coena</strong></span> <span class='ocrx_word' id='word_1_10' title='bbox 1204 511 1537 580; x_wconf 87' lang='lat' dir='ltr'><strong>interrogare</strong></span> <span class='ocrx_word' id='word_1_11' title='bbox 1577 523 1671 563; x_wconf 85' lang='lat' dir='ltr'><strong>cos</strong></span> <span class='ocrx_word' id='word_1_12' title='bbox 1697 524 1979 579; x_wconf 73' lang='lat' dir='ltr'><strong>aggressus</strong></span> <span class='ocrx_word' id='word_1_13' title='bbox 2008 516 2109 570; x_wconf 89' lang='lat' dir='ltr'><strong>est,</strong></span> 
     </span>
    </p>
   </div>
   <div class='ocr_carea' id='block_1_4' title="bbox 2243 508 3777 584">
    <p class='ocr_par' dir='ltr' id='par_1_4' title="bbox 2249 508 3777 584">
     <span class='ocr_line' id='line_1_4' title="bbox 2249 508 3777 584; baseline -0.003 -20"><span class='ocrx_word' id='word_1_14' title='bbox 2249 511 2511 580; x_wconf 74' lang='grc' dir='ltr'>ρὰπεζαν,</span> <span class='ocrx_word' id='word_1_15' title='bbox 2544 513 2755 584; x_wconf 74' lang='grc' dir='ltr'>ἐρωτᾷν</span> <span class='ocrx_word' id='word_1_16' title='bbox 2792 512 2931 583; x_wconf 87' lang='grc' dir='ltr'><strong>μετὰ</strong></span> <span class='ocrx_word' id='word_1_17' title='bbox 2968 510 3030 564; x_wconf 80' lang='grc' dir='ltr'>τὸ</span> <span class='ocrx_word' id='word_1_18' title='bbox 3055 510 3271 565; x_wconf 82' lang='grc' dir='ltr'>δεῖπνον</span> <span class='ocrx_word' id='word_1_19' title='bbox 3301 509 3532 579; x_wconf 67' lang='grc' dir='ltr'>ἄρχεται</span> <span class='ocrx_word' id='word_1_20' title='bbox 3554 508 3586 560; x_wconf 86' lang='grc' dir='ltr'><strong>ό</strong></span> <span class='ocrx_word' id='word_1_21' title='bbox 3613 508 3777 575; x_wconf 58' lang='lat' dir='ltr'><strong>Acr-ni</strong></span> 
     </span>
    </p>
   </div>
   <div class='ocr_carea' id='block_1_5' title="bbox 537 597 2140 677">
    <p class='ocr_par' dir='ltr' id='par_1_5' title="bbox 537 599 2120 676">
     <span class='ocr_line' id='line_1_5' title="bbox 537 599 2120 676; baseline -0.004 -16"><span class='ocrx_word' id='word_1_22' title='bbox 537 607 663 676; x_wconf 84' lang='lat' dir='ltr'><strong>quid</strong></span> <span class='ocrx_word' id='word_1_23' title='bbox 710 607 776 661; x_wconf 87' lang='lat' dir='ltr'><strong>iis</strong></span> <span class='ocrx_word' id='word_1_24' title='bbox 826 621 965 676; x_wconf 85' lang='lat' dir='ltr'><strong>opus</strong></span> <span class='ocrx_word' id='word_1_25' title='bbox 1022 614 1184 659; x_wconf 84' lang='lat' dir='ltr'><strong>esset.</strong></span> <span class='ocrx_word' id='word_1_26' title='bbox 1229 602 1305 656; x_wconf 89' lang='lat' dir='ltr'><strong>llli</strong></span> <span class='ocrx_word' id='word_1_27' title='bbox 1352 618 1483 657; x_wconf 89' lang='lat' dir='ltr'><strong>vero</strong></span> <span class='ocrx_word' id='word_1_28' title='bbox 1527 599 1893 671; x_wconf 82' lang='lat' dir='ltr'><strong>juramcntum</strong></span> <span class='ocrx_word' id='word_1_29' title='bbox 1936 600 2004 653; x_wconf 90' lang='lat' dir='ltr'><strong>ah</strong></span> <span class='ocrx_word' id='word_1_30' title='bbox 2054 614 2120 653; x_wconf 91' lang='lat' dir='ltr'><strong>eo</strong></span> 
     </span>
    </p>
   </div>
   <div class='ocr_carea' id='block_1_6' title="bbox 2243 597 3801 677">
    <p class='ocr_par' dir='ltr' id='par_1_6' title="bbox 2243 597 3801 677">
     <span class='ocr_line' id='line_1_6' title="bbox 2243 597 3801 677; baseline -0.004 -21"><span class='ocrx_word' id='word_1_31' title='bbox 2243 622 2330 667; x_wconf 71' lang='grc' dir='ltr'>νος,</span> <span class='ocrx_word' id='word_1_32' title='bbox 2361 605 2415 656; x_wconf 81' lang='grc' dir='ltr'><strong>τί</strong></span> <span class='ocrx_word' id='word_1_33' title='bbox 2461 605 2774 677; x_wconf 79' lang='grc' dir='ltr'>χρῄζουσιν.</span> <span class='ocrx_word' id='word_1_34' title='bbox 2810 606 2871 658; x_wconf 88' lang='grc' dir='ltr'><strong>Οἱ</strong></span> <span class='ocrx_word' id='word_1_35' title='bbox 2906 605 2962 658; x_wconf 80' lang='grc' dir='ltr'>δὲ</span> <span class='ocrx_word' id='word_1_36' title='bbox 2998 604 3197 676; x_wconf 80' lang='grc' dir='ltr'>ὅρκους</span> <span class='ocrx_word' id='word_1_37' title='bbox 3249 600 3381 673; x_wconf 86' lang='grc' dir='ltr'>παρ’</span> <span class='ocrx_word' id='word_1_38' title='bbox 3411 597 3584 654; x_wconf 71' lang='grc' dir='ltr'>αὑτοῦ</span> <span class='ocrx_word' id='word_1_39' title='bbox 3616 601 3801 652; x_wconf 78' lang='grc' dir='ltr'>ἁποτὶ-</span> 
     </span>
    </p>
   </div>
   <div class='ocr_carea' id='block_1_7' title="bbox 537 692 2140 768">
    <p class='ocr_par' dir='ltr' id='par_1_7' title="bbox 537 692 2119 768">
     <span class='ocr_line' id='line_1_7' title="bbox 537 692 2119 768; baseline -0.004 -17"><span class='ocrx_word' id='word_1_40' title='bbox 537 697 835 768; x_wconf 81' lang='lat' dir='ltr'><strong>exigeutes,</strong></span> <span class='ocrx_word' id='word_1_41' title='bbox 867 696 1010 766; x_wconf 88' lang='lat' dir='ltr'><strong>quod</strong></span> <span class='ocrx_word' id='word_1_42' title='bbox 1055 710 1234 764; x_wconf 91' lang='lat' dir='ltr'><strong>neque</strong></span> <span class='ocrx_word' id='word_1_43' title='bbox 1280 708 1470 747; x_wconf 89' lang='lat' dir='ltr'><strong>eorum</strong></span> <span class='ocrx_word' id='word_1_44' title='bbox 1503 692 1749 763; x_wconf 84' lang='lat' dir='ltr'><strong>vulgaret</strong></span> <span class='ocrx_word' id='word_1_45' title='bbox 1788 706 2119 753; x_wconf 89' lang='lat' dir='ltr'><strong>sermonem,</strong></span> 
     </span>
    </p>
   </div>
   <div class='ocr_carea' id='block_1_8' title="bbox 2243 692 3803 768">
    <p class='ocr_par' dir='ltr' id='par_1_8' title="bbox 2243 692 3803 767">
     <span class='ocr_line' id='line_1_8' title="bbox 2243 692 3803 767; baseline -0.001 -20"><span class='ocrx_word' id='word_1_46' title='bbox 2243 713 2434 759; x_wconf 63' lang='grc' dir='ltr'>παντες,</span> <span class='ocrx_word' id='word_1_47' title='bbox 2466 697 2662 767; x_wconf 80' lang='grc' dir='ltr'><strong>ὅτιπερ</strong></span> <span class='ocrx_word' id='word_1_48' title='bbox 2704 696 2885 752; x_wconf 83' lang='grc' dir='ltr'>αὐτῶν</span> <span class='ocrx_word' id='word_1_49' title='bbox 2912 697 2973 750; x_wconf 85' lang='grc' dir='ltr'><strong>ού</strong></span> <span class='ocrx_word' id='word_1_50' title='bbox 2999 694 3316 766; x_wconf 87' lang='grc' dir='ltr'>δημοσιεύει</span> <span class='ocrx_word' id='word_1_51' title='bbox 3345 693 3439 747; x_wconf 83' lang='grc' dir='ltr'>τὸν</span> <span class='ocrx_word' id='word_1_52' title='bbox 3469 693 3653 761; x_wconf 82' lang='grc' dir='ltr'>λόγον,</span> <span class='ocrx_word' id='word_1_53' title='bbox 3690 692 3803 745; x_wconf 65' lang='grc' dir='ltr'>οἰῶ</span> 
     </span>
    </p>
   </div>
   <div class='ocr_carea' id='block_1_9' title="bbox 541 785 2140 861">
    <p class='ocr_par' dir='ltr' id='par_1_9' title="bbox 541 785 2124 861">
     <span class='ocr_line' id='line_1_9' title="bbox 541 785 2124 861; baseline -0.004 -16"><span class='ocrx_word' id='word_1_54' title='bbox 541 808 718 861; x_wconf 85' lang='lat' dir='ltr'><strong>neque</strong></span> <span class='ocrx_word' id='word_1_55' title='bbox 760 790 1136 845; x_wconf 74' lang='lat' dir='ltr'><strong>concreditum</strong></span> <span class='ocrx_word' id='word_1_56' title='bbox 1178 788 1281 842; x_wconf 87' lang='lat' dir='ltr'><strong>sibi</strong></span> <span class='ocrx_word' id='word_1_57' title='bbox 1326 794 1599 841; x_wconf 88' lang='lat' dir='ltr'><strong>secretum</strong></span> <span class='ocrx_word' id='word_1_58' title='bbox 1650 786 1903 851; x_wconf 88' lang='lat' dir='ltr'><strong>nudaret,</strong></span> <span class='ocrx_word' id='word_1_59' title='bbox 1934 785 2124 839; x_wconf 86' lang='lat' dir='ltr'><strong>dicunt</strong></span> 
     </span>
    </p>
   </div>
   <div class='ocr_carea' id='block_1_10' title="bbox 2243 785 3803 861">
    <p class='ocr_par' dir='ltr' id='par_1_10' title="bbox 2243 787 3803 859">
     <span class='ocr_line' id='line_1_10' title="bbox 2243 787 3803 859; baseline -0.003 -19"><span class='ocrx_word' id='word_1_60' title='bbox 2243 789 2420 857; x_wconf 61' lang='grc' dir='ltr'>ζυμνοῖ</span> <span class='ocrx_word' id='word_1_61' title='bbox 2444 788 2505 840; x_wconf 81' lang='grc' dir='ltr'>τὸ</span> <span class='ocrx_word' id='word_1_62' title='bbox 2526 787 2799 858; x_wconf 78' lang='grc' dir='ltr'>θυρῤηθὲν</span> <span class='ocrx_word' id='word_1_63' title='bbox 2830 789 3152 859; x_wconf 84' lang='grc' dir='ltr'>μυστήριον,</span> <span class='ocrx_word' id='word_1_64' title='bbox 3174 787 3429 855; x_wconf 83' lang='grc' dir='ltr'>λέγουσιν</span> <span class='ocrx_word' id='word_1_65' title='bbox 3445 801 3462 817; x_wconf 75' lang='grc' dir='ltr'><strong>ο</strong></span> <span class='ocrx_word' id='word_1_66' title='bbox 3497 787 3695 855; x_wconf 80' lang='grc' dir='ltr'><strong>ὅτιπερ</strong></span> <span class='ocrx_word' id='word_1_67' title='bbox 3718 803 3803 852; x_wconf 64' lang='grc' dir='ltr'>γε-</span> 
     </span>
    </p>
   </div>
   <div class='ocr_carea' id='block_1_11' title="bbox 539 875 2140 952">
    <p class='ocr_par' dir='ltr' id='par_1_11' title="bbox 539 875 2124 952">
     <span class='ocr_line' id='line_1_11' title="bbox 539 875 2124 952; baseline -0.004 -16"><span class='ocrx_word' id='word_1_68' title='bbox 539 882 610 947; x_wconf 91' lang='lat' dir='ltr'><strong>ei,</strong></span> <span class='ocrx_word' id='word_1_69' title='bbox 647 883 789 952; x_wconf 88' lang='lat' dir='ltr'><strong>quod</strong></span> <span class='ocrx_word' id='word_1_70' title='bbox 834 880 1014 935; x_wconf 72' lang='lat' dir='ltr'><strong>Czcsar</strong></span> <span class='ocrx_word' id='word_1_71' title='bbox 1059 876 1345 947; x_wconf 92' lang='lat' dir='ltr'><strong>scripserit</strong></span> <span class='ocrx_word' id='word_1_72' title='bbox 1387 877 1451 930; x_wconf 92' lang='lat' dir='ltr'><strong>ad</strong></span> <span class='ocrx_word' id='word_1_73' title='bbox 1500 876 1754 939; x_wconf 82' lang='lat' dir='ltr'><strong>Pilatum,</strong></span> <span class='ocrx_word' id='word_1_74' title='bbox 1785 886 1844 930; x_wconf 89' lang='lat' dir='ltr'><strong>ut</strong></span> <span class='ocrx_word' id='word_1_75' title='bbox 1880 875 2124 945; x_wconf 89' lang='lat' dir='ltr'><strong>Longino</strong></span> 
     </span>
    </p>
   </div>
   <div class='ocr_carea' id='block_1_12' title="bbox 2243 875 3807 952">
    <p class='ocr_par' dir='ltr' id='par_1_12' title="bbox 2243 876 3807 951">
     <span class='ocr_line' id='line_1_12' title="bbox 2243 876 3807 951; baseline -0.035 22"><span class='ocrx_word' id='word_1_76' title='bbox 2243 878 2507 949; x_wconf 43' lang='grc' dir='ltr'><strong>Γράφηκεν</strong></span> <span class='ocrx_word' id='word_1_77' title='bbox 2533 880 2562 932; x_wconf 68' lang='grc' dir='ltr'><strong>ὁ</strong></span> <span class='ocrx_word' id='word_1_78' title='bbox 2594 880 2815 951; x_wconf 75' lang='grc' dir='ltr'><strong>Καῖσαρ</strong></span> <span class='ocrx_word' id='word_1_79' title='bbox 2844 880 2982 951; x_wconf 73' lang='grc' dir='ltr'>πρὸς</span> <span class='ocrx_word' id='word_1_80' title='bbox 3013 879 3270 939; x_wconf 77' lang='grc' dir='ltr'>Πιλάτον,</span> <span class='ocrx_word' id='word_1_81' title='bbox 3296 879 3382 932; x_wconf 82' lang='grc' dir='ltr'><strong>ἵνα</strong></span> <span class='ocrx_word' id='word_1_82' title='bbox 3421 876 3518 930; x_wconf 72' lang='grc' dir='ltr'>τοῦ</span> <span class='ocrx_word' id='word_1_83' title='bbox 3548 877 3807 944; x_wconf 73' lang='grc' dir='ltr'>Λογγξνου</span> 
     </span>
    </p>
   </div>
   <div class='ocr_carea' id='block_1_13' title="bbox 540 967 2123 1039">
    <p class='ocr_par' dir='ltr' id='par_1_13' title="bbox 540 967 2123 1039">
     <span class='ocr_line' id='line_1_13' title="bbox 540 967 2123 1039; baseline -0.004 -12"><span class='ocrx_word' id='word_1_84' title='bbox 540 989 663 1027; x_wconf 91' lang='lat' dir='ltr'><strong>cum</strong></span> <span class='ocrx_word' id='word_1_85' title='bbox 705 973 826 1026; x_wconf 88' lang='lat' dir='ltr'><strong>aliis</strong></span> <span class='ocrx_word' id='word_1_86' title='bbox 849 972 1062 1025; x_wconf 88' lang='lat' dir='ltr'><strong>duobus</strong></span> <span class='ocrx_word' id='word_1_87' title='bbox 1089 968 1354 1023; x_wconf 78' lang='lat' dir='ltr'><strong>militibus</strong></span> <span class='ocrx_word' id='word_1_88' title='bbox 1380 976 1545 1039; x_wconf 83' lang='lat' dir='ltr'><strong>caput</strong></span> <span class='ocrx_word' id='word_1_89' title='bbox 1575 967 1936 1023; x_wconf 70' lang='lat' dir='ltr'><strong>auferendum</strong></span> <span class='ocrx_word' id='word_1_90' title='bbox 1962 983 2123 1021; x_wconf 88' lang='lat' dir='ltr'><strong>cura-</strong></span> 
     </span>
    </p>
   </div>
   <div class='ocr_carea' id='block_1_14' title="bbox 542 1058 2123 1132">
    <p class='ocr_par' dir='ltr' id='par_1_14' title="bbox 542 1058 2123 1132">
     <span class='ocr_line' id='line_1_14' title="bbox 542 1058 2123 1132; baseline -0.004 -13"><span class='ocrx_word' id='word_1_91' title='bbox 542 1074 645 1119; x_wconf 88' lang='lat' dir='ltr'><strong>ret.</strong></span> <span class='ocrx_word' id='word_1_92' title='bbox 676 1065 886 1129; x_wconf 86' lang='lat' dir='ltr'><strong>Quibus</strong></span> <span class='ocrx_word' id='word_1_93' title='bbox 927 1063 1015 1116; x_wconf 88' lang='lat' dir='ltr'><strong>ille</strong></span> <span class='ocrx_word' id='word_1_94' title='bbox 1038 1078 1051 1115; x_wconf 88' lang='lat'>:</span> <span class='ocrx_word' id='word_1_95' title='bbox 1077 1060 1246 1131; x_wconf 85' lang='lat' dir='ltr'><strong>Ecqui</strong></span> <span class='ocrx_word' id='word_1_96' title='bbox 1272 1069 1455 1116; x_wconf 86' lang='lat' dir='ltr'><strong>autem</strong></span> <span class='ocrx_word' id='word_1_97' title='bbox 1488 1071 1615 1116; x_wconf 88' lang='lat' dir='ltr'><strong>sunt</strong></span> <span class='ocrx_word' id='word_1_98' title='bbox 1642 1062 1750 1117; x_wconf 92' lang='lat' dir='ltr'><strong>duo</strong></span> <span class='ocrx_word' id='word_1_99' title='bbox 1780 1061 1867 1115; x_wconf 83' lang='lat' dir='ltr'><strong>isti</strong></span> <span class='ocrx_word' id='word_1_100' title='bbox 1896 1058 2123 1132; x_wconf 79' lang='lat' dir='ltr'><strong>Longini</strong></span> 
     </span>
    </p>
   </div>
   <div class='ocr_carea' id='block_1_15' title="bbox 543 1152 2126 1224">
    <p class='ocr_par' dir='ltr' id='par_1_15' title="bbox 543 1152 2126 1224">
     <span class='ocr_line' id='line_1_15' title="bbox 543 1152 2126 1224; baseline -0.003 -15"><span class='ocrx_word' id='word_1_101' title='bbox 543 1156 711 1211; x_wconf 84' lang='lat' dir='ltr'><strong>socii?</strong></span> <span class='ocrx_word' id='word_1_102' title='bbox 747 1154 1062 1224; x_wconf 90' lang='lat' dir='ltr'><strong>lntelligens</strong></span> <span class='ocrx_word' id='word_1_103' title='bbox 1088 1162 1269 1207; x_wconf 89' lang='lat' dir='ltr'><strong>autem</strong></span> <span class='ocrx_word' id='word_1_104' title='bbox 1301 1168 1396 1207; x_wconf 91' lang='lat' dir='ltr'><strong>eos</strong></span> <span class='ocrx_word' id='word_1_105' title='bbox 1428 1168 1571 1218; x_wconf 91' lang='lat' dir='ltr'><strong>esse,</strong></span> <span class='ocrx_word' id='word_1_106' title='bbox 1597 1153 1687 1223; x_wconf 87' lang='lat' dir='ltr'><strong>qui</strong></span> <span class='ocrx_word' id='word_1_107' title='bbox 1723 1152 1961 1207; x_wconf 70' lang='lat' dir='ltr'><strong>Iudaicae</strong></span> <span class='ocrx_word' id='word_1_108' title='bbox 1978 1167 2126 1206; x_wconf 91' lang='lat' dir='ltr'><strong>mer-</strong></span> 
     </span>
    </p>
   </div>
   <div class='ocr_carea' id='block_1_16' title="bbox 544 1242 2127 1314">
    <p class='ocr_par' dir='ltr' id='par_1_16' title="bbox 544 1242 2127 1314">
     <span class='ocr_line' id='line_1_16' title="bbox 544 1242 2127 1314; baseline -0.005 -12"><span class='ocrx_word' id='word_1_109' title='bbox 544 1247 659 1302; x_wconf 87' lang='lat' dir='ltr'><strong>cedi</strong></span> <span class='ocrx_word' id='word_1_110' title='bbox 695 1246 971 1301; x_wconf 89' lang='lat' dir='ltr'><strong>Christum</strong></span> <span class='ocrx_word' id='word_1_111' title='bbox 1005 1243 1459 1314; x_wconf 69' lang='lat' dir='ltr'><strong>prmhabuerant,</strong></span> <span class='ocrx_word' id='word_1_112' title='bbox 1500 1243 1717 1311; x_wconf 90' lang='lat' dir='ltr'><strong>scripsit</strong></span> <span class='ocrx_word' id='word_1_113' title='bbox 1758 1242 1825 1297; x_wconf 91' lang='lat' dir='ltr'><strong>ad</strong></span> <span class='ocrx_word' id='word_1_114' title='bbox 1873 1258 1966 1297; x_wconf 88' lang='lat' dir='ltr'><strong>eos</strong></span> <span class='ocrx_word' id='word_1_115' title='bbox 2006 1243 2127 1295; x_wconf 85' lang='lat' dir='ltr'><strong>dili-</strong></span> 
     </span>
    </p>
   </div>
   <div class='ocr_carea' id='block_1_17' title="bbox 544 1332 2127 1410">
    <p class='ocr_par' dir='ltr' id='par_1_17' title="bbox 544 1332 2127 1410">
     <span class='ocr_line' id='line_1_17' title="bbox 544 1332 2127 1410; baseline -0.005 -17"><span class='ocrx_word' id='word_1_116' title='bbox 544 1338 879 1410; x_wconf 87' lang='lat' dir='ltr'><strong>gentissime,</strong></span> <span class='ocrx_word' id='word_1_117' title='bbox 911 1347 967 1390; x_wconf 91' lang='lat' dir='ltr'><strong>ut</strong></span> <span class='ocrx_word' id='word_1_118' title='bbox 997 1335 1400 1406; x_wconf 87' lang='lat' dir='ltr'><strong>quamprimum</strong></span> <span class='ocrx_word' id='word_1_119' title='bbox 1446 1335 1510 1388; x_wconf 88' lang='lat' dir='ltr'><strong>ad</strong></span> <span class='ocrx_word' id='word_1_120' title='bbox 1557 1350 1615 1389; x_wconf 91' lang='lat' dir='ltr'><strong>se</strong></span> <span class='ocrx_word' id='word_1_121' title='bbox 1649 1334 1920 1399; x_wconf 81' lang='lat' dir='ltr'><strong>venirent,</strong></span> <span class='ocrx_word' id='word_1_122' title='bbox 1956 1332 2127 1387; x_wconf 81' lang='lat' dir='ltr'><strong>maxi-</strong></span> 
     </span>
    </p>
   </div>
   <div class='ocr_carea' id='block_1_18' title="bbox 2226 969 3802 1041">
    <p class='ocr_par' dir='ltr' id='par_1_18' title="bbox 2226 969 3802 1041">
     <span class='ocr_line' id='line_1_18' title="bbox 2226 969 3802 1041; baseline 0 -19"><span class='ocrx_word' id='word_1_123' title='bbox 2226 970 2347 1041; x_wconf 88' lang='grc' dir='ltr'>μεθ’</span> <span class='ocrx_word' id='word_1_124' title='bbox 2383 970 2585 1041; x_wconf 81' lang='grc' dir='ltr'>ἐτέρων</span> <span class='ocrx_word' id='word_1_125' title='bbox 2615 970 2708 1025; x_wconf 89' lang='grc' dir='ltr'><strong>δύο</strong></span> <span class='ocrx_word' id='word_1_126' title='bbox 2740 971 3093 1041; x_wconf 78' lang='grc' dir='ltr'><strong>στρατιωτῶν</strong></span> <span class='ocrx_word' id='word_1_127' title='bbox 3120 973 3221 1041; x_wconf 81' lang='grc' dir='ltr'><strong>τὴν</strong></span> <span class='ocrx_word' id='word_1_128' title='bbox 3248 970 3495 1038; x_wconf 69' lang='grc' dir='ltr'>κεφαλὴν</span> <span class='ocrx_word' id='word_1_129' title='bbox 3538 969 3802 1039; x_wconf 73' lang='grc' dir='ltr'>ἀποτέμῃ.</span> 
     </span>
    </p>
   </div>
   <div class='ocr_carea' id='block_1_19' title="bbox 2235 1053 3807 1129">
    <p class='ocr_par' dir='ltr' id='par_1_19' title="bbox 2235 1053 3807 1129">
     <span class='ocr_line' id='line_1_19' title="bbox 2235 1053 3807 1129; baseline -0.001 -17"><span class='ocrx_word' id='word_1_130' title='bbox 2235 1060 2293 1113; x_wconf 92' lang='lat' dir='ltr'><strong>&#39;O</strong></span> <span class='ocrx_word' id='word_1_131' title='bbox 2337 1058 2394 1112; x_wconf 81' lang='grc' dir='ltr'><strong>δὲ</strong></span> <span class='ocrx_word' id='word_1_132' title='bbox 2445 1060 2598 1129; x_wconf 83' lang='grc' dir='ltr'>ἆγιος</span> <span class='ocrx_word' id='word_1_133' title='bbox 2632 1060 2737 1129; x_wconf 75' lang='grc' dir='ltr'>ἔφη</span> <span class='ocrx_word' id='word_1_134' title='bbox 2762 1076 2776 1090; x_wconf 89' lang='grc'><strong>·</strong></span> <span class='ocrx_word' id='word_1_135' title='bbox 2826 1060 2932 1113; x_wconf 71' lang='grc' dir='ltr'>Καὶ</span> <span class='ocrx_word' id='word_1_136' title='bbox 2965 1053 3113 1113; x_wconf 67' lang='grc' dir='ltr'>οὗτοι</span> <span class='ocrx_word' id='word_1_137' title='bbox 3150 1059 3295 1123; x_wconf 86' lang='grc' dir='ltr'>τίνες</span> <span class='ocrx_word' id='word_1_138' title='bbox 3333 1057 3445 1112; x_wconf 81' lang='grc' dir='ltr'>εἷεν</span> <span class='ocrx_word' id='word_1_139' title='bbox 3492 1060 3548 1110; x_wconf 82' lang='grc' dir='ltr'>οἱ</span> <span class='ocrx_word' id='word_1_140' title='bbox 3594 1058 3709 1128; x_wconf 76' lang='grc' dir='ltr'>ἅμα</span> <span class='ocrx_word' id='word_1_141' title='bbox 3735 1059 3807 1128; x_wconf 79' lang='grc' dir='ltr'>τῷ</span> 
     </span>
    </p>
   </div>
   <div class='ocr_carea' id='block_1_20' title="bbox 2224 1147 3808 1223">
    <p class='ocr_par' dir='ltr' id='par_1_20' title="bbox 2224 1147 3808 1223">
     <span class='ocr_line' id='line_1_20' title="bbox 2224 1147 3808 1223; baseline -0.002 -17"><span class='ocrx_word' id='word_1_142' title='bbox 2224 1152 2477 1223; x_wconf 77' lang='grc' dir='ltr'>Λογγίνῳ</span> <span class='ocrx_word' id='word_1_143' title='bbox 2502 1170 2518 1220; x_wconf 85' lang='grc'>;</span> <span class='ocrx_word' id='word_1_144' title='bbox 2549 1154 2642 1205; x_wconf 68' lang='grc' dir='ltr'><strong>καὶ</strong></span> <span class='ocrx_word' id='word_1_145' title='bbox 2678 1151 2867 1223; x_wconf 87' lang='grc' dir='ltr'>μαθὼν</span> <span class='ocrx_word' id='word_1_146' title='bbox 2896 1152 2971 1216; x_wconf 81' lang='grc' dir='ltr'>ὡς</span> <span class='ocrx_word' id='word_1_147' title='bbox 3002 1152 3201 1205; x_wconf 80' lang='grc' dir='ltr'>ἐκεῖνοί</span> <span class='ocrx_word' id='word_1_148' title='bbox 3235 1170 3296 1205; x_wconf 86' lang='grc' dir='ltr'><strong>τε</strong></span> <span class='ocrx_word' id='word_1_149' title='bbox 3326 1147 3470 1222; x_wconf 76' lang='grc' dir='ltr'>ἦσαν</span> <span class='ocrx_word' id='word_1_150' title='bbox 3492 1150 3547 1204; x_wconf 71' lang='grc' dir='ltr'>οξ</span> <span class='ocrx_word' id='word_1_151' title='bbox 3568 1154 3670 1221; x_wconf 75' lang='grc' dir='ltr'>τῆς</span> <span class='ocrx_word' id='word_1_152' title='bbox 3685 1151 3808 1204; x_wconf 80' lang='grc' dir='ltr'>Ἰου-</span> 
     </span>
    </p>
   </div>
   <div class='ocr_carea' id='block_1_21' title="bbox 2224 1244 3809 1317">
    <p class='ocr_par' dir='ltr' id='par_1_21' title="bbox 2224 1244 3809 1317">
     <span class='ocr_line' id='line_1_21' title="bbox 2224 1244 3809 1317; baseline -0.002 -19"><span class='ocrx_word' id='word_1_153' title='bbox 2224 1244 2419 1314; x_wconf 76' lang='grc' dir='ltr'>δαϊκῆς</span> <span class='ocrx_word' id='word_1_154' title='bbox 2453 1245 2751 1315; x_wconf 83' lang='grc' dir='ltr'>μισαρχίας</span> <span class='ocrx_word' id='word_1_155' title='bbox 2776 1246 2870 1297; x_wconf 72' lang='grc' dir='ltr'><strong>τὸν</strong></span> <span class='ocrx_word' id='word_1_156' title='bbox 2899 1244 3135 1317; x_wconf 72' lang='grc' dir='ltr'>Χριστὸν</span> <span class='ocrx_word' id='word_1_157' title='bbox 3160 1245 3638 1315; x_wconf 82' lang='grc' dir='ltr'><strong>προτιμήσαντες,</strong></span> <span class='ocrx_word' id='word_1_158' title='bbox 3657 1260 3809 1296; x_wconf 76' lang='grc' dir='ltr'>σπου-</span> 
     </span>
    </p>
   </div>
   <div class='ocr_carea' id='block_1_22' title="bbox 2226 1333 3811 1408">
    <p class='ocr_par' dir='ltr' id='par_1_22' title="bbox 2226 1333 3811 1408">
     <span class='ocr_line' id='line_1_22' title="bbox 2226 1333 3811 1408; baseline -0.003 -17"><span class='ocrx_word' id='word_1_159' title='bbox 2226 1340 2289 1408; x_wconf 80' lang='grc' dir='ltr'>δῇ</span> <span class='ocrx_word' id='word_1_160' title='bbox 2330 1338 2495 1408; x_wconf 82' lang='grc' dir='ltr'>πολλῇ</span> <span class='ocrx_word' id='word_1_161' title='bbox 2539 1337 2741 1407; x_wconf 81' lang='grc' dir='ltr'>γράφει</span> <span class='ocrx_word' id='word_1_162' title='bbox 2784 1338 2920 1407; x_wconf 80' lang='grc' dir='ltr'>πρὸς</span> <span class='ocrx_word' id='word_1_163' title='bbox 2961 1338 3180 1402; x_wconf 83' lang='grc' dir='ltr'>αὐτοὺς,</span> <span class='ocrx_word' id='word_1_164' title='bbox 3207 1337 3266 1389; x_wconf 80' lang='grc' dir='ltr'><strong>τὸ</strong></span> <span class='ocrx_word' id='word_1_165' title='bbox 3294 1336 3463 1406; x_wconf 60' lang='grc' dir='ltr'>τάχος</span> <span class='ocrx_word' id='word_1_166' title='bbox 3488 1335 3655 1405; x_wconf 70' lang='grc' dir='ltr'>ἣκειν</span> <span class='ocrx_word' id='word_1_167' title='bbox 3687 1333 3811 1404; x_wconf 66' lang='grc' dir='ltr'>πρὸς</span> 
     </span>
    </p>
   </div>
   <div class='ocr_carea' id='block_1_23' title="bbox 545 1424 2140 1499">
    <p class='ocr_par' dir='ltr' id='par_1_23' title="bbox 545 1424 2129 1495">
     <span class='ocr_line' id='line_1_23' title="bbox 545 1424 2129 1495; baseline -0.006 -11"><span class='ocrx_word' id='word_1_168' title='bbox 545 1444 758 1484; x_wconf 90' lang='lat' dir='ltr'><strong>morum</strong></span> <span class='ocrx_word' id='word_1_169' title='bbox 805 1427 970 1481; x_wconf 81' lang='lat' dir='ltr'><strong>futuri</strong></span> <span class='ocrx_word' id='word_1_170' title='bbox 1000 1427 1267 1481; x_wconf 87' lang='lat' dir='ltr'><strong>bonorum</strong></span> <span class='ocrx_word' id='word_1_171' title='bbox 1302 1424 1616 1495; x_wconf 84' lang='lat' dir='ltr'><strong>participes.</strong></span> <span class='ocrx_word' id='word_1_172' title='bbox 1651 1424 1781 1479; x_wconf 82' lang='lat' dir='ltr'><strong>Dein</strong></span> <span class='ocrx_word' id='word_1_173' title='bbox 1824 1438 1929 1479; x_wconf 85' lang='lat' dir='ltr'><strong>una</strong></span> <span class='ocrx_word' id='word_1_174' title='bbox 1967 1432 2129 1492; x_wconf 86' lang='lat' dir='ltr'><strong>atque</strong></span> 
     </span>
    </p>
   </div>
   <div class='ocr_carea' id='block_1_24' title="bbox 2243 1424 3808 1499">
    <p class='ocr_par' dir='ltr' id='par_1_24' title="bbox 2243 1428 3808 1499">
     <span class='ocr_line' id='line_1_24' title="bbox 2243 1428 3808 1499; baseline -0.001 -18"><span class='ocrx_word' id='word_1_175' title='bbox 2243 1428 2411 1495; x_wconf 82' lang='grc' dir='ltr'>ιὺτδν,</span> <span class='ocrx_word' id='word_1_176' title='bbox 2462 1428 2686 1497; x_wconf 81' lang='grc' dir='ltr'><strong>ἀγαθῶν</strong></span> <span class='ocrx_word' id='word_1_177' title='bbox 2721 1428 2980 1499; x_wconf 77' lang='grc' dir='ltr'><strong>μεγάλων</strong></span> <span class='ocrx_word' id='word_1_178' title='bbox 3026 1428 3178 1498; x_wconf 79' lang='grc' dir='ltr'>αὐτῷ</span> <span class='ocrx_word' id='word_1_179' title='bbox 3217 1429 3679 1497; x_wconf 86' lang='grc' dir='ltr'>κοινωνήσοντας.</span> <span class='ocrx_word' id='word_1_180' title='bbox 3710 1428 3808 1480; x_wconf 75' lang='grc' dir='ltr'><strong>Καὶ</strong></span> 
     </span>
    </p>
   </div>
   <div class='ocr_carea' id='block_1_25' title="bbox 546 1513 2140 1592">
    <p class='ocr_par' dir='ltr' id='par_1_25' title="bbox 546 1513 2129 1584">
     <span class='ocr_line' id='line_1_25' title="bbox 546 1513 2129 1584; baseline -0.003 -14"><span class='ocrx_word' id='word_1_181' title='bbox 546 1518 713 1570; x_wconf 84' lang='lat' dir='ltr'><strong>altera</strong></span> <span class='ocrx_word' id='word_1_182' title='bbox 763 1514 851 1568; x_wconf 89' lang='lat' dir='ltr'><strong>die</strong></span> <span class='ocrx_word' id='word_1_183' title='bbox 908 1513 1149 1584; x_wconf 83' lang='lat' dir='ltr'><strong>hospites</strong></span> <span class='ocrx_word' id='word_1_184' title='bbox 1200 1529 1330 1568; x_wconf 89' lang='lat' dir='ltr'><strong>suos</strong></span> <span class='ocrx_word' id='word_1_185' title='bbox 1381 1514 1660 1579; x_wconf 87' lang='lat' dir='ltr'><strong>retinens,</strong></span> <span class='ocrx_word' id='word_1_186' title='bbox 1704 1513 1863 1567; x_wconf 89' lang='lat' dir='ltr'><strong>tertia</strong></span> <span class='ocrx_word' id='word_1_187' title='bbox 1906 1513 2129 1567; x_wconf 89' lang='lat' dir='ltr'><strong>domum</strong></span> 
     </span>
    </p>
   </div>
   <div class='ocr_carea' id='block_1_26' title="bbox 2243 1513 3812 1592">
    <p class='ocr_par' dir='ltr' id='par_1_26' title="bbox 2243 1518 3812 1592">
     <span class='ocr_line' id='line_1_26' title="bbox 2243 1518 3812 1592; baseline -0.002 -19"><span class='ocrx_word' id='word_1_188' title='bbox 2243 1521 2291 1592; x_wconf 69' lang='grc' dir='ltr'><strong>ἰὴ</strong></span> <span class='ocrx_word' id='word_1_189' title='bbox 2326 1519 2538 1590; x_wconf 78' lang='grc' dir='ltr'><strong>ἡμέραν</strong></span> <span class='ocrx_word' id='word_1_190' title='bbox 2562 1518 2707 1574; x_wconf 72' lang='grc' dir='ltr'>οὕτω</span> <span class='ocrx_word' id='word_1_191' title='bbox 2734 1520 2865 1591; x_wconf 88' lang='grc' dir='ltr'>μίαν</span> <span class='ocrx_word' id='word_1_192' title='bbox 2898 1519 2995 1575; x_wconf 70' lang='grc' dir='ltr'>καὶ</span> <span class='ocrx_word' id='word_1_193' title='bbox 3026 1520 3288 1591; x_wconf 76' lang='grc' dir='ltr'><strong>δευτέραν</strong></span> <span class='ocrx_word' id='word_1_194' title='bbox 3314 1520 3538 1586; x_wconf 85' lang='grc' dir='ltr'>ξενίσας</span> <span class='ocrx_word' id='word_1_195' title='bbox 3573 1519 3761 1583; x_wconf 69' lang='grc' dir='ltr'>αὐτοὺς</span> <span class='ocrx_word' id='word_1_196' title='bbox 3781 1521 3812 1570; x_wconf 79' lang='grc' dir='ltr'>ὁ</span> 
     </span>
    </p>
   </div>
   <div class='ocr_carea' id='block_1_27' title="bbox 545 1605 2140 1683">
    <p class='ocr_par' dir='ltr' id='par_1_27' title="bbox 545 1605 2131 1677">
     <span class='ocr_line' id='line_1_27' title="bbox 545 1605 2131 1677; baseline -0.004 -14"><span class='ocrx_word' id='word_1_197' title='bbox 545 1609 668 1663; x_wconf 86' lang='lat' dir='ltr'><strong>illos</strong></span> <span class='ocrx_word' id='word_1_198' title='bbox 700 1606 885 1661; x_wconf 79' lang='lat' dir='ltr'><strong>eduxit</strong></span> <span class='ocrx_word' id='word_1_199' title='bbox 915 1606 967 1659; x_wconf 92' lang='lat' dir='ltr'><strong>in</strong></span> <span class='ocrx_word' id='word_1_200' title='bbox 1004 1622 1190 1677; x_wconf 82' lang='lat' dir='ltr'><strong>agrum</strong></span> <span class='ocrx_word' id='word_1_201' title='bbox 1220 1647 1234 1670; x_wconf 94' lang='lat'><strong>,</strong></span> <span class='ocrx_word' id='word_1_202' title='bbox 1276 1606 1397 1661; x_wconf 86' lang='lat' dir='ltr'><strong>istic</strong></span> <span class='ocrx_word' id='word_1_203' title='bbox 1426 1605 1719 1675; x_wconf 86' lang='lat' dir='ltr'><strong>opperiens</strong></span> <span class='ocrx_word' id='word_1_204' title='bbox 1749 1605 1928 1659; x_wconf 91' lang='lat' dir='ltr'><strong>socios</strong></span> <span class='ocrx_word' id='word_1_205' title='bbox 1951 1618 2131 1659; x_wconf 84' lang='lat' dir='ltr'><strong>accer-</strong></span> 
     </span>
    </p>
   </div>
   <div class='ocr_carea' id='block_1_28' title="bbox 2243 1605 3809 1683">
    <p class='ocr_par' dir='ltr' id='par_1_28' title="bbox 2243 1610 3809 1683">
     <span class='ocr_line' id='line_1_28' title="bbox 2243 1610 3809 1683; baseline 0.006 -28"><span class='ocrx_word' id='word_1_206' title='bbox 2243 1612 2493 1681; x_wconf 59' lang='grc' dir='ltr'>Λογγῖνος</span> <span class='ocrx_word' id='word_1_207' title='bbox 2550 1611 2894 1683; x_wconf 77' lang='grc' dir='ltr'><strong>φιλοφρόνως</strong></span> <span class='ocrx_word' id='word_1_208' title='bbox 2919 1654 2935 1677; x_wconf 78' lang='grc'><strong>,</strong></span> <span class='ocrx_word' id='word_1_209' title='bbox 2990 1614 3056 1682; x_wconf 78' lang='grc' dir='ltr'><strong>τῇ</strong></span> <span class='ocrx_word' id='word_1_210' title='bbox 3118 1611 3282 1681; x_wconf 80' lang='grc' dir='ltr'>τρίτῃ</span> <span class='ocrx_word' id='word_1_211' title='bbox 3338 1610 3682 1681; x_wconf 74' lang='grc' dir='ltr'>παραλαϐὼν</span> <span class='ocrx_word' id='word_1_212' title='bbox 3736 1612 3809 1674; x_wconf 77' lang='grc' dir='ltr'>εἰς</span> 
     </span>
    </p>
   </div>
   <div class='ocr_carea' id='block_1_29' title="bbox 546 1690 2140 1776">
    <p class='ocr_par' dir='ltr' id='par_1_29' title="bbox 546 1690 2131 1767">
     <span class='ocr_line' id='line_1_29' title="bbox 546 1690 2131 1767; baseline -0.005 -14"><span class='ocrx_word' id='word_1_213' title='bbox 546 1697 701 1763; x_wconf 88' lang='lat' dir='ltr'><strong>sitos,</strong></span> <span class='ocrx_word' id='word_1_214' title='bbox 726 1712 864 1767; x_wconf 85' lang='lat' dir='ltr'><strong>quos</strong></span> <span class='ocrx_word' id='word_1_215' title='bbox 892 1690 984 1749; x_wconf 83' lang='lat' dir='ltr'><strong>ubi</strong></span> <span class='ocrx_word' id='word_1_216' title='bbox 1019 1695 1435 1765; x_wconf 88' lang='lat' dir='ltr'><strong>propiuquiores</strong></span> <span class='ocrx_word' id='word_1_217' title='bbox 1466 1693 1637 1748; x_wconf 69' lang='lat' dir='ltr'><strong>factus</strong></span> <span class='ocrx_word' id='word_1_218' title='bbox 1657 1692 1926 1763; x_wconf 80' lang='lat' dir='ltr'><strong>cognovit,</strong></span> <span class='ocrx_word' id='word_1_219' title='bbox 1962 1706 2131 1761; x_wconf 87' lang='lat' dir='ltr'><strong>expo—</strong></span> 
     </span>
    </p>
   </div>
   <div class='ocr_carea' id='block_1_30' title="bbox 2243 1690 3809 1776">
    <p class='ocr_par' dir='ltr' id='par_1_30' title="bbox 2243 1702 3809 1776">
     <span class='ocr_line' id='line_1_30' title="bbox 2243 1702 3809 1776; baseline -0.001 -17"><span class='ocrx_word' id='word_1_220' title='bbox 2243 1704 2528 1776; x_wconf 55' lang='grc' dir='ltr'>ὶγρὸνδί5),</span> <span class='ocrx_word' id='word_1_221' title='bbox 2564 1705 2681 1757; x_wconf 71' lang='grc' dir='ltr'>ἐκεῖ</span> <span class='ocrx_word' id='word_1_222' title='bbox 2707 1704 2835 1768; x_wconf 75' lang='grc' dir='ltr'>τοὺς</span> <span class='ocrx_word' id='word_1_223' title='bbox 2868 1702 2999 1775; x_wconf 80' lang='grc' dir='ltr'>παρ’</span> <span class='ocrx_word' id='word_1_224' title='bbox 3030 1703 3198 1757; x_wconf 79' lang='grc' dir='ltr'>αὐτοῦ</span> <span class='ocrx_word' id='word_1_225' title='bbox 3246 1704 3689 1773; x_wconf 62' lang='grc' dir='ltr'>μπαπαλέντας</span> <span class='ocrx_word' id='word_1_226' title='bbox 3722 1704 3809 1757; x_wconf 79' lang='grc' dir='ltr'><strong>ἀν-</strong></span> 
     </span>
    </p>
   </div>
   <div class='ocr_carea' id='block_1_31' title="bbox 547 1786 2140 1868">
    <p class='ocr_par' dir='ltr' id='par_1_31' title="bbox 547 1786 1984 1859">
     <span class='ocr_line' id='line_1_31' title="bbox 547 1786 1984 1859; baseline -0.005 -16"><span class='ocrx_word' id='word_1_227' title='bbox 547 1789 655 1844; x_wconf 80' lang='lat' dir='ltr'><strong>‘suit</strong></span> <span class='ocrx_word' id='word_1_228' title='bbox 681 1789 858 1859; x_wconf 92' lang='lat' dir='ltr'><strong>ipsum</strong></span> <span class='ocrx_word' id='word_1_229' title='bbox 881 1803 941 1842; x_wconf 88' lang='lat' dir='ltr'><strong>se</strong></span> <span class='ocrx_word' id='word_1_230' title='bbox 966 1801 1087 1841; x_wconf 84' lang='lat' dir='ltr'><strong>esse</strong></span> <span class='ocrx_word' id='word_1_231' title='bbox 1121 1786 1448 1857; x_wconf 85' lang='lat' dir='ltr'><strong>Longinum,</strong></span> <span class='ocrx_word' id='word_1_232' title='bbox 1469 1800 1630 1854; x_wconf 90' lang='lat' dir='ltr'><strong>quem</strong></span> <span class='ocrx_word' id='word_1_233' title='bbox 1656 1791 1984 1853; x_wconf 63' lang='lat' dir='ltr'><strong>quaererent.</strong></span> 
     </span>
    </p>
   </div>
   <div class='ocr_carea' id='block_1_32' title="bbox 2243 1786 3806 1868">
    <p class='ocr_par' dir='ltr' id='par_1_32' title="bbox 2243 1789 3806 1868">
     <span class='ocr_line' id='line_1_32' title="bbox 2243 1789 3806 1868; baseline 0.002 -20"><span class='ocrx_word' id='word_1_234' title='bbox 2243 1795 2623 1866; x_wconf 78' lang='grc' dir='ltr'>έμενεν.”Οθεν</span> <span class='ocrx_word' id='word_1_235' title='bbox 2664 1797 2833 1865; x_wconf 65' lang='grc' dir='ltr'>ἐγγὺς</span> <span class='ocrx_word' id='word_1_236' title='bbox 2859 1789 3000 1851; x_wconf 74' lang='grc' dir='ltr'>εἷναι</span> <span class='ocrx_word' id='word_1_237' title='bbox 3034 1794 3227 1868; x_wconf 84' lang='grc' dir='ltr'>μαθὼν</span> <span class='ocrx_word' id='word_1_238' title='bbox 3258 1796 3603 1865; x_wconf 77' lang='grc' dir='ltr'><strong>ἀπαγγέλλει</strong></span> <span class='ocrx_word' id='word_1_239' title='bbox 3636 1799 3806 1860; x_wconf 58' lang='lat' dir='ltr'><strong>adrui;</strong></span> 
     </span>
    </p>
   </div>
   <div class='ocr_carea' id='block_1_33' title="bbox 646 1886 3774 1959">
    <p class='ocr_par' dir='ltr' id='par_1_33' title="bbox 646 1886 3774 1959">
     <span class='ocr_line' id='line_1_33' title="bbox 646 1886 3774 1959; baseline 0 -18"><span class='ocrx_word' id='word_1_240' title='bbox 646 1890 661 1899; x_wconf 84' lang='grc'><strong>’</strong></span> <span class='ocrx_word' id='word_1_241' title='bbox 2168 1886 2208 1915; x_wconf 73' lang='grc'><strong>⁸)</strong></span> <span class='ocrx_word' id='word_1_242' title='bbox 2237 1888 2312 1952; x_wconf 87' lang='grc' dir='ltr'>ὼς</span> <span class='ocrx_word' id='word_1_243' title='bbox 2336 1888 2496 1951; x_wconf 73' lang='grc' dir='ltr'>αὐτὸς</span> <span class='ocrx_word' id='word_1_244' title='bbox 2527 1888 2612 1959; x_wconf 73' lang='grc' dir='ltr'><strong>εἴη</strong></span> <span class='ocrx_word' id='word_1_245' title='bbox 2636 1889 2664 1941; x_wconf 87' lang='grc' dir='ltr'>ὁ</span> <span class='ocrx_word' id='word_1_246' title='bbox 2684 1888 2974 1956; x_wconf 87' lang='grc' dir='ltr'>Λογγῖνος,</span> <span class='ocrx_word' id='word_1_247' title='bbox 3000 1888 3029 1941; x_wconf 88' lang='grc' dir='ltr'><strong><em>ὁ</em></strong></span> <span class='ocrx_word' id='word_1_248' title='bbox 3062 1886 3191 1957; x_wconf 84' lang='grc' dir='ltr'>παρ’</span> <span class='ocrx_word' id='word_1_249' title='bbox 3214 1887 3392 1941; x_wconf 81' lang='grc' dir='ltr'>αὐτῶν</span> <span class='ocrx_word' id='word_1_250' title='bbox 3425 1886 3774 1956; x_wconf 72' lang='grc' dir='ltr'><strong>ζητούμενος.</strong></span> 
     </span>
    </p>
   </div>
   <div class='ocr_carea' id='block_1_34' title="bbox 622 1970 2140 2053">
    <p class='ocr_par' dir='ltr' id='par_1_34' title="bbox 622 1970 2136 2053">
     <span class='ocr_line' id='line_1_34' title="bbox 622 1970 2136 2053; baseline -0.01 -14"><span class='ocrx_word' id='word_1_251' title='bbox 622 1984 674 2039; x_wconf 88' lang='grc'><strong>8.</strong></span> <span class='ocrx_word' id='word_1_252' title='bbox 718 1982 823 2053; x_wconf 91' lang='lat' dir='ltr'><strong>lpsi</strong></span> <span class='ocrx_word' id='word_1_253' title='bbox 862 1998 990 2038; x_wconf 87' lang='lat' dir='ltr'><strong>vero</strong></span> <span class='ocrx_word' id='word_1_254' title='bbox 1036 1980 1270 2052; x_wconf 91' lang='lat' dir='ltr'><strong>primum</strong></span> <span class='ocrx_word' id='word_1_255' title='bbox 1321 1978 1483 2034; x_wconf 92' lang='lat' dir='ltr'><strong>dictis</strong></span> <span class='ocrx_word' id='word_1_256' title='bbox 1529 1976 1650 2047; x_wconf 83' lang='lat' dir='ltr'><strong>ejus</strong></span> <span class='ocrx_word' id='word_1_257' title='bbox 1681 1972 1842 2029; x_wconf 82' lang='lat' dir='ltr'><strong>ﬁdem</strong></span> <span class='ocrx_word' id='word_1_258' title='bbox 1872 1970 2136 2027; x_wconf 80' lang='lat' dir='ltr'><strong>adhibere</strong></span> 
     </span>
    </p>
   </div>
   <div class='ocr_carea' id='block_1_35' title="bbox 2243 1970 3812 2053">
    <p class='ocr_par' dir='ltr' id='par_1_35' title="bbox 2307 1979 3812 2051">
     <span class='ocr_line' id='line_1_35' title="bbox 2307 1979 3812 2051; baseline 0 -19"><span class='ocrx_word' id='word_1_259' title='bbox 2307 1987 2378 2051; x_wconf 87' lang='grc' dir='ltr'><strong>η’.</strong></span> <span class='ocrx_word' id='word_1_260' title='bbox 2419 1980 2483 2034; x_wconf 83' lang='lat' dir='ltr'><strong>Ol.</strong></span> <span class='ocrx_word' id='word_1_261' title='bbox 2528 1980 2585 2034; x_wconf 79' lang='grc' dir='ltr'>δὲ</span> <span class='ocrx_word' id='word_1_262' title='bbox 2624 1980 2893 2051; x_wconf 85' lang='grc' dir='ltr'>πρότερον</span> <span class='ocrx_word' id='word_1_263' title='bbox 2929 1983 3028 2049; x_wconf 78' lang='grc' dir='ltr'><strong>μὲν</strong></span> <span class='ocrx_word' id='word_1_264' title='bbox 3059 1980 3359 2051; x_wconf 32' lang='grc' dir='ltr'>ἠπίστουν..</span> <span class='ocrx_word' id='word_1_265' title='bbox 3379 1979 3522 2048; x_wconf 79' lang='grc' dir='ltr'>μετὰ</span> <span class='ocrx_word' id='word_1_266' title='bbox 3566 1979 3627 2032; x_wconf 77' lang='grc' dir='ltr'>δι</span> <span class='ocrx_word' id='word_1_267' title='bbox 3666 1979 3812 2032; x_wconf 73' lang='grc' dir='ltr'>τοῦτο</span> 
     </span>
    </p>
   </div>
   <div class='ocr_carea' id='block_1_36' title="bbox 550 2062 2140 2145">
    <p class='ocr_par' dir='ltr' id='par_1_36' title="bbox 550 2062 2137 2145">
     <span class='ocr_line' id='line_1_36' title="bbox 550 2062 2137 2145; baseline -0.009 -15"><span class='ocrx_word' id='word_1_268' title='bbox 550 2076 880 2132; x_wconf 88' lang='lat' dir='ltr'><strong>recusabant</strong></span> <span class='ocrx_word' id='word_1_269' title='bbox 915 2093 927 2128; x_wconf 92' lang='lat'><strong>:</strong></span> <span class='ocrx_word' id='word_1_270' title='bbox 959 2072 1208 2145; x_wconf 88' lang='lat' dir='ltr'><strong>persuasi</strong></span> <span class='ocrx_word' id='word_1_271' title='bbox 1232 2070 1428 2125; x_wconf 91' lang='lat' dir='ltr'><strong>deinde</strong></span> <span class='ocrx_word' id='word_1_272' title='bbox 1455 2084 1582 2125; x_wconf 83' lang='lat' dir='ltr'><strong>vera</strong></span> <span class='ocrx_word' id='word_1_273' title='bbox 1619 2066 1791 2137; x_wconf 85' lang='lat' dir='ltr'><strong>loqui,</strong></span> <span class='ocrx_word' id='word_1_274' title='bbox 1822 2080 1952 2120; x_wconf 86' lang='lat' dir='ltr'><strong>suos</strong></span> <span class='ocrx_word' id='word_1_275' title='bbox 1972 2062 2137 2139; x_wconf 49' lang='lat' dir='ltr'><strong>velles</strong></span> 
     </span>
    </p>
   </div>
   <div class='ocr_carea' id='block_1_37' title="bbox 2243 2062 3807 2145">
    <p class='ocr_par' dir='ltr' id='par_1_37' title="bbox 2243 2069 3807 2144">
     <span class='ocr_line' id='line_1_37' title="bbox 2243 2069 3807 2144; baseline -0.004 -17"><span class='ocrx_word' id='word_1_276' title='bbox 2243 2072 2581 2138; x_wconf 82' lang='grc' dir='ltr'>πεισθέντες,</span> <span class='ocrx_word' id='word_1_277' title='bbox 2612 2071 2897 2144; x_wconf 71' lang='grc' dir='ltr'>ἐδάκρυον,</span> <span class='ocrx_word' id='word_1_278' title='bbox 2930 2070 3197 2135; x_wconf 76' lang='grc' dir='ltr'>τίλλοντες</span> <span class='ocrx_word' id='word_1_279' title='bbox 3224 2071 3323 2132; x_wconf 74' lang='grc' dir='ltr'>τὰς</span> <span class='ocrx_word' id='word_1_280' title='bbox 3364 2070 3588 2124; x_wconf 79' lang='grc' dir='ltr'>ἑαυτῶν</span> <span class='ocrx_word' id='word_1_281' title='bbox 3613 2069 3807 2140; x_wconf 74' lang='grc' dir='ltr'>τρίχις,</span> 
     </span>
    </p>
   </div>
   <div class='ocr_carea' id='block_1_38' title="bbox 550 2154 2140 2238">
    <p class='ocr_par' dir='ltr' id='par_1_38' title="bbox 550 2154 2137 2238">
     <span class='ocr_line' id='line_1_38' title="bbox 550 2154 2137 2238; baseline -0.009 -16"><span class='ocrx_word' id='word_1_282' title='bbox 550 2168 683 2222; x_wconf 89' lang='lat' dir='ltr'><strong>bant</strong></span> <span class='ocrx_word' id='word_1_283' title='bbox 702 2166 948 2238; x_wconf 83' lang='lat' dir='ltr'><strong>capillos,</strong></span> <span class='ocrx_word' id='word_1_284' title='bbox 974 2173 1028 2219; x_wconf 89' lang='lat' dir='ltr'><strong>et</strong></span> <span class='ocrx_word' id='word_1_285' title='bbox 1049 2163 1387 2218; x_wconf 89' lang='lat' dir='ltr'><strong>miserandas</strong></span> <span class='ocrx_word' id='word_1_286' title='bbox 1411 2160 1479 2216; x_wconf 87' lang='lat' dir='ltr'><strong>ad</strong></span> <span class='ocrx_word' id='word_1_287' title='bbox 1506 2160 1683 2231; x_wconf 90' lang='lat' dir='ltr'><strong>ipsum</strong></span> <span class='ocrx_word' id='word_1_288' title='bbox 1714 2170 1880 2213; x_wconf 89' lang='lat' dir='ltr'><strong>voces</strong></span> <span class='ocrx_word' id='word_1_289' title='bbox 1900 2154 2137 2210; x_wconf 85' lang='lat' dir='ltr'><strong>edebant</strong></span> 
     </span>
    </p>
   </div>
   <div class='ocr_carea' id='block_1_39' title="bbox 2243 2154 3810 2238">
    <p class='ocr_par' dir='ltr' id='par_1_39' title="bbox 2243 2161 3810 2237">
     <span class='ocr_line' id='line_1_39' title="bbox 2243 2161 3810 2237; baseline -0.002 -18"><span class='ocrx_word' id='word_1_290' title='bbox 2243 2165 2333 2219; x_wconf 75' lang='grc' dir='ltr'><strong>καὶ</strong></span> <span class='ocrx_word' id='word_1_291' title='bbox 2357 2164 2580 2237; x_wconf 71' lang='grc' dir='ltr'>οἰκτρὰς</span> <span class='ocrx_word' id='word_1_292' title='bbox 2616 2163 2801 2233; x_wconf 76' lang='grc' dir='ltr'>φωνὰς</span> <span class='ocrx_word' id='word_1_293' title='bbox 2836 2162 2973 2232; x_wconf 73' lang='grc' dir='ltr'>πρὸς</span> <span class='ocrx_word' id='word_1_294' title='bbox 3005 2161 3100 2216; x_wconf 80' lang='grc' dir='ltr'>τὸν</span> <span class='ocrx_word' id='word_1_295' title='bbox 3134 2164 3399 2233; x_wconf 78' lang='grc' dir='ltr'>Λογγῖνον</span> <span class='ocrx_word' id='word_1_296' title='bbox 3433 2162 3810 2231; x_wconf 73' lang='grc' dir='ltr'>φθεγγόμενα.</span> 
     </span>
    </p>
   </div>
   <div class='ocr_carea' id='block_1_40' title="bbox 551 2246 2140 2331">
    <p class='ocr_par' dir='ltr' id='par_1_40' title="bbox 551 2246 2137 2330">
     <span class='ocr_line' id='line_1_40' title="bbox 551 2246 2137 2330; baseline -0.011 -13"><span class='ocrx_word' id='word_1_297' title='bbox 551 2263 799 2317; x_wconf 88' lang='lat' dir='ltr'><strong>dicentes</strong></span> <span class='ocrx_word' id='word_1_298' title='bbox 828 2279 839 2314; x_wconf 88' lang='lat'>:</span> <span class='ocrx_word' id='word_1_299' title='bbox 874 2260 945 2315; x_wconf 90' lang='lat' dir='ltr'><strong>Ut</strong></span> <span class='ocrx_word' id='word_1_300' title='bbox 973 2259 1102 2330; x_wconf 90' lang='lat' dir='ltr'><strong>quid</strong></span> <span class='ocrx_word' id='word_1_301' title='bbox 1136 2257 1215 2313; x_wconf 91' lang='lat' dir='ltr'><strong>sic</strong></span> <span class='ocrx_word' id='word_1_302' title='bbox 1253 2271 1413 2329; x_wconf 80' lang='lat' dir='ltr'><strong>agere</strong></span> <span class='ocrx_word' id='word_1_303' title='bbox 1442 2253 1681 2319; x_wconf 87' lang='lat' dir='ltr'><strong>voluisti,</strong></span> <span class='ocrx_word' id='word_1_304' title='bbox 1714 2250 1925 2306; x_wconf 85' lang='lat' dir='ltr'><strong>amice?</strong></span> <span class='ocrx_word' id='word_1_305' title='bbox 1958 2246 2137 2314; x_wconf 84' lang='lat' dir='ltr'><strong>Quare</strong></span> 
     </span>
    </p>
   </div>
   <div class='ocr_carea' id='block_1_41' title="bbox 2243 2246 3809 2331">
    <p class='ocr_par' dir='ltr' id='par_1_41' title="bbox 2243 2250 3809 2331">
     <span class='ocr_line' id='line_1_41' title="bbox 2243 2250 3809 2331; baseline -0.002 -17"><span class='ocrx_word' id='word_1_306' title='bbox 2243 2259 2304 2314; x_wconf 82' lang='grc' dir='ltr'>Τί</span> <span class='ocrx_word' id='word_1_307' title='bbox 2347 2278 2429 2314; x_wconf 89' lang='grc' dir='ltr'><strong>σοι</strong></span> <span class='ocrx_word' id='word_1_308' title='bbox 2464 2260 2525 2314; x_wconf 85' lang='grc' dir='ltr'><strong>τὸ</strong></span> <span class='ocrx_word' id='word_1_309' title='bbox 2562 2259 2889 2331; x_wconf 73' lang='grc' dir='ltr'>ἐγχείρημα,</span> <span class='ocrx_word' id='word_1_310' title='bbox 2920 2250 2969 2311; x_wconf 78' lang='grc' dir='ltr'>ὦ</span> <span class='ocrx_word' id='word_1_311' title='bbox 3009 2259 3151 2329; x_wconf 84' lang='grc' dir='ltr'>φίλε,</span> <span class='ocrx_word' id='word_1_312' title='bbox 3186 2258 3366 2324; x_wconf 75' lang='grc' dir='ltr'>ἔδοξεν</span> <span class='ocrx_word' id='word_1_313' title='bbox 3396 2257 3600 2324; x_wconf 60' lang='lat' dir='ltr'><strong>toﬁ-ro;</strong></span> <span class='ocrx_word' id='word_1_314' title='bbox 3629 2258 3740 2311; x_wconf 84' lang='grc' dir='ltr'>Ἵνα</span> <span class='ocrx_word' id='word_1_315' title='bbox 3764 2260 3809 2311; x_wconf 85' lang='grc' dir='ltr'><strong>τί</strong></span> 
     </span>
    </p>
   </div>
   <div class='ocr_carea' id='block_1_42' title="bbox 553 2339 2140 2420">
    <p class='ocr_par' dir='ltr' id='par_1_42' title="bbox 553 2339 2137 2410">
     <span class='ocr_line' id='line_1_42' title="bbox 553 2339 2137 2410; baseline -0.01 -1"><span class='ocrx_word' id='word_1_316' title='bbox 553 2356 608 2410; x_wconf 89' lang='lat' dir='ltr'><strong>in</strong></span> <span class='ocrx_word' id='word_1_317' title='bbox 637 2363 783 2408; x_wconf 91' lang='lat' dir='ltr'><strong>tuam</strong></span> <span class='ocrx_word' id='word_1_318' title='bbox 814 2352 1097 2408; x_wconf 83' lang='lat' dir='ltr'><strong>venientes</strong></span> <span class='ocrx_word' id='word_1_319' title='bbox 1129 2364 1322 2405; x_wconf 91' lang='lat' dir='ltr'><strong>necem</strong></span> <span class='ocrx_word' id='word_1_320' title='bbox 1350 2347 1418 2403; x_wconf 88' lang='lat' dir='ltr'><strong>ad</strong></span> <span class='ocrx_word' id='word_1_321' title='bbox 1448 2355 1596 2402; x_wconf 91' lang='lat' dir='ltr'><strong>tuam</strong></span> <span class='ocrx_word' id='word_1_322' title='bbox 1614 2342 1858 2399; x_wconf 87' lang='lat' dir='ltr'><strong>invitasti</strong></span> <span class='ocrx_word' id='word_1_323' title='bbox 1880 2339 2137 2398; x_wconf 88' lang='lat' dir='ltr'><strong>domum?</strong></span> 
     </span>
    </p>
   </div>
   <div class='ocr_carea' id='block_1_43' title="bbox 2243 2339 3811 2420">
    <p class='ocr_par' dir='ltr' id='par_1_43' title="bbox 2243 2344 3811 2420">
     <span class='ocr_line' id='line_1_43' title="bbox 2243 2344 3811 2420; baseline -0.003 -13"><span class='ocrx_word' id='word_1_324' title='bbox 2243 2353 2365 2415; x_wconf 79' lang='grc' dir='ltr'>τοὺς</span> <span class='ocrx_word' id='word_1_325' title='bbox 2393 2353 2487 2406; x_wconf 71' lang='grc' dir='ltr'><strong>ἐπὶ</strong></span> <span class='ocrx_word' id='word_1_326' title='bbox 2524 2354 2614 2407; x_wconf 73' lang='grc' dir='ltr'>τὸν</span> <span class='ocrx_word' id='word_1_327' title='bbox 2657 2352 2751 2405; x_wconf 80' lang='grc' dir='ltr'><strong>σὺν</strong></span> <span class='ocrx_word' id='word_1_328' title='bbox 2779 2351 3035 2416; x_wconf 78' lang='grc' dir='ltr'>ἐλθόντας</span> <span class='ocrx_word' id='word_1_329' title='bbox 3079 2351 3239 2420; x_wconf 82' lang='grc' dir='ltr'>φόνον</span> <span class='ocrx_word' id='word_1_330' title='bbox 3285 2351 3367 2414; x_wconf 75' lang='grc' dir='ltr'>εἰς</span> <span class='ocrx_word' id='word_1_331' title='bbox 3405 2350 3502 2403; x_wconf 77' lang='grc' dir='ltr'>τὸν</span> <span class='ocrx_word' id='word_1_332' title='bbox 3539 2344 3693 2404; x_wconf 72' lang='grc' dir='ltr'>οἶκόν</span> <span class='ocrx_word' id='word_1_333' title='bbox 3728 2366 3811 2403; x_wconf 79' lang='grc' dir='ltr'><strong>σου</strong></span> 
     </span>
    </p>
   </div>
   <div class='ocr_carea' id='block_1_44' title="bbox 550 2430 2140 2517">
    <p class='ocr_par' dir='ltr' id='par_1_44' title="bbox 550 2430 2139 2503">
     <span class='ocr_line' id='line_1_44' title="bbox 550 2430 2139 2503; baseline -0.011 -1"><span class='ocrx_word' id='word_1_334' title='bbox 550 2430 663 2503; x_wconf 77' lang='lat' dir='ltr'><strong>Cur</strong></span> <span class='ocrx_word' id='word_1_335' title='bbox 681 2446 882 2501; x_wconf 68' lang='lat' dir='ltr'><strong>caedem</strong></span> <span class='ocrx_word' id='word_1_336' title='bbox 908 2443 1286 2499; x_wconf 90' lang='lat' dir='ltr'><strong>machinantes</strong></span> <span class='ocrx_word' id='word_1_337' title='bbox 1309 2450 1457 2495; x_wconf 86' lang='lat' dir='ltr'><strong>tuam</strong></span> <span class='ocrx_word' id='word_1_338' title='bbox 1482 2453 1671 2493; x_wconf 86' lang='lat' dir='ltr'><strong>mensa</strong></span> <span class='ocrx_word' id='word_1_339' title='bbox 1689 2445 1745 2492; x_wconf 91' lang='lat' dir='ltr'><strong>et</strong></span> <span class='ocrx_word' id='word_1_340' title='bbox 1770 2433 2022 2491; x_wconf 87' lang='lat' dir='ltr'><strong>convivio</strong></span> <span class='ocrx_word' id='word_1_341' title='bbox 2044 2448 2139 2487; x_wconf 79' lang='lat' dir='ltr'><strong>ex-</strong></span> 
     </span>
    </p>
   </div>
   <div class='ocr_carea' id='block_1_45' title="bbox 2243 2430 3811 2517">
    <p class='ocr_par' dir='ltr' id='par_1_45' title="bbox 2243 2444 3811 2517">
     <span class='ocr_line' id='line_1_45' title="bbox 2243 2444 3811 2517; baseline -0.003 -17"><span class='ocrx_word' id='word_1_342' title='bbox 2243 2447 2462 2511; x_wconf 81' lang='grc' dir='ltr'>έλαϐες;</span> <span class='ocrx_word' id='word_1_343' title='bbox 2495 2446 2649 2508; x_wconf 80' lang='grc' dir='ltr'>Τίνος</span> <span class='ocrx_word' id='word_1_344' title='bbox 2675 2445 2834 2517; x_wconf 80' lang='grc' dir='ltr'>χάριν</span> <span class='ocrx_word' id='word_1_345' title='bbox 2862 2448 2980 2508; x_wconf 85' lang='grc' dir='ltr'>τοῖς</span> <span class='ocrx_word' id='word_1_346' title='bbox 3009 2444 3089 2507; x_wconf 86' lang='grc' dir='ltr'><strong>είς</strong></span> <span class='ocrx_word' id='word_1_347' title='bbox 3117 2444 3337 2514; x_wconf 81' lang='grc' dir='ltr'>σφαγήν</span> <span class='ocrx_word' id='word_1_348' title='bbox 3372 2458 3472 2497; x_wconf 85' lang='grc' dir='ltr'><strong>σου</strong></span> <span class='ocrx_word' id='word_1_349' title='bbox 3513 2459 3811 2513; x_wconf 80' lang='grc' dir='ltr'>παραγενο-</span> 
     </span>
    </p>
   </div>
   <div class='ocr_carea' id='block_1_46' title="bbox 2165 1860 2208 1915">
    <p class='ocr_par' dir='ltr' id='par_1_46' title="bbox 2165 1860 2208 1915">
     <span class='ocr_line' id='line_1_46' title="bbox 2165 1860 2208 1915; baseline 0 0"><span class='ocrx_word' id='word_1_350' title='bbox 2165 1860 2208 1915; x_wconf 83' lang='grc' dir='ltr'><strong>Β</strong></span> 
     </span>
    </p>
   </div>
   <div class='ocr_carea' id='block_1_47' title="bbox 410 2524 2140 2623">
    <p class='ocr_par' dir='ltr' id='par_1_47' title="bbox 410 2524 2138 2621">
     <span class='ocr_line' id='line_1_47' title="bbox 410 2524 2138 2621; baseline -0.012 -23"><span class='ocrx_word' id='word_1_351' title='bbox 410 2594 459 2621; x_wconf 23' lang='lat' dir='ltr'><strong>ﬂ,</strong></span> <span class='ocrx_word' id='word_1_352' title='bbox 553 2538 769 2610; x_wconf 82' lang='lat' dir='ltr'><strong>cepisti,</strong></span> <span class='ocrx_word' id='word_1_353' title='bbox 801 2553 909 2592; x_wconf 85' lang='lat' dir='ltr'><strong>non</strong></span> <span class='ocrx_word' id='word_1_354' title='bbox 946 2544 1155 2591; x_wconf 89' lang='lat' dir='ltr'><strong>tantum</strong></span> <span class='ocrx_word' id='word_1_355' title='bbox 1186 2532 1425 2593; x_wconf 85' lang='lat' dir='ltr'><strong>una.sed</strong></span> <span class='ocrx_word' id='word_1_356' title='bbox 1450 2531 1619 2585; x_wconf 86' lang='lat' dir='ltr'><strong>altera</strong></span> <span class='ocrx_word' id='word_1_357' title='bbox 1645 2543 1861 2600; x_wconf 87' lang='lat' dir='ltr'><strong>quoque</strong></span> <span class='ocrx_word' id='word_1_358' title='bbox 1892 2536 1950 2581; x_wconf 91' lang='lat' dir='ltr'><strong>et</strong></span> <span class='ocrx_word' id='word_1_359' title='bbox 1982 2524 2138 2580; x_wconf 89' lang='lat' dir='ltr'><strong>tertia</strong></span> 
     </span>
    </p>
   </div>
   <div class='ocr_carea' id='block_1_48' title="bbox 2243 2524 3816 2623">
    <p class='ocr_par' dir='ltr' id='par_1_48' title="bbox 2243 2532 3816 2609">
     <span class='ocr_line' id='line_1_48' title="bbox 2243 2532 3816 2609; baseline -0.002 -19"><span class='ocrx_word' id='word_1_360' title='bbox 2243 2540 2425 2609; x_wconf 82' lang='grc' dir='ltr'>μένοις</span> <span class='ocrx_word' id='word_1_361' title='bbox 2453 2538 2665 2591; x_wconf 74' lang='grc' dir='ltr'>δεῖπνον</span> <span class='ocrx_word' id='word_1_362' title='bbox 2698 2535 3024 2599; x_wconf 73' lang='grc' dir='ltr'>ἐπετέλεσας</span> <span class='ocrx_word' id='word_1_363' title='bbox 3044 2534 3335 2603; x_wconf 83' lang='grc' dir='ltr'>πολυτελῆ,</span> <span class='ocrx_word' id='word_1_364' title='bbox 3370 2534 3470 2587; x_wconf 82' lang='grc' dir='ltr'>καὶ</span> <span class='ocrx_word' id='word_1_365' title='bbox 3506 2532 3816 2605; x_wconf 74' lang='grc' dir='ltr'>παρέθηκας</span> 
     </span>
    </p>
   </div>
   <div class='ocr_carea' id='block_1_49' title="bbox 554 2623 2140 2702">
    <p class='ocr_par' dir='ltr' id='par_1_49' title="bbox 554 2623 2137 2688">
     <span class='ocr_line' id='line_1_49' title="bbox 554 2623 2137 2688; baseline -0.009 -2"><span class='ocrx_word' id='word_1_366' title='bbox 554 2630 675 2685; x_wconf 84' lang='lat' dir='ltr'><strong>die?</strong></span> <span class='ocrx_word' id='word_1_367' title='bbox 714 2627 798 2684; x_wconf 82' lang='lat' dir='ltr'><strong>An</strong></span> <span class='ocrx_word' id='word_1_368' title='bbox 849 2628 988 2682; x_wconf 81' lang='lat' dir='ltr'><strong>forte</strong></span> <span class='ocrx_word' id='word_1_369' title='bbox 1023 2641 1133 2681; x_wconf 92' lang='lat' dir='ltr'><strong>non</strong></span> <span class='ocrx_word' id='word_1_370' title='bbox 1170 2624 1391 2679; x_wconf 83' lang='lat' dir='ltr'><strong>videbas</strong></span> <span class='ocrx_word' id='word_1_371' title='bbox 1428 2623 1616 2678; x_wconf 79' lang='lat' dir='ltr'><strong>vinum</strong></span> <span class='ocrx_word' id='word_1_372' title='bbox 1645 2630 1797 2677; x_wconf 87' lang='lat' dir='ltr'><strong>tuum</strong></span> <span class='ocrx_word' id='word_1_373' title='bbox 1834 2628 1946 2685; x_wconf 88' lang='lat' dir='ltr'><strong>tuo,</strong></span> <span class='ocrx_word' id='word_1_374' title='bbox 1976 2632 2137 2688; x_wconf 90' lang='lat' dir='ltr'><strong>quem</strong></span> 
     </span>
    </p>
   </div>
   <div class='ocr_carea' id='block_1_50' title="bbox 2243 2623 3817 2702">
    <p class='ocr_par' dir='ltr' id='par_1_50' title="bbox 2243 2625 3817 2702">
     <span class='ocr_line' id='line_1_50' title="bbox 2243 2625 3817 2702; baseline -0.008 -17"><span class='ocrx_word' id='word_1_375' title='bbox 2243 2628 2537 2702; x_wconf 76' lang='grc' dir='ltr'>τράπεζαν,</span> <span class='ocrx_word' id='word_1_376' title='bbox 2567 2630 2630 2684; x_wconf 82' lang='grc' dir='ltr'><strong>ού</strong></span> <span class='ocrx_word' id='word_1_377' title='bbox 2655 2627 2786 2698; x_wconf 89' lang='grc' dir='ltr'>μίαν</span> <span class='ocrx_word' id='word_1_378' title='bbox 2823 2628 2985 2698; x_wconf 87' lang='grc' dir='ltr'>μόνον</span> <span class='ocrx_word' id='word_1_379' title='bbox 3018 2626 3256 2698; x_wconf 81' lang='grc' dir='ltr'>ἡμέραν,</span> <span class='ocrx_word' id='word_1_380' title='bbox 3277 2626 3416 2679; x_wconf 78' lang='grc' dir='ltr'>ἀλλὰ</span> <span class='ocrx_word' id='word_1_381' title='bbox 3443 2627 3540 2681; x_wconf 75' lang='grc' dir='ltr'>καὶ</span> <span class='ocrx_word' id='word_1_382' title='bbox 3571 2625 3817 2693; x_wconf 77' lang='grc' dir='ltr'>δευτέραν</span> 
     </span>
    </p>
   </div>
   <div class='ocr_carea' id='block_1_51' title="bbox 552 2713 2140 2793">
    <p class='ocr_par' dir='ltr' id='par_1_51' title="bbox 552 2713 2133 2792">
     <span class='ocr_line' id='line_1_51' title="bbox 552 2713 2133 2792; baseline -0.009 -15"><span class='ocrx_word' id='word_1_383' title='bbox 552 2722 949 2792; x_wconf 67' lang='grc' dir='ltr'>ηυτθτοὶιιιηιιιε,</span> <span class='ocrx_word' id='word_1_384' title='bbox 983 2716 1325 2773; x_wconf 87' lang='lat' dir='ltr'><strong>miscendum</strong></span> <span class='ocrx_word' id='word_1_385' title='bbox 1378 2714 1679 2787; x_wconf 88' lang='lat' dir='ltr'><strong>sanguine?</strong></span> <span class='ocrx_word' id='word_1_386' title='bbox 1729 2713 1890 2767; x_wconf 87' lang='lat' dir='ltr'><strong>Nune</strong></span> <span class='ocrx_word' id='word_1_387' title='bbox 1948 2720 2133 2765; x_wconf 87' lang='lat' dir='ltr'><strong>autem</strong></span> 
     </span>
    </p>
   </div>
   <div class='ocr_carea' id='block_1_52' title="bbox 2243 2713 3822 2793">
    <p class='ocr_par' dir='ltr' id='par_1_52' title="bbox 2243 2713 3822 2793">
     <span class='ocr_line' id='line_1_52' title="bbox 2243 2713 3822 2793; baseline -0.004 -17"><span class='ocrx_word' id='word_1_388' title='bbox 2243 2723 2337 2777; x_wconf 70' lang='grc' dir='ltr'><strong>καὶ</strong></span> <span class='ocrx_word' id='word_1_389' title='bbox 2379 2721 2603 2793; x_wconf 87' lang='grc' dir='ltr'>τρίτην;</span> <span class='ocrx_word' id='word_1_390' title='bbox 2632 2715 2783 2791; x_wconf 71' lang='grc' dir='ltr'><strong>Ἆρά</strong></span> <span class='ocrx_word' id='word_1_391' title='bbox 2828 2736 2921 2772; x_wconf 82' lang='grc' dir='ltr'><strong>σου</strong></span> <span class='ocrx_word' id='word_1_392' title='bbox 2963 2718 3055 2772; x_wconf 81' lang='grc' dir='ltr'><strong>τὸν</strong></span> <span class='ocrx_word' id='word_1_393' title='bbox 3104 2713 3249 2771; x_wconf 83' lang='grc' dir='ltr'>οἶνον</span> <span class='ocrx_word' id='word_1_394' title='bbox 3290 2718 3391 2788; x_wconf 80' lang='grc' dir='ltr'><strong>οὺχ</strong></span> <span class='ocrx_word' id='word_1_395' title='bbox 3436 2717 3625 2789; x_wconf 80' lang='grc' dir='ltr'>ἑώρας</span> <span class='ocrx_word' id='word_1_396' title='bbox 3670 2715 3822 2786; x_wconf 55' lang='lat' dir='ltr'><strong>hei:</strong></span> 
     </span>
    </p>
   </div>
   <div class='ocr_carea' id='block_1_53' title="bbox 554 2805 2140 2885">
    <p class='ocr_par' dir='ltr' id='par_1_53' title="bbox 554 2805 2139 2885">
     <span class='ocr_line' id='line_1_53' title="bbox 554 2805 2139 2885; baseline -0.008 -16"><span class='ocrx_word' id='word_1_397' title='bbox 554 2814 683 2885; x_wconf 87' lang='lat' dir='ltr'><strong>quid</strong></span> <span class='ocrx_word' id='word_1_398' title='bbox 719 2812 1007 2868; x_wconf 88' lang='lat' dir='ltr'><strong>dicemus?</strong></span> <span class='ocrx_word' id='word_1_399' title='bbox 1045 2820 1140 2867; x_wconf 89' lang='lat' dir='ltr'><strong>aut</strong></span> <span class='ocrx_word' id='word_1_400' title='bbox 1189 2810 1317 2881; x_wconf 90' lang='lat' dir='ltr'><strong>quid</strong></span> <span class='ocrx_word' id='word_1_401' title='bbox 1352 2807 1614 2881; x_wconf 86' lang='lat' dir='ltr'><strong>agemus?</strong></span> <span class='ocrx_word' id='word_1_402' title='bbox 1650 2807 1695 2862; x_wconf 91' lang='lat' dir='ltr'><strong>si</strong></span> <span class='ocrx_word' id='word_1_403' title='bbox 1743 2806 1871 2878; x_wconf 85' lang='lat' dir='ltr'><strong>quid</strong></span> <span class='ocrx_word' id='word_1_404' title='bbox 1919 2805 1975 2860; x_wconf 90' lang='lat' dir='ltr'><strong>iu</strong></span> <span class='ocrx_word' id='word_1_405' title='bbox 2024 2819 2139 2858; x_wconf 85' lang='lat' dir='ltr'><strong>rem</strong></span> 
     </span>
    </p>
   </div>
   <div class='ocr_carea' id='block_1_54' title="bbox 2243 2805 3822 2885">
    <p class='ocr_par' dir='ltr' id='par_1_54' title="bbox 2243 2807 3822 2883">
     <span class='ocr_line' id='line_1_54' title="bbox 2243 2807 3822 2883; baseline -0.005 -16"><span class='ocrx_word' id='word_1_406' title='bbox 2243 2813 2436 2883; x_wconf 78' lang='grc' dir='ltr'>αἵματί</span> <span class='ocrx_word' id='word_1_407' title='bbox 2472 2828 2588 2873; x_wconf 90' lang='grc' dir='ltr'>σου,</span> <span class='ocrx_word' id='word_1_408' title='bbox 2624 2809 2704 2880; x_wconf 85' lang='grc' dir='ltr'>τῷ</span> <span class='ocrx_word' id='word_1_409' title='bbox 2732 2810 2867 2881; x_wconf 79' lang='grc' dir='ltr'>παρ’</span> <span class='ocrx_word' id='word_1_410' title='bbox 2890 2810 3050 2880; x_wconf 86' lang='grc' dir='ltr'>ἡμῶν</span> <span class='ocrx_word' id='word_1_411' title='bbox 3081 2808 3429 2881; x_wconf 76' lang='grc' dir='ltr'>ζητουμένῳ,</span> <span class='ocrx_word' id='word_1_412' title='bbox 3452 2807 3822 2878; x_wconf 73' lang='grc' dir='ltr'>κιρνὼμενονς</span> 
     </span>
    </p>
   </div>
   <div class='ocr_carea' id='block_1_55' title="bbox 556 2894 2140 2975">
    <p class='ocr_par' dir='ltr' id='par_1_55' title="bbox 556 2894 2138 2973">
     <span class='ocr_line' id='line_1_55' title="bbox 556 2894 2138 2973; baseline -0.009 -13"><span class='ocrx_word' id='word_1_413' title='bbox 556 2917 704 2961; x_wconf 91' lang='lat' dir='ltr'><strong>tuam</strong></span> <span class='ocrx_word' id='word_1_414' title='bbox 737 2904 1022 2959; x_wconf 86' lang='lat' dir='ltr'><strong>consulere</strong></span> <span class='ocrx_word' id='word_1_415' title='bbox 1062 2916 1372 2973; x_wconf 86' lang='lat' dir='ltr'><strong>possumus,</strong></span> <span class='ocrx_word' id='word_1_416' title='bbox 1404 2899 1492 2954; x_wconf 87' lang='lat' dir='ltr'><strong>abi</strong></span> <span class='ocrx_word' id='word_1_417' title='bbox 1522 2899 1579 2953; x_wconf 91' lang='lat' dir='ltr'><strong>in</strong></span> <span class='ocrx_word' id='word_1_418' title='bbox 1604 2912 1767 2968; x_wconf 83' lang='lat' dir='ltr'><strong>pace,</strong></span> <span class='ocrx_word' id='word_1_419' title='bbox 1797 2894 2138 2965; x_wconf 83' lang='lat' dir='ltr'><strong>hospitalita-</strong></span> 
     </span>
    </p>
   </div>
   <div class='ocr_carea' id='block_1_56' title="bbox 2243 2894 3822 2975">
    <p class='ocr_par' dir='ltr' id='par_1_56' title="bbox 2243 2898 3822 2975">
     <span class='ocr_line' id='line_1_56' title="bbox 2243 2898 3822 2975; baseline -0.004 -17"><span class='ocrx_word' id='word_1_420' title='bbox 2243 2903 2355 2959; x_wconf 80' lang='grc' dir='ltr'><strong>Νῦν</strong></span> <span class='ocrx_word' id='word_1_421' title='bbox 2392 2904 2492 2975; x_wconf 75' lang='grc' dir='ltr'><strong>μὲν</strong></span> <span class='ocrx_word' id='word_1_422' title='bbox 2514 2902 2564 2956; x_wconf 87' lang='grc' dir='ltr'><strong>τί</strong></span> <span class='ocrx_word' id='word_1_423' title='bbox 2585 2902 2669 2957; x_wconf 81' lang='grc' dir='ltr'><strong>δεῖ</strong></span> <span class='ocrx_word' id='word_1_424' title='bbox 2698 2903 2911 2966; x_wconf 82' lang='grc' dir='ltr'>είπεῖν;</span> <span class='ocrx_word' id='word_1_425' title='bbox 2942 2901 2996 2954; x_wconf 85' lang='grc' dir='ltr'><strong>τι</strong></span> <span class='ocrx_word' id='word_1_426' title='bbox 3018 2901 3075 2956; x_wconf 83' lang='grc' dir='ltr'>δὲ</span> <span class='ocrx_word' id='word_1_427' title='bbox 3105 2900 3336 2972; x_wconf 77' lang='grc' dir='ltr'>πρᾶξαι,</span> <span class='ocrx_word' id='word_1_428' title='bbox 3366 2900 3400 2970; x_wconf 80' lang='grc' dir='ltr'>ἢ</span> <span class='ocrx_word' id='word_1_429' title='bbox 3427 2898 3822 2970; x_wconf 79' lang='grc' dir='ltr'>βουλεύσασθαι</span> 
     </span>
    </p>
   </div>
   <div class='ocr_carea' id='block_1_57' title="bbox 555 2984 2140 3066">
    <p class='ocr_par' dir='ltr' id='par_1_57' title="bbox 555 2984 2140 3054">
     <span class='ocr_line' id='line_1_57' title="bbox 555 2984 2140 3054; baseline -0.009 0"><span class='ocrx_word' id='word_1_430' title='bbox 555 3000 627 3054; x_wconf 92' lang='lat' dir='ltr'><strong>tis</strong></span> <span class='ocrx_word' id='word_1_431' title='bbox 676 2996 982 3052; x_wconf 85' lang='lat' dir='ltr'><strong>mercedem</strong></span> <span class='ocrx_word' id='word_1_432' title='bbox 1034 2994 1281 3049; x_wconf 84' lang='lat' dir='ltr'><strong>referens</strong></span> <span class='ocrx_word' id='word_1_433' title='bbox 1326 2989 1704 3045; x_wconf 88' lang='lat' dir='ltr'><strong>remissionem</strong></span> <span class='ocrx_word' id='word_1_434' title='bbox 1752 2986 1974 3049; x_wconf 89' lang='lat' dir='ltr'><strong>mortis,</strong></span> <span class='ocrx_word' id='word_1_435' title='bbox 2007 2984 2140 3039; x_wconf 89' lang='lat' dir='ltr'><strong>alias</strong></span> 
     </span>
    </p>
   </div>
   <div class='ocr_carea' id='block_1_58' title="bbox 2243 2984 3825 3066">
    <p class='ocr_par' dir='ltr' id='par_1_58' title="bbox 2243 2991 3825 3066">
     <span class='ocr_line' id='line_1_58' title="bbox 2243 2991 3825 3066; baseline -0.001 -18"><span class='ocrx_word' id='word_1_436' title='bbox 2243 2995 2372 3066; x_wconf 74' lang='grc' dir='ltr'>περὶ</span> <span class='ocrx_word' id='word_1_437' title='bbox 2406 2993 2498 3047; x_wconf 83' lang='grc' dir='ltr'>σοῦ</span> <span class='ocrx_word' id='word_1_438' title='bbox 2532 2992 2917 3064; x_wconf 85' lang='grc' dir='ltr'>δυνησόμεθα;</span> <span class='ocrx_word' id='word_1_439' title='bbox 2949 2991 3106 3047; x_wconf 79' lang='grc' dir='ltr'>ἄπιθι</span> <span class='ocrx_word' id='word_1_440' title='bbox 3150 2994 3208 3046; x_wconf 80' lang='grc' dir='ltr'>ὲν</span> <span class='ocrx_word' id='word_1_441' title='bbox 3251 2992 3468 3065; x_wconf 72' lang='grc' dir='ltr'>εἰρήνῃ,</span> <span class='ocrx_word' id='word_1_442' title='bbox 3503 2991 3702 3063; x_wconf 79' lang='grc' dir='ltr'>μισθὸν</span> <span class='ocrx_word' id='word_1_443' title='bbox 3731 2993 3825 3060; x_wconf 74' lang='grc' dir='ltr'>τῆς</span> 
     </span>
    </p>
   </div>
   <div class='ocr_carea' id='block_1_59' title="bbox 557 3074 2140 3157">
    <p class='ocr_par' dir='ltr' id='par_1_59' title="bbox 557 3074 2140 3154">
     <span class='ocr_line' id='line_1_59' title="bbox 557 3074 2140 3154; baseline -0.011 -9"><span class='ocrx_word' id='word_1_444' title='bbox 557 3091 657 3145; x_wconf 87' lang='lat' dir='ltr'><strong>tibi</strong></span> <span class='ocrx_word' id='word_1_445' title='bbox 685 3106 711 3145; x_wconf 91' lang='lat' dir='ltr'><strong>a</strong></span> <span class='ocrx_word' id='word_1_446' title='bbox 744 3087 901 3143; x_wconf 90' lang='lat' dir='ltr'><strong>nobis</strong></span> <span class='ocrx_word' id='word_1_447' title='bbox 943 3085 1244 3141; x_wconf 82' lang='lat' dir='ltr'><strong>inferendae</strong></span> <span class='ocrx_word' id='word_1_448' title='bbox 1276 3097 1493 3154; x_wconf 89' lang='lat' dir='ltr'><strong>:neque</strong></span> <span class='ocrx_word' id='word_1_449' title='bbox 1526 3081 1671 3137; x_wconf 88' lang='lat' dir='ltr'><strong>enim</strong></span> <span class='ocrx_word' id='word_1_450' title='bbox 1705 3078 1941 3151; x_wconf 82' lang='lat' dir='ltr'><strong>gladium</strong></span> <span class='ocrx_word' id='word_1_451' title='bbox 1972 3074 2140 3130; x_wconf 88' lang='lat' dir='ltr'><strong>aude-</strong></span> 
     </span>
    </p>
   </div>
   <div class='ocr_carea' id='block_1_60' title="bbox 2243 3074 3825 3157">
    <p class='ocr_par' dir='ltr' id='par_1_60' title="bbox 2243 3083 3825 3157">
     <span class='ocr_line' id='line_1_60' title="bbox 2243 3083 3825 3157; baseline -0.003 -17"><span class='ocrx_word' id='word_1_452' title='bbox 2243 3086 2420 3155; x_wconf 86' lang='grc' dir='ltr'>ξενίας</span> <span class='ocrx_word' id='word_1_453' title='bbox 2463 3084 2645 3140; x_wconf 87' lang='grc' dir='ltr'>λαϐὼν</span> <span class='ocrx_word' id='word_1_454' title='bbox 2675 3085 2770 3139; x_wconf 80' lang='grc' dir='ltr'>τοῦ</span> <span class='ocrx_word' id='word_1_455' title='bbox 2810 3085 2944 3157; x_wconf 85' lang='grc' dir='ltr'>παρ’</span> <span class='ocrx_word' id='word_1_456' title='bbox 2976 3084 3135 3157; x_wconf 82' lang='grc' dir='ltr'>ἡμῶν</span> <span class='ocrx_word' id='word_1_457' title='bbox 3174 3083 3413 3138; x_wconf 79' lang='grc' dir='ltr'>θανάτου</span> <span class='ocrx_word' id='word_1_458' title='bbox 3449 3084 3553 3155; x_wconf 78' lang='grc' dir='ltr'>τὴν</span> <span class='ocrx_word' id='word_1_459' title='bbox 3596 3084 3825 3154; x_wconf 62' lang='grc' dir='ltr'>ἄφεσιν</span> 
     </span>
    </p>
   </div>
   <div class='ocr_carea' id='block_1_61' title="bbox 555 3170 2140 3267">
    <p class='ocr_par' dir='ltr' id='par_1_61' title="bbox 555 3170 2139 3241">
     <span class='ocr_line' id='line_1_61' title="bbox 555 3170 2139 3241; baseline -0.011 -3"><span class='ocrx_word' id='word_1_460' title='bbox 555 3199 680 3239; x_wconf 88' lang='lat' dir='ltr'><strong>mus</strong></span> <span class='ocrx_word' id='word_1_461' title='bbox 705 3191 896 3238; x_wconf 84' lang='lat' dir='ltr'><strong>contra</strong></span> <span class='ocrx_word' id='word_1_462' title='bbox 934 3191 988 3237; x_wconf 90' lang='lat' dir='ltr'><strong>te</strong></span> <span class='ocrx_word' id='word_1_463' title='bbox 1019 3179 1286 3241; x_wconf 87' lang='lat' dir='ltr'><strong>attollere,</strong></span> <span class='ocrx_word' id='word_1_464' title='bbox 1326 3173 1546 3232; x_wconf 85' lang='lat' dir='ltr'><strong>reveriti</strong></span> <span class='ocrx_word' id='word_1_465' title='bbox 1591 3172 1779 3235; x_wconf 88' lang='lat' dir='ltr'><strong>salem,</strong></span> <span class='ocrx_word' id='word_1_466' title='bbox 1807 3170 2139 3225; x_wconf 83' lang='lat' dir='ltr'><strong>erubescen-</strong></span> 
     </span>
    </p>
   </div>
   <div class='ocr_carea' id='block_1_62' title="bbox 2243 3170 3826 3267">
    <p class='ocr_par' dir='ltr' id='par_1_62' title="bbox 2243 3175 3826 3252">
     <span class='ocr_line' id='line_1_62' title="bbox 2243 3175 3826 3252; baseline -0.003 -20"><span class='ocrx_word' id='word_1_467' title='bbox 2243 3181 2403 3252; x_wconf 70' lang='grc' dir='ltr'>ἡμεῖς</span> <span class='ocrx_word' id='word_1_468' title='bbox 2434 3179 2547 3250; x_wconf 80' lang='grc' dir='ltr'>γὰρ</span> <span class='ocrx_word' id='word_1_469' title='bbox 2584 3177 2853 3231; x_wconf 69' lang='grc' dir='ltr'>ἐπιθεῖναί</span> <span class='ocrx_word' id='word_1_470' title='bbox 2885 3194 2969 3231; x_wconf 85' lang='grc' dir='ltr'><strong>σοι</strong></span> <span class='ocrx_word' id='word_1_471' title='bbox 2996 3178 3057 3231; x_wconf 74' lang='grc' dir='ltr'>τὸ</span> <span class='ocrx_word' id='word_1_472' title='bbox 3087 3176 3241 3246; x_wconf 81' lang='grc' dir='ltr'>ξίφος</span> <span class='ocrx_word' id='word_1_473' title='bbox 3266 3176 3329 3231; x_wconf 83' lang='grc' dir='ltr'><strong>ού</strong></span> <span class='ocrx_word' id='word_1_474' title='bbox 3353 3175 3675 3247; x_wconf 59' lang='grc' dir='ltr'>τολμῶμεν.</span> <span class='ocrx_word' id='word_1_475' title='bbox 3702 3192 3826 3246; x_wconf 87' lang='grc' dir='ltr'>ναρ-</span> 
     </span>
    </p>
   </div>
   <div class='ocr_carea' id='block_1_63' title="bbox 558 3261 2136 3338">
    <p class='ocr_par' dir='ltr' id='par_1_63' title="bbox 558 3261 2136 3338">
     <span class='ocr_line' id='line_1_63' title="bbox 558 3261 2136 3338; baseline -0.01 -8"><span class='ocrx_word' id='word_1_476' title='bbox 558 3284 640 3331; x_wconf 90' lang='lat' dir='ltr'><strong>tes</strong></span> <span class='ocrx_word' id='word_1_477' title='bbox 671 3289 948 3338; x_wconf 88' lang='lat' dir='ltr'><strong>mensam,</strong></span> <span class='ocrx_word' id='word_1_478' title='bbox 980 3270 1336 3326; x_wconf 85' lang='lat' dir='ltr'><strong>formidantes</strong></span> <span class='ocrx_word' id='word_1_479' title='bbox 1370 3268 1536 3322; x_wconf 90' lang='lat' dir='ltr'><strong>Deum</strong></span> <span class='ocrx_word' id='word_1_480' title='bbox 1569 3262 1955 3335; x_wconf 87' lang='lat' dir='ltr'><strong>hospitalitatis</strong></span> <span class='ocrx_word' id='word_1_481' title='bbox 1987 3261 2136 3315; x_wconf 85' lang='lat' dir='ltr'><strong>arbi-</strong></span> 
     </span>
    </p>
   </div>
   <div class='ocr_carea' id='block_1_64' title="bbox 558 3352 2139 3433">
    <p class='ocr_par' dir='ltr' id='par_1_64' title="bbox 558 3352 2139 3433">
     <span class='ocr_line' id='line_1_64' title="bbox 558 3352 2139 3433; baseline -0.008 -12"><span class='ocrx_word' id='word_1_482' title='bbox 558 3376 703 3421; x_wconf 86' lang='lat' dir='ltr'><strong>trum</strong></span> <span class='ocrx_word' id='word_1_483' title='bbox 735 3382 748 3418; x_wconf 88' lang='lat'><strong>:</strong></span> <span class='ocrx_word' id='word_1_484' title='bbox 777 3362 998 3433; x_wconf 82' lang='lat' dir='ltr'><strong>expedit</strong></span> <span class='ocrx_word' id='word_1_485' title='bbox 1025 3361 1183 3416; x_wconf 91' lang='lat' dir='ltr'><strong>nobis</strong></span> <span class='ocrx_word' id='word_1_486' title='bbox 1221 3376 1250 3414; x_wconf 92' lang='lat' dir='ltr'><strong>a</strong></span> <span class='ocrx_word' id='word_1_487' title='bbox 1286 3358 1458 3415; x_wconf 86' lang='lat' dir='ltr'><strong>Pilato</strong></span> <span class='ocrx_word' id='word_1_488' title='bbox 1486 3356 1781 3413; x_wconf 86' lang='lat' dir='ltr'><strong>discrimen</strong></span> <span class='ocrx_word' id='word_1_489' title='bbox 1816 3354 1926 3426; x_wconf 91' lang='lat' dir='ltr'><strong>pati</strong></span> <span class='ocrx_word' id='word_1_490' title='bbox 1957 3352 2139 3425; x_wconf 89' lang='lat' dir='ltr'><strong>potius</strong></span> 
     </span>
    </p>
   </div>
   <div class='ocr_carea' id='block_1_65' title="bbox 557 3448 2141 3529">
    <p class='ocr_par' dir='ltr' id='par_1_65' title="bbox 557 3448 2141 3529">
     <span class='ocr_line' id='line_1_65' title="bbox 557 3448 2141 3529; baseline -0.006 -18"><span class='ocrx_word' id='word_1_491' title='bbox 557 3472 719 3529; x_wconf 89' lang='lat' dir='ltr'><strong>quam</strong></span> <span class='ocrx_word' id='word_1_492' title='bbox 751 3454 978 3526; x_wconf 84' lang='lat' dir='ltr'><strong>Longini</strong></span> <span class='ocrx_word' id='word_1_493' title='bbox 1015 3462 1178 3524; x_wconf 89' lang='lat' dir='ltr'><strong>caput</strong></span> <span class='ocrx_word' id='word_1_494' title='bbox 1203 3451 1543 3507; x_wconf 89' lang='lat' dir='ltr'><strong>abscindere.</strong></span> <span class='ocrx_word' id='word_1_495' title='bbox 1572 3448 1857 3517; x_wconf 86' lang='lat' dir='ltr'><strong>Quomodo</strong></span> <span class='ocrx_word' id='word_1_496' title='bbox 1885 3463 2017 3504; x_wconf 90' lang='lat' dir='ltr'><strong>vero</strong></span> <span class='ocrx_word' id='word_1_497' title='bbox 2042 3462 2141 3518; x_wconf 89' lang='lat' dir='ltr'><strong>per</strong></span> 
     </span>
    </p>
   </div>
   <div class='ocr_carea' id='block_1_66' title="bbox 559 3540 2140 3605">
    <p class='ocr_par' dir='ltr' id='par_1_66' title="bbox 559 3540 2140 3605">
     <span class='ocr_line' id='line_1_66' title="bbox 559 3540 2140 3605; baseline -0.006 -3"><span class='ocrx_word' id='word_1_498' title='bbox 559 3562 777 3602; x_wconf 85' lang='lat' dir='ltr'><strong>onmem</strong></span> <span class='ocrx_word' id='word_1_499' title='bbox 809 3546 973 3601; x_wconf 79' lang='lat' dir='ltr'><strong>vitam</strong></span> <span class='ocrx_word' id='word_1_500' title='bbox 1005 3545 1307 3599; x_wconf 88' lang='lat' dir='ltr'><strong>tabesceret</strong></span> <span class='ocrx_word' id='word_1_501' title='bbox 1339 3540 1696 3605; x_wconf 87' lang='lat' dir='ltr'><strong>conscientia,</strong></span> <span class='ocrx_word' id='word_1_502' title='bbox 1724 3548 1781 3594; x_wconf 89' lang='lat' dir='ltr'><strong>et</strong></span> <span class='ocrx_word' id='word_1_503' title='bbox 1808 3552 2140 3594; x_wconf 88' lang='lat' dir='ltr'><strong>convescen-</strong></span> 
     </span>
    </p>
   </div>
   <div class='ocr_carea' id='block_1_67' title="bbox 562 3628 2141 3702">
    <p class='ocr_par' dir='ltr' id='par_1_67' title="bbox 562 3628 2141 3702">
     <span class='ocr_line' id='line_1_67' title="bbox 562 3628 2141 3702; baseline -0.007 -9"><span class='ocrx_word' id='word_1_504' title='bbox 562 3649 645 3693; x_wconf 87' lang='lat' dir='ltr'><strong>tes</strong></span> <span class='ocrx_word' id='word_1_505' title='bbox 679 3636 863 3691; x_wconf 89' lang='lat' dir='ltr'><strong>videre</strong></span> <span class='ocrx_word' id='word_1_506' title='bbox 897 3634 1056 3689; x_wconf 90' lang='lat' dir='ltr'><strong>nobis</strong></span> <span class='ocrx_word' id='word_1_507' title='bbox 1087 3633 1399 3688; x_wconf 84' lang='lat' dir='ltr'><strong>videremur</strong></span> <span class='ocrx_word' id='word_1_508' title='bbox 1418 3630 1697 3702; x_wconf 82' lang='lat' dir='ltr'><strong>sanguinis</strong></span> <span class='ocrx_word' id='word_1_509' title='bbox 1723 3630 1911 3685; x_wconf 89' lang='lat' dir='ltr'><strong>avidos</strong></span> <span class='ocrx_word' id='word_1_510' title='bbox 1939 3628 2141 3682; x_wconf 68' lang='lat' dir='ltr'><strong>daemo-</strong></span> 
     </span>
    </p>
   </div>
   <div class='ocr_carea' id='block_1_68' title="bbox 564 3719 2142 3793">
    <p class='ocr_par' dir='ltr' id='par_1_68' title="bbox 564 3719 2142 3793">
     <span class='ocr_line' id='line_1_68' title="bbox 564 3719 2142 3793; baseline -0.006 -10"><span class='ocrx_word' id='word_1_511' title='bbox 564 3728 698 3783; x_wconf 90' lang='lat' dir='ltr'><strong>nes?</strong></span> <span class='ocrx_word' id='word_1_512' title='bbox 724 3726 1007 3793; x_wconf 85' lang='lat' dir='ltr'><strong>Quomodo</strong></span> <span class='ocrx_word' id='word_1_513' title='bbox 1046 3724 1140 3780; x_wconf 90' lang='lat' dir='ltr'><strong>tibi</strong></span> <span class='ocrx_word' id='word_1_514' title='bbox 1173 3738 1368 3778; x_wconf 88' lang='lat' dir='ltr'><strong>manus</strong></span> <span class='ocrx_word' id='word_1_515' title='bbox 1403 3737 1689 3793; x_wconf 84' lang='lat' dir='ltr'><strong>possemus</strong></span> <span class='ocrx_word' id='word_1_516' title='bbox 1735 3719 1994 3791; x_wconf 88' lang='lat' dir='ltr'><strong>injicere?</strong></span> <span class='ocrx_word' id='word_1_517' title='bbox 2026 3728 2142 3774; x_wconf 83' lang='lat' dir='ltr'><strong>tor-</strong></span> 
     </span>
    </p>
   </div>
   <div class='ocr_carea' id='block_1_69' title="bbox 562 3811 2143 3891">
    <p class='ocr_par' dir='ltr' id='par_1_69' title="bbox 562 3811 2143 3891">
     <span class='ocr_line' id='line_1_69' title="bbox 562 3811 2143 3891; baseline -0.006 -17"><span class='ocrx_word' id='word_1_518' title='bbox 562 3829 697 3891; x_wconf 87' lang='lat' dir='ltr'><strong>pent</strong></span> <span class='ocrx_word' id='word_1_519' title='bbox 748 3818 893 3874; x_wconf 90' lang='lat' dir='ltr'><strong>enim</strong></span> <span class='ocrx_word' id='word_1_520' title='bbox 941 3834 1053 3871; x_wconf 90' lang='lat' dir='ltr'><strong>non</strong></span> <span class='ocrx_word' id='word_1_521' title='bbox 1096 3817 1260 3871; x_wconf 92' lang='lat' dir='ltr'><strong>modo</strong></span> <span class='ocrx_word' id='word_1_522' title='bbox 1304 3816 1407 3870; x_wconf 76' lang='lat' dir='ltr'><strong>illa:</strong></span> <span class='ocrx_word' id='word_1_523' title='bbox 1448 3814 1638 3879; x_wconf 87' lang='lat' dir='ltr'><strong>nobis,</strong></span> <span class='ocrx_word' id='word_1_524' title='bbox 1676 3813 1772 3867; x_wconf 92' lang='lat' dir='ltr'><strong>sed</strong></span> <span class='ocrx_word' id='word_1_525' title='bbox 1806 3821 1861 3867; x_wconf 91' lang='lat' dir='ltr'><strong>et</strong></span> <span class='ocrx_word' id='word_1_526' title='bbox 1894 3811 2060 3882; x_wconf 86' lang='lat' dir='ltr'><strong>pedes</strong></span> <span class='ocrx_word' id='word_1_527' title='bbox 2088 3818 2143 3866; x_wconf 88' lang='lat' dir='ltr'><strong>et</strong></span> 
     </span>
    </p>
   </div>
   <div class='ocr_carea' id='block_1_70' title="bbox 563 3904 2144 3982">
    <p class='ocr_par' dir='ltr' id='par_1_70' title="bbox 563 3904 2144 3982">
     <span class='ocr_line' id='line_1_70' title="bbox 563 3904 2144 3982; baseline -0.004 -15"><span class='ocrx_word' id='word_1_528' title='bbox 563 3928 763 3982; x_wconf 88' lang='lat' dir='ltr'><strong>corpus</strong></span> <span class='ocrx_word' id='word_1_529' title='bbox 796 3912 1149 3981; x_wconf 86' lang='lat' dir='ltr'><strong>universum;</strong></span> <span class='ocrx_word' id='word_1_530' title='bbox 1180 3910 1265 3965; x_wconf 87' lang='lat' dir='ltr'><strong>vel</strong></span> <span class='ocrx_word' id='word_1_531' title='bbox 1295 3908 1661 3981; x_wconf 90' lang='lat' dir='ltr'><strong>cogitantibus</strong></span> <span class='ocrx_word' id='word_1_532' title='bbox 1682 3906 1943 3961; x_wconf 75' lang='lat' dir='ltr'><strong>duntaxat</strong></span> <span class='ocrx_word' id='word_1_533' title='bbox 1966 3904 2144 3960; x_wconf 83' lang='lat' dir='ltr'><strong>istius-</strong></span> 
     </span>
    </p>
   </div>
   <div class='ocr_carea' id='block_1_71' title="bbox 566 3997 2144 4072">
    <p class='ocr_par' dir='ltr' id='par_1_71' title="bbox 566 3997 2144 4072">
     <span class='ocr_line' id='line_1_71' title="bbox 566 3997 2144 4072; baseline -0.004 -13"><span class='ocrx_word' id='word_1_534' title='bbox 566 4005 713 4059; x_wconf 87' lang='lat' dir='ltr'><strong>modi</strong></span> <span class='ocrx_word' id='word_1_535' title='bbox 760 4002 1004 4066; x_wconf 85' lang='lat' dir='ltr'><strong>l’aciuus,</strong></span> <span class='ocrx_word' id='word_1_536' title='bbox 1036 4017 1145 4072; x_wconf 88' lang='lat' dir='ltr'><strong>quo</strong></span> <span class='ocrx_word' id='word_1_537' title='bbox 1186 3999 1550 4057; x_wconf 84' lang='lat' dir='ltr'><strong>benefactoris</strong></span> <span class='ocrx_word' id='word_1_538' title='bbox 1587 3998 1760 4055; x_wconf 88' lang='lat' dir='ltr'><strong>nostri</strong></span> <span class='ocrx_word' id='word_1_539' title='bbox 1804 3997 2144 4069; x_wconf 81' lang='lat' dir='ltr'><strong>hospitisquc</strong></span> 
     </span>
    </p>
   </div>
   <div class='ocr_carea' id='block_1_72' title="bbox 565 4094 1227 4151">
    <p class='ocr_par' dir='ltr' id='par_1_72' title="bbox 565 4094 1227 4151">
     <span class='ocr_line' id='line_1_72' title="bbox 565 4094 1227 4151; baseline -0.003 1"><span class='ocrx_word' id='word_1_540' title='bbox 565 4096 903 4151; x_wconf 78' lang='lat' dir='ltr'><strong>elﬁeeremur</strong></span> <span class='ocrx_word' id='word_1_541' title='bbox 936 4094 1227 4150; x_wconf 85' lang='lat' dir='ltr'><strong>occisores.</strong></span> 
     </span>
    </p>
   </div>
   <div class='ocr_carea' id='block_1_73' title="bbox 633 4184 2144 4257">
    <p class='ocr_par' dir='ltr' id='par_1_73' title="bbox 633 4184 2144 4257">
     <span class='ocr_line' id='line_1_73' title="bbox 633 4184 2144 4257; baseline -0.005 -12"><span class='ocrx_word' id='word_1_542' title='bbox 633 4188 688 4245; x_wconf 89' lang='lat'><strong>9.</strong></span> <span class='ocrx_word' id='word_1_543' title='bbox 729 4187 808 4243; x_wconf 86' lang='lat' dir='ltr'><strong>Ita</strong></span> <span class='ocrx_word' id='word_1_544' title='bbox 842 4186 1063 4257; x_wconf 91' lang='lat' dir='ltr'><strong>quidem</strong></span> <span class='ocrx_word' id='word_1_545' title='bbox 1099 4186 1189 4242; x_wconf 91' lang='lat' dir='ltr'><strong>isti</strong></span> <span class='ocrx_word' id='word_1_546' title='bbox 1231 4185 1298 4241; x_wconf 92' lang='lat' dir='ltr'><strong>ad</strong></span> <span class='ocrx_word' id='word_1_547' title='bbox 1342 4185 1405 4243; x_wconf 88' lang='lat' dir='ltr'><strong>B.</strong></span> <span class='ocrx_word' id='word_1_548' title='bbox 1438 4184 1745 4257; x_wconf 84' lang='lat' dir='ltr'><strong>Longinum</strong></span> <span class='ocrx_word' id='word_1_549' title='bbox 1777 4202 1790 4238; x_wconf 91' lang='lat'>:</span> <span class='ocrx_word' id='word_1_550' title='bbox 1819 4198 1931 4240; x_wconf 89' lang='lat' dir='ltr'><strong>non</strong></span> <span class='ocrx_word' id='word_1_551' title='bbox 1962 4193 2144 4239; x_wconf 88' lang='lat' dir='ltr'><strong>tamen</strong></span> 
     </span>
    </p>
   </div>
   <div class='ocr_carea' id='block_1_74' title="bbox 563 4276 2146 4354">
    <p class='ocr_par' dir='ltr' id='par_1_74' title="bbox 563 4276 2146 4354">
     <span class='ocr_line' id='line_1_74' title="bbox 563 4276 2146 4354; baseline -0.004 -16"><span class='ocrx_word' id='word_1_552' title='bbox 563 4281 893 4354; x_wconf 83' lang='lat' dir='ltr'><strong>persuadere</strong></span> <span class='ocrx_word' id='word_1_553' title='bbox 922 4288 1220 4351; x_wconf 90' lang='lat' dir='ltr'><strong>potuerunt</strong></span> <span class='ocrx_word' id='word_1_554' title='bbox 1255 4288 1510 4349; x_wconf 87' lang='lat' dir='ltr'><strong>prompto</strong></span> <span class='ocrx_word' id='word_1_555' title='bbox 1536 4288 1702 4349; x_wconf 86' lang='lat' dir='ltr'><strong>atque</strong></span> <span class='ocrx_word' id='word_1_556' title='bbox 1731 4276 1898 4333; x_wconf 91' lang='lat' dir='ltr'><strong>alacri</strong></span> <span class='ocrx_word' id='word_1_557' title='bbox 1928 4276 1997 4332; x_wconf 89' lang='lat' dir='ltr'><strong>ad</strong></span> <span class='ocrx_word' id='word_1_558' title='bbox 2025 4291 2146 4332; x_wconf 91' lang='lat' dir='ltr'><strong>cer-</strong></span> 
     </span>
    </p>
   </div>
   <div class='ocr_carea' id='block_1_75' title="bbox 565 4372 2146 4443">
    <p class='ocr_par' dir='ltr' id='par_1_75' title="bbox 565 4372 2146 4443">
     <span class='ocr_line' id='line_1_75' title="bbox 565 4372 2146 4443; baseline -0.003 -12"><span class='ocrx_word' id='word_1_559' title='bbox 565 4386 747 4431; x_wconf 76' lang='lat' dir='ltr'><strong>tamen</strong></span> <span class='ocrx_word' id='word_1_560' title='bbox 777 4373 1019 4440; x_wconf 63' lang='lat' dir='ltr'><strong>athletae,</strong></span> <span class='ocrx_word' id='word_1_561' title='bbox 1055 4382 1115 4428; x_wconf 91' lang='lat' dir='ltr'><strong>ut</strong></span> <span class='ocrx_word' id='word_1_562' title='bbox 1140 4374 1484 4428; x_wconf 89' lang='lat' dir='ltr'><strong>subeundum</strong></span> <span class='ocrx_word' id='word_1_563' title='bbox 1531 4388 1629 4443; x_wconf 88' lang='lat' dir='ltr'><strong>pro</strong></span> <span class='ocrx_word' id='word_1_564' title='bbox 1666 4372 1886 4428; x_wconf 83' lang='lat' dir='ltr'><strong>Christo</strong></span> <span class='ocrx_word' id='word_1_565' title='bbox 1911 4386 2146 4443; x_wconf 81' lang='lat' dir='ltr'><strong>agonem</strong></span> 
     </span>
    </p>
   </div>
   <div class='ocr_carea' id='block_1_76' title="bbox 564 4460 2143 4535">
    <p class='ocr_par' dir='ltr' id='par_1_76' title="bbox 564 4460 2143 4535">
     <span class='ocr_line' id='line_1_76' title="bbox 564 4460 2143 4535; baseline -0.004 -13"><span class='ocrx_word' id='word_1_566' title='bbox 564 4468 910 4530; x_wconf 87' lang='lat' dir='ltr'><strong>detrectaret,</strong></span> <span class='ocrx_word' id='word_1_567' title='bbox 939 4463 1033 4520; x_wconf 89' lang='lat' dir='ltr'><strong>sed</strong></span> <span class='ocrx_word' id='word_1_568' title='bbox 1062 4464 1243 4535; x_wconf 88' lang='lat' dir='ltr'><strong>potius</strong></span> <span class='ocrx_word' id='word_1_569' title='bbox 1273 4462 1462 4518; x_wconf 84' lang='lat' dir='ltr'><strong>ﬁdenti</strong></span> <span class='ocrx_word' id='word_1_570' title='bbox 1494 4462 1679 4518; x_wconf 89' lang='lat' dir='ltr'><strong>animo</strong></span> <span class='ocrx_word' id='word_1_571' title='bbox 1708 4461 2013 4533; x_wconf 86' lang='lat' dir='ltr'><strong>respondit,</strong></span> <span class='ocrx_word' id='word_1_572' title='bbox 2057 4460 2143 4517; x_wconf 87' lang='lat' dir='ltr'><strong>di-</strong></span> 
     </span>
    </p>
   </div>
   <div class='ocr_carea' id='block_1_77' title="bbox 2240 3266 3828 3343">
    <p class='ocr_par' dir='ltr' id='par_1_77' title="bbox 2240 3266 3828 3343">
     <span class='ocr_line' id='line_1_77' title="bbox 2240 3266 3828 3343; baseline -0.004 -18"><span class='ocrx_word' id='word_1_573' title='bbox 2240 3272 2427 3343; x_wconf 86' lang='grc' dir='ltr'>κῶμεν</span> <span class='ocrx_word' id='word_1_574' title='bbox 2454 3271 2580 3333; x_wconf 75' lang='grc' dir='ltr'>τοὺς</span> <span class='ocrx_word' id='word_1_575' title='bbox 2606 3270 2742 3333; x_wconf 75' lang='grc' dir='ltr'>ἃλας</span> <span class='ocrx_word' id='word_1_576' title='bbox 2759 3310 2774 3335; x_wconf 92' lang='grc'><strong>,</strong></span> <span class='ocrx_word' id='word_1_577' title='bbox 2807 3268 3153 3341; x_wconf 81' lang='grc' dir='ltr'>ὲρυθριῶμεν</span> <span class='ocrx_word' id='word_1_578' title='bbox 3178 3268 3281 3339; x_wconf 73' lang='grc' dir='ltr'>τὴν</span> <span class='ocrx_word' id='word_1_579' title='bbox 3313 3268 3636 3341; x_wconf 75' lang='grc' dir='ltr'>τράπεζαν,</span> <span class='ocrx_word' id='word_1_580' title='bbox 3662 3266 3828 3321; x_wconf 61' lang='grc' dir='ltr'>δεδοί-</span> 
     </span>
    </p>
   </div>
   <div class='ocr_carea' id='block_1_78' title="bbox 2240 3360 3825 3434">
    <p class='ocr_par' dir='ltr' id='par_1_78' title="bbox 2240 3360 3825 3434">
     <span class='ocr_line' id='line_1_78' title="bbox 2240 3360 3825 3434; baseline -0.004 -16"><span class='ocrx_word' id='word_1_581' title='bbox 2240 3380 2421 3431; x_wconf 86' lang='grc' dir='ltr'>καμεν</span> <span class='ocrx_word' id='word_1_582' title='bbox 2440 3364 2531 3416; x_wconf 81' lang='grc' dir='ltr'><strong>τὸν</strong></span> <span class='ocrx_word' id='word_1_583' title='bbox 2546 3362 2701 3428; x_wconf 78' lang='grc' dir='ltr'>Θεὸν,</span> <span class='ocrx_word' id='word_1_584' title='bbox 2721 3363 2815 3415; x_wconf 77' lang='grc' dir='ltr'>τὸν</span> <span class='ocrx_word' id='word_1_585' title='bbox 2830 3363 2928 3432; x_wconf 85' lang='grc' dir='ltr'>τῆς</span> <span class='ocrx_word' id='word_1_586' title='bbox 2951 3360 3130 3427; x_wconf 82' lang='grc' dir='ltr'>ξενίας</span> <span class='ocrx_word' id='word_1_587' title='bbox 3154 3360 3349 3434; x_wconf 73' lang='grc' dir='ltr'>ἔφορον</span> <span class='ocrx_word' id='word_1_588' title='bbox 3370 3377 3383 3389; x_wconf 76' lang='grc'><strong>⁸</strong></span> <span class='ocrx_word' id='word_1_589' title='bbox 3409 3361 3664 3431; x_wconf 70' lang='grc' dir='ltr'>κρεῖττον</span> <span class='ocrx_word' id='word_1_590' title='bbox 3686 3362 3825 3430; x_wconf 68' lang='grc' dir='ltr'>ἡμᾶς</span> 
     </span>
    </p>
   </div>
   <div class='ocr_carea' id='block_1_79' title="bbox 2242 3451 3828 3523">
    <p class='ocr_par' dir='ltr' id='par_1_79' title="bbox 2242 3451 3828 3523">
     <span class='ocr_line' id='line_1_79' title="bbox 2242 3451 3828 3523; baseline -0.003 -15"><span class='ocrx_word' id='word_1_591' title='bbox 2242 3452 2578 3509; x_wconf 82' lang='grc' dir='ltr'>κινδυνεύειν</span> <span class='ocrx_word' id='word_1_592' title='bbox 2611 3451 2768 3523; x_wconf 83' lang='grc' dir='ltr'>παρὰ</span> <span class='ocrx_word' id='word_1_593' title='bbox 2794 3452 3057 3518; x_wconf 84' lang='grc' dir='ltr'>Πιλάτου,</span> <span class='ocrx_word' id='word_1_594' title='bbox 3089 3452 3122 3523; x_wconf 77' lang='grc' dir='ltr'><strong>ἡ</strong></span> <span class='ocrx_word' id='word_1_595' title='bbox 3156 3451 3252 3523; x_wconf 79' lang='grc' dir='ltr'><strong>τὴν</strong></span> <span class='ocrx_word' id='word_1_596' title='bbox 3288 3452 3558 3522; x_wconf 83' lang='grc' dir='ltr'>Δογγίνου</span> <span class='ocrx_word' id='word_1_597' title='bbox 3592 3452 3828 3521; x_wconf 61' lang='grc' dir='ltr'>κεφαλὴν</span> 
     </span>
    </p>
   </div>
   <div class='ocr_carea' id='block_1_80' title="bbox 2240 3543 3827 3619">
    <p class='ocr_par' dir='ltr' id='par_1_80' title="bbox 2240 3543 3827 3619">
     <span class='ocr_line' id='line_1_80' title="bbox 2240 3543 3827 3619; baseline -0.005 -17"><span class='ocrx_word' id='word_1_598' title='bbox 2240 3545 2614 3619; x_wconf 76' lang='grc' dir='ltr'>ἀφαιρεῖσθαι.</span> <span class='ocrx_word' id='word_1_599' title='bbox 2650 3545 2777 3609; x_wconf 85' lang='grc' dir='ltr'><strong>Πῶς</strong></span> <span class='ocrx_word' id='word_1_600' title='bbox 2819 3544 2877 3599; x_wconf 82' lang='grc' dir='ltr'>δὲ</span> <span class='ocrx_word' id='word_1_601' title='bbox 2920 3545 3015 3599; x_wconf 77' lang='grc' dir='ltr'>καὶ</span> <span class='ocrx_word' id='word_1_602' title='bbox 3050 3544 3210 3615; x_wconf 83' lang='grc' dir='ltr'>ἡμῶν</span> <span class='ocrx_word' id='word_1_603' title='bbox 3248 3544 3342 3598; x_wconf 80' lang='grc' dir='ltr'><strong>τὸν</strong></span> <span class='ocrx_word' id='word_1_604' title='bbox 3384 3544 3570 3598; x_wconf 81' lang='grc' dir='ltr'>πάντα</span> <span class='ocrx_word' id='word_1_605' title='bbox 3612 3543 3728 3613; x_wconf 82' lang='grc' dir='ltr'>βίον</span> <span class='ocrx_word' id='word_1_606' title='bbox 3753 3544 3827 3613; x_wconf 76' lang='grc' dir='ltr'>τῷ</span> 
     </span>
    </p>
   </div>
   <div class='ocr_carea' id='block_1_81' title="bbox 2243 3638 3823 3714">
    <p class='ocr_par' dir='ltr' id='par_1_81' title="bbox 2243 3638 3823 3714">
     <span class='ocr_line' id='line_1_81' title="bbox 2243 3638 3823 3714; baseline -0.003 -17"><span class='ocrx_word' id='word_1_607' title='bbox 2243 3642 2503 3698; x_wconf 79' lang='grc' dir='ltr'>συνειδότι</span> <span class='ocrx_word' id='word_1_608' title='bbox 2539 3640 2826 3714; x_wconf 81' lang='grc' dir='ltr'>τήκεσθαι,</span> <span class='ocrx_word' id='word_1_609' title='bbox 2856 3639 2953 3694; x_wconf 80' lang='grc' dir='ltr'>καὶ</span> <span class='ocrx_word' id='word_1_610' title='bbox 2996 3638 3452 3703; x_wconf 77' lang='grc' dir='ltr'>συνδειπνοῦντας</span> <span class='ocrx_word' id='word_1_611' title='bbox 3492 3639 3633 3710; x_wconf 77' lang='grc' dir='ltr'>όρᾷν</span> <span class='ocrx_word' id='word_1_612' title='bbox 3655 3679 3672 3703; x_wconf 91' lang='grc'><strong>,</strong></span> <span class='ocrx_word' id='word_1_613' title='bbox 3707 3639 3823 3701; x_wconf 75' lang='grc' dir='ltr'>τοὺς</span> 
     </span>
    </p>
   </div>
   <div class='ocr_carea' id='block_1_82' title="bbox 2240 3730 3823 3807">
    <p class='ocr_par' dir='ltr' id='par_1_82' title="bbox 2240 3730 3823 3807">
     <span class='ocr_line' id='line_1_82' title="bbox 2240 3730 3823 3807; baseline -0.006 -17"><span class='ocrx_word' id='word_1_614' title='bbox 2240 3734 2566 3807; x_wconf 77' lang='grc' dir='ltr'>λεγομένους</span> <span class='ocrx_word' id='word_1_615' title='bbox 2611 3733 2935 3805; x_wconf 80' lang='grc' dir='ltr'>αἱμοχαρεῖς</span> <span class='ocrx_word' id='word_1_616' title='bbox 2979 3732 3273 3802; x_wconf 78' lang='grc' dir='ltr'>δαίμοναςς</span> <span class='ocrx_word' id='word_1_617' title='bbox 3312 3730 3440 3795; x_wconf 85' lang='grc' dir='ltr'><strong>Πῶς</strong></span> <span class='ocrx_word' id='word_1_618' title='bbox 3491 3732 3551 3785; x_wconf 72' lang='grc' dir='ltr'><strong>δέ</strong></span> <span class='ocrx_word' id='word_1_619' title='bbox 3602 3748 3687 3785; x_wconf 83' lang='grc' dir='ltr'><strong>σοι</strong></span> <span class='ocrx_word' id='word_1_620' title='bbox 3735 3730 3823 3783; x_wconf 84' lang='grc' dir='ltr'>καὶ</span> 
     </span>
    </p>
   </div>
   <div class='ocr_carea' id='block_1_83' title="bbox 2242 3821 3823 3898">
    <p class='ocr_par' dir='ltr' id='par_1_83' title="bbox 2242 3821 3823 3898">
     <span class='ocr_line' id='line_1_83' title="bbox 2242 3821 3823 3898; baseline -0.006 -14"><span class='ocrx_word' id='word_1_621' title='bbox 2242 3828 2630 3898; x_wconf 79' lang='grc' dir='ltr'>ὲπενέγκωμεν</span> <span class='ocrx_word' id='word_1_622' title='bbox 2668 3825 2769 3889; x_wconf 78' lang='grc' dir='ltr'>τὰς</span> <span class='ocrx_word' id='word_1_623' title='bbox 2805 3826 3026 3896; x_wconf 86' lang='grc' dir='ltr'>χεῖρας;</span> <span class='ocrx_word' id='word_1_624' title='bbox 3061 3821 3358 3895; x_wconf 84' lang='grc' dir='ltr'>Ναρκῶσιν</span> <span class='ocrx_word' id='word_1_625' title='bbox 3400 3823 3518 3893; x_wconf 82' lang='grc' dir='ltr'>γὰρ</span> <span class='ocrx_word' id='word_1_626' title='bbox 3567 3823 3724 3893; x_wconf 78' lang='grc' dir='ltr'>ἡμῶν</span> <span class='ocrx_word' id='word_1_627' title='bbox 3763 3822 3823 3875; x_wconf 76' lang='grc' dir='ltr'>οὗ</span> 
     </span>
    </p>
   </div>
   <div class='ocr_carea' id='block_1_84' title="bbox 2246 3913 3823 3992">
    <p class='ocr_par' dir='ltr' id='par_1_84' title="bbox 2246 3913 3823 3992">
     <span class='ocr_line' id='line_1_84' title="bbox 2246 3913 3823 3992; baseline -0.005 -19"><span class='ocrx_word' id='word_1_628' title='bbox 2246 3919 2406 3992; x_wconf 87' lang='grc' dir='ltr'>μόνον</span> <span class='ocrx_word' id='word_1_629' title='bbox 2439 3919 2496 3973; x_wconf 86' lang='grc' dir='ltr'><strong>αἱ</strong></span> <span class='ocrx_word' id='word_1_630' title='bbox 2532 3920 2733 3990; x_wconf 86' lang='grc' dir='ltr'>χεῖρες,</span> <span class='ocrx_word' id='word_1_631' title='bbox 2760 3916 2900 3972; x_wconf 77' lang='grc' dir='ltr'>ἀλλὰ</span> <span class='ocrx_word' id='word_1_632' title='bbox 2927 3916 3024 3970; x_wconf 71' lang='grc' dir='ltr'><strong>καὶ</strong></span> <span class='ocrx_word' id='word_1_633' title='bbox 3063 3917 3113 3970; x_wconf 84' lang='grc' dir='ltr'>οἱ</span> <span class='ocrx_word' id='word_1_634' title='bbox 3150 3915 3332 3981; x_wconf 85' lang='grc' dir='ltr'>πόδες,</span> <span class='ocrx_word' id='word_1_635' title='bbox 3357 3915 3453 3969; x_wconf 76' lang='grc' dir='ltr'>καὶ</span> <span class='ocrx_word' id='word_1_636' title='bbox 3490 3915 3643 3969; x_wconf 65' lang='grc' dir='ltr'>ἅπαν</span> <span class='ocrx_word' id='word_1_637' title='bbox 3678 3913 3823 3984; x_wconf 79' lang='grc' dir='ltr'>ἡμῶν</span> 
     </span>
    </p>
   </div>
   <div class='ocr_carea' id='block_1_85' title="bbox 2241 3994 3823 4082">
    <p class='ocr_par' dir='ltr' id='par_1_85' title="bbox 2241 3994 3823 4082">
     <span class='ocr_line' id='line_1_85' title="bbox 2241 3994 3823 4082; baseline -0.004 -16"><span class='ocrx_word' id='word_1_638' title='bbox 2241 4010 2304 4066; x_wconf 84' lang='grc' dir='ltr'><strong>τὸ</strong></span> <span class='ocrx_word' id='word_1_639' title='bbox 2349 4009 2532 4082; x_wconf 83' lang='grc' dir='ltr'>σῶμα,</span> <span class='ocrx_word' id='word_1_640' title='bbox 2576 4009 2673 4064; x_wconf 77' lang='grc' dir='ltr'><strong>ἐὰν</strong></span> <span class='ocrx_word' id='word_1_641' title='bbox 2711 4011 2871 4063; x_wconf 81' lang='grc' dir='ltr'>τοῦτο</span> <span class='ocrx_word' id='word_1_642' title='bbox 2916 4006 3251 4080; x_wconf 79' lang='grc' dir='ltr'>πράξωμεν,</span> <span class='ocrx_word' id='word_1_643' title='bbox 3300 4008 3395 4061; x_wconf 78' lang='grc' dir='ltr'><strong>ἐὰν</strong></span> <span class='ocrx_word' id='word_1_644' title='bbox 3438 4007 3701 4076; x_wconf 75' lang='grc' dir='ltr'>φονευταὶ</span> <span class='ocrx_word' id='word_1_645' title='bbox 3736 3994 3823 4059; x_wconf 80' lang='grc' dir='ltr'><strong>τοῦ</strong></span> 
     </span>
    </p>
   </div>
   <div class='ocr_carea' id='block_1_86' title="bbox 2244 4097 3308 4173">
    <p class='ocr_par' dir='ltr' id='par_1_86' title="bbox 2244 4097 3308 4173">
     <span class='ocr_line' id='line_1_86' title="bbox 2244 4097 3308 4173; baseline -0.002 -20"><span class='ocrx_word' id='word_1_646' title='bbox 2244 4099 2537 4173; x_wconf 76' lang='grc' dir='ltr'>εὐεργέτου</span> <span class='ocrx_word' id='word_1_647' title='bbox 2566 4100 2658 4154; x_wconf 78' lang='grc' dir='ltr'><strong>καὶ</strong></span> <span class='ocrx_word' id='word_1_648' title='bbox 2690 4097 2968 4171; x_wconf 81' lang='grc' dir='ltr'>ξενοδόχου</span> <span class='ocrx_word' id='word_1_649' title='bbox 2998 4098 3308 4170; x_wconf 83' lang='grc' dir='ltr'>γενώμεθα.</span> 
     </span>
    </p>
   </div>
   <div class='ocr_carea' id='block_1_87' title="bbox 2314 4190 3823 4264">
    <p class='ocr_par' dir='ltr' id='par_1_87' title="bbox 2314 4190 3823 4264">
     <span class='ocr_line' id='line_1_87' title="bbox 2314 4190 3823 4264; baseline -0.001 -19"><span class='ocrx_word' id='word_1_650' title='bbox 2314 4192 2380 4247; x_wconf 85' lang='grc' dir='ltr'><strong>θ’.</strong></span> <span class='ocrx_word' id='word_1_651' title='bbox 2422 4190 2611 4248; x_wconf 80' lang='grc' dir='ltr'>Ταῦτα</span> <span class='ocrx_word' id='word_1_652' title='bbox 2662 4192 2761 4264; x_wconf 84' lang='grc' dir='ltr'><strong>μὲν</strong></span> <span class='ocrx_word' id='word_1_653' title='bbox 2785 4192 2943 4245; x_wconf 74' lang='grc' dir='ltr'>αὐτοὶ</span> <span class='ocrx_word' id='word_1_654' title='bbox 2971 4190 3111 4261; x_wconf 82' lang='grc' dir='ltr'>πρὸς</span> <span class='ocrx_word' id='word_1_655' title='bbox 3138 4190 3232 4244; x_wconf 80' lang='grc' dir='ltr'><strong>τὸν</strong></span> <span class='ocrx_word' id='word_1_656' title='bbox 3260 4190 3537 4262; x_wconf 78' lang='grc' dir='ltr'>μακάριον</span> <span class='ocrx_word' id='word_1_657' title='bbox 3569 4191 3823 4259; x_wconf 79' lang='grc' dir='ltr'>Λογγῖνον</span> 
     </span>
    </p>
   </div>
   <div class='ocr_carea' id='block_1_88' title="bbox 2243 4282 3823 4357">
    <p class='ocr_par' dir='ltr' id='par_1_88' title="bbox 2243 4282 3823 4357">
     <span class='ocr_line' id='line_1_88' title="bbox 2243 4282 3823 4357; baseline -0.003 -17"><span class='ocrx_word' id='word_1_658' title='bbox 2243 4285 2461 4355; x_wconf 58' lang='grc' dir='ltr'>ελεγον</span> <span class='ocrx_word' id='word_1_659' title='bbox 2497 4286 2560 4339; x_wconf 84' lang='grc' dir='ltr'><strong>οὐ</strong></span> <span class='ocrx_word' id='word_1_660' title='bbox 2598 4285 2707 4357; x_wconf 77' lang='grc' dir='ltr'><strong>μὴν</strong></span> <span class='ocrx_word' id='word_1_661' title='bbox 2743 4284 2802 4338; x_wconf 81' lang='grc' dir='ltr'>δὲ</span> <span class='ocrx_word' id='word_1_662' title='bbox 2832 4284 3055 4338; x_wconf 69' lang='grc' dir='ltr'>ἔπειθον</span> <span class='ocrx_word' id='word_1_663' title='bbox 3086 4283 3177 4337; x_wconf 76' lang='grc' dir='ltr'><strong>τὸν</strong></span> <span class='ocrx_word' id='word_1_664' title='bbox 3216 4282 3501 4356; x_wconf 79' lang='grc' dir='ltr'>πρόθυμον</span> <span class='ocrx_word' id='word_1_665' title='bbox 3528 4283 3630 4338; x_wconf 75' lang='grc' dir='ltr'><strong>καὶ</strong></span> <span class='ocrx_word' id='word_1_666' title='bbox 3669 4282 3823 4353; x_wconf 49' lang='lat' dir='ltr'><strong>swin-</strong></span> 
     </span>
    </p>
   </div>
   <div class='ocr_carea' id='block_1_89' title="bbox 2245 4374 3822 4450">
    <p class='ocr_par' dir='ltr' id='par_1_89' title="bbox 2245 4374 3822 4450">
     <span class='ocr_line' id='line_1_89' title="bbox 2245 4374 3822 4450; baseline -0.003 -19"><span class='ocrx_word' id='word_1_667' title='bbox 2245 4395 2341 4450; x_wconf 85' lang='grc' dir='ltr'><strong>χον</strong></span> <span class='ocrx_word' id='word_1_668' title='bbox 2372 4376 2613 4449; x_wconf 75' lang='grc' dir='ltr'>ἀθλητὴν</span> <span class='ocrx_word' id='word_1_669' title='bbox 2641 4378 2735 4431; x_wconf 83' lang='grc' dir='ltr'>τὸν</span> <span class='ocrx_word' id='word_1_670' title='bbox 2763 4376 2951 4445; x_wconf 85' lang='grc' dir='ltr'>ἀγῶνα</span> <span class='ocrx_word' id='word_1_671' title='bbox 2981 4376 3124 4449; x_wconf 83' lang='grc' dir='ltr'>ὑπὲρ</span> <span class='ocrx_word' id='word_1_672' title='bbox 3157 4374 3256 4429; x_wconf 81' lang='grc' dir='ltr'><strong>τοῦ</strong></span> <span class='ocrx_word' id='word_1_673' title='bbox 3286 4374 3501 4446; x_wconf 84' lang='grc' dir='ltr'>Κυρίου</span> <span class='ocrx_word' id='word_1_674' title='bbox 3526 4376 3626 4430; x_wconf 81' lang='grc' dir='ltr'>καὶ</span> <span class='ocrx_word' id='word_1_675' title='bbox 3652 4375 3822 4446; x_wconf 78' lang='grc' dir='ltr'>Σωτῆ-</span> 
     </span>
    </p>
   </div>
   <div class='ocr_carea' id='block_1_90' title="bbox 2250 4467 3825 4544">
    <p class='ocr_par' dir='ltr' id='par_1_90' title="bbox 2250 4467 3825 4544">
     <span class='ocr_line' id='line_1_90' title="bbox 2250 4467 3825 4544; baseline 0 -20"><span class='ocrx_word' id='word_1_676' title='bbox 2250 4487 2340 4544; x_wconf 88' lang='grc' dir='ltr'><strong>ρος</strong></span> <span class='ocrx_word' id='word_1_677' title='bbox 2367 4469 2543 4541; x_wconf 76' lang='grc' dir='ltr'><strong>Ἰηαοῦ</strong></span> <span class='ocrx_word' id='word_1_678' title='bbox 2565 4468 2802 4542; x_wconf 79' lang='grc' dir='ltr'>Χριστοῦ</span> <span class='ocrx_word' id='word_1_679' title='bbox 2822 4468 3293 4541; x_wconf 80' lang='grc' dir='ltr'>παραιτήσασθαι,</span> <span class='ocrx_word' id='word_1_680' title='bbox 3315 4467 3452 4523; x_wconf 72' lang='grc' dir='ltr'>ἀλλὰ</span> <span class='ocrx_word' id='word_1_681' title='bbox 3478 4467 3618 4539; x_wconf 78' lang='grc' dir='ltr'>πρὸς</span> <span class='ocrx_word' id='word_1_682' title='bbox 3639 4469 3825 4533; x_wconf 70' lang='grc' dir='ltr'>αὐτοὺς</span> 
     </span>
    </p>
   </div>
   <div class='ocr_carea' id='block_1_91' title="bbox 564 4554 2140 4637">
    <p class='ocr_par' dir='ltr' id='par_1_91' title="bbox 564 4554 2140 4627">
     <span class='ocr_line' id='line_1_91' title="bbox 564 4554 2140 4627; baseline -0.002 -14"><span class='ocrx_word' id='word_1_683' title='bbox 564 4574 696 4614; x_wconf 89' lang='lat' dir='ltr'><strong>cens</strong></span> <span class='ocrx_word' id='word_1_684' title='bbox 730 4576 742 4612; x_wconf 89' lang='lat'>:</span> <span class='ocrx_word' id='word_1_685' title='bbox 779 4557 859 4612; x_wconf 85' lang='lat' dir='ltr'><strong>Ne</strong></span> <span class='ocrx_word' id='word_1_686' title='bbox 906 4573 992 4612; x_wconf 90' lang='lat' dir='ltr'><strong>me</strong></span> <span class='ocrx_word' id='word_1_687' title='bbox 1040 4556 1375 4627; x_wconf 88' lang='lat' dir='ltr'><strong>proditorem</strong></span> <span class='ocrx_word' id='word_1_688' title='bbox 1403 4554 1528 4610; x_wconf 74' lang='lat' dir='ltr'><strong>vitae</strong></span> <span class='ocrx_word' id='word_1_689' title='bbox 1559 4554 1738 4611; x_wconf 82' lang='lat' dir='ltr'><strong>velitis</strong></span> <span class='ocrx_word' id='word_1_690' title='bbox 1767 4554 2048 4626; x_wconf 86' lang='lat' dir='ltr'><strong>aspicere,</strong></span> <span class='ocrx_word' id='word_1_691' title='bbox 2079 4563 2140 4610; x_wconf 89' lang='lat' dir='ltr'><strong>ut</strong></span> 
     </span>
    </p>
   </div>
   <div class='ocr_carea' id='block_1_92' title="bbox 2243 4554 3823 4637">
    <p class='ocr_par' dir='ltr' id='par_1_92' title="bbox 2243 4561 3823 4637">
     <span class='ocr_line' id='line_1_92' title="bbox 2243 4561 3823 4637; baseline -0.002 -18"><span class='ocrx_word' id='word_1_692' title='bbox 2243 4563 2524 4637; x_wconf 75' lang='grc' dir='ltr'>εὐθαρσῶς</span> <span class='ocrx_word' id='word_1_693' title='bbox 2541 4564 2929 4635; x_wconf 74' lang='grc' dir='ltr'>ἀποκρίνεται,</span> <span class='ocrx_word' id='word_1_694' title='bbox 2954 4564 3047 4636; x_wconf 86' lang='grc' dir='ltr'><strong>Μή</strong></span> <span class='ocrx_word' id='word_1_695' title='bbox 3089 4580 3159 4635; x_wconf 84' lang='grc' dir='ltr'><strong>με</strong></span> <span class='ocrx_word' id='word_1_696' title='bbox 3195 4563 3301 4635; x_wconf 89' lang='grc'><strong>(6),</strong></span> <span class='ocrx_word' id='word_1_697' title='bbox 3326 4561 3527 4633; x_wconf 81' lang='grc' dir='ltr'>λέγων,</span> <span class='ocrx_word' id='word_1_698' title='bbox 3565 4564 3823 4636; x_wconf 79' lang='grc' dir='ltr'>προδότην</span> 
     </span>
    </p>
   </div>
   <div class='ocr_carea' id='block_1_93' title="bbox 564 4644 2149 4718">
    <p class='ocr_par' dir='ltr' id='par_1_93' title="bbox 564 4644 2149 4718">
     <span class='ocr_line' id='line_1_93' title="bbox 564 4644 2149 4718; baseline -0.002 -13"><span class='ocrx_word' id='word_1_699' title='bbox 564 4649 748 4705; x_wconf 75' lang='lat' dir='ltr'><strong>datam</strong></span> <span class='ocrx_word' id='word_1_700' title='bbox 786 4648 925 4703; x_wconf 91' lang='lat' dir='ltr'><strong>mihi</strong></span> <span class='ocrx_word' id='word_1_701' title='bbox 981 4647 1212 4718; x_wconf 87' lang='lat' dir='ltr'><strong>gratiam</strong></span> <span class='ocrx_word' id='word_1_702' title='bbox 1242 4646 1386 4701; x_wconf 87' lang='lat' dir='ltr'><strong>ultro</strong></span> <span class='ocrx_word' id='word_1_703' title='bbox 1418 4646 1605 4702; x_wconf 85' lang='lat' dir='ltr'><strong>videar</strong></span> <span class='ocrx_word' id='word_1_704' title='bbox 1635 4646 1924 4702; x_wconf 76' lang='lat' dir='ltr'><strong>adduxisse</strong></span> <span class='ocrx_word' id='word_1_705' title='bbox 1952 4644 2011 4701; x_wconf 78' lang='lat' dir='ltr'><strong>in</strong></span> <span class='ocrx_word' id='word_1_706' title='bbox 2038 4645 2149 4702; x_wconf 87' lang='lat' dir='ltr'><strong>dis-</strong></span> 
     </span>
    </p>
   </div>
   <div class='ocr_carea' id='block_1_94' title="bbox 564 4736 2148 4810">
    <p class='ocr_par' dir='ltr' id='par_1_94' title="bbox 564 4736 2148 4810">
     <span class='ocr_line' id='line_1_94' title="bbox 564 4736 2148 4810; baseline -0.002 -14"><span class='ocrx_word' id='word_1_707' title='bbox 564 4741 775 4796; x_wconf 89' lang='lat' dir='ltr'><strong>crimen</strong></span> <span class='ocrx_word' id='word_1_708' title='bbox 807 4758 820 4795; x_wconf 88' lang='lat'><strong>:</strong></span> <span class='ocrx_word' id='word_1_709' title='bbox 853 4754 963 4793; x_wconf 90' lang='lat' dir='ltr'><strong>non</strong></span> <span class='ocrx_word' id='word_1_710' title='bbox 1002 4756 1103 4810; x_wconf 88' lang='lat' dir='ltr'><strong>ego</strong></span> <span class='ocrx_word' id='word_1_711' title='bbox 1146 4754 1403 4795; x_wconf 87' lang='lat' dir='ltr'><strong>secernar</strong></span> <span class='ocrx_word' id='word_1_712' title='bbox 1463 4738 1532 4793; x_wconf 93' lang='lat' dir='ltr'><strong>ab</strong></span> <span class='ocrx_word' id='word_1_713' title='bbox 1566 4738 1762 4793; x_wconf 89' lang='lat' dir='ltr'><strong>ovibus</strong></span> <span class='ocrx_word' id='word_1_714' title='bbox 1808 4738 1972 4808; x_wconf 83' lang='lat' dir='ltr'><strong>lupus</strong></span> <span class='ocrx_word' id='word_1_715' title='bbox 2011 4736 2148 4793; x_wconf 74' lang='lat' dir='ltr'><strong>eﬂ‘e-</strong></span> 
     </span>
    </p>
   </div>
   <div class='ocr_carea' id='block_1_95' title="bbox 565 4828 2145 4903">
    <p class='ocr_par' dir='ltr' id='par_1_95' title="bbox 565 4828 2145 4903">
     <span class='ocr_line' id='line_1_95' title="bbox 565 4828 2145 4903; baseline -0.004 -13"><span class='ocrx_word' id='word_1_716' title='bbox 565 4841 704 4897; x_wconf 90' lang='lat' dir='ltr'><strong>ctus,</strong></span> <span class='ocrx_word' id='word_1_717' title='bbox 746 4849 922 4903; x_wconf 88' lang='lat' dir='ltr'><strong>neque</strong></span> <span class='ocrx_word' id='word_1_718' title='bbox 970 4831 1182 4902; x_wconf 87' lang='lat' dir='ltr'><strong>negabo</strong></span> <span class='ocrx_word' id='word_1_719' title='bbox 1225 4846 1390 4902; x_wconf 89' lang='lat' dir='ltr'><strong>quem</strong></span> <span class='ocrx_word' id='word_1_720' title='bbox 1444 4830 1617 4886; x_wconf 80' lang='lat' dir='ltr'><strong>semel</strong></span> <span class='ocrx_word' id='word_1_721' title='bbox 1663 4828 1953 4885; x_wconf 81' lang='lat' dir='ltr'><strong>confessus</strong></span> <span class='ocrx_word' id='word_1_722' title='bbox 2002 4843 2145 4883; x_wconf 89' lang='lat' dir='ltr'><strong>sum.</strong></span> 
     </span>
    </p>
   </div>
   <div class='ocr_carea' id='block_1_96' title="bbox 564 4921 2148 4996">
    <p class='ocr_par' dir='ltr' id='par_1_96' title="bbox 564 4921 2148 4996">
     <span class='ocr_line' id='line_1_96' title="bbox 564 4921 2148 4996; baseline -0.002 -17"><span class='ocrx_word' id='word_1_723' title='bbox 564 4925 682 4979; x_wconf 77' lang='lat' dir='ltr'><strong>Non</strong></span> <span class='ocrx_word' id='word_1_724' title='bbox 719 4927 1023 4981; x_wconf 83' lang='lat' dir='ltr'><strong>obscurabo</strong></span> <span class='ocrx_word' id='word_1_725' title='bbox 1055 4924 1198 4979; x_wconf 89' lang='lat' dir='ltr'><strong>illius</strong></span> <span class='ocrx_word' id='word_1_726' title='bbox 1234 4923 1485 4996; x_wconf 88' lang='lat' dir='ltr'><strong>gloriam,</strong></span> <span class='ocrx_word' id='word_1_727' title='bbox 1514 4938 1619 4994; x_wconf 88' lang='lat' dir='ltr'><strong>qua</strong></span> <span class='ocrx_word' id='word_1_728' title='bbox 1651 4922 1761 4978; x_wconf 91' lang='lat' dir='ltr'><strong>vidi</strong></span> <span class='ocrx_word' id='word_1_729' title='bbox 1784 4922 2005 4978; x_wconf 88' lang='lat' dir='ltr'><strong>concuti</strong></span> <span class='ocrx_word' id='word_1_730' title='bbox 2032 4921 2148 4977; x_wconf 87' lang='lat' dir='ltr'><strong>ele-</strong></span> 
     </span>
    </p>
   </div>
   <div class='ocr_carea' id='block_1_97' title="bbox 533 5015 2143 5087">
    <p class='ocr_par' dir='ltr' id='par_1_97' title="bbox 533 5015 2143 5087">
     <span class='ocr_line' id='line_1_97' title="bbox 533 5015 2143 5087; baseline 0 -18"><span class='ocrx_word' id='word_1_731' title='bbox 533 5025 779 5081; x_wconf 85' lang='lat' dir='ltr'><strong>.menta;</strong></span> <span class='ocrx_word' id='word_1_732' title='bbox 820 5033 1000 5087; x_wconf 86' lang='lat' dir='ltr'><strong>neque</strong></span> <span class='ocrx_word' id='word_1_733' title='bbox 1039 5017 1315 5073; x_wconf 92' lang='lat' dir='ltr'><strong>accusabit</strong></span> <span class='ocrx_word' id='word_1_734' title='bbox 1366 5032 1453 5072; x_wconf 89' lang='lat' dir='ltr'><strong>me</strong></span> <span class='ocrx_word' id='word_1_735' title='bbox 1502 5015 1832 5072; x_wconf 85' lang='lat' dir='ltr'><strong>universitas</strong></span> <span class='ocrx_word' id='word_1_736' title='bbox 1865 5024 2143 5071; x_wconf 81' lang='lat' dir='ltr'><strong>creatura-</strong></span> 
     </span>
    </p>
   </div>
   <div class='ocr_carea' id='block_1_98' title="bbox 568 5106 2147 5179">
    <p class='ocr_par' dir='ltr' id='par_1_98' title="bbox 568 5106 2147 5179">
     <span class='ocr_line' id='line_1_98' title="bbox 568 5106 2147 5179; baseline 0.001 -19"><span class='ocrx_word' id='word_1_737' title='bbox 568 5124 709 5171; x_wconf 92' lang='lat' dir='ltr'><strong>rmu,</strong></span> <span class='ocrx_word' id='word_1_738' title='bbox 739 5109 879 5177; x_wconf 91' lang='lat' dir='ltr'><strong>quod</strong></span> <span class='ocrx_word' id='word_1_739' title='bbox 925 5109 994 5163; x_wconf 92' lang='lat' dir='ltr'><strong>ab</strong></span> <span class='ocrx_word' id='word_1_740' title='bbox 1035 5124 1103 5163; x_wconf 94' lang='lat' dir='ltr'><strong>eo</strong></span> <span class='ocrx_word' id='word_1_741' title='bbox 1134 5108 1453 5175; x_wconf 81' lang='lat' dir='ltr'><strong>delecerim,</strong></span> <span class='ocrx_word' id='word_1_742' title='bbox 1489 5118 1714 5178; x_wconf 89' lang='lat' dir='ltr'><strong>propter</strong></span> <span class='ocrx_word' id='word_1_743' title='bbox 1749 5121 1913 5179; x_wconf 85' lang='lat' dir='ltr'><strong>quem</strong></span> <span class='ocrx_word' id='word_1_744' title='bbox 1946 5106 2147 5164; x_wconf 70' lang='lat' dir='ltr'><strong>malum</strong></span> 
     </span>
    </p>
   </div>
   <div class='ocr_carea' id='block_1_99' title="bbox 567 5198 2149 5265">
    <p class='ocr_par' dir='ltr' id='par_1_99' title="bbox 567 5198 2149 5265">
     <span class='ocr_line' id='line_1_99' title="bbox 567 5198 2149 5265; baseline 0.003 -14"><span class='ocrx_word' id='word_1_745' title='bbox 567 5198 777 5252; x_wconf 84' lang='lat' dir='ltr'><strong>vultum</strong></span> <span class='ocrx_word' id='word_1_746' title='bbox 806 5214 965 5253; x_wconf 89' lang='lat' dir='ltr'><strong>suum</strong></span> <span class='ocrx_word' id='word_1_747' title='bbox 995 5200 1303 5265; x_wconf 87' lang='lat' dir='ltr'><strong>abscondit,</strong></span> <span class='ocrx_word' id='word_1_748' title='bbox 1326 5208 1383 5255; x_wconf 90' lang='lat' dir='ltr'><strong>et</strong></span> <span class='ocrx_word' id='word_1_749' title='bbox 1415 5201 1495 5256; x_wconf 91' lang='lat' dir='ltr'><strong>sol</strong></span> <span class='ocrx_word' id='word_1_750' title='bbox 1521 5200 1781 5256; x_wconf 77' lang='lat' dir='ltr'><strong>luciferas</strong></span> <span class='ocrx_word' id='word_1_751' title='bbox 1811 5215 2007 5256; x_wconf 90' lang='lat' dir='ltr'><strong>currus</strong></span> <span class='ocrx_word' id='word_1_752' title='bbox 2034 5199 2149 5256; x_wconf 86' lang='lat' dir='ltr'><strong>dis-</strong></span> 
     </span>
    </p>
   </div>
   <div class='ocr_carea' id='block_1_100' title="bbox 2243 4656 3822 4731">
    <p class='ocr_par' dir='ltr' id='par_1_100' title="bbox 2243 4656 3822 4731">
     <span class='ocr_line' id='line_1_100' title="bbox 2243 4656 3822 4731; baseline -0.003 -18"><span class='ocrx_word' id='word_1_753' title='bbox 2243 4659 2344 4730; x_wconf 86' lang='grc' dir='ltr'>τῆς</span> <span class='ocrx_word' id='word_1_754' title='bbox 2381 4658 2527 4731; x_wconf 81' lang='grc' dir='ltr'>ζωῆς</span> <span class='ocrx_word' id='word_1_755' title='bbox 2557 4657 2791 4729; x_wconf 76' lang='grc' dir='ltr'>ὀφθῆναι</span> <span class='ocrx_word' id='word_1_756' title='bbox 2823 4657 3117 4729; x_wconf 83' lang='grc' dir='ltr'>θελήσετε,</span> <span class='ocrx_word' id='word_1_757' title='bbox 3150 4656 3289 4727; x_wconf 68' lang='grc' dir='ltr'>μηδὲ</span> <span class='ocrx_word' id='word_1_758' title='bbox 3333 4656 3648 4728; x_wconf 78' lang='grc' dir='ltr'>πειραττὴν</span> <span class='ocrx_word' id='word_1_759' title='bbox 3696 4658 3822 4711; x_wconf 73' lang='grc' dir='ltr'>ἁπο-</span> 
     </span>
    </p>
   </div>
   <div class='ocr_carea' id='block_1_101' title="bbox 2243 4749 3825 4823">
    <p class='ocr_par' dir='ltr' id='par_1_101' title="bbox 2243 4749 3825 4823">
     <span class='ocr_line' id='line_1_101' title="bbox 2243 4749 3825 4823; baseline -0.002 -16"><span class='ocrx_word' id='word_1_760' title='bbox 2243 4751 2527 4823; x_wconf 83' lang='grc' dir='ltr'>δειχθῆναι</span> <span class='ocrx_word' id='word_1_761' title='bbox 2564 4751 2664 4821; x_wconf 85' lang='grc' dir='ltr'>τῆς</span> <span class='ocrx_word' id='word_1_762' title='bbox 2691 4750 2917 4823; x_wconf 80' lang='grc' dir='ltr'>χάριτος</span> <span class='ocrx_word' id='word_1_763' title='bbox 2941 4766 2957 4782; x_wconf 91' lang='grc'><strong>·</strong></span> <span class='ocrx_word' id='word_1_764' title='bbox 2996 4749 3134 4822; x_wconf 68' lang='grc' dir='ltr'>μηδὲ</span> <span class='ocrx_word' id='word_1_765' title='bbox 3158 4749 3323 4814; x_wconf 82' lang='grc' dir='ltr'>λύκος</span> <span class='ocrx_word' id='word_1_766' title='bbox 3356 4750 3460 4823; x_wconf 75' lang='grc' dir='ltr'>τὴν</span> <span class='ocrx_word' id='word_1_767' title='bbox 3491 4750 3603 4804; x_wconf 81' lang='grc' dir='ltr'>τῶν</span> <span class='ocrx_word' id='word_1_768' title='bbox 3630 4751 3825 4821; x_wconf 70' lang='grc' dir='ltr'>προϐάι</span> 
     </span>
    </p>
   </div>
   <div class='ocr_carea' id='block_1_102' title="bbox 2242 4840 3822 4914">
    <p class='ocr_par' dir='ltr' id='par_1_102' title="bbox 2242 4840 3822 4914">
     <span class='ocr_line' id='line_1_102' title="bbox 2242 4840 3822 4914; baseline -0.002 -16"><span class='ocrx_word' id='word_1_769' title='bbox 2242 4860 2352 4899; x_wconf 85' lang='grc' dir='ltr'><strong>των</strong></span> <span class='ocrx_word' id='word_1_770' title='bbox 2379 4842 2609 4914; x_wconf 77' lang='grc' dir='ltr'>ἐκλογὴν</span> <span class='ocrx_word' id='word_1_771' title='bbox 2630 4843 3039 4912; x_wconf 78' lang='grc' dir='ltr'>ἀποδυσάμενος</span> <span class='ocrx_word' id='word_1_772' title='bbox 3066 4840 3339 4913; x_wconf 73' lang='grc' dir='ltr'>γένωμαι,</span> <span class='ocrx_word' id='word_1_773' title='bbox 3367 4842 3642 4913; x_wconf 83' lang='grc' dir='ltr'>μηδαμῶς</span> <span class='ocrx_word' id='word_1_774' title='bbox 3667 4843 3822 4913; x_wconf 72' lang='grc' dir='ltr'>ἀρνή-</span> 
     </span>
    </p>
   </div>
   <div class='ocr_carea' id='block_1_103' title="bbox 2246 4932 3820 5006">
    <p class='ocr_par' dir='ltr' id='par_1_103' title="bbox 2246 4932 3820 5006">
     <span class='ocr_line' id='line_1_103' title="bbox 2246 4932 3820 5006; baseline -0.001 -18"><span class='ocrx_word' id='word_1_775' title='bbox 2246 4952 2435 5006; x_wconf 88' lang='grc' dir='ltr'>σομαι,</span> <span class='ocrx_word' id='word_1_776' title='bbox 2463 4934 2525 4988; x_wconf 84' lang='grc' dir='ltr'>ὃν</span> <span class='ocrx_word' id='word_1_777' title='bbox 2546 4935 2695 5001; x_wconf 78' lang='grc' dir='ltr'>ἅπαξ</span> <span class='ocrx_word' id='word_1_778' title='bbox 2730 4934 3079 5005; x_wconf 81' lang='grc' dir='ltr'>ὡμολόγησα.</span> <span class='ocrx_word' id='word_1_779' title='bbox 3122 4934 3215 5004; x_wconf 86' lang='grc' dir='ltr'><strong>Μὴ</strong></span> <span class='ocrx_word' id='word_1_780' title='bbox 3243 4932 3510 5003; x_wconf 74' lang='grc' dir='ltr'>ζημιωθῶ</span> <span class='ocrx_word' id='word_1_781' title='bbox 3542 4933 3647 5005; x_wconf 81' lang='grc' dir='ltr'>τὴν</span> <span class='ocrx_word' id='word_1_782' title='bbox 3677 4934 3820 4998; x_wconf 72' lang='grc' dir='ltr'>δόξαν</span> 
     </span>
    </p>
   </div>
   <div class='ocr_carea' id='block_1_104' title="bbox 2247 5018 3819 5097">
    <p class='ocr_par' dir='ltr' id='par_1_104' title="bbox 2247 5018 3819 5097">
     <span class='ocr_line' id='line_1_104' title="bbox 2247 5018 3819 5097; baseline 0.001 -20"><span class='ocrx_word' id='word_1_783' title='bbox 2247 5022 2485 5093; x_wconf 75' lang='grc' dir='ltr'>εκείνην,</span> <span class='ocrx_word' id='word_1_784' title='bbox 2517 5023 2586 5094; x_wconf 86' lang='grc' dir='ltr'><strong>ἡν</strong></span> <span class='ocrx_word' id='word_1_785' title='bbox 2628 5018 2765 5077; x_wconf 83' lang='grc' dir='ltr'>εῐδον</span> <span class='ocrx_word' id='word_1_786' title='bbox 2805 5023 2875 5077; x_wconf 83' lang='grc' dir='ltr'>τὰ</span> <span class='ocrx_word' id='word_1_787' title='bbox 2918 5025 3158 5095; x_wconf 86' lang='grc' dir='ltr'>στοιχεῖα</span> <span class='ocrx_word' id='word_1_788' title='bbox 3201 5023 3559 5091; x_wconf 81' lang='grc' dir='ltr'>σαλεύουσαν,</span> <span class='ocrx_word' id='word_1_789' title='bbox 3607 5025 3683 5097; x_wconf 79' lang='grc' dir='ltr'>μή</span> <span class='ocrx_word' id='word_1_790' title='bbox 3729 5041 3819 5095; x_wconf 79' lang='grc' dir='ltr'><strong>μου</strong></span> 
     </span>
    </p>
   </div>
   <div class='ocr_carea' id='block_1_105' title="bbox 2248 5112 3820 5186">
    <p class='ocr_par' dir='ltr' id='par_1_105' title="bbox 2248 5112 3820 5186">
     <span class='ocr_line' id='line_1_105' title="bbox 2248 5112 3820 5186; baseline 0 -19"><span class='ocrx_word' id='word_1_791' title='bbox 2248 5114 2557 5185; x_wconf 83' lang='grc' dir='ltr'>κατήγορος</span> <span class='ocrx_word' id='word_1_792' title='bbox 2610 5112 2642 5166; x_wconf 81' lang='grc' dir='ltr'>ὁ</span> <span class='ocrx_word' id='word_1_793' title='bbox 2691 5113 2866 5184; x_wconf 84' lang='grc' dir='ltr'>δῆμος</span> <span class='ocrx_word' id='word_1_794' title='bbox 2921 5114 3023 5184; x_wconf 82' lang='grc' dir='ltr'><strong>τῆς</strong></span> <span class='ocrx_word' id='word_1_795' title='bbox 3075 5113 3308 5175; x_wconf 81' lang='grc' dir='ltr'>κτίσεως</span> <span class='ocrx_word' id='word_1_796' title='bbox 3350 5112 3621 5186; x_wconf 79' lang='grc' dir='ltr'>γένηται,</span> <span class='ocrx_word' id='word_1_797' title='bbox 3643 5114 3820 5185; x_wconf 81' lang='grc' dir='ltr'>ὅτιπερ</span> 
     </span>
    </p>
   </div>
   <div class='ocr_carea' id='block_1_106' title="bbox 2250 5204 3821 5279">
    <p class='ocr_par' dir='ltr' id='par_1_106' title="bbox 2250 5204 3821 5279">
     <span class='ocr_line' id='line_1_106' title="bbox 2250 5204 3821 5279; baseline 0 -21"><span class='ocrx_word' id='word_1_798' title='bbox 2250 5204 2439 5259; x_wconf 79' lang='grc' dir='ltr'>τοῦτον</span> <span class='ocrx_word' id='word_1_799' title='bbox 2485 5206 2756 5278; x_wconf 83' lang='grc' dir='ltr'>παρέϐην,</span> <span class='ocrx_word' id='word_1_800' title='bbox 2803 5206 2872 5260; x_wconf 88' lang='grc' dir='ltr'>δι’</span> <span class='ocrx_word' id='word_1_801' title='bbox 2891 5206 2951 5261; x_wconf 78' lang='grc' dir='ltr'>ὃν</span> <span class='ocrx_word' id='word_1_802' title='bbox 3004 5206 3237 5279; x_wconf 84' lang='grc' dir='ltr'>οὐρανὸς</span> <span class='ocrx_word' id='word_1_803' title='bbox 3276 5207 3399 5271; x_wconf 58' lang='grc' dir='ltr'>τὰς</span> <span class='ocrx_word' id='word_1_804' title='bbox 3423 5208 3639 5272; x_wconf 81' lang='grc' dir='ltr'>οἰκείας</span> <span class='ocrx_word' id='word_1_805' title='bbox 3683 5208 3821 5279; x_wconf 46' lang='lat' dir='ltr'><strong>uel;</strong></span> 
     </span>
    </p>
   </div>
   <div class='ocr_carea' id='block_1_107' title="bbox 567 5292 2140 5372">
    <p class='ocr_par' dir='ltr' id='par_1_107' title="bbox 567 5292 2140 5363">
     <span class='ocr_line' id='line_1_107' title="bbox 567 5292 2140 5363; baseline -0.001 -16"><span class='ocrx_word' id='word_1_806' title='bbox 567 5292 762 5359; x_wconf 86' lang='lat' dir='ltr'><strong>solvit;</strong></span> <span class='ocrx_word' id='word_1_807' title='bbox 796 5292 1014 5362; x_wconf 86' lang='lat' dir='ltr'><strong>quando</strong></span> <span class='ocrx_word' id='word_1_808' title='bbox 1034 5292 1153 5348; x_wconf 86' lang='lat' dir='ltr'><strong>dies</strong></span> <span class='ocrx_word' id='word_1_809' title='bbox 1178 5309 1278 5349; x_wconf 93' lang='lat' dir='ltr'><strong>suo</strong></span> <span class='ocrx_word' id='word_1_810' title='bbox 1297 5293 1533 5349; x_wconf 80' lang='lat' dir='ltr'><strong>excessit</strong></span> <span class='ocrx_word' id='word_1_811' title='bbox 1559 5308 1590 5349; x_wconf 90' lang='lat' dir='ltr'><strong>e</strong></span> <span class='ocrx_word' id='word_1_812' title='bbox 1618 5293 1816 5359; x_wconf 88' lang='lat' dir='ltr'><strong>stadio,</strong></span> <span class='ocrx_word' id='word_1_813' title='bbox 1842 5303 1899 5349; x_wconf 92' lang='lat' dir='ltr'><strong>et</strong></span> <span class='ocrx_word' id='word_1_814' title='bbox 1924 5308 2031 5348; x_wconf 82' lang='lat' dir='ltr'><strong>nox</strong></span> <span class='ocrx_word' id='word_1_815' title='bbox 2052 5308 2140 5363; x_wconf 82' lang='lat' dir='ltr'><strong>pel</strong></span> 
     </span>
    </p>
   </div>
   <div class='ocr_carea' id='block_1_108' title="bbox 2243 5292 3822 5372">
    <p class='ocr_par' dir='ltr' id='par_1_108' title="bbox 2253 5295 3822 5372">
     <span class='ocr_line' id='line_1_108' title="bbox 2253 5295 3822 5372; baseline 0.004 -24"><span class='ocrx_word' id='word_1_816' title='bbox 2253 5295 2546 5366; x_wconf 69' lang='grc' dir='ltr'>ἐκάλυψεν,</span> <span class='ocrx_word' id='word_1_817' title='bbox 2584 5297 2679 5351; x_wconf 76' lang='grc' dir='ltr'>καὶ</span> <span class='ocrx_word' id='word_1_818' title='bbox 2715 5297 2897 5352; x_wconf 77' lang='grc' dir='ltr'>ἐδοσεν</span> <span class='ocrx_word' id='word_1_819' title='bbox 2929 5300 2957 5352; x_wconf 88' lang='grc' dir='ltr'>ὁ</span> <span class='ocrx_word' id='word_1_820' title='bbox 2979 5297 3135 5369; x_wconf 75' lang='grc' dir='ltr'>ἥλιος</span> <span class='ocrx_word' id='word_1_821' title='bbox 3167 5298 3237 5351; x_wconf 81' lang='grc' dir='ltr'>τὰ</span> <span class='ocrx_word' id='word_1_822' title='bbox 3268 5299 3379 5352; x_wconf 82' lang='grc' dir='ltr'><strong>τῶν</strong></span> <span class='ocrx_word' id='word_1_823' title='bbox 3406 5298 3712 5370; x_wconf 65' lang='grc' dir='ltr'>λαμπάδων</span> <span class='ocrx_word' id='word_1_824' title='bbox 3734 5300 3822 5372; x_wconf 72' lang='grc' dir='ltr'><strong>ἆρ-</strong></span> 
     </span>
    </p>
   </div>
   <div class='ocr_carea' id='block_1_109' title="bbox 568 5384 2140 5462">
    <p class='ocr_par' dir='ltr' id='par_1_109' title="bbox 568 5384 2140 5457">
     <span class='ocr_line' id='line_1_109' title="bbox 568 5384 2140 5457; baseline 0 -18"><span class='ocrx_word' id='word_1_825' title='bbox 568 5384 675 5439; x_wconf 78' lang='lat' dir='ltr'><strong>vim</strong></span> <span class='ocrx_word' id='word_1_826' title='bbox 697 5384 930 5440; x_wconf 87' lang='lat' dir='ltr'><strong>adducta</strong></span> <span class='ocrx_word' id='word_1_827' title='bbox 960 5394 1067 5449; x_wconf 90' lang='lat' dir='ltr'><strong>est,</strong></span> <span class='ocrx_word' id='word_1_828' title='bbox 1095 5400 1198 5440; x_wconf 91' lang='lat' dir='ltr'><strong>nec</strong></span> <span class='ocrx_word' id='word_1_829' title='bbox 1225 5384 1342 5456; x_wconf 88' lang='lat' dir='ltr'><strong>ipsa</strong></span> <span class='ocrx_word' id='word_1_830' title='bbox 1370 5385 1504 5441; x_wconf 87' lang='lat' dir='ltr'><strong>satis</strong></span> <span class='ocrx_word' id='word_1_831' title='bbox 1534 5385 1815 5441; x_wconf 85' lang='lat' dir='ltr'><strong>sustinens</strong></span> <span class='ocrx_word' id='word_1_832' title='bbox 1841 5398 2005 5457; x_wconf 88' lang='lat' dir='ltr'><strong>grave</strong></span> <span class='ocrx_word' id='word_1_833' title='bbox 2025 5398 2140 5439; x_wconf 90' lang='lat' dir='ltr'><strong>cru-</strong></span> 
     </span>
    </p>
   </div>
   <div class='ocr_carea' id='block_1_110' title="bbox 2243 5384 3821 5462">
    <p class='ocr_par' dir='ltr' id='par_1_110' title="bbox 2258 5385 3821 5462">
     <span class='ocr_line' id='line_1_110' title="bbox 2258 5385 3821 5462; baseline 0.004 -23"><span class='ocrx_word' id='word_1_834' title='bbox 2258 5403 2426 5457; x_wconf 87' lang='grc' dir='ltr'>ματα,</span> <span class='ocrx_word' id='word_1_835' title='bbox 2450 5385 2547 5440; x_wconf 74' lang='grc' dir='ltr'><strong>καὶ</strong></span> <span class='ocrx_word' id='word_1_836' title='bbox 2584 5388 2619 5458; x_wconf 89' lang='grc' dir='ltr'><strong>ἡ</strong></span> <span class='ocrx_word' id='word_1_837' title='bbox 2648 5387 2751 5459; x_wconf 83' lang='grc' dir='ltr'>μὲν</span> <span class='ocrx_word' id='word_1_838' title='bbox 2781 5386 2966 5459; x_wconf 83' lang='grc' dir='ltr'>ἡμέρα</span> <span class='ocrx_word' id='word_1_839' title='bbox 3004 5393 3066 5443; x_wconf 88' lang='grc' dir='ltr'><strong>τδ</strong></span> <span class='ocrx_word' id='word_1_840' title='bbox 3106 5388 3319 5443; x_wconf 81' lang='grc' dir='ltr'>στάδιον</span> <span class='ocrx_word' id='word_1_841' title='bbox 3352 5388 3450 5444; x_wconf 79' lang='grc' dir='ltr'>τοῦ</span> <span class='ocrx_word' id='word_1_842' title='bbox 3484 5392 3667 5460; x_wconf 77' lang='grc' dir='ltr'>φωτὸς</span> <span class='ocrx_word' id='word_1_843' title='bbox 3690 5407 3821 5462; x_wconf 79' lang='grc' dir='ltr'>παρ-</span> 
     </span>
    </p>
   </div>
   <div class='ocr_carea' id='block_1_111' title="bbox 2064 5560 2300 5617">
    <p class='ocr_par' dir='ltr' id='par_1_111' title="bbox 2064 5560 2300 5617">
     <span class='ocr_line' id='line_1_111' title="bbox 2064 5560 2300 5617; baseline 0.004 -1"><span class='ocrx_word' id='word_1_844' title='bbox 2064 5560 2300 5617; x_wconf 66' lang='lat' dir='ltr'><strong>NOTAE.</strong></span> 
     </span>
    </p>
   </div>
   <div class='ocr_carea' id='block_1_112' title="bbox 642 5653 3823 5726">
    <p class='ocr_par' dir='ltr' id='par_1_112' title="bbox 642 5653 3823 5726">
     <span class='ocr_line' id='line_1_112' title="bbox 642 5653 3823 5726; baseline 0.002 -16"><span class='ocrx_word' id='word_1_845' title='bbox 642 5656 719 5725; x_wconf 82' lang='lat'><strong>(5)</strong></span> <span class='ocrx_word' id='word_1_846' title='bbox 758 5656 817 5710; x_wconf 90' lang='lat' dir='ltr'><strong>ln</strong></span> <span class='ocrx_word' id='word_1_847' title='bbox 849 5664 999 5710; x_wconf 80' lang='lat' dir='ltr'><strong>textu</strong></span> <span class='ocrx_word' id='word_1_848' title='bbox 1033 5654 1228 5709; x_wconf 83' lang='lat' dir='ltr'><strong>Latino</strong></span> <span class='ocrx_word' id='word_1_849' title='bbox 1263 5654 1519 5711; x_wconf 89' lang='lat' dir='ltr'><strong>mendum</strong></span> <span class='ocrx_word' id='word_1_850' title='bbox 1558 5653 1771 5726; x_wconf 86' lang='lat' dir='ltr'><strong>corrige</strong></span> <span class='ocrx_word' id='word_1_851' title='bbox 1798 5654 2149 5726; x_wconf 85' lang='lat' dir='ltr'><strong>typographi-</strong></span> <span class='ocrx_word' id='word_1_852' title='bbox 2254 5654 2385 5726; x_wconf 87' lang='lat' dir='ltr'><strong>bum</strong></span> <span class='ocrx_word' id='word_1_853' title='bbox 2420 5670 2435 5709; x_wconf 89' lang='lat'><strong>:</strong></span> <span class='ocrx_word' id='word_1_854' title='bbox 2476 5673 2496 5707; x_wconf 76' lang='grc' dir='ltr'><strong>ι</strong></span> <span class='ocrx_word' id='word_1_855' title='bbox 2527 5654 2607 5711; x_wconf 82' lang='lat' dir='ltr'><strong>Ne</strong></span> <span class='ocrx_word' id='word_1_856' title='bbox 2632 5655 2815 5712; x_wconf 89' lang='lat' dir='ltr'><strong>velitis</strong></span> <span class='ocrx_word' id='word_1_857' title='bbox 2844 5656 3176 5726; x_wconf 88' lang='lat' dir='ltr'><strong>proditorem</strong></span> <span class='ocrx_word' id='word_1_858' title='bbox 3216 5659 3343 5714; x_wconf 58' lang='lat' dir='ltr'><strong>vita;</strong></span> <span class='ocrx_word' id='word_1_859' title='bbox 3374 5658 3551 5714; x_wconf 85' lang='lat' dir='ltr'><strong>videri</strong></span> <span class='ocrx_word' id='word_1_860' title='bbox 3588 5675 3707 5724; x_wconf 84' lang='lat' dir='ltr'><strong>me,</strong></span> <span class='ocrx_word' id='word_1_861' title='bbox 3739 5671 3823 5717; x_wconf 84' lang='lat' dir='ltr'><strong>aut</strong></span> 
     </span>
    </p>
   </div>
   <div class='ocr_carea' id='block_1_113' title="bbox 571 5725 3820 5800">
    <p class='ocr_par' dir='ltr' id='par_1_113' title="bbox 571 5725 3820 5800">
     <span class='ocr_line' id='line_1_113' title="bbox 571 5725 3820 5800; baseline 0.002 -20"><span class='ocrx_word' id='word_1_862' title='bbox 571 5741 716 5800; x_wconf 85' lang='lat' dir='ltr'><strong>cum,</strong></span> <span class='ocrx_word' id='word_1_863' title='bbox 746 5742 882 5800; x_wconf 65' lang='lat' dir='ltr'><strong>quo,</strong></span> <span class='ocrx_word' id='word_1_864' title='bbox 916 5744 934 5775; x_wconf 77' lang='grc' dir='ltr'><strong>ι</strong></span> <span class='ocrx_word' id='word_1_865' title='bbox 964 5727 1186 5800; x_wconf 77' lang='lat' dir='ltr'><strong>domum</strong></span> <span class='ocrx_word' id='word_1_866' title='bbox 1213 5726 1399 5781; x_wconf 73' lang='lat' dir='ltr'><strong>eduxit</strong></span> <span class='ocrx_word' id='word_1_867' title='bbox 1429 5726 1486 5780; x_wconf 92' lang='lat' dir='ltr'><strong>in</strong></span> <span class='ocrx_word' id='word_1_868' title='bbox 1515 5725 1725 5796; x_wconf 76' lang='lat' dir='ltr'><strong>agrum,</strong></span> <span class='ocrx_word' id='word_1_869' title='bbox 1755 5744 1774 5779; x_wconf 73' lang='grc' dir='ltr'><strong>ι</strong></span> <span class='ocrx_word' id='word_1_870' title='bbox 1804 5725 2004 5796; x_wconf 86' lang='lat' dir='ltr'><strong>legitur</strong></span> <span class='ocrx_word' id='word_1_871' title='bbox 2025 5740 2146 5796; x_wconf 90' lang='lat' dir='ltr'><strong>pro,</strong></span> <span class='ocrx_word' id='word_1_872' title='bbox 2255 5725 2453 5800; x_wconf 79' lang='lat' dir='ltr'><strong>divinae</strong></span> <span class='ocrx_word' id='word_1_873' title='bbox 2478 5726 2663 5800; x_wconf 77' lang='lat' dir='ltr'><strong>gratiae</strong></span> <span class='ocrx_word' id='word_1_874' title='bbox 2686 5725 2978 5800; x_wconf 77' lang='lat' dir='ltr'><strong>monstrari</strong></span> <span class='ocrx_word' id='word_1_875' title='bbox 3013 5738 3375 5800; x_wconf 67' lang='lat' dir='ltr'><strong>tentatorem;</strong></span> <span class='ocrx_word' id='word_1_876' title='bbox 3415 5739 3475 5784; x_wconf 92' lang='lat' dir='ltr'><strong>ut</strong></span> <span class='ocrx_word' id='word_1_877' title='bbox 3504 5746 3573 5785; x_wconf 91' lang='lat' dir='ltr'><strong>ne</strong></span> <span class='ocrx_word' id='word_1_878' title='bbox 3599 5733 3820 5800; x_wconf 77' lang='lat' dir='ltr'><strong>optanda</strong></span> 
     </span>
    </p>
   </div>
   <div class='ocr_carea' id='block_1_114' title="bbox 578 5795 3815 5879">
    <p class='ocr_par' dir='ltr' id='par_1_114' title="bbox 578 5795 3815 5879">
     <span class='ocr_line' id='line_1_114' title="bbox 578 5795 3815 5879; baseline 0.002 -33"><span class='ocrx_word' id='word_1_879' title='bbox 578 5814 597 5846; x_wconf 74' lang='grc' dir='ltr'><strong>ι</strong></span> <span class='ocrx_word' id='word_1_880' title='bbox 631 5796 791 5879; x_wconf 59' lang='lat' dir='ltr'><strong>dum?</strong></span> <span class='ocrx_word' id='word_1_881' title='bbox 821 5795 1023 5879; x_wconf 62' lang='lat' dir='ltr'><strong>eduxit,</strong></span> <span class='ocrx_word' id='word_1_882' title='bbox 1055 5804 1211 5879; x_wconf 53' lang='grc' dir='ltr'>ιρις,</span> <span class='ocrx_word' id='word_1_883' title='bbox 1239 5878 1247 5879; x_wconf 14' lang='lat'><em>7</em></span> <span class='ocrx_word' id='word_1_884' title='bbox 1412 5864 1425 5879; x_wconf 75' lang='lat'>_</span> <span class='ocrx_word' id='word_1_885' title='bbox 1564 5795 1572 5796; x_wconf 53' lang='grc'><strong>“</strong></span> <span class='ocrx_word' id='word_1_886' title='bbox 1652 5865 1669 5879; x_wconf 38' lang='grc'><strong>1</strong></span> <span class='ocrx_word' id='word_1_887' title='bbox 1690 5865 1704 5879; x_wconf 77' lang='lat'>_</span> <span class='ocrx_word' id='word_1_888' title='bbox 1786 5873 1798 5879; x_wconf 72' lang='lat'>_</span> <span class='ocrx_word' id='word_1_889' title='bbox 1964 5865 1979 5879; x_wconf 43' lang='grc' dir='ltr'>ι</span> <span class='ocrx_word' id='word_1_890' title='bbox 2026 5795 2041 5796; x_wconf 33' lang='grc' dir='ltr'>ί</span> <span class='ocrx_word' id='word_1_891' title='bbox 2255 5795 2399 5850; x_wconf 89' lang='lat' dir='ltr'><strong>inter</strong></span> <span class='ocrx_word' id='word_1_892' title='bbox 2432 5795 2564 5877; x_wconf 76' lang='lat' dir='ltr'><strong>oves</strong></span> <span class='ocrx_word' id='word_1_893' title='bbox 2588 5796 2854 5879; x_wconf 73' lang='lat' dir='ltr'><strong>electione</strong></span> <span class='ocrx_word' id='word_1_894' title='bbox 2885 5798 3166 5867; x_wconf 82' lang='lat' dir='ltr'><strong>repudiata</strong></span> <span class='ocrx_word' id='word_1_895' title='bbox 3198 5795 3402 5879; x_wconf 70' lang='lat' dir='ltr'><strong>emciar</strong></span> <span class='ocrx_word' id='word_1_896' title='bbox 3431 5795 3815 5870; x_wconf 52' lang='lat' dir='ltr'><strong>lupusfnuila-</strong></span> 
     </span>
    </p>
   </div>
   <div class='ocr_carea' id='block_1_115' title="bbox 646 5862 3762 5938">
    <p class='ocr_par' dir='ltr' id='par_1_115' title="bbox 646 5862 3762 5938">
     <span class='ocr_line' id='line_1_115' title="bbox 646 5862 3762 5938; baseline 0.001 -18"><span class='ocrx_word' id='word_1_897' title='bbox 646 5866 720 5920; x_wconf 80' lang='grc' dir='ltr'>(ϋι</span> <span class='ocrx_word' id='word_1_898' title='bbox 765 5863 1029 5931; x_wconf 87' lang='lat' dir='ltr'><strong>lutegrius</strong></span> <span class='ocrx_word' id='word_1_899' title='bbox 1060 5862 1366 5934; x_wconf 85' lang='lat' dir='ltr'><strong>clariusque</strong></span> <span class='ocrx_word' id='word_1_900' title='bbox 1410 5864 1528 5921; x_wconf 65' lang='lat' dir='ltr'><strong>haec</strong></span> <span class='ocrx_word' id='word_1_901' title='bbox 1574 5865 1871 5923; x_wconf 89' lang='lat' dir='ltr'><strong>reddentur</strong></span> <span class='ocrx_word' id='word_1_902' title='bbox 1914 5865 1980 5920; x_wconf 89' lang='lat' dir='ltr'><strong>ad</strong></span> <span class='ocrx_word' id='word_1_903' title='bbox 2026 5882 2151 5922; x_wconf 77' lang='lat' dir='ltr'><strong>ver-</strong></span> <span class='ocrx_word' id='word_1_904' title='bbox 2262 5876 2421 5920; x_wconf 89' lang='lat' dir='ltr'><strong>tenus</strong></span> <span class='ocrx_word' id='word_1_905' title='bbox 2448 5866 2595 5921; x_wconf 90' lang='lat' dir='ltr'><strong>enim</strong></span> <span class='ocrx_word' id='word_1_906' title='bbox 2627 5866 2836 5937; x_wconf 82' lang='lat' dir='ltr'><strong>negabo</strong></span> <span class='ocrx_word' id='word_1_907' title='bbox 2867 5862 3028 5938; x_wconf 82' lang='lat' dir='ltr'><strong>quem</strong></span> <span class='ocrx_word' id='word_1_908' title='bbox 3061 5869 3231 5925; x_wconf 87' lang='lat' dir='ltr'><strong>semel</strong></span> <span class='ocrx_word' id='word_1_909' title='bbox 3259 5862 3546 5927; x_wconf 75' lang='lat' dir='ltr'><strong>confessus</strong></span> <span class='ocrx_word' id='word_1_910' title='bbox 3574 5862 3714 5925; x_wconf 80' lang='lat' dir='ltr'><strong>sum.</strong></span> <span class='ocrx_word' id='word_1_911' title='bbox 3743 5891 3762 5922; x_wconf 76' lang='grc' dir='ltr'><strong>ι</strong></span> 
     </span>
    </p>
   </div>
  </div>
