4040 6398
224 368 367 431 ιδω
1024 398 1026 400 τ
1367 362 1429 422 s.
1467 361 1789 422 LUNGINI
1835 365 2326 432 MAHTYRIUM.
3356 354 3492 433 1554

218 484 463 555 ῃτήσατο
499 480 599 553 (7),
632 481 726 535 καὶ
757 482 791 551 ὴ
836 478 891 533 δὲ
937 476 1035 544 νὺξ
1079 479 1214 551 πρὸς
1262 478 1382 549 βίαν
1421 480 1634 533 εἵλκετο
1656 496 1671 511 ο
1705 478 1800 533 τοῦ
1831 530 1836 540 ε

1936 482 1983 538 is
2028 486 2409 556 opprobrium,
2446 501 2549 544 nec
2597 484 2953 559 pugnantium
3005 484 3270 546 adversus
3321 487 3492 543 Deum

221 573 464 646 σταυροῦ
506 573 616 646 γάρ
664 572 725 626 τὸ
761 573 926 644 βάρος
954 573 1053 644 οὐχ
1085 572 1367 642 ὑφίστατο,
1404 572 1496 625 καὶ
1525 571 1626 640 τῆς
1672 572 1805 624 Ἰου-

1945 578 2222 635 υίιιεοτιηιι
2253 580 2513 636 delictum
2548 580 2756 651 absque
2783 587 2914 634 nota
2950 578 3291 649 praeteriens.
3325 579 3493 648 Equi-

218 666 415 738 δαῖκῆς
443 666 747 737 θεομαχίας
791 669 1021 737 παρεῖτο
1061 666 1121 717 τὸ
1171 664 1445 734 ἔγκλημα.
1476 664 1660 717 Ταῦτα
1698 662 1809 733 ἐγὼ

1936 673 2031 726 lem
2060 687 2124 727 ea
2153 673 2337 727 omnia
2367 673 2605 744 propriis
2629 682 2845 744 egomet
2867 672 3039 728 oculis
3066 671 3195 731 vidi.
3222 671 3339 741 ipse
3364 687 3494 742 spe-

216 760 335 824 τοῖς
371 758 674 830 ὀφθαλμοῖς
708 775 813 829 μου
841 757 936 811 καὶ
961 759 1079 820 ταῖς
1105 754 1333 819 οἰκείαις
1362 754 1552 825 ὄψεσιν
1588 756 1808 826 ίστόρη-

1936 773 2086 821 :tator
2114 765 2264 821 astiti
2302 779 2318 821 :
2367 767 2644 837 quomodo
2694 767 2859 839 igitur
2902 764 3215 835 disperdam
3271 765 3494 820 thesau-

223 870 327 906 ca°
384 852 504 917 πῶς
550 851 731 905 τοίνυν
778 851 1064 922 σκορπίσω
1109 847 1382 902 τοσούτων
1440 865 1531 917 μοι
1590 847 1810 917 ἀγαθῶν

1936 874 2029 913 um
2066 866 2341 914 tantorum
2386 876 2511 929 quae,
2559 860 2694 914 mihi
2742 860 3016 915 obvenere
3068 859 3375 922 bonorum,
3411 860 3497 914 vel

221 946 478 1013 πλοῦτον,
508 946 630 1001 οὐδὲ
659 944 770 1017 γάρ
806 943 1060 1014 ἀγγέλων
1093 942 1192 1007 τὰς
1236 940 1476 1013 μέμψεις
1506 941 1809 1011 ὑποστήσο-

1936 952 2230 1023 ιηεειοτυιιι
2261 952 2316 1008 id
2344 952 2478 1008 mihi
2510 954 3030 1023 exprobraturorum
3063 952 3346 1008 sustinebo
3371 952 3495 1006 irri-

221 1057 348 1113 μαι.

1936 1042 2138 1100 iones?

296 1129 482 1186 ι’.“Ετι
503 1129 560 1184 δὲ
581 1127 871 1193 λαλοῦντος
896 1127 1070 1182 ταῦτα
1094 1124 1190 1180 τοῦ
1218 1124 1490 1198 μακαρίου
1518 1122 1809 1193 Λογγίνου,

1982 1135 2071 1191 10.
2110 1137 2306 1194 Adhuc
2326 1151 2395 1193 eo
2422 1138 2679 1207 loquente
2711 1138 3032 1208 supervenit
3062 1153 3161 1207 par
3188 1137 3319 1193 illud
3343 1152 3495 1193 com—

222 1222 260 1295 ἡ
291 1221 523 1294 ξυνωρὶς
556 1222 666 1275 τῶν
703 1222 803 1275 σὺν
832 1219 982 1291 αύτῷ
1004 1216 1376 1293 στρατιωτῶν,
1410 1221 1442 1288 ὴ
1474 1217 1571 1288 τὴν
1595 1217 1688 1271 ἐπὶ
1718 1217 1812 1270 θά-

1936 1227 2256 1297 nilitonum,
2300 1229 2478 1285 eidem
2512 1244 2639 1284 cum
2671 1229 2918 1301 Longino
2954 1232 3115 1283 morti
3149 1229 3497 1286 addictorum

222 1332 387 1369 νατον
419 1315 600 1384 ψῆφον
623 1313 776 1386 παρὰ
810 1313 1091 1385 Καίσαρος
1109 1311 1375 1382 λαχοῦσα,
1415 1308 1815 1380 έφθασεν.Φαι-

1936 1340 1944 1375 ι
1972 1319 2190 1377 Caesare
2223 1339 2237 1377 :
2271 1321 2471 1392 quibus
2501 1320 2661 1375 hilari
2694 1322 2846 1375 vultu
2881 1321 3116 1390 laetoque
3162 1320 3349 1375 animo
3402 1336 3498 1375 oc-

221 1406 340 1478 δρῷ
367 1407 424 1461 δὲ
451 1407 635 1471 αὐτοῖς
668 1405 947 1479 προσώπῳ
970 1405 1065 1459 καὶ
1099 1405 1396 1475 περιχαρεῖ
1419 1403 1541 1456 λίαν
1575 1403 1603 1456 ό
1633 1403 1812 1474 μακά-

1936 1429 2147 1470 :urrens
2196 1414 2253 1469 in
2301 1415 2611 1484 amplexum
2646 1424 2897 1480 sanctus,
2927 1415 3119 1469 oculos
3146 1413 3501 1483 cervicesque

227 1518 345 1573 ριος
377 1501 641 1569 Λογγίνος
678 1500 1033 1571 συνήντησεν,
1064 1499 1190 1563 τοὺς
1216 1497 1529 1569 ὀφθαλμοὺς
1566 1497 1682 1568 ἅμα
1718 1499 1815 1551 καὶ

1936 1518 2105 1565 teatas
2133 1510 2517 1575 exosculatur;
2550 1519 2606 1565 et
2642 1527 2654 1563 :
2690 1509 2955 1574 Gaudete,
2987 1508 3199 1579 inquit,
3227 1507 3500 1563 commili-

225 1594 321 1647 τὸν
347 1592 617 1665 τράχηλον
640 1591 819 1646 αὐτῶν
861 1589 1261 1661 καταφιλήσας,
1292 1590 1385 1643 καὶ
1413 1588 1519 1660 ἔφη
1548 1589 1685 1661 πρὸς
1717 1590 1817 1643 αὐ-

1936 1617 2076 1659 .ones
2120 1601 2368 1666 Christi,
2402 1603 2714 1657 divinorum
2752 1603 3116 1658 certaminum
3155 1601 3376 1671 gloriosi
3418 1600 3501 1655 vi-

224 1685 375 1749 τούςο
401 1684 637 1757 Χαίρετε
658 1725 673 1751 ,
706 1677 752 1737 ῶ
782 1681 1184 1755 συστρατιῶται
1212 1681 1449 1753 Χριστοῦ
1476 1682 1571 1734 καὶ
1600 1682 1818 1751 νικηταὶ

1936 1703 2119 1760 :tores,
2148 1702 2205 1749 et
2234 1694 2384 1765 regni
2416 1695 2678 1749 caelorum
2712 1694 2957 1749 haeredes
2984 1693 3285 1749 felicissimi
3321 1711 3334 1747 :
3369 1709 3503 1763 gau-

224 1779 340 1833 τῶν
372 1778 532 1833 θείων
556 1777 805 1846 ἀγώνων,
832 1776 927 1829 καὶ
948 1774 1275 1845 κληρονόμοι
1299 1774 1396 1844 τῆς
1409 1773 1687 1845 βασιλείας
1708 1774 1817 1829 τῶν

1936 1787 2068 1853 lete,
2094 1787 2316 1858 inquam
2355 1806 2368 1840 :
2406 1787 2649 1857 aperitur
2678 1787 2824 1842 enim
2857 1786 3015 1842 nobis
3046 1786 3285 1857 paradisi
3313 1786 3501 1856 janua,

226 1871 475 1943 οὐρανῶν
499 1887 512 1900 ·
540 1870 787 1943 χαίρετε,
815 1869 897 1922 ὅτι
926 1870 960 1939 ἡ
985 1868 1122 1938 πρὸς
1146 1868 1375 1938 οὐρανὸν
1401 1868 1544 1938 πύλη
1573 1867 1813 1939 ἀνέῳγεν

1941 1892 2139 1947 amque
2166 1877 2339 1946 parati
2374 1877 2577 1932 adsunt
2601 1876 2803 1947 angeli.
2841 1875 3053 1929 animas
3081 1883 3301 1929 nostras
3330 1882 3508 1929 trans-

229 1965 387 2033 ἡμῖν,
422 1962 519 2017 καὶ
560 1960 849 2032 μέλλουσιν
879 1962 927 2013 ot
955 1959 1179 2028 ἄγγελοι
1213 1958 1307 2012 τοῦ
1348 1958 1485 2013 Θεοῦ
1518 1959 1815 2031 παραλαμ-

1936 1969 2086 2025 .aturi
2109 1969 2179 2025 ad
2199 1968 2393 2035 Deum,
2412 1984 2614 2037 easque
2636 1968 2871 2023 oblaturi
2894 1966 3175 2037 unigenito
3190 1965 3330 2019 Filio
3352 1965 3504 2035 ejus:
3600 1980 3603 1985 '

231 2055 420 2110 δάνειν
460 2054 561 2123 τάς
586 2054 863 2126 ἡμετέρας
890 2052 1091 2123 ψυχὰς»,
1134 2052 1230 2105 καὶ
1280 2050 1613 2122 προσφέρειν
1643 2052 1815 2116 αὐτάς

1936 2066 2032 2125 iam
2070 2060 2349 2132 lampades
2387 2060 2565 2122 video,
2593 2061 2705 2129 jam
2739 2075 2973 2114 coronas
3004 2057 3367 2126 contemplor,
3392 2058 3505 2126 jam

234 2148 315 2217 τῷ
342 2148 625 2219 μονογενεῖ
662 2145 781 2217 Υίῷ
810 2143 905 2200 τοῦ
931 2144 1088 2199 Θεοῦ.
1106 2145 1236 2199 Ἰδοὺ
1260 2145 1358 2207 τάς
1386 2143 1677 2215 λαμπάδας
1703 2144 1815 2215 ὁρῶ

1936 2155 2112 2211 bravia
2144 2152 2454 2217 considero,
2492 2169 2615 2207 cum
2669 2153 2870 2222 quibus
2919 2151 3157 2206 caelestis
3199 2149 3397 2220 Sponsi
3449 2149 3503 2203 in

234 2242 333 2294 καὶ
362 2240 488 2303 τοὺς
516 2238 813 2307 στεφάνους
840 2237 1189 2301 κατοπτεύω,
1221 2235 1405 2291 καὶτὰ
1435 2236 1662 2307 βραδεῖα
1692 2253 1815 2289 στο-

1936 2248 2230 2303 thalamum
2264 2246 2617 2300 deducemur.
2672 2244 2878 2298 Deinde
2916 2243 2983 2297 ad
3024 2243 3245 2297 lictores
3276 2256 3509 2297 conver-

234 2331 510 2403 χάζομαις
558 2329 677 2402 μεθ’
699 2323 776 2384 ὧν
809 2327 887 2400 τῷ
923 2328 1018 2382 τοῦ
1055 2326 1311 2398 Νυμφίου
1354 2325 1820 2399 παραστησόμεθα

236 2424 471 2494 βήματι.
502 2424 613 2477 Καὶ
654 2421 830 2477 ταῦτα
863 2418 1071 2487 εἰπὼν,
1105 2418 1213 2487 ἔφη
1251 2420 1365 2483 τοῖς
1389 2418 1603 2489 δημίοις
1625 2437 1638 2450 ·
1677 2418 1742 2472 Et
1767 2436 1818 2472 τι

238 2511 335 2571 οὖν
380 2514 812 2587 προσετάχθητε,
843 2513 904 2567 τὸ
950 2512 1117 2583 τάχος
1168 2508 1713 2582 ποιήσατε.Ἔφησεν
1763 2509 1821 2562 δὲ

238 2609 338 2663 καὶ
374 2608 511 2680 πρὸς
554 2606 646 2661 τὸν
695 2603 999 2679 ἡγούμενον
1038 2603 1140 2673 τῆς
1187 2602 1368 2666 οἰκίας
1412 2601 1602 2668 αὑτοῦ,
1630 2600 1823 2671 στολὴν

239 2702 492 2774 καθαράν
517 2700 741 2774 κομίσαι
772 2696 953 2769 αὐτῷ,
982 2696 1057 2762 ὡς
1089 2695 1184 2750 ἐπὶ
1226 2695 1402 2766 γάμον
1438 2693 1532 2748 καὶ
1558 2692 1825 2764 νυμφῶνα

241 2794 590 2865 καλουμένῳ.
625 2793 737 2862 Τῆς
760 2791 819 2845 δὲ
842 2789 1106 2860 ἐλθούσης
1127 2788 1489 2858 ἐνδυσάμενος
1513 2786 1705 2861 αὐτὴν,
1729 2785 1825 2840 καὶ

239 2888 309 2958 τῇ
347 2886 491 2958 χειρὶ
534 2883 714 2952 δείξας
740 2883 831 2937 τὸν
861 2882 1045 2951 λόφον,
1072 2882 1131 2934 ὲν
1172 2874 1218 2948 ᾧ
1257 2878 1319 2934 τὺ
1361 2878 1632 2950 μακάριον
1660 2876 1823 2932 αὐτοῦ

243 2978 407 3048 σῶμα
440 2974 720 3043 διετάξατο
762 2974 1012 3046 τεθῆναι,
1045 2971 1187 3026 οὕτω
1226 2987 1287 3024 τε
1331 2970 1394 3024 τὸ
1440 2970 1571 3039 γόνυ
1602 2968 1827 3041 κάμψας

242 3070 475 3141 χαίρων,
503 3068 599 3124 καὶ
629 3067 976 3139 σχηματίσας
1016 3064 1210 3119 ἑαυτὸν
1239 3062 1379 3135 μετά
1408 3065 1517 3118 τῶν
1550 3065 1646 3117 σὺν
1677 3062 1828 3133 αύτῷ

243 3163 500 3232 ἑταίρων,
529 3161 640 3216 τῶν
673 3160 765 3215 τὸν
792 3159 1092 3232 νικηφόρον
1113 3155 1303 3227 ἀγῶνα
1321 3155 1710 3222 διανυσάντων,
1730 3154 1827 3227 τὴν

245 3272 310 3308 κε
317 3208 500 3325 φίλὴᾶ
1246 3208 1367 3322 ρίῳή
1380 3208 1482 3313 ,
1860 3208 1901 3267 c

246 3364 443 3416 φονται
484 3347 653 3417 ἄμφω
684 3347 868 3417 χοροῖς
915 3343 1234 3399 ἀποστόλων
1282 3358 1343 3395 τε
1393 3340 1490 3395 καὶ
1516 3338 1835 3412 μαρτύρων,

244 3437 454 3513 τούτων
486 3437 597 3508 γάρ
618 3436 719 3509 τὴν
748 3435 1026 3508 ἀνδρείαν,
1061 3436 1156 3490 καὶ
1181 3433 1407 3490 ἐκείνων
1440 3432 1534 3489 τὸν
1555 3431 1722 3487 καλὸν
1750 3432 1838 3504 ζῆ-

247 3532 342 3587 λον
371 3530 669 3596 ὲδείξαντο.
918 3582 919 3585 η

326 3621 416 3678 ια’.
456 3623 590 3676 Τότε
616 3619 878 3686 λαϐόντες
895 3621 945 3676 ot
965 3620 1153 3692 δήμιοι
1172 3619 1271 3691 τὴν
1297 3618 1542 3692 κεφαλὴν
1558 3617 1654 3672 τοῦ
1679 3617 1839 3687 ἁγίου

156 3772 161 3775 ,
250 3716 540 3783 Λογγίνου,
569 3713 775 3785 ταύτην
798 3713 1208 3786 προσφέρουσιν
1228 3712 1309 3783 τῷ
1340 3712 1585 3783 Πιλάτῳ·
1619 3709 1840 3780 καὶγὰρ

252 3808 394 3878 πρὸς
425 3806 586 3879 χάριν
617 3806 726 3861 τῶν
768 3806 1042 3862 Ἰουδαίων
1072 3805 1233 3859 τοῦτο
1255 3803 1582 3875 πεποίηκεν,
1613 3803 1741 3875 περὶ
1764 3795 1841 3856 ὧν

252 3898 446 3953 ἔλαϐεν
475 3900 795 3970 χρημάτων.
812 3899 904 3962 Ὠς
945 3898 1002 3952 δὲ
1024 3898 1281 3969 ἤνεγκαν
1309 3899 1358 3951 οί
1389 3896 1577 3967 δήμιοι
1609 3893 1708 3965 τὴν
1746 3910 1841 3948 κε-

250 3993 436 4071 φαλὴν
463 3992 560 4046 τοῦ
596 3994 753 4061 ἁγίου
779 3993 860 4065 εἰς
898 3991 1271 4061 Ἰερουσαλὴμ,
1312 3989 1643 4061 προστάττει
1686 3988 1715 4042 ὁ
1748 3988 1841 4042 Πιο

255 4081 419 4146 λάτος
446 4082 818 4153 ἐπιδειχθῆναι
842 4082 1011 4153 αὐτὴν
1039 4083 1156 4145 τοῖς
1201 4080 1497 4144 Ἰουδαίοις,
1531 4082 1645 4144 τοῖς
1672 4080 1842 4149 διψῶ-

258 4191 347 4227 σιν
376 4174 468 4229 τὺν
498 4174 729 4228 θάνατον
752 4173 942 4241 αὐτοῦ,
968 4172 1065 4227 καὶ
1098 4172 1293 4227 πολλοῦ
1322 4173 1553 4244 χρυσίου
1578 4173 1639 4227 τὸ
1659 4173 1845 4244 δρᾶμα

260 4265 520 4335 πωλήσας
570 4268 682 4328 τοῖς
730 4265 949 4319 εἰωθόσι
1005 4266 1283 4337 χρήμασιν
1317 4265 1572 4319 ὠνεῖσθαι
1620 4267 1689 4319 τά
1738 4264 1845 4319 τῶν

259 4355 489 4411 δικαίων
531 4357 760 4428 αἵματα.
794 4357 905 4411 Καὶ
934 4352 1036 4411 εἷθ’
1061 4357 1236 4420 οὕτως
1263 4357 1593 4429 προστάττει
1617 4358 1646 4411 ό
1676 4356 1846 4411 Πιλά-

257 4466 355 4513 τος
390 4450 611 4521 ῥιφῆναι
641 4448 739 4520 τὴν
772 4450 965 4520 τιμίαν
993 4450 1238 4521 κεφαλὴν
1266 4449 1360 4503 τοῦ
1394 4450 1551 4519 άγίου
1580 4451 1845 4519 Λογγίνου

1926 2354 2057 2404 sus,
2084 2338 2263 2407 inquit
2297 2356 2310 2391 :
2344 2336 2621 2406 Quidquid
2657 2334 2813 2390 vobis
2842 2333 3169 2405 imperatum
3205 2340 3290 2389 est
3320 2331 3512 2387 confe-

1928 2432 2054 2488 stim
2096 2429 2364 2501 perﬁcite.
2394 2427 2757 2498 Praepositum
2785 2441 2917 2482 vero
2950 2425 3146 2480 domus
3173 2440 3287 2479 sua:
3320 2423 3510 2478 stolam

1929 2524 2188 2579 mundam
2223 2521 2420 2577 aﬂ‘erre
2444 2520 2628 2591 jussit,
2660 2529 2917 2589 tanquam
2940 2516 3008 2572 ad
3036 2515 3261 2585 nuptias
3292 2515 3514 2569 festivas

1929 2625 2157 2673 vocatus
2189 2634 2201 2671 :
2235 2629 2466 2684 eamque
2514 2612 2737 2667 indutus
2759 2652 2774 2677 ,
2802 2617 2858 2666 et
2897 2625 3061 2665 manu
3096 2607 3393 2678 designans
3424 2615 3513 2660 tu-

1932 2709 2169 2773 mulum,
2200 2706 2255 2761 in
2296 2721 2407 2777 quo
2438 2706 2657 2760 beatum
2684 2717 2886 2773 corpus
2918 2715 3078 2757 suum
3111 2697 3332 2769 sepeliri
3364 2697 3514 2752 vole-

1931 2801 2044 2864 bat,
2079 2796 2413 2870 genullexit‘,
2445 2810 2614 2866 seque
2644 2794 2822 2865 ipsum
2871 2808 2996 2847 cum
3041 2790 3241 2854 sociis,
3273 2788 3515 2858 ejusdem

1933 2889 2214 2949 victoriosi
2265 2888 2455 2961 agonis
2508 2902 2694 2943 secum
2741 2885 3006 2957 ingressis
3054 2882 3295 2939 stadium
3326 2921 3342 2947 ,
3392 2888 3519 2949 apte

1935 2997 2294 3053 componens,
2337 2979 2516 3050 capite
2561 2978 2809 3033 minutus
2852 2985 2937 3032 est
2987 2976 3076 3030 die
3120 2974 3332 3029 decima
3366 2979 3518 3027 sexta

1935 3073 2142 3129 mensis
2170 3070 2447 3137 Octobris,
2476 3085 2778 3140 omnesque
2800 3067 2963 3124 simul
2994 3065 3217 3135 ascripti
3249 3072 3377 3119 sunt
3410 3073 3518 3119 tam

1936 3165 2307 3237 apostolorum
2340 3178 2503 3233 quam
2530 3170 2833 3233 martyrum
2859 3160 3065 3227 choris,
3085 3158 3214 3229 quia
3242 3167 3295 3213 et
3323 3157 3519 3211 horum

1937 3256 2354 3323 fortitudinem,
2405 3262 2462 3311 et
2512 3254 2734 3309 illorum
2780 3252 3105 3325 praeclarum
3158 3249 3335 3305 zelum
3382 3238 3525 3303 dsunt

1939 3349 2155 3406 imitati.

2010 3621 2100 3677 11.
2141 3618 2393 3675 Lictores
2422 3624 2607 3672 autem
2635 3620 3057 3684 assumpserth
3087 3610 3261 3666 sancti
3291 3608 3519 3680 Longini

1939 3721 2105 3785 caput
2131 3709 2494 3768 deferendum
2529 3709 2599 3764 ad
2630 3707 2885 3769 Pilatum,
2915 3704 3010 3774 qui
3058 3703 3112 3758 in
3157 3702 3384 3774 gratiam
3422 3700 3525 3755 .lu-

1939 3808 2181 3863 daaorum
2212 3803 2413 3860 eadem
2446 3802 2604 3857 istam
2635 3799 2939 3863 mandarat,
2964 3804 3187 3865 accepta
3223 3796 3290 3850 ab
3316 3794 3524 3849 eisdem

1941 3898 2174 3971 pecunia
2218 3897 2496 3953 inductus.
2532 3893 2603 3949 Ut
2638 3908 2769 3949 vero
2809 3889 3241 3960 Hierosolymam
3291 3886 3528 3940 advene-

1942 4000 2093 4056 runt,
2132 3989 2298 4061 jussit
2343 3988 2552 4043 Pilatus
2578 3984 2715 4040 illud
2748 3982 2994 4039 exhiberi
3032 3980 3237 4036 Iudaeis
3293 3988 3525 4032 mortem

1942 4084 2116 4141 sancti
2144 4081 2471 4145 sitientibus,
2497 4080 2669 4134 multo
2699 4092 2833 4132 auro
2860 4073 3108 4131 eamdem
3137 4072 3384 4127 vendens
3412 4071 3528 4140 jam

1943 4175 2178 4233 assuetis
2234 4174 2594 4231 innocentem
2648 4169 2970 4239 sanguinem
3031 4164 3264 4235 pecunia
3322 4176 3525 4214 cute-re.

1945 4267 2189 4323 l‘osthaec
2238 4263 2517 4318 mandavit
2552 4270 2702 4316 extra
2753 4258 2905 4314 urbis
2956 4263 3169 4325 portam
3221 4252 3385 4323 abjici
3441 4266 3529 4305 sa-

1944 4374 2099 4414 crum
2127 4364 2315 4426 caput,
2352 4353 2596 4409 terribile
2629 4349 2990 4411 daemonibus,
3032 4345 3267 4400 amabile
3297 4342 3528 4414 angelis,

1944 4450 2233 4507 elementis
2280 4447 2495 4503 cunctis
2537 4443 2943 4501 admirandum.
2982 4440 3164 4495 Jaeuit
3204 4437 3369 4508 igitur
3402 4443 3530 4489 ante

259 4537 369 4604 ἔξω
403 4538 507 4610 πρὸ
552 4542 653 4610 τῆς
714 4539 894 4612 πύλης
924 4539 1026 4610 τῆς
1057 4540 1288 4607 πόλεως,
1323 4540 1424 4610 τὴν
1454 4540 1695 4611 φοϐερὰν
1743 4540 1836 4612 μὲν

1946 4549 2131 4614 portas
2161 4548 2417 4609 tanquam
2447 4537 2739 4592 thesaurus
2768 4530 2967 4601 aliquis
2997 4526 3328 4584 inviolabilis
3358 4522 3457 4594 (ι’),
3476 4530 3532 4577 et

256 4634 374 4696 τοῖς
405 4632 647 4703 δαίμοσι,
678 4635 792 4696 τοῖς
831 4633 891 4686 δὲ
930 4632 1189 4702 ἀγγέλοις
1222 4631 1549 4703 ἐπέραστον,
1578 4632 1674 4686 καὶ
1706 4649 1836 4686 στοι·

1948 4631 2196 4703 quamvis
2243 4629 2449 4683 multus
2493 4625 2696 4681 ibidem
2751 4623 2914 4678 ﬁmus
2945 4627 3112 4683 esset,
3152 4617 3530 4685 incorruptum

258 4723 435 4793 χείοις
464 4722 1146 4795 θαυμαζομένην.Ἒκειτο
1170 4722 1351 4779 τοίνυν
1384 4723 1520 4795 πρὸς
1545 4723 1646 4793 τῆς
1674 4722 1836 4792 πύλης

1947 4730 2228 4779 servatum
2250 4729 2337 4776 est
2364 4717 2825 4790 pretiosissimum
2858 4710 3235 4783 margaritum,
3264 4716 3427 4777 atque
3456 4704 3530 4759 ibi

259 4815 456 4886 ὥσπερ
485 4833 569 4880 τις
600 4816 876 4887 θησαυρὸς
903 4816 1123 4882 ἄσυλος,
1154 4816 1363 4887 κόπρου
1392 4816 1448 4870 δὲ
1475 4815 1738 4887 πλείστης
1762 4813 1836 4869 οὖ·

1946 4816 2285 4887 sepulturam
2322 4812 2515 4867 habuit
2544 4828 2557 4864 :
2584 4810 2693 4864 imo
2722 4809 2841 4879 ipse
2873 4807 3036 4860 ﬁmus
3064 4803 3243 4858 eidem
3276 4815 3376 4871 pro
3405 4813 3531 4853 arca

262 4923 367 4977 σης
401 4908 604 4973 ἐκεῖσε,
637 4907 884 4980 ἀϐλαϐὴς
931 4907 1265 4980 διεφυλάχθη
1292 4910 1321 4962 ό
1351 4908 1722 4979 πολυτίμητος
1756 4907 1836 4961 τοί

1946 4910 2012 4964 ad
2050 4917 2264 4979 tempus
2312 4905 2437 4967 fuit,
2469 4900 2858 4975 longanimiter
2898 4906 3097 4969 agente
3129 4895 3261 4958 Deo,
3300 4901 3356 4947 et
3406 4908 3533 4961 pro-

262 4998 508 5070 Χριστοῦ
544 5001 916 5072 μαργαρίτης,
954 4999 1051 5055 καὶ
1082 5001 1256 5070 τάφος
1287 5000 1438 5070 αὐτῷ
1460 5000 1598 5063 τέως
1651 4999 1836 5070 μᾶλλω

1949 5002 2069 5057 vide
2098 5001 2448 5071 disponente,
2477 5005 2538 5052 ut
2576 5002 2891 5066 opportuno
2923 4999 3171 5060 tempore
3202 4986 3334 5040 illud
3378 4999 3535 5070 reve:

256 5090 324 5163 ,δὲ
357 5089 589 5155 κιϐωτὸς
638 5092 673 5161 ἡ
710 5093 914 5162 κόπρος
947 5088 1036 5164 ἦν,
1073 5090 1557 5164 μακροθυμοῦντος
1597 5091 1693 5144 τοῦ
1724 5090 1836 5161 φιλ-

1936 5094 2097 5156 ,Ιεηιεη
2129 5107 2291 5146 suum
2331 5104 2457 5162 erga
2490 5086 2743 5145 homines
2770 5097 3015 5139 amorem
3051 5077 3399 5136 manifestius
3436 5075 3533 5130 de-

258 5179 559 5257 ανθρώπου
588 5182 723 5236 Θεοῦ
757 5183 853 5237 καὶ
882 5185 944 5239 ὲν
972 5184 1180 5255 τούτῳ,
1210 5184 1524 5255 οἰκονομίας
1554 5185 1735 5254 χάριν.
1952 5185 2206 5241 clararet.

339 5268 430 5344 ιβ’·
468 5274 628 5346 Χήρα
655 5275 763 5348 γάρ
787 5293 871 5340 τις
907 5275 1074 5349 γυνὴ,
1115 5276 1218 5344 τῆς
1262 5275 1435 5347 αὐτῆς
1466 5273 1575 5329 τῶν
1604 5275 1836 5328 Καππα-

2025 5275 2116 5330 12.
2157 5272 2372 5329 Etenim
2421 5270 2584 5327 vidua
2618 5285 2687 5326 ex
2714 5266 3071 5340 Cappadociae
3113 5262 3339 5336 regione
3362 5299 3378 5322 .
3415 5273 3535 5314 cor-

1782 5426 2012 5484 ΝΟΤΕ.

339 5521 416 5593 (Ἰ)
457 5520 557 5577 Ms.
588 5520 651 5575 τὸ
678 5520 892 5575 στάδιον
920 5523 976 5576 αἱ
1004 5521 1208 5593 ἡμέραι
1238 5521 1331 5575 τοῦ
1365 5522 1544 5592 φωτὸς
1589 5521 1836 5593 παρῃτήτ

1950 5530 2219 5593 perpetuo
2240 5525 2590 5593 apparentem
2620 5516 2907 5593 quamdam
2932 5511 3203 5593 facemiis
3230 5510 3322 5580 (1ιή
3356 5517 3505 5593 trans

269 5576 461 5676 σαντὀ,
489 5593 667 5676 ήινυξ,
695 5601 824 5675 ete.,
858 5609 980 5673 quae
1106 5576 1551 5676 clarioranéssen't
1593 5576 1843 5676 nonnihil
1950 5576 2101 5646 ibant
2144 5576 2479 5676 cernendum
2528 5576 2808 5656 praebebat
2849 5595 2978 5665 ante
3024 5576 3339 5676 civitatein,
3372 5585 3427 5631 et
3478 5576 3532 5628 iu

270 5650 576 5744 immutavi,
603 5650 822 5719 librario
856 5650 1129 5735 iinputans
1154 5662 1299 5732 quod
1329 5662 1607 5718 festinanti
1635 5661 1846 5716 excide-
1950 5660 2294 5730 sterquilinio
2328 5650 2601 5727 jacentém
2633 5665 2889 5744 tanquam
2940 5654 2999 5708 in
3042 5654 3204 5708 domo
3232 5650 3377 5722 regia
3403 5662 3535 5701 con-

273 5733 596 5813 rit‘aliq‘uid,
727 5805 742 5813 _
925 5727 949 5813 ς
1042 5802 1087 5813 __
1133 5810 1139 5813 _
1171 5727 1187 5732 ’
1220 5803 1233 5813 _
1372 5803 1383 5813 _
1463 5804 1476 5813 _
1686 5803 1727 5813 ﬂ
1766 5801 1779 5813 .
1816 5780 1839 5813 _._
1952 5727 2223 5789 servatam
2261 5740 2378 5786 tuto
2405 5727 2744 5799 protegebat.
2782 5745 2801 5777 ι
3310 5754 3313 5757 -

345 5805 411 5875 (ι’)
458 5801 632 5861 (litata
660 5805 763 5862 sub
789 5802 1011 5861 nomine
1041 5802 1416 5875 Metaphrastis
1449 5804 1614 5859 Acta:
1644 5821 1661 5855 ι
1686 5801 1847 5860 Velut
