4006 6404
570 403 590 458 1
604 398 708 459 355

1756 398 2124 461 HESYCHII
2157 401 2635 464 PRESBYTER!

3700 402 3824 471 1556

569 508 754 578 porcis
802 506 976 573 oculis
1024 505 1264 571 amissis,
1298 505 1402 562 fide
1437 505 1717 576 superavit
1757 507 2142 572 infirmitatem,

2255 511 2425 565 δοκῶν
2451 509 2636 581 χώρας
2661 508 3007 578 ὑπάρχουσα,
3039 507 3362 578 μονογενοῦς
3398 508 3595 563 τέκνου
3634 515 3824 582 μήτηρ,

570 612 624 654 et
656 618 778 654 cum
818 600 1102 672 unigenito
1136 600 1245 656 filio
1279 616 1380 655 suo
1402 599 1706 655 Jerusalem
1738 600 1991 665 advenit,
2026 617 2151 672 spe-

568 709 699 749 rans
747 709 807 749 se
855 710 1005 749 sacra
1062 694 1379 749 adorantem
1434 693 1550 748 loca
1577 692 1755 748 visum
1806 693 2149 764 deperditum

568 796 1046 856 recuperaturam.
1080 787 1152 842 Ut
1199 786 1364 857 igitur
1412 785 1506 840 filii
1555 787 1640 841 sui
1699 802 1862 840 manu
1917 786 2150 842 deducta

569 880 788 952 collegit
814 897 983 936 sacrae
1016 890 1175 936 terrae
1203 880 1507 951 pulverem,
1544 894 1749 949 eosque
1776 878 1949 934 oculis
1985 880 2152 950 coepit

570 974 815 1029 studiose
863 974 1169 1044 applicare,
1213 975 1257 1028 si
1291 973 1431 1028 forte
1468 973 1521 1027 in
1562 972 1627 1026 iis
1674 973 1938 1043 reperiret
1980 974 2150 1045 colly-

569 1064 710 1120 rium
741 1067 876 1120 visui
907 1066 1212 1136 reparando
1243 1065 1532 1131 idoneum;
1559 1065 1740 1119 subito
1763 1080 1830 1119 ex
1857 1066 2151 1135 improviso

571 1159 796 1211 morbus
861 1175 1090 1227 puerum
1154 1159 1373 1220 invasit.
1419 1167 1779 1233 maternoque
1839 1158 2068 1213 abstulit
2120 1174 2151 1212 e

571 1250 878 1320 complexu.
913 1251 1098 1320 Itaque
1146 1250 1434 1322 geminata:
1488 1258 1616 1304 sunt
1663 1251 1710 1303 ei
1766 1250 2040 1315 tenchrfc,
2087 1265 2151 1306 ac

569 1359 709 1413 pene
744 1346 809 1397 ad
843 1354 1085 1399 extrema
1134 1344 1363 1398 deducta
1394 1352 1495 1405 est,
1532 1342 1888 1397 intolerabilis
1914 1342 2149 1397 infortu-

570 1434 647 1489 nii
699 1437 1065 1490 succumbens
1099 1436 1389 1490 calamitati
1425 1451 1438 1488 :
1469 1436 1805 1489 miserabiles
1834 1445 2015 1490 autem
2053 1451 2149 1489 vo-

569 1539 663 1581 ces
713 1528 779 1582 ad
832 1526 1000 1581 Deum
1030 1528 1242 1597 jactans
1273 1544 1285 1580 :
1321 1526 1637 1596 Usquequo,
1670 1526 1867 1597 inquit,
1900 1527 2146 1595 Domine,

569 1618 910 1675 oblivisceris
938 1620 991 1673 in
1026 1620 1185 1674 finem
1202 1620 1227 1672 ἰι
1246 1619 1541 1690 Usquequo
1564 1620 1766 1674 avertis
1783 1619 1974 1676 faciem
2001 1629 2146 1675 tuam

567 1728 597 1765 a
638 1712 764 1766 me?
800 1711 1092 1782 Usquequo
1142 1727 1338 1781 ponam
1387 1712 1611 1766 consilia
1664 1712 1715 1765 in
1770 1713 1950 1766 anima
2004 1728 2143 1776 mea,

565 1806 784 1861 dolores
818 1806 869 1860 in
909 1808 1072 1860 corde
1125 1822 1247 1859 meo
1282 1806 1370 1860 die
1418 1821 1481 1860 ac
1531 1805 1731 1860 nocte?
1767 1805 2016 1875 Respice,
2050 1821 2145 1859 ex-

2252 605 2380 668 τοὺς
2417 603 2731 673 ὀφθαλμοὺς
2754 600 2849 655 τοῦ
2881 600 3133 672 σώματος
3164 602 3540 666 ἀποϐαλοῦσα,
3574 605 3753 659 πίστει
3774 609 3827 659 τὸ

2254 696 2427 760 πάθος
2465 696 2757 766 νικήσασα,
2790 693 2929 765 μετά
2975 692 3069 748 τοῦ
3124 693 3454 764 μονογενοῦς
3495 695 3695 749 τέκνου
3740 698 3827 769 τήν

2263 788 2619 860 Ἰερουσαλὴμ
2644 784 2965 851 κατέλαϐεν,
2986 785 3174 840 ἐνθάδε
3198 788 3564 857 προσδοκῶσα
3587 790 3653 858 τῇ
3672 805 3828 859 προσ.

2253 882 2478 952 κυνήσει
2501 880 2610 933 τῶν
2633 879 2807 949 ἀγίων
2830 878 3013 933 τόπων
3035 879 3164 942 τοὺς
3183 877 3502 948 ὀφθαλμοὺς
3520 878 3827 934 ἀπολαϐεῖν.

2263 974 2353 1039 Ὠς
2381 975 2474 1029 οῦν
2504 972 2998 1046 χειραγωγουμένη
3036 972 3143 1026 ὑπὸ
3172 970 3270 1026 τοῦ
3305 971 3443 1026 ίδίου
3476 971 3676 1026 τέκνου
3716 989 3831 1026 aw-

2250 1070 2384 1138 ἦγεν
2431 1069 2525 1121 τὸν
2572 1067 2701 1140 χοῦν
2748 1067 2847 1138 τῆς
2892 1064 3021 1135 γῆς,
3055 1064 3151 1120 καὶ
3196 1066 3310 1129 τοῖς
3355 1065 3510 1128 ίδίοις
3543 1064 3831 1134 ὀφθαλμοῖς

2252 1163 2546 1225 ἐσκέπτετο
2575 1160 3031 1223 καταπλάσασθαι
3058 1159 3269 1224 τοῦτον,
3307 1157 3440 1223 ίσως
3470 1161 3532 1213 ἐν
3569 1158 3724 1229 αὐτῷ
3751 1160 3832 1211 εύ-

2254 1256 2460 1329 ρίσκειν
2494 1254 2857 1328 προσδοκῶσα
2889 1252 2984 1307 τοῦ
3038 1253 3214 1323 φωτὸς
3259 1251 3552 1323 κολλύριον
3597 1250 3737 1321 πρὸς
3780 1249 3830 1308 τὸ

2250 1346 2569 1418 ἀναϐλέψαι,
2598 1345 2796 1415 ἀθρόον
2823 1344 3061 1416 ἐπῆλθεν
3085 1344 3241 1409 νόσος
3290 1343 3370 1415 τῷ
3420 1344 3720 1413 μονογενεῖ
3746 1343 3829 1394 αύ-

2248 1441 2347 1509 τῆς
2394 1438 2516 1509 υἱῷ,
2545 1438 2638 1491 καὶ
2683 1438 3013 1507 ἀφήρπασεν
3059 1435 3222 1489 αὑτὸν
3274 1436 3339 1489 ἐκ
3389 1435 3502 1489 τῶν
3558 1434 3830 1505 μητρικῶν

2248 1532 2469 1604 χειρῶν.
2502 1530 2633 1585 Τότε
2662 1529 2884 1583 διπλοῦν
2923 1529 3059 1599 αὐτῇ
3088 1528 3150 1582 τὸ
3175 1528 3373 1593 σκότος
3397 1526 3513 1581 τῶν
3542 1524 3828 1597 ὀφθαλμῶν

2248 1625 2484 1693 ἐπῆλθεν
2511 1664 2523 1685 ,
2566 1623 2662 1686 καὶ
2706 1622 2928 1686 τελείως
2977 1621 3345 1676 ἀπεσϐέννυτο
3390 1620 3471 1691 τῷ
3518 1620 3827 1692 δριμυτάτῳ

2249 1715 2410 1769 πάθει
2456 1716 2556 1783 τῆς
2606 1714 2927 1789 συμφορᾶςο
2975 1714 3008 1782 ἠ
3044 1711 3103 1775 δὲ
3131 1710 3359 1783 οίκτρὰς
3395 1711 3590 1779 φωνὰς
3639 1709 3821 1779 βοῶσα,

2249 1808 2385 1880 πρὸς
2430 1808 2519 1861 τὸν
2565 1806 2700 1859 Θεὸν
2744 1805 2932 1874 ἔλεγεν
2954 1820 2967 1837 '
3000 1802 3147 1867 Ἕως
3182 1803 3336 1868 πότε,
3366 1802 3569 1873 Κύριε,
3601 1800 3822 1871 ἐπιλήσῃ

563 1901 723 1965 andi,
759 1900 1019 1955 miserere
1051 1900 1193 1967 mei,
1230 1899 1453 1977 Domine
1492 1899 1634 1953 Deus
1668 1915 1822 1954 meus
1856 1915 1871 1953 :
1902 1898 2142 1953 illumina

2254 1886 2355 1970 μου
2390 1898 2469 1962 είς
2498 1898 2691 1964 τέλος;
2742 1895 2850 1961 ξως
2884 1894 3014 1949 πότε
3051 1894 3418 1971 ἀποστρέφεις
3448 1893 3512 1946 τὺ
3543 1894 3821 1964 πρότωπέν

449 1978 458 1989 ’
562 1992 751 2047 oculos
782 2007 933 2046 meos
977 1992 1265 2062 nequando
1308 2002 1529 2061 propter
1562 1990 1812 2045 mmroris
1858 1999 1911 2045 et
1957 1990 2136 2046 luctus

2245 2008 2337 2045 σου
2370 1989 2662 2060 ἅπ“ὲμοῦ;
2713 1990 2820 2051 ἕως
2870 1988 3018 2052 τίνος
3065 1986 3305 2058 θήσομαι
3354 1985 3554 2057 βουλὰς
3596 1986 3656 2038 ὲν
3685 1984 3819 2057 ψυχῇ

562 2082 991 2153 magnitudinem
1042 2083 1340 2137 absorbear
1384 2096 1415 2136 a
1466 2090 1661 2135 morte.
1702 2080 1948 2147 Domine,
2004 2097 2135 2136 num

2245 2101 2368 2155 μου,
2399 2082 2590 2146 ὀδύνας
2618 2084 2675 2135 ἐν
2701 2080 2902 2157 καρδίᾳ
2927 2096 3028 2154 μου
3053 2077 3267 2151 ἡμέρας
3292 2078 3390 2130 καὶ
3417 2076 3657 2141 νυκτός;
3687 2076 3822 2130 Ἐπί-

564 2173 681 2226 sola
713 2188 812 2243 ego
841 2189 1007 2243 super
1039 2182 1236 2228 terram
1266 2171 1566 2242 peccatrix,
1589 2172 1733 2241 quod
1759 2172 1812 2225 in
1842 2181 1949 2225 tam
1981 2187 2139 2227 seve-

2245 2176 2458 2246 δλεψον,
2475 2176 2816 2236 είσάκουσον,
2849 2171 3071 2243 ἐλέησόν
3097 2187 3186 2252 με,
3202 2168 3376 2241 Κύριε
3393 2171 3423 2223 ὁ
3438 2168 3574 2232 Θεός
3593 2185 3714 2238 μου,
3732 2159 3822 2220 καὶ

562 2280 683 2317 rum
714 2263 954 2319 adducar
980 2263 1284 2334 judicium?
1309 2263 1470 2318 Certe
1520 2279 1625 2317 non
1677 2278 1778 2333 ego
1829 2263 1982 2333 pejor
2016 2276 2137 2316 sum

2245 2269 2477 2336 φώτισον
2506 2268 2635 2330 τοὺς
2663 2264 2975 2336 ὀφθαλμούς
3009 2280 3111 2334 μου
3132 2303 3147 2328 ,
3186 2262 3260 2335 μή
3291 2277 3423 2321 ποτε
3454 2260 3565 2313 ὑπὸ
3601 2258 3701 2330 τῆς
3730 2275 3820 2312 περ

561 2357 869 2422 meretrice,
901 2374 1062 2427 quam
1107 2356 1398 2427 suscepisti
1437 2355 1531 2419 tibi
1579 2365 1854 2427 unguenta
1902 2354 2139 2410 afferen-

2250 2356 2567 2429 ρισσοτὲρας
2598 2356 2777 2426 λύπης
2806 2356 2902 2409 καὶ
2930 2353 3124 2424 ὀδύνης
3140 2350 3441 2407 καταποθῶ
3466 2353 3550 2414 εἰς
3578 2349 3819 2405 θάνατον.

560 2458 692 2509 tem.
739 2449 821 2504 Me
856 2465 986 2505 vero
1030 2450 1459 2505 infelicissimam
1500 2458 1556 2503 et
1592 2448 1874 2503 oculorum
1908 2447 2138 2512 lumine,

2245 2450 2441 2521 Κύριε,
2472 2448 2547 2521 μὴ
2594 2448 2731 2520 μόνη
2786 2444 2900 2516 ἐγὼ
2930 2446 3025 2500 ἐπὶ
3059 2447 3161 2517 τῆς
3201 2445 3305 2516 γῆς
3334 2445 3669 2516 ἁμαρτωλὸς
3696 2459 3820 2511 τυγο

558 2554 613 2598 et
648 2544 927 2616 unigenito
977 2545 1087 2601 filio
1119 2545 1347 2617 privasti
1377 2562 1391 2597 :
1428 2559 1605 2624 neque
1653 2543 1823 2605 ullubi
1858 2544 2023 2598 relata
2054 2551 2140 2597 est

2246 2543 2393 2614 χάνω
2415 2583 2430 2607 ,
2463 2524 2545 2596 ὅτι
2576 2542 2671 2605 τὰς
2702 2541 2862 2605 δίκας
2885 2539 3090 2604 ταύτας
3116 2539 3470 2613 δρυμυτάτας
3503 2539 3822 2611 εἰσπράττο-

559 2636 748 2691 salutis
773 2653 919 2708 spes.

2249 2650 2346 2712 μαι
2368 2649 2384 2699 ;
2416 2632 2785 2702 Δέσποτα,’μὴ
2813 2630 3012 2700 χείρων
3034 2629 3152 2701 είμὶ
3178 2632 3278 2701 τῆς
3305 2630 3538 2713 πόρνης,
3563 2630 3634 2699 ἦν
3662 2644 3822 2700 προσ·

559 2730 724 2794 εδέξω
762 2730 935 2801 μύρον
966 2748 1046 2785 σοι
1074 2728 1572 2803 προσκομίζουσαν,
1610 2731 1708 2802 ἐμὲ
1744 2730 1799 2784 δὲ
1827 2730 1924 2800 τὴν
1949 2727 2294 2798 ταλαίπωρον
2323 2725 2491 2797 μόνην
2522 2725 2618 2778 καὶ
2686 2723 2748 2785 τὸ
2807 2723 2924 2800 φῶς
2986 2724 3310 2798 ἐστέρησας,
3338 2780 3343 2783 η
3376 2723 3474 2777 καὶ
3514 2722 3613 2777 τὸν
3667 2737 3821 2793 μονο-

558 2824 692 2891 γενῆ
722 2842 823 2895 μου
851 2825 967 2877 υἱὸν
998 2824 1212 2881 ἐλαϐετ.
1242 2824 1334 2878 καὶ
1360 2824 1459 2877 οὐκ
1490 2824 1636 2877 ἔστιν
1672 2825 1761 2890 μοί
1793 2824 1958 2877 ποθεν
1985 2823 2144 2884 ἐλπὶς
2186 2818 2484 2890 σωτηρίας.

632 2915 716 2968 15.
760 2914 876 2969 Tali
915 2926 1133 2996 tamque
1178 2914 1555 2976 inconsolabili
1584 2916 1637 2969 in
1675 2916 1820 2969 luctu
1857 2929 1980 2969 cum
2014 2929 2142 2983 peri

2317 2917 2407 2980 ιγ’.
2442 2911 2532 2975 Ὦς
2561 2909 2618 2964 δέ
2656 2905 2725 2982 ἦν
2751 2910 2811 2963 ἐν
2843 2908 3011 2986 πολλῇ
3058 2907 3234 2989 θλίψει
3275 2908 3369 2962 καὶ⁸
3398 2908 3825 2981 ἀπαραμυθήτῳ

559 3014 838 3064 severaret
871 3006 1070 3061 misera
1091 3049 1106 3076 ,
1139 3007 1391 3077 apparuit
1424 3007 1718 3065 dormienti
1753 3009 1810 3060 Β.
1843 3006 2139 3076 Longinus,

2245 3006 2452 3072 πένθει,
2485 3007 2733 3078 φαίνεται
2767 3006 2904 3079 αὕτῇ
2936 3005 3063 3069 καθ’
3083 3004 3252 3060 ὓπνον
3271 3004 3300 3057 ό
3328 3004 3605 3076 μακάριος
3624 3008 3822 3075 Λογγῖ-

502 3134 509 3135 κ
557 3104 615 3151 et
642 3096 903 3167 quidquid
934 3098 1076 3153 circa
1107 3114 1167 3153 se
1199 3106 1407 3169 gestum
1439 3109 1585 3156 esset
1614 3100 1790 3157 eidem
1824 3099 2139 3154 manifesta-

2245 3118 2353 3167 νος,
2376 3099 2470 3154 καὶ
2503 3098 2685 3155 πάντα
2712 3100 2851 3172 αὐτῇ
2878 3098 2946 3154 τά
2974 3098 3099 3153 καθ’
3121 3099 3315 3153 ἐαυτὸν
3340 3098 3668 3170 διηγήσατο.
3687 3099 3822 3169 Ἐ’γώ

556 3190 679 3245 vit:
715 3176 825 3269 Ego
848 3232 863 3255 ,
900 3190 1186 3261 inquiens,
1238 3191 1521 3258 Longinus
1568 3192 1818 3247 centurio
1868 3207 2010 3263 sum,
2047 3192 2141 3259 qui

2245 3195 2380 3265 είμι,
2411 3193 2612 3263 λέγων,
2643 3194 2905 3263 Λογγῖνος
2931 3192 2960 3245 ό
2992 3191 3460 3269 Ἑκατόνταρχος,
3496 3192 3525 3243 ὁ
3555 3193 3822 3262 ὁμολογή-

558 3282 661 3336 sub
694 3268 856 3337 cruce
885 3282 1173 3338 Dominum
1203 3282 1388 3338 Jesum
1422 3283 1698 3338 Christum
1730 3299 1860 3338 vere
1912 3284 2004 3338 Dei
2053 3283 2139 3338 Fi-

2245 3303 2345 3350 σας
2379 3286 2472 3339 ἐπὶ
2509 3285 2605 3341 τοῦ
2642 3283 2878 3357 σταυροῦ
2910 3283 3002 3338 τὸν
3036 3286 3242 3356 Κύριον
3272 3283 3431 3357 ἡμῶν
3466 3283 3676 3355 Ἰησοῦν
3696 3287 3823 3355 Χρι-

559 3372 691 3437 lium
738 3388 859 3429 esse
905 3375 1201 3430 confitebar
1232 3393 1247 3430 :
1280 3386 1469 3431 notum
1514 3377 1677 3447 igitur
1720 3376 1792 3430 sit
1829 3375 1957 3439 tibi,
1992 3376 2138 3446 quod

2245 3379 2389 3443 στὸν,
2424 3379 2506 3432 ὅτι
2532 3376 2749 3449 ἀληθῶς
2793 3375 2927 3430 Θεοῦ
2963 3375 3079 3440 υίός
3107 3377 3256 3430 ἐστιν
3286 3367 3475 3439 οὗτος·
3520 3377 3649 3429 ὅθεν
3693 3378 3820 3430 ἀπο-

558 3462 765 3518 Pilatus
805 3464 925 3520 falsi
970 3466 1217 3521 criminis
1245 3482 1624 3523 meaccusans
1657 3467 1927 3523 Caesarem
1969 3467 2140 3521 inter-

557 3557 800 3631 pellavit.
835 3559 994 3628 cujus
1038 3559 1191 3628 jussu
1241 3568 1513 3615 resectum
1566 3560 1697 3614 mihi
1749 3568 1914 3631 caput
1956 3568 2058 3629 est.
2087 3567 2141 3614 et

560 3649 669 3714 huc
698 3649 957 3715 delatum,
986 3660 1149 3731 atque
1174 3660 1325 3714 extra
1360 3651 1640 3717 civitatem
1672 3653 1979 3723 projectum
2012 3666 2139 3705 oon-

561 3741 865 3806 ferentibus
898 3744 954 3809 in
989 3743 1093 3798 hoc
1142 3744 1319 3814 ipsum
1355 3743 1615 3813 pecunias
1644 3743 1955 3797 Iudaeorum
2002 3758 2139 3811 pue-

2242 3466 2502 3520 καλύπτω
2548 3482 2651 3531 σοι,
2689 3466 2768 3519 ὅτι
2799 3464 3033 3527 Πιλάτος
3057 3464 3180 3518 κατ’
3203 3464 3340 3536 ἐμοῦ
3368 3463 3546 3534 ψευδῆ
3578 3466 3819 3536 δημηγο-

2244 3558 2417 3633 ρήσας
2446 3556 2682 3630 ἐρεθίζει
2713 3556 2805 3610 τὸν
2835 3555 3111 3627 Καίσαρα,
3135 3555 3233 3610 καὶ
3260 3555 3559 3626 ἀποτέμνει
3592 3574 3697 3627 μου
3725 3559 3818 3626 τὴν

2241 3647 2504 3718 κεφαλὴν,
2540 3646 2633 3700 καὶ
2664 3643 2896 3700 ἐνταῦθα
2931 3644 3168 3713 κομίζει,
3204 3644 3300 3698 καὶ
3331 3644 3517 3714 ῥίπτει
3570 3645 3680 3711 ἔξω
3725 3646 3815 3714 τῆς

2240 3738 2755 3802 πόλεως,’ῐουδαίων
2785 3737 2842 3791 δὲ
2886 3737 3075 3800 παῖδες
3099 3737 3175 3810 (8)
3217 3736 3522 3809 χρημάτων
3567 3736 3682 3807 ὠνῇ
3732 3736 3816 3789 καὶ

560 3834 657 3897 ris.
693 3832 807 3888 Sub
838 3834 1180 3903 sterquillnio
1222 3834 1404 3904 itaque
1452 3833 1724 3909 sepultum
1773 3832 1901 3886 illud
1944 3842 2048 3896 est,
2081 3839 2140 3887 ut

2245 3830 2399 3884 τοῦτο
2446 3831 2855 3901 συνεφώνησαν.
2896 3830 3118 3902 Κύπρος
3165 3829 3346 3884 τοίνυν
3392 3828 3632 3899 πλείστη
3683 3828 3812 3899 αὐτῇ

559 3925 653 3989 tibi
682 3942 993 3989 servareznr
1033 3942 1152 3982 sors
1184 3926 1271 3979 illa
1301 3926 1366 3980 ad
1401 3927 1691 3991 sanitatem
1725 3925 2081 3994 plurimorum
2120 3941 2135 3987 ι

2245 3922 2599 3991 σεσώρευται,
2631 3922 2773 3976 ὥστε
2820 3938 2901 3976 σοι
2950 3922 3058 3976 ἔδει
3106 3922 3450 3993 φυλαχθῆναι
3478 3920 3576 3974 τὸν
3621 3921 3813 3992 κλῆρον

557 4016 738 4070 statim
777 4017 977 4086 quippe
1007 4031 1071 4081 ac
1105 4018 1429 4073 revelaverls
1458 4017 1753 4072 indicatum
1787 4016 1880 4071 tibi
1911 4017 2137 4071 thesau-

2245 4014 2429 4069 τοῦτον
2458 4016 2596 4087 πρὸς
2623 4014 2902 4086 ἰατρείανο
2930 4014 3049 4086 ἅμα
3079 4016 3190 4086 γὰρ
3221 4014 3390 4087 αὐτὴν
3420 4012 3811 4083 ἀνακαλύψας,

538 4100 679 4160 rum
706 4149 719 4173 ,
747 4108 935 4162 oculos
974 4116 1094 4171 tuos
1125 4109 1358 4181 recipies
1381 4149 1398 4176 ,
1433 4110 1632 4165 deinde
1665 4121 1721 4165 et
1769 4124 1999 4180 puerum
2038 4108 2136 4163 tibi

2245 4106 2364 4170 τοὺς
2389 4105 2702 4183 ὀφθαλμούς
2732 4122 2824 4159 σου
2853 4105 3147 4177 ἀπολήψει,
3165 4103 3262 4159 εἷθ’
3284 4104 3458 4170 οὕτως
3481 4107 3812 4177 παραστήσω

556 4199 739 4249 vivum
777 4196 962 4252 sistam
988 4213 1111 4257 cum
1141 4199 1330 4269 gloria,
1367 4200 1513 4256 unde
1546 4216 1655 4256 non
1687 4200 1962 4256 mediocre
1993 4199 2138 4267 sola-

2245 4214 2325 4261 σοι
2354 4198 2449 4251 καὶ
2474 4198 2567 4251 τὸν
2598 4196 2766 4253 παῖδα
2790 4196 2971 4262 ζῶντα
3003 4196 3143 4268 μετὰ
3170 4195 3349 4264 δόξης,
3372 4194 3456 4250 ὅτι
3486 4212 3584 4249 σου
3616 4194 3678 4249 τὸ
3697 4194 3813 4249 πέν-

556 4305 681 4353 mcn
710 4288 889 4343 luctus
923 4300 1047 4353 tuus
1070 4292 1324 4363 accipiet.

2245 4291 2328 4355 θος
2358 4290 2420 4355 οὐ
2452 4289 2685 4362 μετρίως
2705 4287 3103 4361 παρακαλέσει.

625 4381 712 4435 14.
754 4381 978 4447 Talibus
1026 4384 1210 4446 verbis
1260 4385 1539 4439 consolata
1586 4382 1749 4439 simul
1783 4392 1839 4441 et
1880 4385 2131 4443 roborata

2306 4381 2390 4437 ιδ’.
2431 4382 2655 4446 Τούτοις
2681 4378 2774 4437 οὖν
2804 4383 2918 4446 τοῖς
2945 4381 3126 4451 λόγοις
3156 4379 3582 4452 παρακληθεῖσα
3601 4382 3635 4451 ἠ
3658 4379 3808 4450 γυνὴ.

552 4472 771 4538 mulier,
806 4483 995 4544 utpote
1039 4474 1215 4530 ﬁdelis
1250 4491 1362 4531 non
1393 4477 1578 4532 minus
1632 4491 1795 4546 quam
1845 4490 2131 4546 generosa,

2245 4474 2370 4547 5μοῦ
2397 4476 2491 4530 καὶ⁵
2523 4474 2860 4547 νευρωθεῑσα
2888 4473 2965 4537 ὼς
2995 4473 3222 4545 ἀνδρεία
3246 4474 3342 4527 καὶ
3370 4472 3566 4543 πιστὴ,
3593 4474 3729 4543 πρὸς
3756 4470 3810 4526 τὸ

552 4564 711 4647 petiit
740 4566 807 4620 ad
833 4568 1013 4622 locum
1052 4568 1271 4633 diduci,
1307 4569 1364 4622 in
1391 4584 1552 4640 quem
1580 4569 1855 4639 deportari
1888 4567 2072 4621 fimum
2101 4581 2131 4620 a

2245 4566 2395 4638 ἔργον
2425 4566 2706 4637 ἠπείγετο,
2740 4564 3220 4641 χειραγωγηθεῖσα
3243 4564 3381 4638 πρὸς
3409 4564 3505 4619 τὸν
3530 4563 3729 4635 χῶρον,
3758 4563 3809 4615 ἐν

553 4656 671 4715 suis
698 4656 1021 4719 ductoribus
1057 4657 1279 4722 dedicit,
1315 4659 1410 4730 qui
1458 4668 1513 4715 et
1560 4658 1660 4730 ipsi
1705 4658 1890 4714 ﬁdeles
1922 4664 2076 4713 erant
2114 4674 2127 4710 :

2245 4651 2277 4727 ᾧ
2326 4657 2531 4724 κόπρον
2575 4657 2916 4733 σωρευθῆναι
2958 4655 3260 4725 ἐμάνθανεν
3295 4655 3448 4730 παρά
3494 4656 3608 4710 τῶν
3652 4654 3808 4725 αὐτὴν

550 4762 789 4825 cumque
838 4765 905 4804 eo
954 4749 1305 4813 advenisset,
1356 4750 1617 4815 continuo
1665 4751 1833 4820 coepit
1878 4749 2131 4811 manibus

2245 4749 2571 4820 isqyouytwv
2594 4789 2609 4814 ,
2645 4749 2740 4813 καὶ
2769 4748 2951 4811 αὐτῶν
2979 4748 3187 4802 πιστῶν
3210 4747 3383 4802 ὄντων
3402 4763 3417 4777 ⁸
3450 4747 3555 4819 ῆδη
3592 4746 3651 4801 δὲ
3680 4746 3806 4818 φθα-

551 4839 822 4909 scalpere,
863 4851 918 4908 et
952 4841 1044 4896 Del
1074 4852 1270 4911 agente
1311 4843 1654 4915 providentia
1688 4842 1939 4899 celeriter
1973 4858 2132 4912 repe-

2245 4843 2446 4897 πάντων
2480 4843 2562 4905 είς
2592 4841 2685 4895 τὸν
2718 4840 3077 4913 προκείμενον
3101 4841 3287 4905 τόπον,
3306 4840 3540 4911 ἄρχεται
3566 4840 3809 4911 ὀρύσσειν

551 4930 625 4983 rit
666 4933 1033 4997 venerandum
1081 4943 1264 5011 caput,
1293 4923 1348 4993 et
1382 4934 1512 4987 solis
1541 4934 1721 4988 radios
1764 4933 1956 4989 intuita
1993 4942 2078 4989 est
2115 4951 2129 4989 :

2245 4937 2350 5001 ταῖς
2376 4934 2533 4996 ίδίαις
2554 4932 2771 5004 χερσίψ
2797 4932 2920 4986 ὅθεν
2940 4932 3171 5004 προνοίᾳ⁴
3192 4930 3330 4985 Θεοῦ
3360 4932 3552 5002 τάχιον
3584 4929 3809 5003 εύροῦσα

552 5020 730 5102 ipsum
762 5037 892 5077 vero
926 5025 1295 5094 complectens
1324 5039 1387 5079 ac
1418 5024 1659 5093 studiose
1684 5024 1910 5087 abluens
1936 5034 1992 5081 et
2026 5041 2130 5080 un-

552 5110 768 5179 guentis
800 5102 1063 5170 condiens
1089 5116 1347 5185 pretiosis
1370 5157 1385 5182 ,
1422 5132 1665 5188 regressa
1701 5125 1785 5172 est
1833 5117 1887 5171 in
1938 5117 2130 5173 civita-

552 5214 683 5270 tem,
718 5218 905 5259 secum
934 5207 989 5261 in
1015 5223 1176 5263 suum
1226 5209 1527 5281 hospitium
1558 5210 1813 5278 deferens
1837 5210 2131 5277 inaastima-

551 5294 659 5350 bile
708 5298 1082 5367 margaritum.
1118 5298 1290 5356 Nocte
1337 5316 1469 5357 vero
1518 5302 1771 5372 sequenti
1824 5316 2042 5356 rursum
2076 5301 2128 5357 ei

550 5397 771 5444 sanctus
811 5388 1088 5463 Longinus
1117 5392 1320 5459 astitit,
1349 5394 1415 5449 ad
1461 5394 1599 5449 latus
1631 5409 1787 5447 suum
1821 5392 2029 5447 habens
2060 5392 2127 5446 il-

553 5475 658 5541 lius
690 5474 856 5541 tilium
892 5478 1240 5561 splendidum
1269 5498 1332 5538 ac
1359 5483 1818 5555 subridentemct
1842 5482 1986 5543 velut
2020 5497 2124 5545 nu—

2233 5028 2334 5097 τὴν
2362 5025 2552 5097 τιμίαν
2578 5024 2658 5096 τῷ
2689 5025 2810 5096 Θεῷ
2839 5025 3085 5096 κεφαλὴν
3106 5067 3121 5093 ,
3154 5024 3501 5097 παραχρῆμα
3530 5023 3637 5089 τάς
3667 5024 3807 5093 ἡλια-

2238 5119 2340 5182 κὰς
2387 5120 2614 5183 ἀκτῖνας
2658 5118 2941 5174 ἐθεάσατο.
2973 5116 3432 5191 Περιπτυξαμένη
3463 5116 3522 5171 δέ
3552 5118 3651 5171 καὶ
3683 5113 3806 5171 πλύ-

2237 5229 2376 5266 νασα
2407 5211 2548 5283 μετά
2578 5211 2759 5283 πάσης
2796 5212 3053 5282 σπουδῆς,
3082 5211 3180 5265 καὶ
3206 5211 3401 5283 μύροις
3429 5210 3677 5281 ἐντίμοις
3716 5210 3806 5263 ἐπ-

2234 5302 2527 5374 αλείψασα,
2560 5304 2922 5375 ἐπανέρχεται
2946 5303 3038 5357 ἐπὶ
3078 5302 3178 5374 τὴν
3209 5302 3398 5367 πόλιν,
3434 5302 3681 5373 φέρουσα
3724 5299 3807 5354 τὸν

2231 5396 2412 5467 τίμιον
2454 5396 2549 5452 καὶ
2576 5396 2773 5451 ἄσυλον
2808 5394 3156 5467 μαργαρίτην
3176 5435 3192 5461 ,
3225 5393 3353 5447 ἔνθα
3381 5392 3673 5460 ἐξενίζετο.
3706 5392 3806 5445 Καὶ

2231 5488 2294 5558 δὴ
2322 5490 2387 5559 τῇ
2419 5487 2649 5560 ἐπιούσῃ
2680 5487 2837 5541 νυκτὶ
2864 5487 3026 5543 πάλιν
3057 5486 3286 5549 ἐπιστὰς
3313 5485 3450 5557 αὐτῇ
3480 5487 3509 5538 ὁ
3544 5485 3805 5556 μακάριος

2051 5660 2285 5718 NOTAE.

619 5745 695 5813 (8)
740 5748 946 5834 Usitato
975 5749 1303 5806 llellenismo
1337 5769 1434 5824 pro
1466 5754 1658 5812 ercis
1694 5755 1823 5826 ipsis
1858 5773 1870 5811 :
1908 5755 1983 5811 sic
2050 5755 2142 5811 τῶι

2245 5757 2397 5831 ιτρῶν
2434 5755 2650 5824 παῖδας,
2708 5757 2894 5816 medici
2943 5766 3099 5825 sunt,
3168 5757 3423 5834 γραφέων
3468 5758 3687 5822 παῖδες,
3718 5757 3796 5826 pi-

554 5826 736 5879 rloru,
776 5827 882 5873 etc.
