4058 6426
539 416 673 483 1567

1529 407 1845 469 LEONTII
1892 406 2403 467 NEAPOLITANI
2447 396 2791 467 EPISCOPI

3663 397 3800 463 156‘}

537 534 722 596 parata
750 540 764 589 ;
799 521 884 577 vel
914 520 1079 577 etiam
1112 518 1408 581 lsraelitas,
1432 516 1578 588 quod
1619 516 1755 589 legis
1780 531 1844 570 ac
1868 516 2109 586 prophe-

2224 515 2369 586 γένη,
2401 515 2497 569 καὶ
2527 514 2668 584 πρὸς
2693 514 2787 567 τὸν
2824 513 3199 584 πνευματικὸν
3229 513 3437 583 σπόρον
3473 515 3758 586 ἐπιτήδεια
3778 536 3795 551 ’

539 627 716 672 tarum
782 615 1084 680 doctrinis,
1138 612 1289 667 velut
1343 610 1746 680 quodammodo
1771 608 1995 664 edomiti
2048 623 2115 663 ac

538 706 874 777 cumplanati
901 713 1089 760 essent
1121 722 1135 758 :
1164 702 1379 757 tametsi
1409 701 1778 772 evangelicam
1809 710 2112 756 sementem

538 814 604 853 ex
655 797 871 868 propria
908 797 1008 867 ipsi
1058 796 1335 851 dementia
1378 811 1490 849 non
1541 804 1922 866 susceperunt.
1974 793 2113 850 Tum

536 891 766 947 subdit:
822 893 963 945 Tunc
994 888 1329 944 exsultabant
1372 889 1550 942 omnia
1586 888 1731 959 ligna
1775 888 1920 942 silva:
1948 903 1968 942 :
1994 903 2116 958 qua:

540 983 689 1054 ligna
725 982 1077 1053 intelligenda
1124 990 1276 1046 sunt,
1305 990 1574 1051 quotquot
1600 996 1666 1036 ex
1703 981 1956 1053 gentibus
1992 980 2115 1036 Sal-

543 1074 721 1129 vatori
760 1072 981 1127 Christo
1017 1073 1413 1127 crediderunt:
1447 1072 1538 1141 qui
1569 1072 1791 1142 quidem
1846 1071 1993 1127 haud
2044 1073 2116 1127 ita

543 1164 775 1236 pridem,
837 1164 989 1217 velut
1034 1172 1280 1235 agrestes
1336 1163 1730 1234 silvestresque
1779 1163 2007 1219 arbores
2048 1167 2117 1221 ab

532 1253 866 1309 inﬁdelitate
895 1263 1074 1313 erant.
1110 1255 1287 1309 donec
1318 1253 1562 1320 tandem,
1602 1256 1748 1325 quod
1779 1256 1855 1310 ait
1874 1255 2118 1310 admira—

544 1345 673 1401 bilis
693 1345 913 1412 Paulus,
931 1362 995 1399 ea:
1012 1346 1237 1399 oleastro
1255 1347 1437 1400 inserti
1450 1356 1570 1400 sunt
1582 1347 1636 1401 in
1659 1347 1848 1401 bonam
1864 1347 2056 1402 olivam
2072 1350 2115 1401 ’.

541 1437 718 1508 Cujus
745 1454 873 1495 vero
895 1441 1067 1511 gratia
1087 1440 1154 1494 ad
1175 1439 1424 1494 laetitiam
1452 1455 1517 1494 ac
1538 1439 1959 1494 exsultationem
1986 1454 2118 1510 pro-

544 1537 724 1593 vocat,
773 1530 942 1584 eoelos
976 1529 1182 1600 pariter
1210 1544 1274 1584 ac
1315 1538 1521 1583 terram
1550 1546 1564 1585 :
1594 1544 1924 1600 camposque
1962 1530 2114 1597 item,

543 1630 602 1677 et
628 1638 749 1692 qua:
780 1622 833 1677 in
864 1623 945 1678 eis
980 1632 1129 1690 sunt,
1167 1638 1231 1678 ac
1272 1623 1457 1677 omnia
1499 1622 1643 1693 ligna
1671 1623 1820 1680 silvae
1850 1624 1872 1677 ?
1914 1622 2117 1679 Christi

546 1714 735 1784 utique
764 1734 778 1770 :
817 1715 862 1768 Α
892 1717 1029 1786 facie
1070 1716 1239 1781 enim,
1286 1715 1484 1785 inquit,
1519 1715 1752 1782 Domini,
1804 1716 1929 1787 quia
1959 1718 2114 1771 venit.

543 1807 676 1862 Jure
722 1809 883 1878 plane
920 1808 1115 1861 merito
1153 1807 1437 1877 propheta,
1483 1808 1759 1863 cmlestem
1802 1822 2022 1863 omnem
2055 1822 2120 1863 ac

2214 607 2247 678 ἢ
2276 607 2522 670 καὶτοὺς
2551 606 2611 673 ἑξ
2647 605 2887 678 Ἰσραὴλ,
2916 604 3008 659 διά
3043 604 3107 659 τὸ
3143 599 3256 658 οἶόν
3288 624 3408 671 πως
3439 608 3797 665 malum-

2217 698 2338 752 σθαι
2371 698 2469 751 καὶ
2495 696 2915 770 ὲξομαλίζεσθαι
2953 698 3079 761 ταῖς
3101 699 3362 769 νομικατς
3396 700 3494 754 καὶ
3524 717 3797 773 προφητιο

2215 792 2341 853 κατς
2386 788 2795 854 διδασκαλίαιςο
2832 789 2881 843 εί
2915 788 3013 843 καὶ
3053 786 3147 842 τὸν
3194 787 3559 859 εὑαγγελικδν
3598 794 3799 863 σπόρον

2214 881 2274 946 ἐξ
2301 881 2506 946 οἰκείας
2526 881 2788 945 ἀπονοίας
2810 880 2912 934 οὐκ
2939 879 3209 947 ἐδέξαντο.
3229 876 3365 935 Εἶτα
3393 881 3595 950 ἐπάγει
3612 897 3629 911 ⁸
3661 885 3796 938 Τότε

2215 972 2687 1043 ἀγαλλιάσονται
2711 970 2905 1027 πάντα
2928 972 3000 1027 τὰ
3022 973 3180 1037 ξύλα
3207 972 3314 1027 τοῦ
3342 973 3577 1043 δρυμοῦ
3594 991 3609 1005 ·
3636 974 3793 1028 ἅτινα

2219 1064 2351 1130 ξὺλα
2404 1064 2645 1119 νοεῖσθαι
2686 1066 2979 1137 προσήκει,
3007 1062 3255 1128 ἅπαντας
3283 1066 3413 1130 τοὺς
3439 1064 3501 1130 ἐξ
3520 1065 3695 1119 ἐθνῶν
3718 1067 3797 1137 τῷ

2217 1158 2434 1229 Σωτῆρι
2461 1157 2685 1228 Χριστῷ
2708 1157 3149 1219 πεπιστευκότας
3163 1174 3178 1189 ·
3202 1158 3425 1221 οἵτινες
3446 1156 3647 1229 πρώην
3669 1158 3799 1222 ξύλα

2216 1251 2407 1323 ὥσπερ
2455 1252 2623 1323 ἄγρια
2670 1250 2770 1305 καὶ
2814 1249 3075 1323 δρυμώδη
3121 1252 3189 1322 τῇ
3233 1249 3467 1321 ἀπιστίᾳ
3512 1249 3798 1322 ὑπῆρχον⁸

2220 1343 2419 1416 μέχρις
2444 1344 2536 1398 ὅτε
2584 1342 2729 1398 κατά
2762 1344 2858 1397 τὸν
2905 1341 3195 1395 Θεσπέσιον
3240 1341 3491 1395 Παῦλον*
3529 1342 3802 1397 Ἕνεκεν-

2218 1436 2560 1502 τρίσθηοάν
2593 1433 2662 1487 ἐκ
2708 1431 2824 1501 τῆς
2863 1431 3229 1501 ἀγριελαίου,
3263 1433 3355 1493 εὶς
3398 1431 3509 1486 τὸν
3557 1434 3798 1488 mati-

2216 1531 2412 1582 λαιον.
2443 1526 2603 1588 Τίνος
2628 1524 2686 1577 δὲ
2714 1524 2904 1579 ἕνεκεν
2923 1525 3003 1589 είς
3030 1524 3376 1597 εὐφροσύνην
3404 1527 3802 1597 προσκαλεῖται

2218 1622 2314 1676 καὶ
2340 1618 2686 1688 ἀγαλλίασιν,
2721 1618 2988 1691 οὐρανούς
3019 1636 3082 1673 τε
3114 1618 3213 1673 καὶ
3241 1618 3350 1690 γῆν
3369 1637 3385 1653 θ
3420 1621 3588 1675 πεδία
3617 1638 3680 1675 τε
3710 1623 3802 1675 καὶ

2217 1713 2287 1769 τὰ
2316 1714 2374 1767 ὲν
2403 1712 2611 1779 αὐτοῖς,
2641 1714 2738 1767 καὶ
2767 1714 2949 1769 πάντα
2990 1714 3063 1769 τά
3107 1700 3242 1780 ξὺλα
3283 1713 3379 1767 τοῦ
3412 1714 3665 1786 δρυμοῦ;
3697 1715 3801 1769 Τοῦ

2219 1810 2459 1882 Χριστοῦ
2491 1811 2767 1883 δηλονότι*
2799 1812 2937 1869 Ἀπὸ
2970 1813 3297 1883 προσώπου
3326 1814 3460 1883 γάρ,
3492 1811 3652 1881 φησὶ,
3687 1813 3800 1865 Ku-

546 1906 862 1953 terrestrem
883 1908 1129 1952 naturam
1152 1897 1217 1952 ad
1254 1897 1554 1968 spiritalem
1581 1897 1823 1952 laetitiam
1847 1899 2113 1964 hortatur,

2224 1878 2376 1972 ρίου,
2411 1903 2503 1957 ὅτι
2532 1878 3024 1973 έρχεται.’οντως,
3041 1904 3269 1967 δικαίως
3292 1907 3321 1959 ὁ
3670 1919 3801 1972 προ-

544 2007 612 2048 ae
661 1993 1105 2047 exsultationem.
1155 1991 1291 2048 Cum
1335 1991 1480 2046 enim
1529 1998 1747 2045 terreno
1792 2005 1858 2046 ae
1900 1991 2115 2046 mortali

544 2098 676 2155 rege
700 2085 890 2140 urbem
915 2085 1249 2157 ingressuro,
1280 2085 1411 2139 urbs
1438 2083 1656 2153 quidem
1683 2091 1795 2137 tota
1826 2083 1961 2139 velis
1987 2099 2113 2155 per-

536 2189 795 2243 ornetur,
831 2177 1160 2247 coronisque
1184 2191 1248 2232 ac
1270 2175 1647 2241 aromatibus;
1703 2190 2021 2246 onmesque,
2055 2185 2116 2231 ut

547 2270 619 2325 ita
655 2269 856 2334 dicam,
894 2278 1006 2324 tum
1035 2268 1207 2340 parvi,
1237 2277 1351 2322 tum
1402 2267 1606 2339 magni,
1638 2267 1817 2321 varias
1844 2275 2120 2324 mutantes

536 2361 779 2417 stolasin
798 2376 1086 2417 occursum
1104 2360 1248 2433 regis
1268 2361 1570 2432 procedant
1592 2377 1609 2427 ;
1633 2374 1697 2415 ac
1721 2375 1886 2414 omne
1899 2360 2120 2429 quidem

545 2452 693 2508 aliud
748 2454 1027 2526 negotium
1086 2462 1393 2523 spernant;
1432 2453 1539 2508 hoc
1590 2468 1723 2508 vero
1753 2452 1903 2508 omni
1938 2467 2121 2522 opera:

546 2544 707 2617 longe
750 2554 1128 2616 anteponant:
1162 2538 1327 2615 quam
1369 2544 1574 2615 potiori
1604 2544 1747 2615 jure,
1783 2543 1992 2599 caelesti
2009 2544 2120 2600 Deo

544 2653 610 2693 ac
636 2653 757 2709 rege
784 2638 1065 2704 veniente,
1092 2640 1344 2693 naturam
1366 2651 1611 2704 omnem,
1641 2636 1710 2691 ab
1736 2638 1804 2691 eo
1820 2636 2115 2701 canditam,

548 2737 665 2783 tum
698 2745 819 2800 qua)
845 2730 1020 2786 oculis
1039 2730 1284 2801 subjecta
1314 2738 1420 2795 est,
1451 2738 1567 2785 tum
1600 2745 1719 2799 quae
1749 2739 1934 2785 mente
1958 2745 2116 2800 aspe-

544 2819 785 2889 etahilis,
831 2820 1008 2878 lauari
1064 2831 1319 2894 oporteat
1364 2837 1433 2878 ac
1480 2822 2113 2893 exsultareyomnique

548 2912 747 2982 gaudio
786 2929 852 2969 ac
880 2915 1233 2970 veneratione
1266 2930 1554 2971 occursum
1586 2915 1813 2985 implere
1841 2915 1865 2969 ?

2220 1996 2416 2067 τρέπει
2464 1997 2793 2069 ἐπουράνιον
2838 1998 3023 2051 πᾶσαν
3072 1997 3249 2050 κτίσιν
3292 1996 3387 2049 καὶ
3429 1996 3698 2062 ἐπίγειον,
3725 1994 3803 2057 είς

2221 2086 2607 2159 πνευματικὴν
2636 2086 2980 2159 εὐφροσύνην
3001 2088 3097 2140 καὶ
3120 2086 3466 2155 ἀγαλλίασιν.
3483 2084 3547 2137 Εἰ
3569 2083 3680 2155 γάρ
3705 2082 3801 2152 βα-

2222 2179 2417 2245 σιλέως
2464 2181 2715 2250 ἐπιγείου
2760 2180 2858 2235 καὶ
2891 2179 3089 2251 θνητοῦ
3139 2180 3219 2244 είς
3261 2179 3423 2233 πόλιν
3454 2175 3803 2247 εἰσέρχεσθαι

2219 2273 2538 2344 μέλλοντος,
2566 2277 2719 2329 πᾶσα
2747 2274 2847 2345 μὲν
2877 2274 2911 2344 ἡ
2942 2274 3096 2338 πόλις
3124 2274 3569 2342 κατακοσμεῖται
3599 2268 3807 2339 βήλοις,

2219 2367 2314 2421 καὶ
2345 2366 2759 2438 στεφανώμασι,
2786 2368 2882 2421 καὶ
2923 2367 3219 2439 ἀρώμασι⁸
3254 2367 3461 2429 πάντες
3499 2363 3562 2417 δὲ
3605 2362 3684 2425 ὡς
3726 2363 3803 2415 εί-

2216 2462 2363 2526 πεϊν,
2398 2458 2586 2532 μικροί
2618 2476 2678 2514 τε
2722 2458 2818 2512 καὶ
2864 2457 3096 2528 μεγάλοι
3139 2458 3392 2520 ποικίλας
3430 2454 3628 2517 στολὰς
3653 2453 3805 2520 ἔξαλ-

2215 2551 2532 2615 λάσσοντες,
2572 2550 2712 2621 πρὸς
2753 2550 2854 2623 τὴν
2903 2550 3001 2604 τοῦ
3038 2550 3305 2621 βασιλέως
3332 2547 3611 2619 χωροῦσιν
3634 2546 3803 2599 ὑπάνο

2220 2660 2415 2715 τησιν·
2451 2636 2549 2697 καὶ
2596 2644 2778 2714 πάσης
2829 2642 2928 2713 μὲν
2976 2642 3365 2715 πραγματείας
3410 2640 3612 2710 ἑτέρας
3653 2653 3805 2707 περι-

2223 2735 2551 2805 φρονοῦντες
2567 2750 2581 2764 ·
2611 2735 2793 2804 πάσης
2816 2735 2873 2789 δὲ
2894 2735 3133 2807 σπουδῆς
3158 2734 3582 2805 πῳτιμωτέραν
3603 2729 3805 2798 ταύτην

2220 2825 2527 2898 τιθέμενοι*
2561 2826 2714 2895 πόσῳ
2745 2825 2949 2897 μᾶλλον
2976 2825 3416 2895 παραγινομένου
3445 2824 3541 2876 τοῦ
3574 2823 3804 2891 ἐπουρα-

2221 2918 2335 2972 νίου
2364 2918 2502 2973 Θεοῦ
2531 2937 2593 2972 τε
2628 2920 2723 2975 καὶ
2748 2917 3035 2990 βασιλέως,
3058 2920 3241 2973 πᾶσαν
3268 2918 3373 2989 τὴν
3400 2918 3496 2971 ὑπ’
3517 2914 3687 2971 αὑτοῦ
3714 2930 3803 2982 γε·

547 3005 855 3075 γενημένην
884 3006 1089 3077 ὁρατήν
1116 3022 1180 3084 τε
1208 3005 1305 3060 καὶ
1360 3004 1595 3079 ἀόρατον
1639 3004 1850 3072 κτίσιν,
1886 3004 2293 3079 εὐφραίνεσθαι
2340 3008 2436 3064 καὶ¹
2507 3008 2874 3081 ἀγαλλιᾶσθαι
2916 3009 3059 3081 χρή·
3133 3009 3231 3063 καὶ
3282 3006 3606 3080 περιχαρῶς
3688 3004 3806 3075 ἅμα

549 3094 646 3151 καὶ
676 3095 985 3167 σεδασμίως
1011 3083 1364 3171 ἀποπληροῦν
1391 3099 1490 3169 τὴν
1520 3099 1843 3169 ὑπάντησιν.

628 3190 827 3249 Verum
865 3193 1171 3260 videamus,
1226 3194 1561 3261 charissimi,
1612 3195 1834 3265 quando
1877 3196 2118 3254 coalestis

2294 3198 2439 3254 Ἀλλ’
2462 3198 2686 3270 ἴδωμεν,
2704 3194 3003 3267 ἀγαπητοὶ,
3030 3195 3162 3249 πότε
3184 3194 3214 3247 ό
3244 3192 3572 3264 ἱπουράνιος
3590 3191 3686 3245 καὶ
3710 3190 3803 3259 μέ-

551 3300 895 3358 magnusque
956 3285 1101 3342 Deus
1142 3302 1209 3343 ac
1250 3303 1344 3342 rex
1394 3287 1699 3342 advenerit.
1764 3287 2121 3354 Quandonam

550 3380 736 3433 vero?
780 3378 979 3449 Utique
1035 3379 1257 3449 quando
1294 3379 1431 3434 citra
1483 3380 1839 3436 mutationem
1880 3396 2121 3447 omnem,

551 3480 608 3525 et
636 3472 1036 3535 alterationem,
1073 3485 1139 3526 ac
1167 3480 1450 3540 peccatum
1481 3470 1658 3527 factus
1689 3472 1875 3537 homo,
1926 3472 2125 3528 similis

555 3562 714 3617 nobis
756 3562 989 3617 eﬂ‘ectus
1012 3572 1115 3616 est.
1151 3562 1289 3619 Nam
1322 3564 1449 3633 quia
1476 3572 1670 3617 natura
1700 3562 1889 3618 divina
1939 3565 2125 3618 incor-

526 3666 721 3727 porea
762 3662 866 3718 est,
902 3668 967 3709 ac
993 3653 1492 3724 ineireumscripta,
1539 3665 1734 3724 estque
1764 3655 1818 3707 in
1856 3654 2017 3720 cmlo,
2062 3670 2127 3710 ac

519 3730 525 3737 u
556 3754 759 3799 terram
806 3745 1019 3815 implet,
1040 3745 1195 3816 juxta
1223 3746 1369 3816 quod
1398 3747 1472 3800 ait
1505 3746 1771 3816 propheta
1799 3745 1842 3799 ⁸.
1880 3744 1991 3800 llac
2020 3745 2127 3799 ita-

555 3851 663 3906 que
698 3837 928 3905 ratione,
994 3853 1124 3907 qna,
1160 3838 1403 3907 inquam,
1441 3838 1583 3892 Deus
1609 3837 1801 3891 habuit
1834 3846 2126 3907 antequam

558 3928 716 3983 lieret
767 3930 950 3994 homo,
981 3944 1162 3998 neque
1208 3929 1328 3982 loco
1364 3928 1563 3983 absens
1586 3937 1693 3993 est,
1725 3938 1785 3984 ut
1811 3944 1869 3985 se
1894 3945 1961 3984 eo
1991 3944 2128 3984 con-

559 4018 702 4079 ferat
729 4036 745 4085 ;
776 4035 954 4090 neque
995 4019 1217 4083 iterum,
1259 4019 1450 4089 utjam
1492 4020 1754 4087 diximus,
1793 4021 1985 4090 spatiis
2016 4021 2129 4077 cir-

559 4111 967 4177 cumscribitur,
998 4126 1120 4181 qua:
1172 4110 1359 4165 omnia
1401 4111 1631 4181 perinde
1663 4111 1907 4183 impleat,
1946 4112 2128 4182 sitque

561 4205 819 4259 omnibus
871 4204 1121 4259 similiter
1172 4219 1461 4275 pnesens:
1507 4204 1790 4271 Quomodo
1835 4206 1997 4278 igitur
2056 4205 2131 4261 ait

561 4297 851 4368 prapheta,
905 4297 949 4351 A
987 4297 1125 4369 facie
1164 4297 1399 4363 Domini,
1448 4299 1697 4369 quoniam
1746 4299 1884 4352 venit
1918 4299 1943 4351 ?
1983 4298 2129 4353 Sane

560 4389 734 4458 liquet
755 4388 1028 4459 impletam
1053 4405 1176 4445 esse
1202 4390 1546 4461 prophetiam
1568 4390 1670 4446 sub
1693 4399 1905 4461 tempus
1923 4389 2129 4445 adven-

560 4490 651 4535 tus
677 4477 878 4535 Christi
910 4479 962 4533 in
989 4494 1175 4534 carne.

2222 3309 2326 3362 γας
2356 3292 2489 3356 Θεός
2519 3300 2580 3345 τε
2611 3290 2708 3345 καὶ
2751 3288 3009 3360 βασιλεὺς
3041 3286 3435 3357 παραγίνεται.
3481 3284 3624 3337 Πότε
3664 3284 3805 3353 ipa;

2223 3384 2288 3437 Ei
2320 3384 2395 3455 μὴ
2426 3384 2515 3437 ὅτε
2557 3382 2677 3437 καθ’
2698 3382 2849 3452 ἡμᾶς
2880 3380 2948 3433 δι’
2971 3380 3145 3451 ἡμᾶς,
3176 3377 3469 3450 ἀτρέπτως
3505 3375 3606 3430 καὶ
3646 3375 3803 3429 ἀναλ-

2223 3474 2462 3538 λοιώτως
2499 3475 2594 3528 καὶ
2632 3474 3036 3543 ἀναμαρτήτως
3072 3471 3530 3542 ὲνανθρωπήσας,
3566 3469 3801 3537 ἐγένετο.

2237 3566 2455 3636 Ἐπειδὴ
2498 3566 2607 3638 γὰρ
2637 3567 2672 3636 ἡ
2699 3565 2818 3620 θεία
2861 3565 3028 3635 φύσις
3067 3563 3362 3634 ἀσώματός
3390 3579 3454 3616 τε
3489 3563 3589 3617 καὶ
3614 3562 3805 3633 ἀπερίσ

2226 3675 2492 3729 γραπτος,
2539 3659 2635 3712 καὶ
2677 3660 2736 3711 ὲν
2779 3640 2996 3728 οὐρανῷ
3034 3658 3177 3717 ἐστι.
3203 3654 3299 3709 καὶ
3323 3654 3423 3724 τὴν
3454 3655 3563 3725 γῆν
3598 3653 3802 3724 πεπλή-

2227 3769 2373 3824 ρωκε
2420 3750 2562 3804 κατά
2601 3749 2695 3804 τὸν
2740 3749 2968 3804 εἰπόντα
3016 3749 3328 3819 προφήτην.
3359 3747 3452 3818 Τῷ
3500 3742 3599 3802 οὖν
3624 3747 3806 3818 τρόπῳ

2227 3846 2423 3917 τούτῳ,
2446 3845 2591 3914 λέγω
2619 3844 2703 3915 δὴ,
2739 3843 2816 3915 τῷ
2861 3844 2969 3915 πρὸ
3009 3846 3111 3914 τῆς
3154 3840 3655 3914 ἑνανθρωπήσεως,
3690 3837 3806 3892 οὔτε

2228 3939 2446 4009 ἀπέστη
2477 3938 2667 4003 τόπου,
2698 3938 2787 3991 ἵνα
2817 3938 2899 4001 είς
2921 3935 3087 3991 αὑτὸν
3110 3935 3494 4006 παραγένηται
3515 3950 3529 3965 ο
3561 3932 3688 3986 οὔτε
3716 3932 3810 3984 za-

2228 4035 2313 4090 λιν
2362 4033 2439 4098 ὡς
2498 4032 2600 4104 ήδη
2660 4032 2911 4102 εἴπομεν,
2968 4027 3372 4101 περιγράφεται
3418 4025 3808 4096 διαστήμασιν,

2231 4127 2409 4181 πάντα
2433 4124 2631 4195 ἐπίσης
2653 4120 2963 4195 πληροῦσα,
2987 4120 3082 4174 καὶ
3104 4120 3275 4173 πᾶσιν
3294 4117 3501 4187 ὁμοίιος
3526 4115 3807 4187 παροῦσα⁸

2231 4219 2349 4281 πῶς
2397 4213 2490 4273 οῦν
2536 4233 2703 4287 φησιν
2736 4217 2766 4269 ό
2795 4216 3116 4284 προφήτης·
3151 4209 3289 4265 Ἀπὸ
3325 4207 3656 4278 ,προσώπου
3701 4211 3812 4261 Κυ-

2222 4311 2363 4379 ρίου
2392 4307 2480 4363 ὅτι
2504 4299 2865 4377 ἕρχεταιςἮ
2892 4303 3073 4373 δῆλον,
3106 4302 3189 4355 ὅτι
3216 4300 3358 4354 κατά
3380 4299 3474 4353 τὸν
3503 4298 3697 4369 καιρὸν
3715 4297 3811 4367 τῆς

2231 4401 2496 4473 ἐνσάρκου
2523 4398 2618 4453 τοῦ
2664 4395 2902 4469 Χριστοῦ
2932 4393 3257 4466 παρουσίας,
3304 4392 3339 4464 ή
3371 4390 3688 4463 προφητεία
3714 4406 3809 4443 πε-

2233 4494 2541 4565 πλήρωται.

630 4571 951 4635 Enimvero,
991 4586 1202 4626 summe
1228 4569 1634 4635 admirabilem,
1676 4544 2123 4643 praecelsamque,

2240 4544 2554 4656 vigilia?)
2586 4583 2687 4654 μὲν
2718 4578 3147 4652 ὑπερφυεστάτῃ
3174 4576 3272 4631 καὶ
3304 4574 3688 4647 ὑπερκοσμίῳ,
3722 4574 3809 4628 καὶ

558 4680 626 4721 ac
681 4663 1011 4720 ineffabilem
1062 4663 1363 4719 Salvatoris
1417 4663 1621 4718 Christi
1685 4663 2022 4719 nativitatem
2076 4663 2131 4717 in

558 4771 747 4818 carne,
781 4772 812 4811 a
853 4756 961 4810 Deo
1005 4754 1311 4811 alllatorum
1366 4755 1587 4810 Patrum
1637 4754 1986 4810 sermonibus
2033 4755 2131 4811 dc-

562 4849 831 4911 Iiciantes,
865 4856 992 4903 ante
1011 4848 1123 4918 jam
1155 4847 1563 4906 celebravimus
1594 4865 1607 4903 :
1633 4862 1757 4901 cum
1783 4847 1992 4918 angelis
2017 4847 2135 4901 lau-

562 4943 693 4997 dum
732 4943 941 4997 cantica
972 4941 1380 5012 prompsimus;
1409 4956 1533 4995 cum
1577 4939 1890 5010 pastoribus
1931 4940 2133 5011 gloriﬁ-

563 5033 810 5088 cavimus
844 5051 857 5087 :
893 5048 1015 5088 cum
1048 5031 1220 5103 Magis
1264 5031 1567 5086 obtulimus
1609 5039 1879 5097 munera:
1912 5032 2133 5090 tametsi

565 5138 673 5179 non
699 5139 915 5189 aurum,
944 5124 1159 5188 thusvc,
1177 5133 1272 5179 aut
1297 5123 1571 5193 myrrham
1598 5138 1612 5185 ;
1642 5122 1735 5177 Sed
1776 5123 1971 5179 horum
1994 5123 2134 5188 loco,

567 5218 727 5278 (idem
758 5219 812 5272 in
829 5219 1140 5285 Christum,
1180 5234 1315 5273 auro
1349 5218 1731 5289 pretiosiorem
1756 5259 1771 5283 ,
1798 5218 2135 5290 fragrantio-

566 5328 680 5367 rem
707 5311 869 5368 thure
892 5327 908 5377 ;
932 5310 1258 5381 myrrbaque
1279 5318 1637 5365 conservante
1660 5326 1912 5382 corpora,
1933 5312 2137 5367 eximie

564 5403 950 5460 ellicaciorem.
973 5399 1092 5457 Non
1113 5400 1261 5455 enim
1294 5412 1503 5456 mortua
1526 5411 1713 5458 nostra
1743 5419 1970 5472 corpora
2001 5419 2136 5459 eon-

567 5504 798 5561 scrvat;
849 5509 1041 5550 verum
1094 5492 1305 5548 animas
1367 5494 1762 5549 immortalitati
1821 5503 2131 5550 consecrat.

568 5586 726 5643 Nunc
748 5596 929 5643 autem
952 5587 1093 5642 alius
1121 5585 1322 5641 Christi
1355 5588 1640 5652 adventus,
1686 5588 1827 5643 alius
1872 5604 2137 5645 occursus

574 5680 734 5735 nobis
765 5695 927 5736 causa
946 5679 1182 5736 exsistit.
1219 5677 1414 5734 Venite
1443 5695 1592 5751 ergo,
1624 5681 1952 5751 charissiuii,
1984 5683 2133 5738 omni

643 5863 662 5891 ’
695 5858 855 5915 Rom.
883 5872 946 5928 rt,
982 5859 1074 5916 24.
1151 5859 1171 5893 ³
1196 5858 1401 5915 Jcrcm.
1433 5874 1585 5924 xxiii,
1618 5857 1711 5914 Eri.

2228 4680 2459 4752 ἀρρήτῳ
2481 4676 2576 4731 τοῦ
2610 4675 2867 4746 Σωτῆρος
2898 4669 3141 4744 Χριστοῦ
3168 4669 3316 4724 κατά
3348 4669 3531 4739 σάρκα
3564 4668 3809 4737 γεννήσει

2226 4774 2345 4836 τοῖς
2381 4770 2492 4824 τῶν
2535 4768 2815 4837 θεοφόρων
2846 4766 3109 4836 Πατέρων
3137 4761 3582 4833 ὲντρυφήσάντες
3614 4759 3807 4827 λόγοις,

2228 4863 2332 4935 ἠδη
2380 4859 2877 4931 προεορτάσαμεν’
2939 4855 3081 4926 μετὰ
3127 4852 3373 4922 ἀγγέλων
3424 4850 3803 4920 ὑμνήσαντες*

2234 4951 2373 5025 μετά
2404 4950 2678 5021 ποιμένων
2705 4946 3030 5013 δοξάσαντες
3049 4961 3066 4978 ·
3101 4945 3239 5015 μετὰ
3273 4944 3466 5014 μάγων
3497 4940 3803 5010 δωροφορή-

2238 5060 2431 5107 σαντες
2452 5058 2465 5072 ⁸
2525 5044 2575 5097 εί
2604 5041 2699 5097 καλ⁸
2729 5039 2806 5112 μὴ
2833 5037 3034 5111 χρυσὸν
3063 5038 3159 5091 καὶ
3175 5035 3396 5089 λίϐανον
3420 5033 3516 5086 καὶ
3544 5032 3805 5102 ιτμὺρνιιν⁸

2235 5135 2348 5189 ἀλλ’
2376 5134 2497 5188 ἀντὶ
2527 5133 2757 5195 τούτων,
2797 5132 2899 5203 τὴν
2927 5132 3005 5194 είς
3034 5130 3125 5183 τὸν
3151 5128 3388 5198 Χριστὸν
3422 5125 3611 5178 πίστιν
3632 5139 3647 5153 ·
3695 5139 3805 5192 χρυ·

2238 5225 2333 5281 σοῦ
2356 5227 2455 5296 μὲν
2476 5220 2641 5280 οὖσαν
2659 5222 3024 5294 τιμιωτέραν·
3048 5220 3268 5275 λιϐάνου
3299 5219 3382 5281 δὲ,
3406 5215 3807 5284 εὐωδεστέραν*

2238 5319 2485 5390 σμύρνης
2537 5317 2595 5372 δὲ
2645 5315 2751 5387 τῆς
2800 5313 3175 5383 φυλαττούσης
3218 5309 3289 5364 τά
3336 5309 3512 5379 νεκρὰ
3561 5305 3805 5374 σώματα,

2238 5409 2685 5480 ὑπερϐαλλόντως
2708 5404 3119 5480 ὲνεργεστέραν.
3142 5402 3220 5457 υὺ
3245 5400 3353 5471 γὰρ
3376 5400 3445 5453 τὰ
3464 5397 3644 5467 θνητὰ
3664 5395 3810 5467 ἡμῶν

2239 5502 2503 5573 φυλάττει
2542 5501 2802 5573 σώματα’
2833 5482 2953 5553 ἀλλ”
2973 5495 3274 5557 ἀθανάτους
3302 5492 3401 5555 τὰς
3429 5490 3611 5561 ψυχὰς
3650 5490 3809 5558 διαρ-

2244 5595 2489 5660 γάζεται.
2529 5592 2644 5646 Νῦν
2692 5590 2749 5644 δὲ
2802 5589 2964 5660 ἑτέρα
3010 5583 3282 5658 παρουσία
3330 5580 3595 5653 Χριστοῦ,
3627 5579 3811 5646 ἑτέρας

2244 5685 2375 5757 ἡμῖν
2419 5684 2778 5755 ἀπαντήσεως
2826 5677 3107 5751 πρόξενος.
3156 5672 3323 5728 Δεῦτε
3366 5668 3482 5735 οὖν,
3519 5667 3812 5741 ἀγαπητοὶ,
