4006 6406
184 390 335 472 ι’ῆθε)

1385 388 1644 454 SERMO
1694 386 1775 447 ΙΝ
1825 384 2265 448 SYMEONEM.

3321 374 3463 441 15⁸70

158 486 373 577 Ῑπάντα
422 518 583 573 ὄκνον
632 512 744 568 τῶν
799 508 989 583 ψυχῶν
1045 504 1481 580 ἀπορρίψαντες·
1533 496 1815 571 λαμπροὶ.

1916 496 2081 552 nimis
2109 495 2325 567 abiecto
2360 501 2579 565 torpore
2607 509 2622 559 ;
2654 490 2764 547 laeti
2794 488 2918 547 laete
2951 503 3308 547 occurramus
3337 490 3466 564 Regi

192 616 472 688 λαμπρῶς
500 610 578 682 τῷ
597 608 851 677 ,βασιλεῖ
879 602 1006 662 τῶν
1037 602 1268 657 αἰώνων
1298 599 1394 655 καὶ¹
1418 597 1631 667 Σωτῆρι
1651 594 1785 688 Χρι-

197 686 318 781 στιῖ)
356 705 777 775 ὑπαντήσωμεν.
806 699 945 769 Φησὶ
975 696 1086 768 γάρ
1131 695 1161 748 6
1203 688 1602 761 εὐαγγελιστὴς
1642 686 1789 739 Λου-“

191 780 326 866 κάξ,
357 798 498 870 μετὰ
521 798 621 864 τὴν
641 795 986 865 όκταὴμερον
1014 788 1107 844 τοῦ
1136 786 1432 860 νομοθέτου
1458 782 1601 838 κατὰ
1620 780 1787 850 νόμον

190 914 262 949 πε
272 893 533 967 ριτομὴν’
553 891 690 943 Ὅτε
706 886 1112 955 ἐπλήσθησαν
1141 883 1201 936 αι
1230 879 1442 949 ἡμέραι
1469 875 1579 931 τοῦ
1605 878 1787 929 καθα·

186 985 421 1058 ρισμοῦ
449 982 651 1045 αὐτῶν
682 979 833 1035 κατὰ
870 977 979 1032 τὸν
1019 976 1211 1046 νόμον
1249 973 1583 1039 Μωῦσέωςο
1616 967 1790 1025 καθα-

199 1078 401 1151 ρισμοῦ
431 1074 676 1148 δηλονότι
698 1113 714 1139 ,
745 1072 847 1141 τῆς
879 1087 940 1124 τε
970 1068 1206 1141 Μαριάμ
1244 1068 1338 1121 καὶ
1382 1066 1475 1120 τοῦ
1514 1065 1788 1137 βρέςουςο

194 1170 300 1226 καὶ
327 1168 422 1224 τοῦ
454 1165 910 1238 προσδοκωμένου
941 1159 1081 1217 εἶναι
1121 1161 1357 1233 πατρός·
1397 1159 1545 1228 λέγω
1594 1159 1658 1231 δὴ
1692 1156 1788 1212 τοῦ

210 1263 436 1334 Ἰωσήφ.
455 1261 597 1315 Ἀλλ’
625 1257 1067 1329 ἐκπληττόμενος
1093 1256 1188 1310 ἐπὶ
1216 1258 1330 1319 τοῖς
1359 1253 1626 1327 ῥηθεῖσιν,
1654 1252 1791 1324 πρὸς

195 1357 296 1411 τὸν
325 1353 614 1410 θεσπέσιον
646 1350 1043 1421 εύαγγελιστὴν
1077 1350 1287 1419 εἴποιμι
1326 1348 1392 1401 άν
1412 1364 1425 1377 ·
1448 1346 1500 1401 τί
1523 1347 1722 1416 λέγεις,
1745 1339 1790 1399 ὧ

204 1448 451 1521 μακάριε
488 1440 1101 1511 Λουκᾶ.Ἐπιλελῆσθαί
1133 1456 1224 1511 μοι
1256 1439 1432 1502 δοκεῖς
1455 1437 1565 1492 τῶν
1595 1437 1793 1492 ἀνωτέ-

205 1559 289 1613 ρω
338 1538 491 1611 παρὰ
538 1536 633 1591 σοῦ
670 1534 1117 1608 συγγραφέντων,
1152 1531 1459 1603 ἀναρμόδια
1498 1532 1611 1602 γὰρ
1654 1530 1790 1603 πρὸς

202 1634 395 1686 ὲκεῖνα
429 1629 500 1685 τά
530 1628 628 1684 νῦν
646 1629 797 1700 παρὰ
822 1626 916 1680 σοῦ
936 1624 1227 1695 λεγόμενα.
1250 1623 1365 1677 Ούκ
1392 1625 1449 1676 ὲν
1469 1626 1585 1686 τοῖς
1606 1621 1789 1689 Εὐαγ-

204 1722 415 1792 γελίοις
456 1724 523 1792 τῇ
568 1704 882 1791 Θεομήτορι
934 1718 1031 1771 καὶ
1084 1714 1332 1787 παναγίᾳ
1386 1713 1669 1786 Παρθένῳ,
1699 1712 1789 1765 τὸν

205 1817 355 1869 θείον
404 1812 646 1886 Γαϐριὴλ
691 1811 938 1881 εἰσάγεις
996 1809 1261 1877 λέγονταο
1324 1807 1565 1877 Πνεῦμα
1616 1806 1789 1873 ἅγιον

205 1907 603 1963 ἐπελεύσεται
648 1905 747 1959 ἐπὶ
775 1904 870 1971 σὲ,
902 1901 999 1957 καί
1044 1903 1298 1973 δύναμις
1331 1899 1628 1970 Ὑψίστου
1665 1899 1791 1952 ἐπι-

206 1998 458 2056 σκιάσει
490 2013 589 2053 σοι
603 2015 623 2062 ;
649 1997 776 2061 Πῶς
812 1992 909 2051 οὖν
953 1998 988 2066 ὴ
1035 1997 1098 2049 ὲκ
1146 1994 1465 2065 Πνεύματος
1510 1992 1667 2063 άγίου
1702 1991 1798 2046 καὶ

207 2091 499 2164 δυνάμεως
535 2090 795 2161 Ὑψίστου
849 2090 1135 2162 κυήσασα,
1170 2093 1266 2142 καί¹
1315 2089 1391 2159 μὴ
1445 2087 1588 2142 κατὰ
1634 2085 1799 2157 νόμον

209 2183 568 2257 ἀνθρωπίνης
593 2185 842 2255 κυήσεως
865 2224 879 2247 ,
909 2181 1256 2255 καθαρισμοῦ
1286 2181 1487 2235 δέεται.
1520 2179 1645 2243 Πῶς
1674 2178 1731 2233 δὲ
1764 2179 1798 2249 ὴ

210 2275 568 2348 πληρωθεῖσα
613 2274 708 2329 τοῦ
762 2276 948 2328 πᾶσαν
999 2273 1178 2328 κτίσιν
1229 2270 1517 2345 ὁρωμένην
1565 2271 1660 2324 καὶ
1703 2269 1800 2339 οὐχ

211 2370 502 2443 ὁρωμένην
545 2368 913 2438 άγιάζοντος,
970 2367 1295 2437 Πνεύματος
1345 2366 1504 2435 ἁγίου
1563 2363 1804 2435 ὑπάρχει

215 2463 509 2534 ἀμέτοχος.
545 2460 672 2525 Πῶς
706 2461 763 2514 δὲ
805 2463 838 2531 ἡ
868 2458 1289 2514 έπισκιασθεῖσα
1317 2460 1382 2530 τῇ
1412 2456 1507 2511 τοῦ
1544 2457 1803 2527 Ὑψίστου

218 2556 487 2627 δυνάμει,
515 2554 575 2608 ού
609 2554 793 2624 πάσης
828 2553 1202 2626 καθαρότητος
1247 2551 1346 2606 καὶ
1393 2548 1665 2621 ἀγιασμοῦ
1703 2549 1806 2601 ὐπ-

218 2644 384 2722 άρχει
418 2648 703 2712 ἀνάπλεως
731 2645 928 2713 ςἈλλὰ
951 2645 1021 2700 τὰ
1053 2645 1181 2716 ἑξῆς
1211 2644 1305 2698 τοῦ
1328 2642 1671 2715 ἀρχαγγέλου
1703 2641 1805 2711 ρή-

222 2757 375 2815 ματα
396 2781 412 2807 ,
441 2741 549 2795 τῶν
595 2740 874 2812 ῥηθέντων
909 2740 1019 2793 εἰσί
1046 2737 1402 2810 φοϐερώτερα
1422 2753 1436 2767 ’
1478 2734 1628 2805 λέγει
1657 2735 1766 2805 γάρ
1789 2749 1803 2764 ·

222 2834 326 2889 Διὸ
370 2832 471 2889 καὶ
516 2833 583 2888 τὸ
622 2830 999 2903 γεννώμενον
1035 2830 1228 2901 ἄτιον,
1265 2829 1637 2897 κληθήσεται
1678 2826 1805 2893 Υἱὸς

228 2925 400 2983 Θεοῦ.
430 2926 527 2989 Τίς
561 2921 655 2980 οῦν
683 2924 927 2989 ἀκούσας
954 2921 1148 2995 πρώην
1174 2921 1326 2994 παρὰ
1361 2919 1455 2974 σοῦ
1488 2917 1684 2981 ταῦτα,
1715 2918 1810 2971 καὶ

225 3020 327 3075 νῦν
361 3018 575 3075 άκούων
609 3017 771 3074 πάλιν
808 3016 1044 3089 βοῶντός
1077 3032 1172 3070 σου
1191 3032 1205 3046 ·
1239 3015 1371 3069 Ὅτε
1401 3012 1810 3081 ἐπλήσθησαν

223 3114 287 3168 αι
317 3108 530 3180 ἡμέραι
558 3108 664 3163 τοῦ
692 3104 1069 3177 καθαρισμοῦ
1108 3102 1307 3159 αὐτῶν
1325 3118 1340 3133 ο
1375 3102 1437 3156 οὐ
1470 3099 1695 3162 δικαίως
1720 3099 1813 3151 έκο

228 3203 464 3273 πλαγείς
507 3200 795 3273 ἐγκαλέσει
846 3217 951 3255 σοι.
990 3199 1055 3290 Εἰ
1092 3196 1201 3270 γάρ
1218 3194 1472 3290 ⁸Πνεῦμα
1517 3192 1677 3290 ἅγιον
1714 3190 1812 3262 τὴν
1840 3224 1887 3290 C

226 3291 514 3366 Παρθένον
561 3290 906 3362 ἐπλήρωσεν,
940 3288 1035 3342 καὶ
1072 3288 1105 3360 ἡ
1151 3285 1247 3341 τοῦ
1280 3284 1540 3355 Ὑψίστου
1585 3280 1813 3352 δύναμις

232 3387 324 3443 ἐπ’
347 3385 485 3458 αὐτῇ
520 3383 847 3439 ἐπεσκίασεν
869 3398 883 3412 ·
915 3381 1010 3436 καὶ
1049 3381 1113 3435 τὸ
1157 3376 1497 3450 γεννώμενον
1527 3373 1588 3440 ἐξ
1619 3372 1813 3443 αὐτῆς,

234 3475 368 3539 Υἱὸς
398 3474 498 3545 μέν
530 3476 647 3527 ἐστι
671 3471 767 3526 τοῦ
798 3472 907 3544 πρὸ
933 3471 1147 3527 αἰώνων
1168 3469 1305 3524 θεοῦ
1330 3485 1345 3500 ⁶
1382 3468 1485 3545 καὶ,
1505 3467 1600 3521 νῦν
1628 3465 1705 3531 δὲ,
1729 3464 1819 3518 διὰ

235 3569 341 3639 τὴν
379 3544 692 3637 οἰκονομίαν
720 3565 1124 3635 κληθήσεται·
1156 3564 1273 3627 πῶς
1316 3563 1351 3633 ἡ
1383 3544 1488 3632 τῆς
1526 3559 1679 3623 θείας
1722 3558 1819 3613 καὶ

233 3660 528 3731 ὁμοουσίου
562 3658 794 3731 Τριάδος
821 3657 1165 3731 γεγενημένη
1200 3655 1446 3728 μέτοχος,
1478 3653 1537 3708 ού
1574 3653 1734 3723 μόνον
1756 3650 1817 3704 ού

233 3753 487 3807 λείπεται
533 3749 812 3820 άγιασμοῦ
861 3748 958 3803 καὶ
1005 3747 1360 3819 καθάρσεως·
1411 3744 1527 3800 ἀλλ’
1562 3744 1687 3815 οὐχὶ
1725 3742 1821 3796 καὶ

239 3844 399 3916 πάσῃ
425 3845 493 3916 τῇ
523 3843 700 3897 κτίσει
727 3840 1004 3913 άγιασμοῦ
1035 3840 1131 3895 καὶ
1167 3838 1492 3909 καθάρσεως
1530 3836 1823 3908 γενήσεται

240 3938 529 4010 πρόξενος.
1496 3960 1499 3961 ν

320 4029 389 4083 Τί
425 4028 484 4083 δὲ
532 4026 673 4102 πρὸς
716 4024 894 4081 ταῦτα
937 4024 966 4079 6
1016 4020 1429 4095 εὖαγγεληστής
1458 4037 1475 4088 ;
1501 4018 1600 4082 (δῦ.
1636 4019 1825 4091 φησιν,

239 4120 571 4194 ἐπιλήσμων
597 4119 708 4174 τῶν
731 4118 824 4173 ὑπ’
842 4117 978 4190 ἐμοῦ
1008 4116 1290 4190 ῥηθέντων
1309 4114 1569 4186 ἀνωτέρω
1590 4112 1790 4182 γέγονα
1807 4127 1822 4143 °

242 4212 348 4268 ἀλλ
388 4212 513 4268 οὔτε
547 4210 888 4268 ἀνακόλουθα
928 4213 1041 4274 τοῖς
1085 4207 1463 4282 προλαϐοῦσι,
1497 4207 1565 4261 τά
1595 4206 1689 4259 ἐπὶ
1732 4203 1825 4258 τοῦ

245 4306 521 4379 παρόντος
551 4303 787 4377 ρηθέντα
826 4321 937 4377 μοι.
986 4303 1050 4357 Εἰ
1096 4302 1195 4373 μὲν
1225 4300 1333 4373 γὰρ
1375 4300 1590 4372 ἔμεινεν
1623 4296 1830 4353 παντά-

246 4418 419 4456 πασιν
444 4400 474 4453 6
501 4400 644 4464 θεῖος
675 4398 850 4469 Λόγος
882 4400 942 4453 ὲν
974 4399 1088 4462 τοῖς
1112 4396 1280 4462 θείοις
1315 4394 1597 4466 ὕψὼμασι,
1629 4391 1723 4447 καὶ
1753 4391 1830 4464 μὴ

249 4494 577 4563 κατεδέξατο
605 4491 868 4556 ἑκουσίως
901 4489 1003 4562 τὴν
1033 4489 1174 4562 πρὸς
1201 4488 1302 4561 τὴν
1329 4481 1609 4559 ἡμετέραν
1634 4483 1825 4539 ταπεί-

248 4606 419 4646 νωσιν
450 4586 882 4657 συγκατάϐασιν,
910 4583 1092 4648 καλῶς
1137 4579 1376 4648 ἐξένιζεν
1419 4580 1565 4651 ὑμᾶς
1609 4577 1730 4646 νῦν,
1758 4576 1827 4630 τὰ
1856 4565 1903 4623 ι)

250 4682 387 4755 παρ’
410 4680 548 4753 ἐμοῦ
587 4679 891 4750 λεγόμεναο
928 4677 978 4730 εἰ
1021 4676 1079 4731 δὲ
1110 4674 1354 4746 ἄσαρκος
1387 4671 1464 4727 ὢν
1496 4673 1526 4726 6
1562 4671 1695 4735 Θεὸς
1735 4670 1830 4726 καὶ

250 4775 568 4848 ἀσώματος,
600 4774 760 4845 σῶμα
792 4771 891 4844 μὲν
920 4768 1278 4843 ὲψυχωμένον
1312 4767 1461 4839 ψυχῇ
1498 4765 1693 4837 λογικῇ
1736 4764 1832 4820 καὶ

251 4870 417 4942 νοερᾷ
449 4868 508 4936 ἐξ
537 4865 920 4938 άπειρογάμου
955 4862 1126 4936 κόρης
1156 4860 1393 4932 δι’ὴμᾶς
1413 4857 1827 4931 περιϐάλλεται·

250 4964 394 5018 οἰκεῖ
419 4962 477 5016 δὲ
510 4961 728 5032 μήτραν
757 4959 1191 5031 ἀπεριγράπτως
1227 4950 1588 5026 παρθενικὴν,
1621 4952 1651 5005 6
1688 4948 1832 5020 πλη-

255 5053 367 5124 ρῶν
415 5052 485 5106 τὰ
533 5048 859 5121 σύμπανταο
886 5048 1144 5119 γεννᾶται
1176 5044 1235 5099 δὲ
1264 5045 1322 5098 ἐν
1351 5042 1530 5117 χρόνῳ
1572 5041 1660 5095 διὰ
1710 5041 1836 5103 τοὺς

256 5143 364 5199 ὐπδ
388 5144 601 5216 χρόνον,
620 5144 649 5197 6
674 5142 882 5213 χρόνων
901 5139 995 5196 καὶ
1015 5138 1230 5196 αἰώνων
1259 5134 1630 5208 πρεσϐύτερος
1645 5149 1662 5166 ο
1698 5133 1837 5205 μᾶλ-

256 5231 351 5287 λον
400 5232 482 5297 δὲ,
524 5231 788 5301 ποιητής·
845 5227 1117 5299 ἀγκάλαις
1161 5226 1219 5282 δὲ
1276 5224 1502 5296 Μητρὸς
1553 5222 1833 5294 Παρθένου

257 5321 761 5394 περιλαμϐάνεται,
800 5322 829 5374 ό
863 5319 1054 5394 θρόνον
1099 5318 1237 5391 ἔχων
1268 5316 1338 5373 τὰ
1364 5316 1681 5389 Χερουϐἰμο
1714 5316 1836 5387 τρέ-

256 5430 424 5484 φεται
452 5412 510 5466 δὲ
536 5410 794 5482 γάλακτι,
828 5410 858 5465 6
892 5411 1041 5483 πάσῃ
1073 5413 1141 5483 τῇ
1171 5410 1349 5464 κτίσει
1376 5409 1476 5480 τὴν
1503 5407 1651 5480 ζωὴν
1680 5425 1836 5481 χαρι-

260 5505 522 5577 ζόμενος·
554 5502 750 5575 φεύγει
779 5502 838 5557 δὲ
871 5503 964 5558 καί⁸
995 5502 1243 5576 Ἡρώδην
1273 5503 1354 5567 είς
1383 5502 1682 5571 Αἰγυπτον,
1714 5502 1744 5556 6
1769 5501 1841 5556 τά

259 5596 587 5668 πρωτότοκα
614 5595 890 5666 Αἰγύπτου
920 5594 1187 5661 πατάξας,
1220 5594 1316 5650 καὶ
1338 5592 1538 5667 Φαραὼ
1562 5611 1840 5650 καταπον-
1894 5592 1897 5596 ’

256 5688 417 5752 τίσας
454 5688 548 5743 τὸν
588 5687 852 5761 τύραννον
874 5702 892 5719 ·
932 5681 1305 5742 ὑποτάσσεται
1350 5686 1409 5741 δὲ
1442 5687 1557 5753 τοῖς
1588 5684 1839 5756 γονεῦσιν

338 5892 406 5947 ⁵1
437 5890 580 5949 Tim.
605 5908 647 5961 ι,
674 5891 762 5947 l7.
838 5893 860 5926 ⁸
887 5895 1019 5950 Luc.
1049 5909 1110 5961 ιι,
1138 5891 1231 5948 22.

1883 588 2194 645 εωειιίοηιηι
2214 587 2258 655 ⁸,
2295 585 2563 642 Salvatori
2583 584 2823 641 Christo.
2861 584 2951 639 Ait
2967 584 3171 654 quippe
3189 585 3467 654 evangeli-

1884 691 1967 739 sta
1997 683 2193 749 Lucas,
2238 690 2365 753 post
2392 680 2719 752 legislatoris
2748 694 2815 733 ex
2853 678 2989 749 legis
3019 678 3235 732 ratione
3275 687 3465 732 octava

1884 774 1975 830 die
2030 773 2506 829 circumcisionem
2544 790 2558 827 :
2594 771 2885 842 Postquam
2923 771 3130 839 impleti
3184 779 3306 824 sunt
3354 770 3468 824 dies

1884 869 2216 940 purgationis
2232 884 2412 922 eorum
2432 867 2715 921 secundant
2734 867 2896 936 legem
2925 864 3120 934 Moysi:
3137 864 3180 917 '.
3197 862 3470 934 Purgatio-

1886 961 1974 1017 nis
2022 960 2233 1031 utique,
2264 969 2379 1015 tum
2432 958 2635 1025 Mariae,
2681 968 2795 1013 tum
2838 956 3082 1019 infantis,
3115 957 3343 1026 ejusque
3373 952 3468 1025 qui

1887 1064 2045 1126 pater
2089 1053 2505 1109 existimabatur
2549 1066 2695 1112 esse,
2753 1064 2951 1118 nempe
2998 1047 3244 1117 Iosephi.
3285 1046 3469 1100 Caete-

1889 1164 2011 1203 rum
2060 1156 2295 1219 stupens
2326 1147 2393 1201 ad
2416 1145 2584 1201 verba
2618 1145 2757 1207 haec,
2797 1143 2851 1197 in
2884 1143 3034 1197 hunc
3061 1140 3289 1195 modum
3313 1153 3473 1193 com-

1892 1244 2207 1314 pellavcrim
2256 1242 2632 1299 admirabilem
2684 1239 2908 1294 Lucam.
2936 1237 3075 1304 Quid
3112 1237 3212 1301 ais,
3246 1250 3279 1290 o
3312 1235 3474 1289 beate

1893 1337 2036 1391 Luca
2068 1334 2094 1389 ἰ
2126 1336 2344 1391 Videris
2386 1334 2589 1390 oblitus
2621 1348 2837 1396 eorum,
2879 1345 3001 1402 qua:
3042 1329 3298 1399 superius
3333 1325 3471 1381 scri-

1892 1446 2099 1502 pseras.
2136 1428 2270 1483 Nam
2315 1429 2599 1484 dissonant
2630 1427 2726 1481 abs
2762 1435 2814 1480 te
2851 1424 3016 1479 modo
3077 1422 3244 1477 dicta.
3278 1420 3474 1474 Nonne

1892 1524 1946 1578 in
1994 1521 2302 1594 Evangeliis
2343 1522 2588 1577 divinum
2631 1519 2939 1575 Gabrielem
2974 1515 3210 1578 inducis,
3258 1514 3313 1567 in
3356 1515 3474 1567 iure

1891 1615 2078 1676 verba,
2131 1613 2223 1668 Dei
2270 1612 2600 1668 Genitricem
2637 1626 2701 1666 ac
2748 1610 3147 1665 sanctissimam
3186 1605 3474 1676 Virginem

1891 1706 2193 1761 aﬂ'antem?
2223 1703 2452 1775 Spiritus
2480 1714 2693 1757 sanctus
2721 1702 3044 1770 superveniet
3065 1701 3119 1752 in
3140 1707 3209 1763 te,
3243 1707 3291 1751 et
3311 1698 3477 1751 virtus

1897 1795 2155 1851 Altissimi
2198 1794 2525 1849 obnmbrabit
2566 1792 2705 1846 tibi?
2738 1792 2854 1856 Qua
2902 1804 3030 1859 ergo
3071 1788 3303 1850 ratione,
3353 1800 3479 1854 qua:

1899 1905 1967 1944 cx
2025 1888 2236 1959 Spiritu
2282 1895 2495 1950 sancto,
2540 1900 2602 1939 ac
2634 1882 2898 1938 Altissimi
2944 1880 3147 1935 virtute
3194 1877 3475 1948 concepit,

1899 1996 2012 2035 non
2060 1994 2191 2035 vero
2226 1979 2527 2034 secundum
2559 1978 2732 2048 legem
2777 1976 3034 2031 humana:
3078 1968 3475 2040 cnnceptionis,

1899 2073 2223 2146 purgatione
2255 2071 2416 2142 eget?
2444 2068 2731 2137 Quomodo
2759 2077 2965 2131 autem,
3000 2079 3121 2134 quae
3157 2078 3223 2116 eo
3254 2059 3480 2131 impleta

1902 2166 2025 2233 fuit,
2066 2166 2159 2237 qui
2208 2174 2459 2220 naturam
2504 2177 2723 2217 omnem
2760 2162 2873 2215 tum
2922 2158 3098 2213 oculis
3147 2155 3479 2225 subjectam,

1904 2270 2019 2317 tum
2064 2276 2173 2315 non
2209 2258 2598 2329 aspectabilem
2658 2254 2984 2315 sanctiﬁcat,
3018 2251 3259 2322 Spiritus
3304 2244 3483 2302 sancti

1904 2366 2100 2422 expers
2159 2348 2432 2404 exsistit?
2476 2346 2579 2414 Qui
2603 2346 2849 2407 domum,
2909 2358 3072 2413 quam
3138 2336 3487 2393 obumbravit

1904 2444 2082 2499 virtus
2124 2441 2417 2506 Altissimi,
2458 2456 2571 2495 non
2604 2438 2754 2494 omni
2785 2435 3050 2491 munditia
3081 2447 3144 2487 ac
3192 2429 3485 2486 sanctitate

1905 2537 2066 2607 plena
2099 2536 2215 2590 sit?
2245 2532 2445 2588 Verum
2472 2548 2592 2603 qua:
2628 2537 2933 2600 sequuntur
2964 2525 3128 2580 verba
3150 2519 3483 2592 archangeli,

1906 2629 2068 2685 dictis
2116 2626 2441 2682 terribiliora
2475 2632 2635 2689 sunt;
2664 2622 2742 2677 ait
2772 2621 2918 2675 enim
2941 2608 3054 2672 :‘Et
3080 2617 3194 2670 ideo
3220 2615 3358 2686 quod
3383 2614 3485 2667 na-

1908 2729 2080 2775 scetur
2103 2735 2166 2773 ex
2186 2727 2235 2771 te
2253 2724 2516 2782 sanctum,
2542 2713 2708 2769 Filius
2740 2711 2838 2766 Dei
2869 2710 3161 2765 vocabitur.
3193 2707 3327 2773 Quis
3355 2718 3488 2777 ergo

1911 2813 2004 2868 ubi
2027 2813 2145 2867 haec
2169 2826 2346 2881 nuper
2370 2825 2435 2865 ex
2460 2817 2512 2864 te
2533 2806 2799 2869 audisset,
2832 2820 2979 2858 nunc
3009 2803 3205 2857 iterum
3243 2800 3487 2856 claman-

1912 2915 2023 2960 tem
2054 2904 2303 2967 audiens,
2333 2901 2624 2971 Postquam
2652 2897 2856 2968 impleti
2874 2906 2995 2950 sunt
3024 2895 3136 2949 dies
3161 2893 3490 2965 purgationis

1912 3011 2092 3049 eorum
2116 2993 2286 3065 [vulg.
2313 2985 2474 3064 eius],
2502 3005 2612 3046 non
2637 2988 2835 3044 merito
2869 2996 3118 3058 stupens,
3151 2995 3203 3041 te
3231 2983 3494 3040 accuset?

1915 3084 2199 3155 Siquidem
2226 3082 2374 3139 enim
2397 3081 2637 3154 Spiritus
2659 3089 2883 3135 sanctus
2914 3077 3188 3150 Virginem
3222 3076 3489 3148 implevit,

1916 3192 1980 3233 ac
2000 3176 2263 3232 Altissimi
2305 3177 2478 3230 virtus
2519 3188 2685 3244 super
2724 3188 2844 3228 eam
2888 3170 3257 3235 obumbravit,
3312 3169 3492 3240 quod-

1916 3286 2024 3341 que
2067 3278 2259 3324 natum
2306 3276 2390 3323 est
2441 3266 2498 3322 in
2537 3281 2623 3330 ea,
2657 3264 2753 3320 Dei
2804 3263 3021 3335 quidem
3064 3262 3233 3317 Filius
3279 3260 3496 3317 exsistit

1917 3370 2045 3417 ante
2083 3361 2327 3425 saecula;
2369 3374 2516 3413 nunc
2566 3372 2699 3413 vero
2739 3356 2903 3411 etiam
2937 3355 3229 3416 vocabitur.
3284 3355 3495 3411 ratione

1917 3454 2313 3509 incarnationis
2346 3467 2361 3517 ;
2413 3449 2708 3522 quomodo,
2764 3465 2885 3519 quae
2925 3450 3124 3503 divina:
3158 3464 3223 3502 ac
3257 3447 3497 3503 consub-

1919 3545 2195 3603 stantialis
2234 3542 2515 3598 Trinitalis
2560 3541 2665 3596 fuit
2717 3541 2913 3596 ell’ecta
2946 3539 3242 3610 particeps.
3292 3539 3498 3593 nedum

1920 3654 2029 3694 non
2066 3637 2282 3693 deﬁciet
2327 3634 2692 3692 sanctitudine
2714 3649 2779 3688 ac
2823 3632 3079 3703 puritate,
3113 3631 3245 3702 quin
3269 3640 3323 3687 et
3342 3646 3501 3686 crea-

1923 3742 2104 3788 torum
2142 3728 2506 3796 universitati,
2550 3725 2941 3783 sanctitudinis
2968 3740 3033 3779 ac
3068 3723 3326 3797 puritatis
3365 3737 3501 3779 con-

1924 3821 2159 3878 ciliatrix
2185 3819 2451 3876 exsiStet?

1997 4025 2138 4092 Quid
2180 4041 2310 4081 vero
2354 4025 2424 4080 ad
2470 4024 2588 4081 haec
2627 4024 3008 4098 evangelista?
3054 4022 3507 4099 Haudquaquam,

1930 4118 2129 4189 inquit,
2173 4117 2377 4172 oblitus
2421 4133 2541 4173 sum
2586 4134 2775 4173 eorum
2816 4134 2939 4185 quae
2984 4118 3096 4173 dixi
3126 4119 3418 4189 superius:
3451 4128 3511 4176 at

1928 4225 2110 4281 neque.
2133 4211 2246 4281 jam
2277 4218 2404 4264 ante
2446 4209 2628 4274 dictis,
2659 4225 2781 4280 qua:
2820 4211 2983 4265 modo
3012 4211 3146 4275 dixi,
3172 4213 3357 4268 minus
3377 4228 3510 4269 con-

1929 4319 2064 4359 sona
2117 4311 2267 4358 sunt.
2322 4301 2603 4373 Siquidem
2670 4301 2816 4356 enim
2865 4303 3113 4358 divinum
3155 4304 3391 4360 Verbum
3450 4306 3509 4362 in

1931 4396 2134 4454 divinis
2152 4394 2375 4451 omnino
2397 4394 2688 4450 mansisset
2709 4394 3158 4461 snblimitatibus,
3190 4412 3294 4453 nec
3314 4410 3512 4469 sponte

1933 4504 2031 4544 sua
2052 4486 2118 4542 ad
2155 4493 2399 4543 nostram
2433 4499 2492 4539 se
2512 4483 2877 4539 humilitatem
2920 4483 3184 4539 inclinare
3226 4484 3508 4554 voluisset,

1932 4581 2127 4638 merito
2149 4594 2295 4635 nunc
2313 4594 2410 4634 vos
2452 4577 2888 4648 perturbassent,
2912 4593 3033 4648 quae
3058 4593 3087 4631 a
3110 4594 3199 4633 me
3215 4578 3507 4635 dicuntur:

1931 4672 2016 4728 sin
2064 4681 2270 4733 autem.
2318 4684 2443 4725 cum
2483 4669 2630 4724 Deus
2681 4677 2850 4735 esset,
2891 4684 2955 4723 ac
2998 4684 3193 4739 expers
3239 4669 3507 4740 corporis,

1932 4779 2133 4835 corpus
2154 4762 2377 4834 quidem
2410 4763 2595 4818 anima
2630 4761 2859 4817 rationis
2885 4778 2949 4817 ac
2980 4762 3289 4819 intellectus
3336 4763 3513 4820 facul-

1932 4866 2044 4913 tate
2084 4856 2309 4927 praedita
2344 4856 2646 4911 animatum
2674 4895 2689 4922 ,
2735 4868 2802 4909 ex
2839 4854 3066 4925 innupta
3113 4855 3289 4925 puella
3332 4857 3511 4930 nostri

1933 4964 2099 5005 causa
2137 4948 2336 5014 induit,
2368 4963 2434 5003 ac
2459 4947 2802 5019 virginalem,
2833 4948 2926 5019 qui
2954 4948 3137 5003 omnia
3180 4950 3389 5020 implet,
3426 4949 3514 5006 in-

1938 5038 2354 5109 circumscripta
2405 5038 2620 5094 ratione
2646 5037 2918 5095 inhabitat
2957 5047 3215 5094 uterum:
3255 5048 3418 5111 atque
3445 5041 3514 5107 is,

1936 5132 2031 5203 qui
2060 5141 2147 5189 est
2176 5132 2391 5207 saxulis
2432 5132 2750 5203 antiquior;
2778 5134 3026 5203 quinimo
3058 5132 3311 5189 conditor
3339 5148 3516 5189 saeuu-

1939 5225 2138 5291 lornm,
2170 5224 2227 5279 in
2258 5233 2505 5295 tempore
2541 5226 2803 5293 nascitur,
2822 5235 3049 5297 propter
3076 5229 3171 5282 eos
3204 5227 3296 5298 qui
3328 5235 3517 5282 essent

1939 5318 2043 5375 sub
2068 5327 2313 5389 tempore
2340 5334 2355 5372 :
2398 5317 2587 5374 Matris
2615 5317 2858 5391 Virginis
2889 5320 3032 5375 ulnis
3063 5320 3400 5391 astringitur,
3422 5319 3513 5390 qui

1942 5410 2097 5466 sedet
2138 5424 2304 5480 super
2329 5408 2626 5465 Cherubim
2657 5427 2672 5466 :
2700 5410 2841 5466 lacte
2876 5411 3140 5476 nutritur,
3181 5410 3274 5481 qni
3317 5411 3519 5467 creatis

1942 5502 2216 5559 universis
2238 5502 2401 5559 vitam
2426 5502 2651 5575 largitur
2677 5522 2691 5559 :
2721 5504 2775 5557 in
2797 5502 3089 5574 Egyptum
3107 5516 3327 5571 quoque
3352 5500 3520 5556 Hero-

1941 5595 2066 5653 dem
2110 5594 2267 5668 fugit,
2324 5594 2419 5667 qui
2457 5595 2728 5667 percussit
2773 5593 3129 5665 primogenita
3167 5590 3405 5663 Egypti,
3454 5607 3521 5649 ac

1943 5701 2233 5763 tyrannum
2267 5690 2608 5748 Pharaonem
2640 5685 2936 5743 submersit
2961 5705 2975 5741 :
3003 5684 3294 5757 subjicitur
3316 5697 3523 5757 paren-
