4058 6430
496 377 636 465 ιδτι

1479 376 1794 439 LEONTII
1833 371 2348 441 NEAPOLITANI
2384 370 2731 443 EPISCOPI

3632 381 3773 454 1579

497 499 642 554 tibus
703 496 759 553 in
813 511 1022 553 rnorem
1069 495 1318 561 infantis,
1365 494 1458 567 qui
1510 496 1764 551 universa
1823 492 2070 565 subjecta

2188 493 2247 562 ὃς
2273 498 2488 568 νήπιον,
2515 499 2547 553 6
2575 498 2718 569 ἔχων
2759 498 3181 571 ὐποτεταγμίνα
3210 500 3279 554 τά
3309 498 3611 570 σύμπαντα
3629 518 3644 532 ·
3673 506 3771 572 βα-

494 589 696 645 babet:
729 604 759 644 a
789 586 1001 656 Joanne
1045 588 1378 660 baptizatur,
1435 587 1531 658 qui
1562 587 1733 643 donat
1784 586 2070 642 remissio-

492 697 620 739 nem
669 691 1018 753 peccatorum
1049 698 1065 735 :
1111 689 1356 736 tentatur
1394 680 1501 736 mei
1538 694 1727 748 causa,
1762 679 1855 750 qui
1894 678 2072 750 major

494 784 580 830 est
621 790 782 844 quam
823 783 885 829 ut
922 772 1121 828 tentari
1181 773 1375 843 possit,
1429 781 1490 827 ut
1522 788 1650 827 eum
1708 771 1913 837 \incat,
1962 786 2072 841 quo

497 876 769 925 tentature
803 882 833 922 c
871 866 1121 937 paradiso
1149 866 1409 936 expulsus
1455 864 1570 919 fui:
1605 874 1768 936 atque
1811 874 1871 919 ut
1902 865 2073 938 verbo

495 959 693 1033 dicam,
722 967 848 1029 post
883 958 1065 1012 omnia
1101 967 1314 1028 patrata
1362 956 1648 1019 miracula,
1678 957 1772 1027 qui
1809 956 2074 1013 immunis

495 1059 581 1106 est
613 1066 643 1105 a
678 1048 955 1121 passione,
996 1049 1283 1120 passiones
1305 1048 1537 1119 suscipit
1568 1066 1581 1102 :
1614 1049 1710 1119 qui
1738 1057 1823 1104 est
1846 1047 2073 1102 immor-

498 1138 620 1195 talis
660 1138 797 1195 mori
832 1156 998 1196 carne
1051 1138 1307 1204 sustinet,
1343 1154 1407 1194 ac
1432 1139 1675 1210 sepeliri,
1716 1147 1779 1194 ut
1804 1153 1891 1194 me
1921 1153 2071 1194 mor-

496 1242 674 1294 tuum.
704 1248 801 1289 sua
824 1230 1225 1287 resurrectione
1251 1230 1615 1285 immortalem
1643 1238 1903 1302 praestet:
1939 1228 2085 1301 quid.

494 1324 714 1389 mirum,
766 1333 827 1379 ut
859 1323 1077 1379 illorum
1106 1321 1350 1378 omnium
1391 1322 1727 1387 accessione,
1774 1338 1947 1392 purus
1984 1321 2075 1378 ille

494 1431 560 1477 ac
581 1415 1069 1479 incontaminatus,
1097 1430 1201 1469 una
1222 1430 1346 1469 cum
1372 1414 1797 1469 incontaminata
1826 1429 1890 1469 ac
1907 1413 2073 1469 innu-

496 1516 588 1578 pta
613 1505 833 1578 Virgine
863 1521 928 1561 ac
956 1514 1152 1572 matre,
1193 1506 1312 1578 lege
1340 1505 1703 1577 perscriptam
1728 1506 1892 1562 obeat
1920 1507 2075 1577 puri-

499 1598 809 1665 ﬁcationem
844 1615 858 1663 ;
889 1614 1000 1669 quo
1029 1598 1206 1655 factus
1233 1599 1335 1654 sub
1366 1600 1507 1670 lege,
1543 1608 1604 1655 ut
1636 1599 1715 1655 ait
1750 1598 2071 1671 Apostolus,

497 1703 592 1744 eos
622 1689 838 1755 liberet,
871 1689 962 1760 qui
989 1689 1092 1744 sub
1112 1689 1232 1760 lege
1263 1696 1422 1744 erant
1446 1689 1466 1720 °
1495 1688 1519 1742 ?

568 1780 772 1837 Verum
815 1782 1069 1838 nesciens
1113 1781 1541 1853 quodammodo,
1588 1780 1921 1847 charissimi,
1967 1780 2074 1836 im-

2172 587 2424 655 πτίζεται
2464 590 2523 645 δὲ
2558 591 2666 646 ὑπὸ
2699 590 2971 657 Ἰωάννου,
3010 593 3040 647 6
3064 592 3413 666 δωρούμενος
3440 594 3555 647 τῶν
3588 595 3777 665 ἀμαρο

2171 683 2437 754 τημάτων
2465 683 2567 756 τὴν
2597 685 2828 755 ἀφεσιψ
2879 684 3208 758 πειράζεται
3253 686 3311 740 δὲ
3346 686 3377 740 6
3408 686 3772 757 ἀπείραττος,

2171 774 2240 830 δι’
2273 774 2398 844 ἐμὲ,
2443 776 2535 831 ῐνα
2579 777 2782 851 νικήσῃ
2834 778 2928 832 τὸν
2981 777 3086 849 ἐμὲ
3126 778 3495 849 πειράσαντα,
3537 780 3635 832 καὶ
3682 778 3778 832 τοῦ

2173 866 2507 938 παραδείσου
2530 867 2799 934 διώξαντα
2815 885 2830 901 ·
2856 869 2977 936 καὶ,
2997 869 3182 934 ἁπλῶς
3201 870 3402 935 είπεῖν,
3430 872 3572 939 μετὰ
3597 870 3780 922 πᾶσαν

2174 946 2649 1030 θαυματουργίαν,
2684 960 2835 1032 πάθη
2886 963 2916 1016 6
2966 962 3189 1034 ἀπαθὴς
3238 962 3606 1033 καταδέχεται
3630 980 3643 993 ο
3683 961 3780 1015 καὶ

2174 1050 2405 1106 θάνατον
2438 1052 2535 1106 καὶ
2561 1053 2742 1124 ταφὴν
2790 1054 3055 1126 ὑπομένει
3095 1057 3261 1127 σαρκὶ
3291 1055 3321 1108 6
3345 1056 3620 1120 ἀθάνατος
3641 1091 3658 1122 ,
3690 1058 3780 1111 ἵνα

2172 1141 2277 1214 ἐμὲ
2313 1143 2408 1197 τὸν
2446 1142 2833 1200 θανατωθέντα
2873 1147 3263 1221 ἀπαθανατίσῃ
3296 1147 3384 1201 διὰ
3430 1148 3535 1219 τῆς
3581 1147 3779 1203 ἑαυτοῦ

2174 1232 2553 1300 ἀναστάσεως.
2595 1235 2662 1290 Τί
2701 1230 2796 1291 οὖν
2830 1237 3001 1303 ξένον,
3034 1237 3085 1293 εἰ
3115 1239 3237 1309 μετ’
3263 1238 3493 1294 δκείνων
3520 1241 3783 1294 ἁπάντων

2174 1321 2270 1377 καὶ
2295 1324 2385 1377 τὸν
2410 1323 2552 1378 κατά
2576 1323 2741 1395 νόμον
2762 1324 3110 1398 καθαρισμὸν
3130 1327 3158 1379 6
3186 1326 3429 1398 καθαρὸς
3456 1328 3555 1381 καὶ
3576 1329 3783 1398 ἄχραν-

2172 1431 2288 1481 τος,
2319 1415 2462 1486 μετά
2504 1415 2605 1487 τῆς
2633 1415 2906 1489 ἀχράντου
2940 1418 3038 1472 καὶ
3074 1419 3461 1491 ἀπειρογάμου
3494 1419 3780 1491 Παρθένου

2174 1506 2270 1561 καὶ
2305 1505 2531 1579 Μητρὸς
2562 1506 2922 1578 καταδέχεται
2941 1523 2955 1538 ’
3002 1507 3090 1562 ἵνα
3121 1510 3415 1582 γενόμενος
3445 1509 3554 1564 ὑπὸ
3587 1512 3779 1582 νόμον,

2173 1590 2250 1663 ὡς
2276 1596 2305 1650 6
2337 1596 2664 1663 Ἀπόστολος
2686 1597 2882 1671 ἔφησε,
2906 1601 3035 1664 τοὺς
3066 1594 3171 1655 ὑπὸ
3200 1601 3367 1672 νόμον
3395 1602 3781 1676 ἐλευθερώσεις

2247 1779 2391 1835 Ἀλλ’
2416 1778 2632 1848 ἔλαθον,
2658 1781 2959 1854 ἀγαπητοὶ,
2982 1782 3061 1854 τῷ
3082 1781 3301 1852 ἀπλέτῳ
3315 1783 3548 1853 πελάγει
3559 1785 3662 1856 τῆς
3683 1782 3783 1838 τοῦ

498 1888 690 1929 menso
731 1889 816 1929 me
855 1872 1247 1928 incarnationis
1294 1871 1592 1929 Salvatoris
1640 1874 1775 1929 mari
1826 1872 2074 1944 permisi,

2188 1871 2434 1944 Σωτῆρος
2454 1842 2770 1944 οἰκονομίας
2802 1842 2997 1928 ἑαυτδν
3029 1842 3359 1947 ἓπιδοὺςίτῇ
3388 1842 3535 1947 φορᾷ
3559 1842 3659 1930 τοξ
3682 1876 3780 1929 λό-

499 1965 754 2022 trahente
800 1965 1073 2021 sermonis
1117 1965 1343 2037 impetu.
1396 1966 1609 2037 Quippe
1657 1964 1870 2020 facilius
1923 1964 2070 2034 quis,

499 2044 667 2116 maris
682 2057 1024 2115 latitudinem
1048 2059 1184 2114 volaa
1202 2074 1395 2114 manus
1419 2059 1640 2114 modulo
1660 2058 2075 2129 complectatur,

499 2164 664 2219 quam
698 2155 759 2203 ut
803 2148 1001 2203 multos
1034 2147 1231 2203 divina!
1251 2148 1318 2203 ad
1355 2164 1456 2203 nos
1486 2146 1853 2202 inclinationis
1890 2146 2079 2203 modos

501 2253 567 2292 ex
596 2238 991 2305 incarnatione,
1011 2236 1286 2308 prolatitio
1302 2254 1555 2293 sermone
1572 2238 1767 2293 edicat.
1792 2232 2081 2294 Enimvero

500 2327 571 2383 ad
612 2328 942 2401 evangelicae
987 2327 1332 2384 celsitudinis
1367 2329 1640 2384 sublatum
1674 2329 1851 2401 ignem
1893 2345 2082 2384 recur-

502 2432 709 2485 ramus,
745 2418 910 2490 inque
952 2433 1102 2487 eum,
1134 2418 1374 2491 Spiritus
1424 2420 1598 2477 sancti
1656 2421 2077 2492 gubernatione,

2178 1981 2276 2035 γου
2303 1961 2618 2037 ἑλκόμενος.
2650 1964 3062 2041 Εὑχερᾶστερον
3084 1969 3194 2040 γάρ
3216 1968 3359 2034 ἐστι,
3390 1968 3453 2022 τὸ
3482 1968 3647 2032 κῦτος
3673 1969 3783 2039 τῆς

2178 2054 2458 2129 θαλάσσης
2490 2056 2719 2130 παλάμῃ
2751 2058 2937 2132 χειρὸς
2980 2059 3330 2132 ἀνθρωπίνης
3371 2060 3716 2132 πριλαὸεἴν,
3743 2062 3781 2133 ἢ

2175 2150 2277 2218 τὰς
2308 2150 2686 2223 πολυτρόπους
2723 2151 2827 2223 τῆς
2872 2150 3025 2216 θείας
3068 2152 3387 2223 οἰκονομίας
3419 2152 3787 2221 συγκαταϐά-

2179 2259 2315 2308 σεις,
2345 2243 2491 2315 λόγῳ
2519 2243 2843 2315 προφορικῷ
2873 2243 3133 2311 ἐξειπεῖν.
3152 2245 3293 2299 Ἀλλ’
3317 2248 3411 2299 ἐπὶ
3443 2247 3537 2299 τὸν
3567 2247 3787 2318 πυρσὸν

2177 2333 2274 2389 τοῦ
2312 2334 2674 2404 εὐαγγελικοῦ
2724 2326 2895 2405 ὕψους
2940 2338 3461 2409 ἐπαναδράμωμεν,
3495 2338 3594 2391 καὶ
3643 2338 3791 2409 πρλς

2180 2422 2345 2479 αὑτὸν
2393 2424 2494 2495 τὴν
2539 2421 2744 2479 ὁλκάδα
2785 2423 2897 2479 τῶν
2946 2419 3142 2494 λόγων,
3173 2428 3241 2496 τῇ
3271 2424 3640 2496 πηόαλιουχίᾳ
3686 2423 3786 2477 τοῦ

502 2524 817 2565 sermonum
843 2511 1151 2567 onerariam
1196 2512 1517 2585 dirigamus.

2188 2512 2322 2569 Πνεύ
2330 2532 2519 2587 ματος,
2547 2512 2969 2587 ἀπευθύνωμεν.

505 2590 510 2597 ’
576 2601 867 2673 Postquam
888 2610 1089 2668 autent,
1136 2601 1335 2671 inquit,
1370 2598 1573 2671 impleti
1601 2612 1721 2657 sunt
1743 2598 1854 2658 dies
1886 2620 2083 2676 purga-

2254 2600 2415 2668 Ὅτε,
2447 2601 2633 2671 φησὶν,
2662 2600 3069 2672 ἐπλήσθησαν
3094 2603 3156 2657 αἰ
3189 2602 3405 2673 ἡμέραι
3448 2601 3559 2657 τοῦ
3596 2606 3788 2657 καθα-

503 2690 659 2747 tlom’s
677 2709 856 2746 eorum
886 2692 1172 2747 secundum
1196 2692 1360 2764 legem
1387 2692 1583 2765 Moysi,
1603 2694 1837 2749 tulerunt
1861 2710 2081 2765 puerum

2188 2692 2405 2763 ρισμοῦ
2436 2691 2647 2748 αὐτῶν
2675 2694 2828 2750 κατὰ
2858 2694 2963 2748 τὸν
2991 2695 3183 2765 νόμον
3204 2695 3526 2759 Μωῦσέως.
3560 2694 3792 2763 «inira-

502 2780 559 2861 in
586 2783 902 2845 Jerusalem,
948 2793 1003 2836 ut
1029 2784 1269 2837 sisterent
1296 2800 1417 2838 eum
1443 2783 1693 2840 Domino.
1726 2785 1874 2851 Bene
1913 2800 2083 2858 expo-

2188 2802 2293 2857 γον
2339 2782 2403 2840 τὸ
2457 2784 2703 2841 παιδίον
2753 2787 2844 2853 εἰς
2885 2787 3282 2856 Ἰεροσόλυμα
3310 2828 3324 2849 .
3388 2785 3791 2854 παραστῆσαι

502 2876 615 2932 suit
643 2874 993 2947 evangelista.
1027 2874 1224 2930 Omnia
1252 2875 1397 2929 enim
1428 2872 1587 2933 nobis
1614 2876 1731 2948 lege
1767 2878 2082 2948 praescripta

2188 2875 2265 2944 τῷ
2307 2879 2524 2947 Κυρίῳ.
2568 2877 2765 2943 Καλῶς
2808 2879 2837 2932 6
2880 2878 3277 2950 εὑαγγελιστὴς
3312 2878 3668 2950 ὲσατηνισεν.
3694 2874 3789 2940 Ὠς

500 2966 758 3039 prudenti
789 2965 1024 3038 quodam
1057 2965 1310 3030 consilio,
1332 2966 1506 3022 nostri
1538 2983 1702 3043 causa
1725 2967 1976 3038 suscipit.
2002 2967 2080 3021 En

2188 2970 2247 3036 ἐξ
2271 2970 2589 3042 οἰκονομίας
2625 2970 2735 3043 γὰρ
2767 2972 2945 3026 πάντα
2971 2970 3042 3027 τὰ
3070 2972 3203 3043 ἡμῖν
3230 2970 3323 3024 ὑπ’
3350 2967 3522 3024 αὐτοῦ
3552 2970 3790 3040 νομοθε-

503 3060 676 3127 enim,
702 3058 795 3131 qui
817 3058 969 3113 caelos
994 3066 1043 3112 et
1077 3067 1274 3112 terram
1294 3055 1476 3129 implet
1494 3058 1539 3124 ⁷,
1571 3057 1934 3114 ministerium
1960 3074 2083 3116 sus-

2188 3061 2427 3133 τηθέντα
2459 3062 2599 3135 ὑπὲρ
2626 3062 2786 3134 ἡμῶν
2830 3062 3214 3134 καταδέχεται.
3234 3056 3367 3115 Ἰδοὺ
3396 3062 3508 3135 γὰρ
3533 3060 3599 3116 '0
3628 3065 3794 3131 πλη-

505 3152 660 3224 'cipit,
716 3149 1029 3223 quoeloco
1059 3149 1115 3205 in
1159 3149 1339 3207 locum
1389 3149 1617 3206 feratur.
1666 3152 1893 3207 Cuinam
1952 3164 2083 3209 vero

2188 3152 2309 3224 ρῶν
2351 3154 2650 3223 οὐρανούς
2692 3170 2757 3209 τε
2795 3154 2897 3209 καί
2933 3153 3072 3224 γῆν,
3123 3154 3484 3225 ὑπηρετεῖται
3529 3153 3630 3225 τὴν
3676 3151 3795 3208 ἀπὸ

505 3244 671 3307 etiam
698 3241 952 3308 Domino,
1007 3256 1240 3314 puerum
1283 3240 1513 3298 festinas
1540 3240 1758 3310 sistere,
1786 3258 1819 3297 ο
1848 3241 2084 3297 sanctis-

501 3337 646 3413 sima
678 3334 1114 3408 Yirgo?Audisti
1149 3334 1326 3406 palam
1355 3350 1419 3390 ex
1456 3333 1729 3402 Gabriele,
1763 3333 1857 3389 Dei
1887 3334 2083 3389 Filium

506 3445 650 3495 esse,
681 3428 772 3499 qui
800 3427 854 3483 in
888 3436 981 3483 tuo
1008 3438 1164 3483 utero
1202 3428 1611 3499 conciperetur.
1644 3426 1925 3498 Siquidem
1955 3442 2086 3498 ergo

512 3522 605 3576 Dei
637 3522 805 3576 Filius
834 3530 937 3587 est,
983 3521 1075 3593 qui
1114 3537 1227 3577 non
1258 3519 1393 3576 citra
1428 3537 1645 3576 omnem
1687 3520 2087 3576 dubitationem

508 3615 673 3670 etiam
711 3613 976 3670 Dominus
1022 3614 1150 3670 est?
1191 3612 1340 3682 Scio,
1373 3614 1550 3686 inquit
1578 3615 1738 3670 beata
1774 3614 1960 3687 Virgo,
1989 3612 2085 3669 Dei

512 3688 708 3763 Filium
733 3707 937 3779 pariter
964 3722 1085 3765 esse
1108 3716 1271 3779 atque
1300 3707 1613 3774 Dominum,
1643 3706 1736 3777 qui
1758 3706 1901 3761 idem
1927 3705 2089 3762 simul

500 3786 667 3856 meus
698 3799 855 3855 ﬁctor
885 3807 968 3855 est
996 3814 1060 3856 ac
1099 3798 1266 3862 ﬁlius,
1295 3814 1459 3870 quem
1489 3808 1550 3853 ut
1592 3813 1845 3870 puerum,
1868 3797 1941 3854 ob
1971 3797 2090 3869 ejus

510 3892 859 3949 clementiam
891 3906 956 3947 ac
1000 3891 1418 3961 benignitatem.
1440 3890 1586 3946 ulnis
1629 3890 1965 3961 amplector:
1992 3904 2091 3945 ve-

494 4003 634 4055 rum
668 3986 742 4041 illi
773 3986 969 4042 sistere
1014 3984 1239 4050 festino,
1279 3986 1347 4041 de
1376 4002 1485 4057 quo
1526 4000 1660 4041 avus
1690 3998 1847 4039 meus
1896 3982 2088 4049 David,

510 4079 679 4136 divini
708 4077 948 4149 Spiritus
963 4076 1167 4145 aﬂlatu,
1194 4077 1415 4134 modulo
1442 4076 1665 4143 cecinit,
1685 4076 1915 4134 dicens:
1942 4076 2091 4133 Dixit

514 4170 769 4225 Dominus
809 4168 1036 4224 Domino
1079 4185 1218 4237 meo,
1242 4167 1376 4225 Sede
1419 4188 1453 4225 a
1483 4171 1683 4226 dextris
1713 4170 1843 4225 meis
1864 4210 1881 4238 ,
1929 4170 2091 4225 donec

515 4279 712 4334 ponam
745 4262 987 4317 inimicos
1015 4271 1133 4317 tuos
1166 4261 1453 4318 scabellum
1474 4264 1667 4334 pedum
1694 4271 1906 4317 tuorum
1932 4262 1975 4317 ⁸.
2010 4262 2090 4317 En

513 4353 610 4409 tibi
638 4353 904 4410 Dominus
932 4351 1128 4410 Pater:
1155 4370 1224 4410 en
1256 4363 1311 4411 et
1341 4354 1604 4411 Dominus
1629 4354 1819 4420 Filius,
1845 4355 1912 4410 ad
1928 4368 2095 4425 quem

496 4447 690 4503 tactus
718 4454 803 4503 est
831 4460 1034 4503 sermo.
1071 4446 1315 4503 Tametsi
1349 4463 1483 4503 vero
1516 4447 1625 4502 duo
1656 4445 1871 4502 Domini
1895 4447 2092 4503 dicun-

2185 3246 2369 3299 τόπων
2401 3246 2485 3309 εἰς
2527 3244 2726 3308 τόπους
2781 3245 3105 3316 μετάϐασιν.
3136 3244 3283 3315 Ποίῳ
3333 3242 3389 3297 δὲ
3442 3244 3542 3299 καὶ
3592 3246 3793 3317 Κυρῖῳ

2186 3336 2545 3409 παραστῆσαι
2567 3335 2631 3390 τὸ
2664 3335 2867 3408 βρέφος
2896 3337 3116 3409 ἐπείγῃ,
3147 3330 3192 3390 ὦ
3224 3337 3470 3406 παναγία
3498 3338 3789 3409 Παρθένε;

2190 3431 2473 3493 Ἤκουσας
2532 3428 2721 3498 σαφῶς
2771 3429 2876 3482 ὑπὸ
2922 3429 3016 3483 τοῦ
3066 3429 3330 3500 Γαϐριὴλ,
3359 3428 3435 3493 ὡς
3466 3430 3596 3493 Υἱὸς
3646 3429 3791 3482 Θεοῦ

2188 3522 2337 3576 ἐστιν
2389 3521 2417 3574 6
2463 3521 2522 3574 ὲν
2573 3522 2642 3592 τῇ
2693 3521 2894 3592 γαστρί
2945 3532 3041 3575 σου
3089 3517 3549 3594 κυοφορούμενος.
3585 3518 3649 3574 Εἰ
3693 3516 3791 3576 οὖν

2188 3613 2317 3679 Υἰὺς
2366 3612 2503 3667 Θεοῦ
2550 3612 2720 3680 ἐστιν,
2749 3612 2871 3678 πῶς
2915 3612 3016 3668 οὐκ
3063 3613 3210 3668 ἐστιν
3261 3613 3657 3685 ἀναμφιδόλως
3689 3616 3792 3669 καὶ

2188 3706 2414 3779 Κύριος.
2443 3699 2599 3769 Οῐδα,
2629 3704 2797 3778 φησὶν
2839 3705 2874 3779 ἡ
2927 3706 3176 3777 μακαρία
3211 3706 3514 3777 Παρθένος,
3553 3707 3639 3761 δτι
3687 3709 3787 3762 καὶ

2189 3799 2321 3865 Υἱὸς
2350 3799 2488 3854 Θεοῦ
2513 3799 2661 3856 ἔστιν
2692 3799 2786 3855 καὶ
2810 3797 3042 3872 Κύριος,
3069 3795 3098 3851 6
3128 3798 3261 3871 ὲμδς
3291 3794 3539 3869 πλάστης
3569 3796 3629 3853 ἐν
3651 3801 3788 3853 ταῦ-

2189 3892 2269 3964 τῷ
2300 3894 2393 3947 καὶ
2426 3894 2564 3961 υίὸς,
2587 3892 2649 3949 δν
2677 3889 2752 3959 ὡς
2784 3892 2987 3966 βρέφος
3014 3891 3103 3947 διὰ
3131 3888 3233 3961 τὴν
3268 3888 3437 3945 αὐτοῦ
3474 3889 3790 3964 φιλανθρω-

2192 3986 2325 4042 πίαν
2354 3985 2787 4058 ὲναγκαλίζομαι
2809 4003 2823 4017 ·
2853 3984 2969 4040 ἀλλ’
2991 3984 3190 4056 ἐκείνῳ
3210 3980 3405 4037 τοῦτον
3427 3980 3789 4054 παραστῆσαι

2194 4077 2505 4147 σπουδάζω,
2538 4080 2667 4151 περὶ
2698 4070 2758 4133 οὗ
2784 4080 2813 4133 6
2839 4077 2973 4149 ἐμὸς
3007 4076 3315 4150 προπάτωρ
3348 4072 3549 4141 Δαϐὶδ,
3575 4074 3667 4129 διὰ
3692 4075 3789 4128 τοῦ

2192 4172 2517 4243 Πνεῦματος
2549 4170 2864 4243 ὲμελῴδησε
2897 4169 3075 4239 λέγων
3106 4183 3122 4198 ·
3166 4163 3356 4223 Ebur
3386 4169 3420 4222 ὁ
3446 4166 3669 4237 Κύριος
3708 4166 3789 4235 τῷ

2192 4264 2390 4333 Κυρίῳ
2436 4281 2578 4333 μου,
2604 4262 2802 4319 Κάθου
2846 4261 2916 4317 ἐκ
2966 4258 3185 4326 δεξιῶν
3236 4277 3394 4331 μου,
3430 4258 3545 4327 ἕως
3589 4258 3670 4313 ἂν
3706 4264 3788 4313 θω

2192 4355 2337 4424 τοὺς
2379 4355 2634 4428 ἐχθρούς
2679 4368 2799 4409 σου
2847 4353 3191 4410 ὑποπόδιον
3232 4351 3352 4407 τῶν
3394 4349 3601 4405 ποδῶν
3643 4367 3786 4406 σου.

2206 4449 2337 4503 Ἰδοὺ
2367 4448 2573 4520 Κύριος
2604 4450 2632 4501 6
2659 4448 2852 4519 Πατήρ
2879 4462 2894 4479 ο
2926 4446 3037 4501 ἰδοὺ
3062 4446 3159 4501 καὶ
3184 4443 3394 4515 Κύριος
3425 4446 3453 4497 6
3478 4442 3629 4508 Υἱὸς,
3649 4442 3789 4514 πρὸς

500 4534 620 4608 tur,
677 4556 785 4596 una
821 4550 1003 4597 tamen
1053 4554 1248 4596 eorum
1287 4539 1594 4596 dominatio
1630 4547 1737 4607 est,
1783 4539 1861 4595 uti
1893 4547 1950 4596 et
1981 4554 2083 4595 una

2194 4541 2253 4596 ὃν
2283 4544 2312 4596 6
2338 4541 2499 4611 λόγος
2532 4538 2934 4610 ἑγένετο.”Αλλ⁹
2960 4540 3009 4594 εί
3038 4539 3132 4592 καὶ
3161 4536 3255 4592 δύο
3280 4537 3481 4609 Κύριοι
3510 4536 3786 4603 λέγονται,

504 4649 729 4707 quoque
768 4633 967 4690 deitas.
1016 4631 1098 4689 Illi
1121 4648 1251 4705 ergo
1285 4633 1539 4697 Domino,
1568 4632 1858 4687 Dominum
1886 4632 2090 4690 festino

511 4727 731 4793 sistere,
783 4741 815 4781 a
850 4741 983 4797 quo,
1019 4724 1165 4796 quod
1214 4733 1426 4795 Spectat
1472 4725 1541 4781 ad
1574 4724 1867 4794 Deitatem,
1906 4741 2087 4798 neque

497 4819 642 4897 'golim
688 4826 983 4890 antequam
1026 4819 1080 4873 in
1113 4832 1238 4873 meo
1273 4826 1431 4873 utero
1474 4817 1880 4889 conciperetur,
1908 4834 2086 4890 neque

504 4914 697 4981 modo,
734 4922 830 4969 aut
857 4925 1099 4985 unquam
1130 4911 1422 4984 aliquando
1459 4911 1821 4984 separabitur.

502 5116 505 5119 λ
585 5091 784 5148 Subdit
815 5092 1012 5149 deinde
1046 5092 1378 5165 evangelista
1410 5110 1423 5146 :
1462 5090 1609 5147 Sicut
1647 5093 1899 5162 scriptam
1934 5103 2009 5148 est
2038 5096 2094 5149 in

482 5185 626 5256 .lege
676 5183 939 5239 Domini:
981 5184 1120 5250 Quia
1173 5180 1325 5239 omne
1383 5184 1735 5238 masculinum
1784 5186 2095 5255 adaperiem

426 5321 430 5323 Α
514 5279 767 5343 vulvam,
823 5284 1065 5331 sanctum
1110 5274 1333 5330 Domino
1379 5276 1716 5330 vocabitur’.
1753 5274 1900 5332 Bene
1939 5276 2095 5332 ﬁctor

516 5383 694 5432 meus,
723 5374 779 5422 et
807 5365 1085 5437 legislator
1128 5380 1192 5419 ac
1222 5364 1528 5434 Dominus,
1591 5366 1658 5422 de
1718 5365 1784 5421 iis
1839 5366 2096 5421 masculis

516 5466 632 5536 lege
664 5462 865 5528 sanxit,
911 5461 1002 5532 qui
1035 5461 1251 5517 vulvam
1288 5462 1570 5532 aperiunt.
1612 5463 1722 5527 At,
1759 5478 1866 5517 non
1907 5462 2097 5534 subia-

514 5567 600 5613 cet
633 5557 865 5629 legibus,
896 5556 1216 5628 legumlator
1241 5572 1256 5619 ;
1285 5558 1503 5626 quando
1526 5556 1688 5612 etiam
1714 5556 1832 5625 ejus
1858 5556 1976 5611 sine
2005 5571 2095 5611 se-

516 5651 661 5705 ntiae
708 5649 988 5714 nativitas,
1021 5664 1185 5720 supra
1219 5648 1443 5704 humani
1483 5658 1675 5719 partus
1703 5649 1969 5705 rationem
2000 5665 2095 5704 ex-

2196 4633 2300 4705 μία
2320 4632 2527 4688 τούτων
2549 4632 2585 4704 ἡ
2613 4630 2895 4705 κυριότης,
2918 4629 3108 4701 ὥσπερ
3135 4624 3234 4684 οὖν
3264 4630 3360 4683 καὶ
3386 4628 3485 4698 μία
3510 4628 3542 4699 ἡ
3570 4626 3785 4696 namq.

2192 4725 2355 4797 Αὐτῷ
2406 4721 2501 4781 οὖν
2549 4723 2627 4797 τῷ
2678 4722 2873 4797 Κυρίῳ
2922 4720 3276 4795 παραστῆσαι
3308 4721 3401 4775 τὸν
3447 4719 3656 4792 Κύριὸν
3688 4736 3791 4789 μου

2197 4817 2507 4883 σπουδάζω,
2534 4808 2596 4870 οὗ
2656 4816 2799 4870 κατά
2839 4815 2939 4886 τὴν
2986 4814 3243 4885 θεότητα,
3273 4812 3401 4867 οὔτε
3442 4812 3553 4884 πρὸ
3602 4812 3705 4881 τῆς
3734 4811 3790 4865 ἐν

2193 4909 2399 4981 γαστρί
2445 4926 2548 4980 μου
2591 4905 2912 4977 κυοφορίας,
2940 4903 3068 4959 οὔτε
3100 4903 3217 4969 νῦν,
3253 4902 3371 4959 ἀλλ’
3396 4902 3521 4957 οὔτε
3566 4902 3790 4957 πώποτε

2195 5001 2625 5075 χωρισθήσεται.

2269 5091 2403 5149 Εἰτα
2437 5092 2564 5164 ἑξῆς
2615 5090 2977 5165 προστίθησιν
3018 5087 3048 5142 6
3092 5088 3526 5159 εὐαγγελιστήςο
3585 5088 3794 5155 Καθὼς

2197 5187 2525 5258 τέκραπται
2557 5184 2627 5239 ἐν
2655 5184 2818 5253 νόμῳ
2852 5184 3098 5253 Kvpt'ov,
3138 5181 3227 5236 ὅτι
3262 5181 3386 5236 πᾶν
3429 5182 3622 5251 ἄρσεν
3661 5180 3790 5235 δια-

2199 5276 2411 5346 νοῖγον
2472 5276 2731 5345 μήτραν,
2784 5272 2957 5343 ἅγιον
3003 5272 3083 5339 τῷ
3133 5273 3329 5341 Κυρίῳ
3396 5269 3790 5337 κληθήσεται.

2201 5368 2403 5432 Καλῶς
2431 5368 2459 5421 ὁ
2493 5368 2625 5438 ἐμὸς
2658 5366 2907 5436 πλάστης
2950 5365 3044 5418 καὶ
3088 5364 3386 5435 νομοθέτης
3428 5364 3522 5415 καὶ
3565 5361 3791 5431 Κύκνος,

2201 5462 2332 5534 περί
2367 5460 2476 5513 τῶν
2518 5460 2899 5528 διανοιγὸντων
2940 5458 3152 5529 μήτραν
3183 5455 3430 5529 ἀρρένων
3461 5452 3795 5524 ἐνομοθέτη-

2204 5573 2315 5609 σεν.
2360 5552 2504 5607 Ἀλλ’
2541 5554 2640 5624 οὐχ
2671 5552 2961 5606 ὑπόκειται
2991 5551 3106 5613 τοῖς
3150 5550 3340 5620 νόμοις
3385 5548 3413 5600 6
3455 5545 3791 5615 νομοθέτηςο

2200 5646 2389 5713 ἐπειδὴ
2419 5648 2511 5700 καὶ
2546 5645 2689 5717 ὑπὲρ
2723 5645 2888 5716 νόμον
2936 5640 3285 5719 ἀνθρωπίνης
3329 5639 3585 5711 κυήσεως
3619 5637 3795 5709 ὑπάρ-

587 5833 608 5866 ⁸
638 5830 812 5887 Galat.
837 5844 912 5894 ιν,
945 5829 996 5884 5.
1072 5830 1090 5859 ’⁷
1119 5826 1325 5885 Jcrem.
1361 5844 1515 5895 χχιιι,
1539 5828 1630 5883 24.
1707 5828 1729 5860 ⁸
1755 5827 1896 5882 Psai.
1939 5842 2046 5894 ctx,
2080 5831 2083 5851 '

2211 5827 2231 5857 ’
2267 5825 2399 5879 ibid.
2420 5824 2477 5879 ἓ.
