4034 6394
199 358 345 425 1573

1395 344 1657 410 ΒΕΠΜΟ
1689 342 1768 405 IN
1811 340 2251 403 SYMEONEM.

3334 339 3472 410 1574

193 488 308 539 χει,
353 463 606 541 ήντούτου
635 462 877 531 ἄσπορος
909 457 1180 530 γέννησις.
1232 456 1307 510 Οὐ
1360 455 1469 528 γάρ
1519 454 1786 527 διήνοιξεν

1897 451 2053 508 sistit.
2088 451 2300 507 Nedum
2330 450 2479 507 enim
2518 462 2683 508 natus
2718 466 2828 509 non
2863 453 3083 526 aperuit
3113 455 3326 511 vulvam
3369 465 3470 529 pto

190 560 482 633 γεννηθεὶς
530 556 690 629 μόνον
722 554 821 626 τὴν
854 553 1072 625 μήτραν
1099 550 1243 606 κατά
1266 550 1393 615 τοὺς
1418 550 1643 613 λοιποὺς
1674 548 1786 603 τῶν

190 651 540 723 ἀνθρώπων·
577 646 713 701 ἀλλά
760 647 856 699 καὶ
906 642 1305 715 κεκλεισμένην
1351 641 1453 713 τῆς
1486 641 1788 715 παρθενίας

190 744 299 818 τὴν
326 742 501 814 πύλην
540 739 860 803 κατέλιπεν,
894 736 1039 791 κατά
1072 737 1167 791 τὸν
1192 735 1483 807 προφήτην
1527 733 1789 806 Ἰεζεκιὴλ

192 838 289 893 τὸν
320 835 545 890 εἰπόντα
562 850 577 866 ’
606 832 718 888 Kal
741 827 914 886 εἶπέν
928 847 1034 899 μοι
1050 829 1299 898 Κύριοςο
1328 828 1424 883 Υἱὲ
1446 826 1785 896 ἀνθρώπου,

192 932 238 1001 ἡ
279 931 446 997 πύλη
493 927 650 994 αὕτη
696 922 1097 992 κεκλασμένη
1136 921 1333 976 ἔσται.
1395 920 1609 987 Οὐδείς
1660 921 1788 974 εἰσ-

194 1022 519 1077 ελεύσεται
554 1017 630 1072 δι’
661 1014 854 1085 αὐτῆς
886 1014 986 1069 καὶ
1014 1014 1403 1079 ἐξελεύσεται
1425 1028 1440 1044 ο
1478 1011 1580 1068 καί
1616 1011 1789 1067 ἔσται

195 1110 623 1180 κεκλασμένη.
679 1108 806 1173 Πῶς
847 1101 941 1161 οῦν
972 1107 1067 1160 ἐπὶ
1112 1103 1208 1159 τοῦ
1252 1103 1330 1175 μὴ
1378 1101 1787 1168 διανοίξαντος,

195 1202 320 1259 ἀλλ’
370 1198 823 1273 ἰσφραγισμένην
873 1196 975 1269 τὴν
1017 1193 1194 1266 πύλην
1247 1191 1666 1257 καταλιπόντος,
1718 1188 1789 1245 τὰ

199 1296 297 1351 ἐπὶ
326 1294 437 1349 τῶν
481 1292 865 1359 διανοιγόντων
907 1285 1343 1359 νομοθετηθέντα
1388 1284 1666 1356 προϐῆναι
1694 1284 1790 1338 δυ-

200 1388 476 1454 νήσεται;
518 1378 662 1434 Ἀλλ’
713 1377 837 1431 οῦτε
892 1378 1047 1447 ἀγιον
1101 1374 1197 1429 νῦν
1246 1375 1479 1448 πρώτως
1524 1372 1791 1445 κληθῆναι

197 1473 478 1544 δεήσεται,
500 1470 563 1523 τὸ
585 1469 682 1524 κα)⁸
708 1467 814 1540 πρὸ
843 1467 943 1538 τῆς
973 1466 1290 1537 συλλήψεως
1317 1464 1511 1535 ἄτιον,
1533 1465 1629 1519 καὶ
1658 1464 1791 1532 Υίὸς

203 1563 375 1628 Θεοῦ,
408 1562 560 1633 παρά
589 1578 647 1615 τε
679 1560 775 1615 τοῦ
807 1560 1022 1631 Πατρὺς
1052 1560 1145 1613 καί¹
1166 1557 1259 1612 τοῦ
1287 1557 1447 1626 ἁγίου
1472 1557 1791 1629 Πνεύματος

204 1651 679 1725 μαρτυρούμενον.
726 1649 867 1704 Ἀλλ’
890 1648 1227 1713 ἀκολούθως,
1260 1650 1355 1702 καὶ
1383 1648 1557 1703 ταῦτα
1587 1648 1790 1720 πρέπει

198 1748 267 1816 τῇ
310 1745 405 1799 τοῦ
437 1743 694 1813 Σωτῆρος
731 1741 1036 1814 οἰκονομίᾳ.

1888 559 2040 599 more
2085 544 2422 614 reliquorum
2454 544 2775 613 hominum,
2822 547 2955 617 quin
3009 548 3175 603 etiam
3228 549 3471 606 clausam

1890 635 2213 708 virginitatis
2239 645 2452 707 portam
2508 636 2761 708 reliquit,
2804 639 2960 709 juxta
3004 640 3152 710 quod
3204 643 3473 713 prapbeta

1889 726 2139 783 Ezechiel
2158 728 2291 783 dixit
2322 746 2336 784 :
2369 728 2437 782 Et
2461 730 2594 783 dixit
2623 730 2752 783 mihi
2770 728 3026 785 Dominus
3051 748 3069 786 :
3095 729 3142 785 F
3144 732 3203 786 ili
3226 734 3472 802 hominis,

1888 831 2043 892 porta
2073 822 2183 875 lites
2215 820 2401 877 clausa
2433 822 2553 875 erit.
2578 820 2746 877 Nemo
2773 840 2867 893 per
2892 840 3011 879 eam
3049 826 3396 897 ingredietur,
3421 836 3473 881 et

1888 914 2186 987 egredietur
2214 929 2233 968 :
2271 923 2320 969 et
2364 915 2464 969 erit
2512 914 2695 969 clausa
2743 916 2807 971 ".
2845 915 2962 984 Qua
2995 934 3127 992 ergo
3170 921 3383 977 ratione
3417 920 3486 980 in.

1891 1005 1958 1061 iis
1987 1006 2285 1062 constituta
2312 1008 2402 1079 qui
2433 1009 2713 1080 aperiunt,
2741 1010 2797 1064 in
2819 1025 2885 1065 eo
2914 1011 3130 1081 possint
3153 1013 3475 1083 procedere,

1890 1098 1982 1171 qui
2015 1112 2130 1153 non
2164 1100 2402 1169 aperuit,
2435 1101 2529 1155 sed
2568 1100 2806 1157 clausam
2838 1110 3048 1171 portam
3089 1103 3347 1174 reliquit?
3396 1104 3476 1160 Ac

1891 1205 2073 1262 neque
2114 1206 2260 1246 nunc
2298 1191 2535 1262 primum
2563 1207 2703 1263 opus
2745 1192 2970 1251 habebit
3007 1203 3256 1250 sanetum
3284 1196 3476 1266 appel-

1891 1280 2008 1347 lari,
2043 1281 2187 1353 quod
2227 1291 2356 1338 ante
2384 1282 2549 1338 etiam
2594 1284 3012 1356 conceptionem
3034 1327 3050 1352 ,
3098 1284 3379 1353 Sanctum,
3410 1302 3476 1344 ac

1891 1372 1990 1428 Dei
2017 1373 2210 1440 Filius,
2268 1390 2391 1430 cum
2423 1375 2630 1443 Patris,
2687 1385 2803 1432 tum
2833 1377 3072 1447 Spiritus
3112 1381 3288 1435 sancti
3321 1380 3477 1436 testi-

1890 1465 2099 1531 monio,
2137 1464 2241 1521 fuit
2268 1465 2625 1522 declaratum.
2669 1466 2964 1524 Enimvero
2999 1469 3115 1526 haec
3143 1472 3306 1527 etiam
3340 1488 3478 1528 con-

1891 1556 2144 1627 sequenti
2179 1556 2394 1614 ratione
2423 1557 2783 1623 Salvatorem.
2836 1575 2937 1631 pro
2974 1560 3095 1632 ejus
3142 1565 3477 1629 (economia,

1890 1663 1958 1704 ac
1983 1663 2091 1719 qua
2126 1648 2338 1705 ratione
2375 1663 2435 1705 se
2460 1649 2624 1706 nobis
2654 1649 3030 1707 incarnatione
3056 1652 3477 1721 inclinavit,de-

1892 1748 2042 1797 cent.

272 1836 383 1893 Kal
424 1831 496 1893 οὗ
535 1835 747 1889 δοῦναι
797 1834 1021 1889 ουσίαν
1051 1830 1202 1887 κατὰ
1253 1832 1319 1886 τὸ
1362 1830 1678 1902 εἵρημένον
1718 1830 1789 1887 ἐν

1962 1832 2032 1887 Et
2045 1841 2099 1886 ut
2113 1832 2539 1890 darenthostiam
2557 1836 2843 1890 secundum
2858 1837 2997 1907 quod
3009 1838 3201 1892 dictum
3216 1848 3290 1893 est
3304 1840 3358 1893 in
3368 1839 3479 1911 lege

198 1932 366 1999 νόμῳ
396 1928 620 1997 Κυρίου
643 1942 659 1956 ο
684 1924 886 1996 ζεῦγος
914 1927 1244 1995 τρυγόνων,
1277 1924 1316 1994 ἢ
1346 1923 1456 1979 δύο
1485 1924 1789 1994 νεοσσοὺς

199 2018 594 2091 περιστερῶν.
646 2020 830 2072 Πάντα
867 2017 1103 2087 ἁρμόδια
1146 2017 1214 2087 τῇ
1265 2014 1361 2070 τοῦ
1408 2015 1665 2087 Σωτῆρος
1706 2016 1787 2070 ol-

197 2116 471 2185 κονομικῇ
502 2110 825 2166 καταϐάσει.
859 2105 1042 2163 Ἦσαν
1081 2109 1181 2179 μὲν
1214 2107 1324 2180 γὰρ
1362 2110 1457 2163 καὶ
1485 2109 1642 2162 ἄλλαι
1669 2110 1791 2173 ταῖς

196 2203 522 2267 τικτούσαις
552 2201 1001 2273 πολυτελέστεραι
1047 2200 1540 2274 νενομοθετημέναι
1584 2200 1789 2268 θυσίαι,

197 2292 318 2351 οἷον
352 2296 440 2348 διά
483 2293 776 2365 προϐάτων
828 2292 923 2345 καὶ
968 2290 1144 2346 ἄλλων
1192 2290 1388 2345 τινῶν·
1442 2289 1556 2344 ἀλλ’
1600 2288 1792 2363 ἐπειδὴ

198 2391 355 2446 ἀπαν
380 2389 445 2443 τὸ
476 2388 577 2459 τῆς
608 2386 1077 2458 ἔνανθρωπήσεως
1104 2385 1403 2457 μυστήριον
1445 2382 1535 2438 sia
1574 2384 1793 2438 ἀνεικά-

202 2498 335 2535 στου
366 2479 831 2551 συγκαταϐἀσεως
856 2478 1082 2549 γέγονεν
1098 2496 1111 2510 ο
1133 2476 1446 2543 ἀκολούθως
1464 2479 1558 2532 καί
1574 2478 1643 2531 τά
1663 2494 1730 2531 πε
1739 2478 1793 2548 pl

200 2573 590 2643 τρυγόνωνκαὶ
604 2570 940 2643 περιστερῶν
974 2570 1443 2642 νενομοθετημένα
1472 2568 1586 2634 νῦν,
1604 2571 1793 2623 τεθέα-

199 2682 316 2719 ται.
345 2665 455 2718 Καὶ
477 2662 655 2726 καλῶς
678 2665 706 2717 ὁ
734 2662 1019 2725 θεσπέσιος
1041 2660 1253 2726 Παῦλος
1288 2662 1465 2715 πάντα
1493 2665 1558 2733 τῇ
1584 2662 1794 2733 διανοίᾳ

202 2752 540 2825 περιλαϐὼν,
576 2750 959 2824 ἔκπληκτικῶς
1007 2750 1332 2823 ἀνεϐόησεν·
1373 2753 1478 2817 ’ος
1521 2750 1595 2804 δι’
1636 2748 1795 2821 ἡμᾶς

202 2846 618 2916 ἐπτώχευσεν,
647 2846 946 2912 πλούσιος
976 2843 1219 2910 (ﬁnirat
1243 2843 1414 2913 ἡμεῖς
1461 2842 1536 2913 τῇ
1557 2843 1795 2899 ἐκείνου

205 2940 472 3008 πτωχείᾳ
512 2936 980 3007 πλουτήσωμεν.
1012 2935 1157 3009 Πλὴν
1187 2936 1270 2990 ὅτι
1311 2938 1406 2991 καὶ
1437 2936 1498 2990 τὸ
1537 2936 1798 3009 φαινόμε-

204 3048 323 3093 νον,
359 3031 460 3085 οὐκ
492 3030 790 3102 ἀσυντελὴς
825 3030 963 3102 πρὸς
998 3030 1060 3084 τὸ
1094 3030 1392 3102 μυστήριον
1437 3031 1470 3101 ή
1510 3028 1798 3102 προσφορὰ

204 3122 305 3178 τοῦ
352 3122 557 3195 Κυρίου
606 3123 923 3194 ἐτύγχανεν.
960 3122 1026 3176 Al
1077 3122 1178 3191 μὲν
1206 3122 1318 3191 γὰρ
1364 3122 1648 3192 τρυγόνες,
1695 3118 1794 3193 τὴν
1820 3153 1867 3217 c

209 3216 571 3288 σωφροσύνην
617 3214 712 3269 καὶ
738 3215 835 3287 τὴν
882 3215 1105 3285 ἁγνείαν
1142 3213 1242 3284 τῆς
1272 3212 1664 3283 Ἀειπαρθένου
1698 3213 1795 3266 καὶ

208 3307 479 3361 Θεοτόκου
513 3305 808 3377 ἐσήμαινον
830 3323 844 3338 ο
869 3308 926 3361 αἰ
962 3306 1018 3359 δὲ
1043 3304 1367 3377 περιστεραὶ
1416 3304 1515 3376 τὴν
1542 3304 1621 3368 είς
1648 3304 1795 3373 ἡμᾶς

207 3398 421 3467 ἄφατον
457 3396 891 3471 φιλανθρωπίαν,
921 3397 1016 3452 καὶ
1048 3398 1144 3469 τὴν
1174 3397 1239 3450 ὲκ
1283 3395 1604 3467 Πνεύματος
1632 3394 1795 3465 ἁγίου

207 3488 526 3559 οἰκονομίαν
549 3488 651 3560 τῆς
680 3489 978 3557 κυοφορίας
1009 3488 1251 3560 ἐδήλουν.

283 3580 395 3635 Kal
421 3579 551 3634 ἰδοὺ
569 3576 643 3651 ἦν
669 3578 981 3649 ἄνθρωπος
997 3579 1067 3634 ἐν
1099 3578 1516 3649 Ἰερουσαλὴμ,
1540 3569 1590 3646 ᾧ
1612 3576 1799 3647 ὄνομα

210 3672 464 3744 Συμεών
486 3689 501 3705 ·
531 3672 632 3727 καί
665 3674 698 3726 ὀ
729 3672 1043 3742 ἄνθρωπος
1076 3667 1274 3739 οὗτος,
1306 3670 1535 3738 δίκαιος
1565 3670 1663 3725 καί
1697 3670 1799 3724 εὑ-

210 3762 432 3831 λοόής.
494 3764 770 3834 ’Δρκείται
817 3764 1042 3834 ῥήματα
1077 3761 1175 3816 τοῦ
1215 3760 1629 3831 εὐαγγελιστοῦ,
1664 3761 1800 3832 πρὸς

211 3854 275 3911 τὸ
312 3854 663 3926 παραστῆσαι
692 3854 791 3927 τὴν
820 3853 915 3907 τοῦ
945 3853 1172 3924 Συμεὼν
1209 3854 1492 3924 ἀγιότητα.
1541 3851 1801 3920 Προσὸε-

212 3948 475 4017 χόμενος
518 3944 907 4014 παράκλησιν
937 3944 1045 3999 τοῦ
1086 3942 1366 4012 Ἰσραήλ*
1404 3943 1584 4011 Ὅπερ
1632 3939 1800 4013 ἡγοῦ-

215 4054 318 4108 μαι
352 4036 662 4107 σημαίνειν,
694 4034 1105 4107 φιλανθρωπίαν
1135 4032 1353 4088 ἔσεσθαι
1403 4034 1468 4087 ὲκ
1506 4030 1643 4085 Θεοῦ
1675 4029 1802 4101 μέλ-

210 4126 418 4182 λουσαν
468 4128 547 4200 τῷ
606 4128 848 4201 Ἰσραήλ.
906 4129 976 4180 Ἢ
1022 4126 1119 4183 καὶ
1160 4125 1337 4189 ἄλλως
1384 4142 1521 4189 πως.
1583 4122 1802 4194 Ἐπειδὴ

211 4220 327 4291 γὰρ
370 4221 586 4293 Ἰσραὴλ
610 4222 757 4289 νοῦς
785 4219 940 4289 ὀρῶν
966 4220 1113 4287 Θεὸς
1143 4218 1508 4293 ἑρμηνεύεται
1526 4233 1541 4247 ο
1585 4214 1802 4271 ἐπένθει

212 4312 275 4366 δὲ
304 4312 511 4383 ventio;
561 4314 671 4377 πᾶς
712 4312 837 4377 νοῦς
871 4312 1234 4384 θεωρητικὸς,
1280 4311 1371 4366 διὰ
1398 4310 1496 4383 τὴν
1528 4313 1804 4383 κρατήσα-

214 4422 319 4457 σαν
355 4404 564 4475 πλάνην
600 4405 698 4476 τῆς
732 4402 1005 4474 ἀγνωσίας
1032 4404 1161 4468 τοὺς
1187 4400 1510 4476 ἀνθρώπους
1530 4418 1543 4431 ·
1576 4400 1803 4465 εἰκότως

1893 1923 2137 1991 Domini;
2157 1935 2561 1995 parturturum,
2579 1936 2674 1981 aut
2690 1929 2821 1983 duos
2837 1928 3011 1999 pullos
3025 1929 3387 1984 columbarum
3408 1930 3475 1986 “.

1890 2014 2213 2086 Congruunt
2244 2014 2451 2082 omnia,
2478 2016 2578 2085 illi,
2613 2032 2779 2088 quam
2819 2033 2879 2074 se
2914 2019 3074 2075 nobis
3107 2017 3355 2075 Salvator
3388 2020 3479 2076 in—

1892 2103 2170 2170 clinando,
2201 2104 2670 2175 dispensationem
2700 2106 2891 2178 gessit.
2922 2107 3052 2163 Nam
3084 2110 3479 2180 erantquidem

1892 2199 2059 2253 etiam
2100 2198 2456 2270 pretiosiores
2495 2199 2690 2255 hostiae
2714 2200 2833 2255 alia:
2863 2202 3200 2271 parientibus
3228 2204 3480 2273 praescri-

1892 2300 2034 2361 ptaz;
2076 2300 2205 2362 puta
2238 2306 2337 2361 per
2375 2306 2540 2358 oves,
2570 2306 2633 2347 ac
2674 2291 2923 2362 quaedam
2962 2293 3106 2347 alia:
3138 2294 3263 2363 quia
3298 2304 3479 2349 tamen

1895 2384 2215 2442 universum
2270 2384 2672 2440 lncarnationis
2730 2386 3092 2457 mysterium,
3154 2386 3480 2442 immensam

1893 2477 2183 2547 quamdam
2210 2476 2626 2534 inclinationem
2652 2478 2864 2545 habuit,
2892 2477 2941 2533 ei
2987 2488 3355 2535 consentanee
3383 2480 3480 2534 ha-

1897 2568 2081 2624 bentia
2118 2569 2284 2623 modo
2313 2570 2477 2623 etiam
2509 2578 2730 2625 ostensa
2761 2580 2909 2635 sunt,
2939 2586 3059 2640 qua:
3079 2571 3147 2627 de
3174 2572 3481 2627 tnrturibus

1895 2678 1958 2716 ac
1992 2662 2261 2716 columbis
2292 2672 2452 2715 erant
2484 2663 2602 2733 lege
2628 2663 2963 2733 praescripta.
3001 2661 3145 2717 Bene
3175 2672 3354 2717 autem
3384 2664 3481 2718 ad-

1897 2752 2161 2809 mirabilis
2199 2751 2419 2817 Paulus,
2455 2753 2640 2809 animo
2670 2764 2869 2810 cuncta
2896 2755 3266 2825 complectens
3291 2797 3305 2817 ,
3360 2764 3480 2810 stu-

1896 2861 2029 2916 pore
2060 2845 2382 2900 exclamavit
2412 2863 2426 2899 :
2454 2843 2683 2915 Propter
2712 2862 2804 2899 nos
2831 2860 3021 2917 egenus
3042 2846 3216 2916 factus
3242 2856 3337 2909 est,
3361 2863 3480 2900 cum

1897 2944 2028 2990 esset
2061 2935 2203 2990 dives
2228 2976 2243 3001 ,
2286 2944 2341 2989 ut
2372 2935 2515 2989 illius
2565 2952 2656 2989 nos
2705 2938 2885 3007 inopia
2934 2938 3115 2991 divites
3159 2954 3387 2991 essemus
3414 2939 3481 2993 ".

1898 3026 2194 3093 Caeterum,
2226 3028 2370 3098 quod
2404 3038 2459 3083 et
2493 3029 2674 3099 palam
2711 3045 2799 3085 res
2826 3029 3191 3099 praeferebat,
3245 3030 3343 3085 fuit
3374 3030 3481 3083 Do.

1898 3119 2102 3175 minica
2132 3119 2338 3175 oblatio
2385 3121 2530 3175 haud
2570 3120 2779 3176 inutilis
2822 3121 2889 3176 ad
2944 3123 3284 3193 mysterium.
3342 3123 3483 3178 Nam

1901 3221 2143 3268 turtures
2173 3212 2419 3282 quidem,
2453 3213 2773 3283 pudicitiam
2809 3230 2872 3269 ac
2901 3215 3213 3268 castitatem
3262 3229 3479 3284 semper

1897 3303 2140 3378 Virginis
2178 3320 2241 3361 ac
2275 3305 2368 3360 Dei
2418 3304 2715 3361 Genitricis
2746 3306 3161 3378 signiﬁcabant;
3216 3307 3484 3363 columba

1896 3406 2106 3458 autem.
2125 3397 2460 3454 ineffabilem
2498 3399 2554 3453 in
2577 3414 2681 3454 nos
2706 3398 2799 3453 Dei
2826 3398 3194 3459 clementiam,
3210 3414 3484 3469 quamque

1898 3487 2137 3559 Spiritus
2169 3498 2393 3545 sanctus
2418 3488 2805 3545 fecunditatem
2836 3488 3138 3559 dispensat,
3166 3503 3229 3543 ac
3264 3488 3415 3543 facit.

1968 3578 2037 3635 Et
2058 3596 2171 3635 ecce
2187 3581 2340 3634 homo
2358 3589 2473 3634 erat
2496 3581 2551 3633 in
2571 3579 2888 3645 Jerusalem,
2913 3580 2999 3634 cui
3019 3595 3206 3634 nomen
3224 3576 3481 3651 Symeon,

1899 3681 1947 3727 et
1977 3673 2131 3727 homo
2159 3673 2255 3727 iste
2283 3673 2467 3743 justus
2497 3682 2567 3731 et.
2589 3674 2871 3728 timoratus
2905 3672 2971 3726 ¹³.
3016 3670 3483 3751 SulllciuntScri-

1901 3772 2076 3836 pturaa
2119 3764 2237 3835 ipsa
2267 3765 2434 3820 verba
2461 3764 2531 3821 ad
2566 3764 2853 3839 Symeonis
2878 3764 3260 3821 declarandam
3290 3764 3487 3823 sancti-

1904 3866 2090 3913 tatem.
2126 3856 2452 3929 Exspectans
2484 3857 2893 3914 consolationem
2923 3857 3094 3913 Israel
3121 3873 3139 3912 :
3168 3857 3312 3929 quod
3354 3868 3485 3929 puto

1901 3946 2229 4019 signiﬁcare,
2255 3966 2419 4021 quam
2451 3950 2597 4007 Deus
2620 3949 2805 4007 lsraeli
2834 3950 3178 4007 clementiam
3212 3966 3275 4006 ac
3311 3950 3485 4008 beni-

1902 4038 2168 4108 gnitatem
2198 4040 2545 4095 exliibiturus
2574 4049 2710 4096 erat.
2741 4040 2853 4096 Aut
2903 4041 3067 4096 etiam
3112 4041 3216 4096 alia
3248 4042 3482 4097 ratione.

1903 4128 2041 4195 Quia
2076 4130 2224 4184 enim
2268 4129 2472 4197 Israel,
2523 4148 2666 4185 mens
2711 4131 2881 4186 Deum
2923 4133 3102 4187 videns
3154 4133 3483 4202 exponitur;

1905 4236 2063 4276 mens
2089 4229 2273 4276 autem
2312 4222 2493 4277 omnis
2521 4223 2973 4294 contemplationi
3020 4224 3203 4281 dedita
3224 4265 3240 4290 ,
3267 4227 3487 4296 spirita-

1905 4310 2030 4368 liter
2068 4312 2313 4383 lugebat,
2345 4300 2574 4385 propter
2602 4329 2846 4370 errorem
2868 4330 2933 4371 ac
2961 4314 3344 4387 ignorantiam,
3375 4334 3486 4388 quo

1905 4405 2198 4461 tenebatur
2228 4405 2530 4463 humanum
2571 4422 2786 4479 genus;
2839 4406 3039 4463 merito
3071 4406 3343 4478 Symeon,
3388 4409 3484 4479 qui

210 4496 243 4549 ϐ
288 4497 513 4566 Συμεών
558 4495 766 4559 δίκαιος
814 4493 889 4549 ὢν
951 4494 1045 4549 καὶ
1098 4492 1421 4568 προφητικῷ
1474 4491 1796 4567 προϐλέπων

1898 4492 2081 4564 justus
2096 4503 2262 4559 esset,
2292 4509 2358 4551 ac
2372 4495 2692 4567 pr0pbetico
2714 4510 2880 4552 sensu
2906 4497 3265 4567 prospiceret,
3293 4510 3485 4551 acces-

213 4588 474 4659 νοήματι,
506 4586 771 4658 ἀνέμενεν
799 4588 897 4658 τὴν
927 4586 1229 4657 μέλλουσαν
1262 4584 1481 4640 ἔσεσθαι
1510 4583 1796 4657 παράκλη-

214 4696 304 4733 σιν
342 4679 421 4749 τῷ
459 4679 634 4751 νοητῴ
675 4678 907 4751 Ἰσραήλ,
940 4679 1029 4733 διά
1055 4680 1153 4750 τῆς
1192 4677 1287 4733 τοῦ
1331 4677 1582 4748 Σωτῆρος
1614 4664 1799 4749 ὲπιδηέ

213 4772 371 4842 μίας.
399 4772 507 4826 Kal
552 4771 797 4842 Πνεῦμα
827 4772 999 4843 ἅγιον
1033 4772 1111 4841 ἦν
1147 4771 1239 4825 ἐπ’
1279 4771 1459 4838 αὐτῷ.
1511 4770 1799 4842 Μακάριος

210 4860 287 4929 εἴ,
322 4857 367 4917 ὦ
397 4864 701 4933 πρεσϐύτα,
728 4865 809 4917 ὅτι
837 4862 1149 4934 Πνεύματος
1174 4864 1597 4934 κατοικητήριον
1632 4860 1797 4939 ήξιώέ

211 4955 316 5026 θης
346 4957 621 5024 γενέσθαι.

282 5049 396 5102 Kal
436 5045 515 5120 ἦν
550 5049 708 5114 αὐτῷ
738 5046 1296 5119 κεχρηματισμένον
1324 5047 1443 5104 ὑπὸ
1470 5045 1578 5100 τοῦ
1608 5046 1795 5100 Πνεύ-

202 5156 399 5211 ματος
437 5140 543 5194 τοῦ
586 5141 759 5212 ἁγίου
792 5141 878 5211 μὴ
912 5140 1065 5196 ιὸεῒν
1102 5140 1383 5205 θάνατον,
1415 5137 1557 5206 πρὶν
1585 5136 1664 5191 ἂν
1697 5136 1797 5207 ἴδῃ

209 5230 323 5283 τὸν
371 5230 631 5297 Χριστὸν
686 5230 929 5302 Κυρίου.
990 5231 1105 5284 Ούκ
1157 5224 1311 5283 εἷπον
1370 5227 1665 5297 ἀνωτέρω,
1714 5226 1799 5279 ὅτι

209 5322 542 5395 προφητικῷ
571 5323 777 5394 ϐμματι
811 5323 1071 5395 ἀνέμενεν
1119 5324 1148 5376 ὁ
1176 5319 1490 5394 πρεσϐύτης
1519 5318 1620 5390 τὴν
1644 5318 1799 5389 παρὰ

210 5412 311 5468 τοῦ
371 5414 625 5486 Σωτῆρος
684 5416 1068 5487 παράκλησιν;
1129 5416 1259 5469 Ἰδοὺ
1308 5414 1487 5484 σαφὴς
1542 5412 1650 5466 τῶν
1691 5410 1798 5483 πρδ

208 5503 412 5559 τούτου
454 5504 731 5577 ῥηθέντων
764 5504 1059 5571 ἀπόδειξις.
1118 5501 1507 5575 Ἀπεκαλύφθη
1560 5500 1670 5571 γὰρ
1719 5500 1803 5584 τῷ.

212 5596 499 5670 προφήτῃ,
530 5598 716 5670 φησὶν,
738 5597 814 5662 ώς
836 5597 936 5651 οὐκ
960 5596 1027 5650 ἂν
1057 5595 1253 5665 φθάσοι
1274 5595 1367 5671 τοῦ
1400 5594 1517 5666 βίου
1544 5592 1603 5647 τὸ
1622 5591 1799 5659 τέλος,

1902 4600 2086 4641 suram
2124 4586 2479 4658 exspectabat
2518 4586 2751 4658 spiritali
2781 4586 2967 4643 lsraeli
2990 4628 3007 4655 ,
3053 4602 3152 4658 per
3186 4587 3485 4643 Salvatoris

1903 4680 2198 4735 adventum
2229 4678 2681 4736 consolationem.
2716 4677 2784 4733 Et
2807 4676 3037 4748 Spiritus
3060 4688 3273 4733 sanctus
3292 4689 3405 4733 erat
3429 4680 3483 4733 in

1903 4788 1983 4827 eo.
2016 4770 2212 4825 Beatus
2247 4785 2327 4836 es,
2363 4785 2397 4825 ο
2424 4785 2588 4825 senex
2614 4810 2632 4837 ,
2675 4769 2769 4841 qui
2802 4768 2974 4825 sancti
3005 4767 3241 4840 Spiritus
3274 4769 3484 4825 habita-

1905 4863 2087 4917 culum
2110 4861 2378 4918 merueris
2406 4862 2566 4918 eﬂici.

1974 5044 2044 5100 Et
2075 5062 2378 5116 responsum
2408 5053 2680 5116 acceperat
2709 5061 2741 5098 α
2772 5042 2979 5116 Spiritu
3004 5053 3188 5100 sancto
3209 5086 3225 5113 ,
3275 5062 3378 5100 non
3407 5047 3485 5101 vi-

1902 5152 2085 5192 surum
2120 5154 2174 5190 se
2208 5146 2448 5202 mortem,
2475 5137 2579 5189 nisi
2618 5136 2766 5205 prius
2794 5136 2992 5190 videret
3014 5135 3276 5192 Christum
3299 5138 3483 5192 Domi-

1901 5229 1955 5281 ni
1986 5228 2051 5282 “.
2103 5227 2295 5284 Nonne
2345 5228 2487 5283 bene
2539 5228 2793 5297 superius
2823 5228 3108 5293 dicebam,
3163 5230 3482 5300 prophetico

1900 5335 2090 5377 senem
2128 5320 2323 5375 obtutu
2358 5329 2679 5392 exspectare
2715 5319 2952 5374 futuram
2980 5336 3008 5374 a
3039 5320 3319 5375 Salvatore
3350 5336 3480 5375 con-

1900 5410 2263 5466 solationem?
2304 5411 2384 5466 En
2415 5411 2702 5482 perspicua
2734 5410 2889 5480 prius
2910 5410 3179 5465 dictorum
3208 5411 3478 5480 probatio.

1901 5500 2061 5566 Nam,
2105 5501 2300 5571 inquit,
2331 5499 2507 5556 fuerat
2536 5499 2834 5555 revelatum
2861 5497 3163 5569 prophetae,
3193 5512 3300 5550 non
3327 5496 3479 5565 prius

1902 5599 2191 5647 venturum
2215 5592 2338 5647 vitae
2378 5592 2539 5649 linem
2567 5631 2581 5657 ,
2615 5604 2776 5661 quam
2809 5587 3019 5644 videret
3046 5585 3329 5643 Christum
3375 5587 3484 5642 Do-

289 5778 335 5812 “
367 5775 566 5835 Ezech.
594 5793 734 5843 xuv,
768 5777 825 5832 2.
904 5777 945 5810 "
972 5775 1103 5831 ibid.
1129 5775 1221 5835 ‘24.
1303 5777 1347 5807 "
1371 5776 1414 5831 Il
1436 5774 1560 5831 Cor.
1588 5788 1706 5840 vm,
1731 5773 1786 5829 9.
1864 5774 1908 5806 ¹⁸
1935 5773 2066 5829 ibid.
2093 5772 2185 5826 25$.
2262 5770 2304 5804 “
2335 5768 2467 5825 ibid.
2498 5768 2591 5823 26.
