4034 6392
581 359 716 425 1575

1539 361 1853 422 LEONTII
1895 359 2404 422 NEAPOLITANI
2446 358 2789 420 EPISCOPI

3705 360 3829 426 1576

572 472 727 528 mini.
758 469 924 526 Plane
956 469 1188 542 Symeon
1212 512 1225 536 ,
1257 469 1460 525 bonum
1504 485 1564 526 es
1598 482 1928 526 consecutus
1949 514 1962 536 ,
1991 471 2148 541 quale

2255 470 2383 540 πρὶν
2409 471 2474 524 ἂν
2503 471 2587 542 ἴδῃ
2620 470 2711 523 τὸν
2741 471 2978 540 Χριστὸν
3007 471 3233 542 Κυρίου.
3279 468 3579 543 Ἑπέτυχες
3607 473 3832 545 ἀληθῶς.

571 581 737 619 nemo
765 579 1007 634 unquam
1027 565 1416 636 prophetarum
1436 566 1699 635 consequi
1733 567 1932 636 potuit.
1959 565 2158 621 Beatus

574 669 762 709 revera
794 668 874 718 es,
909 653 1002 723 qui
1035 654 1089 708 in
1130 661 1345 725 tempus
1377 656 1645 726 ejusmodi
1674 671 1703 711 a
1739 657 1850 711 Deo
1877 655 2046 711 fueris
2075 671 2160 711 re-

571 755 847 799 servatus.

644 833 716 887 Et
748 835 886 889 venit
916 836 970 888 in
1003 834 1192 903 spiritu
1226 835 1280 887 in
1321 835 1592 905 templum.
1626 835 1769 889 Nihil
1800 835 1945 890 enim
1984 834 2158 890 sancti

569 930 725 983 velut
754 944 782 982 a
814 944 872 982 se
903 927 1118 996 impulsi
1154 939 1365 997 agunt,
1399 927 1494 981 sed
1531 937 1786 981 movente
1811 937 2000 981 sancto
2033 927 2158 998 Spi-

572 1021 701 1076 ritu.
737 1022 802 1076 Et
825 1039 938 1074 cum
965 1024 1266 1076 inducercnt
1294 1038 1515 1090 puerum
1537 1019 1717 1074 Iesum
1748 1031 1992 1090 parentes
2021 1021 2158 1089 ejus,

572 1124 630 1166 ut
660 1117 889 1184 facerent
915 1114 1200 1167 secundum
1224 1113 1646 1166 consuetudinem
1676 1111 1800 1181 legis
1823 1130 1916 1181 pro
1938 1128 1995 1165 eo
2015 1113 2079 1165 ’⁸.
2115 1109 2160 1166 Ο

573 1222 712 1276 puer
764 1215 940 1260 matre
989 1221 1291 1275 puerpera;
1334 1204 1466 1274 quin
1520 1213 1575 1258 et
1625 1204 1898 1258 universis
1945 1204 2158 1259 szeculis

572 1296 853 1351 exsistens
878 1297 1196 1366 antiquior!
1234 1295 1277 1351 Ο
1315 1312 1454 1365 puer
1505 1295 1740 1350 necdum
1784 1296 2024 1350 sermoni
2059 1296 2160 1349 ha-

572 1387 714 1442 bens
750 1389 1058 1459 expeditam
1083 1390 1344 1460 linguam,
1366 1388 1581 1443 tametsi
1608 1403 1738 1442 vero
1755 1388 2036 1458 prophetis
2063 1403 2160 1457 per

569 1477 832 1549 Spiritum
852 1497 1162 1536 sermonem
1186 1483 1442 1537 insonesl
1474 1480 1694 1537 OMosis
1713 1481 1902 1548 lictor;
1932 1481 2159 1550 ejusque

570 1580 624 1626 te
655 1573 779 1644 legi,
812 1573 946 1644 quin
979 1575 1027 1629 ei
1064 1575 1255 1646 magis,
1276 1590 1439 1645 quam
1474 1575 1689 1628 tulisses
1712 1573 1850 1644 ipse,
1881 1589 1978 1643 per
1999 1572 2159 1628 beni-

569 1664 836 1734 gnitatem
867 1666 1225 1721 submittens!
1263 1664 1307 1720 Ο
1362 1666 1536 1721 factor
1570 1665 1725 1735 legis,
1775 1663 2023 1734 Novique
2053 1663 2160 1718 Te-

568 1758 826 1813 stamenti
861 1759 1151 1814 conditor!
1193 1759 1663 1825 Quemadmodum
1717 1758 1863 1814 enim
1908 1772 2004 1812 rex
2053 1757 2157 1812 ali-

567 1850 690 1917 quis
721 1848 894 1921 legem
920 1850 1158 1919 aliquam
1178 1851 1450 1906 conscribi
1481 1851 1701 1922 jubens,
1734 1861 1850 1905 tum
1871 1865 1991 1904 eam
2026 1865 2154 1920 pro-
2186 1827 2232 1888 Β

567 1940 687 2010 pria
711 1941 1117 2011 subscriptione
1142 1943 1315 1996 munit
1341 1961 1354 2009 ;
1391 1951 1503 1997 tum
1521 1942 1740 2007 iterum,
1765 1958 1889 1997 cum
1913 1941 2152 2007 libuerit,

571 2033 809 2104 primam
839 2035 1056 2104 quidem
1089 2035 1260 2106 legem
1296 2035 1577 2105 antiquat,
1606 2036 1660 2090 id
1681 2043 1763 2089 est
1782 2035 2009 2105 implet:
2035 2034 2154 2104 ejus

570 2134 755 2179 autem
791 2127 930 2189 loco,
962 2127 1336 2181 sublimiorem
1369 2128 1542 2198 legem
1585 2127 1747 2180 aliam
1793 2126 2002 2181 inducit
2030 2143 2044 2179 :
2076 2124 2155 2181 sic

570 2216 837 2273 Dominus
865 2235 877 2271 :
909 2219 1011 2274 Ubi
1044 2229 1283 2275 veterem
1303 2221 1472 2291 legem
1493 2219 1655 2274 Mosis
1680 2235 1844 2289 opera
1869 2218 2148 2284 edidisset,

568 2321 625 2366 ut
643 2313 779 2367 vidit
810 2314 888 2368 sic
919 2314 1138 2378 habere,
1166 2325 1225 2368 ut
1249 2315 1314 2368 ad
1341 2315 1641 2384 perlectum
1657 2313 1792 2367 nihil
1815 2312 2146 2378 adduceret;

565 2419 686 2458 eam
719 2405 938 2473 quidem
986 2406 1104 2475 ipse
1149 2405 1360 2475 implet,
1393 2405 1631 2476 legitima
1661 2404 1843 2458 omnia
1895 2402 2101 2458 faciens
2129 2419 2145 2457 :

563 2491 1010 2548 Introductionem
1051 2505 1228 2548 autem
1256 2495 1485 2549 melioris
1522 2495 1654 2566 legis
1688 2493 1839 2560 fecit,
1872 2510 1966 2563 per
1987 2509 2149 2564 quam

560 2586 922 2653 proximamus
951 2587 1020 2639 ad
1056 2586 1224 2640 Deum
1251 2588 1314 2651 ”,
1361 2596 1420 2642 ut
1449 2587 1729 2658 apostolus
1749 2585 1952 2640 Paulus
1985 2586 2082 2640 ait.

2257 556 2303 614 ὦ
2329 561 2574 631 Συμεὼν,
2602 563 2908 632 ὲπιτυχίας,
2930 558 2998 634 ἦς
3023 564 3198 626 οὐδεὶς
3223 563 3331 616 τῶν
3355 563 3525 617 παλαι
3552 568 3834 636 προφητῶν

2259 655 2538 724 ἐπιτυχεῖν
2575 653 2882 724 δεδύνηται.
2931 657 3216 725 Μακάριος
3263 654 3314 708 εἷ
3358 655 3433 716 ὼς
3479 656 3720 726 ἀληθῶς,
3761 660 3836 711 ὅτι

2259 745 2340 808 είς
2367 742 2613 798 τοιοῦτον
2645 745 2835 815 καιρὸν
2864 748 2927 798 ὲκ
2972 745 3108 798 Θεοῦ
3141 746 3462 816 τετήρησαι.

2328 835 2439 890 Kal
2491 831 2679 906 ἦλθεν
2719 836 2791 889 ἐν
2829 835 2908 902 τῷ
2954 839 3257 907 Πνεύματι
3290 840 3376 904 εἰς
3422 840 3490 892 τὸ
3535 841 3720 908 ἱερόν.
3770 842 3838 894 03

2259 926 2369 998 γὰρ
2397 928 2776 998 αύτοκινήτως
2816 930 2864 981 οἱ
2900 929 3048 997 ἇγιοί
3069 947 3120 983 τι
3153 930 3602 1000 διαπράττονται,
3642 932 3757 984 ἀλλ’
3785 935 3840 985 ἐκ

2259 1019 2579 1091 Πνεύματος
2627 1021 2785 1089 ἁγίου
2830 1022 3163 1091 κινούμενοι.
3217 1022 3328 1076 Καὶ
3368 1023 3441 1075 ἐν
3484 1022 3569 1087 τῷ
3611 1027 3841 1092 eisrara—

2259 1113 2386 1182 τεῒν
2415 1112 2559 1180 τοὺς
2589 1113 2785 1182 γονεῖς
2817 1113 2884 1167 τὸ
2909 1113 3151 1167 παιδίον
3190 1115 3436 1182 Ἰησοῦν
3459 1113 3570 1168 τοῦ
3597 1115 3839 1182 ποιῆσαι

2257 1205 2481 1272 αὐτοὺς
2527 1206 2675 1259 κατὰ
2705 1205 2772 1259 τὸ
2821 1205 3154 1276 ἠθισμένον
3197 1207 3305 1261 τοῦ
3345 1209 3540 1276 νόμου
3576 1209 3715 1276 περὶ
3747 1212 3841 1262 αὐ-

2259 1297 2387 1352 τοῦ.
2419 1292 2489 1350 Ὦ
2521 1298 2734 1352 παιδίον
2788 1299 2885 1369 τῆς
2928 1298 3196 1368 τεκούσης
3243 1316 3302 1352 σε
3353 1300 3602 1370 μητρός·
3649 1300 3840 1368 μᾶλλον

2257 1388 2336 1453 δὲ,
2363 1389 2470 1443 τῶν
2499 1389 2713 1444 αίώνων
2753 1390 3030 1454 ἁπάντων,
3070 1392 3315 1462 ὑπάρχον
3349 1391 3740 1460 παλαιότερον.
3780 1387 3838 1443 Ὅ

2258 1483 2471 1536 παιδίον
2542 1485 2707 1554 μήπω
2756 1484 3041 1554 τρανῶσαν
3067 1483 3164 1554 τὴν
3202 1483 3476 1550 γλῶσσαν,
3521 1484 3621 1536 καί
3663 1500 3744 1536 τοι
3791 1483 3838 1536 ἃ

2259 1575 2565 1645 προφήταις
2589 1575 2817 1644 ὲνηχοῦν
2842 1575 2932 1627 τὸν
2963 1573 3121 1643 λόγον
3145 1574 3232 1627 διὰ
3260 1574 3352 1628 τοῦ
3382 1574 3728 1645 Πνεύματος.
3779 1570 3838 1626 Ὠ

2258 1666 2352 1720 τοῦ
2398 1668 2642 1729 Μωσέως
2678 1667 2911 1727 πλάστα,
2945 1667 3040 1720 καὶ
3073 1667 3151 1736 τῷ
3180 1667 3367 1719 τούτου
3397 1666 3555 1736 νόμῳ
3581 1683 3595 1694 ·
3640 1667 3838 1735 μᾶλλον

2258 1758 2313 1811 δὲ
2339 1757 2417 1829 τῷ
2442 1758 2627 1828 οίκείῳ
2656 1757 2744 1810 διὰ
2775 1756 3189 1826 φιλανθρωπίαν
3215 1753 3405 1808 ἑαυτὸν
3429 1754 3760 1808 ύποκλίνων.
3778 1751 3839 1808 Ὅ

2259 1846 2352 1902 τοῦ
2386 1849 2552 1918 νόμου
2593 1845 2812 1917 ποιητὰ,
2853 1846 2947 1898 καὶ
2990 1844 3091 1915 τῆς
3121 1846 3330 1916 Καινῆς
3355 1845 3639 1914 Διαθήκης
3687 1862 3839 1913 νομο-

2260 1938 2408 1992 θέτα.
2446 1936 2715 2008 Καθάπερ
2760 1935 2868 2008 γὰρ
2913 1935 3166 2005 βασιλεύς
3195 1952 3280 2000 τις
3327 1936 3494 2004 νόμον
3521 1935 3836 2003 τυπωθῆναι

2258 2027 2518 2093 κελεύων,
2569 2029 2661 2083 καὶ
2700 2028 2878 2099 οίκεία
2918 2027 3327 2097 ὑποσημειώσει
3370 2027 3567 2080 τοῦτον
3596 2026 3834 2096 βεϐαιοῖ·

2257 2125 2353 2180 καὶ
2399 2123 2562 2177 πάλιν
2611 2123 2740 2176 ὅταν
2797 2121 3076 2193 βούληται,
3127 2121 3219 2174 τὸν
3263 2121 3360 2191 μὲν
3409 2119 3633 2191 πρῶτον
3685 2119 3840 2188 νόμον

2257 2217 2442 2283 παύει,
2474 2218 2644 2287 ἤγουν
2674 2216 2908 2286 πληροῖ·
2943 2213 3256 2281 ἀντεισάγει
3298 2213 3355 2266 δὲ
3401 2211 3598 2264 τούτου
3649 2209 3839 2280 ὑψηλο-

2254 2312 2419 2384 τέραν
2467 2311 2594 2364 νέαν
2645 2307 3000 2378 νομοθεσίαν·
3031 2307 3204 2370 οὕτως
3256 2305 3350 2359 καὶ
3391 2306 3419 2358 ὁ
3470 2303 3725 2375 Κύριος,
3754 2303 3841 2354 τὸν

2254 2402 2421 2456 πάλαι
2479 2401 2644 2472 νόμον
2707 2399 2796 2453 διὰ
2842 2399 3120 2462 Μωῦσέως
3182 2398 3514 2469 ἐκθέμενος·
3574 2395 3655 2459 ὡς
3706 2389 3840 2448 οἶδεν

2251 2494 2439 2548 τοῦτον
2494 2493 2699 2564 μηδένα
2746 2491 3090 2544 τελειοῦντα·
3141 2491 3329 2544 τοῦτον
3387 2491 3488 2561 μὲν
3540 2486 3839 2559 αὐτουργία

2255 2585 2473 2655 πληροῖ,
2514 2585 2602 2637 διὰ
2629 2581 2726 2636 τού
2758 2584 2981 2654 ποιῆσαι
3006 2582 3074 2634 τὰ
3094 2580 3530 2652 νομοθετηθέντα
3552 2620 3570 2636 .
3607 2581 3839 2634 Ἐπεισ-

560 2679 803 2750 αγωγὴν
850 2679 918 2733 δὲ
965 2683 1305 2749 κρείττονος
1346 2681 1709 2752 νομοθεσίας
1751 2679 2113 2752 εἰργάσατο,
2166 2678 2242 2734 δι’
2291 2674 2366 2749 ἧς
2403 2675 2710 2750 ἐγγίζομεν
2771 2673 2852 2741 τῷ
2921 2673 3075 2740 Θεῷ,
3121 2673 3198 2738 ὥς
3239 2691 3403 2744 φησιν
3450 2675 3480 2727 ὁ
3546 2669 3838 2733 ἀπόστολος

563 2774 808 2837 Παῦλος.

634 2865 870 2938 Symeon
909 2874 1094 2922 autem
1124 2872 1322 2939 accepit
1357 2887 1589 2942 puerum
1627 2872 1682 2926 in
1712 2871 1867 2927 ulnas
1892 2889 2038 2927 suas.
2069 2869 2150 2925 Te

562 2958 786 3022 iterum,
821 2975 854 3013 ο
879 2960 1139 3035 Symeon,
1166 2963 1384 3017 beatum
1416 2964 1614 3019 dicam.
1645 2964 1855 3020 Revera
1882 2965 2027 3020 enim
2063 2964 2149 3020 di-

563 3064 703 3120 gnus
733 3064 813 3109 es,
845 3050 937 3118 qui
989 3051 1181 3106 beatus
1215 3052 1431 3108 dicaris.
1476 3055 1556 3108 En
1605 3055 1791 3121 enim,
1827 3055 2004 3126 ipsum
2053 3054 2146 3125 qui

561 3140 778 3195 vehitur
812 3156 977 3211 super
1029 3142 1362 3211 Cherubim,
1418 3145 1472 3200 in
1538 3147 1695 3200 ulnas
1742 3147 2024 3216 accepisti.
2065 3144 2143 3199 En

563 3230 851 3300 Seraphim
885 3231 1330 3301 inaspectabilem
1357 3276 1372 3300 ,
1422 3235 1688 3290 senilibus
1727 3238 1899 3292 oculis
1953 3237 2146 3292 videns

559 3323 873 3377 oblectaris.
927 3322 1006 3376 En
1052 3339 1212 3389 eum,
1262 3341 1424 3394 quem
1476 3325 1732 3382 Ezechiel
1784 3328 2144 3398 quadriformi

560 3414 689 3470 sede
723 3415 1012 3470 sublimem
1049 3416 1198 3483 vidit,
1241 3419 1382 3474 intra
1415 3418 1573 3474 ulnas
1613 3436 1714 3490 pro
1768 3437 1920 3477 more
1960 3421 2142 3475 infan-

562 3506 631 3560 tis
665 3507 922 3576 positum,
964 3511 1216 3564 manibus
1249 3512 1525 3583 astringis.
1568 3513 1671 3578 Qui
1702 3531 1831 3586 ergo
1869 3531 1978 3570 non
2013 3517 2144 3570 bea-

561 3604 672 3660 tus,
704 3599 797 3668 qui
833 3607 914 3653 tot
949 3614 1016 3654 ac
1049 3601 1216 3655 tantis
1248 3603 1404 3659 bonis
1443 3605 1641 3676 dignus
1672 3606 1893 3661 habitus
1920 3608 2041 3662 sis?

629 3690 701 3744 Et
726 3692 988 3745 benedixit
1020 3691 1206 3757 Deum,
1232 3701 1279 3746 et
1301 3694 1434 3748 dixit
1466 3711 1483 3748 :
1516 3695 1669 3748 Nunc
1693 3697 1917 3750 dimittis
1937 3714 2145 3751 servant

562 3790 743 3850 tuum,
782 3783 1036 3848 Domine,
1078 3786 1364 3838 secundum
1392 3786 1606 3838 verbum
1639 3795 1787 3839 tuum
1829 3788 1884 3839 in
1921 3805 2049 3856 pace
2076 3789 2141 3843 ⁸⁷.

559 3869 760 3926 Fessus
796 3886 916 3926 sum
944 3914 959 3936 ,
1008 3873 1235 3927 Domine
1258 3912 1274 3938 ,
1320 3875 1610 3943 praesentis
1642 3877 1826 3931 saeculi
1863 3893 2142 3934 carcerem

561 3962 837 4018 habitans.
875 3961 1150 4018 lncolatus
1189 3979 1344 4019 meus
1371 3965 1722 4037 prolongatus
1751 3979 1867 4035 est,
1917 3970 2142 4026 lubens-

559 4067 669 4121 que
701 4051 972 4122 migrabo,
1006 4053 1101 4108 ubi
1131 4055 1386 4109 habitatio
1403 4065 1477 4110 est
1495 4056 1790 4113 lwtantium
1819 4062 2051 4114 omnium
2075 4062 2137 4114 ⁸⁸.

560 4141 786 4198 Dimitte
813 4158 924 4210 me,
957 4143 1209 4200 Domine.
1251 4145 1296 4199 A
1333 4147 1495 4203 rebus
1525 4149 1674 4204 enim
1712 4150 1974 4221 subjectis
2003 4167 2139 4207 ocu-

559 4233 627 4289 lis
671 4234 892 4289 liberari
949 4244 1157 4307 satago.
1207 4235 1327 4292 Jam
1377 4240 1669 4310 pr0phetia
1730 4242 2137 4313 pmpinquavil.

2334 2861 2395 2914 Ὀ
2429 2861 2487 2914 δὲ
2514 2859 2741 2930 Συμεὼν
2771 2858 3017 2923 ἐδέξατο
3059 2858 3124 2913 τὸ
3163 2858 3371 2913 παιδίον
3407 2861 3498 2926 είς
3521 2861 3633 2926 τὰς
3665 2862 3840 2930 ἀγκύ-

2251 2956 2368 3019 λας
2395 2951 2603 3007 αὐτοῦ.
2650 2952 2820 3006 Πάλιν
2863 2952 2924 3005 σὲ
2957 2951 3267 3029 μακαρίσω,
3293 2945 3338 3005 ὧ
3366 2950 3617 3022 Συμεών.
3644 2954 3838 3007 Μακα-

2253 3044 2450 3118 ρισμοῦ
2486 3045 2595 3116 γὰρ
2643 3043 2858 3113 ἀληθῶς
2908 3044 3057 3110 ἄξιος
3106 3041 3376 3111 πέφυκας.
3421 3043 3556 3096 Ἰδοὺ
3589 3044 3702 3113 γὰρ
3753 3045 3837 3098 τὸν

2251 3139 2343 3191 ἐπὶ
2371 3137 2479 3191 τῶν
2513 3135 2797 3207 Χερουϐὶμ
2825 3135 3212 3205 ἐποχούμενον,
3243 3136 3301 3187 ἐν
3345 3135 3621 3201 ἀγκάλαις
3649 3135 3834 3200 ἐδέξω.

2261 3230 2392 3284 Ἰδοὺ
2419 3229 2511 3281 τὸν
2545 3231 2657 3291 τοῖς
2688 3228 2943 3298 Σεραφὶμ
2976 3225 3307 3297 ἀθεώρητον,
3346 3230 3605 3296 γηραιοῖς
3645 3227 3838 3295 ὀφθαλ-

2251 3324 2372 3392 μοῖς
2420 3320 2669 3391 καθορῶν
2716 3319 3009 3392 ἐπιτέρπῃ.
3057 3319 3188 3372 Ἰδοὺ
3242 3318 3332 3371 τὸν
3378 3320 3486 3372 ὑπὸ
3550 3320 3831 3394 Ἰεζεκιὴλ,

2247 3415 2340 3466 ἐπὶ
2375 3413 2756 3483 τετραμόρφου
2784 3412 2975 3483 θρόνου
3008 3411 3376 3483 θεωρηθέντα,
3406 3412 3468 3464 ὲν
3494 3415 3619 3476 ταῖς
3648 3415 3832 3485 χερσὶν

2246 3505 2320 3567 ὼς
2349 3504 2545 3575 βρέφος
2580 3503 2934 3576 ὲναγκαλίζῃ.
2983 3503 3108 3566 Πῶς
3139 3500 3234 3556 οὖν
3271 3505 3368 3574 οὐχ
3407 3505 3684 3575 ὑπάρχεις
3736 3524 3834 3575 μα-

2246 3598 2456 3666 κάριος,
2493 3595 2751 3648 τοιούτων
2795 3597 2889 3649 καὶ
2929 3594 3264 3666 τηλικούτων
3287 3595 3542 3660 ἀξιωθεὶς
3577 3597 3829 3664 aruerint;

2315 3687 2424 3742 Kal
2449 3687 2798 3757 ηὑλόγησεν
2827 3685 2934 3739 τὸν
2961 3687 3130 3752 Θεὸν,
3168 3687 3265 3740 καὶ
3293 3683 3502 3740 εἶπενο
3532 3688 3671 3741 Νῦν
3692 3689 3830 3742 ἀπο.

2243 3781 2412 3845 λύεις
2444 3778 2548 3833 τὸν
2595 3777 2826 3832 δοῦλόν
2869 3793 3007 3841 σου,
3039 3777 3329 3842 Δέσποτα,
3375 3782 3528 3832 κατὰ
3562 3781 3631 3833 τὸ
3669 3778 3828 3848 ῥῆμά

2243 3887 2360 3924 σου
2382 3871 2452 3924 ἐν
2469 3869 2701 3938 εἰρήνῃ.
2737 3869 3033 3939 Κέκμηκα,
3064 3869 3334 3932 Δέσποτα,
3362 3870 3422 3923 τὸ
3447 3870 3827 3943 δεσμωτήριον

2243 3963 2406 4015 οίκῶν
2445 3960 2540 4013 τοῦ
2571 3961 2839 4031 παρόντος
2881 3961 3096 4024 αἰῶνος.
3133 3959 3417 4030 Ἐχρόνισα
3445 3961 3505 4014 ἐν
3533 3965 3604 4032 τῇ
3637 3979 3826 4032 παροι-

2242 4055 2358 4125 κίᾳ,
2392 4055 2487 4107 καὶ
2519 4052 2616 4122 τὴν
2653 4052 2932 4124 μετοικίαν
2971 4052 3312 4123 ἀσπάζομαι,
3346 4053 3476 4106 ἔνθα
3511 4055 3826 4123 εὐφραίνου

2234 4145 2438 4214 μένων
2486 4143 2731 4198 πάντων
2777 4146 2816 4214 ἠ
2870 4145 3160 4199 κατοικία.
3225 4145 3524 4200 Ἀπόλυσον
3577 4163 3687 4220 με,
3737 4149 3826 4201 Δέ-

2243 4254 2436 4292 σποτα.
2488 4237 2899 4309 Ἀπαλλαγῇναι
2941 4237 3049 4309 γὰρ
3098 4237 3207 4292 τῶν
3245 4239 3560 4309 ὡρωμένων
3612 4241 3826 4308 ἐπείγο-

558 4324 700 4381 Ecce
727 4326 838 4396 jam
872 4327 1028 4382 adest
1061 4329 1330 4385 Salvator.
1381 4328 1634 4386 Viderunt
1664 4332 1809 4387 enim
1856 4334 1996 4388 oculi
2039 4337 2139 4389 mei

2251 4349 2359 4402 μαι.
2406 4330 2537 4386 Ἰδοὺ
2567 4333 2601 4402 ἡ
2635 4331 2943 4403 προφητεία
2980 4331 3230 4401 ἤγγικεν.
3275 4331 3404 4385 Ἰδοὺ
3444 4332 3508 4385 τὺ
3559 4334 3824 4405 σωτήριον

555 4418 795 4473 salutare
821 4429 971 4473 tuum
997 4421 1062 4486 ",
1094 4421 1163 4476 de
1199 4437 1307 4492 quo
1330 4422 1597 4478 clamabat
1632 4424 1792 4479 Isaias
1817 4443 1830 4479 :
1855 4425 1991 4479 Ecce
2011 4426 2136 4480 Sion

2251 4421 2521 4493 πάρεστιν.
2569 4418 2752 4478 Εἶδον
2783 4421 2893 4494 γὰρ
2926 4425 2982 4476 οἱ
3025 4423 3324 4492 ὀφθαλμοί
3353 4441 3476 4492 μου
3518 4424 3593 4478 τὸ
3636 4425 3823 4493 σωτή-

557 4510 742 4564 ciaitas
770 4511 1010 4566 salutare
1048 4523 1281 4566 nostrum
1302 4515 1370 4568 ’°.
1401 4515 1569 4568 Porro
1597 4514 1727 4569 Sion
1761 4516 1998 4572 Ecclesia
2031 4527 2135 4583 est,

2251 4519 2370 4571 οιόν
2423 4532 2574 4584 σου,
2638 4518 2769 4588 περὶ
2811 4512 2872 4572 οὗ
2945 4519 3172 4582 Ἡσαΐας
3226 4519 3390 4572 ἐϐόα·
3461 4520 3615 4574 Ἰδοὺ
3675 4522 3822 4574 Σιὼν

557 4603 613 4657 in
638 4619 742 4673 qua
773 4603 1029 4665 salutare.
1061 4604 1165 4659 hoc
1198 4614 1303 4669 est,
1335 4604 1609 4671 Christus,
1645 4608 1980 4662 demoratur.
2012 4610 2136 4663 Ait-

2251 4607 2418 4674 πόλις
2454 4608 2521 4662 τὸ
2563 4609 2864 4677 σωτήριον
2888 4609 3078 4680 ἡμῶν.
3124 4609 3260 4665 Σιὼν
3283 4610 3340 4664 δέ
3371 4612 3520 4664 ἐστιν
3548 4613 3822 4683 ήἭκκλη-

555 4711 663 4765 que
685 4713 908 4750 rursus:
934 4696 1187 4751 Salutare
1218 4715 1390 4751 meum
1418 4708 1472 4751 ut
1500 4698 1706 4768 lampas
1736 4702 2047 4755 accendetur
2065 4703 2131 4758 ²¹.

2251 4699 2350 4763 sla,
2394 4699 2452 4752 ὲν
2557 4700 2618 4754 τὸ
2652 4702 2938 4772 σωτήριον,
2970 4703 3246 4757 τούτέστιν
3282 4706 3312 4757 ὁ
3359 4705 3623 4774 Χριστὸς,
3665 4707 3819 4760 ἐναυο

557 4786 617 4841 ιη
649 4789 869 4842 modum
919 4788 1065 4842 enim
1096 4789 1361 4859 lampadis
1387 4806 1658 4862 apparens
1688 4792 1954 4860 Salvator,
1986 4795 2135 4850 orbis

2251 4789 2466 4854 λίζεται.
2508 4793 2618 4844 Καὶ
2658 4793 2819 4847 πάλιν
2862 4793 3046 4862 λέγει’
3094 4795 3165 4848 Τὸ
3227 4795 3530 4864 σωτήριόν
3579 4814 3702 4866 μου
3745 4798 3821 4862 ὡς

560 4887 824 4934 terrarum
864 4881 1002 4936 ﬁnes
1043 4882 1391 4938 illuminavit.

2251 4880 2485 4949 λαμπὰς
2521 4883 2905 4948 καυθήσεται.
2954 4883 3118 4954 Δίκην
3153 4884 3264 4955 γὰρ
3309 4884 3594 4956 λαμπάδος
3632 4889 3820 4955 ἐπιφα-

2241 4972 2350 5035 νεὶς
2381 4973 2409 5024 ὁ
2442 4973 2654 5044 Σωτὴρ,
2683 4974 2753 5028 τὰ
2791 4973 3009 5045 πέρατα
3035 4976 3133 5044 τῆς
3163 4977 3499 5048 οἰκουμένης
3533 4978 3814 5048 ἐφώτισεν.

626 5056 776 5120 Quod
799 5059 1025 5126 parasti,
1057 5070 1183 5114 ante
1213 5063 1401 5133 faciem
1449 5064 1682 5118 omnium
1720 5066 2032 5136 populorum
2063 5069 2130 5122 υ.

2317 5065 2386 5116 '0
2437 5064 2772 5134 ἡτοίμασας
2824 5066 2973 5120 κατὰ
3026 5069 3353 5135 πρόσωπον
3410 5067 3658 5123 πάντων
3706 5069 3818 5123 τῶν

553 5147 671 5202 Non
710 5149 872 5202 unius
904 5151 1012 5219 jam
1061 5152 1260 5223 ingrati
1297 5155 1481 5225 p0puli
1508 5195 1522 5220 ,
1575 5155 1806 5224 lsraelis,
1857 5159 2078 5229 inquam
2113 5177 2127 5215 :

554 5241 649 5296 sed
679 5241 912 5294 omnium
950 5244 1281 5311 populorum,
1315 5247 1468 5315 juxta
1503 5263 1718 5302 sacrum
1748 5248 2002 5313 Psaltem,
2043 5250 2127 5304 di-

551 5342 768 5388 centem
794 5351 807 5388 :
831 5333 1075 5389 Laudate
1095 5335 1394 5404 Dominum,
1416 5357 1592 5395 omnes
1613 5351 1823 5411 gentes;
1842 5342 2129 5396 adlaudate

551 5439 693 5489 eum,
721 5440 899 5479 omnes
928 5426 1108 5496 populi
1139 5427 1203 5481 ³³.
1236 5427 1341 5483 Sed
1363 5438 1418 5484 et
1458 5429 1647 5486 Daniel
1682 5431 1792 5486 ait:
1821 5431 2008 5488 Omnes
2033 5449 2126 5502 po-

549 5514 680 5581 puli,
717 5515 902 5582 tribus,
936 5526 984 5570 et
1021 5517 1214 5589 lingua:
1241 5522 1464 5576 servient
1495 5524 1542 5576 ei
1563 5525 1630 5577 ".

2238 5154 2422 5208 λαῶν.
2448 5156 2562 5208 Οὐκ
2597 5156 2713 5210 ἔστι
2744 5156 2853 5228 [ῑσ.
2877 5157 2981 5228 ἔτι]
3000 5158 3090 5210 τοῦ
3125 5159 3243 5220 ἑνὸς
3265 5158 3418 5224 λαοῦ,
3442 5160 3819 5232 τοῦξὰγνὼμοο

2231 5262 2320 5308 νος
2341 5263 2356 5277 ο
2387 5246 2534 5316 λέγω
2562 5248 2625 5318 δὴ
2673 5248 2766 5301 τοῦ
2815 5249 3052 5320 Ἰσραὴλ,
3086 5250 3221 5303 ἀλλὰ
3251 5252 3470 5304 πάντων
3501 5252 3614 5305 τῶν
3654 5253 3812 5312 λαῶν.

2230 5337 2372 5390 κατὰ
2399 5338 2489 5392 τὸν
2521 5340 2843 5413 ίεροψάλτην
2867 5343 3094 5410 λέγοντα
3120 5358 3134 5372 ο
3180 5341 3413 5397 Αίνεῒτε
3438 5345 3544 5397 τὸν
3578 5346 3811 5414 Κύριον,

2229 5426 2429 5482 πάντα
2475 5431 2546 5484 τὰ
2609 5432 2754 5499 ἔθνη
2778 5448 2793 5463 ο
2842 5433 3197 5487 ἐπαινέσατε
3263 5436 3451 5489 αὐτὸν
3493 5435 3717 5502 πάντες
3762 5441 3814 5490 ot

2233 5523 2393 5578 λαοί.
2431 5523 2543 5578 Καὶ
2574 5524 2602 5576 δ
2630 5525 2830 5596 Δανιὴλ
2863 5543 3026 5598 φησιν
3047 5543 3059 5555 ·
3091 5526 3320 5593 Πάντες
3351 5530 3406 5582 οι
3427 5529 3591 5594 .laol,
3626 5529 3810 5597 φυλαί

2231 5618 2329 5673 καί
2368 5617 2644 5689 γλῶσσαι
2681 5619 2840 5687 αὐτῷ
2877 5621 3344 5678 δουλεύσουσιν.

623 5731 665 5817 ’.³
697 5731 740 5784 ll
772 5732 897 5789 Cor.
928 5737 1166 5817 vni,
1195 5740 1614 5817 __“_ll_ehr.‘v_i:,
1652 5744 1748 5817 _l9.
1831 5745 1872 5776 "'
1899 5744 2031 5801 Luc.
2070 5763 2128 5809 ιι,
2163 5747 2251 5802 52.
2333 5748 2376 5779 ’⁸
2406 5748 2549 5807 Psal.
2577 5768 2796 5817 LXXXVI,
2835 5753 2885 5807 7.
2969 5755 3010 5788 ¹⁹
3043 5754 3177 5811 ibid.
3203 5756 3290 5812 30.
3371 5757 3415 5788 '°
3443 5756 3548 5811 lsa.
3576 5773 3722 5817 sui,
3760 5760 3806 5811 ί.

555 5799 600 5831 ¹¹
632 5801 736 5855 lsa.
773 5818 904 5864 LXII,
935 5807 979 5858 ι.
1028 5798 1101 5838 -²¹
1133 5809 1269 5863 ibid.
1303 5811 1390 5864 5|.
1470 5813 1515 5845 "
1548 5798 1687 5866 l’szil.
1720 5830 1862 5878 CXXI,
1902 5798 2148 5870 Lydi—“HD:

2259 5835 2353 5882 vn,
2385 5821 2466 5873 hi.
2781 5798 2796 5817 ’
3707 5798 3722 5822 ’
