4034 6402
192 402 349 467 1577'

1378 404 1637 465 SERMO
1669 404 1753 466 IN
1791 405 2224 473 SYMEONEM.

3309 414 3445 483 1578

263 513 395 579 Φῶς
442 514 531 579 εις
564 509 956 580 ἀποκάλυψιν
995 510 1205 566 ἐθνῶν.
1255 512 1434 585 Ὅπερ
1467 512 1637 578 ἐστὶν,
1689 515 1769 576 είς

1941 512 2143 568 Lumen
2176 516 2248 570 ad
2281 517 2647 572 reuelationem
2676 520 2909 590 gentium
2930 522 2994 575 ".
3029 516 3233 593 Nempe
3253 526 3320 580 ad
3350 527 3453 582 hoc

185 604 489 674 ἀνάϐλεψιν
533 604 627 657 καὶ
680 604 760 666 εἰς
814 604 1132 674 φωτισμὸν,
1181 603 1292 657 τῶν
1345 603 1671 675 καθημένων
1713 607 1771 658 ὲν

188 696 377 748 σκότει
417 693 511 746 καὶ
540 693 670 763 σκιᾷ
715 692 967 758 θανάτου,
1013 691 1220 746 ὲθνῶν·
1254 692 1364 747 Καὶ
1400 693 1591 757 δόξαν
1616 692 1773 747 ,1αοῦ

183 804 308 839 σου
349 783 615 854 Ἰσραήλ.
654 781 718 836 El
751 784 860 855 γάρ
900 784 996 839 καὶ
1030 783 1105 855 μὴ
1136 785 1337 847 πάντες
1363 785 1411 837 οἱ
1442 783 1518 848 ἐξ
1561 782 1774 856 Ἰσραὴλ

188 880 544 941 ἐπίστευσαν,
593 874 709 928 ἀλλ’
737 871 831 929 οὖν
880 875 944 928 τὸ
990 874 1340 945 κατάλειμμα
1383 874 1671 937 σέσωσται,
1715 873 1775 938 ἐξ

187 963 270 1023 ὧν
299 970 547 1040 ὑπῆρχον
572 967 627 1021 οἶ
667 984 727 1020 τε
766 968 1029 1039 μακάριοι
1060 967 1152 1020 τοῦ
1183 966 1421 1039 Χριστοῦ
1461 966 1771 1029 ἀπόστολοι,

192 1060 293 1113 καὶ
328 1059 506 1131 ἕτεροί
554 1075 698 1123 τινες
730 1058 839 1112 τῶν
872 1057 1305 1113 πιστευσάντων.
1356 1058 1469 1111 Καὶ
1508 1056 1569 1110 οὐ
1613 1057 1775 1128 μόνον

189 1148 378 1214 τοῦτο,
399 1148 535 1202 ἀλλὰ
563 1148 657 1203 καὶ
685 1148 846 1211 αὐτὸς
875 1150 905 1201 6
934 1146 1157 1222 Κύριος,
1176 1149 1241 1201 ἑκ
1269 1146 1371 1217 τῆς
1399 1146 1569 1201 Ἰούδα
1600 1146 1774 1217 φυλῆς

190 1244 329 1311 ἡμῖν
357 1241 737 1296 ἀνατέταλκεν.
768 1234 938 1304 Οὗτος
980 1239 1089 1310 γάρ
1125 1242 1155 1294 6
1184 1240 1376 1310 Σωτὴρ
1422 1240 1551 1311 περὶ
1580 1239 1774 1294 ἑαυτοῦ

189 1333 392 1401 λέγων,
432 1332 697 1402 ἔφασκεν·
738 1331 867 1383 Ὅτι
911 1331 950 1399 ἠ
1003 1330 1269 1397 σωτηρία
1317 1330 1387 1383 ἐκ
1449 1328 1568 1383 τῶν
1626 1331 1773 1384 ἰου-

189 1422 381 1476 δαίων
404 1423 594 1477 ἐστίν.
624 1420 830 1475 Τούτου
859 1421 1021 1492 χάριν
1048 1422 1241 1492 φησίν·
1265 1421 1375 1476 Καὶ
1404 1422 1595 1487 δόξαν
1618 1423 1774 1477 λαοῦ

183 1530 315 1570 σου
364 1515 634 1584 Ἰσραήλ.

268 1607 378 1662 Kal
422 1604 500 1679 ἦν
548 1610 582 1662 ὀ
629 1606 827 1675 πατὴρ
870 1607 1062 1663 αὐτοῦ
1094 1607 1193 1661 καί
1226 1609 1264 1677 ἡ
1298 1608 1517 1677 μήτηρ,
1559 1607 1777 1677 (invad-

188 1697 397 1765 ζοντες
442 1700 540 1752 ἐπὶ
594 1699 717 1764 τοῖς
763 1699 1115 1769 λεγομένοις
1142 1699 1277 1765 περὶ
1307 1701 1517 1754 αὐτοῦ.
1575 1701 1638 1753 Ei
1667 1700 1776 1769 γὰρ

194 1792 297 1844 καὶ
337 1788 478 1863 ἦσαν
510 1792 872 1864 μεμυημένοι,
907 1794 942 1864 ἧ
986 1804 1042 1847 τε
1091 1792 1327 1864 Μαριὰμ
1370 1793 1465 1846 καὶ
1492 1794 1520 1846 6
1578 1792 1775 1863 Ἰωσὴφ

1872 614 1935 658 ut
1963 613 2174 675 gentes,
2209 623 2331 678 quae
2363 609 2420 663 in
2450 610 2690 665 tenebris
2710 626 2774 666 ac
2800 610 2988 667 umbra
3018 615 3210 670 mortis
3236 616 3447 682 sedent,

1875 696 2050 750 visum
2076 711 2141 752 ac
2176 697 2360 754 lumen
2402 700 2689 771 recipiant.
2738 702 2807 756 Et
2858 702 3087 773 gloriam
3140 706 3301 774 plebis
3346 718 3451 763 tute

1875 784 2065 841 Israel.
2107 786 2428 860 Quanquam
2466 791 2612 845 enim
2644 808 2753 847 non
2778 807 2970 849 omnes
3003 796 3107 850 orti
3146 812 3215 851 ex
3253 799 3453 856 lsraele

1873 876 2255 944 crediderunt,
2294 879 2536 950 reliquiae
2566 890 2747 936 tamen
2779 882 2943 938 salva:
2973 884 3129 941 taetre
3167 898 3335 955 sunt;
3385 906 3453 944 ex

1874 968 2073 1037 quibus
2100 970 2341 1038 fuerunt,
2372 981 2485 1027 tum
2514 974 2655 1029 beati
2685 974 2891 1029 Christi
2922 978 3174 1046 apostoli,
3214 989 3329 1034 tum
3357 980 3450 1035 alii
3549 990 3555 995 '

1870 1059 2094 1129 quidam
2123 1061 2330 1118 ﬁdeles.
2357 1062 2470 1119 Nec
2497 1064 2550 1119 id
2580 1065 2761 1131 modo,
2789 1067 2924 1136 quin
2957 1078 3013 1122 et
3040 1068 3159 1138 ipse
3190 1070 3450 1125 Dominus

1874 1161 2087 1217 uoster,
2122 1168 2188 1209 ex
2229 1154 2376 1210 tribu
2398 1156 2561 1211 nobis
2581 1156 2721 1211 Juda
2757 1168 2980 1214 exortus
3004 1168 3110 1214 est.
3139 1160 3264 1231 ipse
3290 1177 3451 1216 nam-

1875 1261 1981 1314 que
2020 1243 2271 1301 Salvator
2296 1248 2365 1303 de
2393 1263 2454 1303 se
2482 1248 2599 1319 ipse
2625 1249 2876 1320 loquens,
2918 1251 3167 1317 dicebat,
3199 1252 3335 1317 Quia
3362 1271 3451 1308 sa-

1874 1340 1960 1389 lus
1994 1353 2060 1390 ex
2082 1336 2283 1393 Judleis
2306 1348 2408 1395 est.
2440 1340 2649 1397 Idcirco
2669 1342 2746 1396 ait
2769 1361 2781 1395 :
2811 1340 2875 1394 Et
2902 1341 3130 1413 gloriam
3154 1345 3320 1413 plebis
3349 1355 3455 1400 tua:

1876 1429 2049 1483 Israel
2076 1430 2141 1484 ⁸⁷.

1948 1610 2015 1663 Et
2043 1622 2192 1663 erant
2224 1620 2379 1680 pater
2405 1611 2520 1681 ejus
2556 1622 2603 1664 et
2633 1621 2803 1665 mater
2869 1614 3122 1667 mirantes
3173 1631 3330 1685 super
3375 1616 3453 1670 Itis

1878 1713 1995 1765 qua:
2024 1698 2338 1751 dicebautur
2366 1700 2433 1754 de
2467 1700 2564 1753 illo
2597 1700 2661 1752 ".
2701 1698 3022 1771 Quanquam
3064 1704 3213 1759 enim
3244 1706 3453 1761 didice—

1879 1796 2003 1842 rant
2024 1788 2190 1843 Maria
2225 1789 2429 1858 pariter
2453 1806 2516 1845 ac
2543 1790 2768 1861 Joseph,
2800 1794 2945 1861 quod
2977 1794 3045 1848 ad
3071 1812 3301 1864 puerum
3322 1812 3451 1867 spe-

189 1882 257 1935 τδ
286 1860 414 1953 περὶ
448 1883 544 1936 τοῦ
580 1860 815 1954 βρέιρους
848 1860 1247 1956 μυστήριον-ἡ
1283 1860 1379 1953 μὲν
1420 1885 1511 1938 διὰ
1540 1883 1633 1937 τοῦ
1669 1860 1771 1937 Γα-

1880 1877 2060 1932 ctabat
2101 1880 2419 1941 mysterium
2450 1898 2463 1933 :
2494 1860 2913 1951 Mariaiquidrem
2936 1923 2951 1946 ,
2989 1860 3255 1939 Gabrielis
3286 1860 3449 1942 voce:

192 1974 398 2045 ὁριὴλ,
445 1974 508 2027 οὐ
560 1975 666 2046 μὴν
720 1976 857 2031 ἀλλά
889 1977 984 2030 καὶ
1015 1976 1105 2029 διὰ
1130 1976 1227 2029 τοῦ
1272 1976 1590 2047 Πνεῦματος
1631 1975 1777 2029 διδα-

192 2067 391 2138 χθεῖσα
425 2067 549 2137 περὶ
578 2068 677 2137 τῆς
718 2068 814 2121 τοῦ
846 2068 1172 2138 τικτομένου
1207 2068 1492 2139 θεότητος·
1536 2070 1569 2120 6
1602 2065 1660 2121 δὲ
1690 2066 1778 2122 διὰ

191 2157 295 2211 τοῦ
339 2157 717 2229 ἀρχαγγέλου·
767 2158 865 2228 Μὴ
916 2158 1185 2229 φοϐηθῇς
1230 2158 1601 2228 παραλαϐεῖν
1651 2163 1777 2214 Ma-

184 2247 342 2315 ριὰμ
389 2246 502 2314 τὴν
534 2246 791 2316 γυναῖκὰ
820 2264 959 2302 σου.
1008 2247 1080 2302 Τὸ
1126 2248 1237 2317 γὰρ
1288 2248 1361 2302 ἐν
1392 2247 1548 2316 αὐτῇ
1574 2265 1778 2318 rem

194 2337 328 2401 θὲν,
373 2338 443 2392 ἐκ
491 2339 835 2408 Πνεύμαεός
875 2339 1049 2393 ἐστιν
1078 2340 1252 2410 ἁγίου
1275 2356 1290 2372 ·
1323 2340 1438 2394 ἀλλ’
1483 2340 1633 2411 ὅμως
1681 2341 1778 2395 καὶ¹

192 2429 375 2483 ταῦτα
397 2431 985 2502 μεμυστιγωγημένοι,
1007 2431 1316 2502 ἐθαύμαζον
1344 2432 1777 2506 ἐκπληττόμενοι

189 2521 301 2574 ἐπὶ
330 2521 452 2588 τοῖς
474 2522 823 2592 λεγομένοις
864 2524 999 2593 περὶ
1042 2523 1257 2581 αὐτοῦ.

276 2615 385 2668 Καὶ
429 2617 769 2685 εὐλόγησεν
797 2616 1019 2684 αὐτοὺς
1064 2616 1325 2688 Συμεών.
1374 2618 1777 2689 Ἀποδεχόμεθά

198 2724 301 2760 σου
334 2707 431 2777 τὴν
460 2709 524 2760 ἐκ
567 2708 718 2773 θείας
763 2709 986 2780 ἀγάπης
1032 2709 1377 2781 θερμοτάτην
1426 2708 1703 2779 πρόθεσιν,
1731 2704 1777 2764 ὧ

197 2797 449 2869 Συμεών.
486 2800 546 2852 Et
575 2799 683 2870 γὰρ
719 2800 813 2852 καὶ
838 2800 1098 2872 ἀνώτεροι
1134 2801 1313 2873 πάσης
1338 2800 1590 2869 εὐλογίας
1613 2799 1777 2870 ἐτύγ-

94 2942 103 2946 _
199 2906 391 2959 χανον,
431 2889 465 2959 ἦ
498 2905 555 2941 τε
585 2886 819 2941 τεκοῦσα
872 2888 1057 2961 μήτηρ
1090 2889 1291 2959 ὁμοίιος
1326 2893 1424 2944 καὶ
1455 2890 1516 2943 τὸ
1546 2889 1774 2961 βρέφος·

194 2980 319 3034 ἀλλ’
347 2981 469 3034 ἀντὶ
494 2978 803 3048 δοξολογίας
831 2982 1210 3051 προσήγαγεν·
1240 2981 1435 3052 ὥσπερ
1463 2982 1656 3051 ἀμέλει
1682 2983 1779 3037 καὶ

192 3072 256 3125 oi
303 3075 363 3125 ὲν
409 3071 688 3126 Βαϐυλῶνι
732 3074 883 3143 τρεῖς
931 3073 1138 3135 παῖδες.
1195 3074 1303 3126 Καὶ
1347 3074 1455 3145 γὰρ
1486 3075 1683 3128 ἐκεῖνοι
1714 3075 1775 3127 οὑ

1882 1984 1983 2024 nec
2010 1969 2065 2023 id
2095 1970 2279 2030 modo,
2304 1987 2495 2026 verum
2522 1974 2687 2029 etiam
2714 1989 2742 2028 a
2773 1973 2977 2043 Spiritu
3001 1984 3189 2031 sancto
3212 1980 3453 2033 nascitu-

1881 2076 1955 2115 ra:
1988 2060 2153 2130 prolis
2186 2061 2378 2117 edocta
2416 2064 2756 2119 divinitatem
2794 2083 2807 2117 :
2839 2064 3039 2137 Joseph
3085 2077 3300 2135 autem,
3356 2085 3454 2139 per

1879 2152 2262 2223 archangelum
2310 2152 2580 2209 dicentem
2610 2172 2620 2207 :
2658 2154 2786 2209 Noli
2822 2157 3005 2212 limere
3042 2160 3279 2229 accipere
3326 2160 3454 2215 Ma-

1880 2243 2019 2296 riam
2047 2243 2323 2315 conjugem
2352 2254 2501 2299 tuam
2530 2260 2548 2297 .'
2579 2248 2717 2316 quod
2744 2248 2881 2309 enim
2913 2250 2968 2302 in
2986 2266 3047 2303 ea
3064 2262 3248 2306 natum
3274 2264 3371 2317 est,
3390 2260 3454 2309 de

1877 2334 2084 2404 Spiritu
2110 2346 2292 2391 sancto
2308 2348 2383 2391 est
2413 2338 2458 2370 ι’
2479 2355 2493 2392 :
2518 2339 2756 2401 tametsi,
2786 2339 3030 2410 inquam,
3061 2343 3163 2398 ista
3190 2344 3453 2401 divinitus

1852 2424 2057 2481 'edocti
2081 2437 2258 2489 erant,
2291 2427 2631 2484 mirabantur
2656 2440 2835 2485 tamen
2868 2447 2933 2487 ac
2970 2434 3265 2503 stupebant
3296 2452 3455 2502 super

1878 2518 1959 2571 Itis
1988 2534 2105 2587 qua:
2132 2520 2441 2573 dicebantur
2462 2522 2526 2574 de
2554 2520 2667 2574 illo.

1949 2610 2018 2664 Et
2046 2610 2304 2665 benedixit
2321 2610 2428 2665 illis
2444 2611 2677 2681 Synteon
2695 2612 2759 2666 ³ο.
2794 2612 3102 2671 Laudamus
3127 2617 3454 2686 probamus-

1880 2717 1986 2772 qne
2025 2711 2195 2769 tuam,
2232 2718 2266 2756 ο
2301 2702 2556 2774 Symeon,
2602 2718 2665 2758 ex
2713 2704 3114 2762 ferventissime
3164 2708 3455 2766 dilectione

1881 2792 2233 2849 voluntatem.
2265 2794 2585 2865 Quanquam
2611 2797 2760 2853 enim
2808 2799 2972 2854 etiam
3017 2801 3164 2856 enini
3225 2804 3455 2859 benedi-

1879 2884 2061 2939 ctione
2083 2900 2396 2955 superiores
2420 2897 2595 2953 erant,
2640 2889 2812 2944 Mater
2846 2892 3049 2960 pariter
3075 2909 3363 2965 puerpera,
3391 2912 3456 2952 ac

1880 2976 2042 3042 Puer,
2068 2977 2397 3034 laudationis
2427 2986 2607 3034 tamen
2631 2980 2751 3036 loco
2770 2998 2893 3037 eam
2922 2984 3122 3040 obtulit
3150 3004 3165 3039 :
3198 3002 3262 3041 ea
3290 2987 3455 3043 nimi-

1880 3085 2000 3124 rum
2030 3070 2263 3135 ratione,
2280 3087 2386 3141 qua
2410 3072 2564 3142 pueri
2590 3084 2700 3128 tres
2720 3074 2775 3128 in
2798 3073 3090 3146 Babylone.
3116 3078 3254 3132 Nam
3276 3087 3332 3133 et
3356 3078 3453 3144 illi,

197 3165 369 3235 μόνον
393 3165 491 3229 τὰς
523 3166 818 3235 amnes;
843 3166 1122 3236 δυνάμεις,
1154 3169 1251 3220 καὶ⁵
1283 3170 1465 3220 πᾶσαν
1492 3166 1777 3239 ἀνθρωπό-

1882 3162 2083 3217 nedum
2118 3162 2350 3219 virtutes
2377 3165 2671 3234 angelicas,
2711 3166 3139 3238 universumque
3172 3170 3455 3225 hominum

198 3275 364 3331 τητα,
417 3260 554 3313 ἀλλά
592 3260 686 3313 καὶ
722 3260 822 3329 τὴν
845 3258 1055 3331 ἄψυχον
1089 3260 1184 3312 καὶ
1223 3259 1550 3331 ἀναίσθητον
1577 3261 1776 3326 κτίσιν,

197 3352 284 3415 είς
315 3352 381 3406 τὸ
409 3351 650 3420 εὐλογεῖν
684 3352 775 3405 τὸν
811 3352 944 3406 Θεὸν
974 3352 1398 3425 προετρέηῖωιντο,
1432 3353 1781 3423 ἀποπληροῦ-

200 3457 307 3495 σαν
336 3441 433 3511 τὴν
461 3440 733 3509 εὐλογίαν,
762 3441 839 3504 ὡς
871 3441 1109 3512 εἴρηται,
1156 3440 1245 3494 διὰ
1274 3440 1368 3494 τοῦ
1394 3440 1638 3509 εὐλογεῖν
1679 3442 1779 3513 τὴν

195 3536 283 3597 είς
307 3534 369 3587 τὸ
387 3533 543 3586 Θεῖον
570 3532 897 3601 δοξολογίειν.
931 3534 1086 3585 Κατὰ
1116 3532 1303 3586 τοῦτον
1332 3533 1512 3586 τοίνυν
1535 3535 1627 3586 τὸν
1650 3535 1777 3604 τρό-

200 3643 328 3689 πον,
363 3626 459 3679 καὶ
495 3627 525 3679 6
558 3623 781 3694 Συμεὼν
826 3625 918 3678 ἐπὶ
961 3624 1057 3677 τοῦ
1118 3625 1386 3690 παρόντος
1434 3627 1781 3695 εὐλόγησεν

198 3718 448 3784 αὐτοὺς,
466 3718 563 3772 καί
584 3714 754 3771 εἶπεν
780 3717 931 3785 πρὸς
946 3715 1182 3785 Μαριὰμ
1197 3715 1310 3785 τὴν
1320 3717 1547 3786 μητέρα
1565 3718 1776 3774 αὐτοῦ.

199 3812 328 3865 τίνι
355 3810 520 3879 λόγῳ,
569 3809 644 3881 μὴ
670 3808 748 3881 τῷ
778 3808 1121 3879 νομιζομένῳ
1141 3807 1310 3877 πατρὶ
1326 3807 1427 3878 τῆς
1442 3812 1779 3881 προφητείας

200 3900 359 3957 εἶπεν
390 3906 419 3957 6
438 3901 663 3973 Συμεὼν
680 3902 747 3955 τὰ
771 3900 1166 3973 ῥήματα,ἀλλὰ
1194 3899 1394 3969 μᾶλλον
1416 3905 1483 3972 τῇ
1506 3902 1777 3973 Μαριάμς

200 3995 393 4063 ἐπειδὴ
418 3994 634 4067 ﬁdenti);
664 3992 1131 4064 πνευματοφόρος,
1180 3991 1360 4063 ἀληθῆ
1407 3991 1501 4045 τοῦ
1544 3992 1779 4063 βρέφους

202 4084 420 4156 μητέρα
451 4083 741 4153 τυγχάνειν
761 4083 859 4152 τὴν
881 4080 1102 4153 Μαρίαν
1119 4097 1135 4113 ·
1158 4079 1252 4134 τὸν
1295 4078 1496 4150 Ἰωσὴφ
1523 4078 1581 4131 δὲ
1616 4078 1779 4150 μέχρι

198 4175 360 4245 ψιλοῦ
390 4175 483 4229 καὶ
515 4175 678 4245 μόνου
710 4174 996 4244 ὀνόματος,
1028 4174 1127 4244 τῆς
1146 4173 1243 4227 τοῦ
1274 4171 1478 4244 πατρὸς
1508 4188 1782 4243 προσηγο-

200 4268 327 4336 ρίας
353 4265 729 4323 ἀπολαύοντα·
758 4265 948 4337 ἐπειδὴ
977 4266 1077 4319 οὐκ
1107 4267 1171 4319 ἐκ
1206 4265 1524 4335 σπέρματος
1549 4264 1742 4333 ἀνδρός
1760 4277 1775 4291 '

202 4358 323 4413 ἀλλ’
367 4358 432 4411 ἐκ
481 4355 795 4426 Πνεύματος
835 4355 993 4423 ἁγίου
1043 4357 1074 4425 ἡ
1121 4356 1220 4424 τῆς
1260 4353 1638 4425 ἀπειῳγάμου
1686 4352 1780 4407 καὶ

203 4450 371 4519 ἀγίας
392 4447 668 4520 Παρθένου
695 4447 962 4517 κυοφορία
987 4446 1241 4514 γέγονεν.
1260 4444 1465 4499 Τούτου
1497 4447 1653 4515 χάριν
1684 4461 1779 4497 κα-

1881 3269 2092 3324 genus,
2140 3269 2330 3309 verum
2374 3256 2542 3310 etiam
2593 3258 2807 3312 ratione
2855 3274 2921 3314 ac
2964 3275 3129 3314 sensu
3163 3259 3457 3315 destitutas

1881 3362 1989 3412 res,
2022 3347 2089 3401 ad
2116 3347 2547 3403 benedicendum
2573 3349 2680 3403 Deo
2709 3350 3084 3416 hortabantur,
3119 3352 3458 3407 benedictio-

1881 3454 2005 3493 nem
2036 3438 2344 3509 implentes,
2377 3440 2836 3509 quemadmodum
2875 3442 3082 3496 dictum
3121 3454 3231 3506 est,
3264 3457 3455 3512 prose-

1880 3530 2097 3599 quendo
2139 3531 2321 3586 verbis
2361 3531 2573 3587 divinas
2613 3532 2821 3594 laudes.
2868 3531 2980 3588 Hac
3026 3533 3208 3602 itaque
3248 3535 3458 3589 ratione

1877 3620 2044 3674 etiam
2072 3621 2306 3690 Symeon
2341 3620 2834 3690 impmentiarum
2862 3621 2967 3676 illis
2989 3621 3269 3686 benedixit,
3300 3630 3346 3675 et
3372 3622 3456 3674 di-

1877 3712 1958 3766 xit
1978 3716 2048 3765 ad
2064 3711 2292 3767 Mariam
2314 3723 2535 3768 matrem
2556 3713 2691 3782 ejus.
2715 3714 2988 3778 Quorsum
3006 3713 3114 3778 ille,
3136 3728 3245 3767 non
3271 3720 3458 3782 putato

1878 3805 2020 3875 patri
2066 3805 2206 3862 dixit
2244 3806 2545 3876 prophetiae
2586 3806 2774 3871 verba,
2804 3806 2901 3861 sed
2943 3806 3112 3876 magis
3140 3805 3208 3859 ad
3235 3805 3455 3859 Mariam

1880 3907 2111 3954 matrem
2135 3898 2254 3967 ejus
2281 3898 2527 3953 direxit?
2555 3898 2711 3965 Quod
2735 3899 2993 3954 nimirum
3017 3898 3274 3968 tanquam
3315 3898 3453 3952 divi-

1880 4004 1955 4043 no
1985 3989 2193 4058 Spiritu
2230 3989 2443 4045 afﬂatus
2466 3990 2652 4055 sciret,
2684 3989 2906 4045 Mariam
2942 4005 3125 4045 veram
3153 4004 3275 4047 esse
3302 3989 3456 4059 pueri

1879 4088 2129 4145 matrem,
2155 4079 2457 4148 Jrosepbum
2485 4090 2668 4139 autem
2690 4120 2707 4145 ,
2749 4081 2972 4136 nomine
3016 4089 3177 4137 tenus
3220 4089 3454 4143 tantum,

1881 4171 2052 4241 patris
2075 4171 2483 4241 nuncupatione
2505 4172 2752 4241 pollere:
2781 4172 2927 4241 quod
2952 4187 3063 4227 non
3110 4187 3175 4229 ex
3226 4173 3323 4227 viri
3366 4188 3455 4227 se-

1881 4263 2067 4325 mine,
2119 4261 2215 4317 sed
2258 4260 2326 4317 de
2372 4260 2579 4328 Spiritu
2631 4270 2844 4322 sancto,
2892 4260 3121 4329 innupta
3161 4276 3226 4316 ac
3267 4274 3455 4315 sancta

1880 4351 2047 4422 Virgo
2105 4351 2466 4421 concepisset.
2531 4350 2898 4417 Quamobrem
2952 4351 3147 4406 relicto
3218 4351 3453 4421 Symeon

1881 4444 2195 4500 existimato
2220 4458 2285 4498 ac
2317 4442 2541 4499 nomine
2595 4452 2760 4498 tenus
2806 4450 2989 4513 patre,
3022 4441 3091 4496 ad
3121 4456 3305 4497 veram
3341 4441 3454 4494 Ma-

203 4542 449 4596 ταλιπὼν
479 4544 508 4595 6
540 4539 764 4609 Συμεὼν
790 4540 881 4593 τὸν
908 4538 1125 4609 δοκήσει
1156 4538 1250 4591 καὶ
1284 4538 1511 4608 ὀνόματι
1539 4537 1775 4608 πατέρα,

1883 4546 2021 4592 trem
2049 4549 2356 4592 sermonem
2396 4534 2688 4599 convertit,
2717 4535 2906 4591 dicens
2938 4550 2953 4588 :
2988 4533 3125 4590 Ecce
3148 4536 3231 4589 hic
3258 4536 3456 4602 positus

205 4632 345 4703 πρὸς
376 4631 477 4701 τὴν
512 4630 686 4700 ἀληθῆ
731 4628 944 4699 μητέρα
990 4629 1116 4691 τοὺς
1145 4628 1333 4695 λόγους
1366 4629 1660 4697 πεποίηται
1688 4627 1778 4681 λέ-

204 4741 319 4790 γων
338 4738 356 4754 ·
400 4721 546 4776 Ἰδοὺ
576 4716 757 4787 οὗτος
784 4718 971 4773 κεῖται
996 4721 1085 4783 εἰς
1112 4717 1345 4772 πτῶσιν
1388 4719 1489 4771 καί
1514 4717 1781 4773 ἀνάσταο

202 4831 311 4867 σιν
367 4811 614 4867 πολλῶν
659 4811 729 4864 ἐν
785 4808 868 4875 τῷ
930 4808 1202 4877 Ἰσραήλ·
1258 4809 1357 4861 καὶ
1400 4811 1489 4874 εὶς
1531 4808 1783 4878 σημεῖον

200 4903 704 4973 ἀντιλεγόμενον·
752 4903 833 4965 είς
870 4900 1079 4955 πτῶσιν
1120 4900 1222 4970 μὲν
1248 4901 1358 4953 τῶν
1391 4901 1661 4965 ἀπίστων,
1703 4901 1786 4964 εἰς

201 4995 502 5049 ἀνάστασιν
540 4993 598 5047 δὲ
645 4992 752 5045 τῶν
805 4992 1171 5047 πιστευόντων
1202 5009 1216 5023 ·
1278 4993 1338 5044 οὺ
1396 4992 1490 5046 τοῦ
1543 4992 1777 5063 βρέφους

201 5088 376 5143 αίτίου
402 5086 698 5155 γενομένου
724 5087 834 5147 τοῖς
866 5085 967 5155 μὲν
1003 5083 1290 5151 πτώσεως,
1318 5087 1432 5148 τοῖς
1457 5084 1517 5141 δὲ
1546 5086 1781 5140 ἀναστά-

203 5202 366 5248 σεως,
411 5184 547 5238 ἀλλά
583 5181 685 5250 τῆς
729 5181 936 5246 οἰκείας
986 5181 1220 5235 ἑκάστου
1269 5180 1663 5250 προαιρέσεως.
1706 5180 1782 5243 ὡς

203 5278 353 5329 ἔστιν
398 5276 462 5328 ἑκ
529 5274 741 5327 πολλῶν
796 5274 1107 5345 μαρτυριῶν
1149 5272 1240 5326 τὸν
1297 5272 1458 5341 λόγον
1507 5272 1783 5326 πιστώσαο

205 5369 352 5422 σθαι.
390 5367 471 5420 Τά
504 5368 603 5438 μὲν
649 5366 744 5420 οὖν
787 5366 968 5437 πλήθη
1014 5365 1123 5419 τῶν
1170 5364 1464 5430 Ἰουδαίων,
1515 5364 1782 5435 βλέποντα

200 5462 302 5525 τὰς
329 5459 618 5529 γινομένας
648 5457 1118 5528 θαυματουργίας,
1142 5456 1219 5527 τῷ
1246 5457 1456 5526 Σωτῆρι
1487 5456 1781 5526 προσέτρεο

201 5566 327 5622 χον·
377 5550 426 5602 oi
489 5548 545 5601 δὲ
599 5548 815 5618 ἀνόητοι
860 5547 1136 5617 ἀρχιερεῖς
1188 5546 1403 5613 ελεγον·
1465 5544 1781 5615 Δαιμόνιον

198 5646 329 5712 ἔχει
350 5659 364 5673 ο
410 5641 468 5693 τί
492 5641 740 5695 ἀκούετε
761 5638 991 5701 αὐτοῦς
1021 5632 1149 5708 Ἆρ’
1180 5639 1277 5708 οὐχ
1302 5639 1350 5690 οῖ
1389 5638 1487 5708 μὲν
1517 5637 1783 5702 ἑκουσίως

299 5818 345 5848 ³⁸
366 5814 499 5867 Dan.
533 5828 626 5873 vn,
656 5810 744 5864 δί.
818 5811 863 5841 ’⁷
894 5809 1053 5863 Joan.
1084 5827 1157 5875 tv,
1183 5809 1272 5865 ‘22.
1350 5811 1394 5843 "
1418 5810 1546 5865 ibid.
1576 5812 1667 5867 55.
1744 5813 1777 5844 ”

1878 5810 2009 5867 sttit.
2035 5826 2072 5876 ι,
2106 5809 2197 5865 20.

420 5905 685 5965 Parnm.
732 5902 850 5962 Gn.
903 5900 1105 5963 XCIII.

1876 4641 1955 4686 est
2003 4630 2061 4683 in
2107 4630 2321 4683 ruinam
2385 4639 2433 4683 et
2481 4630 2541 4683 in
2586 4629 3017 4685 resurrectionem
3061 4628 3345 4689 multorum
3403 4629 3458 4681 in

1883 4722 2085 4787 Israel,
2117 4732 2165 4776 et
2198 4723 2255 4776 in
2280 4721 2489 4793 signum
2510 4759 2529 4784 ,
2570 4722 2655 4774 cui
2699 4721 3107 4775 eontradicetur.
3140 4720 3200 4777 In
3242 4720 3458 4776 ruinam

1881 4814 2104 4884 quidem
2182 4828 2293 4869 non
2377 4811 2778 4878 credentium;
2863 4811 2919 4866 in
3000 4811 3455 4867 resurrectionem

1884 4915 2068 4959 autem
2143 4902 2509 4959 credentium.
2597 4900 2719 4957 Non
2795 4910 3053 4972 tanquam
3133 4917 3268 4971 puer
3344 4901 3461 4971 ipse

1882 5011 2048 5051 causa
2088 4994 2307 5050 futurus
2330 5004 2510 5059 esset,
2559 5008 2665 5064 qua
2698 4992 2872 5049 ruina
2907 4993 3061 5058 aliis,
3096 5009 3203 5062 qua
3228 4993 3349 5050 aliis
3378 5010 3463 5049 re—

1882 5082 2264 5149 surrectionis,
2304 5082 2397 5137 sed
2437 5084 2655 5153 prepria
2684 5083 2951 5152 cujusque
2998 5084 3270 5145 voluntas,
3316 5093 3375 5141 ut
3405 5094 3461 5140 ct

1886 5175 2074 5230 multis
2107 5174 2437 5230 testimoan
2480 5175 2609 5231 licet
2651 5175 2904 5245 probare.
2958 5174 3097 5231 Nam
3150 5177 3456 5233 Judteorum

1885 5266 2104 5337 quidem
2140 5265 2354 5337 vulgus,
2398 5280 2529 5322 eum
2554 5266 2813 5322 miracula
2838 5282 2959 5337 quin
2985 5267 3205 5333 ﬁebant,
3247 5268 3457 5337 aspice-

1854 5426 1857 5429 ν
1888 5368 2030 5425 rent,
2062 5358 2129 5412 ad
2172 5358 2509 5415 Salutarem
2541 5358 2904 5414 accurrebant
2932 5376 2946 5413 :
2977 5369 3032 5413 at
3076 5359 3228 5415 stulti
3274 5358 3457 5428 ponti-

1888 5451 2018 5506 ﬁces
2040 5450 2297 5506 dicebant
2329 5469 2343 5505 :
2380 5449 2713 5507 ﬂamonium
2742 5450 2896 5504 habet
2924 5450 2965 5481 ³⁸
2995 5466 3007 5501 :
3035 5449 3174 5514 Quid
3203 5464 3327 5503 eum
3354 5464 3458 5503 au-

1886 5541 2055 5597 ditis?
2086 5556 2267 5598 nonne
2297 5542 2476 5611 itaque
2508 5541 2562 5596 hi
2591 5541 2812 5610 quidem
2835 5548 3029 5610 sponte
3062 5540 3453 5610 resurgebant;

1891 5634 2054 5703 hique
2093 5633 2329 5689 vicissim
2353 5631 2556 5688 nedum
2588 5631 2692 5701 ipsi
2716 5631 2992 5687 voluntate
3014 5631 3300 5698 cadebant,
3326 5631 3458 5701 quin

2302 5807 2430 5863 ibid.
2470 5806 2558 5861 51.
2639 5809 2677 5840 ³¹
2708 5807 2898 5863 Matth.
2927 5824 2989 5872 tt,
3016 5807 3104 5863 18.

3063 5900 3141 5959 50
