4058 6396
625 386 762 451 1579

1611 388 1920 452 LEONTII
1951 388 2463 451 NEAPOLITANI
2500 387 2844 451 EPISCOPI

3742 388 3878 457 1580

622 508 678 552 et
700 496 837 551 alios
876 494 1081 565 pariter
1107 494 1161 551 in
1193 494 1404 550 ruinam
1434 496 1823 567 impellebant?
1863 497 1998 553 Item
2020 513 2187 553 camus

2297 497 2604 565 ἀνίσταντο,
2653 497 2702 551 οί
2747 496 2805 550 δὲ
2851 496 3116 561 ἑκουσίως
3158 496 3221 551 ού
3257 497 3420 570 μόνον
3456 498 3711 565 ἔπιπτον,
3742 504 3873 556 ἀλλὰ

622 604 748 645 cum
779 588 1042 643 miraculo
1069 588 1206 643 lucis
1236 603 1455 644 usuram
1504 589 1837 658 recepisset,
1886 588 2007 658 ejus
2034 630 2049 655 ,
2100 589 2194 659 qui

622 680 890 738 beneﬁcio
926 679 1282 751 impertiisset
1326 678 1783 751 magniﬁcentiam
1829 688 1982 750 grato
2013 679 2196 734 animo

618 772 953 843 praedicabat
980 791 992 828 :
1021 772 1325 844 praefractae
1375 789 1510 829 vero
1539 772 1782 828 audaciae
1814 772 2099 843 pontiﬁces
2131 786 2196 827 ac

621 865 873 922 seniores
900 906 915 929 .
965 866 1260 921 dicebant:
1292 866 1375 920 Da
1424 866 1652 936 gloriam
1678 865 1785 920 Deo
1812 880 1830 919 :
1856 881 1948 919 nos
2001 866 2194 919 scimus

509 968 517 975 ‘
620 959 748 1030 quia
777 957 862 1012 hic
888 957 1039 1012 homo
1061 966 1303 1025 peccator
1335 966 1409 1012 est
1440 958 1508 1014 ³³.
1549 956 1656 1012 Sed
1685 966 1740 1011 et
1769 956 1968 1012 iterum
2004 955 2061 1011 in
2086 955 2195 1010 ﬁlia

620 1048 1055 1121 arcbisynagogi,
1086 1056 1239 1117 pater
1268 1048 1510 1118 quidem,
1545 1047 1651 1104 ﬁde
1678 1048 1964 1114 trahente,
2008 1048 2195 1104 Jesum

620 1141 855 1198 accersit
888 1140 967 1207 ³³;
997 1151 1255 1196 caeterum
1285 1155 1408 1195 eum
1428 1138 1550 1195 Vita
1575 1140 1863 1211 perspicue
1883 1139 2068 1205 sciret,
2095 1155 2195 1196 suo

619 1235 861 1289 adventu
898 1241 1130 1290 mortem
1188 1233 1243 1288 in
1296 1232 1478 1305 fugam
1525 1233 1842 1289 vertendam
1874 1274 1891 1298 ,
1940 1247 2194 1288 somnum

618 1325 912 1397 appellavit
948 1335 1216 1391 mortem;
1252 1340 1363 1380 non
1416 1333 1597 1380 autem
1646 1336 1879 1381 mortem
1914 1333 2009 1379 :at
2043 1324 2193 1379 stulti

621 1419 698 1473 illi
766 1418 906 1473 nihil
956 1418 1209 1473 deridere
1238 1416 1570 1472 verebantur
1597 1432 1756 1483 eum,
1807 1418 1900 1488 qui
1961 1425 2192 1473 mortem

619 1508 837 1582 iugans,
870 1508 1081 1565 reducit
1113 1508 1180 1563 ad
1212 1507 1402 1562 vitam.
1460 1506 1703 1577 Denique
1740 1506 1796 1561 in
1830 1508 1943 1578 ipsa
1972 1508 2192 1562 salutari

615 1610 815 1665 morte,
844 1600 980 1655 alter
999 1600 1218 1671 quidem
1248 1598 1524 1653 latronum
1558 1598 1923 1669 exprobrabat
1960 1599 2149 1654 dicens
2175 1617 2189 1654 :

616 1691 677 1747 Si
708 1692 877 1747 Filius
919 1691 1018 1746 Dei
1069 1709 1143 1756 es,
1176 1692 1382 1746 saluum
1414 1692 1499 1763 {ac
1529 1692 1857 1760 temetipsum
1892 1700 1941 1745 et
1986 1708 2078 1745 nos
2105 1692 2189 1759 ”;

617 1800 648 1837 e
676 1792 866 1839 contra
896 1797 1027 1839 vero
1058 1782 1214 1845 alter,
1246 1782 1480 1836 alterum
1504 1822 1519 1847 ,
1552 1790 1613 1836 ut
1641 1796 1741 1851 par
1765 1789 1903 1844 erat,
1937 1780 2193 1851 increpa-

2295 588 2394 642 καὶ
2437 588 2660 656 ἑτέρους
2706 588 2787 652 είς
2833 587 2895 641 τδ
2944 588 3147 658 πτῶμα
3192 590 3573 657 συνείλκοντος
3631 592 3805 646 Πάλιν
3844 598 3871 648 6

2294 680 2517 750 τυφλὸς,
2556 679 2879 750 παραδόξως
2909 681 3005 734 τοῦ
3051 683 3228 751 φωτός
3259 683 3599 746 ἀπολαύσας,
3648 684 3748 754 τὴν
3778 686 3872 740 τοῦ

2295 770 2585 841 εὐεργέτου
2644 769 3046 841 μεγαλειότητα
3090 771 3433 843 εὐχαριστῶν
3466 775 3871 845 ἀνεκήρυττεν·

2295 860 2411 916 ἀλλ’
2438 861 2489 914 οἱ
2514 859 2814 930 πάντολμοι
2834 862 3111 933 ἀρχιερεῖς
3136 865 3232 916 καὶ
3258 863 3628 936 πρεσϐύτεροι
3656 866 3838 936 ἔλεγον
3857 886 3871 900 ο

2295 954 2407 1022 Δὸς
2434 953 2623 1019 δόξαν
2662 952 2744 1020 τῷ
2771 954 2894 1021 Θεῷ
2913 970 2929 986 ⁸
2968 954 3145 1025 ἡμεῖς
3176 957 3424 1026 οιδαμεν
3459 958 3554 1012 ὅτι
3583 962 3619 1013 ό
3654 961 3871 1029 ἀνθρω-

2296 1062 2409 1113 πος
2448 1041 2628 1113 οὗτος
2662 1046 3011 1116 ἁμαρτωλός
3036 1048 3226 1105 ἐστιν.
3261 1050 3369 1104 Καὶ
3400 1047 3561 1116 αὖθις
3591 1052 3651 1106 δὲ
3685 1053 3779 1107 ἐπὶ
3806 1058 3867 1126 τῇ

2296 1138 2532 1210 θυγατρὶ
2585 1137 2679 1192 τοῦ
2749 1138 3237 1211 ἀρχισυναγώγου,
3288 1142 3319 1195 6
3377 1142 3481 1213 μὲν
3540 1145 3729 1216 πατὴρ
3779 1149 3869 1217 τῆς

2295 1231 2464 1301 κόρης
2491 1229 2673 1285 πίστει
2704 1230 3018 1301 ἑλκόμενος,
3051 1230 3145 1285 τὸν
3182 1232 3390 1304 Ἰησοῦν
3422 1239 3867 1306 μεταπέμπεταιο

2296 1322 2486 1391 σαφῶς
2532 1322 2591 1376 δὲ
2638 1323 2980 1393 γινώσκουσα
3031 1324 3064 1394 ἡ
3109 1324 3245 1397 ζωὴ,
3291 1324 3368 1389 ὡς
3415 1325 3507 1380 διὰ
3558 1326 3666 1395 τῆς
3715 1328 3868 1381 αὑτῶ

2295 1415 2598 1487 παρουσίας
2629 1414 2986 1487 δραπετεύσει
3028 1416 3059 1468 6
3090 1415 3339 1480 θάνατος,
3388 1416 3561 1470 ὕπνον
3608 1419 3869 1472 ἀπεκάλει

2292 1505 2355 1558 τὸ
2398 1503 2596 1571 πάθος,
2641 1505 2735 1559 καὶ
2772 1506 2894 1576 ούχὶ
2941 1505 3198 1560 θάνατον’
3246 1508 3298 1561 οί
3343 1508 3399 1561 δὲ
3437 1508 3664 1580 ἀνόητοι
3708 1510 3867 1575 δντες,

2294 1595 2605 1668 καταγελᾷν
2633 1596 2695 1650 οὐ
2725 1597 3088 1668 παρῃτοῦντο,
3138 1598 3234 1652 τοῦ
3283 1599 3376 1654 τὸν
3410 1600 3651 1656 θάνατον
3703 1621 3870 1673 φυγα-

2291 1687 2562 1755 δεύοντος,
2597 1689 2693 1742 καὶ
2724 1689 2862 1760 πρὸς
2889 1688 3036 1759 ζωὴν
3067 1691 3455 1760 ἐπανάγοντος.
3500 1695 3615 1747 Καὶ
3646 1696 3706 1749 έν
3734 1696 3872 1763 αὐτῷ

2291 1778 2349 1831 δὲ
2382 1778 2461 1849 τῷ
2509 1779 2765 1850 σωτηρίῳ
2804 1778 3042 1850 σταυρῷ,
3086 1782 3116 1834 6
3155 1781 3256 1851 μὲν
3284 1781 3396 1836 τῶν
3431 1784 3654 1855 λῃστῶν
3684 1785 3868 1839 όνειὸξο

617 1877 709 1931 bat
739 1894 753 1931 :
784 1885 946 1946 atque
984 1875 1053 1929 ad
1100 1874 1391 1930 Dominum
1436 1887 1735 1929 conversus
1774 1873 2035 1929 dicebat:
2074 1873 2187 1928 Me-

2292 1868 2402 1931 ζων
2426 1868 2611 1938 ἔλεγεν
2675 1871 2744 1923 El
2779 1869 2912 1936 Υιὸς
2941 1865 3002 1928 εἷ
3029 1870 3136 1925 τοῦ
3168 1870 3339 1939 Θεοῦ,
3371 1871 3584 1927 σῶσον
3617 1878 3872 1930 σεαυτὸν

614 1975 792 2021 mento
847 1967 949 2019 mei
997 1981 1116 2019 cum
1167 1964 1367 2019 veneris
1419 1965 1477 2018 in
1514 1980 1731 2034 regnum
1777 1973 1943 2018 tuum.
1982 1964 2189 2019 Idcirco

614 2058 833 2124 merito,
878 2058 1014 2129 grati
1063 2056 1233 2111 animi
1277 2055 1475 2110 indicis
1518 2054 1878 2110 confessionis
1919 2055 2187 2126 ejusmodi

614 2146 862 2217 praemio,
899 2145 1211 2216 paradisum
1249 2145 1437 2200 refert.
1474 2143 1640 2200 Vides
1694 2153 1755 2199 ut
1799 2145 2078 2201 voluntate
2119 2160 2186 2201 ex

615 2239 936 2295 inﬁdelitate
966 2238 1199 2305 cadant;
1234 2246 1403 2308 utque
1441 2251 1510 2291 ex
1552 2236 1660 2291 ﬁde
1691 2236 1970 2292 voluntate
2008 2252 2189 2295 resur-

614 2330 781 2404 gant?
829 2330 1100 2386 Caeterum
1150 2328 1254 2383 alia
1297 2344 1516 2399 quoque
1571 2327 1783 2383 ratione
1836 2328 2057 2399 impleta
2104 2338 2187 2384 est

615 2422 891 2479 Simeonis
922 2421 1230 2494 prophetia.
1265 2420 1563 2476 Salvatoris
1587 2434 1824 2490 namque
1851 2418 2188 2491 dispensatio

613 2515 667 2568 in
697 2528 862 2569 carne
882 2553 897 2577 ,
942 2512 1161 2568 diabolo
1189 2511 1410 2581 quidem
1440 2510 1543 2565 fuit
1568 2510 1760 2577 ruina,
1790 2524 1855 2564 ac
1891 2508 2187 2565 immundis

613 2605 732 2675 ejus
764 2604 1087 2676 spiritibus:
1116 2603 1450 2658 resurrectio
1478 2610 1659 2657 autem
1682 2602 1770 2667 iis,
1788 2614 1927 2672 quos
1946 2600 2036 2656 ille
2058 2616 2187 2671 pro-

610 2696 869 2768 ﬂigasset,
903 2711 966 2751 ac
979 2695 1073 2767 qui
1097 2694 1575 2767 mortistyrannidi
1605 2694 1898 2765 mancipati
1931 2693 2183 2748 fuissent.

617 2786 779 2843 Vides
808 2796 867 2841 ut
890 2802 1025 2857 puer
1054 2785 1267 2859 positus
1290 2786 1362 2842 sit
1396 2785 1453 2841 in
1493 2784 1707 2841 ruinam
1739 2792 1796 2840 et
1822 2785 2186 2841 resurrectio-

612 2894 738 2933 nem
768 2877 1105 2933 multorum?
1129 2876 1236 2932 Sed
1258 2885 1315 2931 et
1347 2876 1403 2929 in
1426 2875 1635 2944 signum
1664 2874 1751 2927 cui
1775 2874 2183 2930 contradicetur.

613 2970 752 3026 lluie
793 2986 1011 3042 quoque
1042 2970 1374 3025 convenient
1403 2967 1550 3022 dicta
1594 2967 1867 3039 superius.
1905 2966 2041 3021 Nam
2092 2967 2185 3037 qui

612 3076 721 3116 non
753 3061 1005 3124 credunt,
1034 3059 1259 3115 omnino
1279 3056 1663 3113 contradicunt
1693 3075 1707 3111 :
1736 3056 1828 3127 qui
1855 3064 2036 3111 autem
2063 3071 2186 3111 cre-

610 3154 768 3219 dunt,
787 3152 947 3223 plane
981 3149 1375 3207 assentiuntur.
1401 3148 1536 3203 Item
1563 3147 1942 3203 contradicunt
1960 3162 2186 3217 perver-

2294 1958 2395 2013 καὶ
2434 1958 2627 2029 ἡμᾶς’
2655 1962 2685 2014 ὁ
2710 1960 2769 2014 δὲ
2816 1961 3129 2015 τούναντίον
3174 1962 3368 2035 ἐκείνῳ
3410 1966 3512 2034 μὲν
3540 1967 3871 2038 ἑπετίμηωεν

2293 2049 2365 2105 τὰ
2406 2050 2635 2104 δέονταο
2682 2052 2945 2122 στραφεὶς
2982 2052 3040 2105 δὲ
3087 2053 3227 2125 πρὸς
3258 2054 3350 2109 τὸν
3394 2055 3624 2127 Κύριον,
3656 2058 3869 2126 ἔλεγεν·

2292 2140 2613 2210 Μνήσθητί
2640 2160 2783 2212 μου,
2817 2143 2964 2197 ὅταν
2993 2144 3178 2214 ἔλθῃς
3205 2145 3277 2200 ἐν
3298 2144 3374 2215 τῇ
3413 2147 3707 2216 ,ϐασιλείᾳ
3734 2167 3868 2203 σου.

2295 2235 2459 2289 Ὅθεν
2496 2236 2721 2301 δικαίως
2750 2237 2860 2292 τῶν
2886 2240 2987 2311 τῆς
3028 2240 3451 2313 εὐγνωμοσύνης
3498 2243 3671 2297 αὐτοῦ
3704 2247 3875 2315 ρημά.

2293 2345 2402 2381 των
2430 2327 2720 2399 κομίζεται
2749 2330 2843 2384 τὸν
2872 2331 3222 2402 παράδεισον.
3260 2332 3490 2398 Βλέπεις
3520 2336 3791 2400 ἑκουσίως
3818 2337 3872 2402 ἐξ

2292 2417 2548 2482 ἀπιστίας
2580 2418 2900 2485 πίπτοντας.
2947 2421 3041 2475 καὶ
3080 2423 3345 2488 ἑκουσίως
3381 2426 3781 2497 ἀνισταμένους
3810 2429 3870 2481 ἑκ

2292 2510 2562 2578 πίστεως;
2605 2512 2756 2582 Πλὴν
2786 2514 2883 2567 καὶ
2931 2513 3137 2585 ἑτέρως
3183 2518 3216 2586 ἡ
3262 2520 3573 2591 προφητεία
3624 2520 3725 2573 τοῦ
3770 2522 3867 2573 Συ-

2296 2599 2443 2673 μεὼν
2461 2602 2841 2674 πεπλήρωται.
2880 2603 2943 2658 Ἦ
2968 2604 3078 2676 γὰρ
3110 2604 3207 2659 τοῦ
3240 2607 3493 2679 Σωτῆρος
3519 2609 3663 2663 κατά
3697 2612 3868 2682 σάρκα

2292 2692 2599 2764 οἰκονομία,
2646 2693 2854 2758 πτῶσις
2904 2695 3004 2765 μὲν
3067 2695 3147 2767 τῷ
3194 2696 3427 2769 διαϐόλῳ
3489 2700 3725 2768 γέγονεν
3780 2703 3869 2756 καὶ

2290 2785 2405 2847 τοῖς
2442 2783 2781 2855 ἀκαθάρτοις
2826 2786 3111 2859 δαίμοσιν,
3165 2788 3463 2855 ἀνάστασις
3520 2792 3578 2845 δὲ
3622 2793 3736 2847 τῶν
3782 2796 3871 2848 ὑπ’

2292 2872 2457 2927 αὑτοῦ
2504 2874 3020 2946 καταϐεϐλημένων,
3062 2878 3157 2931 καὶ⁸
3208 2878 3315 2932 ὑπὸ
3359 2879 3459 2951 τὴν
3494 2882 3589 2937 τοῦ
3640 2883 3869 2938 θανάτου

2290 2966 2582 3037 τυραννίδα
2660 2969 3069 3041 γεγενημένων.
3126 2971 3359 3036 Βλέπεις
3417 2973 3536 3038 πῶς
3582 2976 3767 3029 κεῖται
3810 2978 3869 3029 τὸ

2293 3056 2494 3129 βρέφος
2541 3059 2624 3122 είς
2690 3059 2902 3114 πτῶσιν
2944 3062 3042 3116 καὶ
3092 3062 3392 3118 ἀνάστασιν
3446 3065 3691 3133 πολλῶν;
3736 3068 3870 3121 ἀλλά

2290 3150 2392 3206 και
2436 3154 2525 3218 εις
2562 3152 2821 3221 σημεῖον
2846 3154 3335 3225 ἀντιλεγόμενον.
3385 3158 3497 3212 Καὶ
3536 3159 3633 3211 ἐπὶ
3679 3160 3868 3213 τούτου

610 3261 792 3299 sarum
814 3244 1083 3300 haeresum
1106 3241 1439 3305 inventores,
1464 3240 1667 3311 quique
1699 3249 1903 3296 temere
1931 3240 2183 3294 incarna-

2288 3242 2341 3297 δὲ
2390 3243 2687 3314 ἀρμόσειεν
2744 3243 2816 3298 τὰ
2858 3244 3118 3318 ἀνωτέρω
3176 3247 3430 3318 ῥηθέντα.
3490 3250 3557 3302 οι
3613 3251 3717 3320 μὲν
3765 3252 3866 3323 γάρ

613 3337 775 3393 tionis
795 3335 1134 3409 mysterium,
1152 3348 1216 3389 ac
1229 3347 1391 3389 secus
1410 3347 1474 3387 ac
1490 3332 1707 3398 habeat,
1726 3330 2178 3401 interpretantur.

2288 3331 2666 3399 ἀπιστοῦντες,
2697 3332 3039 3404 ἀντιλέγουσι
3056 3336 3275 3400 παντως
3292 3353 3307 3366 ⁸
3329 3338 3378 3391 οἱ
3406 3337 3464 3391 δὲ
3490 3339 3863 3403 πιστεύοντες,

608 3431 851 3502 δηλονότι.
880 3426 1383 3500 συγκατατίθενται.
1428 3424 1795 3496 Ἀντιλέγουσι
1842 3423 1923 3492 δὲ,
1973 3424 2068 3480 καὶ
2108 3425 2160 3481 οι
2203 3424 2304 3492 τὰς
2330 3425 2773 3501 διεστραμμένας
2814 3428 3140 3500 ἐφευρόντες
3183 3428 3445 3501 αἱρέσεις,
3477 3428 3650 3501 ἄλλην
3695 3431 3864 3499 ἄλλως

609 3525 1117 3599 παρερμηνεύοντες
1143 3524 1206 3577 τὸ
1240 3523 1342 3593 τῆς
1369 3520 1682 3593 οἰκονομίας
1713 3521 2030 3593 μυστήριον.

685 3619 750 3675 Et
782 3628 927 3671 tuam
958 3617 1122 3685 ipsius
1154 3616 1416 3680 animam,
1450 3613 1659 3683 inquit,
1686 3612 2028 3684 pertransibit
2058 3612 2180 3685 gla-

602 3713 743 3764 dius.
765 3706 1014 3763 Gladium
1034 3722 1217 3777 porro,
1239 3720 1361 3760 eam
1380 3705 1758 3776 probationem
1774 3704 1883 3761 dici
1904 3705 2180 3772 existimo,

607 3819 730 3874 quze
762 3817 830 3858 ex
865 3800 1085 3855 tristitia
1131 3800 1185 3855 in
1239 3813 1401 3854 cruce
1446 3806 1646 3853 saneta:
1679 3798 1883 3870 Virgini
1930 3802 2180 3859 accessit.

601 3892 937 3951 'l‘ertransiit
958 3892 1104 3946 enim
1134 3905 1255 3945 eam
1281 3891 1400 3945 sine
1423 3890 1645 3945 laesione
1672 3890 1824 3946 velut
1850 3892 2050 3960 obiter,
2072 3909 2181 3949 non

606 3986 822 4059 gravius
856 3984 1127 4039 saucians.
1163 3981 1227 4037 Et
1256 4000 1269 4035 :
1302 3982 1365 4038 Ut
1394 3982 1687 4036 revelentur
1706 3999 1770 4037 ea:
1798 3984 1979 4038 multis
2011 3987 2181 4040 cordi-

608 4082 702 4131 bus
719 4075 1082 4148 cogitationes.
1110 4073 1366 4129 Omnium
1389 4074 1536 4129 enim
1555 4076 1912 4147 cogitationes
1929 4077 2179 4133 salutaris

609 4165 822 4219 Domini
846 4163 1047 4235 passio,
1081 4163 1399 4234 probatione
1428 4164 1705 4220 revelavit.
1738 4164 1873 4220 Nam
1896 4166 1935 4221 ii
1955 4166 2174 4236 quidem

606 4258 697 4328 qui
749 4257 973 4311 ﬁrmiter
1018 4255 1347 4319 credebant,
1391 4269 1704 4325 quanquam
1748 4254 1889 4311 forte
1935 4254 2177 4312 humano

608 4364 760 4403 more
799 4348 1000 4403 turbati
1036 4347 1295 4411 fuerunt,
1330 4346 1475 4401 haud
1509 4355 1690 4401 tamen
1724 4346 1946 4418 penitus
1978 4347 2175 4417 despe-

606 4449 835 4506 rarunt;
868 4439 1263 4510 exspectabant
1299 4437 1572 4507 siquidem
1606 4436 1905 4493 Salvatoris
1931 4452 2179 4493 resurre-

606 4534 883 4598 ctionem;
917 4532 1068 4586 velut
1096 4530 1358 4585 nimirum
1408 4530 1689 4595 mulieres,
1744 4546 1865 4600 quae
1911 4540 2181 4586 venerunt

606 4626 675 4680 ad
702 4632 1140 4687 monumentum,
1163 4636 1227 4677 ac
1247 4621 1417 4677 divini
1442 4620 1695 4692 discipuli
1720 4639 1735 4676 :
1757 4622 1851 4692 qui
1880 4630 2061 4677 autem
2086 4622 2181 4677 ha-

605 4714 812 4769 bebant
844 4711 1004 4767 {idem
1036 4712 1389 4780 titubantem,
1417 4712 1567 4766 velut
1595 4711 1848 4769 seminati
1880 4725 2046 4782 supra
2080 4728 2180 4781 pe-

608 4815 776 4870 trosa,
820 4818 933 4858 non
962 4802 1208 4859 ferentes
1239 4802 1601 4858 tentationum
1629 4810 1845 4866 aestum,
1871 4803 1993 4858 illas
2032 4803 2181 4874 ipsas

2350 3614 2460 3669 Καὶ
2503 3614 2622 3669 σοῦ
2658 3615 2722 3670 δὲ
2756 3615 2950 3684 αὐτῆς
2978 3616 3095 3684 τὴν
3126 3617 3362 3687 ψυχὴν,
3396 3621 3587 3691 φησὶν,
3635 3620 3860 3676 διελεύ-

2280 3725 2452 3763 σεται
2484 3710 2771 3779 ῥομφαία.
2786 3708 3096 3780 Ῥομφαίαν
3145 3710 3203 3764 δὲ
3248 3705 3407 3782 οἶμαι
3456 3712 3736 3781 λέγεσθαι,
3769 3717 3859 3781 τὴν

2281 3800 2374 3853 ἐπὶ
2401 3799 2496 3853 τοῦ
2527 3799 2760 3868 σταυροῦ
2784 3799 3087 3870 γενομένην
3110 3802 3178 3871 τῇ
3208 3801 3343 3872 ἁγία
3375 3802 3643 3874 Παρθένῳ
3664 3804 3752 3857 διὰ
3770 3803 3862 3871 τῆς

2287 3892 2467 3963 λύπης
2494 3892 2840 3964 δοκιμασίαν.
2869 3891 3099 3962 Διῆλθεν
3145 3894 3256 3964 γὰρ
3288 3894 3460 3965 αὐτὴν
3505 3894 3764 3959 ἀϐλαϐῶς
3790 3894 3863 3958 ὡς

2286 3984 2346 4039 ἑν
2376 3983 2617 4055 παρόδῳ,
2656 3984 2730 4055 μὴ
2762 3982 3032 4056 πλήξασα.
3083 3984 3425 4052 Καὶ,’οπως
3448 3986 3519 4039 δὲ
3555 3988 3861 4041 ἀποκαλυ-

2285 4074 2520 4143 φθῶσιν
2538 4076 2612 4132 ἐκ
2638 4076 2887 4131 πολλῶν
2910 4077 3172 4147 καρδιῶν
3198 4078 3603 4148 διαλογισμοί.
3644 4082 3861 4135 Πάντων

2282 4169 2391 4239 γὰρ
2421 4169 2547 4233 τοὺς
2569 4168 2863 4240 λογισμοὺς
2895 4168 2959 4223 τδ
2998 4171 3265 4242 σωτήριον
3295 4170 3468 4234 πάθος
3496 4170 3596 4224 τοῦ
3633 4172 3860 4243 Κυρίου,

2271 4262 2679 4332 δοκιμαστικῶς
2706 4261 3062 4332 ἑξεκάλυψεν.
3094 4264 3159 4317 Di
3200 4264 3302 4333 μὲν
3325 4263 3437 4336 γὰρ
3464 4263 3860 4334 βεϐαιόπιστοι,

2274 4353 2324 4405 εἰ
2370 4352 2467 4406 καὶ
2516 4352 2676 4423 τυχὸν
2719 4352 2795 4416 ῶς
2840 4354 3117 4422 ἄνθρωποι
3160 4352 3560 4425 ἑκλονήθησαν,
3619 4355 3737 4409 ἀλλ’
3766 4357 3861 4411 οὐκ

2275 4443 2595 4514 ἀπήλπισαν
2622 4442 2922 4511 παντελῶς.
2942 4444 3058 4498 Ἀνέ
3066 4462 3226 4515 μενον
3247 4444 3357 4518 γὰρ
3378 4445 3480 4516 τὴν
3493 4445 3595 4499 τοῦ
3611 4447 3859 4519 Σωτῆρος

2276 4535 2610 4591 ἀνάστασινο
2646 4536 2901 4609 καθάπερ
2933 4537 3129 4608 ἀμέλει
3181 4538 3245 4590 ατ
3285 4554 3347 4591 τε
3393 4541 3658 4607 γυναῖκες
3699 4542 3758 4593 αι
3802 4542 3858 4593 τὸ

2288 4628 2481 4701 μνῆμα
2507 4629 2937 4694 καταλαϐοῦσαι,
2973 4630 3067 4683 καὶ
3107 4632 3158 4683 oi
3187 4630 3464 4684 θεσπέσιοι
3500 4631 3765 4702 μαθηταί.
3797 4635 3856 4684 οξ

2283 4720 2341 4773 δὲ
2387 4721 2816 4794 πεπλανημένην
2863 4723 2964 4792 τὴν
3014 4722 3197 4776 πίστιν
3246 4723 3481 4793 ἔχοντες,
3512 4724 3769 4794 καθάπερ
3810 4726 3855 4776 οἱ

2282 4813 2374 4865 ἐπὶ
2400 4813 2471 4867 τὰ
2500 4812 2748 4885 πετρώδη
2780 4814 3083 4884 σπαρέντες
3101 4854 3115 4878 ,
3146 4814 3222 4885 μὴ
3247 4815 3575 4883 ἐνέγκαντες
3602 4817 3716 4870 τῶν
3742 4832 3855 4868 πει-

606 4912 730 4966 qua:
761 4902 1089 4966 supererant
1125 4894 1447 4949 nonnullius
1484 4891 1611 4948 ﬁdei
1656 4892 1932 4961 reliquias,
1967 4895 2182 4966 angusti

2289 4902 2515 4974 ρασμῶν
2557 4902 2651 4957 τὸν
2683 4904 2960 4971 καύσωνα,
3002 4906 3101 4958 καὶ
3147 4904 3177 4957 δ
3221 4901 3367 4975 εἶχον
3402 4908 3603 4977 μικρὸν
3632 4906 3737 4977 τῆς
3770 4906 3857 4959 πί-

609 4984 776 5039 animi
826 4984 960 5039 vitio
994 4983 1324 5039 amiserunt.
1384 4982 1664 5039 Hactenus
1699 4997 1832 5038 vero
1893 4983 2179 5055 Symeonis

609 5075 891 5146 prophetia
926 5074 1087 5130 ﬁnem
1119 5074 1332 5131 habeat.

680 5167 750 5221 Et
780 5168 879 5220 hac
913 5168 1028 5237 ipsa
1059 5168 1211 5234 hora,
1243 5167 1440 5237 inquit,
1466 5168 1829 5239 superveniens
1857 5168 2021 5223 etiam
2051 5184 2177 5237 pra-

592 5262 837 5332 ‘plietissa
869 5260 958 5315 illa
987 5269 1159 5326 casta,
1195 5276 1259 5315 ae
1289 5261 1481 5330 templo
1508 5262 1563 5315 in
1600 5260 1824 5331 jejuniis
1862 5271 1911 5315 et
1943 5262 2183 5316 oratione

608 5354 823 5408 assidua
849 5354 1000 5408 Anna
1022 5394 1037 5417 ,
1082 5366 1312 5420 corpore
1343 5352 1563 5421 quidem
1590 5353 1769 5407 vetula
1790 5392 1807 5418 ,
1851 5359 1907 5406 at
1939 5352 2043 5406 ﬁde
2083 5367 2181 5406 ve-

2285 5010 2458 5056 στεως
2502 4994 2792 5064 λείψανον,
2838 4996 2946 5049 ἀπὸ
2986 4997 3354 5068 μικροψυχίας
3394 4999 3711 5054 ἀπώλεσαν.
3752 5001 3858 5054 Καὶ

2281 5086 2457 5156 πέρας
2491 5085 2591 5155 μὲν
2617 5080 2719 5139 ὧδε
2757 5086 2928 5157 ἐχέτω
2956 5089 2990 5159 ἡ
3025 5086 3122 5140 τοῦ
3145 5088 3372 5159 Συμεὼν
3402 5092 3733 5161 προφητεία.

2357 5176 2523 5247 Λύτῇ
2543 5177 2630 5241 δὲ,
2658 5180 2845 5250 φησὶν,
2875 5178 2948 5247 τῇ
2973 5179 3094 5247 ὥρᾳ
3122 5181 3427 5254 ἐπιστᾶσα
3444 5184 3542 5236 καὶ
3571 5185 3608 5250 ἡ
3635 5184 3858 5252 προφῆ-

2280 5286 2371 5335 τις
2393 5269 2432 5337 ἠ
2458 5267 2730 5339 σώφρων,
2756 5270 2855 5323 καὶ
2898 5272 2965 5325 ἐν
2995 5272 3246 5340 νηστείᾳ
3288 5276 3385 5327 καὶ
3433 5273 3643 5341 δεήσει
3671 5290 3855 5343 προσ-

2285 5361 2657 5431 καρτεροῦσα
2685 5361 2765 5426 τῷ
2792 5362 2919 5427 ναῷ
2952 5363 3161 5416 Ἄννα·
3188 5365 3221 5433 ή
3268 5365 3474 5435 γηραιά
3509 5366 3609 5435 μὲν
3640 5366 3720 5435 τῷ
3750 5364 3855 5417 σώ-

608 5459 727 5518 geta
749 5490 763 5514 ,
794 5447 1025 5500 vicissim
1065 5444 1410 5512 conﬁtebatur
1438 5444 1561 5509 Deo,
1589 5444 1702 5514 ipsa
1735 5458 1953 5515 quoque
1981 5446 2181 5515 gratias

2288 5468 2452 5524 ματι’
2493 5455 2559 5524 τῇ
2605 5453 2660 5506 δὲ
2708 5453 2893 5507 πίστει
2929 5454 3229 5518 νεάζουσαο
3261 5456 3749 5527 ’Δγθωιιολοτεῒτο
3779 5456 3858 5522 τῷ

608 5556 792 5611 agens,
814 5540 961 5611 quod
982 5539 1141 5594 talem
1171 5552 1234 5591 ac
1266 5545 1465 5593 tantam
1492 5537 1717 5609 gratiam
1746 5538 2086 5602 contulisset,
2120 5547 2180 5593 ut

2288 5537 2427 5604 Θεῷ,
2473 5539 2872 5610 εύχαριστοῦσα
2916 5544 3012 5595 καὶ
3058 5542 3198 5616 αὐτη
3248 5544 3523 5615 δηλονότι,
3585 5547 3723 5600 καθὸ
3762 5550 3857 5616 τῆς

608 5639 664 5685 et
701 5634 813 5702 ipsa
847 5632 1056 5687 videret
1081 5630 1358 5685 Christum
1405 5629 1638 5684 Domini.
1696 5627 1802 5684 Sed
1855 5638 1911 5684 et
1939 5629 2075 5685 alios
2106 5631 2177 5685 ad

2288 5631 2535 5702 τοιαύτης
2568 5634 2661 5686 καὶ
2690 5635 2963 5706 τοσαύτης
2998 5634 3201 5708 ἠξιώθη
3245 5637 3500 5709 χάριτος,
3532 5640 3613 5705 είς
3662 5639 3723 5695 τὸ
3766 5641 3857 5695 καὶ

681 5807 724 5837 ³⁸
753 5806 907 5861 Joan.
931 5821 1007 5874 ιιι,
1030 5806 1117 5866 24.
1212 5806 1257 5839 ³³
1284 5805 1447 5862 Marc.
1488 5822 1540 5872 ν,
1574 5806 1665 5862 39.
1740 5806 1786 5839 “
1812 5805 1948 5863 Luc.
1991 5820 2146 5874 χχιιι,
2182 5805 2272 5863 '59.
