4034 6418
183 395 320 461 1581
1135 393 1389 456 SERMO
1431 396 1513 457 IN

1579 398 1880 459 MEDIAM
1940 396 2495 459 PENTECOSTEN.

3312 390 3448 457 1582

178 508 359 578 αὐτὴν
400 504 636 559 κατιδεῖν
682 504 776 557 τὸν
816 502 1053 576 Χριστὸν
1080 506 1309 577 Κυρίου.
1342 508 1453 562 Καὶ
1481 509 1676 574 ἄλλους
1709 511 1767 565 δὲ

1884 511 2014 566 idem
2042 510 2373 582 provocabat
2402 527 2418 561 :
2451 506 2786 577 Leqnebatur
2806 505 2945 560 enim
2974 506 3039 559 de
3069 506 3161 559 illo
3184 508 3471 571 omnibus,‘

178 601 264 662 είς
294 596 457 650 τοῦτο
494 598 529 668 ἡ
562 597 734 651 Ἅννα
764 598 1158 669 προετρέπετο·
1177 598 1415 653 Ἐλάιιει
1442 601 1575 670 γὰρ,
1612 602 1766 672 φησὶ,

177 691 318 759 περὶ
346 687 539 744 αὐτοῦ
571 687 724 743 πᾶσι
758 689 881 755 τοῖς
914 688 1426 760 προσδεχομένοις
1466 694 1772 761 λύτρωσιν

175 782 254 833 ἐν
289 780 711 851 Ἰερουσαλήμ.
756 780 1043 853 Δύτρωσιν
1087 781 1147 835 δὲ
1189 782 1609 855 προσεδέχοντο,
1642 784 1711 855 ἢν
1743 785 1772 838 6

179 872 335 937 θεῖος
352 873 517 928 Δαϐὶδ
545 874 987 944 πρωναμέλπων
1008 875 1276 947 ἐκήρυττε
1306 874 1481 945 λέγων
1498 892 1512 907 ·
1542 878 1772 945 Λύτρω-

176 978 291 1018 σιν
318 964 681 1020 ἀπέστειλεν
708 964 925 1033 Κύριος
952 966 1033 1032 τῷ
1052 966 1180 1033 λαῷ
1203 967 1414 1022 αὑτοῦ.
1445 968 1555 1022 Καὶ
1584 969 1766 1022 πάλιν

192 1054 554 1123 Ἔλυτρώσω
575 1053 777 1122 ῥάϐδῳ
806 1057 1212 1127 κληρονομίαν
1243 1074 1383 1113 σου.
1412 1057 1508 1121 Τίς
1536 1057 1593 1111 δέ
1623 1060 1771 1112 ἐστιν

179 1149 212 1201 6
252 1147 671 1219 λυτρωσάμενος
704 1151 801 1201 καὶ
834 1149 867 1219 ἠ
903 1147 1195 1220 λύτρωσις,
1221 1150 1271 1203 εί
1302 1148 1378 1222 μὴ
1400 1149 1565 1214 αὐτὸς
1592 1151 1625 1202 6
1653 1149 1770 1204 Κύ-

183 1256 308 1310 ριος
358 1238 515 1311 ἡμῶν
547 1238 758 1309 Ἰησοῦς
802 1240 1074 1309 Χριστὸς,
1114 1241 1180 1295 δι’
1205 1235 1268 1295 οὗ
1313 1241 1515 1306 πάντες
1562 1243 1629 1296 ὲκ
1670 1243 1770 1313 τῆς

184 1331 401 1402 πλάνης
428 1330 528 1386 καὶ
543 1331 752 1402 φθορᾶς
780 1332 1202 1405 ὲλυτρὼθημενς

262 1419 343 1475 Τὸ
375 1421 444 1475 δὲ
475 1422 740 1488 παιδίον,
769 1425 958 1495 φησὶν,
991 1424 1220 1493 ηὔξανε
1253 1425 1353 1481 καὶ
1384 1426 1771 1496 ἐκραταιοῦτο

181 1514 511 1583 πνεύματι·
554 1514 977 1583 πληρούμενον
1002 1516 1258 1585 σοφίας,
1294 1518 1394 1572 καὶ
1423 1519 1593 1588 χάρις
1623 1520 1771 1575 Θεοῦ

185 1604 273 1673 ἦν
309 1605 404 1659 ἐπ’
432 1605 616 1670 αὐτῷ.
652 1605 778 1669 Πῶς
809 1606 989 1660 τοίνυν
1023 1606 1275 1679 ηὔξανεν,
1308 1611 1338 1663 6
1365 1612 1531 1665 πᾶσιν
1561 1611 1772 1684 ἀνθρώ-

187 1712 342 1760 ποις,
371 1696 471 1777 καί
498 1694 692 1761 ζώοις,
724 1696 822 1750 καὶ
868 1700 1055 1766 φυτοῖς
1074 1738 1091 1764 ,
1123 1700 1223 1769 τὴν
1248 1697 1393 1771 ζωὴν
1422 1702 1515 1756 καὶ
1546 1701 1646 1774 τὴν
1669 1700 1771 1756 αὔ-

188 1786 355 1859 ξησιν
381 1786 775 1859 χαριζόμενος,
809 1787 843 1859 ἢ
874 1787 1119 1860 δηλονότι
1149 1790 1290 1844 κατὰ
1314 1790 1416 1864 τὴν
1460 1791 1554 1846 τοῦ
1585 1790 1773 1865 σῶμα·

1869 605 1961 675 ηαξ
1983 603 2349 672 exspectabant
2379 601 2788 669 redemptionem
2821 600 2876 652 in
2905 598 3201 653 Jerusalem
3246 598 3448 671 [Vulg.

1871 695 2274 764 redemptionem
2305 692 2529 764 Israel].
2566 691 2737 745 Porro
2767 691 3159 761 exspectabant
3203 705 3450 744 resurre-

1870 784 2109 841 ctionem
2132 826 2147 849 ,
2188 800 2351 855 quam
2383 784 2510 839 olim
2551 783 2770 839 divinus
2799 782 2969 837 David
3003 782 3219 836 cantico
3251 782 3452 851 pracdi-

1871 885 2068 942 casset,
2099 876 2287 932 dicens
2310 894 2324 932 :
2356 876 2783 945 Redemptionem
2810 875 2952 929 misit
2976 873 3234 927 Dominus
3258 874 3451 941 popqu

1870 986 1965 1024 suo
1977 971 2044 1023 ³⁸.
2068 970 2136 1025 Ει
2156 969 2384 1025 iterum:
2409 968 2641 1023 Redemit
2664 969 2811 1039 virga
2829 967 3188 1022 hwreditatem
3207 983 3364 1021 suam
3382 966 3450 1017 ³⁸.

1871 1061 2004 1128 Quis
2040 1076 2170 1117 vero
2198 1069 2282 1116 est
2306 1061 2400 1131 qui
2436 1060 2688 1127 redemit,
2736 1074 2925 1130 quasve
2959 1058 3265 1128 redemptio
3319 1072 3453 1127 prato

1872 1164 2117 1223 terquam
2156 1152 2273 1223 ipse
2325 1152 2589 1208 Dominus
2619 1159 2808 1207 noster
2836 1150 2998 1206 Jesus
3026 1149 3325 1204 Christus?
3352 1165 3452 1220 per

1871 1260 2035 1317 quem
2061 1259 2255 1301 omnes
2310 1244 2380 1299 ab
2431 1258 2618 1301 errore
2668 1258 2734 1298 ac
2786 1241 3138 1313 corruptione
3182 1241 3450 1313 redempti

1871 1352 2082 1392 sumus.

1946 1427 2082 1482 Puer
2119 1438 2296 1483 autem
2322 1470 2336 1495 ,
2388 1428 2601 1499 inquit,
2650 1428 2908 1483 crescebat
2944 1436 2991 1482 et
3022 1427 3447 1497 con/artabatur,

1872 1519 2056 1590 plenus
2085 1522 2368 1590 sapientia,
2392 1530 2441 1576 et
2470 1521 2647 1592 gratia
2678 1521 2776 1575 Dei
2798 1528 2910 1574 erat
2938 1520 2994 1573 in
3016 1519 3130 1574 illo.
3174 1518 3291 1585 Qua
3319 1532 3449 1573 vero

1875 1612 2082 1667 ratione
2103 1612 2403 1677 crescebat,
2432 1612 2527 1681 qui
2552 1611 2824 1667 universis
2850 1610 3181 1675 hominibus,
3207 1611 3452 1665 animan-

1877 1699 2148 1770 tibusque,
2180 1715 2247 1755 ac
2291 1699 2515 1771 plantis.
2550 1683 2717 1756 vitam
2748 1714 2814 1755 ac
2852 1709 3189 1754 crementum
3216 1699 3450 1754 tribuit?

1876 1791 2062 1861 utique
2085 1800 2363 1848 cremento
2400 1792 2669 1862 corporis.
2704 1791 2811 1847 Sed
2855 1801 2915 1846 et
2950 1792 3228 1861 quomodo
3254 1792 3449 1860 spiritu

186 1895 285 1942 τος
334 1879 604 1950 αῠεησινς
635 1877 760 1942 Πῶς
791 1878 850 1931 δὲ
894 1881 989 1933 καὶ
1028 1881 1387 1951 ἐκραταιοῦτο
1414 1881 1715 1953 Πνεῦματι,
1741 1882 1771 1936 6

1884 1882 2282 1940 coniortahatur
2320 1883 2404 1948 is,
2452 1882 2544 1953 qui
2576 1882 2789 1940 cunctis
2829 1881 3111 1952 prephetis
3155 1897 3222 1936 ac
3263 1880 3446 1951 justis,
3470 1886 3489 1893 “

187 1971 334 2024 πᾶσι
361 1972 671 2042 προφήταις
696 1970 790 2023 καὶ
833 1970 1068 2035 δικαίοις
1112 1972 1210 2043 τὴν
1239 1972 1429 2027 τούτου
1471 1973 1777 2045 ἐμπνευσιν

188 2065 293 2119 καὶ
337 2063 573 2137 μετοχὴν
596 2062 971 2136 δωρούμενος,
1008 2065 1105 2119 καὶ
1137 2066 1196 2133 ἐξ
1230 2066 1401 2137 αὐτῆς
1438 2067 1538 2138 τῆς
1582 2067 1773 2139 νηδύος

184 2158 295 2229 τὴν
324 2156 573 2227 θεοδόχον
609 2158 791 2229 σάρκα
835 2156 942 2210 ὑπὸ
976 2156 1169 2212 τούτου
1201 2157 1690 2230 διαπλαττόμενος,
1722 2161 1772 2215 εί

187 2254 275 2323 μὴ
305 2248 662 2322 ίκραταιοῦτο
684 2249 979 2322 πνεύματι,
1003 2251 1082 2323 τῷ
1106 2250 1249 2323 ὑπὲρ
1276 2251 1375 2323 τὴν
1399 2252 1492 2307 τοῦ
1524 2253 1774 2323 σώματος

188 2342 417 2413 ἠλικίαν
449 2341 830 2413 ὑπερλάμπειν
866 2342 925 2395 ὲν
970 2342 1047 2414 τῷ
1082 2342 1302 2416 βρέφει,
1335 2345 1435 2415 τῆς
1476 2345 1626 2409 θείας
1669 2344 1773 2415 φύ-

192 2452 341 2499 σεως
368 2433 438 2488 τὰ
458 2434 819 2505 γνωρίσματα
843 2475 861 2499 ,
892 2435 957 2487 Ei
993 2434 1099 2506 γὰρ
1132 2436 1230 2489 καὶ
1255 2435 1354 2508 τὴν
1373 2436 1653 2508 ἡμετέραν
1675 2435 1776 2507 φύ-

193 2543 309 2590 σιν,
338 2529 367 2580 6
395 2529 493 2598 τῆς
523 2526 738 2598 φύσεως
770 2526 1017 2597 πλάστης
1041 2525 1101 2594 ἐξ
1127 2528 1334 2591 οίκείας
1364 2526 1775 2600 φιλανθρωπίας

193 2618 560 2690 περιεϐάλετο
604 2618 926 2689 ἁδιαιρέτως
980 2620 1098 2690 ἅμα
1139 2620 1233 2674 καὶ
1263 2620 1606 2692 ἁσυγχύτως,
1649 2622 1779 2676 ἀλλ’

192 2708 296 2764 οὖν
326 2710 423 2764 καὶ
458 2709 632 2775 οὕτως
660 2708 1045 2783 ὑπερηύγαζεν
1075 2712 1198 2767 καθ’
1220 2713 1524 2785 ὑπερϐολὴν
1551 2714 1649 2787 τὴν
1681 2715 1777 2769 ἀν-

195 2800 484 2873 θρωπίνην
512 2801 841 2856 ταπείνωσιν
880 2805 944 2856 τὸ
962 2805 1063 2875 τῆς
1091 2804 1345 2875 θεότητος
1380 2804 1629 2875 μέγεθος.
1655 2805 1778 2870 Πῶς

195 2895 257 2948 δὲ
283 2894 446 2948 πάλιν
479 2893 784 2966 ἐπληροῦτο
817 2895 1008 2965 σοφίας
1046 2897 1142 2951 καὶ
1176 2896 1399 2968 χάριτος
1418 2935 1434 2961 ,
1457 2898 1529 2952 ἐν
1548 2890 1597 2965 ᾧ
1620 2900 1781 2953 εἶσιν

193 2985 425 3052 πάντες
454 2988 510 3041 οι
539 2985 830 3055 θησαυροί
863 2985 973 3055 τῆς
1001 2984 1277 3056 γνώσεως
1298 2986 1398 3041 καί
1425 2984 1534 3055 τῆς
1560 2986 1781 3054 σοφίας

193 3077 582 3145 ἀπόκισυςροω
610 3077 722 3132 Καὶ
748 3078 776 3131 6
809 3077 1218 3149 Παροιμιαστὴς
1246 3077 1305 3131 δέ
1336 3095 1500 3148 φησιν
1520 3093 1533 3107 °
1584 3078 1643 3134 Ἠ
1677 3093 1781 3132 σοι

195 3169 310 3239 pia
360 3169 747 3240 ᾠκοδόμησεν
791 3169 977 3238 ἑαυτῇ
1026 3165 1217 3225 οἷκον.
1253 3170 1425 3238 Σοφία
1463 3170 1521 3224 δέ
1548 3172 1716 3235 ἔστιν,
1747 3172 1777 3224 6

196 3261 296 3315 τοῦ
329 3262 463 3315 Θεοῦ
489 3262 681 3330 Λόγος.
714 3261 886 3325 Αὐτὸς
910 3262 1020 3333 γὰρ
1044 3260 1221 3330 ἐδόθη
1252 3261 1398 3332 ἡμῖν
1433 3262 1621 3331 σοφία
1658 3261 1777 3317 ἀπὸ

200 3355 379 3419 θεοῦ,
409 3354 551 3408 κατὰ
576 3355 667 3408 τὸν
694 3355 965 3426 μακάριον
992 3354 1221 3409 Παῦλον.
1246 3355 1307 3408 Εἰ
1328 3350 1422 3409 οὖν
1445 3354 1585 3426 αὐτὴ
1624 3354 1659 3425 ἡ
1696 3371 1795 3409 σοαπ

202 3449 306 3517 φία
340 3450 395 3502 ἐν
420 3451 485 3519 τῇ
516 3447 669 3519 νηδύϊ
694 3448 796 3518 τῆς
839 3448 1001 3517 ἁγίας
1035 3449 1129 3503 καὶ
1171 3447 1569 3519 ἀειπαρθένου,
1615 3450 1781 3520 ἑαυτῇ

200 3541 267 3593 τὸ
294 3538 564 3611 ἄχραντον
594 3539 687 3593 καὶ
713 3539 870 3607 ἅγιον
897 3540 1059 3609 σῶμα
1076 3540 1165 3595 διὰ
1189 3539 1284 3593 τοῦ
1309 3540 1446 3594 [1νεύ
1456 3557 1625 3611 ματος
1645 3539 1783 3612 ᾠκο-

201 3632 477 3704 δόμησεν,
514 3632 632 3697 πῶς
664 3631 760 3687 νῦν
792 3632 1012 3701 λέγεται
1055 3631 1247 3701 σοφίας
1298 3632 1642 3706 πληροῦσθαι
1688 3634 1786 3687 καὶ

205 3726 464 3797 χάριτοςς
494 3726 564 3780 Ἦ
595 3726 814 3790 πάντως
840 3725 980 3779 κατὰ
1005 3725 1102 3798 τὴν
1131 3723 1390 3791 πολλάκις
1424 3726 1483 3779 ὲν
1509 3728 1622 3790 τοῖς
1646 3728 1783 3781 ἀνωο

206 3820 357 3887 τέρω
404 3817 658 3889 ῥηθεῖσαν
697 3818 972 3883 ἀπόδοσιν,
1009 3817 1333 3889 προσφόρως
1362 3819 1456 3873 καὶ
1489 3818 1784 3890 ἁρμοδίως,

208 3911 277 3979 τῇ
304 3909 445 3965 κατὰ
477 3909 652 3981 σάρκα
677 3910 872 3965 ἑαυτοῦ
896 3910 1187 3982 παρουσίᾳ,
1211 3914 1389 3965 πάντα
1416 3914 1444 3965 ὀ
1473 3912 1665 3984 Σωτὴρ
1691 3912 1787 3967 καὶ

210 3999 418 4072 Κύριος
448 4000 605 4073 ἡμῶν
634 4000 1014 4074 ᾠκοδόμησεν*
1048 4001 1168 4072 μεθ’
1195 3996 1257 4058 οῦ
1294 4002 1374 4074 τῷ
1399 4002 1520 4074 Θεῷ
1550 4005 1642 4058 καὶ
1676 4007 1787 4059 Πα-

208 4093 300 4164 τρὶ
345 4092 471 4158 δόξα
516 4094 611 4148 καὶ
649 4094 871 4165 κράτος,
905 4094 1001 4149 καὶ
1033 4095 1067 4166 ἡ
1110 4093 1470 4165 ἀτελεύτητος
1518 4095 1784 4166 βασιλεία,

210 4186 315 4239 σὺν
341 4183 418 4256 τῷ
443 4186 691 4256 παναγίῳ
715 4185 810 4242 καὶ
842 4185 1032 4257 ἀγαθῴ
1060 4185 1159 4241 καὶ
1187 4185 1437 4256 ζωοποιῷ
1469 4186 1749 4257 Πνεύματι
1768 4225 1785 4252 ,

210 4276 315 4330 νῦν
375 4277 472 4333 καὶ
515 4279 643 4346 ἀεὶ,
691 4280 787 4333 καὶ
841 4279 922 4342 είς
965 4280 1093 4342 τοὺς
1140 4278 1345 4341 αἰῶνας
1390 4278 1497 4332 τῶν
1548 4277 1783 4332 αἰώνων.

224 4368 427 4441 ’Δμήν.

968 4502 1039 4558 B’.

275 4616 555 4672 Λεοντίου
581 4615 920 4671 ἐπισκόπου
948 4618 1302 4678 Νεαπόλεως
1332 4614 1440 4685 τῆς
1472 4617 1737 4685 Κύπρου,

291 4690 380 4753 εις
399 4686 514 4755 τὴν
534 4686 761 4757 ἡμέραν
783 4687 894 4756 τῆς
922 4687 1093 4756 ἁγίας
1114 4685 1691 4755 Μεσοπεντηκοστῆς
1704 4726 1719 4740 .

291 4798 479 4853 Πάντα
529 4799 597 4854 τὰ
643 4799 749 4853 ὑπὸ
787 4797 884 4852 τοῦ
914 4798 1183 4852 Δεσπότου
1218 4798 1313 4851 καὶ
1341 4796 1596 4868 Σωτῆρος
1634 4797 1793 4869 ἡμῶν

230 4888 411 4961 Ἰησοῦ
428 4888 677 4960 ’Χριστοῦ
706 4892 766 4943 ὲν
796 4892 864 4961 τῇ
892 4889 1142 4960 ὲνσάρκῳ
1174 4887 1340 4941 αὐτοῦ
1369 4888 1671 4960 οἰκονομίᾳ,
1697 4888 1791 4942 καὶ

1871 1973 2117 2044 ejusdem
2149 1973 2564 2045 inspirationem
2589 1989 2654 2030 ac
2680 1973 3153 2044 participationem
3186 1971 3450 2027 donavit?

1872 2085 1937 2125 ac
1963 2069 2120 2140 cujus
2157 2069 2363 2125 deil‘era
2414 2084 2546 2124 caro
2582 2070 2651 2125 ab
2687 2069 2807 2140 ipso
2852 2078 3012 2124 utero
3054 2084 3151 2139 per
3182 2068 3445 2139 Spiritum

1873 2160 2104 2217 formata
2128 2159 2272 2216 fuit?
2315 2158 2422 2215 nisi
2466 2167 2616 2215 certe
2668 2159 2742 2214 ita
2780 2158 2974 2228 spiritu
3011 2157 3446 2219 coniortabatur,
3538 2160 3545 2169 '

1874 2253 2019 2323 quod
2056 2268 2222 2324 supra
2258 2251 2510 2322 corporis
2559 2259 2811 2315 aetatem,
2858 2251 3146 2322 magniﬁce
3185 2250 3242 2305 in
3276 2264 3449 2320 puero

1874 2356 2086 2402 natura:
2110 2345 2311 2401 divina:
2336 2344 2535 2400 indicia
2560 2359 2626 2398 ac
2640 2353 2784 2399 noue
2801 2342 3100 2399 elucerent.
3124 2342 3448 2411 Quanquam

1874 2435 2022 2491 enim
2055 2443 2263 2491 natura:
2295 2434 2450 2490 ﬁctor
2472 2475 2487 2500 ,
2546 2442 2794 2490 nostram
2832 2442 3083 2488 naturam
3132 2449 3230 2503 pro
3263 2449 3363 2490 5'21
3392 2434 3447 2490 in

1876 2523 2176 2579 humanum
2226 2539 2400 2597 genus
2428 2523 2798 2595 propensione
2827 2523 3081 2579 induerat
3111 2523 3341 2579 indivise
3371 2523 3451 2578 si-

1875 2617 1989 2673 mul
2021 2632 2086 2671 ac
2117 2615 2443 2683 iuconl‘use;
2496 2615 2855 2671 nihilominus
2897 2624 3078 2671 tamen
3116 2616 3195 2671 sic
3232 2630 3452 2687 quoqua

1878 2710 2105 2767 Deitatis
2126 2710 2463 2783 magnitudo,
2517 2711 2771 2766 humana:
2807 2710 3069 2766 vilitatem
3100 2719 3309 2765 naturze
3335 2709 3452 2764 esi-

1878 2803 1989 2859 mio
2021 2803 2255 2873 quodam
2312 2802 2524 2874 fulgore
2570 2803 2945 2860 collustrabat.
2986 2803 3271 2869 Quomodo
3323 2818 3453 2858 vero

1880 2893 2079 2949 iterum
2108 2894 2421 2965 replebatur
2461 2893 2730 2963 sapientia
2773 2903 2827 2949 et
2852 2894 3055 2965 gratia,
3097 2892 3159 2947 In
3201 2911 3301 2963 quo
3330 2904 3452 2949 sunt

1882 3004 2058 3042 omnes
2095 2987 2329 3042 thesauri
2378 2987 2614 3041 scientia:
2642 2996 2697 3041 et
2728 2987 3005 3057 sapientia:
3046 2987 3337 3041 absconditi
3362 2988 3402 3018 ³⁷
3430 2988 3454 3039 ?

1882 3078 2029 3135 Libri
2057 3094 2275 3149 quoque
2302 3077 2721 3134 Proverbiorum
2758 3078 2991 3149 scriptor
3021 3078 3096 3133 ait
3124 3097 3137 3132 :
3174 3078 3453 3148 Sapientia

1883 3172 2163 3241 mdiﬁcavit
2194 3172 2295 3226 sibi
2340 3173 2553 3226 danaum
2580 3171 2668 3237 ³⁸;
2717 3172 2865 3241 atqui
2897 3170 3177 3243 Sapientia
3228 3180 3313 3227 est
3358 3171 3453 3226 Dei

1889 3264 2126 3321 Verbum
2164 3283 2179 3321 :
2212 3266 2331 3337 ipse
2369 3266 2515 3321 enim
2540 3267 2697 3321 nobis
2726 3266 2883 3321 datus
2932 3275 3007 3321 est
3053 3285 3085 3320 a
3126 3265 3231 3322 Deo
3253 3268 3456 3321 seuien-

1885 3360 1959 3413 tia
1987 3359 2053 3421 ³⁹,
2087 3359 2241 3430 juxta
2286 3358 2506 3415 beatum
2542 3359 2790 3413 Paulum.
2830 3358 3111 3429 Siquidem
3160 3374 3290 3429 ergo
3342 3360 3454 3429 ipsa

1883 3451 2193 3521 Sapientia,
2225 3450 2281 3504 in
2312 3460 2515 3506 sanctae
2545 3465 2610 3505 ac
2636 3464 2855 3520 semper
2890 3449 3112 3521 virginis
3141 3459 3298 3505 utero
3318 3491 3333 3513 ,
3367 3451 3455 3504 in-

1884 3540 2311 3597 contaminatum
2351 3554 2416 3594 ac
2442 3546 2694 3594 sanctum
2747 3552 2985 3609 corpus,
3044 3554 3143 3609 per
3190 3538 3454 3608 Spiritum

1883 3642 2131 3691 sanctum
2171 3633 2275 3689 sibi
2307 3630 2626 3697 aediﬁcavit;
2657 3632 2932 3701 quomodo
2965 3646 3113 3685 nunc
3139 3630 3338 3686 dicitur
3367 3644 3457 3685 re-

1883 3725 2021 3799 pleri
2070 3723 2342 3797 sapientia
2399 3734 2564 3795 atque
2611 3724 2825 3796 gratia?
2858 3722 3053 3779 Nonne
3106 3724 3261 3792 plane
3303 3723 3456 3793 juxta

1884 3818 2085 3889 sapius
2121 3818 2320 3874 dictam
2349 3816 2403 3872 in
2435 3816 2808 3888 superioribus
2840 3815 3239 3886 expositionem
3267 3855 3281 3878 ,
3315 3813 3456 3885 quiod

1888 3913 2136 3970 SaLvator
2163 3926 2226 3970 ae
2255 3911 2521 3967 Dominus
2548 3919 2741 3967 noster
2767 3924 3008 3981 congrue
3045 3907 3224 3962 omnia
3253 3907 3373 3976 eius
3403 3908 3458 3962 in

1886 4020 2051 4061 carne
2079 4002 2341 4061 adventui
2370 4002 2755 4075 dispensaret?
2789 4016 2911 4057 cum
2945 4014 3055 4072 quo
3086 3998 3197 4055 Deo
3220 4014 3283 4053 ac
3315 3998 3457 4053 Patri

1886 4098 2054 4168 gloria
2083 4111 2149 4151 ac
2176 4105 2439 4167 potestas,
2471 4111 2810 4168 regnumque
2834 4095 3161 4160 immortale,
3187 4110 3308 4149 cum
3333 4110 3461 4148 san-

1886 4189 2152 4254 ctissime,
2175 4189 2428 4258 bonoque
2459 4203 2523 4243 ac
2545 4188 2762 4242 vivitico
2792 4187 3021 4258 Spiritu,
3054 4203 3198 4243 nunc
3232 4195 3287 4242 et
3319 4204 3462 4243 scm-

1888 4296 2003 4351 per,
2031 4280 2160 4336 etin
2185 4280 2379 4335 saecula
2403 4279 2742 4335 saeculorum.
2776 4276 2969 4332 Amen.

2660 4496 2725 4552 ll.

1899 4608 2100 4665 Leontii
2130 4611 2355 4681 episcopi
2384 4611 2633 4680 Neapolis
2657 4608 2841 4681 Cypri,
2869 4609 2925 4662 in
2954 4609 3090 4665 diem
3118 4611 3304 4681 festum
3350 4612 3461 4665 Me-

2380 4684 2797 4749 diwprntecostes
2825 4680 2955 4750 (Li).

1970 4790 2112 4846 Nihil
2133 4791 2187 4846 in
2211 4792 2297 4857 iis,
2324 4807 2445 4863 qua:
2471 4791 2733 4846 Dominus
2750 4808 2813 4847 ac
2829 4790 3078 4847 Salvator
3098 4805 3286 4849 noster
3307 4793 3465 4849 Jcsus

1896 4884 2167 4951 Christus,
2198 4885 2251 4938 in
2289 4901 2386 4940 sua
2417 4885 2469 4939 in
2497 4900 2662 4939 carne
2702 4886 3106 4955 dispensatione
3127 4927 3141 4953 ,
3193 4904 3255 4944 ac
3302 4904 3467 4959 agens

298 5064 344 5096 ³⁸
398 5061 541 5117 Psat.
569 5076 655 5129 cx,
698 5063 751 5118 6.
828 5063 873 5095 “
904 5060 1050 5125 Psal.
1089 5059 1357 5127 LXXIII,2.
1434 5059 1477 5091 ³⁷
1542 5058 1757 5118 Coloss.

1903 5062 1957 5117 5.
2035 5061 2078 5093 ³⁸
2114 5061 2274 5117 Prov.
2320 5077 2393 5127 Ix,
2434 5064 2481 5116 Ι.
2558 5061 2602 5092 ³³
2639 5060 2654 5113 l
2686 5061 2810 5116 Cor.
2847 5078 2883 5125 ι,
2917 5062 3006 5117 ὖθ.

1734 5172 1968 5231 NOTAE.

302 5273 414 5344 (li)
461 5272 674 5344 Leontii
707 5273 891 5344 plures
923 5274 1098 5336 fuere,
1139 5272 1285 5344 iique
1329 5269 1593 5344 episcopi,
1619 5285 1780 5344 exce-

227 5341 325 5414 pto
380 5342 606 5415 Leontio
662 5341 979 5415 Byzantino,
1006 5346 1101 5415 qui
1154 5341 1272 5415 ipse
1300 5341 1793 5415 nobilis_sc_rip_tor,

228 5410 429 5485 praeter
458 5414 585 5479 alia,
606 5410 771 5469 etiam
795 5415 912 5485 ipso
928 5410 1050 5485 hoc
1069 5410 1389 5485 argumento
1407 5410 1630 5485 scripsit
1652 5410 1790 5465 Ora-

229 5483 456 5555 tionem,
476 5500 637 5555 quam
662 5483 874 5555 damus.
896 5484 1089 5540 Noster
1123 5483 1209 5539 hic
1231 5483 1508 5555 Leontius,
1524 5490 1779 5555 ⁸(ιυιιδῑιιη-

231 5563 317 5609 ter
346 5625 349 5626 ν
378 5550 679 5626 Neapoleos
728 5554 889 5625 Cypri
918 5555 1204 5626 episcopus
1236 5554 1450 5626 legitur,
1490 5550 1796 5626 citatnrque

232 5641 302 5697 eo
320 5624 478 5697 titulo
494 5621 553 5681 in
579 5626 609 5680 7
628 5621 846 5697 Synodo
862 5621 975 5697 act.
994 5625 1027 5677 4
1050 5621 1217 5679 relato
1236 5621 1354 5684 eius
1373 5623 1492 5677 loco
1509 5636 1608 5697 pro
1626 5621 1797 5676 sacris

233 5695 561 5766 imaginibus
615 5690 1078 5766 luculentissimo:
1116 5702 1237 5766 post
1292 5707 1453 5766 quem
1494 5690 1799 5766 recitatum,

236 5766 317 5819 sic
348 5760 422 5819 de
442 5780 509 5821 eo
533 5767 922 5822 Constantinus
947 5760 1279 5820 Constantia:
1296 5760 1456 5832 Cypri
1481 5760 1803 5832 episcopus,

236 5845 494 5907 tanquam
523 5837 593 5893 de
644 5835 829 5909 gentili
858 5851 957 5891 suo
984 5851 998 5888 :
1028 5833 1225 5890 Baron.
1251 5830 1353 5887 an;
1378 5830 1523 5900 ⁷594,
1552 5830 1706 5887 num.
1748 5833 1804 5897 ‘5,

1894 5289 2200 5400 provocans
2221 5274 2350 5358 ad}
2377 5273 2523 5329 illam
2585 5282 2694 5356 act.
2731 5272 2932 5344 Synodi
2963 5288 3001 5327 ιι
3022 5272 3278 5336 Nicaeum,
3307 5271 3471 5355 itade

1942 5353 2129 5399 eontto
2157 5361 2176 5399 :
2210 5342 2466 5400 Quisnam
2522 5343 2659 5398 alius
2720 5360 2803 5398 res
2858 5354 3031 5400 aestas
3095 5343 3187 5396 sub
3221 5342 3471 5396 Maurum

1942 5345 2129 5399 contio
2157 5361 2176 5399 :
2210 5342 2466 5409 Quisnam
2522 5343 2659 5398 alius
2720 5342 2803 5398 res
2832 5354 3031 5415 gestas
3095 5343 3187 5415 sub
3221 5342 3471 5415 Mauritio

1899 5425 2205 5484 prosecutus
2255 5416 2345 5479 sit,
2403 5414 2561 5468 habes
2606 5429 2670 5470 ea:
2725 5411 2907 5484 Actis"
2936 5413 3141 5484 Nicani
3170 5411 3473 5484 posterioris

1899 5477 2127 5540 concilii.
2190 5477 2395 5555 Nempe
2452 5484 2512 5542 S.
2544 5485 2819 5539 Leontium
2870 5477 3191 5555 Constantia:
3215 5482 3274 5534 in
3299 5477 3475 5555 Cypro

1903 5557 2199 5624 episcopum
2226 5552 2494 5623 scripsisse
2542 5554 2927 5624 tribulationes,
2952 5568 3085 5621 quas
3112 5552 3198 5624 his
3228 5552 3477 5617 tempori-

1904 5622 1997 5680 bus
2023 5622 2258 5680 Ecclesia
2297 5622 2390 5679 Dei
2432 5642 2591 5695 passa
2628 5634 2702 5695 est
2741 5640 2759 5676 :
2789 5623 2877 5677 sed
2904 5624 3152 5695 nectentis
3182 5622 3478 5695 incomper-

1911 5705 2022 5749 tum
2080 5696 2226 5750 nobis
2260 5691 2544 5763 opus,'vet
2589 5694 2796 5754 excidit,
2857 5691 2937 5745 vel
2967 5691 3094 5763 intth
3132 5691 3478 5763 incognitum.
3554 5698 3559 5701 “

1911 5766 1987 5820 lta
2014 5760 2301 5821 Baronius'
2323 5773 2475 5834 putat
2522 5763 2806 5833 collegisse
2840 5776 2871 5817 e
2913 5762 3087 5834 veteri
3117 5762 3392 5834 versione,
3422 5760 3479 5814 in

1911 5851 2019 5905 qua
2057 5836 2137 5892 sic
2187 5830 2423 5892 habetur
2464 5850 2476 5886 :
2511 5830 2775 5889 Prcetérea
2811 5834 2947 5888 beati
2977 5830 3258 5897 Simeonis,
3295 5835 3481 5885 turba.
