4058 6430
596 406 734 471 1583

1586 392 1900 455 LEONTII
1935 391 2450 455 NEAPOLITANI
2494 390 2840 455 EPISCOPI

3722 394 3857 460 1584

584 537 711 578 uim
757 516 1071 573 hominibus
1095 553 1108 578 ,
1143 511 1339 584 gessit,
1376 510 1578 567 frustra
1619 525 1685 565 ac
1727 510 1964 564 otiosum
2023 508 2153 563 fuit:

2272 509 2366 562 ἐπὶ
2385 511 2453 580 τῇ
2480 508 2620 579 μετά
2638 509 2751 563 τῶν
2777 506 3084 579 ἀνθρώπων
3110 507 3365 581 διατριϐῇ
3391 508 3736 581 πραχθέντι,
3759 515 3855 566 οὐκ

585 614 720 685 quin
756 610 974 683 potius,
1005 614 1132 661 sunt
1163 604 1347 659 omnia
1385 601 1615 658 occultis
1643 600 1972 671 quibusdam
2010 598 2166 653 exhio

586 706 699 760 bita
743 698 1101 757 sacramentis
1132 737 1148 762 ,
1210 709 1401 750 eorum
1450 690 1794 748 declarandis
1853 690 2162 755 commodo,

585 802 812 867 propter
849 805 987 862 quos
1023 798 1133 843 tota
1174 785 1482 842 oeconomia
1526 783 1775 849 exstitit;
1817 797 2031 847 eorum,
2077 781 2167 835 in-

586 901 771 958 quam,
790 883 883 954 qui
905 883 960 936 in
974 879 1252 936 Christum
1270 876 1713 938 crediderunt,et
1730 882 1859 928 sunt
1879 871 2162 927 credituri.

588 978 667 1033 lta
697 976 879 1048 plane,
902 983 964 1027 ut
994 970 1210 1025 Domini
1244 977 1374 1024 tunc
1403 982 1467 1022 ac
1501 964 1800 1021 Salvatoris
1843 972 1997 1035 gesta
2020 1004 2036 1029 ,
2077 961 2165 1017 lex

587 1068 836 1139 quaedam
892 1064 1107 1119 sincera
1156 1060 1305 1126 sint,
1360 1067 1513 1115 tanto
1574 1057 1823 1114 Mosaicre
1876 1064 2162 1127 praestans,

588 1166 851 1229 quantum
884 1154 1146 1210 Dominus
1188 1167 1389 1208 servo:
1431 1159 1593 1220 atque
1639 1157 1698 1203 ut
1741 1148 1817 1203 ait
1848 1145 2164 1217 Apostolus,

586 1258 851 1322 quantum
897 1250 1051 1302 domo
1079 1253 1323 1317 praestat,
1346 1246 1391 1299 is
1424 1245 1515 1309 qui
1557 1240 1926 1314 fabricavit“.
1957 1237 2165 1305 Quam—

585 1346 781 1400 obrem
810 1342 902 1411 qui
936 1340 1189 1395 Ecclesia!
1216 1346 1516 1393 sanxerunt
1542 1337 1711 1407 leges,
1740 1334 1845 1389 viri
1874 1332 2071 1396 sancti,
2102 1346 2167 1386 ac

583 1436 957 1507 apostolorum
987 1446 1355 1494 successores,
1380 1429 1434 1482 in
1456 1443 1643 1483 rerum
1666 1427 1720 1482 id
1749 1424 2015 1496 temporis
2035 1439 2165 1494 pro-

585 1530 710 1585 vide
743 1536 1018 1599 gestarum
1054 1523 1221 1578 linem
1251 1521 1642 1592 re5picientes,
1701 1516 2057 1575 celebrandas
2109 1515 2166 1571 in

585 1630 864 1691 posterum
889 1617 1103 1673 divinas
1145 1614 1542 1677 solemnitates,
1584 1611 1785 1682 quibus
1832 1610 1937 1666 illae
1966 1609 2024 1663 in
2047 1623 2166 1663 me-

586 1714 817 1769 moriam
889 1716 1312 1771 revocarentur,
1376 1713 1777 1776 consequenter
1831 1710 2163 1759 statuerunt.

582 1804 776 1874 Operae
819 1819 948 1874 ergo
992 1801 1230 1872 pretium
1274 1806 1397 1864 est,
1440 1806 1500 1852 ut
1534 1796 1817 1853 ostendam
1870 1795 2003 1866 quid
2058 1795 2163 1849 hoc

584 1897 718 1951 mihi
746 1894 1010 1950 orationis
1036 1891 1318 1947 exordium
1357 1889 1531 1944 velit:
1569 1888 1623 1943 id
1651 1886 1932 1951 nimirum,
1994 1899 2163 1941 sacrae

587 1988 735 2042 hunc
765 1987 1302 2056 Medizepentecostes
1326 1983 1469 2038 diem
1494 2022 1510 2048 ,
1551 1996 1661 2037 non
1699 1981 1876 2036 otiose
1917 1995 1980 2035 ac
2016 1981 2164 2035 nulla

586 2079 798 2132 ratione
863 2077 1121 2131 traditum
1178 2074 1491 2137 celebrari;
1542 2072 1637 2127 sed
1694 2072 1879 2126 divina
1927 2071 2164 2141 quadam

490 2162 502 2172 ’
587 2169 899 2233 traditione,
932 2168 1199 2237 siquidem
1240 2165 1329 2220 ille
1358 2180 1462 2219 nec
1499 2165 1604 2220 hoc
1636 2164 1840 2230 amisit,
1871 2172 1929 2218 ut
1968 2164 2167 2219 solem-

586 2263 733 2316 nitas
754 2275 818 2315 ac
845 2262 963 2315 dies
988 2258 1163 2313 festus
1189 2266 1357 2313 esset.
1397 2255 1464 2311 Et
1492 2270 1625 2311 vero
1657 2254 1830 2310 festus
1869 2255 2012 2310 idem
2042 2254 2162 2310 dies

586 2363 690 2420 cst,
724 2363 778 2406 et
806 2351 946 2406 festo
965 2343 1219 2419 praevius,
1241 2356 1296 2403 et
1317 2347 1517 2403 festum
1556 2361 1814 2417 sequens.
1848 2344 1981 2401 Post
2013 2345 2162 2400 enim

584 2458 781 2499 novam
815 2439 1238 2497 resurrectionis
1273 2438 1627 2501 Dominicam,
1664 2438 1782 2494 sive
1812 2438 2165 2493 resurrectio.

584 2536 671 2590 nis
701 2534 1027 2599 encaenium,
1061 2541 1166 2586 nos
1191 2531 1282 2585 illa
1303 2530 1521 2601 excipit,
1558 2545 1736 2599 eoque
1762 2530 1919 2585 titulo
1958 2530 2161 2585 solem-

584 2627 728 2681 nitas
750 2635 835 2681 est
860 2626 1057 2680 festum
1092 2638 1455 2694 consequens.
1489 2623 1619 2678 Post
1644 2623 1791 2677 illam
1817 2638 1983 2689 vero,
2020 2623 2163 2679 festo

584 2732 687 2773 nos
725 2716 1022 2772 Dominicae
1047 2716 1103 2770 in
1130 2715 1297 2771 caalos
1334 2714 1780 2785 Assumptionis,‘
1803 2731 1868 2771 ac
1893 2716 2163 2771 adventus

588 2808 829 2877 Spiritus
865 2807 1040 2861 sancti
1063 2805 1337 2871 admovet,
1373 2805 1563 2875 sicque
1593 2820 1803 2871 rursus,
1846 2804 1963 2860 dies
1987 2804 2163 2860 festus

584 2901 667 2955 nti
689 2901 839 2955 festae
860 2900 965 2955 diei
984 2900 1322 2971 pervigilium
1339 2907 1442 2954 est.
1488 2899 1731 2969 Utroque
1753 2899 1981 2969 proinde
2002 2901 2161 2956 titulo

586 2992 906 3047 solemnitas
936 3006 1194 3061 praesens,
1225 2991 1422 3045 merito
1447 3006 1477 3045 a
1512 2991 1671 3046 nobis
1702 2992 2019 3048 honoranda
2051 3001 2157 3059 est,

586 3099 708 3153 qua;
754 3082 1014 3136 nimirum
1065 3082 1291 3138 viviﬁcae
1340 3083 1758 3139 resurrectionis
1802 3092 1927 3153 post
1966 3084 2160 3139 festiva

2267 603 2388 672 είκῆ
2424 602 2520 655 καὶ
2551 601 2749 672 μάτην,
2785 601 2907 654 οὐδὲ
2952 600 3141 671 ἀργῶς
3182 602 3512 669 γεγόνασιν·
3544 602 3686 656 ἀλλά
3718 606 3855 673 μᾶλα

2265 691 2358 747 λον
2398 692 2919 763 ἀποκεκρυμμένοις
2951 693 3082 756 τισὶ,
3113 692 3209 747 καὶ
3240 692 3630 765 φανερωθῆναι
3677 694 3854 748 δέουσι

2269 785 2613 857 μυστηρίοις,
2643 785 2732 839 ἐπ’
2757 784 2995 857 ὠφελείᾳ
3026 785 3138 839 τῶν
3188 774 3319 858 περὶ
3347 781 3425 841 ὧν
3456 789 3609 841 πᾶσα
3646 790 3682 857 ἡ
3714 790 3855 842 otto-

2266 877 2426 948 νομία
2452 877 2646 947 γέγονε
2667 892 2683 909 ο
2718 878 2862 949 φημὶ
2895 878 2958 947 δὴ
2982 877 3093 931 τῶν
3115 878 3196 941 είς
3221 878 3459 949 Χριστὸν
3490 880 3853 932 πεπιστευκό-

2265 985 2395 1033 των,
2427 970 2523 1023 καὶ
2556 969 2832 1022 πιστεύειν
2865 970 3172 1040 μελλόντων
3194 986 3211 1001 ’
3249 970 3326 1033 ὡς
3355 965 3496 1023 εἶναι
3525 970 3597 1024 τὰ
3623 970 3731 1023 ὑπὸ
3761 971 3850 1024 τοῦ

2266 1062 2537 1115 Δεσπότου
2588 1063 2684 1118 καὶ
2732 1063 2987 1134 Σωτῆρος
3034 1063 3160 1116 τότε
3201 1062 3493 1131 γενόμενα,
3520 1062 3690 1128 νόμον
3736 1067 3850 1117 τινά

2265 1154 2724 1227 ἀπαράγραπτον,
2766 1154 2863 1209 τοῦ
2894 1155 3198 1209 Μωσαῖκοῦ
3235 1154 3359 1209 καθ’
3383 1154 3699 1226 ὑπερϐολὴν
3735 1157 3849 1225 p.va-

2267 1245 2418 1312 ζονα,
2447 1246 2574 1300 καθ’
2593 1249 2715 1301 ὅσον
2758 1246 3011 1316 διαφέρει
3053 1245 3275 1312 δούλου,
3310 1247 3616 1316 Δεσπότης,
3647 1248 3745 1300 καὶ
3778 1247 3848 1310 ὡς

2266 1333 2425 1392 εἶπεν
2472 1340 2501 1392 ὁ
2538 1339 2885 1403 Ἀπόστολος.
2921 1340 3123 1405 οικου,
3165 1342 3199 1394 ὀ
3230 1340 3447 1394 τοῦτον
3475 1340 3847 1395 statuam-d-

2266 1429 2577 1495 σας.”Οθεν
2597 1432 2650 1483 οί
2671 1431 2799 1493 τοὺς
2829 1429 3064 1501 θεσμοὺς
3091 1432 3159 1502 τῇ
3186 1431 3319 1502 ἁγίᾳ
3351 1431 3654 1502 Ἐκκλησία
3676 1447 3847 1499 παρα-

2265 1521 2562 1585 δεδωκότες
2591 1522 2761 1591 ἆγιοι,
2790 1524 2885 1577 καὶ
2919 1523 3032 1577 τῶν
3073 1524 3388 1577 ἀποστόλων
3426 1523 3695 1593 διάδοχοι,
3720 1525 3847 1593 πρδς

2264 1612 2357 1667 τὸν
2385 1615 2587 1668 σκοπὸν
2610 1614 2722 1669 τῶν
2747 1615 2869 1668 τότε
2898 1617 3284 1687 γεγενημένων
3320 1616 3612 1687 σωτηρίων
3646 1617 3847 1670 οίκοενο-

2269 1703 2408 1775 μιῶν
2437 1703 2845 1769 ἀποϐλέποντες
2863 1746 2878 1770 ,
2912 1705 3224 1769 ἀκολούθως
3252 1705 3527 1761 τελεῖσθαι
3557 1707 3849 1776 μετέπειτα

2266 1795 2366 1860 τάς
2393 1795 2544 1859 θείας
2575 1796 2771 1868 ἑορτὰς
2790 1836 2806 1862 ,
2840 1798 2922 1861 είς
2956 1797 3267 1869 ἀνάμνησιν
3297 1799 3444 1869 ἡμᾶς
3474 1797 3725 1867 ἀγούσας
3747 1798 3849 1851 τῶν

2267 1888 2388 1942 τότε
2419 1887 2827 1959 γεγενημένων,
2854 1888 3318 1958 ὲθεσμοθέτησαν.
3344 1889 3408 1942 Τί
3441 1885 3539 1943 οὖν
3585 1908 3679 1960 μοι
3727 1889 3848 1959 βοιῖο

2268 1979 2418 2034 λεται
2448 1978 2546 2033 τοῦ
2572 1979 2733 2047 λόγου
2764 1978 2826 2032 τὸ
2852 1979 3159 2049 προοίμιον,
3188 1978 3354 2044 δεῖξαι
3386 1980 3741 2051 καιρός.’οτι
3760 1982 3851 2034 καὶ

2267 2074 2302 2143 ἡ
2328 2070 2581 2143 παροῦσα
2605 2072 2705 2141 τῆς
2734 2071 2897 2140 ἁγίας
2926 2070 3459 2141 Μεσοπεντηκοστῆς
3504 2072 3725 2142 ἡμέρα,
3755 2074 3850 2126 οὐκ

2268 2164 2454 2235 ἀργῶς
2475 2164 2585 2217 οὐδ’
2603 2163 2677 2227 ὡς
2705 2163 2895 2234 ἔτυχεν
2914 2161 3281 2216 ἐπιτελεῖσθαι
3303 2163 3696 2235 παραδέδοται,
3720 2163 3853 2215 ἀλλὰ

2268 2255 2386 2310 θεία
2414 2272 2499 2319 τις
2529 2256 2764 2327 ὑπάρχει
2793 2255 3111 2326 παράδοσις,
3142 2256 3197 2309 εἴ
3222 2271 3304 2308 τοι
3337 2256 3428 2308 καὶ
3453 2255 3628 2308 αὑτοῦ
3653 2254 3751 2308 τοῦ
3780 2250 3853 2308 εἷ-

2266 2364 2356 2402 ναι
2395 2346 2558 2418 ἑορτὴ
2600 2346 2701 2401 οὐκ
2728 2345 3224 2419 ὲστέρηται.’Δλλὰ
3254 2347 3581 2417 προεόρτιος
3633 2348 3667 2417 ἡ
3716 2348 3849 2418 αὑτὴ

2266 2439 2363 2493 καὶ
2395 2438 2732 2510 μεθεόρτιος.
2762 2439 2917 2493 Μετὰ
2947 2437 3059 2509 γὰρ
3100 2438 3203 2509 τὴν
3246 2438 3442 2509 καινὴν
3481 2438 3589 2508 τῆς
3618 2441 3852 2494 ἀναστά-

2267 2548 2409 2593 σεως
2446 2531 2755 2603 Κυριακην,
2790 2531 2909 2602 ἦτοι
2938 2530 3000 2584 τὸ
3025 2532 3126 2601 τῆς
3165 2531 3523 2594 ἀναστάσεως
3552 2532 3847 2599 ἐγκαίνιον,

2265 2622 2405 2694 αὕτη
2435 2623 2584 2693 ἡμᾶς
2606 2620 2928 2692 ὑποδέχεται
2952 2638 2966 2653 ⁸
2996 2623 3090 2675 καὶ
3112 2621 3257 2675 κατά
3276 2620 3456 2688 τοῦτο,
3483 2624 3706 2691 πέφυκε
3731 2625 3849 2693 μεθ-

2266 2713 2491 2784 εόρτιος.
2519 2711 2655 2767 Μεθ’
2674 2712 2876 2781 ἑαυτὴν
2906 2711 2964 2765 δὲ
2991 2712 3259 2783 προσάγει
3294 2711 3421 2783 τῇδε
3448 2712 3553 2782 τῆς
3587 2714 3847 2767 Acam-

2269 2806 2371 2875 κῆς
2402 2804 2755 2875 Ἀναλήψεως
2781 2804 2987 2876 ἡμέρᾳ,
3020 2804 3116 2859 καὶ
3144 2807 3211 2876 τῇ
3228 2803 3324 2858 τοῦ
3348 2805 3673 2876 Πνεύματος
3701 2806 3849 2876 ἐνδη-

2272 2898 2404 2968 μίᾳ·
2435 2897 2580 2951 οὕτω
2599 2913 2659 2950 τε
2684 2896 3016 2969 χρηματίζει
3046 2892 3203 2961 αὖθις
3227 2897 3549 2968 προεόρτιος
3577 2896 3699 2970 [καὶ
3725 2898 3847 2969 μεθ-

2266 2987 2530 3062 εόρτιος]·
2564 2989 2707 3043 ὥστε
2735 2989 2856 3044 κατ’
2874 2988 3165 3060 ἀμφότερα
3210 2989 3478 3059 τιμᾶσθαι
3530 2993 3665 3060 παρ’
3690 2990 3847 3062 ἡμῶν

2263 3081 2364 3153 τὴν
2392 3080 2676 3152 παροῦσαν
2704 3079 2897 3152 ἑορτὴν
2920 3080 3073 3145 ἄξιον
3093 3120 3109 3147 ,
3135 3081 3209 3144 ὡς
3236 3080 3469 3151 ἔχουσαν
3496 3082 3556 3135 ὲν
3586 3083 3727 3154 αὐτῇ
3752 3084 3845 3148 τῆς

586 3185 907 3229 ornamenta
940 3173 995 3227 in
1030 3189 1088 3228 se
1117 3174 1349 3243 habeat;
1390 3184 1447 3229 ut
1484 3184 1539 3230 et
1583 3176 1927 3245 sequentium
1953 3175 2153 3230 divina-

2269 3174 2369 3245 μὲν
2396 3172 2685 3244 ζωηφόρου
2719 3174 2990 3244 ὲγέρσεως
3019 3172 3091 3227 τά
3118 3173 3411 3246 μεθεόρτια
3452 3175 3845 3245 καλλωπίσμα-

584 3278 707 3317 rum
732 3278 949 3332 quoque
975 3263 1329 3319 nihilominus
1351 3264 1750 3328 celebritatum,
1781 3274 1910 3321 ante
1933 3265 2159 3322 festivas

584 3368 694 3408 res.
732 3353 941 3424 Quippe
994 3368 1220 3410 necesse
1273 3364 1388 3420 est,
1439 3364 1500 3410 nt
1544 3356 1691 3425 quod
1720 3355 2046 3425 quibusdam
2075 3365 2161 3411 est

583 3440 846 3505 medium,
874 3457 981 3512 qua
1010 3443 1252 3498 medium
1278 3453 1364 3499 est
1383 3481 1402 3508 ,
1442 3443 1689 3514 utrisque
1718 3444 1826 3499 illis
1853 3445 2159 3501 communi-

582 3543 688 3588 cet.
719 3532 854 3588 Cum
883 3534 1067 3604 itaque
1100 3550 1342 3605 praesens
1362 3536 1683 3592 solemnitas
1705 3536 1884 3593 media
1908 3538 2156 3602 exsistat,

582 3639 708 3677 cum
737 3627 1147 3692 resurrectioni,
1174 3637 1430 3698 tanquam
1470 3628 1615 3685 illius
1642 3630 1821 3686 media
1842 3669 1859 3694 ,
1903 3639 1963 3685 ut
1986 3631 2160 3700 respi-

582 3716 696 3771 cias
725 3726 1045 3783 extremam,
1080 3722 1485 3786 communicat;
1521 3730 1636 3777 tum
1669 3721 1922 3778 similiter
1953 3731 2157 3779 sanctae

579 3808 745 3863 etiam
779 3808 885 3864 dici
901 3808 1272 3878 Pentecostes,
1296 3824 1552 3884 tanquam
1579 3830 1700 3884 quae
1724 3815 1791 3869 ad
1822 3830 1944 3870 eam
1979 3826 2150 3872 trans-

579 3901 805 3955 mittat:
837 3901 1190 3972 mediumque
1239 3920 1430 3976 rursus
1471 3905 1785 3973 invenitur,
1824 3917 1884 3963 ut
1921 3909 2045 3979 quis
2087 3925 2154 3964 ex

578 3990 695 4060 ipsa
723 3991 792 4045 ad
830 3993 1249 4049 resurrectionis
1289 3995 1483 4051 iterum
1509 3996 1653 4053 diem
1687 3998 1818 4053 velit
1868 4005 2151 4070 repedare.

578 4078 891 4146 Enimvero,
913 4082 1183 4151 ejusmodi
1202 4094 1331 4140 sunt
1350 4087 1599 4156 pretiosa:
1615 4088 2155 4161 Mediaepentecostes

578 4168 902 4240 privilegia;
957 4171 1375 4245 haudquaquam
1405 4176 1495 4232 illa
1528 4193 1559 4232 a
1590 4194 1758 4246 casu,
1802 4195 1867 4236 ac
1907 4180 2150 4239 fortuita.

577 4260 657 4316 Ne
683 4261 806 4331 quis
834 4263 971 4319 adeo
1007 4264 1259 4336 desipiat,
1287 4276 1348 4322 ut
1386 4268 1461 4323 ita
1502 4271 1794 4339 putaverit.
1834 4271 1956 4327 Non
2002 4274 2149 4329 enim

578 4352 830 4409 humanae
861 4354 965 4409 hoc
990 4357 1306 4413 ambitionis
1334 4375 1553 4427 munus,
1586 4363 1682 4418 sed
1705 4363 1906 4420 divinae
1936 4366 2152 4437 legisla-

579 4444 741 4501 tionis
769 4445 943 4501 honor
977 4448 1217 4505 exsistit.
1244 4450 1355 4507 Nec
1377 4452 1539 4509 unius
1557 4454 1822 4512 duntaxat
1847 4457 1978 4529 legis
1998 4500 2013 4525 ,
2037 4460 2151 4517 sive

2266 3283 2334 3319 τα
2355 3281 2371 3297 ⁸
2404 3264 2515 3321 τῶν
2550 3264 2608 3318 δὲ
2642 3265 2763 3336 μεθ’
2786 3264 2956 3337 αὐτὴν
2977 3264 3139 3318 θείων
3169 3265 3264 3318 καὶ
3293 3266 3477 3320 αὐτῶν
3503 3266 3761 3329 τελετῶν,
3781 3268 3843 3319 τὰ

2265 3359 2563 3430 προεόρτια
2591 3358 2915 3428 πράγματα.
2934 3356 3173 3427 Ἀνάγκη
3216 3356 3329 3427 γάρ
3374 3358 3435 3410 τὸ
3485 3360 3655 3429 μέσον
3686 3361 3845 3413 τινῶν

2265 3451 2545 3522 ὑπάρχον,
2590 3449 2868 3520 ἑκατέρων
2919 3452 3198 3503 κοινωνεῖν
3250 3443 3327 3504 ὧν
3379 3450 3595 3519 πέφυκε
3658 3453 3842 3521 μέσον.

2263 3538 2418 3613 Μέση
2443 3542 2622 3596 τοίνυν
2653 3541 2975 3612 ὑπάρχουσα
3020 3541 3054 3610 ἡ
3089 3541 3338 3611 παροῦσα
3374 3542 3563 3613 ἑορτὴ.
3595 3548 3845 3596 κοινωνεῖ

2264 3632 2359 3686 καὶ
2386 3634 2451 3704 τῇ
2481 3631 2827 3696 Ἀναστάσει,
2858 3631 2934 3693 ὡς
2977 3630 3195 3702 ἐκείνης
3224 3631 3543 3701 ὑπάρχουσα
3570 3634 3714 3704 πρὸς
3749 3633 3842 3704 τὴν

2263 3724 2580 3779 τελευταίαν
2612 3725 2749 3795 μέση
2771 3741 2786 3756 ·
2814 3726 3062 3779 κοινωνεῖ
3096 3725 3156 3777 δὲ
3190 3723 3451 3787 ὡσαύτως
3480 3725 3576 3779 καὶ
3613 3729 3681 3796 τῇ
3716 3726 3841 3797 ἁγίᾳ

2263 3820 2638 3891 Πεντηκοστῇ,
2665 3819 2741 3882 ὡς
2783 3818 2921 3887 πρὸς
2946 3818 3117 3883 αὐτὴν
3148 3818 3598 3889 παραπέμπουσα
3617 3857 3633 3882 ,
3663 3819 3758 3871 καὶ
3786 3819 3841 3884 ἐξ

2262 3911 2433 3983 αὐτῆς
2484 3912 2646 3966 πάλιν
2680 3911 2775 3967 ἐπὶ
2816 3910 2916 3982 τὴν
2963 3912 3336 3981 ἀναστασιμον
3382 3910 3605 3981 ἡμέραν
3657 3912 3740 3974 είς
3784 3913 3841 3963 τὸ

2260 4003 2490 4058 κατόπιν
2508 4002 2961 4069 ἀναποδιξόντων,
2987 4002 3350 4072 εὐρισκομένη
3378 4002 3542 4072 μέση.
3558 4001 3723 4053 Ἀλλὰ
3744 4001 3841 4070 τῆς

2258 4095 2447 4165 τιμίας
2468 4094 2995 4165 Μεσοπεντηκοστῆς
3009 4094 3077 4148 τά
3096 4092 3323 4148 τοιαῦτα
3343 4092 3656 4163 ἀξιώματα,
3670 4095 3767 4146 οὐκ
3783 4095 3837 4159 ἐξ

2259 4183 2588 4254 αὐτομάτου,
2617 4183 2725 4237 οὐδ’
2750 4183 2826 4248 ὡς
2846 4183 3026 4255 ἔτυχε,
3074 4184 3208 4255 μηδέ
3238 4202 3323 4249 τις
3346 4184 3511 4239 τοῦτο
3541 4183 3834 4255 νομίσειεν,

2258 4277 2605 4349 ἑφευρεθείη.
2664 4278 2740 4331 Οὐ
2764 4279 2874 4348 γάρ
2894 4278 3246 4348 ἀνθρωπίνης
3262 4278 3577 4347 φιλοτιμίας
3607 4275 3836 4347 ὑπάρχει

2256 4369 2414 4423 τοῦτο
2434 4370 2495 4423 τὸ
2518 4369 2771 4441 δώρημα,
2797 4369 2932 4424 ἀλλὰ
2962 4369 3113 4433 θείας
3135 4369 3460 4440 νομοθεσίας
3482 4370 3724 4438 ἀξίωμα,
3746 4369 3832 4421 καὶ

2256 4462 2318 4515 οὐ
2343 4462 2472 4533 μιᾶς
2488 4462 2830 4533 νομοθεσίας,
2848 4462 2965 4532 ἦτοι
2985 4462 3084 4533 τῆς
3105 4461 3361 4525 παλαιᾶς,
3381 4462 3485 4531 τῆς
3500 4462 3628 4524 νέας
3647 4461 3828 4530 χωρίς·

576 4534 709 4604 legis
742 4536 942 4591 veteris
971 4536 1089 4591 sine
1115 4553 1289 4607 nova;
1321 4552 1417 4597 aut
1468 4544 1595 4598 item
1640 4560 1794 4602 novae
1817 4547 1938 4603 sine
1971 4553 2140 4608 veteri

2259 4554 2413 4624 δγουν
2427 4553 2527 4623 τῆς
2544 4553 2690 4617 νέας,
2712 4552 2945 4624 θατὲρας
2958 4553 3102 4623 δίχαο
3119 4552 3254 4608 ἀλλὰ
3271 4554 3505 4618 παλαιᾶς
3521 4571 3581 4607 τε
3605 4554 3700 4607 καὶ
3714 4552 3831 4613 νέας

646 4690 692 4721 ⁸ο
721 4690 888 4745 Hebr.
932 4707 1021 4755 ni,
1069 4692 1124 4747 5.

2100 4769 2306 4827 ΝΟΤΛΕ
2318 4813 2332 4827 .

575 4858 839 4931 tionesque
862 4868 1074 4931 propter
1126 4857 1395 4912 Christum
1428 4862 1656 4931 circa‘ea
1699 4870 1931 4931 tempora
1960 4864 2017 4917 in
2041 4864 2143 4919 Ec-

575 4927 731 4981 clesia
755 4927 762 4929 ⁷
790 4927 984 5002 faetas.
1022 4928 1213 5002 Putem
1253 4944 1362 5002 ego
1386 4944 1528 4982 nova
1579 4929 1713 5002 haec,
1740 4927 1973 5002 glossam
2019 4949 2141 4990 esse

574 5013 638 5051 ac
673 4998 1044 5067 paraphrasim
1081 4998 1175 5051 τοῦ
1205 4998 1365 5050 σαλοῦ
1389 5039 1403 5061 ,
1453 4998 1800 5068 quorlGneéa
1828 5002 2141 5059 Simeonem

574 5068 866 5142 appellant,
889 5069 1187 5142 redditque
1201 5068 1554 5142 _Anastasius,
1573 5068 1831 5126 Simeonis
1850 5074 2105 5142 simplicis
2126 5093 2140 5128 :

573 5138 724 5190 velut
766 5138 1028 5191 nimirum
1081 5139 1236 5201 fatui,
1296 5154 1359 5192 ac
1387 5147 1581 5193 emota;
1634 5143 1832 5195 mentis
1865 5138 2142 5199 hominem

574 5208 1046 5284 agentis,_qualcm
1076 5210 1373 5284 etiamnum
1421 5208 1567 5284 illius
1596 5211 1704 5264 vita
1723 5214 1948 5284 prodit,
1980 5230 2143 5284 quam

576 5277 742 5353 habet
794 5278 1037 5353 Sui-insi
1073 5278 1221 5353 Julii_,
1254 5294 1318 5353 ac
1367 5279 1669 5353 quibnsea
1706 5277 1795 5335 die
1832 5277 2137 5353 adscriptas

574 5348 1433 5422 habetur,_Roman:e_Ecclesia3
1505 5349 1704 5422 tabulis
1739 5367 1753 5403 :
1788 5348 2127 5422 proinde'que

574 5417 775 5491 frustra
826 5417 1089 5491 Baronius
1138 5418 1349 5491 Evagrii
1405 5417 1851 5491 Acontinuatore'm
1914 5417 2133 5491 quaerit,

573 5486 862 5543 Leontium
891 5489 1223 5544 Constantia:
1255 5486 1439 5557 Cypri,
1471 5489 1673 5557 quique
1727 5486 2128 5557 tribulationes,

570 5558 691 5627 sive
712 5560 893 5627 potius
929 5558 1267 5613 turbationes
1301 5568 1521 5627 propter
1547 5558 1822 5614 Christum
1853 5561 1906 5614 in
1937 5562 2130 5617 Eccle-

569 5628 913 5699 siaﬁMaurjtii
937 5630 1097 5683 annis
1141 5629 1534 5698 posterioribus
1571 5629 1921 5699 acpdeinceps
1959 5631 2127 5687 factas

569 5698 787 5752 scribat.
820 5697 955 5752 Nam
978 5697 1181 5767 quaeso.
1205 5714 1453 5767 quaenam
1480 5707 1612 5751 tunc
1638 5697 1692 5752 in
1718 5697 1958 5755 Ecclesia
1980 5700 2137 5757 facta:

568 5767 965 5837 tribulationes,
994 5784 1058 5822 ac
1096 5769 1434 5824 turbationes
1473 5778 1693 5837 propter
1733 5768 2030 5833 Christum,
2064 5788 2128 5826 ac

564 5834 768 5892 Christi
793 5837 936 5904 odio,
967 5837 1433 5894 Christianissimo
1463 5834 1790 5909 imperatore
1825 5839 2079 5897 Mauritio
2109 5843 2133 5898 ?

2248 4870 2426 4947 .Atque
2456 4881 2516 4928 ut
2538 4873 2777 4931 dandum
2802 4876 3004 4947 aliquid
3039 4877 3184 4932 malo
3215 4877 3527 4947 interpreti,
3563 4879 3823 4935 re'l'errent

2251 4940 2399 5022 hac
2422 4950 2667 5022 tempora
2710 4940 2908 5022 sancti'
2940 4948 3260 5022 Simeonis,‘
3278 4940 3445 5022 quem
3475 4940 3613 5022 νὶιὲ
3640 4960 3823 5022 auctor

2249 5013 2406 5082 ponit
2431 5013 2695 5069 claruisse
2721 5017 2823 5069 sub
2857 5015 3194 5069 Iustiniano.
3226 5013 3383 5082 Quod
3413 5019 3543 5074 item
3563 5018 3822 5072 Baronius

2249 5079 2587 5153 Constantia;
2624 5085 2938 5153 episcopum
2996 5085 3125 5139 facit
3172 5079 3493 5149 Leontium,
3544 5104 3701 5142 error
3745 5100 3821 5142 est

2250 5151 2423 5223 male_
2446 5151 2672 5223 confusa
2688 5155 2801 5223 sed
2851 5153 3277 5223 interloqueutis
3300 5157 3672 5223 Constantini,
3704 5176 3818 5211 eum

2250 5220 2637 5302 sedeALte‘ontii,
2668 5222 2735 5302 de
2761 5225 2959 5302 qno_is
2989 5220 3398 5296 interloquitur.
3436 5228 3607 5302 Plane
3636 5220 3696 5283 ut
3725 5245 3817 5302 no-

2234 5292 2403 5367 visset
2434 5292 3154 5367 Constantiaa'episcomtm,
3206 5292 3484 5367 suumque
3506 5298 3559 5351 in
3603 5314 3667 5351 ea
3696 5299 3817 5351 sede
3880 5314 3887 5323 '

2234 5360 2625 5438 decessorcm,_
2650 5378 2760 5438 non
2825 5360 3072 5438 dixisset,
3116 5366 3171 5438 in
3202 5384 3307 5438 una
3371 5360 3584 5421 urbium
3623 5367 3814 5438 Cypri:

2232 5431 2327 5485 sed
2356 5432 2585 5508 ροιξιιε,Δ
2611 5434 2668 5508 in
2696 5434 2813 5508 ipsa
2849 5433 3193 5508 constantia,
3238 5437 3292 5490 in
3321 5453 3430 5507 qua
3456 5454 3578 5492 sum
3611 5431 3816 5508 episeo-

2229 5516 2352 5579 pus,
2385 5501 2468 5579 vel
2492 5502 2626 5579 quid
2668 5501 2885 5579 simileL
2900 5503 3052 5579 N_ihi|_
3092 5501 3415 5579 constantia:
3451 5524 3578 5563 cum
3602 5501 3812 5579 δὲπρο-

2226 5571 2261 5623 li
2287 5572 2391 5635 illa,
2418 5571 2668 5636 Salamis,
2710 5573 2823 5627 sive
2853 5572 3152 5637 Salamina,
3194 5592 3257 5631 ac
3283 5578 3585 5635 novissime
3614 5571 3811 5633 Fama-

2226 5650 2421 5710 gusta:
2459 5643 2573 5716 hasc
2608 5652 2818 5716 nostro
2851 5644 3197 5716 rLusignano.
3251 5645 3529 5713 Nemosia,
3585 5650 3670 5703 vel
3721 5646 3813 5701 Le-

2246 5726 2423 5764 monce
2451 5711 2669 5778 Graecis,
2713 5712 2917 5767 Lemise
2970 5711 3121 5769 nova.
3158 5715 3282 5770 llazc
3314 5718 3493 5771 obiter
3517 5711 3809 5772 exsulllan-

2242 5780 2363 5851 dus,
2400 5791 2477 5838 tot
2495 5785 2597 5840 sub
2628 5799 2732 5839 una
2765 5783 2877 5840 fere
2900 5785 3126 5853 periodo
3152 5788 3426 5844 contentis
3457 5789 3674 5843 erratis.
