4034 6414
201 396 347 465 1535
1188 401 1443 463 SERMO
1484 402 1563 463 IN
1605 401 1794 462 MEDI

1853 402 1909 461 Μ
1943 402 2501 467 PENTECOSTEN.
3308 402 3443 466 1588

201 510 449 582 μετέχει,
472 508 546 573 ὠς
563 504 703 563 εἶναι
723 508 822 579 τὴν
835 509 1050 581 ἡμέραν
1068 511 1193 565 κατ’
1207 511 1493 584 ἀμφότερα
1508 512 1774 583 τιμᾶσθαι

1876 512 2148 583 particeps
2175 523 2299 579 est;
2335 514 2433 569 sed
2459 522 2516 569 et
2549 515 2867 586 utriusque,
2900 518 3101 573 veteris
3146 519 3351 587 pariter
3378 533 3441 572 ac

199 602 385 665 ἀξίαν.
405 600 465 656 '0
490 600 591 671 μὲν
614 600 722 670 γάρ
744 600 988 664 Μωσέως
1012 600 1175 671 νόμος
1201 601 1280 672 τῷ
1307 602 1617 672 Ἰσραηλίτῃ
1660 599 1776 671 λαῷ

1878 618 2053 669 novae,
2084 614 2145 658 ut
2168 604 2365 660 merito
2389 621 2454 659 ex
2482 613 2714 676 utraque
2744 606 3006 663 honorem
3049 607 3262 661 habeat.
3305 607 3444 659 Nam

199 692 442 761 ἔφασκε·
471 692 797 758 Μεσούσης
827 690 940 759 τῆς
968 689 1181 760 ἑορτῆς
1203 729 1219 755 ,
1248 690 1521 759 ποιήσεις
1557 689 1778 745 θυσίαν

1878 689 2091 763 Moyses
2124 692 2343 762 quidem
2374 693 2432 747 in
2481 695 2629 749 hunc
2655 694 2877 751 modum
2910 696 3112 766 populo
3151 694 3447 749 lsraelitico

202 783 405 850 Κυρίῳ
436 780 516 846 τῷ
555 780 678 847 Θεῷ
705 796 843 846 σου,
867 782 961 835 καὶ
984 781 1054 836 τά
1081 780 1231 852 ἑξῆς.
1247 782 1465 853 Ἐπειδὴ
1494 782 1573 845 δὲ,
1595 781 1778 847 καθὼς

1877 782 2133 837 sanciens
2160 783 2242 838 ait
2273 800 2287 838 :
2321 783 2493 839 Media
2518 786 2804 855 festivitate
2844 787 3004 857 facies
3037 788 3304 841 victimam
3338 786 3448 841 Do-

200 873 369 937 αύτὺς
393 875 421 926 ὁ
443 873 644 943 Κύριος
668 872 801 943 πρὸς
819 872 947 937 τοὺς
971 872 1262 937 Ἰουδαίους
1290 872 1491 943 ἔφησεν
1513 889 1528 905 ·
1558 875 1630 927 El
1658 873 1780 927 ἐπι-

1877 874 2020 927 mino
2047 872 2154 927 Deo
2188 883 2300 938 tuo,
2331 884 2440 930 etc.
2475 873 2543 929 “.
2599 874 2735 941 Quia
2765 885 2973 941 autem,
3013 876 3154 931 sicut
3191 875 3450 929 Dominus

202 967 508 1019 στεύσατε
523 964 780 1031 Μωῦσεῖ,
789 966 1184 1020 ἐπιστεύσατε
1202 964 1279 1019 ἂν
1297 965 1429 1034 ἐμοί
1444 982 1456 995 ·
1478 965 1609 1032 περὶ
1630 964 1778 1034 ἐμοῦ

1878 963 1994 1033 ipse
2016 964 2218 1020 Iudaeis
2240 965 2314 1020 ait
2350 983 2364 1020 :
2399 965 2459 1020 Si
2489 967 2839 1022 credidissem
2863 966 3047 1036 Moysi,
3078 966 3208 1019 mihi
3246 979 3449 1034 quoque

205 1057 322 1125 ⁸γὰρ
346 1057 577 1123 ἐκεῖνος
596 1056 891 1127 ἔγραψεν
915 1056 992 1121 ὡς
1010 1058 1306 1125 ἀναγκαῖον
1324 1056 1573 1110 ἐντεῦθεν
1596 1056 1777 1110 πάντα

1877 1057 2057 1127 utique
2067 1057 2416 1111 credidissetis
2436 1075 2449 1112 :
2470 1058 2533 1112 de
2559 1075 2640 1113 me
2664 1059 2802 1112 enim
2829 1058 2917 1112 ille
2934 1058 3142 1126 scripsit
3163 1057 3230 1112 “.
3247 1056 3450 1121 Quem-

202 1146 277 1201 τά
317 1148 564 1211 τυπικῶς
612 1148 670 1201 ὲν
718 1148 913 1219 ἐκείνῳ
957 1147 1341 1219 γεγραμμένα,
1380 1146 1774 1218 άλληγορικῶς,

1876 1149 2169 1203 admodum
2193 1150 2324 1205 inde
2349 1150 2716 1205 necessarium
2749 1150 3055 1215 conﬁcitur,
3086 1160 3145 1204 ut
3170 1147 3350 1203 omnia
3385 1146 3440 1200 in

202 1241 331 1309 ἦτοι
375 1239 665 1311 ἀληθινῶς,
703 1242 781 1303 εἰς
815 1241 911 1294 τὸν
959 1239 1163 1311 Κύριον
1207 1239 1610 1309 άναφέρεσθαιυ
1679 1239 1779 1294 καὶ

1877 1240 1994 1311 lege
2020 1256 2118 1310 per
2148 1242 2373 1311 ﬁguram
2405 1242 2603 1312 scripta
2628 1282 2643 1307 ,
2675 1242 2959 1313 allegorice
2985 1281 3000 1307 ,
3031 1256 3129 1296 seu
3162 1242 3279 1312 ipsa
3308 1238 3441 1295 veri—

201 1330 366 1385 τοῦτο
387 1330 449 1384 τὸ
480 1331 647 1404 μέρος
672 1334 753 1396 είς
779 1332 941 1385 αὑτὸν
972 1333 1376 1403 γεγραμμένον,
1410 1332 1516 1386 ἔδει
1552 1332 1649 1386 καὶ
1674 1333 1779 1386 ὑπ’

1881 1341 2011 1395 tate,
2060 1332 2118 1386 in
2149 1334 2437 1388 Dominum
2474 1334 2784 1389 referantur
2805 1373 2819 1397 ,
2848 1334 2922 1388 ita
2954 1343 3009 1388 et
3036 1342 3240 1403 partem
3278 1332 3441 1393 hanc.

202 1423 371 1475 αὐτοῦ
396 1424 714 1495 τιμηθῆναι.
744 1426 826 1479 Οὐ
858 1425 965 1495 γὰρ
994 1420 1143 1497 ἦλθε
1169 1425 1510 1481 καταλῦσαι
1542 1424 1651 1478 τὸν
1672 1425 1778 1479 νό-

1877 1439 2001 1493 qute
2029 1423 2085 1477 in
2118 1439 2244 1478 eum
2291 1424 2490 1496 scripta
2528 1434 2693 1490 esset,
2733 1424 2804 1479 ab
2839 1439 2907 1479 eo
2938 1438 3157 1493 quoque
3190 1422 3442 1477 honorari

198 1529 345 1582 μον,
371 1513 534 1567 ἀλλὰ
555 1513 768 1569 τοῦτον
786 1516 1119 1586 πληρῶσαι,
1147 1517 1241 1570 καὶ⁵
1264 1515 1387 1570 ἀντὶ
1409 1515 1779 1587 στοιχειώδους

1876 1516 2118 1585 oportuit
2144 1534 2159 1569 :
2188 1515 2309 1569 Non
2342 1518 2482 1571 enim
2510 1517 2649 1571 venit
2670 1516 2867 1571 soluere
2897 1516 3061 1586 legem
3086 1556 3100 1580 ,
3136 1515 3229 1568 sed
3270 1515 3446 1567 adim-

206 1606 306 1659 καὶ
355 1604 611 1672 ἀτελοῦς,
642 1606 1011 1678 πνευματικὸν
1057 1609 1155 1662 καὶ
1200 1608 1407 1662 τέλειον
1452 1608 1776 1679 ἀπεργάσα-

1880 1608 2020 1677 ρίετε
2048 1608 2114 1672 ⁸⁸,
2144 1615 2312 1677 atque
2338 1608 2726 1663 elementarem
2765 1622 2829 1662 ac
2856 1605 3263 1677 imperfectam,
3292 1604 3451 1674 spiri—

207 1698 359 1752 σθαι.
1882 1698 2042 1754 talem
2070 1708 2232 1768 atque
2255 1698 2549 1769 perfectam
2581 1697 2813 1754 efﬁcere.

287 1793 405 1860 Τῆς
431 1792 611 1847 τοίνυν
642 1792 855 1863 ἑορτῆς
879 1794 1213 1862 μεσούσης,
1241 1791 1319 1855 ὣς
1344 1808 1506 1863 φησιν
1528 1790 1779 1863 Ἰωάννης

1956 1788 2053 1844 Die
2081 1790 2246 1861 igitur
2274 1791 2404 1861 festo
2427 1792 2709 1856 mediante,
2740 1792 2918 1862 inquit
2946 1790 3186 1846 Joannes
3230 1803 3452 1859 evange-

201 1888 233 1940 δ
262 1885 679 1956 εύαγγελιστὴς,
714 1886 894 1951 ἀνέϐη
926 1888 959 1940 ὁ
994 1884 1234 1954 Ἰησοῦς
1262 1886 1351 1951 είς
1372 1884 1437 1938 τὸ
1465 1883 1646 1953 ἱερὸν,
1683 1883 1781 1938 καί

1882 1882 2027 1947 lista,
2055 1883 2289 1937 ascendit
2310 1882 2460 1938 Iesus
2490 1884 2546 1937 in
2576 1884 2847 1955 templum,
2877 1893 2926 1939 et
2946 1883 3160 1938 docebat
3183 1881 3250 1937 “.
3277 1880 3453 1947 Quan-

201 1972 549 2028 ἐδίδασκεν.
581 1974 642 2026 Et
670 1973 779 2044 γάρ
809 1974 903 2027 καὶ
946 1974 1046 2043 τῆς
1078 1973 1462 2044 Σκηνοπηγίας
1500 1965 1569 2043 ἦν
1593 1972 1777 2044 ἑορτὴ,

1879 1989 2043 2044 quam
2094 1974 2241 2030 enim
2290 1976 2411 2031 dies
2454 1974 2628 2032 festus
2652 1976 3001 2049 Scenopegia:
3035 1984 3153 2031 erat
3176 2016 3189 2039 ,
3223 1989 3347 2029 cum
3386 1988 3454 2027 eo

197 2066 300 2119 ὅτε
349 2063 624 2135 μεσούσης
671 2065 846 2135 αὐτῆς
884 2064 1054 2135 ἀνέϐη
1087 2066 1117 2118 ὁ
1147 2063 1353 2135 Ἰησοῦς
1379 2066 1459 2128 είς
1489 2064 1552 2118 τὸ
1596 2063 1776 2136 ίερόνο

1885 2065 2158 2121 mediante
2201 2066 2359 2122 Jesus
2396 2068 2452 2121 in
2497 2069 2757 2138 templum
2792 2068 3076 2134 ascendit,
3127 2068 3232 2123 hoc
3271 2078 3451 2120 tamen

202 2156 328 2209 ἀλλ’
360 2155 485 2226 ἐμοὶ
537 2155 633 2209 νῦν
678 2158 806 2227 περὶ
838 2156 1016 2220 τοῦτο,
1050 2154 1215 2227 μέσον
1249 2154 1513 2227 πολλαχοῦ
1535 2156 1636 2222 τῆς
1665 2155 1778 2209 Πα-

1882 2157 2057 2212 solum
2115 2158 2170 2212 in
2226 2160 2640 2229 praesentiarum
2695 2160 2856 2215 velim
2889 2170 3213 2223 ostensum.
3271 2157 3456 2215 multis

202 2249 372 2311 λαιᾶς
400 2248 495 2303 καὶ
525 2246 669 2312 Νέας
695 2247 967 2319 διαθήκης
993 2248 1277 2320 τιμᾶσθαι,
1294 2248 1325 2301 ό
1350 2248 1569 2312 σκοπὸς,
1589 2248 1665 2312 ὡς
1688 2250 1783 2303 καὶ

1883 2248 2093 2305 Veteris
2114 2264 2269 2320 atque
2314 2266 2377 2305 ac
2400 2248 2541 2306 Novi
2585 2248 2923 2306 Testamenti
2964 2251 3100 2306 locis
3127 2294 3141 2317 ,
3191 2251 3452 2305 honorem

204 2339 307 2393 ἐπὶ
339 2339 420 2410 τῷ
454 2338 600 2392 τέλει
628 2337 830 2411 προῖὼν
865 2339 1064 2405 ἔδειξεν
1099 2341 1127 2393 ὁ
1164 2339 1342 2408 λόγος.
1360 2339 1569 2407 Ἀνέϐη
1603 2338 1782 2393 τοίνυν

1884 2342 2063 2397 medio
2102 2342 2313 2406 haberi,
2362 2342 2439 2397 uti
2489 2343 2652 2398 etiam
2681 2342 2856 2398 oratio
2894 2358 3154 2412 processu
3198 2343 3248 2394 in
3290 2341 3452 2394 ﬁnem

203 2435 243 2485 ό
281 2431 519 2498 Ἰησοῦς
548 2431 634 2496 είς
661 2430 731 2485 τὸ
760 2429 923 2499 ἱερὸν
956 2431 1055 2484 καί
1084 2429 1385 2485 ἐδίδασκε.
1416 2430 1653 2485 Πάντοτε
1677 2432 1784 2485 nd-

1883 2432 2137 2487 ostendit.
2165 2434 2415 2488 Ascendit
2448 2434 2630 2505 itaque
2665 2434 2815 2489 Iesus
2840 2435 2895 2487 in
2926 2433 3195 2503 templum,
3228 2441 3275 2485 et
3303 2430 3454 2483 doce-

209 2540 302 2576 σιν
334 2522 622 2593 ὲπωφιλὴς
676 2523 771 2576 καὶ
814 2522 1080 2593 σωτήριος
1128 2523 1161 2593 ή
1207 2521 1443 2594 Χριστοῦ
1486 2523 1780 2595 παρουσία.

1884 2522 1994 2576 bat.
2026 2522 2291 2580 Omnibus
2310 2525 2455 2579 omni
2486 2526 2608 2580 loco
2636 2526 2786 2580 utilis
2807 2533 2891 2580 est
2911 2539 2977 2579 ac
2998 2522 3227 2577 salubris
3252 2520 3451 2575 Christi

220 2614 315 2667 Ἐν
368 2612 501 2685 ίερῷ
545 2613 823 2675 διδάσκει,
877 2613 1124 2683 φωτίζων
1170 2615 1295 2678 τοὺς
1336 2614 1675 2678 άκούοντας’
1726 2614 1786 2668 ὲν

1887 2616 2171 2685 praesentia
2214 2615 2427 2672 Docens
2447 2617 2502 2672 in
2527 2617 2751 2687 templo,
2771 2616 3047 2671 auditores
3073 2613 3340 2668 illuminat
3367 2613 3450 2676 “;

198 2704 502 2768 πλατείαις
532 2703 954 2775 θαυματουργεῖ,
978 2707 1105 2770 τοὺς
1130 2705 1486 2768 ἀσθενοῦντας
1516 2705 1747 2777 ἰώμενος
1765 2721 1782 2739 ο

1885 2707 2139 2762 miracula
2171 2708 2227 2762 in
2256 2709 2465 2778 platazis
2490 2718 2730 2780 patrans,
2770 2708 3017 2763 inﬁrmos
3041 2715 3230 2771 sanat;
3277 2703 3455 2759 convi-

209 2798 275 2849 ὲν
317 2796 642 2866 συμποσίοις
687 2796 849 2860 σώζει
884 2796 1262 2867 ⁴ιίιμαρτωλοῦς
1311 2797 1737 2869 ἐπιστρέφοντας
1766 2813 1781 2827 ·

1886 2798 1989 2852 viis
2017 2799 2341 2855 assistens“
2363 2817 2379 2868 ;
2405 2810 2718 2870 peccatores
2746 2801 2814 2856 ad
2844 2800 3126 2855 meliorem
3162 2812 3455 2853 conversos

208 2891 275 2941 ὲν
320 2888 597 2951 τελωνίοις
643 2887 878 2960 ἁρπάζει
930 2888 1069 2959 πρὸς
1117 2888 1414 2959 μαθητείαν
1450 2891 1576 2952 τοὺς
1601 2889 1785 2961 ἅρπα-

1887 2890 2093 2962 frugem
2110 2892 2284 2947 salvat
2299 2892 2374 2959 ";
2397 2892 2450 2947 in
2468 2894 2683 2949 teloniis
2693 2902 2941 2963 raptores
2955 2892 3055 2947 sibi
3080 2891 3132 2944 in
3158 2889 3455 2959 discipulos

210 2995 354 3046 γας·
401 2980 461 3033 ὲν
493 2978 700 3042 πλοίοις
740 2976 1048 3040 καθεύδων,
1074 2979 1449 3049 κατακοιμίζει
1496 2982 1562 3051 τῇ
1609 2982 1786 3033 ἐπιτι-

1887 2983 2027 3052 rapit
2041 2981 2087 3015 “
2108 3001 2123 3050 ;
2149 2983 2205 3037 in
2220 2984 2449 3056 navigiis
2469 2985 2747 3040 dormiens
2765 2985 2833 3049 δ’,
2861 2991 3237 3053 tempestatem
3274 2983 3456 3035 incre-

214 3071 387 3141 μήσει
440 3069 533 3123 τὸν
588 3069 837 3124 κλύδωνα
860 3084 873 3099 ⁸
933 3069 1105 3133 ἁλιεῖς
1159 3069 1393 3139 ἰχθύων,
1452 3072 1787 3142 σαγηνευτὰς

1888 3074 2069 3144 pando
2099 3076 2252 3130 sedat
2280 3093 2292 3130 :
2325 3076 2624 3146 piscatores
2653 3076 2910 3146 piscium,
2939 3074 3128 3129 mundi
3157 3073 3455 3143 piscatores

210 3162 558 3217 ἀναδείκνυσι
607 3162 838 3234 κόσμου,
870 3162 1013 3217 οὓτω
1051 3164 1108 3215 ὲν
1156 3162 1319 3215 παντὶ
1362 3162 1511 3233 τόπῳ
1552 3162 1783 3218 πάντοτε

1889 3166 2017 3223 facit
2043 3169 2111 3235 ⁵⁰;
2142 3168 2221 3223 sic
2250 3170 2453 3240 ubique
2506 3170 2762 3225 omnibus
2798 3168 2948 3223 utilis
2994 3181 3058 3222 ac
3093 3166 3324 3221 salubris
3368 3164 3455 3218 illa

214 3256 386 3308 πᾶσιν
416 3251 706 3323 ὲπωφελὴς
754 3253 850 3307 καὶ
887 3254 1152 3324 σωτήριος
1208 3254 1242 3322 ή
1291 3250 1528 3324 Χριστοῦ
1578 3270 1784 3325 παρουο

1885 3260 2086 3316 Christi
2124 3262 2410 3331 praesentia
2443 3270 2546 3317 est.
2598 3262 2869 3317 Caeterum
2926 3259 3209 3315 videamus
3250 3257 3454 3326 impro-

214 3345 333 3399 σία.
390 3344 529 3398 Ἀλλ’
566 3345 768 3414 ἴδωμεν
811 3345 939 3409 τοὺς
992 3344 1317 3415 ἀγνώμονας
1375 3344 1682 3411 Ἰουδαίους,
1733 3345 1785 3399 τί

1884 3353 1983 3407 bos
2012 3350 2250 3415 Judaros,
2283 3352 2414 3422 quid
2442 3368 2508 3407 ex
2538 3352 2837 3407 Salvatoris
2890 3351 3139 3407 doctrina
3186 3347 3454 3404 commodi

212 3438 330 3508 ἄρα
361 3437 427 3490 ὲκ
462 3436 558 3505 τῆς
589 3435 683 3489 τοῦ
716 3434 967 3505 Σωτῆρος
1003 3435 1351 3500 διδασκαλίας
1392 3435 1783 3507 ὠφελήθησαν·

1886 3445 2167 3500 consecuti
2206 3445 2353 3509 sint;
2390 3458 2487 3499 seu
2521 3444 2691 3515 magis
2717 3443 3026 3499 Judaeorum
3051 3440 3457 3511 principes,qui

219 3527 425 3599 μᾶλλον
468 3528 526 3582 δὲ
565 3527 692 3590 τοὺς
740 3527 848 3580 τῶν
888 3526 1158 3581 Ἰουδαίων
1205 3528 1508 3599 ἄρχοντας,
1559 3529 1787 3594 ΟΖτινες

1888 3534 2168 3599 nimirum,
2223 3534 2494 3587 hominum
2522 3532 2750 3604 gloriam
2780 3532 3054 3602 diligentes
3086 3531 3254 3600 magis
3300 3544 3456 3597 quam

216 3620 337 3687 τὴν
364 3618 551 3682 δόξαν
589 3616 711 3671 τῶν
738 3616 1080 3685 ἀνθρώπων,
1119 3618 1272 3686 ὑπὲρ
1322 3618 1433 3686 τὴν
1463 3617 1653 3684 δόξαν
1681 3620 1787 3674 τοῦ

1887 3626 2116 3695 gloriam
2143 3626 2239 3680 Dei
2276 3626 2322 3658 “
2356 3667 2371 3691 ,
2398 3625 2503 3680 hoc
2527 3634 2630 3689 est,
2663 3626 2842 3679 vocari
2885 3624 3053 3678 Rabbi
3076 3624 3121 3655 ⁸⁸
3157 3637 3327 3687 ;vere
3371 3620 3456 3674 illa

215 3710 374 3766 Θεοῦ
396 3752 411 3775 ,
454 3711 574 3781 ήτοι
609 3709 671 3762 τὸ
714 3709 1025 3763 καλεῖσθαι
1094 3709 1291 3763 Ῥαόϐί
1316 3749 1332 3774 ,
1380 3711 1784 3783 ἀγαπήσαντες,

1888 3716 2217 3772 inauferibili
2244 3715 2433 3786 gloria,
2476 3714 2603 3782 ﬁde,
2641 3716 2881 3785 inquam,
2918 3714 2971 3767 in
3020 3712 3334 3776 Christum,
3368 3725 3458 3765 se-

220 3804 320 3872 τῆς
347 3802 513 3864 ὅντως
563 3801 934 3871 άναποόλήτου
981 3798 1175 3870 δόξης,
1231 3799 1374 3869 λέγω
1427 3800 1513 3872 δὴ,
1563 3801 1665 3870 τῆς
1708 3803 1788 3866 είς

1890 3808 2039 3879 ipsos
2066 3808 2373 3877 privarunt.
2406 3806 2564 3872 Quod
2592 3807 2736 3860 enim
2767 3821 2877 3860 non
2908 3804 3063 3874 pauci
3092 3819 3155 3857 ex
3197 3803 3288 3856 illo
3316 3810 3456 3856 coetu

221 3893 459 3965 Χριστὸν
507 3892 761 3957 πίστεως,
796 3893 1019 3955 ἑαυτοὺς
1059 3891 1459 3962 ἀπεστέρησαν.
1523 3894 1677 3947 Ἐπεὶ
1705 3896 1789 3949 ὅτι

1888 3899 2237 3964 crediderint,
2256 3899 2494 3953 declarat
2508 3898 2850 3968 postmodum
2867 3895 3214 3965 evangelista,
3233 3894 3421 3948 dicens
3440 3910 3455 3945 :

219 3989 289 4039 ὲκ
321 3982 414 4037 τοῦ
445 3984 681 4052 πλήθους
710 3984 886 4037 αὐτῶν
915 3984 1240 4038 ἐπίστευσαν
1266 3984 1365 4037 οὐκ
1405 3984 1615 4052 ὀλίγοι,
1660 4003 1790 4055 μετα

1892 3989 1969 4043 De
2001 3990 2153 4043 turba
2191 3999 2368 4043 autem
2426 3990 2580 4044 multi
2616 3990 2947 4043 crediderunt
2993 3988 3051 4040 in
3104 4002 3221 4040 eum
3278 3985 3344 4040 ⁸³.
3408 3984 3449 4038 Ii

219 4078 417 4129 ἐπειτα
454 4077 483 4128 ὁ
514 4074 901 4144 εὐαγγελιστὴς
934 4074 1215 4145 σαφηνίζει
1247 4074 1499 4142 φάσκωνο
1544 4076 1644 4129 Ἐκ
1683 4076 1789 4130 τοῦ

1890 4096 2019 4151 ergo
2047 4080 2139 4149 qui
2189 4080 2491 4135 ineonsona
2519 4081 2588 4136 de
2613 4088 2945 4150 praeceptore
2973 4078 3301 4149 cogitabant,
3351 4074 3460 4129 Deo

216 4164 342 4224 οὖν
372 4166 582 4236 ὄχλου,
608 4166 827 4221 πολλοὶ
850 4167 1220 4222 ἐπίστευσαν
1242 4170 1329 4234 είς
1352 4168 1557 4222 αὐτόν.
1612 4170 1675 4222 Οἱ
1696 4165 1793 4225 οὖν

1889 4169 2093 4225 odibile
2118 4170 2411 4227 concilium
2440 4170 2570 4223 illud
2598 4179 2735 4235 erat,
2763 4169 3102 4237 pontiﬁcum,
3137 4167 3460 4230 scribarum,

218 4263 296 4314 τὰ
325 4259 647 4331 άπρόσφορα
677 4260 805 4329 περὶ
851 4257 944 4312 τοῦ
993 4258 1308 4313 διδασκάλου
1356 4259 1787 4331 ἐνθυμούμενοι,

1890 4275 1955 4314 ac
1975 4258 2302 4328 reliquorum
2331 4259 2645 4328 principum
2672 4274 2687 4322 ;
2711 4258 2803 4326 qui
2838 4257 3098 4310 nimirum
3124 4255 3352 4309 Domino
3373 4255 3452 4310 do-

219 4352 289 4407 τδ
334 4351 588 4422 θεομισὲς
627 4350 841 4421 ὑπῆρχε
882 4349 991 4404 τῶν
1037 4350 1340 4422 ἀρχιερέων
1386 4354 1487 4406 καὶ
1528 4370 1792 4424 γραμμα-

1892 4356 2070 4413 cente,
2097 4347 2352 4403 dicebant
2413 4364 2427 4402 :
2482 4346 2751 4411 Quomodo
2796 4343 2879 4397 hic
2936 4343 3139 4397 litteras
3178 4344 3292 4406 scit,
3347 4359 3465 4395 cum

222 4449 364 4501 τέων
393 4445 488 4504 καὶ
516 4432 717 4499 λοιπῶν
747 4444 1022 4513 ἀρχόντων
1054 4444 1351 4514 συνέδριον,
1390 4445 1588 4508 οἵτινες
1643 4446 1791 4501 διδά-

1893 4456 1999 4493 ιιοιι
2023 4438 2267 4493 didicerit
2298 4438 2386 4492 “?
2424 4435 2703 4507 Ejusmodi
2727 4443 2911 4489 autem
2941 4448 3041 4488 vox
3088 4442 3144 4487 et
3190 4432 3462 4503 c0gitatio,

225 4553 450 4599 σκοντος
480 4534 574 4590 τοῦ
606 4536 809 4605 Κυρίου
838 4534 1073 4602 ἔφασκον
1097 4549 1111 4565 ο
1143 4533 1266 4599 thin,
1288 4529 1467 4600 οὗτος
1488 4534 1794 4604 ψάμματα

1896 4528 2217 4584 Judazorum
2258 4524 2630 4582 obedientiam
2672 4531 2913 4587 accusat,
2946 4522 3037 4592 qui
3086 4520 3218 4592 legis
3253 4535 3466 4588 semper

224 4624 391 4683 οἶδεν
412 4624 499 4696 μὴ
524 4624 874 4696 μεμαθηκώς
891 4640 912 4687 ;
959 4624 1025 4676 Ἡ
1066 4623 1124 4676 δὲ
1177 4624 1399 4695 τοιαύτη
1430 4624 1579 4696 φωνή
1611 4641 1669 4678 τε
1698 4626 1792 4679 καὶ

1898 4637 1961 4677 ac
1974 4621 2361 4690 prophetarum
2388 4616 2659 4673 mandatis
2680 4614 2881 4671 fuerint
2908 4612 3196 4668 adversati.
3228 4609 3465 4665 Dicenda

223 4719 425 4779 ἔννοια.
462 4718 755 4787 κατηγορεῖ
784 4715 883 4784 τῆς
919 4713 1026 4767 τῶν
1077 4714 1340 4767 Ἰουδαίων
1387 4714 1670 4781 ἀνηκοΐας,
1714 4716 1794 4781 ὠς

1899 4712 2069 4777 enim,
2095 4711 2363 4776 Quomodo
2401 4710 2485 4763 hic
2515 4710 2611 4764 scit
2637 4708 2866 4771 litteras,
2898 4723 3017 4760 cum
3042 4721 3143 4758 non
3179 4703 3466 4758 didicerit?

224 4809 339 4869 τοῖς
364 4807 609 4875 νομικοῖς
640 4806 734 4858 καὶ
765 4806 1120 4874 προφητικοῖς
1145 4803 1532 4874 πραγγέλμασι
1563 4804 1794 4860 πάντοτε

1898 4808 2087 4871 aperte
2134 4800 2396 4867 indicant,
2426 4809 2556 4855 tunc
2579 4799 2864 4853 Dominum
2887 4813 2955 4851 ex
2982 4796 3198 4866 scriptis
3231 4794 3362 4865 legis
3402 4809 3467 4847 ac

229 4898 465 4952 ὲνάντιοι
519 4897 799 4965 γεγόνασι.
850 4894 925 4948 Τὸ
976 4894 1085 4965 γὰρ
1154 4895 1323 4965 φῆσαι
1370 4896 1601 4960 αὐτούς’
1664 4897 1797 4965 Πῶς

1902 4892 2312 4964 prOphetarum,
2346 4890 2691 4947 contexuissc
2718 4889 3043 4944 doctrinam.
3078 4886 3231 4952 Quod
3262 4886 3465 4954 itaque,

227 4986 410 5055 οὗτος
456 4987 762 5058 γράμματα
807 4983 932 5042 οἵδε
958 4986 1045 5057 μὴ
1084 4987 1477 5057 μεμαθηκώςς
1526 4988 1797 5043 δείκνυσιν

1902 4998 1969 5037 ex
2000 4981 2296 5051 Scripturis
2325 4982 2567 5049 doceret,
2602 4996 2911 5050 quanquam
2936 4994 3046 5033 non
3074 4978 3342 5033 didicerat
3372 4979 3464 5032 lit-

225 5083 308 5134 ὅτι
342 5081 406 5134 ἐκ
458 5079 720 5149 νομικῶν,
743 5079 862 5150 ἦτοι
886 5078 1271 5149 προφητικῶν,
1306 5080 1651 5149 γραμμάτων
1700 5081 1798 5151 τὴν

1905 5085 2066 5140 teras,
2105 5075 2309 5130 invidia
2335 5075 2387 5129 in
2423 5075 2602 5144 ipsum
2639 5074 2761 5145 (nec
2787 5073 2931 5127 enim
2961 5070 3339 5139 admiratione)
3365 5071 3464 5124 ob-

225 5169 579 5225 διδασκαλίαν
605 5170 633 5221 ὁ
662 5167 851 5238 Σωτὴρ
888 5168 947 5221 τὸ
993 5167 1292 5239 τηνικαῦτα
1320 5165 1602 5237 ὲξύφηνεν.
1637 5168 1798 5221 Ὅθεν

1905 5173 2185 5233 stupentes
2205 5164 2461 5219 dixerunt
2493 5181 2505 5216 :
2537 5162 2804 5227 Quomodo
2838 5163 2920 5215 hic
2957 5162 3053 5215 scit
3082 5160 3303 5225 litteras,
3348 5176 3466 5212 cum

194 5263 304 5326 Δὡς
378 5259 443 5326 ἐξ
486 5260 779 5333 ἐγγράφων
828 5260 1191 5323 διδάσκοντος,
1243 5259 1443 5330 καίπερ
1497 5260 1787 5329 γράμματα

1902 5270 2007 5308 non
2034 5242 2273 5310 didicerit
2308 5258 2333 5313 ?
2381 5254 2660 5325 Siquidem
2684 5256 2852 5319 enim,
2886 5269 3044 5309 secus
3076 5268 3166 5307 res
3209 5252 3462 5312 habebat,

230 5356 310 5425 μὴ
366 5351 699 5425 μεμαθηκὼς
730 5392 745 5416 ,
808 5353 936 5422 περ)⁵
989 5352 1149 5405 αὑτὸν
1207 5351 1480 5423 φθονερῶς
1540 5351 1631 5421 (ού
1694 5352 1803 5422 γάρ

1902 5362 2226 5416 novamque,
2252 5355 2413 5416 atque
2441 5348 2705 5402 hactenus
2726 5346 2983 5417 ignotam,
3018 5362 3193 5415 neque
3222 5344 3468 5411 Scriptu-

230 5444 678 5516 θαυμαστικῶς),
722 5446 1061 5515 ἐξιστάμενοι
1110 5445 1378 5514 ἔφασκον
1435 5441 1566 5510 Πῶς
1620 5439 1801 5510 οὗτος

1906 5438 1981 5493 ris
2011 5438 2263 5493 traditam
2316 5440 2618 5494 doctrinam
2664 5439 2988 5509 exponebat,
3026 5436 3225 5490 frustra
3278 5434 3468 5489 fuisset

232 5535 542 5606 γράμματα
573 5534 735 5588 οἶδεν
761 5534 848 5603 μὴ
874 5533 1269 5604 μεμαθηκώς-ς
1297 5533 1359 5585 Ei
1389 5531 1495 5601 γάρ
1537 5530 1611 5603 μὴ
1641 5530 1800 5584 τοῦτο

1905 5530 1995 5586 ille
2018 5540 2230 5601 stupor,
2262 5530 2404 5601 quod
2435 5546 2543 5585 non
2588 5529 2753 5585 sciret
2785 5528 3013 5584 litteias.
3046 5525 3121 5579 Ea
3151 5541 3278 5578 vero
3319 5522 3466 5594 cogi-

307 5692 348 5720 "
388 5689 559 5744 Exod.
585 5706 693 5752 χιχ,
727 5689 818 5743 22.
894 5689 939 5721 δ’
967 5688 1125 5743 Joan.
1156 5706 1208 5753 ν,
1242 5688 1330 5743 46.
1406 5688 1450 5720 ⁸³
1472 5688 1660 5742 Matth.
1692 5705 1743 5749 v.
1774 5688 1857 5742 18.

1935 5686 2155 5743 “Joan.
2181 5705 2277 5752 vn,
2308 5687 2391 5742 li.
2468 5688 2511 5718 ⁸³
2537 5687 2694 5741 Joan.
2722 5700 2815 5737 vn.
2851 5683 2933 5737 Μ.
3013 5681 3056 5714 ⁸⁸
3083 5680 3244 5736 Marc.
3276 5698 3347 5746 νι,
3380 5681 3465 5736 56.

231 5762 276 5800 δ’
306 5760 436 5822 Luc,
470 5775 567 5826 vn,
599 5760 686 5814 48.
761 5759 807 5793 ⁸⁸
822 5760 1016 5812 Matth.
1046 5774 1118 5823 XI,
1149 5760 1201 5813 9.
1280 5758 1323 5789 ⁸ο
1346 5758 1531 5815 Matth.
1560 5775 1675 5825 vm,
1703 5759 1791 5813 :26.

1873 5760 1911 5792 ⁵ο
1933 5757 2120 5814 Matth.
2155 5776 2225 5825 νι,
2251 5762 2303 5813 9.
2378 5758 2419 5788 "
2453 5757 2607 5811 Joan.
2634 5771 2727 5821 xu,
2756 5755 2845 5810 45.
2921 5756 2966 5787 δ’
2993 5753 3183 5809 Matth.
3228 5768 3380 5820 um,
3416 5754 3466 5807 7.

237 5833 282 5864 ⁵³
310 5829 473 5885 Joan.
507 5846 601 5898 vn,
637 5831 725 5885 5|.
801 5830 846 5862 5‘
873 5827 1031 5885 loan.
1072 5844 1166 5893 vti,
1205 5828 1283 5882 l5.
