4058 6426
590 387 721 454 i587

1575 397 1883 459 LEONTII
1914 398 2425 459 NEAPOLITANI
2469 395 2804 458 EPISCOPI

3704 389 3831 454 1588

588 503 792 556 :atione
815 499 1021 567 relicta,
1051 500 1310 556 dixerunt
1342 501 1572 558 invicem
1603 523 1615 558 :
1667 504 1775 560 Nos
1811 507 2004 560 scimus
2027 506 2152 575 quia

2268 500 2343 576 ἣν,
2377 503 2515 558 ἀλλά
2544 503 2736 574 καινὴν
2771 503 2865 556 καὶ
2899 502 3068 572 μήπω
3095 499 3470 572 ἐγνωσμένην,
3521 499 3554 571 ἢ
3597 517 3832 574 γεγραμ-

584 587 747 656 Μοῃεί
798 587 999 641 locutus
1029 598 1103 642 est
1153 588 1286 642 Deus
1329 589 1374 620 ⁸⁸
1423 607 1436 643 :
1479 591 1616 646 hunc
1671 604 1847 647 autem
1905 595 2159 648 nescimus

585 681 721 732 unde
749 681 839 733 sit.
864 679 1053 736 Omnis
1076 683 1222 736 enim
1250 682 1551 752 iniquitatis
1577 686 1790 752 modus,
1815 685 2160 756 perindeillis

586 772 878 840 expeditus
899 782 983 828 est
1015 791 1030 839 ;
1058 774 1264 829 idcirco
1315 775 1478 830 etiam
1526 787 1755 847 utraque
1795 777 2007 832 ratione
2032 793 2161 847 per-

588 873 909 919 manserunt
933 865 1194 922 increduli
1225 865 1446 923 Christo
1479 907 1496 933 ,
1549 884 1673 923 cum
1722 869 1939 939 quidem
1970 869 2161 939 legalia

590 968 652 1007 ac
696 955 1016 1024 prophetica
1063 956 1390 1013 documenta
1429 969 1781 1030 proponeret,
1831 962 2161 1016 calumniam

590 1042 909 1110 inferentes,
941 1054 1197 1116 tanquam
1222 1057 1341 1104 arte
1373 1050 1579 1118 magica
1602 1050 1886 1106 scientiam
1921 1051 2039 1106 sine
2069 1052 2161 1106 lit-

593 1135 727 1188 teris
747 1145 1116 1204 comparasset
1145 1154 1160 1203 ;
1189 1152 1313 1193 cum
1348 1147 1530 1193 autem
1567 1140 1790 1196 doceret
1831 1156 1950 1206 sua,
1979 1142 2158 1197 eidem

589 1226 1053 1283 contradicentes.
1086 1228 1158 1282 Tu
1193 1231 1256 1283 de
1298 1233 1462 1299 teipso
1505 1233 1860 1287 testimonium
1888 1235 2165 1303 perhibes?

590 1319 949 1374 testimonium
998 1331 1146 1376 tuum
1176 1340 1279 1377 non
1315 1335 1389 1378 est
1414 1342 1595 1380 verum
1619 1328 1686 1381 “.
1718 1324 1878 1382 Omni
1912 1343 2040 1398 ergo
2071 1343 2162 1383 ra-

590 1410 738 1466 tione
766 1411 925 1466 venia
959 1422 1169 1480 carent,
1206 1414 1518 1471 Iudaeorum
1545 1417 1840 1488 principes,
1875 1433 1977 1473 nec
2002 1417 2159 1488 quid-

590 1518 752 1571 quam
791 1503 1017 1559 omnino
1045 1505 1236 1561 volunt
1268 1507 1471 1582 juvari.
1522 1506 1771 1564 Salvator
1809 1509 2165 1565 nihilominus

592 1595 776 1650 innata
805 1596 894 1651 illa
917 1612 1014 1653 sua
1042 1599 1330 1655 clementia
1358 1601 1556 1667 victus,
1601 1618 1711 1657 non
1743 1603 1928 1658 statim
1963 1603 2036 1659 ita
2080 1605 2163 1658 lo-

592 1695 825 1755 quentes
857 1699 1141 1746 aversatus
1170 1700 1278 1757 est,
1313 1692 1412 1748 sed
1463 1693 1744 1764 respondit
1775 1695 1875 1761 eis,
1936 1695 2158 1765 aitque:

592 1781 714 1832 Mca
749 1780 989 1834 doctrina
1012 1797 1116 1835 non
1149 1793 1226 1837 est
1262 1800 1400 1847 mea,
1423 1785 1515 1838 sed
1548 1785 1661 1855 ejus
1687 1786 1778 1855 qui
1809 1786 1951 1840 misit
1985 1803 2064 1840 me
2091 1788 2156 1843 ⁸⁷.

593 1865 695 1929 Qui
729 1867 873 1921 enim
905 1882 1001 1922 eos
1028 1868 1213 1936 sciret,
1246 1871 1496 1941 facientes
1527 1851 1739 1926 irritam
1763 1872 1944 1944 legem,
1975 1891 2040 1926 ac
2066 1875 2158 1928 do-
2196 1851 2237 1906 Β

592 1965 763 2010 centes
798 1957 1067 2013 doctrinas
1095 1976 1163 2014 ac
1200 1962 1454 2015 mandata
1489 1962 1759 2017 hominum
1784 1964 1870 2018 "z
1901 1965 2162 2034 repulisse

593 2063 808 2117 quoque
859 2050 1169 2120 prophetas,
1203 2052 1438 2107 dicendo
1474 2054 1603 2108 huic
1642 2071 1655 2107 :
1699 2054 1822 2108 Non
1869 2056 2162 2110 nominabis

594 2154 781 2191 nomen
815 2137 1026 2193 Domini
1052 2142 1095 2173 ⁸⁸
1130 2140 1248 2195 :illi
1277 2149 1460 2196 autem
1497 2159 1510 2196 :
1551 2141 1652 2207 Qui
1684 2144 1824 2197 vides
1878 2146 2073 2209 recede,
2115 2155 2162 2198 et

592 2233 723 2284 vade
748 2233 803 2284 in
837 2242 1033 2286 terram
1055 2243 1221 2301 tuam,
1243 2244 1292 2288 et
1313 2235 1385 2288 ibi
1410 2237 1520 2289 vive
1550 2274 1565 2296 ,
1613 2245 1662 2290 et
1701 2236 1771 2290 ibi
1789 2237 2120 2308 prophetabis
2147 2255 2161 2292 :

593 2325 646 2376 in
673 2323 850 2379 Bethel
871 2335 1048 2380 autem
1087 2344 1188 2380 non
1213 2329 1548 2399 prophetabis
1566 2329 1609 2360 ⁸ο
1647 2347 1662 2384 :
1695 2329 1826 2399 quin
1860 2338 1915 2384 et
1941 2328 2160 2383 eosdem

593 2416 888 2482 occidisse,
905 2433 1005 2472 nec
1021 2418 1224 2474 Christi
1252 2419 1555 2476 doctrinam
1580 2421 1696 2477 ullo
1713 2421 1875 2476 modo
1895 2421 2162 2489 recipere,

592 2508 683 2578 qui
715 2509 1095 2566 dissuadentes
1121 2511 1294 2568 turbis
1320 2512 1583 2580 dicerent,
1604 2513 1747 2580 Quid
1779 2529 1903 2569 eum
1931 2512 2165 2568 auditis?

593 2599 824 2667 Insanit,
865 2612 911 2656 et
957 2602 1269 2658 dcemonium
1301 2605 1454 2660 habet
1484 2607 1526 2638 “
1557 2607 1716 2677 ;jure
1745 2606 1905 2677 plane
1946 2604 2160 2670 merito,

595 2707 718 2746 cum
753 2693 886 2762 legis
915 2704 968 2750 et
995 2697 1406 2766 prophetarum,
1429 2709 1541 2754 tum
1571 2699 1656 2754 sui
1694 2699 1809 2770 ipse
1830 2698 2162 2754 mentionem

595 2787 875 2853 amittens,
908 2786 964 2841 in
996 2786 1166 2843 Deum
1200 2789 1367 2845 refert
1395 2792 1659 2848 doctrinae
1679 2791 1787 2846 vim
1822 2809 1838 2858 ;
1867 2798 1926 2845 ut
1962 2791 2049 2847 vel
2075 2806 2163 2845 re-

598 2880 841 2933 verentia
872 2880 1173 2949 perculsos,
1205 2897 1270 2937 ac
1285 2881 1527 2952 linguam
1556 2883 1799 2940 dolosam
1824 2883 2163 2946 cohibentes,

597 2979 851 3040 percepta
881 2971 1117 3028 utilitate
1153 2974 1332 3030 salvos
1368 2975 1592 3043 faceret,
1618 2975 1707 3031 vel
1762 2975 1938 3046 palam
1992 2975 2164 3029 Deum

596 3062 975 3134 impugnautes
1007 3066 1378 3122 convinceret.
1431 3067 1559 3123 Sive
1587 3067 1735 3123 enim
1780 3066 1971 3138 legalia
2014 3075 2163 3130 sunt,

2265 596 2436 666 μένην
2480 593 2832 649 διδασκαλίαν
2883 591 3172 660 ἐξετίθετο,
3212 592 3443 663 περιττὴ
3498 593 3532 660 ἡ
3575 593 3706 662 περὶ
3746 596 3832 648 τοῦ

2265 685 2339 757 μὴ
2371 685 2568 739 εἰδέναι
2611 685 2773 738 αὑτὸν
2806 683 3110 755 γράμματα
3141 679 3425 750 ἔκπληξις.
3484 677 3654 733 Εἶπον
3684 680 3738 732 δέ
3772 682 3831 736 ἂν

2261 776 2398 846 πρὸς
2445 777 2668 843 αὐτοὺς,
2713 775 2921 844 ταύτην
2970 773 3395 835 καταλείποντες
3443 771 3543 842 τὴν
3599 773 3830 825 ἔννοιαν·

2264 864 2520 935 Οἴδαμεν
2550 865 2640 919 ὅτι
2688 865 2929 920 Μωῦσεῖ
2961 862 3312 930 λελάληκεν
3342 864 3376 915 ὸ
3406 864 3552 928 Θεός
3578 879 3592 891 ·
3632 863 3832 916 τοῦτον⁹

2260 959 2328 1012 δὲ
2360 961 2473 1014 οὐκ
2515 958 2766 1028 οἰδαμεν
2791 961 2978 1013 πόθεν
3013 955 3168 1010 ἐστί.
3211 956 3326 1018 Πᾶς
3369 956 3481 1024 γὰρ
3537 955 3726 1017 αὐτοῖς
3755 957 3831 1008 ἰπ-

2264 1048 2503 1118 πήλατος
2529 1046 2877 1118 παρανομίας
2904 1045 3104 1118 τρόπος
3127 1063 3140 1076 ·
3173 1045 3252 1098 διὸ
3280 1043 3376 1097 καὶ
3407 1045 3531 1098 κατ’
3558 1045 3829 1113 ἀμφότερα

2261 1137 2617 1202 ἀπιστοῦντες
2644 1136 3088 1208 διαμεμενήκασι
3113 1135 3191 1206 τῷ
3210 1135 3455 1206 Χριστῷ·
3482 1136 3685 1206 νομικά
3721 1137 3829 1205 μὲν,

2262 1230 2383 1301 ἦτοι
2423 1229 2760 1302 προφητικά,
2796 1227 3186 1300 παρατιθέντος
3208 1227 3540 1298 διδάγματα,
3578 1244 3830 1295 συκοφαν-

2261 1323 2384 1386 τίας
2412 1322 2876 1394 προσράπτοντες,
2922 1319 3000 1384 ὡς
3042 1320 3108 1374 ἐκ
3156 1320 3254 1390 τῆς
3289 1319 3530 1390 μαγείας
3571 1318 3720 1383 τινὸς
3745 1319 3832 1388 τὴν

2263 1413 2465 1484 εἴδησιν
2497 1413 2625 1468 ἄνευ
2655 1412 3005 1484 γραμμάτων
3037 1410 3216 1481 ἔχοντι
3236 1427 3250 1440 ·
3287 1410 3464 1474 tam;
3489 1410 3547 1464 δέ
3583 1410 3831 1477 ποιουμέ-

2263 1519 2354 1556 νου
2385 1502 2760 1569 διδασκαλίας,
2799 1500 3306 1572 ἀντιφθεγγόμενοι·
3353 1501 3438 1554 Σὺ
3477 1501 3616 1569 περί
3665 1515 3831 1554 cenv-

2261 1595 2369 1650 τοῦ
2393 1595 2710 1666 μαρτυρεῖς
2726 1612 2747 1661 ;
2790 1597 2829 1663 ἡ
2856 1596 3154 1666 μαρτυρία
3202 1610 3319 1649 σου
3348 1597 3460 1649 οὐκ
3489 1595 3670 1649 ἐστιν
3696 1595 3830 1660 ἀλη-

2262 1687 2390 1754 θής.
2451 1687 2721 1742 Πάντοθεν
2775 1687 2872 1742 οῦν
2926 1688 3340 1757 ἀσύγγνωστοι,
3389 1688 3481 1742 καὶ
3513 1687 3831 1755 ὠφελεῖσθαι

2267 1779 2508 1850 μηδόλως
2541 1779 2879 1851 βουλόμενοι,
2908 1780 2961 1833 οἰ
2995 1779 3106 1833 τῶν
3165 1778 3430 1833 Ἰουδαίων
3472 1777 3827 1848 καθηγεῖσθαι

2265 1869 2539 1940 λαχόντες.
2599 1869 2738 1924 Ἀλλ’
2768 1870 2918 1941 ὅμως
2965 1872 2996 1924 ό
3044 1870 3237 1941 Σωτὴρ
3276 1873 3342 1941 τῇ
3388 1870 3622 1939 ἐμφῦτῳ
3657 1869 3832 1938 φιλαν-

2265 1959 2480 2031 θρωπίᾳ
2511 1959 2831 2030 νικώμενος,
2856 1961 2959 2014 οὐκ
2977 1960 3140 2024 εὐθὺς
3159 1961 3489 2031 ἀπεστράφη
3517 1962 3649 2023 τοὺς
3674 1959 3831 2014 ταῦτα

2262 2049 2541 2119 λέγοντας,
2575 2051 2688 2104 ἀλλ’
2718 2051 2989 2124 ἀπεκρίθη
3031 2052 3216 2114 αὐτοῖς
3244 2054 3339 2105 καί
3387 2048 3579 2104 εἰπεῖν
3636 2052 3702 2106 Ἠ
3727 2051 3830 2120 ἐμὴ

2263 2141 2502 2210 διδαχὴ,
2545 2143 2656 2197 οὐκ
2684 2142 2856 2197 ἐστιν
2883 2141 3020 2213 ἐμὴ,
3051 2143 3214 2198 ἀλλὰ
3236 2143 3343 2198 τοῦ
3366 2144 3722 2212 πέμψαι-τός
3743 2161 3830 2211 με.

2276 2233 2495 2304 Ἐπειδὴ
2516 2234 2622 2306 γὰρ
2652 2234 2849 2298 αὐτοὺς
2880 2234 3170 2303 ἐγίνωσκε,
3203 2236 3395 2305 νόμον
3415 2231 3536 2303 μὲν
3562 2233 3832 2288 ἀθετοῦν-

2263 2340 2392 2390 τας,
2458 2322 2859 2390 διδάσκοντος
2924 2323 2994 2377 δὲ
3043 2323 3444 2390 διδασκαλίας
3500 2322 3834 2391 ἐντάλματα

2263 2410 2623 2481 ἀνθρώπων,
2655 2415 2939 2486 προφήτας
2965 2414 3023 2468 δέ
3057 2414 3491 2486 παρωσαμένους
3525 2415 3591 2467 ἐκ
3617 2413 3710 2468 τοῦ
3755 2414 3833 2468 λέ-

2264 2519 2417 2572 γειν,
2450 2505 2586 2575 πρὸς
2619 2504 2719 2575 μὲν
2746 2506 2858 2572 τὸν,
2906 2505 3002 2574 Μὴ
3043 2506 3366 2576 ὀνομάσεις
3399 2507 3466 2561 τὸ
3511 2507 3700 2576 ὄνομα
3726 2510 3829 2561 Κυ-

2257 2597 2434 2666 ρίουο
2491 2597 2629 2668 πρὸς
2677 2597 2735 2652 δὲ
2789 2598 2914 2665 τὸν,
2955 2599 3353 2669 Ἐκχώρησον,
3407 2603 3443 2655 ό
3502 2599 3681 2668 ὀρῶν,
3741 2600 3830 2653 καί

2258 2686 2466 2754 βάδιζε
2497 2690 2585 2756 εὶς
2613 2689 2729 2758 τὴν
2757 2688 2874 2760 γῆν
2919 2707 3058 2756 σου,
3098 2692 3194 2745 καί
3236 2691 3366 2746 ἐκεῖ
3404 2690 3711 2756 καταὸιοῦ,
3741 2692 3831 2745 καὶ

2263 2787 2395 2842 ἐκεῖ
2416 2787 2889 2857 προφητεύσειςο
2920 2792 3007 2855 εἰς
3043 2788 3112 2842 δὲ
3142 2789 3341 2856 Red-hut
3393 2791 3465 2843 οὐ
3495 2788 3582 2859 μὴ
3613 2802 3831 2856 προςη-

2264 2877 2533 2942 τεύσειςο
2575 2876 2775 2948 μᾶλλον
2817 2877 2874 2930 δὲ
2903 2879 2996 2930 καὶ
3032 2879 3512 2949 προφητοκτόνους
3536 2877 3830 2946 γεγενημέ-

2265 2983 2429 3030 νουςο
2472 2965 2571 3037 τὴν
2613 2967 2671 3020 δὲ
2721 2967 2888 3021 αὐτοῦ
2934 2968 3172 3039 Χριστοῦ
3205 2967 3553 3022 διδασκαλίαν
3599 2968 3832 3038 μηδόὶως

2265 3059 2719 3131 ἀποδεχομένους,
2754 3062 2818 3114 ἐκ
2859 3060 2955 3114 τοῦ
2993 3061 3308 3116 ἀναπείθειν
3348 3061 3478 3125 τοῦς
3521 3059 3711 3130 ὄχλους
3754 3058 3833 3110 λέ-

595 3167 718 3220 quac
749 3152 943 3219 doceo,
966 3155 1082 3211 sive
1107 3157 1446 3227 praphetica,
1473 3158 1738 3214 noveritis
1771 3172 1892 3214 esse
1925 3158 2044 3224 Dei,
2072 3157 2165 3228 qui

2273 3167 2500 3221 γοντας·
2541 3152 2600 3208 Tl
2625 3153 2876 3208 ἀκούετε
2903 3155 3452 3220 αὑτοῦςΜαίνεται,
3493 3153 3595 3207 καί
3639 3152 3830 3220 δαιμό-

596 3252 652 3298 et
680 3244 895 3301 locutus
921 3255 1004 3302 est
1031 3248 1097 3302 ad
1126 3247 1265 3314 illos,
1300 3259 1356 3305 et
1375 3265 1462 3306 me
1497 3250 1665 3305 misit.
1694 3249 1967 3305 Hactenus
1996 3249 2168 3320 siqui-

596 3336 721 3390 dem
762 3350 1063 3408 cougruum
1094 3349 1388 3410 assumpta:
1413 3341 1650 3396 hominis
1685 3349 1890 3396 naturae
1944 3341 2165 3397 modum

597 3427 816 3492 retinet,
838 3437 897 3483 ut
919 3444 989 3484 ne
1005 3431 1187 3486 statim
1209 3433 1570 3497 occurrendo,
1596 3433 1942 3504 impudenter
1962 3433 2165 3500 dicant,

598 3520 746 3588 quod
769 3530 825 3575 et
847 3531 1033 3591 postea
1061 3523 1348 3580 dixerunt:
1383 3524 1521 3590 Quid
1551 3535 1628 3591 tu,
1657 3526 1811 3579 homo
1835 3542 1954 3579 cum
1973 3526 2066 3592 sis,
2093 3526 2170 3596 fa-

600 3614 675 3665 cis
709 3614 927 3682 teipsum
957 3615 1126 3669 Deum
1156 3618 1199 3649 “
1231 3618 1254 3671 ?
1280 3617 1416 3673 Nam
1444 3617 1644 3688 alioqui
1669 3617 1871 3672 scimus
1909 3632 2011 3671 nos
2040 3616 2171 3671 lide-

599 3703 699 3767 l-cs,
733 3719 852 3774 qua:
886 3705 1090 3777 scripta
1123 3717 1252 3764 sunt
1285 3709 1341 3764 in
1371 3710 1652 3781 prophetis
1690 3717 1746 3764 et
1780 3709 1918 3779 lege,
1967 3707 2169 3762 Christi

598 3811 728 3851 esse
756 3799 1244 3867 praenuntialiones
1277 3819 1290 3856 :
1320 3799 1454 3856 Nam
1483 3802 1559 3856 ait
1591 3801 1705 3870 ipse
1732 3798 2011 3855 Salvator:
2039 3797 2168 3855 0m-

599 3896 688 3949 nia
741 3910 861 3963 qua.
907 3895 1062 3948 habet
1101 3894 1288 3959 Pater,
1314 3912 1430 3949 mea
1469 3904 1591 3949 sunt
1617 3896 1682 3951 ⁸³,
1723 3894 1922 3950 lterum
1955 3907 2171 3964 quoque

600 4005 702 4062 per
758 3984 1083 4057 prophetam
1138 3985 1216 4039 ait
1252 3984 1408 4054 :lpse
1459 3986 1549 4057 qui
1592 3984 1860 4056 loquebar,
1905 4000 2018 4039 ecce
2069 3983 2172 4038 ad-

597 4098 716 4137 sum
738 4079 802 4132 “.
835 4076 1124 4147 Subjuugit
1170 4077 1427 4149 deinceps
1459 4077 1618 4132 dictis
1647 4093 1662 4132 :
1689 4075 1748 4132 Si
1793 4076 1906 4139 quis
1950 4075 2172 4131 voluerit

598 4175 714 4242 ejus
747 4169 1069 4225 voluntate»:
1100 4169 1272 4239 facere
1297 4207 1313 4233 ,
1364 4185 1562 4240 nempe
1590 4169 1708 4240 ejus
1734 4168 1827 4238 qui
1853 4168 2002 4223 misit
2035 4182 2122 4222 me
2153 4206 2168 4232 ,

597 4276 862 4337 cognoscet
886 4264 949 4316 de
975 4264 1214 4317 doctrina
1242 4272 1419 4315 utrum
1442 4277 1507 4315 ea:
1531 4261 1638 4314 Deo
1666 4261 1754 4324 sit,
1779 4276 1850 4313 an
1872 4275 1964 4329 ego
1985 4276 2016 4311 a
2039 4259 2172 4312 mei-

596 4378 690 4430 pso
725 4362 933 4431 loquar.
960 4358 1114 4426 Quod
1143 4356 1240 4421 ait,
1268 4355 1374 4410 tale
1395 4354 1526 4425 quid
1552 4361 1654 4408 est.
1687 4351 1792 4418 Qui
1835 4351 2029 4421 quaerit
2062 4364 2172 4404 non

597 4469 772 4516 suam,
798 4453 894 4508 sed
915 4451 1010 4506 Dei
1039 4447 1590 4516 voluntatem,utique
1631 4442 2174 4512 attenditScripturis

2270 3261 2408 3299 γιον
2435 3243 2561 3315 ἔχει
2579 3261 2592 3275 ·
2633 3246 2857 3310 εἰκότως
2895 3247 2990 3300 καὶ
3015 3247 3180 3318 νόμου
3210 3248 3304 3300 καὶ
3333 3245 3713 3318 προφητικῶν,
3744 3246 3831 3298 καὶ

2268 3336 2485 3405 ἐαυτοῦ,
2515 3338 2574 3390 ἐν
2606 3337 2686 3407 τῷ
2713 3337 2847 3409 πρὺς
2877 3339 3074 3402 αὐτοὺς
3116 3337 3326 3410 ἐλέγχῳ
3356 3339 3431 3410 μὴ
3459 3337 3828 3409 ἐπιμνησθεὶς,

2267 3429 2346 3493 εἰς
2392 3429 2525 3484 Θεὸν
2558 3429 2872 3501 ἀναπέμπει
2915 3430 3013 3502 τὴν
3040 3433 3141 3501 τῆς
3182 3429 3532 3494 διδασκαλίας
3571 3430 3826 3499 δύναμιν

2271 3521 2358 3575 ἵνα
2404 3521 2437 3594 ἢ
2493 3521 2828 3585 αἰδεσθέντες
2874 3524 2970 3577 καὶ
3004 3523 3342 3594 παυσάμενοι
3386 3526 3489 3595 τῆς
3539 3522 3829 3590 δολιολόγου

2268 3614 2540 3685 γλώσσης,
2570 3613 2942 3686 ὠφεληθέντες
2981 3615 3253 3681 σωθῶσιν,
3283 3615 3318 3687 ἢ
3349 3615 3601 3686 φανερῶς
3647 3615 3830 3684 θεομα-

2269 3705 2493 3778 χοῦντες
2523 3705 2870 3778 ἐλεγχθῶσιν.
2903 3705 3028 3760 Εἴτε
3063 3707 3172 3778 γὰρ
3204 3706 3426 3778 νομικά,
3472 3708 3584 3760 εἴτε
3636 3724 3830 3778 προφη-

2267 3799 2398 3854 τικά
2425 3801 2532 3854 εἰσι
2577 3800 2649 3854 τὰ
2693 3800 2822 3871 παρ’
2850 3802 2983 3872 ἐμοῦ
3015 3800 3398 3872 διδασκόμενα,
3430 3799 3729 3869 γινώσκετε
3758 3802 3828 3853 ὅτι

2270 3892 2406 3948 Θεοῦ
2437 3893 2568 3960 εἰσι,
2597 3892 2692 3947 τοῦ
2741 3894 2880 3966 πρὸς
2924 3895 3167 3958 ἐκείνους
3204 3894 3560 3962 λαλήσαντος,
3609 3894 3704 3946 καὶ
3743 3892 3829 3963 ἐμὲ

2270 3983 2715 4048 ἀποστείλαντος.
2757 3985 2906 4048 Τέως
2939 3985 3050 4057 γάρ
3080 3984 3141 4038 τὸ
3169 3985 3269 4057 τῆς
3298 3987 3718 4056 ἀνθρωπότητος
3746 3986 3831 4054 μὲ-

2270 4091 2420 4147 τρον,
2461 4075 2548 4129 ῐνα
2597 4076 2672 4147 μὴ
2710 4076 2871 4141 εὐθὺς
2903 4078 3312 4149 ἀπαντήσωσιν,
3350 4079 3522 4142 ἀδεῶς
3570 4078 3830 4147 λέγοντες,

2271 4168 2409 4239 ὅπερ
2439 4167 2534 4222 καὶ
2566 4169 2853 4240 εἰρήκασιν
2885 4168 3110 4241 ὕστερον
3130 4187 3145 4202 ο
3200 4173 3261 4226 Τί
3299 4170 3387 4226 ὅτι
3415 4171 3497 4225 σὺ
3537 4170 3832 4240 ἄνθρωπος

2271 4255 2378 4319 ὢν,
2418 4256 2608 4323 ποιεῖς
2643 4258 2862 4312 ἑαυτὸν
2903 4261 3089 4322 Θεόν;
3133 4261 3288 4315 Ἐπεὶ
3316 4261 3397 4314 ὅτι
3437 4278 3502 4329 γε
3536 4261 3604 4314 τὰ
3632 4276 3829 4331 προφη-

2273 4349 2383 4403 τῶν
2419 4350 2515 4404 καὶ
2545 4350 2735 4422 νόμου,
2761 4351 3003 4421 Χριστοῦ
3048 4354 3155 4407 εἰσι
3181 4355 3702 4425 προαναγγέλματα,
3760 4355 3831 4406 τσ-

2280 4459 2380 4513 μεν
2425 4443 2586 4512 ἡμεῖς
2634 4444 2684 4496 οἰ
2730 4444 3176 4509 πεπιστευκότες.
3212 4446 3384 4510 Αὐτὸς
3428 4445 3538 4516 γὰρ
3583 4446 3612 4497 ὁ
3658 4445 3832 4514 Σωτὴρ

595 4545 785 4608 sacris,
807 4545 861 4598 in
885 4544 991 4598 illis
1012 4541 1280 4611 siquidem
1297 4539 1429 4593 latet
1444 4536 1694 4592 voluntas
1713 4533 1839 4599 Dei;
1857 4533 2006 4602 atqui
2025 4530 2166 4586 Scri-

2279 4533 2480 4602 ἔφησε⁹
2516 4532 2720 4587 Πάντα
2749 4533 2868 4587 ὅσα
2897 4534 3023 4603 ἔχει
3068 4539 3102 4591 ὀ
3144 4537 3368 4605 Πατὴρ,
3405 4536 3520 4606 ἐμά
3546 4537 3696 4590 ἐστι.
3736 4534 3833 4588 Καὶ

596 4652 767 4712 ptura:
779 4655 946 4694 sacrae
965 4639 1032 4694 de
1047 4653 1135 4692 me
1149 4635 1734 4709 pramuntiant,meque
1750 4632 1918 4686 Deum
1937 4629 2171 4685 Verbum

597 4749 663 4786 ex
694 4731 852 4785 Patre
875 4729 1263 4801 procedentem
1299 4727 1597 4798 praedicant
1630 4742 1644 4790 ;
1678 4733 1843 4793 atque
1891 4723 2170 4778 hominem

596 4823 714 4876 fore
748 4819 1059 4876 novissimis
1111 4817 1450 4888 temporibus
1495 4815 1642 4870 nulla
1689 4813 1796 4868 mei
1845 4813 2175 4880 mutatione,

597 4914 946 4986 prophetarit.
1000 4911 1102 4978 Qui
1151 4925 1280 4981 ergo
1301 4907 1581 4979 impendio
1633 4907 1815 4962 studet
1852 4905 1947 4960 Dei
1991 4906 2172 4962 facere

596 5008 955 5070 voluntatem,
987 5021 1074 5060 me
1097 5003 1316 5075 quidem
1338 5019 1403 5057 ex
1434 4999 1731 5072 Scripturis
1758 4998 1927 5054 sacris
1953 4999 2170 5070 agnitu-

597 5111 694 5149 rus
713 5103 795 5148 est
815 5112 830 5160 ;
856 5093 1198 5163 postmodum
1217 5107 1344 5148 vero
1367 5107 1432 5146 ex
1460 5106 1548 5146 me
1565 5098 1809 5146 recurret
1831 5090 1897 5144 ad
1917 5087 2129 5144 Patrem
2153 5105 2168 5154 ;

601 5196 767 5257 atque
798 5187 956 5251 adeo,
998 5201 1174 5240 meam
1205 5185 1531 5250 doc-trinam,
1575 5185 1752 5239 Patris
1793 5197 1916 5238 esse
1965 5181 2169 5238 doctri-

600 5297 727 5335 nam
767 5279 1054 5341 conﬁtens,
1096 5279 1198 5332 sibi
1238 5278 1354 5347 ipse
1388 5278 1616 5332 salutem
1637 5285 1925 5346 paraturus
1949 5284 2051 5330 est.
2071 5273 2173 5339 Qui

601 5373 956 5441 asemetipso,
989 5369 1453 5440 inquit,loquitur,
1481 5369 1704 5440 gloriam
1728 5372 1997 5440 propriam
2024 5385 2167 5440 qua:-

605 5469 673 5520 rit
702 5482 721 5520 :
745 5466 833 5536 qui
877 5471 1052 5517 autem
1094 5462 1279 5532 quwrit
1307 5461 1530 5532 gloriam
1572 5461 1686 5531 ejus
1733 5461 1822 5530 qui
1854 5461 1999 5513 misit
2029 5477 2167 5524 eum,

603 5557 686 5610 hic
714 5573 874 5611 verax
911 5565 1006 5620 est,
1035 5563 1084 5607 et
1113 5553 1375 5622 injustitia
1404 5553 1459 5605 in
1497 5552 1593 5606 illo
1626 5567 1728 5605 non
1751 5560 1845 5605 est.
1895 5550 2010 5612 His,
2045 5551 2173 5605 doc-

606 5647 805 5701 trinam
839 5647 1156 5701 Scr.barum
1189 5652 1243 5699 et
1269 5642 1461 5698 Pharis
1480 5659 1666 5699 eorum
1701 5642 1858 5697 tacite
1881 5641 2169 5714 signiﬁcat.

2277 4625 2439 4678 πάλιν
2482 4623 2570 4677 διά
2597 4623 2691 4678 τοῦ
2739 4627 3020 4697 προφήτου
3071 4627 3272 4698 φησίν⁶
3303 4627 3499 4693 Αὐτὸς
3543 4630 3578 4682 ὁ
3619 4624 3831 4690 λαλῶν,

2277 4716 2532 4785 πάρειμι.
2583 4714 2718 4772 Εἶτα
2751 4719 2878 4789 ἐξῆς
2925 4719 3119 4788 ἐπάγει
3149 4722 3262 4784 τοῖς
3302 4721 3656 4791 εἰρημένοις⁶
3715 4718 3836 4772 Ἐάν

2275 4827 2366 4875 τις
2417 4807 2561 4876 θέλῃ
2616 4809 2684 4862 τὸ
2731 4812 2961 4880 θέλημα
3011 4810 3218 4877 αὐτοῦ,
3263 4811 3358 4864 τοῦ
3405 4811 3723 4882 πέμψαντός
3755 4826 3835 4880 με,

2278 4903 2442 4972 λέγω,
2475 4903 2690 4969 ποιεῖν,
2716 4904 3009 4974 γνώσεται
3050 4905 3182 4974 ccepi
3224 4904 3334 4975 τῆς
3361 4904 3641 4974 διδαχῆς,
3684 4905 3839 4957 πότε-

2245 5055 2248 5060 ,
2269 5014 2385 5065 ρον
2412 4997 2482 5050 ἐκ
2527 4996 2632 5051 τοῦ
2673 4997 2823 5052 Θεοῦ
2860 4998 3050 5063 ἐστιν,
3080 4998 3117 5066 ἣ
3146 4998 3259 5068 ἐγὼ
3284 4998 3382 5068 ἀφ’
3414 4996 3634 5052 ἑαυτοῦ
3661 4993 3840 5050 λαλῶ.

2283 5090 2349 5142 "O
2399 5087 2459 5141 δέ
2505 5088 2654 5157 λέγει
2699 5088 2940 5143 τοιοῦτόν
2989 5091 3168 5143 ἐστιν’
3213 5091 3273 5144 ’0
3297 5090 3370 5160 μὴ
3403 5088 3583 5160 ζητῶν
3615 5089 3678 5140 τὸ
3723 5087 3841 5138 ἴδιον

2280 5180 2515 5252 θέλημα,
2575 5179 2712 5235 ἀλλά
2763 5181 2824 5234 τδ
2872 5180 3085 5251 θέλημα
3127 5180 3220 5235 τοῦ
3268 5179 3440 5245 Θεοῦ,
3495 5181 3620 5241 ταῖς
3677 5177 3840 5238 θείαις

2279 5275 2495 5338 πάντως
2550 5274 2876 5345 προσανέχει
2925 5275 3204 5343 Γραφαῖς·
3256 5273 3315 5325 ἐν
3362 5272 3472 5341 γὰρ
3517 5269 3745 5330 ταύταις
3786 5267 3842 5319 τὺ

2279 5367 2492 5436 θέλημα
2539 5365 2632 5420 τοῦ
2662 5365 2797 5418 Θεοῦ
2829 5366 3222 5436 ἐγκέκρυπται.
3255 5363 3320 5416 Αἰ
3362 5362 3419 5414 δέ
3451 5361 3590 5414 θεῖαι
3637 5358 3843 5430 Γραφαὶ

2281 5458 2408 5531 περί
2441 5458 2575 5528 ἐμοῦ
2611 5457 3061 5527 προαγγέλλουσι,
3097 5455 3192 5507 καὶ¹
3236 5454 3367 5508 Θεόν
3417 5470 3486 5520 με
3531 5452 3709 5520 Λόγον
3755 5467 3844 5518 κη’

2283 5551 2585 5622 ρύττουσιν,
2617 5550 2680 5603 ἐκ
2705 5548 2798 5602 τοῦ
2827 5547 3038 5620 Πατρὸς
3067 5545 3392 5618 προελθόντα
3412 5561 3424 5574 ⁸
3449 5544 3545 5597 καὶ
3568 5542 3845 5613 ἄνθρωπον

2280 5642 2566 5712 ἀτρέπτως
2616 5640 2930 5710 ἐπεσχὰτων
2980 5637 3232 5706 γενέσθαι
3281 5636 3372 5688 τὸν
3421 5634 3587 5688 αὑτὸν
3639 5645 3844 5702 προφηο

677 5763 722 5793 ⁵⁵
752 5761 906 5814 .lnan.
941 5778 1013 5820 ix.
1037 5761 1126 5817 29.
1203 5759 1249 5791 ⁸⁸
1275 5759 1431 5813 Joan.
1467 5775 1583 5824 VIII,
1623 5759 1706 5811 15.
1781 5756 2119 5822 "malum,
2157 5758 2166 5811 l

2303 5756 2347 5786 ⁵⁸
2383 5753 2570 5808 Matth.
2603 5773 2690 5821 xv,
2717 5754 2768 5810 9.
2843 5754 2888 5788 δ’
2915 5754 3098 5809 Amos.
3134 5770 3205 5818 τι,
3245 5751 3324 5806 l0.
3403 5751 3448 5782 ⁶⁰
3481 5749 3612 5807 ibid.
3647 5763 3742 5812 vn,
3764 5745 3839 5802 13.

609 5833 649 5862 ⁶¹
687 5830 846 5884 Joau.
875 5848 925 5895 χ,
946 5833 1014 5883 ⁸20
1112 5832 1155 5863 ⁵³
1185 5829 1340 5884 Juau.
1370 5845 1420 5895 κ,
1455 5831 1541 5885 55.
1621 5830 1664 5861 ⁵³
1690 5828 1848 5884 Joau.
1875 5844 1987 5898 xvi,
2017 5827 2104 5883 l5.

2180 5828 2223 5858 δ”
2254 5827 2353 5882 lsa.
2393 5840 2487 5892 LII,
2523 5827 2575 5880 6.
