4058 6444
278 358 417 426 1589

1224 376 1478 438 SERMO
1515 378 1591 439 IN
1636 377 1939 439 MEDIAM
2005 365 2562 446 PENTECOS’I‘EN.

3404 379 3550 445 1590

276 475 498 529 τεύουσι
522 491 536 507 °
578 492 608 531 ο
656 481 834 537 τοίνυν
864 483 924 538 τὸ
953 486 1165 559 θέλημα
1194 489 1288 543 τοῦ
1320 489 1457 543 θεοῦ
1493 492 1671 545 ποιεῖν
1700 490 1855 544 ἐπει-

1982 491 2035 546 lIi
2063 492 2234 559 enim,
2264 494 2319 548 in
2349 494 2523 565 legem
2553 491 2823 563 injuriosi,
2845 509 2876 547 a
2901 492 3210 563 semetipsis
3240 493 3540 564 loqueban—

273 566 527 644 γόμενος,
579 568 943 639 ἐπιγνώσεται
991 577 1090 647 μὲν
1142 578 1231 632 διὰ
1263 578 1372 634 τῶν
1408 580 1567 635 θείων
1614 581 1846 653 Γραφῶν

278 658 413 727 ἐμέο
459 654 615 724 αὖθις
655 661 713 715 δὲ
744 663 803 729 ἐξ
834 666 969 736 ἐμοῦ
1011 669 1405 741 ἀναδραμεῖται
1439 672 1574 743 πρὸς
1611 672 1704 725 τὸν
1739 672 1850 725 Πα-

281 748 439 829 τέρα·
473 751 566 802 καί⁵
598 749 772 817 οὕτως
819 755 919 826 τὴν
962 757 1099 831 ἐμὴν
1125 760 1366 832 διδαχὴν,
1400 760 1496 815 τοῦ
1538 762 1749 833 [ἰατρὸς
1773 757 1851 815 εί-

282 854 391 901 ναι,
428 839 751 911 ὁμολογήσει
771 860 785 875 ·
817 846 915 899 καὶ
933 846 1231 919 ὁμολογῶν,
1263 852 1361 923 τὴν
1391 852 1662 923 σωτηρίαν
1686 854 1851 926 πορή⁹

285 944 457 982 σεται.
514 930 576 984 '0
614 933 753 1001 παρ’
785 935 1025 1002 ἑαυτοῦ,
1058 942 1217 1012 φησὶ,
1246 941 1475 1008 λαλῶν,
1503 941 1620 1011 τὴν
1664 942 1855 1007 δόξαν

286 1017 401 1085 τὴν
449 1020 612 1077 tam
669 1022 854 1091 ζητεῖο
906 1032 941 1084 δ
994 1030 1064 1085 δὲ
1116 1032 1302 1101 ζητῶν
1341 1033 1456 1101 τὴν
1499 1034 1689 1099 δόξαν
1746 1034 1856 1089 τοῦ

285 1110 636 1181 πέμψαντος
665 1119 872 1187 αὐτὸν,
917 1118 1097 1191 οὗτος
1123 1124 1359 1194 ἀληθής
1385 1126 1576 1190 ἐστιν,
1606 1126 1704 1180 καί
1732 1126 1858 1182 ἁδι-

287 1201 388 1253 κία
415 1202 489 1256 ἐν
526 1204 687 1272 αὑτῷ
714 1210 826 1264 οὐκ
872 1213 1025 1268 ἔστι.
1061 1216 1172 1286 Τὴν
1200 1216 1422 1288 διδαχὴν
1450 1217 1559 1271 τῶν
1598 1219 1861 1290 Γραμμα-

289 1291 426 1346 τέων
484 1297 582 1351 καὶ
621 1299 926 1370 Φαρισαίων
963 1304 1051 1360 διὰ
1087 1306 1293 1362 τούτων
1333 1308 1646 1364 αίνίττεται.
1689 1309 1862 1364 Ἐκεῖ-

286 1401 369 1437 νοι
398 1386 508 1458 γὰρ
548 1389 641 1459 ἀφ’
671 1390 878 1449 ἑαυτῶν
922 1396 1165 1465 ἐλάλουν,
1190 1400 1499 1466 ἀδικοῦντες
1541 1401 1634 1457 τὸν
1663 1402 1826 1474 νόμον
1845 1419 1860 1434 ·

292 1475 388 1528 καὶ
419 1477 489 1531 τά
532 1478 634 1549 μὲν
681 1482 760 1547 είς
798 1485 932 1541 Θεὸν
978 1490 1330 1563 συμφέροντα
1374 1492 1765 1565 ἀφαιροῦντες·
1795 1495 1865 1551 τά

1955 594 2060 640 tur.
2103 586 2180 642 Ea
2202 588 2472 659 siquidem
2502 586 2835 653 auferentes,
2873 604 2994 658 quae
3022 589 3079 643 in
3136 589 3308 644 Deum
3354 590 3543 644 confc-

1956 676 2170 741 rebant,
2202 694 2268 734 ac
2295 694 2393 733 sua
2425 677 2770 749 adjicientes,
2803 692 2903 748 per
2930 677 3088 733 devia
3119 693 3382 750 sequaces
3410 694 3543 734 suos

1958 769 2211 825 incedere
2257 772 2545 843 cogebant,
2621 769 3080 840 quemadmodum
3141 770 3336 825 dicunt
3390 785 3549 825 sacra

1958 859 2254 932 Evangelia
2288 880 2303 916 :
2339 861 2676 931 Baptismata
2716 860 2961 925 calicum,
2991 872 3039 915 et
3080 878 3378 929 urceorum,
3424 879 3545 916 ma—

1962 970 2227 1022 nuumque
2250 954 2490 1018 lationes,
2522 954 2700 1008 crebro
2728 955 2996 1008 tradentes
3025 971 3046 1021 ;
3072 970 3189 1025 qua:
3212 962 3390 1019 autem
3418 961 3545 1006 sunt

1962 1046 2207 1115 graviora
2240 1045 2368 1118 legis
2393 1047 2462 1113 ",
2512 1047 2661 1102 velut
2692 1062 2803 1102 non
2844 1054 3030 1101 essent
3059 1047 3283 1117 scripta,
3326 1055 3547 1115 praeter--

1966 1145 2142 1191 euntes
2165 1137 2251 1192 “:
2305 1152 2504 1208 nempe
2538 1146 2748 1193 rectum
2795 1134 3087 1207 judicium,
3132 1151 3199 1191 ac
3244 1134 3548 1203 misericor-

1966 1224 2110 1281 diam
2139 1226 2197 1281 iu
2227 1228 2505 1299 proximos
2535 1243 2552 1283 :
2577 1227 2948 1294 Quamobrem
2979 1227 3141 1282 etiam
3178 1243 3259 1281 vae
3302 1226 3433 1282 illud
3465 1212 3549 1281 to-

1969 1316 2073 1373 ties
2097 1333 2264 1389 super
2291 1318 2490 1375 talibus
2516 1318 2901 1389 iniquitatibus
2927 1318 3328 1390 ingeminatum
3353 1333 3546 1388 repor-

1970 1417 2175 1463 tarunt.
2214 1407 2299 1464 νω
2314 1409 2459 1465 enim
2482 1411 2620 1465 vobis
2636 1410 2681 1442 ⁸⁷
2701 1430 2713 1465 :
2735 1426 2835 1465 nec
2853 1409 2905 1465 id
2924 1408 3115 1474 semel,
3132 1408 3227 1464 sed
3247 1417 3301 1464 et
3317 1408 3545 1479 saepius:

1981 1499 2073 1555 Va:
2089 1498 2286 1555 Scribae
2317 1511 2367 1555 et
2393 1500 2652 1557 Pharisaei
2670 1502 2953 1571 hypocrin
2975 1502 3042 1565 ⁸⁸,
3064 1500 3241 1570 inquit
3266 1498 3544 1562 Salvator;

289 1564 350 1673 δε
378 1566 509 1673 παρ’
538 1571 749 1673 εαυτῶν
788 1578 1197 1653 προστιθέντες,
1230 1581 1444 1637 ἀνοδίαν
1473 1564 1710 1653 βαδίζειν
1739 1586 1868 1649 τοὺς

1982 1591 2064 1662 qui
2097 1591 2307 1644 irritum
2333 1592 2523 1662 fecistis
2551 1564 2865 1645 mandatum
2899 1564 3264 1660 Dei,propter
3308 1589 3551 1643 tradilio-

292 1660 474 1748 αύτοίς
545 1661 848 1734 ἑπομένους
918 1668 1249 1740 ἠνάγκαζον,
1308 1672 1386 1739 ὥς
1440 1692 1572 1748 φησι
1616 1676 1688 1730 τὰ
1745 1678 1869 1732 θεῖα

1982 1700 2093 1737 nem
2125 1692 2351 1737 vestram
2382 1683 2447 1736 θ’.
2474 1680 2586 1737 Nec
2623 1683 2795 1736 solum
2823 1699 2951 1738 vero
2973 1681 3151 1737 facitis
3183 1682 3417 1744 irritum,
3453 1680 3550 1735 sed

294 1747 602 1817 Εὐαγγέλια
626 1769 641 1786 ·
692 1758 1079 1828 Βαπτισμοὺς
1110 1761 1365 1828 ξεστῶν,
1411 1747 1511 1820 καί
1546 1768 1868 1836 ποτηρίων,

1977 1784 2033 1830 et
2068 1773 2325 1844 iniuriam
2375 1771 2575 1838 facitis,
2610 1773 2701 1842 qui
2730 1782 2925 1827 vestrae
2974 1773 3269 1827 voluntatis
3306 1772 3549 1832 inventa,

292 1840 616 1933 ἀπονίψεις
644 1863 710 1902 τε
747 1849 982 1919 χειρῶν,
1024 1855 1361 1927 συμπυγμῇ
1403 1858 1871 1928 παραδιδόντες·

1982 1840 2233 1933 tanquam
2258 1877 2322 1917 ex
2348 1861 2468 1932 ipso
2496 1840 2870 1933 praetendatis,
2902 1879 2966 1917 ac
2992 1862 3221 1925 faciatis,
3251 1872 3310 1917 nt
3329 1860 3551 1916 absonis

295 1931 398 1985 καί
442 1933 514 1989 τὰ
546 1936 852 2010 ,βαρύτερα
896 1943 1004 1999 τοῦ
1061 1946 1271 2015 νόμου,
1319 1948 1399 2012 ὡς
1445 1948 1581 2021 μηδὲ
1623 1965 1874 2022 γεγραμο

298 2023 459 2092 μένα,
511 2031 1005 2103 παρατρέχοντες,
1052 2039 1151 2109 τήν
1181 2054 1243 2092 τε
1287 2039 1501 2097 εὐθεῖαν
1549 2042 1752 2114 κρίσιν,
1781 2044 1875 2098 καὶ

296 2116 360 2168 τὸ
390 2117 524 2190 πρὸς
555 2122 680 2188 τοὺς
728 2125 896 2190 πέλας
945 2128 1115 2193 ἔλεος.
1154 2130 1321 2186 Ὅθεν
1366 2134 1462 2188 καὶ
1507 2137 1570 2188 τὸ
1612 2135 1736 2189 οὐαὶ
1784 2138 1876 2190 ἐπὶ

295 2211 420 2274 ταῖς
462 2214 739 2281 τοιαύταις
781 2219 1035 2288 ἀνομίαις
1090 2222 1706 2297 πολλαπλασιαζόμενον
1758 2229 1880 2281 ἑκο-

298 2300 550 2370 μίσαντο.
600 2309 744 2363 Οὐαί
771 2311 881 2381 γὰρ
918 2313 1063 2382 ὑμῖν
1100 2315 1183 2385 (οὐ
1224 2318 1388 2386 μόνον
1428 2317 1597 2384 ἀπαξ,
1623 2319 1758 2374 ἀλλὰ
1784 2321 1878 2373 καὶ

299 2393 603 2462 πολλάκις),
630 2400 809 2466 τοῦτο,
844 2406 1209 2475 Γραμματεῒς
1257 2409 1353 2462 καί
1382 2412 1692 2479 Φαρισαῖοι
1732 2415 1879 2468 ὑπο-

298 2489 515 2552 κριταί,
547 2493 713 2562 φησὶν
740 2497 768 2548 6
794 2496 986 2569 Σωτήρ
1006 2515 1020 2531 ο
1055 2499 1146 2553 ὅτι
1192 2500 1451 2555 ἀθετεῖτε
1480 2502 1595 2572 τὴν
1620 2503 1881 2572 ἐντολὴν

298 2578 409 2632 τοῦ
457 2582 624 2649 Θεοῦ,
669 2585 770 2641 διὰ
815 2588 929 2657 τὴν
976 2591 1319 2660 παράδοσιν
1367 2593 1554 2664 ὑμῶν.
1605 2596 1680 2650 Οὐ
1722 2596 1880 2666 μόνον

299 2668 413 2737 γὰρ
436 2670 700 2727 ἀθετεῖτε·
745 2677 879 2732 ἀλλά
918 2681 1010 2734 καὶ
1041 2681 1277 2736 ἀδικεῖτε
1305 2683 1497 2756 αὐτὴν,
1544 2684 1613 2739 τά
1659 2685 1877 2739 οίκείων

300 2758 649 2831 θελημὼιων,
693 2766 770 2831 ὠς
821 2769 878 2836 ἐξ
918 2773 1087 2844 αὐτῆς
1117 2774 1535 2846 προϊσχόμενον
1586 2778 1680 2831 καὶ
1710 2776 1878 2847 βλασ-

300 2852 603 2920 φημεῖσθαι
664 2857 766 2927 τὴν
818 2858 968 2915 θείαν
1019 2862 1414 2935 θεσμοθεσίαν,
1467 2852 1586 2931 ταίς
1656 2867 1881 2931 ἀτόποις

301 2945 743 3015 παραποιήσεσιν
792 2949 945 3022 ὑμῶν
990 2954 1085 3007 καὶ
1135 2955 1493 3029 προσθήκαις,
1529 2959 1882 3028 παρασκευά-

302 3036 447 3096 ζετε.
500 3038 672 3093 Τοῦτο
715 3041 775 3096 δὲ
816 3045 949 3099 αὐτὸ
990 3048 1086 3101 καὶ
1126 3048 1288 3119 μέχρι
1312 3050 1554 3121 τήμερον
1577 3052 1883 3122 παράττου-

304 3143 411 3189 σιν,
443 3128 494 3181 οί
522 3129 621 3200 τὴν
690 3133 985 3209 ’ίουδαῖκην
1035 3138 1447 3212 ἀγνωμοσύνην,
1494 3140 1590 3195 καὶ
1636 3143 1767 3213 περὶ
1812 3143 1882 3196 τὰ

304 3218 423 3271 θεῖα
484 3225 886 3297 καταφρόνησιν
951 3230 1351 3303 ἐκμιμούμενοι
1409 3231 1521 3287 τῶν
1589 3234 1881 3305 αίρετικῶν

304 3309 530 3378 παῖδες,
585 3314 617 3386 ἢ
680 3320 1119 3387 παραποιοῦντες
1165 3323 1261 3377 καὶ
1309 3323 1619 3388 νοθεύοντες
1661 3325 1729 3381 τὰ
1775 3326 1886 3381 τῶν

308 3400 584 3473 θεοφόρων
626 3407 959 3467 διδασκάλων
990 3414 1269 3485 δόγματαο
1323 3415 1380 3487 ἦ,
1421 3416 1483 3469 τὸ
1523 3416 1716 3471 τούτου
1749 3419 1885 3489 πρὸς

307 3493 588 3565 ἁμαρτίαν
638 3500 740 3554 ούκ
782 3500 1023 3569 ἔλαττον,
1072 3504 1284 3575 ψευδῶς
1322 3505 1391 3561 τὰ
1436 3505 1546 3559 τῶν
1592 3507 1884 3578 αίρετικῶν

307 3586 422 3649 τοῖς
455 3587 629 3655 ἁγίοις
679 3592 959 3664 Πατράσιν
1006 3598 1453 3668 ἐπιφημίζοντες,
1506 3601 1620 3664 τοῖς
1657 3598 1883 3653 ἐκείνων

1974 1950 2243 2021 ejusmodi
2283 1949 2775 2006 adulterationibus
2822 1966 2887 2005 ac
2920 1949 3322 2014 additamentis,
3365 1949 3549 2004 divina

1974 2039 2061 2095 lex
2079 2037 2509 2107 blasphemetur.
2564 2036 2873 2107 Hocipsum
2903 2045 3086 2091 autem
3109 2035 3404 2090 etiamnum
3435 2034 3549 2089 lue-

1976 2128 2131 2185 retici
2162 2128 2392 2193 faciunt,
2414 2128 2508 2199 qui
2531 2128 2845 2183 Iudaeorum
2874 2126 3278 2198 improbitatem
3311 2141 3375 2181 ac
3416 2126 3544 2181 divi-

1977 2238 2171 2278 norum
2195 2228 2567 2291 contemptum
2595 2220 3039 2283 aemulantes,vel
3077 2219 3271 2275 falsent
3302 2233 3368 2273 ac
3396 2217 3552 2272 adul-

1979 2322 2155 2370 tcrent
2184 2313 2516 2369 deiferorum
2550 2312 2842 2367 Doctorum
2872 2312 3172 2366 sententias
3212 2328 3227 2376 ;
3269 2310 3377 2375 vel,
3408 2309 3552 2379 quod

1978 2406 2113 2461 nihil
2140 2407 2323 2461 minus
2354 2405 2642 2460 scelestum
2683 2414 2786 2469 est,
2832 2418 2953 2474 quae
2978 2412 3105 2458 sunt
3149 2402 3550 2463 haereticorum.

1980 2497 2116 2552 I'also
2142 2505 2458 2552 sanctorum
2488 2496 2710 2551 Patrum
2743 2496 2967 2550 nomine
3017 2494 3318 2564 publicent,
3352 2507 3419 2547 ac
3452 2508 3551 2547 eo-

1979 2604 2099 2642 rum
2130 2585 2313 2657 pravis
2356 2601 2421 2641 ac
2471 2588 2657 2657 impiis
2684 2586 2921 2656 scriptis,
2976 2585 3191 2639 illorum
3244 2583 3553 2638 veneranda

1979 2678 2207 2734 nomina
2250 2678 2545 2733 oblinant:
2584 2677 2859 2748 impiaquc
2906 2677 3225 2749 Apollinarii
3279 2677 3551 2748 dogmata,

1980 2772 2142 2826 modo
2172 2771 2394 2841 quidem
2418 2771 2603 2826 divino
2631 2771 2955 2838 Athanasio,
3010 2771 3170 2825 modo
3196 2780 3375 2826 autem
3412 2766 3553 2824 Jnlio

1979 2863 2181 2918 veteris
2210 2861 2396 2917 Romae
2422 2863 2698 2934 episcopo,
2721 2873 2814 2918 aut
2839 2861 3100 2933 Gregorio
3126 2861 3551 2931 Thaumaturgo,

1982 2957 2067 3012 vel
2085 2956 2317 3026 cuipiam
2335 2955 2426 3010 alii
2448 2955 2674 3025 probato
2696 2953 2840 3010 Patri
2862 2954 3192 3010 inscribant:
3208 2955 3419 3024 aliaque
3434 2953 3555 3009 aliis

1984 3049 2376 3119 tribuant,qua3
2398 3053 2526 3102 sunt
2558 3046 3322 3113 orthodoxorum,ha3reticis;
3355 3055 3410 3101 et
3434 3061 3556 3115 qua:

1986 3140 2390 3207 hereticorum,
2423 3139 2765 3195 orthodoxis.
2806 3138 2985 3206 Quare
3005 3137 3180 3210 etipsi
3219 3155 3299 3194 va:
3339 3137 3468 3192 illud
3501 3137 3553 3191 in

1982 3246 2140 3286 suum
2154 3236 2315 3301 caput
2331 3238 2637 3296 accersunt,
2651 3230 2741 3300 qui
2761 3230 3008 3300 proximo
3022 3227 3318 3300 propinent
3331 3227 3558 3283 subver-

1983 3322 2192 3376 sionem
2210 3320 2502 3385 turbidam,
2522 3320 2774 3387 dicendo,
2800 3318 2962 3374 Dulce
2998 3334 3265 3382 amarum,
3282 3326 3339 3372 et
3372 3332 3404 3372 e
3422 3331 3557 3372 con-

1982 3426 2168 3467 verso:
2187 3410 2288 3477 Qui
2308 3421 2503 3481 ponunt
2530 3411 2765 3465 tenebras
2779 3409 2964 3475 lucem,
2985 3420 3032 3465 et
3052 3409 3217 3465 lucem
3236 3408 3473 3464 tenebras
3489 3406 3557 3463 '°.

1988 3504 2185 3561 Verum
2219 3520 2457 3560 amaram
2515 3503 2825 3559 Scribarum
2867 3511 2923 3558 et
2960 3502 3377 3567 Pharisaeorum,
3428 3501 3557 3571 quin

1981 3608 2037 3656 et
2059 3600 2438 3655 haereticorum
2469 3597 2892 3669 obliquationem
2918 3611 2981 3651 ac
3004 3596 3455 3651 adulterationem
3481 3609 3561 3647 re.

313 3677 603 3752 μοχοηροῖς
635 3685 729 3738 καὶ
766 3686 1049 3744 δυσσεϐέσι
1098 3692 1516 3763 συγγράμμασι,
1546 3692 1647 3758 τὰς
1695 3693 1874 3747 αὐτῶν

1983 3691 2313 3761 linquentes.
2366 3692 2431 3745 ad
2463 3691 2760 3746 salutarem
2823 3688 3128 3745 doctrinam
3187 3702 3554 3743 recurramus.

310 3772 494 3840 τιμίας
520 3779 889 3850 προσηγορίας
921 3780 1264 3852 χραίνοντες’
1308 3784 1403 3838 καὶ
1434 3786 1501 3839 τὰ
1531 3785 1631 3857 μὲν
1669 3783 2047 3857 ’Δπολινσρίου
2089 3782 2183 3837 τοῦ
2216 3783 2526 3849 δυσσεϐοῦς,
2573 3781 2703 3836 ποτε
2765 3781 2866 3850 μὲν
2919 3779 3220 3852 Ἀθανασίῳ
3278 3777 3355 3849 τῷ
3394 3776 3555 3847 θείῳ·

311 3862 443 3915 ποτὲ
509 3863 600 3926 δὲ,
672 3867 874 3940 Ἰουλίῳ
922 3871 999 3942 τῷ
1052 3872 1153 3942 τῆς
1208 3873 1585 3945 πρεσϐυτέρας
1653 3874 1873 3946 Ῥώμης
1945 3874 2228 3946 προέδρῳ·
2280 3874 2313 3945 ἢ
2364 3875 2649 3945 Γρηγορίῳ
2675 3873 2752 3944 τῷ
2778 3873 3264 3944 Θαυματουργῷ,ή
3291 3871 3436 3940 ἄλλῳ
3456 3870 3562 3923 τινὶ

313 3953 421 4006 τῶν
449 3954 720 4028 ὲγκρίτων
748 3961 1007 4035 Πατέρων
1040 3966 1435 4037 ἐπιγράφοντες
1454 3985 1467 3999 ·
1494 3968 1589 4023 καὶ
1605 3968 1739 4024 ἀλλα
1756 3968 1957 4032 ἄλλοις,
1984 3967 2278 4039 ὀρθοδόξων
2321 3967 2421 4037 μὲν
2456 3968 2783 4038 αἱρετικοίς’
2815 3963 3104 4037 αἰρετικῶν
3154 3964 3198 4017 δ’
3239 3961 3562 4035 ὀρθοδόξοις.

316 4047 480 4100 Ὅθεν
522 4052 615 4103 κειιῖ⁹
645 4052 799 4106 αὐτοὶ
844 4054 906 4107 τὸ
968 4054 1089 4109 οὐαὶ
1146 4058 1232 4124 ἐφ’
1278 4058 1507 4120 ἑαυτοὺς
1543 4058 1798 4113 ἕλκουσιο
1878 4058 2192 4123 ποτίζοντες
2260 4059 2387 4121 τοὺς
2432 4056 2658 4128 πλησίον
2704 4054 3015 4126 ἀνατροπὴν
3063 4052 3311 4124 θολεράν,
3367 4055 3430 4105 ἐκ
3469 4050 3563 4105 τοῦ

315 4142 527 4210 λέγειν⁸
577 4148 801 4214 Πικρὸν
831 4149 1046 4218 γλυκὺ,
1095 4151 1190 4205 καὶ
1236 4152 1583 4206 τούναντίον·
1618 4151 1886 4218 τιθέντες
1957 4151 2025 4206 τὸ
2058 4152 2281 4216 σκότος
2326 4152 2412 4215 είς
2451 4149 2599 4218 φῶς,
2646 4148 2747 4202 καί
2786 4147 2853 4201 τὸ
2912 4147 3038 4218 φῶς
3081 4146 3321 4211 σκότος.
3406 4143 3567 4198 Ἀλλά

315 4235 414 4306 τὴν
459 4238 661 4308 πικρὰν
693 4238 800 4293 τῶν
826 4240 1203 4312 Γραμματέων
1228 4244 1324 4298 καὶ
1349 4244 1657 4316 Φαρισαίων
1677 4286 1691 4310 ,
1726 4245 1786 4299 οὑ
1813 4245 1918 4316 μὴν
1957 4243 2093 4298 ἀλλὰ
2126 4244 2219 4296 καὶ
2246 4239 2538 4312 αἱρετικῶν
2572 4239 2952 4311 παρεξήγησιν
2975 4239 3069 4291 καὶ
3126 4236 3341 4291 νοθείαν
3402 4253 3568 4288 κατα-

315 4332 581 4395 λιπόντες,
633 4332 772 4403 πρὸς
811 4332 910 4405 τήν
950 4336 1215 4408 σωτήριον
1255 4336 1605 4393 διδασκαλίαν
1652 4336 2145 4409 ἐπαναδράμωμεν.

387 4422 551 4491 Λέγει
608 4421 718 4494 γὰρ
766 4424 901 4493 πρὸς
945 4425 1072 4490 τοὺς
1132 4427 1419 4494 Ἰουδαίους
1457 4432 1485 4483 6
1525 4430 1765 4499 Κύριος·
1807 4431 1877 4483 Οἱ

2066 4428 2155 4483 Ait
2176 4426 2441 4497 siquidem
2458 4423 2659 4481 Judaeis
2687 4422 2948 4478 Dominus
2968 4437 2981 4473 :
3010 4420 3197 4474 Nonne
3212 4420 3408 4491 Moyses
3424 4421 3567 4478 dedit

314 4514 579 4584 Μωῦσῆς
608 4514 865 4570 δέδωκεν
890 4516 1030 4587 ὑμῖν
1061 4520 1169 4573 τὸν
1196 4523 1383 4591 νόμον
1400 4538 1421 4586 ;
1450 4523 1549 4577 καί
1592 4522 1792 4588 οὐδεὶς
1821 4521 1889 4588 ἐξ

317 4606 484 4676 ὑμῶν
528 4606 689 4660 ποιεῖ
711 4608 817 4660 τὸν
859 4608 1068 4677 νόμον.
1112 4612 1240 4665 Ἰδοὺ
1292 4613 1479 4682 σαφῶς
1525 4613 1612 4667 διὰ
1662 4614 1890 4678 τούτων,

316 4696 486 4764 γνῶθι
532 4697 947 4770 ἀκριὸέστερον,
979 4700 1254 4773 ἀγαπητὲ,
1279 4704 1361 4757 ὅτι
1405 4704 1592 4769 καθὼς
1634 4705 1890 4777 ἀνωτέρω

318 4788 553 4857 ἔφημεν,
586 4787 650 4841 ὲκ
680 4788 920 4859 νομικῶν
965 4790 1059 4845 καὶ
1104 4794 1460 4864 προφητικῶν
1493 4797 1593 4867 τὴν
1632 4797 1890 4852 διδασκα-

318 4881 436 4935 λίαν
472 4883 501 4935 δ
546 4883 750 4953 Κύριος
798 4884 934 4955 πρὸς
967 4887 1093 4949 τοὺς
1156 4886 1446 4953 Ἰουδαίους
1501 4890 1755 4955 ἐποιεῖτο,
1802 4892 1890 4944 ὅτε

318 4975 516 5027 ἐκείνοι
555 4974 632 5043 τῷ
660 4974 842 5044 φθόνῳ
873 4974 1219 5045 κεντούμενοι
1249 4976 1486 5047 ἔφασκον
1510 4995 1526 5011 ·
1557 4979 1689 5046 Πῶς
1714 4976 1894 5047 οὗτος

318 5063 646 5135 mappam,
675 5064 762 5135 μὴ
784 5066 1160 5135 μεμαθηκὼς,
1184 5065 1349 5133 οίδε;
1388 5069 1614 5140 Τρανῶς
1652 5071 1761 5143 γὰρ
1798 5071 1895 5127 νῦν

319 5155 485 5209 αὑτοῦ
512 5154 606 5211 τοῦ
636 5154 802 5225 νόμου
847 5156 939 5209 καὶ
963 5155 1060 5210 τοῦ
1088 5156 1378 5221 δεδωκότος
1414 5158 1658 5223 Μωσέως
1696 5160 1889 5231 ὑπομι-

324 5249 579 5320 μνήσκει.
630 5250 810 5303 πᾶσαν
839 5249 1022 5313 αὐτοῖς
1068 5250 1374 5305 ἀποκλείων
1415 5250 1664 5305 ἐντεῦθεν
1702 5252 1897 5307 ἀπολο-

322 5342 468 5409 γίαν.
515 5335 673 5407 Εῖτα,
721 5342 813 5395 καὶ
863 5343 955 5397 τὸν
1004 5343 1387 5415 κεκρυμμένον
1436 5344 1533 5397 καὶ
1590 5343 1738 5398 ἔνδον
1791 5364 1896 5417 μυ-

324 5434 538 5506 χοῦντα,
552 5437 619 5507 τῇ
646 5435 913 5506 μιαιφόνῳ
926 5436 1105 5489 αὐτῶν
1124 5436 1319 5507 καρδία
1330 5437 1479 5490 δόλον
1494 5437 1895 5502 ἀποκαλύπτει,

323 5527 531 5598 φήσας·
560 5528 621 5581 Τί
642 5544 719 5597 με
756 5526 979 5594 ζητεῖτε
1001 5526 1346 5582 ἀποκτεῖναι
1362 5544 1381 5592 ;
1401 5529 1462 5582 Oi
1484 5528 1860 5601 δὲ-πάντολμοι
1882 5573 1897 5597 ,

327 5620 422 5674 καὶ
451 5619 549 5690 τῆς
584 5619 929 5692 παρανομίας
964 5618 1272 5690 σύντροφοι,
1302 5619 1420 5674 δέον
1453 5619 1523 5674 τὰ
1551 5623 1770 5693 κρυπτά
1801 5626 1899 5696 τῆς

397 5734 443 5765 ⁸³
470 5732 633 5787 Marc.
684 5749 782 5794 vn,
821 5732 875 5789 8.
954 5732 998 5763 ⁸⁸
1028 5730 1219 5787 Matth.
1249 5750 1401 5800 χχιιι,
1440 5733 1529 5791 9-5.
1609 5735 1655 5770 ⁸⁷
1696 5737 1825 5794 ibid.

330 5807 371 5836 ⁷⁸
407 5803 563 5861 Joan.
592 5819 686 5872 vn,
709 5802 795 5860 l9.
870 5804 914 5836 ⁷³
946 5800 1090 5859 Psal.
1120 5818 1212 5874 vn,
1250 5804 1334 5860 l0.

1924 5740 1969 5771 ⁵⁸
2005 5737 2197 5793 Matth.
2221 5753 2327 5801 xw,
2364 5737 2444 5791 l6.

1998 4520 2137 4574 vobis
2162 4519 2327 4590 legem
2354 4518 2378 4573 ?
2404 4529 2451 4571 et
2478 4532 2626 4570 nemo
2658 4532 2722 4570 ea:
2756 4513 2894 4569 vobis
2926 4514 3051 4585 facit
3076 4512 3241 4582 legem
3269 4511 3335 4565 τί.
3370 4509 3470 4575 Eu,
3492 4511 3571 4565 di-

1998 4611 2156 4675 lecte,
2180 4610 2327 4665 unde
2366 4608 2677 4665 accuratius
2722 4606 2962 4670 noveris,
2999 4613 3061 4660 ut
3108 4602 3568 4674 quemadmodum

1997 4703 2255 4773 superius
2282 4700 2542 4764 diximus,
2584 4708 2717 4754 tunc
2756 4714 2910 4753 suam
2942 4696 3207 4752 Dominus
3234 4694 3301 4750 ad
3352 4692 3570 4749 Iudaeos

1996 4791 2306 4847 doctrinam
2349 4805 2415 4845 ex
2452 4787 2716 4861 legalibus
2767 4802 2831 4840 ac
2864 4783 3200 4855 propheticis
3238 4781 3570 4841 institueret,

1998 4897 2124 4937 cum
2156 4879 2230 4935 illi
2262 4878 2577 4934 stimulante
2606 4875 2833 4938 invidia,
2872 4874 3126 4947 dixerunt
3161 4890 3173 4925 :
3202 4871 3470 4937 Quomodo
3493 4871 3575 4922 hic

1999 4972 2348 5035 scitlitteraa,
2401 4986 2519 5023 cum
2562 4984 2663 5021 non
2718 4966 3018 5021 didicerit?
3057 4963 3347 5033 Perspicue
3400 4960 3572 5020 enim.

2002 5080 2127 5121 cum
2169 5063 2306 5134 legis
2328 5059 2599 5123 meminit,
2622 5068 2737 5113 tum
2797 5055 2960 5111 Mosis
2983 5053 3325 5127 legislatoris,
3357 5066 3575 5106 omnem

2004 5156 2086 5212 eis
2116 5156 2244 5210 inde
2272 5152 2681 5208 excusationem
2718 5147 3032 5203 excludens.
3061 5144 3268 5200 Deinde
3293 5142 3455 5197 etiam
3479 5157 3576 5197 oc-

2004 5248 2233 5309 cultum,
2271 5258 2556 5316 pronoque
2583 5242 2636 5296 in
2661 5240 2838 5295 caedes
2871 5253 3059 5293 eorum
3088 5235 3247 5291 corde
3276 5234 3572 5288 latitantem

2003 5340 2211 5404 dolum,
2231 5338 2454 5408 detegit,
2476 5336 2664 5391 dicens
2688 5352 2701 5388 ε
2724 5332 2862 5397 Quid
2885 5348 2966 5385 me
2991 5329 3228 5401 quwritis
3244 5324 3575 5392 interficere?

2005 5434 2209 5490 Verum
2239 5430 2591 5487 audacissimi
2621 5427 2892 5490 homines,
2916 5440 2980 5479 ac
3020 5419 3319 5491 iniquitatis
3346 5417 3573 5482 alumni,

2008 5542 2131 5582 cum
2165 5526 2453 5581 audientes
2476 5531 2685 5581 secreta
2712 5520 2912 5582 cordis,
2933 5516 3099 5569 Deum
3123 5525 3337 5583 quoque
3355 5509 3576 5564 debuis-

2006 5630 2128 5678 sent
2173 5634 2487 5693 agnoscere,
2534 5616 2626 5687 qui
2667 5617 2830 5670 conla
2864 5623 2921 5669 et
2954 5625 3113 5667 renes
3158 5612 3430 5660 scrutatur
3468 5603 3512 5633 ⁷²
3559 5622 3571 5656 ;

2543 5736 2588 5767 ⁶⁹
2625 5729 2787 5788 Marc.
2844 5745 2940 5796 vn,
3004 5728 3056 5783 9.
3163 5722 3207 5757 ⁷⁸
3260 5717 3359 5776 lsa.
3404 5734 3454 5783 v,
3481 5715 3571 5771 ‘20.
