4034 6406
481 315 614 379 ιδειι

1473 326 1787 387 LEONTII
1822 326 2337 391 NEAPOLITANI
2368 328 2718 390 EPISCOPI

3613 321 3755 388 1592

478 445 600 482 rum
654 428 871 485 abunde
913 442 1250 504 suppeteret.
1300 436 1446 491 unde
1493 447 1947 493 converterentur
1998 452 2062 491 ac

2176 440 2389 512 ιαρδίας
2417 440 2779 504 ἀκούσαντας,
2810 436 2905 491 καὶ
2944 436 3078 491 Θεὸν
3128 433 3453 505 ἐπιγνόντας
3490 432 3606 505 [Τσ.
3635 436 3759 485 ἐπι·

480 520 863 590 paenitentiam
897 534 1145 594 agerent,
1180 526 1216 581 ii
1240 537 1429 583 contra
1463 529 1864 600 responderunt
1892 546 1905 582 :
1937 528 2056 583 Da:-

480 611 713 664 monium
746 612 927 668 habes.
949 612 1077 680 Qui:
1112 626 1162 671 te
1186 620 1373 689 quterit
1403 620 1694 690 interﬁcere
1722 621 1746 674 ?
1776 618 1819 675 Ο
1837 619 2052 674 εἰιιιίωο-

481 714 599 752 rum
629 698 858 771 impium
895 704 1135 759 animum
1168 709 1187 761 ί
1215 704 1258 762 Ο
1299 708 1513 779 plenam
1538 709 1845 765 temeritate
1869 708 2057 764 Chris-

483 789 773 844 ticidarum
809 792 1076 849 insaniam
1110 797 1123 850 l
1165 794 1210 852 0
1241 797 1615 868 blasphemam
1656 799 1890 870 linguam
1912 815 2058 855 sem-

484 897 579 950 per
601 880 827 952 Spiritui
861 895 1051 941 sancto
1082 887 1456 945 resistentium
1482 892 1494 945 l
1520 890 1851 945 Dcemonium
1879 892 2057 958 habes,

414 1032 417 1035 _
482 973 533 1028 ei
565 974 881 1045 dicunt.qui
914 992 1102 1032 eorum
1124 979 1380 1036 obsessos
1414 997 1444 1035 a
1479 981 1726 1037 daemone
1760 991 2009 1038 curasset
2040 1000 2055 1051 ;

484 1081 614 1120 vere
642 1066 745 1136 ipsi
777 1069 978 1123 animis
1002 1069 1349 1137 daemoniaci,
1374 1088 1440 1127 ac
1468 1071 1641 1144 patris
1672 1074 1912 1144 ipsorum
1940 1074 2061 1129 dia-

485 1156 595 1212 boli
628 1158 967 1215 voluntatem
1002 1177 1219 1233 semper
1249 1161 1539 1220 facientes.
1574 1163 1701 1229 Quis
1725 1180 1873 1229 vero,
1898 1164 2061 1219 etiam

487 1246 834 1315 addiderunt,
857 1253 1046 1321 quierit
1069 1263 1118 1308 te
1136 1254 1581 1323 interﬁcerehec
1605 1271 1926 1311 arcanorum
1950 1269 2065 1309 cor-

489 1338 573 1393 dis
604 1347 796 1394 testem
832 1341 1111 1409 timentes,
1145 1356 1202 1402 at
1222 1361 1402 1416 neque
1423 1346 1639 1402 reveriti
1663 1346 2062 1417 eoargutiones.

492 1425 792 1484 Enimvero
831 1429 1190 1489 humanitatis
1235 1434 1429 1490 aﬂ‘ectu
1478 1435 1796 1498 condolcns,
1817 1450 1880 1490 ac
1938 1448 2065 1491 vere

490 1527 687 1574 natura
723 1522 1034 1579 misericors
1062 1524 1253 1592 Jesus,
1285 1541 1396 1581 non
1436 1526 1601 1581 instat
1622 1526 1924 1598 arguendo,
1963 1540 2065 1581 nec

491 1619 779 1664 cruentam
839 1627 1027 1669 eorum
1074 1615 1365 1670 traducens
1410 1615 1767 1680 voluntatem,
1813 1628 2065 1671 sermone

492 1701 793 1766 incalescit,
820 1705 997 1761 sedad
1025 1706 1183 1761 aliam
1212 1709 1409 1763 transit
1428 1708 2065 1778 narrationem,univer-

2157 533 2361 602 γνῶναι
2380 530 2422 605 ],
2450 532 2543 586 τὸν
2575 530 2804 603 καρδίας
2834 529 2928 585 καὶ
2958 530 3195 600 νεφροὺς
3222 526 3512 591 ἐτάζοντα.
3546 524 3757 594 Προσὲν

2157 624 2340 688 αὐτοῖς
2367 626 2396 677 δ
2413 622 2572 692 λόγος
2593 621 2706 695 [ῖσ.
2724 619 2890 693 ὅλως]
2910 620 3259 692 ἐπιπρέψαι,
3274 620 3369 672 καὶ
3395 616 3754 689 μετανοῆσαι,

2158 716 2561 788 ἀπεκρίθησαν·
2576 717 2898 785 Δαιμόνιον
2907 715 3088 784 ἔχεις·
3101 715 3193 780 τίς
3208 728 3285 767 σε
3304 710 3471 779 ζητεῖ
3481 706 3761 764 ἀποκτεῖ-

2157 823 2291 871 ναι;
2316 807 2380 859 Ὦ
2411 806 2510 876 τῆς
2541 804 2831 875 ἀφιλοθέου
2864 804 2975 857 τῶν
3015 802 3287 857 Ἰουδαίων
3331 800 3548 871 ψυχῆςί
3582 799 3629 850 ὦ
3657 797 3758 865 τῆς

2161 898 2469 969 παντόλμου
2511 897 2623 951 τῶν
2648 894 3061 969 Χριστοκτόνων
3109 893 3344 965 μανίαςί
3371 891 3420 944 ὦ
3456 890 3559 962 τῆς
3589 888 3757 958 βλασ-

2161 992 2347 1061 φήμου
2411 990 2683 1060 γλώττης,
2735 988 2845 1043 τῶν
2893 990 3131 1041 πάντοτε
3179 983 3629 1039 ἀντιπιπτόντων
3678 980 3756 1048 τῷ

2162 1080 2444 1152 Ηνεύματι
2484 1080 2563 1151 τῷ
2596 1079 2774 1149 ἀγίῳι
2834 1079 3153 1147 Δαιμόνιον
3196 1075 3382 1145 ἔχεις,
3423 1072 3651 1139 λέγουσι
3678 1070 3755 1139 τῷ

2162 1174 2291 1237 τοὺς
2319 1172 2719 1244 δαιμονιῶντας
2751 1171 2932 1227 αὐτῶν
2961 1167 3364 1240 θεραπεύσαντι
3383 1182 3398 1196 ·
3429 1163 3593 1216 αὐτοὶ
3636 1162 3754 1214 δαιο

2167 1265 2439 1336 μονῶντες
2490 1263 2710 1334 άληθῶς
2753 1265 2875 1327 ταῖς
2916 1261 3142 1332 ψυχαῖς,
3197 1260 3295 1313 καὶ
3339 1256 3411 1311 τά
3467 1255 3756 1324 θελήματα

2162 1355 2257 1410 τοῦ
2306 1355 2510 1425 πατρὸς
2540 1354 2719 1408 αὐτῶν
2750 1352 2845 1407 τοῦ
2890 1351 3140 1406 διαϐόλου
3183 1347 3473 1411 ποιοῦντες
3500 1344 3614 1399 ἀεί.
3666 1345 3757 1409 Τίς

2163 1447 2222 1501 δὲ
2264 1461 2339 1501 σε
2375 1446 2473 1502 καί
2515 1444 2861 1521 ᾀποκτεῖναι
2902 1441 3097 1511 (mei;
3125 1438 3543 1512 προστιθέασιν,
3579 1435 3645 1489 ού
3679 1434 3761 1487 δε-

2166 1537 2404 1602 δοικότες
2448 1536 2542 1592 τὸν
2584 1536 2697 1589 τῶν
2746 1533 2996 1606 κρυφίων
3061 1532 3245 1588 αὐτῶν
3290 1527 3580 1599 λογισμῶν
3631 1542 3757 1578 συν-

2170 1630 2379 1703 ίστορα,
2412 1630 2527 1685 ἀλλ’
2574 1628 2697 1684 οὐδὲ
2743 1628 2871 1689 τοὺς
2925 1624 3183 1697 ἐλέγχους
3227 1622 3567 1692 αἰδούμενοι.
3612 1619 3673 1671 '0
3698 1617 3757 1670 δὲ

2170 1722 2479 1795 συμπαθὴς,
2507 1722 2603 1777 καὶ⁵
2641 1720 2813 1784 ὅντως
2842 1717 3007 1790 φύσει
3039 1716 3344 1789 οἰκτίρμων
3384 1712 3620 1795 Ἰησοῦς,
3656 1712 3755 1764 οὐκ

493 1807 584 1846 sos
602 1793 882 1859 erudiens,
905 1803 964 1849 ut
994 1811 1118 1851 eum
1148 1796 1502 1852 adversantes
1531 1796 1739 1866 aliquos
1768 1796 2065 1867 arguimus.

2176 1775 2570 1885 ἐπὶμένειντοῖς
2608 1775 2874 1881 ἐλέγχοις,
2913 1810 3037 1865 οὐδὲ
3074 1775 3285 1872 ἐπιξέει
3331 1806 3410 1875 τῷ
3447 1775 3631 1873 ¹λόγῳ,
3657 1800 3753 1869 τὴν

494 1883 766 1954 siquidem
802 1885 876 1939 illi
911 1887 1215 1943 moliuntur
1260 1888 1473 1943 amoliri
1520 1888 1748 1954 crimen,
1786 1888 2068 1958 haudqua-

494 1991 657 2045 quam
686 1978 1166 2048 reprehensionem
1198 1980 1575 2047 intendamus;
1606 1984 1660 2035 in
1682 1980 1944 2052 majorem
1971 1995 2071 2035 sa:-

495 2067 623 2135 pius
649 2068 1045 2138 impudentiam
1078 2070 1323 2127 abacturi
1372 2085 1489 2136 eos,
1520 2071 1612 2138 qui
1658 2078 2067 2140 peccaverunt;

498 2161 591 2214 sed
633 2161 829 2217 demus
859 2163 1041 2218 locum
1102 2162 1187 2224 iis,
1217 2162 1307 2232 qui
1348 2161 1568 2217 fuerunt
1601 2161 1820 2231 quidem
1871 2160 2068 2231 depre-

497 2252 675 2319 hensi,
721 2254 813 2309 sed
865 2255 1057 2310 volunt
1109 2255 1319 2312 crimen
1349 2254 1642 2326 depellere,
1685 2269 1749 2309 ac
1786 2268 2067 2308 excusare.

500 2345 659 2417 Saepe
710 2347 857 2402 enim
887 2348 999 2413 fiat,
1025 2358 1084 2403 ut
1121 2347 1464 2419 pcenitudine
1490 2348 1765 2415 conversi,
1818 2347 2071 2402 meliores

499 2438 756 2492 evadant.
799 2438 911 2494 Hoc
934 2438 1201 2496 Dominus
1224 2439 1278 2494 in
1312 2440 1728 2511 prmsentiarum
1758 2439 1953 2494 iecisse
1983 2438 2071 2492 di-

498 2531 780 2598 gnoscitur
811 2549 825 2586 :
851 2530 1136 2603 Respondit
1168 2533 1338 2596 enim,
1380 2542 1427 2586 et
1455 2533 1679 2588 dixiteis
1709 2549 1722 2585 :
1747 2532 1915 2588 Unum
1944 2547 2073 2601 opus

499 2621 620 2689 feci,
653 2630 705 2674 et
738 2638 913 2676 omnes
944 2623 1313 2677 aduriramini.
1349 2622 1512 2678 Vides
1540 2637 1847 2677 sermonem
1881 2622 2074 2677 huma-

501 2712 675 2768 nitate
712 2713 974 2783 plenum?
1009 2712 1175 2769 Vides
1210 2713 1611 2770 indeﬁcientem
1639 2712 1902 2768 bonitatis
1948 2714 2072 2767 the-

500 2821 726 2861 saurum
778 2806 802 2860 ?
834 2804 1003 2862 Vides
1042 2822 1258 2862 arcanae
1293 2806 1440 2862 illius
1487 2806 1772 2877 sapientia:
1811 2805 2015 2860 fontem
2051 2805 2075 2859 ?

499 2897 698 2953 Eorum
721 2900 865 2954 enim
887 2914 985 2955 ceu
1004 2899 1397 2955 homicidarum
1417 2898 1899 2970 reprehensionem
1917 2898 2076 2953 omit-

500 3000 646 3057 tens,
677 3006 865 3062 parum
896 2992 1071 3060 abest,
1103 3002 1163 3048 ut
1191 3007 1262 3049 ne
1295 3002 1550 3062 tanquam
1584 2992 1884 3063 prodigium
1914 2989 2073 3045 exhi-

2173 1904 2455 1977 μιαιφόνον
2498 1903 2683 1959 αὐτῶν
2735 1900 3070 1973 στηλιτεύων
3097 1898 3443 1969 προαίρεσιν,
3499 1894 3622 1948 ἀλλ’
3670 1893 3755 1961 ἐφ’

2170 1997 2361 2068 ἑτέραν
2411 1994 2727 2062 μεταϐαίνει
2771 1991 3044 2063 διήγησιν,
3094 1988 3367 2044 παιδεύων
3415 1987 3671 2048 ἅπαντας
3698 1986 3757 2037 ἐν

2168 2090 2280 2153 τοῖς
2309 2088 2443 2159 πρός
2469 2102 2623 2149 τινας
2645 2084 2755 2139 τῶν
2774 2082 3247 2153 ἀντιτεταγμένων
3263 2078 3531 2148 ἐλέγχοις,
3548 2078 3681 2129 ὅταν
3706 2077 3753 2129 οἱ

2171 2178 2581 2251 ἁμαρτάνοντες
2620 2174 2992 2247 ἀπορρίπτειν
3033 2170 3331 2243 πειρῶνται
3374 2167 3435 2220 τὸ
3472 2164 3753 2235 ἔγκλημα,

2174 2272 2248 2343 μὴ
2294 2269 2587 2325 ἐπιτείνειν
2640 2268 2731 2319 τὸν
2791 2264 3036 2335 ἔλεγχον,
3088 2260 3503 2329 ἀναιδεστέρους
3551 2256 3634 2319 ὡς
3690 2254 3761 2307 τὰ

2172 2363 2340 2419 πολλὰ
2383 2361 2512 2425 τοὺς
2558 2356 3077 2430 προσκεκρουκότας
3123 2350 3561 2412 άποτελοῦντας·
3620 2345 3760 2399 ἀλλὰ

2169 2452 2365 2506 διδόναι
2413 2448 2598 2521 χώραν
2653 2448 2767 2510 τοῖς
2804 2442 3107 2515 φωραθείσι
3143 2441 3266 2512 μὲν,
3307 2435 3650 2494 ἀποδύεσθαι
3701 2433 3759 2485 δὲ

2172 2542 2512 2615 βουλομένοις
2541 2540 2601 2593 τὸ
2630 2537 2903 2607 ἔγκλημα,
2940 2533 3211 2596 Πολλάκις
3238 2530 3349 2601 γὰρ
3384 2525 3760 2597 ἐπιστρέψειν.

2169 2653 2260 2699 τες
2285 2637 2351 2706 τῇ
2391 2629 2753 2705 μεταγνώσει,
2787 2626 3030 2698 βελτίους
3054 2624 3403 2695 γενήσονται.
3443 2618 3622 2672 Τοῦτο
3668 2633 3761 2669 πε-

2172 2724 2414 2798 ποιηκὼς
2450 2727 2477 2778 ὁ
2531 2721 2813 2791 Δεσπότης
2860 2717 2922 2773 τὸ
2943 2715 3246 2789 τηνικαῦτα
3274 2713 3571 2767 δείκνυται.
3618 2710 3765 2763 Ἀπ-

2172 2819 2377 2887 explan
2402 2815 2511 2887 γὰρ
2552 2815 2649 2868 καί
2681 2808 2852 2866 εἶπεν
2873 2809 3097 2875 αὐτοῖς·
3130 2809 3240 2862 Ἐν
3263 2806 3443 2874 ἔργον
3467 2802 3758 2867 ἐποίησα.

2173 2911 2270 2964 καὶ
2302 2908 2526 2974 πάντες
2564 2904 2908 2974 θαυμάζετε.
2944 2901 3108 2972 Ὁρᾷς
3136 2895 3551 2969 φιλανθρωπίας
3576 2895 3758 2965 ῥῆμας

2187 3001 2348 3071 Ὁρᾷς
2394 2994 2736 3066 ἀγαθοσύνης
2782 2992 3164 3049 άνεπίλειπτον
3214 2988 3529 3058 θησαυρ6ν;
3594 2985 3763 3055 Ὁρᾷς

498 3082 675 3137 bitum
707 3082 1057 3151 admirantes,
1086 3085 1180 3155 qui
1203 3085 1450 3141 omnium
1478 3086 1617 3156 gerit
1648 3099 1833 3139 curam
1862 3082 2071 3145 salutis,

2176 3092 2277 3159 τῆς
2309 3091 2501 3160 σοφίας
2541 3089 2641 3159 τῆς
2686 3086 3003 3159 ἀπορρήτου
3048 3083 3147 3154 τὴν
3192 3081 3413 3151 πηγήνς
3450 3078 3765 3177 “fraetum?

501 3172 667 3227 etiam
716 3174 1021 3246 approbare
1054 3175 1293 3242 studeat,
1324 3192 1389 3231 ac
1436 3176 1642 3231 laudet.
1692 3175 1860 3232 Unum
1900 3174 2067 3239 enim,

500 3262 699 3334 inquit,
733 3281 863 3333 opus
900 3267 1020 3339 feci,
1052 3275 1101 3321 et
1132 3284 1315 3323 omnes
1346 3268 1711 3322 admiramini.
1754 3266 2071 3338 Quanquam

502 3357 652 3413 enim
693 3374 805 3413 non
860 3373 1053 3415 omnes
1085 3360 1294 3429 statim,
1329 3375 1431 3433 pro
1480 3376 1546 3416 eo
1591 3361 1737 3432 quod
1782 3361 2072 3423 acciderat,

501 3447 937 3518 obstupuerunt;
960 3466 1073 3506 rem
1098 3460 1275 3508 tamen
1306 3452 1733 3517 considerantes,
1752 3461 1813 3506 ut
1834 3452 1949 3516 Dei,
1967 3466 2074 3506 non

503 3547 566 3593 ut
610 3540 894 3596 hominum
947 3543 1249 3615 proprium,
1287 3544 1552 3600 miracula
1592 3543 1857 3613 ejusmodi
1895 3543 2077 3599 facere

502 3630 700 3685 merito
732 3632 1090 3688 admirantur.
1125 3634 1193 3689 At
1238 3644 1427 3690 contra
1466 3635 1756 3706 pontiﬁces
1794 3643 1848 3689 et
1884 3634 2076 3689 Phari-

503 3720 1014 3791 saeilconviciantes,
1032 3740 1313 3795 nunquam
1331 3742 1359 3779 a
1378 3725 1649 3781 calumnia
1692 3724 1749 3777 in
1767 3724 1954 3780 Jesum
1979 3724 2076 3779 de-

506 3811 918 3872 stiteruntrnec
944 3815 996 3869 id
1018 3816 1201 3871 solum,
1224 3817 1279 3871 in
1307 3817 1431 3871 aliis
1460 3816 1529 3870 ab
1560 3831 1628 3870 eo
1657 3816 1883 3886 patratis
1911 3816 2079 3870 mira-

506 3901 677 3967 culis,
698 3918 889 3958 verum
933 3915 989 3959 et
1026 3905 1081 3959 in
1122 3906 1241 3975 ipso
1275 3920 1492 3975 quoque
1537 3905 1605 3960 de
1637 3919 1747 3975 quo
1793 3905 1949 3961 nobis
1996 3916 2081 3961 est

506 4009 708 4050 sermo.
735 3996 959 4068 Agimus
997 3997 1143 4051 enim
1170 3996 1237 4051 de
1261 3997 1558 4068 paralytico
1584 4007 1775 4053 sanato
1798 3998 1849 4053 in
1878 3998 2080 4055 Proba-

508 4088 613 4142 tic'a
640 4089 872 4159 piscina,
920 4090 1183 4144 adversus
1230 4104 1393 4160 quem
1423 4089 1735 4147 Judaeorum
1773 4092 2079 4163 principes,

508 4178 856 4251 indignantes
884 4181 1140 4237 dixerunt
1172 4199 1185 4235 :
1214 4179 1509 4237 Sabbatum
1565 4192 1678 4238 est:
1701 4200 1806 4238 non
1829 4183 1949 4239 licet
1980 4184 2075 4237 tibi

438 4290 441 4293 ·
510 4271 692 4326 tollere
720 4276 1000 4345 grabatum
1058 4284 1207 4328 tuum
1237 4274 1323 4329 ἠε
1357 4276 1529 4331 multa
1570 4276 1624 4332 in
1654 4292 1782 4331 eum
1804 4278 2079 4347 jactantcs

509 4364 599 4433 qui
632 4365 736 4420 hoc
760 4367 876 4422 ﬁeri
902 4368 1162 4437 iusserat.
1194 4369 1490 4424 Enimvero
1518 4384 1829 4440 quanquam
1860 4371 1933 4424 ita
1963 4369 2085 4425 ani-

2174 3183 2383 3247 τούτοις
2408 3181 2483 3245 ὡς
2525 3179 2834 3252 μιαιφόνοις
2874 3176 3151 3246 ἐγκαλεῖν,
3179 3172 3256 3236 ὡς
3284 3170 3676 3242 θαυμάζοντας
3702 3169 3763 3221 τὸ

2172 3272 2542 3343 γεγενημένον
2583 3270 2868 3342 τεράστιον
2922 3265 3121 3339 μικροῦ
3167 3265 3264 3318 καὶ
3304 3260 3693 3333 ἀποδέχεσθαι,
3731 3260 3769 3313 ὁ

2174 3366 2273 3436 τῆς
2300 3363 2572 3434 σωτηρίας
2598 3361 2815 3415 πάντων
2843 3357 3164 3430 κηδόμενος,
3195 3354 3613 3422 κατεπείγεται.
3654 3354 3766 3405 Ἕν

2176 3458 2305 3529 γὰρ,
2343 3455 2532 3526 φησὶν,
2580 3453 2759 3523 ἔργον
2800 3451 3099 3518 ἐποίησα,
3148 3449 3243 3502 καί
3266 3445 3488 3510 πάντες
3539 3444 3767 3513 θαυμάο

2177 3548 2317 3610 Gate.
2356 3546 2575 3616 Καίπερ
2607 3545 2718 3616 γάρ
2756 3542 2816 3596 οὗ
2853 3542 3055 3604 πάντες
3094 3539 3322 3610 ἐξαυτῆς
3358 3538 3488 3607 περὶ
3521 3535 3586 3589 τὺ
3612 3535 3767 3603 γενό-

2181 3656 2340 3710 μενον
2376 3637 2801 3707 ἐξεπλήσσοντοο
2841 3633 2972 3702 περὶ
3016 3631 3113 3685 τοῦ
3153 3631 3437 3699 γεγονότος
3476 3628 3768 3698 λογιζόμε-

2178 3746 2279 3795 νοι,
2318 3728 2543 3792 εἰκότως
2584 3726 2662 3790 ὡς
2698 3722 2836 3778 Θεοῦ
2890 3723 2985 3777 καὶ
3037 3722 3138 3775 οὐκ
3170 3721 3473 3791 ἀνθρώπων
3524 3718 3659 3772 ἴδιον
3705 3718 3773 3770 τὸ

2178 3818 2404 3874 τοιαῦτα
2429 3816 2890 3887 θαυματουργεῖν,
2926 3811 3337 3884 ὑπεραίρονται.
3372 3811 3435 3864 Οἱ
3470 3810 3527 3863 δὲ
3575 3810 3765 3879 άρχιευ

2183 3913 2297 3985 ρείς
2355 3911 2449 3963 καὶ
2500 3909 2822 3980 Φαρισαῖοι,
2878 3903 3195 3958 τούναντίον
3246 3899 3618 3971 λοιδοροῦντες
3677 3898 3769 3951 τὸν

2192 4002 2400 4075 Ἰησοῦν
2431 4001 2493 4055 ού
2528 3998 2955 4060 διαλελοίπασιν,
3012 3995 3072 4048 ού
3133 3993 3295 4065 μόνον
3344 3995 3402 4047 ἐν
3438 3995 3553 4055 τοῖς
3587 3990 3769 4053 ἄλλοις

2181 4096 2274 4149 ὑπ’
2326 4091 2491 4147 αὐτοῦ
2551 4088 2942 4160 γεγενημένοις
2998 4083 3309 4155 θαύμασιν,
3359 4083 3498 4137 ἀλλὰ
3555 4082 3651 4134 καὶ
3709 4082 3765 4132 ἐν

2182 4184 2330 4257 αὐτῷ
2365 4185 2493 4255 περὶ
2522 4177 2583 4237 οὗ
2616 4183 2645 4235 ὁ
2676 4181 2856 4248 λόγος.
2898 4179 2973 4233 Τὸ
3004 4176 3114 4248 γὰρ
3152 4176 3297 4229 κατὰ
3328 4175 3417 4229 τὸν
3452 4174 3768 4245 παράλυτον

2184 4275 2275 4352 ἧν,
2298 4279 2389 4333 τὸν
2414 4279 2473 4330 ἐν
2503 4278 2569 4347 τῇ
2604 4273 2916 4347 Προϐατικῇ
2947 4267 3329 4340 κολυμϐήθρᾳ,
3357 4266 3492 4337 πρὸς
3516 4266 3576 4318 ὃν
3603 4266 3767 4332 ἀγαν-

2187 4368 2481 4431 ακτοῦντες
2542 4366 2781 4435 ἔφασκον
2851 4362 2904 4415 οἱ
2973 4361 3082 4415 τῶν
3142 4358 3409 4413 Ἰουδαίων
3467 4357 3765 4426 ἄρχοντεςο

509 4454 612 4508 mis
640 4455 801 4527 impie
840 4456 1020 4513 allecti
1056 4468 1233 4524 erant,
1275 4460 1392 4529 ipse
1436 4459 1795 4516 nihilominus
1834 4461 2072 4516 Salvator

2186 4458 2491 4516 Σάϐϐατόν
2535 4457 2688 4524 ἐστι,
2739 4454 2839 4509 καί
2890 4453 3006 4507 οὐκ
3071 4450 3278 4515 ἔξεστί
3327 4464 3426 4502 σοι
3477 4442 3615 4516 ἆραι
3664 4448 3769 4500 τὸν

511 4550 769 4605 omnibus
800 4551 1010 4615 tribuit,
1033 4551 1178 4623 quod
1201 4567 1339 4621 opus
1372 4551 1733 4609 admirentur.

2188 4549 2521 4620 κράϐϐατόν
2551 4561 2694 4610 σου,
2735 4541 3033 4614 πάμπολλα
3068 4540 3212 4596 κατὰ
3240 4538 3334 4592 τοῦ
3367 4536 3529 4592 τοῦτο
3564 4537 3773 4609 πρᾶξαι,

508 4644 958 4712 προστεταχότος.
996 4642 1299 4714 εἰρηκότες.
1349 4642 1512 4697 Ἀλλὰ
1539 4643 1743 4717 καίπερ
1774 4642 1949 4711 οὕτως
2008 4641 2310 4717 ἀφιλοθέως
2373 4638 2747 4704 διατεθέντων,
2783 4637 2948 4690 πᾶσιν
2976 4636 3006 4689 ὁ
3045 4632 3234 4706 Σωτὴρ
3263 4634 3325 4687 τὸ
3377 4633 3676 4703 θαυμάζειν
3708 4632 3768 4685 τὸ

509 4731 734 4798 γεγονὸς
778 4729 1098 4801 ἐπιγράφει.

582 4821 663 4876 Ad
701 4820 818 4875 haec
847 4830 1053 4885 autem,
1090 4834 1201 4875 non
1241 4828 1459 4875 tantum
1494 4820 1759 4878 edicendo
1798 4823 2088 4895 cogitatio-

511 4929 634 4978 nes,
660 4928 851 4967 verum
893 4912 1055 4968 etiam
1096 4912 1364 4982 exemplis
1398 4912 1590 4967 nititur
1632 4911 1873 4978 ﬂectere,
1926 4921 2090 4984 atque

514 5004 583 5059 ad
623 5005 673 5059 id
696 5004 842 5074 quod
878 5012 1089 5059 rectum
1121 5013 1289 5067 esset,
1319 5002 1602 5068 reducere,
1648 5019 1773 5059 cum
1806 5004 1923 5059 ait:
1960 5004 2093 5059 Pro-

514 5106 693 5169 pterea
720 5096 923 5165 Moyses
938 5098 1079 5151 dedit
1102 5097 1242 5150 vobis
1264 5097 1728 5163 circumcisionem,
1753 5114 1855 5152 non
1878 5099 2003 5167 quia
2029 5114 2093 5152 ea:

516 5188 702 5259 Moyse
739 5199 833 5251 est,
858 5188 948 5242 sed
980 5204 1043 5241 ea;
1066 5189 1313 5256 patribus
1341 5188 1414 5247 ⁷⁸.
1439 5188 1579 5255 Quid
1614 5190 1759 5244 enim
1819 5190 1976 5251 adeo.
2009 5190 2092 5243 in-

516 5280 657 5351 quit,
686 5277 860 5334 videri
887 5277 1050 5332 vultis
1079 5279 1297 5333 studere
1318 5279 1441 5351 legi,
1463 5280 1553 5351 qui
1582 5295 1800 5350 semper
1826 5280 1929 5351 legi
1952 5296 2088 5335 con-

516 5373 683 5429 traria
745 5370 962 5443 agatis?
997 5368 1129 5423 Nam
1175 5379 1231 5423 et
1275 5370 1639 5435 circumcisio,
1681 5372 1916 5441 primum
1959 5372 2091 5426 illud

520 5475 649 5534 post
672 5465 832 5520 ﬁdem
874 5465 1086 5535 signum
1108 5462 1254 5532 ﬁdei,
1282 5479 1400 5532 quae
1426 5473 1500 5517 est
1525 5464 1577 5516 in
1602 5465 1860 5534 prwputio
1884 5466 1949 5529 ⁷⁵,
1971 5464 2095 5519 data

521 5556 742 5626 proavis
778 5557 998 5624 vestris,
1033 5571 1141 5612 non
1174 5571 1239 5611 ex
1268 5554 1467 5626 Moyse,
1492 5555 1687 5611 sedex
1707 5556 1957 5626 patribus
1984 5565 2090 5611 est.

597 5762 643 5794 π
673 5761 829 5819 Joan.
872 5774 991 5828 vin,
1030 5758 1118 5815 il.

2265 4813 2397 4873 Εἶτα
2417 4858 2434 4885 ,
2453 4817 2513 4872 οὑ
2549 4816 2711 4886 μόνον
2737 4815 2969 4883 ἐξειπὼν
2995 4815 3063 4868 τὰ
3089 4814 3383 4886 λογισμῶν,
3418 4814 3553 4870 ἀλλὰ
3582 4818 3676 4871 καὶ
3707 4818 3769 4871 ἐκ

2194 4910 2658 4982 παραδειγμάτων
2706 4909 2965 4975 πειρᾶται
3013 4908 3320 4973 δυσωπεῖν,
3378 4907 3472 4963 καὶ
3528 4910 3666 4979 πρὸς
3712 4910 3769 4963 τὸ

2197 5006 2352 5070 εὐθές
2389 5006 2754 5075 ἐπαναγαγεῖν
2775 5021 2790 5036 ’
2826 5002 2915 5058 διά
2946 5002 3103 5057 τοῦτο
3148 5001 3343 5072 λέγων,
3383 5002 3645 5071 Μωῦσῆς
3676 5003 3766 5057 6e-

2196 5098 2387 5153 δωκεν
2438 5098 2583 5169 ὑμῖν
2633 5097 2749 5165 τὴν
2794 5096 3157 5167 περιτομὴν,
3220 5096 3335 5164 οὐχ
3394 5093 3482 5148 ὅτι
3541 5094 3611 5147 ἐκ
3667 5094 3768 5148 τοῦ

2197 5189 2495 5255 Μωυσέως
2515 5189 2709 5252 ἐστὶν,
2749 5189 2888 5244 ἀλλ’
2920 5188 2990 5242 ἐκ
3030 5185 3150 5241 τῶν
3204 5186 3494 5255 πατέρων.
3526 5186 3594 5239 Τί
3639 5186 3767 5256 γάρ,

2197 5284 2366 5355 φησὶ.
2417 5283 2671 5340 τοσοῦτον
2712 5283 2807 5337 τοῦ
2866 5283 3032 5353 νόμου
3086 5283 3296 5336 δοκεῖτε
3352 5281 3768 5348 ἀντιποιεῖσθαι,

2200 5378 2404 5447 καίπερ
2452 5376 2711 5430 τάναντία
2762 5374 2858 5429 τοῦ
2907 5375 3072 5446 νόμου
3128 5374 3359 5428 πάντοτε
3406 5373 3736 5445 πράττοντες
3752 5392 3775 5441 ;,

2201 5466 2349 5535 Αὕτη
2400 5466 2506 5538 γὰρ
2540 5468 2572 5537 ἡ
2609 5464 2903 5537 περιτομὴ,
2938 5464 3002 5518 τὸ
3046 5464 3264 5536 πρῶτον
3298 5462 3435 5534 μετὰ
3460 5463 3563 5535 τὴν
3593 5464 3771 5518 πίστιν

2204 5558 2454 5627 σημεῖον
2480 5560 2591 5621 τοῖς
2640 5557 3015 5629 προπάτορσιν
3048 5555 3201 5627 ὑμῶν
3248 5554 3532 5627 δεδομένον
3569 5555 3678 5625 τῆς
3705 5556 3772 5611 ἐκ

1196 5757 1423 5815 “Joan.
1483 5774 1589 5825 vn,
1632 5758 1720 5813 9.2.
1799 5758 1843 5789 ⁷⁸
1904 5754 2063 5813 Rom.
2109 5772 2183 5823 ιγ,
2242 5758 2321 5811 ll.
