4058 6434
269 394 413 479 1593,

1212 408 1469 470 smne
1530 408 1612 470 IN
1670 388 1971 466 MEDIAM
2014 404 2571 468 PENTECOSTEN.

3388 412 3525 479 1594

265 512 631 581 ἀκροϐυστίᾳ
660 514 940 585 πίστεως,
987 517 1087 573 οὐκ
1131 519 1195 573 ὲκ
1226 521 1319 575 τοῦ
1351 522 1628 587 Μωῦσέως
1674 523 1843 585 ἐστὶν,

1951 518 2015 572 Et
2045 520 2099 572 in
2126 519 2382 585 Sabbato,
2412 518 2606 590 inquit,
2632 519 3006 577 circumciditis
3034 521 3316 578 hominem.
3336 524 3394 578 Si
3414 530 3522 581 cir-

265 600 382 659 ὸλλ’
412 604 475 654 ἐκ
521 602 628 656 τῶν
659 604 937 678 Πατέρων.
973 610 1081 664 Καὶ
1125 608 1195 663 ἐν
1223 611 1520 679 Σαϐϐάτῳ.
1548 612 1702 684 φησι,
1737 626 1842 664 πε-

258 693 565 763 ριτέμνετε
593 693 927 763 ἄνθρωπον.
958 699 1028 753 El
1058 702 1387 771 περιτομὴν
1412 702 1702 773 λαμϐάνει
1737 702 1843 755 ἄν·

264 790 495 852 θρωπος
521 785 591 838 ἐν
617 787 915 855 Σαϐϐάτῳ,
948 789 1047 844 ἵνα
1070 790 1156 860 μὴ
1204 790 1366 861 λυθῇ
1396 796 1428 847 ό
1459 794 1840 863 νόμοςΜωῦ-

262 876 417 942 σέως
437 891 453 907 σ
504 876 633 947 ἐμοὶ
688 878 946 947 χολᾶτε,
995 881 1085 936 ὅτι
1136 882 1285 938 ὅλον
1332 883 1648 953 ἄνθρωπον
1697 885 1837 956 ὑγιῆ

260 968 521 1035 ἐποίησα
583 969 653 1023 ἐν
696 971 1015 1040 Σαϐϐάτῳς
1063 974 1160 1043 Μὴ
1220 976 1454 1044 κρίνετε
1501 977 1627 1031 κατ’
1674 978 1837 1046 ὄψιν,

262 1056 423 1110 ἀλλὰ
453 1056 568 1126 τὴν
595 1058 837 1115 δικαίαν
878 1064 1084 1131 κρίσιν
1133 1066 1394 1133 κρίνατε.
1444 1068 1531 1121 Ἐν
1577 1069 1841 1140 Σαϐϐάτῳ

263 1152 617 1224 περιτέμνειν
645 1153 957 1225 ἄνθρωπον,
989 1154 1176 1225 φησὶν,
1207 1155 1268 1208 ού
1296 1156 1687 1229 παραιτεῖσθε,
1716 1158 1838 1211 καί·

261 1261 368 1316 περ
397 1244 493 1298 καὶ
520 1246 654 1299 αὐτὸ
685 1246 846 1318 ἔργον
866 1246 1041 1301 ἐστίν.
1084 1247 1224 1301 Ἀλλ’
1249 1250 1404 1319 ὅμως
1428 1249 1519 1304 διὰ
1541 1250 1635 1305 τὸν
1674 1251 1837 1322 νόμον

260 1336 420 1391 τοῦτο
448 1339 710 1412 πράττειν
742 1338 1161 1408 διαγορεύοντα,
1212 1342 1263 1395 εί
1311 1341 1466 1413 τύχοι
1513 1343 1837 1414 γεννηθῆναι

263 1428 462 1499 βρέφος
511 1432 569 1484 ὲν
616 1431 900 1503 Σαϐϐάτῳ,
949 1431 1109 1486 τοῦτο
1156 1434 1515 1504 περιτέμνετε
1563 1436 1629 1505 τῇ
1676 1434 1836 1505 ὀγδόῃ

259 1521 467 1592 ἡμέρᾳ.
500 1522 748 1575 τουτέστι
778 1523 856 1592 τῷ
885 1523 1167 1594 ἐρχομένῳ
1196 1524 1479 1596 Σαϐϐάτῳ,
1511 1526 1712 1596 καίπερ
1740 1525 1835 1579 τοῦ

260 1612 425 1683 νόμου
464 1612 735 1683 λέγοντος,
764 1616 874 1669 πᾶν
917 1615 1078 1685 ἔργον
1131 1617 1206 1688 μὴ
1259 1620 1429 1677 ποιεῖν
1459 1618 1517 1671 ἐν
1549 1618 1831 1690 Σαδϐἀτῳ,

258 1704 291 1774 ἦ
326 1704 418 1757 τὸν
444 1705 602 1759 τοῦτο
629 1706 937 1776 πράττοντα
982 1705 1425 1778 ὲξολοθρεύεσθαι
1459 1710 1525 1764 ἐκ
1552 1710 1647 1763 τοῦ
1682 1709 1830 1773 λαοῦ,

256 1792 396 1862 ὅπερ
438 1795 532 1847 καὶ
582 1794 848 1849 πέπονθεν
895 1795 925 1848 δ
971 1796 1029 1849 ὲν
1078 1799 1144 1868 τῇ
1190 1798 1383 1869 ἐρήμῳ
1411 1800 1477 1868 τῇ
1525 1799 1712 1870 ἡμέρᾳ
1738 1797 1830 1852 τοῦ

256 1884 539 1940 Σαόὅάτου
570 1886 896 1957 συναγαγὼν
919 1886 990 1943 τὰ
1025 1887 1275 1959 ξυλάρια,
1311 1889 1651 1953 λιθόλευστος
1680 1890 1832 1958 γενό-

260 1992 456 2046 μενος’
502 1977 660 2048 ὑμεῖς
699 1978 754 2032 δὲ
799 1979 1191 2053 περιτέμνεσθε
1229 1980 1420 2045 ἀδεῶς,
1462 1980 1549 2035 διὰ
1577 1981 1639 2034 τὸ
1668 1982 1831 2051 μέρος

254 2069 356 2139 τῆς
406 2072 727 2141 περιτομῆς,
771 2070 967 2138 ὁλικῶς
1019 2072 1341 2138 ἀθετοῦντες
1385 2075 1477 2128 τὸν
1526 2075 1707 2144 νόμον.
1768 2075 1831 2127 '0

256 2160 367 2231 γὰρ
408 2162 690 2229 πταίσας,
728 2164 913 2234 φησὶν,
957 2164 1028 2217 ἐν
1055 2164 1165 2231 ἐνὶ,
1200 2165 1413 2234 γέγονε
1455 2165 1698 2219 πάντων
1727 2166 1827 2220 ἕν-

254 2262 420 2313 οχος.
452 2248 551 2317 Μὴ
582 2250 811 2317 κρίνετε
835 2252 1044 2306 τοίνυν
1067 2253 1196 2306 κατ’
1221 2252 1386 2322 ὄψιν,
1407 2253 1567 2308 ἀλλὰ
1595 2253 1713 2322 τὴν
1742 2255 1830 2309 δι-

256 2337 438 2390 καίαν
482 2338 688 2407 κρίσιν
716 2341 975 2408 κρίνατε.
1023 2342 1116 2413 Μὴ
1162 2342 1269 2415 γὰρ
1322 2344 1403 2397 ὅτι
1450 2346 1517 2415 τῇ
1563 2345 1831 2416 προλήψει

256 2426 353 2479 τοῦ
378 2428 543 2499 νόμου
588 2430 950 2503 κεκράτησθε,
995 2434 1199 2506 καίπερ
1244 2434 1312 2489 τὰ
1350 2434 1510 2490 λοιπὰ
1550 2438 1832 2509 παρωθού-

262 2535 436 2589 μενοι,
468 2522 601 2593 πρὸς
623 2523 685 2577 τὸ
708 2524 840 2594 παρ’
864 2525 1003 2595 ἐμοῦ
1031 2526 1323 2597 γενόμενον
1353 2527 1733 2596 ἀγανακτεῖτε.
1766 2532 1829 2585 El

257 2610 370 2681 γὰρ
403 2610 490 2664 διὰ
519 2613 579 2666 τὸ
614 2616 855 2688 μερικῶς
880 2618 939 2669 ὲν
969 2617 1241 2690 ἀνθρώπῳ
1280 2619 1368 2673 διὰ
1394 2622 1492 2691 τῆς
1525 2622 1831 2694 περιτομῆς

257 2702 569 2772 γενόμενον,
628 2708 936 2779 παραλύετε
988 2711 1214 2781 δυνάμει
1254 2712 1346 2766 τὸν
1396 2714 1579 2784 νόμον,
1626 2715 1713 2768 ἵνα
1755 2715 1829 2786 μὴ

255 2791 419 2862 δῆθεν
447 2794 580 2867 λυθῇ
632 2797 661 2849 δ
704 2798 869 2870 νόμος
909 2801 1221 2866 Μωῦσέωςο
1278 2803 1441 2873 Ἐμοὶ
1477 2803 1697 2874 χολᾶτε
1742 2806 1830 2858 ὅτι

256 2883 405 2939 ὅλον
441 2887 758 2957 ἄνθρωπον
800 2893 941 2963 ὑγιῆ
988 2894 1248 2964 ἐποίησα
1277 2896 1348 2950 ἐν
1375 2898 1654 2962 Σαϐϐάτῳ
1674 2913 1693 2961 ;
1740 2898 1828 2968 μὴ

255 2978 491 3045 κρίνετε
528 2982 657 3035 κατ’
680 2981 845 3051 ὄψιν,
871 2985 1034 3041 ἀλλὰ
1060 2985 1175 3054 τὴν
1200 2986 1443 3043 δικαίαν
1471 2989 1677 3057 κρίσιν
1704 2991 1830 3058 κρί-

253 3086 417 3126 νατε.
448 3073 634 3144 Είγὰρ
658 3075 688 3127 δ
714 3076 877 3148 μέρος
890 3077 1178 3149 ἀνθρώπου
1212 3079 1495 3150 ἰατρεύων,
1523 3082 1825 3145 ἐπαινετὸς,

258 3162 515 3268 μαλλονδ
544 3166 665 3221 ὅλον
693 3168 988 3268 ¹ἄνθρωπον
1029 3170 1157 3242 ὑγιῆ
1200 3170 1482 3236 καθιστὰς,
1519 3174 1579 3227 ού
1605 3173 1824 3243 ψεκτός·
1857 3211 1899 3268 c

253 3254 372 3308 ἀλλ’
418 3256 779 3330 εύφημεῖσθαι
812 3260 981 3328 ἄξιος.
1024 3264 1135 3317 Καὶ
1164 3263 1291 3318 ἄλλο
1332 3263 1389 3317 δέ
1433 3282 1488 3317 τι
1534 3264 1831 3336 βαθύτερον

252 3346 397 3420 ὑπὲρ
423 3348 514 3403 τὸν
535 3351 822 3423 πρόχειρον
853 3353 978 3408 νοῦν
1023 3356 1306 3425 σημαίνειν
1328 3351 1480 3427 οἶμαι
1503 3355 1593 3410 τοῦ
1624 3357 1830 3424 Κυρίου

251 3438 322 3493 τὰ
342 3441 577 3510 ῥήματα.
596 3442 686 3513 Τῷ
701 3444 806 3515 γὰρ
827 3446 1114 3511 ein-simila
1143 3447 1331 3502 ⁸⁷ολον
1361 3447 1674 3517 ἄνθρωπον
1688 3447 1829 3517 ὑγιῆ

250 3528 510 3597 ἐποίησα
545 3532 614 3585 ἐν
646 3530 726 3598 τῷ
748 3533 1042 3600 Σαϐϐάτῳ,
1065 3535 1125 3589 οὐ
1158 3536 1319 3603 μόνον
1349 3537 1410 3590 τὸ
1432 3538 1551 3590 ὅλον
1581 3535 1832 3607 σώματος

250 3625 392 3677 νοεῖν
417 3624 477 3677 τὺ
504 3624 807 3695 παράλυτον
827 3626 1103 3696 σημαίνει,
1122 3627 1237 3680 ἀλλ’
1268 3628 1350 3682 ὅτι
1372 3628 1467 3681 καὶ
1499 3628 1749 3699 ψυχικῶς
1772 3629 1832 3694 ἐξ

251 3714 544 3785 ἁμαρτιῶν
564 3716 823 3772 νοσοῦντα
848 3718 1057 3782 τοῦτον,
1087 3719 1209 3772 κατ’
1236 3720 1521 3789 ἀμφότερα
1555 3720 1827 3784 ὲξιάσατο.

252 3808 441 3862 "Odor
458 3808 587 3880 γὰρ,
626 3809 808 3880 φησὶν,
834 3810 1148 3879 ἄνθρωπον
1164 3811 1424 3879 ἐποίησα
1456 3809 1619 3880 ὑγιῆ.
1670 3811 1742 3863 Τὸ
1770 3810 1827 3864 δὲ

251 3896 413 3971 σῶμα
463 3903 594 3965 πᾶν,
642 3901 745 3955 κᾶν
775 3901 961 3973 ἄρτιον
1084 3902 1178 3956 καὶ
1227 3902 1532 3966 ἀνελλιπὲς,
1575 3902 1693 3955 ἀλλ’
1729 3904 1828 3974 οὐχ

248 3993 370 4056 ὅλος
420 3993 566 4046 ἐστὶν
614 3991 931 4063 ἄνθρωπος’
973 3993 1095 4057 ὅλος
1140 3993 1197 4047 δὲ
1253 3992 1541 4065 ἄνθρωπος
1627 3993 1828 4063 μᾶλλον

255 4085 427 4147 ἐστιν,
474 4083 504 4136 δ
554 4084 618 4138 ὲκ
648 4083 826 4156 ψυχῆς
869 4084 965 4140 καὶ
1015 4082 1267 4153 σώματος
1313 4083 1605 4153 συνεστὼς,
1632 4084 1691 4139 ὃν
1733 4085 1828 4139 καὶ

256 4175 441 4229 ἰᾶσθαι
470 4175 671 4245 ἔφησεν
711 4174 908 4239 ὁλικῶς
938 4177 967 4229 ὁ
996 4174 1221 4248 Κύριος,
1266 4174 1409 4230 κατά
1436 4192 1497 4229 τε
1525 4176 1704 4247 ψυχὴν
1731 4176 1826 4229 καὶ

254 4266 434 4336 σῶμα.
489 4268 614 4321 Ὀτι
647 4266 704 4321 δὲ
751 4266 924 4321 ταῦτα
957 4265 1129 4332 οὕτως
1178 4268 1346 4336 ἐστὶν,
1395 4269 1460 4321 ὲκ
1503 4268 1614 4321 τῶν
1663 4268 1825 4321 αὑτοῦ

251 4354 347 4407 τοῦ
381 4354 633 4426 Σωτῆρος
673 4355 933 4425 ῥημάτων
982 4356 1119 4425 πρὸς
1151 4356 1244 4410 τὸν
1294 4356 1488 4429 πρώην
1517 4357 1827 4427 παράλυτον

252 4447 368 4499 ἔστι
400 4445 614 4516 μαθεῖν.
647 4445 855 4514 Εὐρὼν
883 4447 991 4518 γὰρ
1025 4447 1227 4513 αὑτὸν,
1270 4448 1456 4520 φησὶν,
1498 4451 1531 4502 ὀ
1564 4450 1823 4517 Ἰησοῦς,

1946 610 2317 663 cumcisionem
2344 611 2536 679 accipit
2566 611 2719 665 homo
2746 612 2800 666 iu
2817 610 3067 678 Sabbato,
3087 624 3139 667 ut
3157 630 3260 668 non
3287 615 3523 671 solvatur

1946 699 2031 754 lea:
2065 700 2231 770 Moysi
2270 717 2289 759 .'
2325 702 2453 756 mihi
2482 702 2858 773 iudignamiui,
2889 705 3015 773 quia
3052 713 3219 759 totum
3258 707 3520 763 hominem

1941 784 2131 846 sanum
2157 794 2255 865 feci
2293 794 2349 847 in
2384 793 2616 849 Sabbato
2645 796 2669 849 ?
2694 794 2873 849 Nolite
2932 796 3182 865 judicare
3232 802 3517 866 secundum

1942 885 2155 954 faciem,
2187 887 2280 939 sed
2304 886 2513 955 justum
2534 888 2799 957 judicium
2816 887 3089 957 judicate.
3114 888 3282 955 Nihil,
3322 891 3517 961 inquit,

1941 976 2210 1031 recusatis
2235 976 2627 1039 circumcidere
2658 977 2936 1033 hominem
2954 979 3008 1033 in
3045 981 3303 1042 Sabbato,
3342 998 3519 1051 quan-

1939 1079 2100 1133 quam
2131 1065 2313 1135 ipsum
2336 1067 2723 1123 circumcidere
2750 1084 2900 1139 opus
2926 1078 3029 1125 est.
3055 1069 3284 1139 Propter
3314 1071 3521 1125 nihilo-

1939 1154 2123 1209 minus
2142 1155 2313 1226 legem
2334 1157 2681 1213 mandantem
2711 1157 2826 1214 haec
2847 1159 2985 1225 fieri,
3002 1160 3048 1214 si
3069 1162 3347 1232 contingat
3366 1162 3515 1216 nasci

1939 1243 2203 1301 infamem
2239 1246 2497 1313 Sabbato,
2538 1263 2664 1304 eum
2698 1250 3091 1306 circumciditis
3142 1252 3231 1306 die
3271 1262 3460 1307 octava
3495 1269 3510 1317 ;

1939 1335 2043 1392 hoc
2069 1348 2183 1417 est,
2220 1340 2466 1409 proxime
2500 1341 2750 1411 sequenti
2788 1342 3046 1408 Sabbato,
3086 1359 3395 1414 quanquam
3428 1346 3510 1398 lex

1936 1436 2102 1492 vetat,
2131 1443 2202 1483 ne
2227 1430 2372 1499 quod
2403 1446 2541 1501 opus
2567 1431 2803 1487 Sabbato
2841 1433 3056 1488 faciatis
3078 1435 3122 1466 ⁷⁸
3152 1434 3303 1500 ;sivc
3334 1444 3390 1487 ut
3418 1437 3511 1504 qui

1936 1518 2085 1582 facit,
2118 1522 2519 1577 exterminetur
2549 1522 2618 1577 de
2656 1523 2879 1593 populo,
2909 1524 3056 1593 quod
3083 1525 3249 1580 etiam
3288 1525 3336 1580 ei
3366 1528 3514 1581 acci-

1936 1614 2039 1679 dit,
2069 1615 2164 1685 qui
2194 1615 2249 1669 in
2282 1614 2501 1670 deserto
2530 1616 2738 1686 lignula
2761 1617 3025 1687 colligens
3056 1617 3145 1672 die
3173 1616 3415 1683 Sabbati,
3435 1618 3512 1671 la-

1940 1705 2154 1774 pidatus
2182 1715 2266 1761 est
2290 1707 2357 1759 ".
2382 1705 2491 1760 Vos
2517 1715 2698 1760 autem
2731 1708 2881 1761 nullo
2903 1709 3097 1762 timore
3125 1709 3539 1763 circumciden-'

1936 1804 2037 1857 tes,
2053 1805 2272 1871 propter
2288 1804 2495 1865 partem
2515 1796 2660 1850 illam
2679 1797 3132 1864 circumcisionis,
3153 1800 3325 1870 legero
3340 1809 3509 1854 totam

1939 1886 2147 1939 irritam
2180 1885 2354 1941 facitis
2382 1905 2395 1940 :
2427 1885 2527 1950 Qui
2557 1886 2725 1949 enim,
2780 1888 2977 1957 inquit,
3024 1891 3232 1957 oﬂendit
3287 1891 3342 1943 in
3383 1907 3508 1952 uno,

1939 1977 2110 2046 factus
2148 1984 2223 2029 est
2254 1977 2487 2029 omnium
2527 1993 2665 2030 reus.
2692 1976 2870 2032 Nolite
2902 1993 3030 2051 ergo
3064 1979 3310 2047 judicare
3332 1998 3510 2034 secun-

1938 2067 2063 2120 dum
2084 2067 2298 2138 faciem,
2313 2068 2403 2120 sed
2415 2067 2620 2135 justum
2634 2069 2903 2138 judicium
2920 2070 3163 2140 judicate
3179 2071 3245 2124 ⁷⁸.
3262 2071 3340 2125 Νο
3361 2072 3508 2125 enim

1937 2158 2065 2227 quia
2096 2158 2230 2227 legis
2261 2160 2684 2228 praesumptione
2718 2162 3001 2227 tenemini,
3037 2178 3345 2232 quanquam
3388 2163 3510 2217 reli-

1936 2263 2041 2318 qua
2063 2249 2305 2319 rejicitis,
2337 2249 2601 2304 adversus
2630 2250 2686 2305 id
2716 2252 2859 2320 quod
2884 2261 3096 2321 gestum
3123 2262 3227 2317 est,
3254 2253 3510 2322 indigue-

1936 2341 2095 2396 mini.
2138 2343 2194 2397 Si
2240 2343 2387 2398 enim
2415 2353 2637 2412 propter
2672 2344 2800 2407 hoc,
2828 2345 2973 2413 quod
3017 2344 3073 2398 in
3103 2354 3255 2414 parte
3279 2347 3510 2400 circum-
3600 2406 3601 2409 η
3636 2354 3645 2367 ’

1937 2433 2072 2488 cisio
2099 2434 2153 2487 in
2192 2434 2415 2488 homine
2449 2433 2596 2495 facit.
2624 2433 2795 2504 legem
2835 2433 3037 2488 virtute
3072 2435 3339 2500 vacuatis,
3363 2444 3508 2489 utne

1935 2525 2194 2579 nimirum
2212 2526 2453 2580 solvatur
2475 2523 2641 2595 Moysi
2670 2525 2754 2579 lex
2781 2565 2796 2588 ,
2821 2525 2882 2579 Μ.
2894 2527 2947 2578 hi
2980 2525 3499 2596 indignemini,un

1938 2626 2099 2670 totum
2133 2618 2397 2670 hominem
2426 2633 2615 2670 sanum
2640 2617 2738 2685 feci
2760 2617 2817 2669 in
2837 2615 3071 2671 Sabbato
3105 2618 3130 2671 Σ)
3158 2616 3340 2671 Nolite
3356 2617 3508 2686 judi-

1938 2724 2064 2762 care
2111 2713 2393 2761 srcundum
2426 2709 2641 2779 faciem,
2672 2707 2763 2760 sed
2811 2710 3017 2777 justum
3066 2708 3325 2776 judicium
3349 2708 3508 2776 judi-

1936 2807 2070 2852 cate.
2104 2799 2242 2853 Cum
2274 2799 2422 2852 enim
2463 2799 2531 2863 is,
2573 2799 2668 2867 qui
2700 2798 2840 2867 parti
2873 2798 3124 2852 medetur
3152 2797 3369 2852 laudem
3404 2798 3505 2851 lla-

1935 2891 2080 2955 beat,
2118 2889 2320 2970 ρριίοιί
2355 2890 2479 2958 jure
2512 2904 2618 2943 non
2648 2888 2814 2944 fuerit
2840 2889 3165 2959 culpandus,
3200 2889 3290 2960 qui
3327 2890 3508 2944 homi~

1936 2998 2059 3037 nem
2089 2992 2259 3037 totum
2276 2997 2469 3036 sanum
2492 2981 2639 3045 facit,
2659 2982 2752 3036 sed
2775 2982 2976 3037 celebri
3007 2982 3189 3052 potius
3206 2982 3348 3036 fama
3368 2982 3509 3036 cele-

1935 3072 2193 3127 brandus.
2214 3071 2463 3126 Arbitror
2496 3080 2677 3126 tamen
2700 3070 2977 3125 Dominica
3002 3070 3162 3125 verba
3183 3068 3507 3139 profundius

1933 3165 2156 3234 aliquid.
2174 3179 2333 3234 quam
2352 3165 2493 3234 quod
2511 3164 2683 3233 primo
2698 3163 2878 3219 statim
2897 3162 3130 3218 occurrit
3147 3177 3332 3225 sensu,
3349 3162 3509 3233 signi-

1942 3258 2121 3311 ficare.
2157 3256 2291 3310 Nanl
2335 3256 2570 3311 dicendo
2604 3271 2619 3309 :
2657 3255 2840 3309 Totum
2867 3255 3128 3309 hominem
3176 3270 3365 3308 sanum
3409 3254 3506 3323 feci

1936 3349 1991 3401 in
2026 3345 2278 3411 Sabbato,
2299 3361 2406 3400 non
2445 3346 2498 3401 id
2535 3354 2747 3401 tantum
2788 3345 3084 3416 ingerit,ut
3122 3359 3320 3414 corpus
3360 3342 3506 3413 quod

1932 3448 2052 3493 erat
2096 3437 2329 3508 paralysi
2380 3437 2702 3501 resolutum,
2758 3436 3169 3505 intelligamus;
3223 3435 3316 3490 sed
3359 3435 3506 3504 quod

1932 3531 2097 3586 etiam
2138 3531 2323 3585 animo
2350 3546 2379 3584 a
2415 3529 2654 3601 peccatis
2683 3528 2959 3593 laborans,
2995 3536 3228 3597 utroque
3278 3536 3506 3582 sanatus

1931 3624 2017 3678 sit.
2048 3623 2231 3678 Totum
2256 3623 2401 3679 enim
2419 3623 2699 3687 hominem,
2718 3621 2913 3691 inquit,
2933 3636 3123 3674 sanum
3155 3620 3254 3689 feci
3283 3620 3339 3671 in
3357 3617 3498 3673 Sab—

1934 3717 2082 3771 bato.
2113 3716 2276 3786 Atqui
2308 3730 2508 3785 corpus
2538 3724 2735 3779 totum,
2780 3726 3088 3782 quanquam
3136 3711 3404 3781 integrum
3440 3723 3507 3764 ac

1928 3810 2075 3865 nulla
2099 3811 2349 3865 mutilum
2374 3818 2549 3880 parte,
2573 3823 2684 3863 non
2716 3816 2798 3862 est
2830 3815 2975 3861 totus
2998 3807 3192 3870 homo;
3212 3805 3306 3859 sed
3332 3805 3505 3873 magis

1930 3909 2075 3957 totus
2113 3902 2274 3957 homo
2302 3909 2425 3965 est,
2474 3900 2566 3970 qui
2605 3914 2673 3955 ex
2713 3898 2895 3952 animo
2929 3905 2986 3952 et
3020 3910 3250 3966 corpore
3301 3894 3505 3949 consti-

1935 3988 2130 4053 tuitur,
2168 4003 2331 4057 quem
2356 4002 2415 4043 se
2439 3997 2610 4042 totum
2638 3986 2899 4040 Dominus
2926 4000 3147 4040 curasse
3175 3983 3456 4054 profitetur
3483 4000 3501 4050 ;

1930 4078 2076 4148 quod
2122 4077 2381 4132 nimirum
2434 4077 2500 4131 ad
2536 4076 2776 4131 animam
2824 4086 3055 4146 spectat,
3088 4084 3144 4130 et
3183 4090 3404 4144 corpus.
3428 4075 3504 4131 Ut

1928 4170 2073 4224 enim
2099 4183 2163 4223 ea
2191 4170 2270 4223 sic
2299 4168 2556 4233 habeant,
2587 4182 2654 4222 cx
2714 4166 2885 4236 ipsius
2933 4166 3146 4221 Domini
3203 4165 3503 4221 Salvatoris

1927 4260 2108 4316 verbis
2134 4260 2200 4315 ad
2230 4275 2355 4315 eum
2382 4259 2473 4329 qui
2495 4257 2685 4313 fuisset
2716 4259 3062 4327 paralyticus,
3085 4257 3245 4312 facile
3277 4257 3495 4313 noveri-

1928 4368 2051 4407 mus
2078 4370 2093 4407 :
2128 4352 2258 4408 Cum
2286 4350 2454 4414 enim,
2482 4350 2680 4420 inquit,
2714 4350 2990 4403 inuertisset
3012 4366 3131 4403 eum
3166 4349 3338 4415 Iesus,
3366 4350 3504 4403 uixit

1926 4444 2006 4498 illi
2036 4461 2050 4498 :
2074 4443 2207 4498 Ecce
2230 4460 2391 4498 sanus
2424 4444 2594 4513 factus
2620 4458 2672 4495 es
2697 4459 2716 4509 ;
2732 4441 2851 4510 jam
2878 4439 2984 4493 noli
3017 4456 3253 4509 peccare,
3275 4456 3338 4493 ne
3359 4441 3501 4493 dete-

250 4531 419 4590 εἴπεν
450 4533 645 4601 αὐτῷ’
679 4536 799 4591 Ἴδε
842 4536 1017 4607 ὑγιὴς
1061 4536 1335 4607 γέγονας,
1385 4542 1598 4608 μηκέτι
1639 4539 1822 4608 ἀμάρ-

1933 4535 2039 4588 rius
2071 4534 2165 4587 tibi
2194 4534 2398 4603 aliquid
2426 4533 2696 4602 contingat
2725 4532 2793 4584 τ’.
2844 4528 2979 4584 Cum
3023 4531 3208 4599 itaque
3260 4531 3507 4583 animam

247 4642 411 4692 τανε,
462 4626 563 4680 ἵνα
588 4627 673 4696 μὴ
714 4626 917 4696 χεῖρόν
962 4629 1019 4681 τί
1050 4644 1149 4682 σοι
1192 4628 1456 4698 γένηται.
1504 4629 1696 4684 Τοίνυν
1727 4631 1822 4683 καὶ

247 4716 423 4789 ψυχὴν
444 4715 503 4783 ἐξ
528 4718 833 4789 ἁμαρτιῶν,
864 4718 956 4772 καὶ
989 4719 1240 4790 σῶμαὲκ
1273 4719 1557 4790 παρέσεως
1590 4721 1819 4791 ίασάμε-

246 4823 357 4872 νος,
389 4805 507 4861 ὅλον
538 4807 665 4877 ὑγιῆ
694 4807 979 4879 ἄνθρωπον
1008 4808 1254 4879 ἐποίησε.
1282 4808 1378 4877 Μὴ
1413 4804 1529 4864 οὖν
1587 4811 1820 4878 κρίνετε

245 4900 377 4952 κατ’
405 4898 571 4968 ὄψιν,
596 4893 641 4953 ὧ
671 4901 977 4971 Φαρισαῖοι,
1022 4900 1185 4955 ἀλλὰ
1211 4900 1327 4969 τὴν
1352 4900 1594 4955 δικαίαν
1621 4903 1822 4970 κρίσιν

245 4991 690 5060 κρίνετε.Ταῦτα
724 4991 819 5046 τοῦ
846 4992 1087 5064 Χριστοῦ
1117 4992 1423 5063 εἰρηκότος,
1463 4992 1628 5056 τινὲς,
1664 4994 1818 5062 φησὶ,

214 5079 354 5133 ’τῶν
402 5078 843 5152 Ἱεροσολυμιτῶν
891 5082 1200 5153 ἐθαύμαζον
1249 5082 1360 5135 τῶν
1413 5082 1673 5153 ῥημάτων
1720 5084 1819 5154 τὴν

246 5172 551 5243 παρουσίαν
587 5172 702 5246 [γρ.
734 5174 1090 5246 παρῤησίαν],
1125 5174 1221 5229 καὶ
1247 5174 1355 5227 τῶν
1386 5176 1695 5247 Φαρισαίων
1723 5175 1821 5247 τὴν

244 5264 497 5335 ἡσυχίαν,
530 5264 780 5334 λέγοντες
800 5282 816 5298 ⁸
864 5269 985 5336 Οὐχ
1019 5262 1198 5334 οὗτός
1229 5266 1399 5320 ἐστιν
1438 5265 1511 5320 ὃν
1542 5266 1823 5333 ζητοῦσιν

243 5357 589 5438 ἀποκτεῖναι
610 5375 630 5423 ;
670 5358 779 5413 Καὶ
805 5358 896 5412 Ζδε
924 5360 1231 5428 παρρησίᾳ
1262 5358 1455 5425 λαλεῖ,
1500 5358 1599 5412 καὶ
1641 5358 1823 5412 οὐδὲν

242 5447 406 5513 αὑτῴ
463 5449 733 5519 λέγουσι.
788 5450 1033 5521 Μήποτε
1081 5452 1359 5523 ἔγνωσαν
1405 5454 1460 5505 οι
1507 5452 1819 5519 ἄρχοντες,

244 5540 337 5594 ὅτι
369 5536 549 5607 οὗτός
590 5541 764 5596 ἐστιν
794 5543 1034 5611 ἀληθῶς
1066 5547 1099 5598 ό
1141 5546 1427 5613 Χριστός;
1463 5538 1559 5607 Οἷς
1600 5543 1821 5595 ἐπισυν-

243 5632 407 5687 άπτει
426 5644 441 5663 ο
476 5631 585 5686 Τοῦ
614 5627 729 5688 οὖν
758 5632 944 5703 ὄχλου
983 5635 1197 5689 πολλοὶ
1211 5636 1585 5691 ἐπίστευσαν
1614 5636 1701 5699 είς
1717 5635 1821 5689 αὺ-

314 5812 367 5847 ”
396 5813 565 5871 Exod.
605 5832 696 5883 xx,
732 5818 817 5873 -l0.
899 5819 942 5852 ⁷⁷
971 5818 1133 5875 Num.
1172 5819 1256 5887 l5,
1301 5818 1389 5875 56.

1926 4641 1956 4679 a
1988 4626 2243 4695 peccatis,
2277 4632 2390 4678 tum
2421 4638 2621 4693 corpus
2645 4638 2845 4678 sanans
2868 4638 2897 4675 a
2918 4621 3165 4692 paralysi,
3203 4630 3375 4675 totum
3402 4620 3501 4674 lno-

1927 4717 2132 4771 minem
2154 4731 2348 4771 sanum
2380 4715 2527 4771 fecit.
2554 4715 2730 4769 Nolite
2768 4732 2889 4785 ergo
2927 4714 3176 4783 judicare
3208 4716 3497 4765 secundum

1925 4810 2207 4875 hominem,
2242 4823 2277 4863 0
2320 4806 2627 4873 Pharisaai;
2674 4808 2762 4861 sed
2798 4807 3003 4876 justum
3043 4804 3306 4874 judicium
3348 4802 3502 4872 judi-

1925 4912 2060 4956 cate.
2083 4901 2219 4956 Cum
2250 4901 2366 4956 haec
2391 4900 2645 4957 Christus
2671 4901 2887 4955 locutus
2927 4908 3096 4963 esset,
3138 4898 3379 4968 quidam,
3415 4895 3499 4948 in-

1924 4995 2065 5065 quit,
2095 5009 2163 5049 ex
2194 4991 2546 5063 Jerosolymis
2595 4994 2886 5049 verborum
2921 4990 3120 5047 Christi
3178 4989 3490 5044 libertatem

1928 5088 2214 5147 mirantes.
2272 5100 2337 5140 ac
2382 5083 2786 5139 Pharisaaorum
2836 5084 3140 5147 silentium,
3181 5082 3438 5137 dixerunt
3483 5095 3500 5133 :

1926 5178 2112 5233 Nonne
2139 5177 2223 5231 hic
2248 5187 2342 5241 est,
2369 5192 2517 5246 quem
2538 5186 2778 5246 quierunt
2810 5176 3099 5243 interficere
3123 5175 3148 5227 .9
3164 5173 3231 5231 Et
3263 5188 3374 5226 ecce
3400 5187 3499 5239 pa-

1929 5270 2038 5324 lam
2072 5269 2323 5340 loquitur,
2351 5276 2397 5321 et
2422 5268 2553 5319 nihil
2579 5267 2626 5320 ei
2648 5267 2847 5320 dicunt.
2890 5265 3141 5335 Nunquid
3158 5270 3507 5334 cognoverunt

1926 5361 2207 5430 principes,
2235 5358 2359 5429 quia
2390 5358 2472 5410 hic
2506 5366 2581 5410 est
2606 5374 2723 5410 vere
2751 5355 2989 5412 Christus
3019 5355 3065 5386 ⁸ο
3089 5356 3114 5409 ?
3150 5352 3458 5419 Subditque
3479 5366 3504 5404 τ

1929 5454 2006 5508 De
2034 5452 2190 5507 turba
2220 5466 2344 5522 ergo
2366 5450 2521 5503 multi
2563 5449 2894 5503 crediderunt
2939 5449 2993 5502 in
3033 5462 3171 5507 eum,
3210 5452 3503 5514 postquam

1928 5545 2046 5600 haec
2096 5543 2188 5599 ille
2226 5543 2443 5617 locutus
2487 5550 2678 5597 esset:
2726 5540 2985 5595 nimirum
3028 5536 3325 5608 prudenter
3355 5533 3509 5605 cogi-

1928 5644 2136 5701 tantes,
2170 5651 2281 5691 non
2314 5633 2487 5689 fuisse
2510 5634 2721 5688 laturos
2750 5630 3047 5702 principes,
3068 5628 3161 5699 qui
3193 5627 3344 5684 sicin
3370 5640 3507 5681 cum

1489 5819 1534 5851 ’⁸
1572 5818 1759 5877 Jacob.
1792 5833 1853 5885 ιι,
1886 5815 1969 5871 10.
2049 5815 2092 5845 ’³
2120 5812 2277 5869 loau.
2322 5794 2495 5882 νςιᾼ.
2571 5812 2615 5843 ⁸ο
2691 5809 2847 5866 Joan.
2874 5826 2967 5879 νιι,
