4034 6394
560 345 697 412 1595

1540 362 1851 426 LEONTII
1894 366 2403 433 NEAPOLITANI
2463 374 2806 437 EPISCDPI

3697 387 3829 455 1596

560 461 757 516 utentis
788 467 1069 535 preposito
1105 468 1354 527 instructi
1402 486 1604 539 essent,
1643 481 2129 549 reprehensionum

560 549 864 574 Ill.,__....-__
943 557 997 574 -ι
1035 558 1047 570 ο
1413 563 1466 574 ι..
1523 564 1535 574 .
1934 573 1938 574 ,

2238 504 2360 541 τον.
2392 489 2581 544 Ταῦτα
2627 492 2913 564 εἰρηκότος
2936 538 2949 561 ,
2989 496 3226 570 σώφρονι
3265 499 3515 572 λογισμῷ
3542 501 3830 574 ιννοὴσαν-

558 549 892 619 libertatem,
942 557 1050 612 nisi
1090 574 1213 616 esse
1241 577 1369 617 vere
1406 563 1686 622 Christum
1715 573 2136 641 cognovissent;

561 658 671 697 non
708 660 772 698 ea
801 662 924 716 quae
954 649 1270 707 diceremur
1306 654 1475 710 fuisse
1513 658 1736 715 silentio
1766 676 1831 716 ac
1854 663 1974 719 sine
1996 676 2139 722 stre—

562 736 674 800 pitu
699 751 1057 811 suscepturos
1086 760 1101 810 ;
1138 760 1247 799 non
1283 750 1463 802 tardos
1481 751 1620 806 adeo
1652 753 1863 811 futuros
1892 760 1962 810 art
2003 759 2141 813 iram

560 824 627 887 “,
654 828 744 895 qui
770 828 849 885 sic
874 831 1067 886 veloces
1083 845 1236 888 erant
1269 837 1341 889 ad
1356 838 1724 906 e/fuudeudum
1739 845 2049 914 sanguinem
2071 846 2137 902 ".

561 913 929 978 Quamobrem
1001 924 1225 994 c03nito
1291 928 1437 996 quod
1484 943 1515 983 e
1555 946 1616 985 re
1660 913 1930 999 erat,ac
1977 952 2141 1007 supra

562 1007 786 1061 modum
815 1010 1068 1067 admirati
1100 1014 1430 1081 doctrinam,
1453 1021 1607 1075 multi
1634 1025 2012 1083 crediderunt.
2046 1027 2143 1083 Vi-

562 1096 685 1163 des,
710 1100 934 1168 dilecte,
984 1108 1293 1173 praesentia:
1339 1111 1544 1166 Christi
1586 1114 1639 1168 in
1686 1118 1890 1188 templo
1935 1119 2145 1176 linem?

561 1184 727 1243 Vides
759 1190 1025 1249 doctrinae
1080 1213 1246 1266 quam
1297 1206 1582 1273 proposuit
1618 1184 1855 1264 fructum
1907 1210 1931 1263 ’ί
1978 1210 2143 1267 Vides

559 1278 688 1348 quid
716 1281 763 1335 is
773 1285 1076 1353 negotiatus
1088 1290 1278 1359 egerit,
1292 1294 1381 1361 qui
1404 1295 1514 1349 vult
1529 1314 1705 1353 omnes
1728 1301 1900 1355 salvos
1916 1302 2034 1369 ﬁeri
2049 1304 2096 1335 ⁸³
2119 1306 2142 1358 ?

560 1368 788 1435 Idcirco,
824 1377 917 1443 qui
957 1380 1137 1432 omnia
1203 1384 1344 1437 novit
1394 1388 1706 1458 priusquam
1756 1368 2006 1461 ﬂanti“,
2060 1394 2141 1451 fe-

560 1471 647 1517 sto
673 1463 765 1518 illo
792 1464 881 1521 die
908 1470 1203 1535 mediante,
1232 1475 1327 1542 qui
1355 1486 1475 1532 erat
1507 1478 1878 1553 Scenopcgite.
1909 1500 2142 1556 propere

557 1551 625 1606 ad
651 1554 913 1623 templum
950 1558 1260 1624 venit,cum
1277 1563 1391 1631 jam
1414 1579 1511 1620 eos
1535 1567 1626 1636 qui
1656 1551 2138 1640 sanandi—essent,

555 1641 788 1712 ιιι-τεθείη
819 1646 1125 1704 divinitatis
1175 1668 1399 1724 sagena,
1430 1664 1557 1711 ante
1579 1674 1739 1713 suum
1769 1660 1823 1713 in
1877 1662 2009 1717 illud
2047 1663 2143 1718 ad-

559 1746 804 1804 ventum,
833 1743 1213 1800 conclusisset.

2239 597 2354 645 τες,
2388 584 2468 635 ὅτι
2521 584 2698 647 οὕτως
2730 587 2867 656 πρὸς
2901 589 2994 642 τὸν
3032 592 3151 642 κατ’
3201 592 3363 646 αὑτοῦ
3401 594 3564 663 φόνον
3603 597 3833 663 ἐξωπλι-

2243 671 2432 737 σμένοι
2464 676 2530 743 τῇ
2567 676 2887 745 προαιρέσει
2925 677 2977 729 oi
3025 679 3308 748 ἄρχοντες,
3352 683 3401 734 εί
3452 683 3530 753 μή
3587 683 3831 751 ἔγνωσαν

2240 762 2405 815 αὐτὸν
2451 764 2544 817 τὸν
2589 766 2822 835 Χριστὸν
2854 767 3072 839 ἀληθῶς
3118 765 3280 837 εἶναι,
3332 774 3433 826 οὐκ
3476 773 3545 827 ἂν
3594 775 3830 843 ἤνεγκαν

2239 852 2350 906 τῶν
2380 854 2619 927 ἐλέγχων
2652 857 2751 930 τὴν
2780 860 3125 931 παρρησίαν·
3157 865 3257 917 οὗκ
3300 864 3367 918 ἂν
3397 866 3580 937 ἡσυχῆ
3613 868 3830 922 κατεδέ-

2243 941 2402 1009 ξαντο
2451 947 2519 999 τά
2564 946 2866 1019 λεγόμενα·
2922 951 3023 1005 οὐκ
3071 952 3138 1006 ἂν
3183 954 3384 1023 ταχεῖς
3457 956 3634 1025 ὄντες
3683 959 3828 1026 πρὸς

2241 1034 2504 1103 αἱμάτων
2558 1038 2855 1109 ἔκχυσιν,
2910 1041 3087 1107 οὕτως
3137 1045 3387 1115 ,ϐραδεῖς
3442 1050 3597 1118 πρὸς
3651 1051 3828 1119 ὁρτὰς

2241 1125 2615 1194 διετέθησαν.
2649 1131 2813 1185 Ὅθεν
2843 1132 2906 1186 τὸ
2950 1134 3070 1187 δέον
3115 1136 3455 1204 ἐπιγνόντες,
3487 1139 3586 1193 καὶ
3618 1141 3723 1209 τὴν
3752 1141 3827 1193 διο

2240 1216 2541 1272 δασκαλίαν
2604 1221 3165 1295 ὐπερθαυμάσαντες,
3219 1228 3405 1282 πολλοὶ
3474 1231 3826 1286 ἐπίστευσαν.

2258 1304 2444 1378 Ὁρᾷς,
2476 1308 2755 1381 ἀγαπητὲ,
2786 1314 2849 1366 τὸ
2880 1316 3057 1386 πέρας
3093 1317 3192 1387 τῆς
3226 1320 3284 1371 ὲν
3306 1318 3383 1389 τῷ
3405 1320 3541 1392 ἱερῷ
3566 1320 3665 1374 τοῦ
3695 1322 3829 1391 Χρι-

2244 1396 2373 1450 στοῦ
2402 1401 2742 1471 παρουσίας;
2801 1405 2934 1475 ὁρᾷς
2979 1406 3071 1459 τὸν
3102 1407 3318 1477 καρπὸν
3362 1410 3465 1480 τῆς
3496 1410 3829 1482 παρατεθει-

2243 1503 2344 1555 σης
2397 1487 2775 1561 διδασκαλίας;
2847 1493 3075 1564 βλέπεις
3126 1497 3224 1569 τὴν
3277 1500 3669 1570 πραγματείαν
3734 1502 3831 1554 τοῦ

2243 1577 2475 1633 πάντοτε
2522 1583 2753 1650 πάντας
2783 1585 3070 1654 θέλοντος
3110 1588 3414 1656 σωθῆναι;
3447 1590 3644 1644 τούτου
3674 1591 3831 1661 χάριν

2242 1672 2277 1726 ὀ
2304 1671 2503 1726 πάντα
2535 1675 2849 1743 γινώσκων
2888 1676 3032 1743 πρὶν
3076 1678 3372 1747 γενέσεως
3423 1680 3648 1745 αὐτῶν,
3683 1682 3827 1733 ἐπείη

2243 1762 2346 1833 χθη
2376 1764 2706 1818 καταλαϐεῖν
2736 1766 2800 1819 τὸ
2834 1767 2979 1837 ἱερὸν
3009 1766 3108 1837 τῆς
3141 1768 3260 1822 τότε
3294 1770 3490 1840 ἑορτῆς
3530 1771 3825 1841 μεσούσης,

556 1829 678 1899 ἥτις
730 1827 801 1903 ἦν
830 1833 928 1903 τῆς
959 1835 1362 1908 Σκηνοπηγίας,
1389 1841 1516 1905 τοὺς
1546 1842 1787 1913 σωθῆναι
1838 1844 2134 1916 μέλλοντας
2172 1827 2653 1927 τῖε-προγνωστικῇ
2680 1827 2901 1929 σαγήνῃ.
2918 1858 3017 1928 τῆς
3047 1827 3321 1930 θεότητος,
3514 1827 3614 1913 τοῦ

556 1924 670 1976 θεῖν
700 1928 778 1988 εἰς
810 1927 869 1980 τὸ
901 1928 1044 1997 ἱερὸν
1075 1933 1446 1999 περικλείσας.

629 2012 784 2067 Hunc
811 2030 1031 2086 quoque
1052 2034 1153 2073 nos
1183 2020 1427 2087 modum,
1451 2034 1775 2093 praesentem
1807 2026 2138 2100 Mediwpen-

2313 2031 2472 2088 Οὕτω
2502 2034 2596 2087 καὶ
2639 2035 2803 2107 ἡμεῖς
2847 2036 2947 2108 τὴν
2996 2038 3283 2111 παροῦσαν
3312 2041 3526 2112 ἡμέραν
3564 2043 3669 2112 τῆς
3716 2046 3826 2097 Με-

558 2110 799 2159 teeostes
822 2104 969 2161 diem
1006 2109 1370 2175 celebremus,
1422 2115 1788 2185 suscipientes
1837 2118 2136 2178 Salvatoris

555 2194 964 2262 doctrinam,ac
983 2205 1213 2258 aversati
1238 2206 1537 2275 nequitiam
1570 2209 1883 2280 principum
1916 2212 2136 2269 Judaeu-

560 2302 706 2352 rum.
741 2305 946 2361 eosque
987 2295 1203 2351 tandem
1238 2297 1457 2365 imitati,
1517 2302 1609 2368 qui
1643 2301 1863 2360 Christo
1906 2303 2136 2362 Domino

556 2381 927 2437 crediderunt.
957 2383 1025 2439 Ut
1053 2394 1237 2442 autem
1268 2390 1460 2459 majori
1500 2392 1728 2449 honoris
1802 2397 2023 2452 cumulo
2048 2398 2134 2453 di-

555 2485 718 2539 gnum
765 2475 1081 2531 noverimus
1099 2476 1639 2550 Mediiepentccostes
1659 2485 1826 2553 diem,
1850 2488 1940 2543 ubi
1966 2504 2137 2560 pauca

556 2558 625 2613 de
645 2561 826 2616 medio
863 2562 1179 2633 dixerimus,
1202 2565 1364 2622 linem
1393 2569 1613 2626 dicendi
1642 2571 1924 2631 faciemus.

632 2738 724 2794 Ait
775 2739 957 2811 itaque
996 2741 1168 2800 David
1202 2747 1271 2801 ad
1296 2747 1468 2803 Deum
1509 2767 1525 2805 :
1559 2748 1626 2805 In
1657 2754 1827 2807 medio
1887 2754 2137 2812 Ecclesia:

558 2830 787 2886 laudabo
843 2843 893 2889 te
924 2835 994 2890 ⁸⁸.
1027 2837 1114 2901 Ει,
1164 2837 1427 2907 Operatus
1483 2852 1559 2897 est
1592 2845 1820 2899 salutem
1858 2848 1913 2901 in
1967 2851 2136 2905 medio

559 2932 713 2977 terra
734 2926 801 2979 ⁸⁸.
838 2926 1095 2983 Salomon
1127 2947 1255 2986 vero
1285 2933 1543 2991 didicisse
1573 2952 1632 2992 se
1669 2938 1746 2992 ait
1784 2955 1813 2994 a
1841 2942 2133 3011 sapientia,

557 3013 773 3069 Initium
801 3027 852 3073 et
883 3024 1384 3078 consummationem
1412 3066 1425 3088 ,
1462 3036 1509 3080 et
1559 3029 1888 3085 medietatem
1936 3043 2137 3103 tempo-

556 3125 678 3163 rum
707 3109 775 3165 ⁸⁷.
812 3110 1065 3169 Habacue
1096 3118 1259 3170 etiam
1296 3117 1349 3171 in
1381 3120 1598 3175 cantico
1631 3138 1645 3175 :
1688 3120 1757 3176 lu
1796 3126 1968 3179 medio
2001 3128 2137 3181 duo-

557 3218 708 3255 orum
734 3204 1052 3259 animalium
1104 3212 1432 3279 cognosceris
1474 3213 1541 3266 ⁸⁸.
1621 3212 1778 3271 Alius
1822 3217 1952 3272 item
2016 3236 2138 3287 pro-

2239 2127 2679 2195 σοπεντηκοστῆς
2730 2126 3101 2200 ὲορτάσωμεν,
3145 2133 3245 2203 τὴν
3293 2131 3387 2185 τοῦ
3442 2133 3703 2204 Σωτῆρος
3750 2137 3828 2189 δι-

2234 2213 2532 2267 δασκαλίαν
2582 2216 2968 2287 προσιέμενοι,
3015 2221 3115 2292 τὴν
3164 2221 3479 2292 φαυλότητα
3547 2223 3659 2278 τῶν
3727 2227 3823 2296 ἀρ-

2235 2307 2439 2378 χόντων
2464 2308 2574 2361 τῶν
2612 2308 2881 2365 Ἰουδαίων
2939 2312 3450 2383 ἀποστρεφόμενοι,
3487 2316 3619 2379 τοὺς
3672 2334 3828 2369 πεπιο

2239 2399 2538 2464 στευκότας
2580 2401 2660 2472 τῷ
2696 2403 2944 2474 Δεσπότῃ
2974 2405 3197 2475 Χριστῷ
3237 2407 3661 2477 ἐκμιμούμενοι.
3712 2410 3829 2463 Ἵνα

2235 2494 2292 2547 δὲ
2325 2492 2583 2548 ὲπιπλέον
2612 2494 2831 2565 γνῶμεν
2858 2498 3021 2567 τιμῆς
3047 2497 3205 2562 ἀξίαν
3248 2499 3349 2569 τὴν
3390 2499 3491 2569 τῆς
3540 2501 3825 2555 Μεστοαιτεν⁸

2234 2585 2507 2656 τηκοστῆς
2551 2585 2788 2657 ἡμέραν,
2820 2586 2978 2657 ὀλίγα
3029 2590 3158 2659 περὶ
3206 2590 3499 2661 μεσότητος
3552 2592 3829 2659 εἰπόντες,

2234 2674 2328 2727 τὸν
2372 2676 2529 2746 λόγον
2559 2677 3022 2750 καταπαύσωμεν.

2305 2767 2473 2837 Λέγει
2514 2769 2698 2823 τοίνυν
2738 2770 2906 2825 Δαόὶδ
2948 2771 3087 2843 πρὸς
3137 2769 3231 2823 τὸν
3276 2771 3409 2824 Θεόν
3435 2786 3453 2802 ·
3510 2772 3610 2826 Ἐν
3652 2774 3827 2843 μέσῳ

2236 2857 2606 2927 Ἐκκλησίας
2656 2860 2912 2930 ὑμνήσω
2944 2876 3040 2916 σε.
3078 2860 3226 2925 Kal,
3258 2861 3599 2931 Είργὰσατο
3625 2879 3823 2932 σωτη-

2227 2949 2369 3018 ρίαν
2406 2949 2475 3003 ἐν
2505 2949 2678 3019 μέσῳ
2720 2949 2829 3019 τῆς
2859 2950 2993 3021 γῆς.
3036 2952 3175 3020 Φησὶ
3200 2950 3259 3004 δὲ
3291 2953 3320 3005 ὁ
3355 2950 3645 3023 Σαλομὼν,
3684 2954 3826 3007 δεδι-

2234 3040 2430 3111 δάχθαι
2474 3042 2627 3114 παρά
2670 3042 2769 3112 τῆς
2810 3042 3026 3113 σοφίας,
3080 3043 3306 3112 Ἀρχὴν
3346 3044 3445 3097 καί
3490 3046 3672 3111 τέλος
3726 3046 3825 3099 καί

2229 3132 2540 3201 μεσότητα
2555 3134 2810 3202 χρόνων.
2851 3133 2913 3188 Ὀ
2965 3134 3025 3187 δὲ
3069 3133 3398 3206 Ἀμσακοὺμ
3446 3137 3508 3189 ὲν
3560 3140 3629 3207 τῇ
3670 3137 3783 3208 ᾠδῇ
3809 3154 3824 3169 ’

2235 3224 2341 3278 Ἔν
2362 3225 2531 3295 μέσῳ
2565 3224 2675 3280 δύο
2703 3224 2861 3285 ζώων
2886 3225 3239 3295 γνωσθήσῃ.
3270 3229 3571 3299 Προφήτης
3615 3229 3677 3282 δὲ
3709 3229 3825 3282 ξτε-

559 3293 725 3362 piteta
756 3310 770 3348 :
797 3295 933 3351 Ecce
991 3315 1083 3368 ego
1110 3301 1260 3354 venio
1280 3311 1329 3354 et
1352 3302 1599 3358 habitabo
1616 3305 1669 3359 in
1687 3309 1859 3362 medio
1880 3310 1955 3362 tui
1977 3310 2045 3365 δ’.
2069 3309 2136 3364 Εῑ

2243 3293 2373 3390 ροςλ
2412 3317 2568 3374 Ἰδοὺ
2613 3318 2861 3388 ἔρχομαι
2896 3293 2999 3374 καὶ
3520 3293 3616 3376 ”ἐν
3654 3322 3827 3391 μέσῳ

559 3477 670 3548 Ego
717 3497 834 3535 sum
885 3483 941 3535 iu
974 3484 1144 3538 medio
1184 3496 1410 3540 oestrum
1450 3488 1582 3542 sicut
1611 3491 1701 3559 qui
1748 3493 2014 3547 ministrat
2065 3496 2131 3549 ".

560 3569 679 3638 Ipse
704 3571 889 3637 etiam,
913 3590 1031 3627 cum
1054 3587 1223 3629 essent
1252 3579 1508 3647 discipuli
1536 3585 1859 3654 congregati,
1888 3588 2030 3641 stetit
2081 3589 2135 3641 iu

558 3662 728 3713 medio
756 3678 933 3716 eorum
969 3666 1014 3696 ν’
1045 3681 1061 3731 ;
1117 3681 1295 3737 neque
1351 3668 1405 3723 id
1445 3672 1637 3735 semel,
1670 3673 1765 3728 sed
1819 3682 1875 3728 et
1912 3675 2133 3732 iterum.

556 3751 795 3808 Joannes
815 3770 1034 3826 quoque
1086 3756 1326 3828 Baptista
1377 3777 1391 3815 :
1455 3763 1661 3819 Medius
1716 3774 1943 3820 vestrum
1970 3769 2134 3836 stetit,

558 3861 714 3913 quem
743 3862 831 3900 vos
885 3850 1096 3903 nescitis
1130 3850 1177 3881 ’³
1212 3866 1228 3904 :
1263 3849 1474 3916 Quibus
1505 3869 1616 3907 non
1651 3855 1704 3909 id
1739 3864 1944 3913 tantum
1971 3860 2138 3931 signi-

560 3936 704 4003 ticat,
727 3953 850 3992 esse
877 3938 1086 4002 Jesum.
1111 3939 1166 3995 in
1194 3943 1374 3997 medio
1398 3946 1593 4009 turbae,
1650 3947 1768 4013 sed,
1796 3950 1992 4019 inquit,
2022 3968 2137 4007 me-

557 4029 681 4082 dius
709 4037 954 4084 vestrum
986 4040 1145 4088 estet
1178 4034 1295 4100 Dei,
1354 4036 1408 4090 in
1457 4045 1685 4109 utraque
1714 4041 2037 4108 substantia,
2078 4045 2160 4099 in.

559 4119 761 4189 quibus
812 4122 1046 4190 exsistit,
1091 4125 1395 4184 divinitatis
1443 4145 1507 4186 ac
1545 4131 1922 4196 humanitatis,
1970 4135 2134 4191 simili

560 4210 747 4267 ambas
785 4215 1104 4285 complexus
1135 4219 1333 4275 virtute
1366 4239 1378 4274 :
1406 4230 1569 4292 atque
1605 4233 1664 4279 ut
1713 4225 1787 4280 ait
1813 4226 2131 4296 Apostolus:

565 4305 703 4360 Unus
735 4305 896 4372 Deus,
919 4326 1051 4364 unus
1075 4321 1123 4365 et
1160 4314 1419 4368 mediator
1451 4315 1553 4370 Dei
1584 4326 1631 4371 et
1665 4318 1951 4383 hominum,
1982 4321 2135 4375 homo

558 4399 792 4456 Christus
822 4400 979 4459 Iesus
1002 4406 1070 4459 ".
1097 4406 1306 4463 Idcirco
1330 4409 1494 4480 igitur
1522 4409 1667 4465 Deus
1698 4421 1783 4467 est
1813 4430 1825 4466 :
1854 4412 1973 4467 Non
1986 4415 2135 4469 enim

557 4502 701 4547 esset
746 4494 1031 4560 mediator,
1087 4504 1147 4549 ut
1182 4508 1331 4552 esset
1386 4508 1596 4554 tantum
1637 4500 1803 4555 homo
1852 4518 1868 4567 ;
1929 4518 1992 4557 ac
2031 4518 2137 4558 nec

557 4596 592 4638 θ
617 4600 903 4651 converso,
938 4595 998 4641 ut
1030 4596 1240 4642 tantum
1259 4589 1401 4644 Deus
1432 4600 1599 4647 esset.
1650 4591 1777 4647 Ideo
1819 4601 2001 4647 autem
2052 4602 2135 4648 est

559 4676 844 4741 mediator,
878 4680 1003 4748 quia
1029 4689 1196 4736 estet
1242 4681 1383 4738 Deus
1427 4691 1483 4738 et
1530 4684 1695 4739 homo
1731 4702 1747 4751 ;
1780 4701 1876 4740 seu
1932 4686 2133 4755 potius.
2166 4718 2211 4777 υ

556 4767 700 4823 Deus
736 4769 909 4826 factus
939 4774 1123 4828 homo.
1157 4773 1524 4840 Quamobrem
1551 4777 1715 4832 etiam
1746 4778 1993 4849 utrisque
2022 4780 2132 4835 illis

557 4864 942 4928 communicat,
967 4866 1166 4935 quibus
1192 4868 1547 4924 mediatorem
1572 4870 1682 4941 agit
1707 4887 1722 4937 ;
1746 4869 1858 4925 Deo
1886 4871 2131 4941 quidem,

559 4963 621 5007 ut
646 4954 738 5024 qui
772 4956 911 5011 Deus
936 4958 1182 5024 exsistat,
1208 4975 1301 5029 per
1321 4961 1619 5017 divinitatis
1644 4972 1925 5031 naturam;
1953 4964 2131 5019 homi-

560 5044 720 5100 nibus
757 5060 958 5111 autem,
993 5051 1167 5119 utqui
1208 5053 1437 5108 exsistat
1467 5054 1652 5119 homo,
1688 5071 1785 5125 per
1817 5056 2130 5110 humanita-

561 5140 628 5194 tis
660 5142 1039 5199 substantiam.
1073 5145 1271 5201 Verum
1297 5150 1561 5206 hactenus
1584 5152 1828 5207 sistenda
1851 5156 2049 5219 oratio,
2070 5162 2131 5208 ut

559 5230 905 5286 mediocritas
928 5233 1211 5297 consistat,
1232 5237 1325 5291 ubi
1348 5239 1479 5293 satis
1494 5241 1606 5308 jam
1633 5242 1895 5308 ostendit,
1913 5242 2128 5315 dignam

556 5341 678 5378 esse
711 5324 798 5379 cui
837 5324 1101 5379 honorem
1132 5324 1431 5383 habeamus
1464 5331 1609 5384 diem
1682 5331 2134 5403 Medizepenteco-

556 5424 689 5469 stes.
704 5414 847 5481 Quin
869 5416 1033 5470 etiam
1053 5415 1308 5471 virtutem
1335 5419 1536 5474 docent
1561 5421 1811 5477 doctores
1829 5424 2008 5479 medio
2028 5425 2136 5481 ha:-

558 5521 697 5563 rcre.
728 5506 884 5563 Omni
915 5525 1045 5584 ergo
1071 5526 1172 5566 nos
1191 5512 1392 5568 virtute
1422 5524 1801 5583 pcrornantcs,
1833 5532 1983 5573 nunc
2010 5517 2130 5589 qui-

1580 5672 1627 5705 ”
1656 5672 1669 5725 Ι
1705 5671 1847 5726 Tim.
1886 5691 1957 5737 ιι,
1992 5675 2044 5728 ι.

1647 5745 1691 5777 δί’
1714 5743 1875 5799 Zach.
1908 5762 1963 5811 ll,
2010 5746 2093 5804 l0.

626 5666 670 5697 ’“
708 5666 821 5721 Jac.
868 5686 905 5735 ι,
1000 5670 1046 5702 δ’
1078 5670 1219 5725 Psal.
1253 5686 1343 5725 xm
1371 5713 1385 5734 ,
1419 5672 1471 5725 3.

555 5735 600 5805 ξ’
624 5736 750 5805 Sap.
793 5750 888 5799 γη,
932 5740 1016 5793 13.
1121 5742 1166 5773 ⁸⁸
1208 5741 1340 5796 “ab.
1370 5758 1452 5799 ltt.
1493 5743 1547 5797 ‘2.

558 5803 605 5837 "
635 5803 792 5861 Joau.
831 5824 867 5873 ι,
905 5810 993 5864 26.
1071 5812 1114 5844 9‘
1144 5811 1159 5864 l
1188 5809 1325 5865 Tim.
1361 5813 1500 5877 11,3.

2152 5674 2198 5706 ⁸⁸
2218 5674 2351 5728 Dan.
2388 5690 2453 5738 lt,
2486 5692 2523 5731 t.

2198 5746 2243 5776 ⁹⁰
2265 5744 2396 5805 ibid.
2430 5762 2481 5812 v,
2516 5744 2568 5800 5.

420 3456 447 3469 ρ
557 3384 796 3441 iterum:
829 3387 934 3443 Ero
972 3391 1025 3443 in
1053 3391 1225 3462 gloria
1248 3394 1301 3447 in
1335 3396 1506 3449 medio
1540 3398 1608 3451 ’°.
1638 3397 1906 3455 Dominus
1951 3418 2081 3457 vero
2116 3422 2128 3457 :

2238 3382 2378 3471 σου,
2408 3410 2555 3478 λέγει
2598 3382 2824 3481 κ’ύριᾷς.
2861 3410 2971 3463 Kal
3005 3412 3167 3464 πάλιν
3190 3428 3204 3442 ·
3247 3382 3353 3479 Είς
3383 3412 3581 3476 δόξαν
3605 3382 3829 3483 ἔσομαι

2233 3500 2303 3553 ἐν
2325 3500 2492 3568 μέσῳ
2520 3500 2735 3569 αὐτῆς.
2758 3502 2866 3555 Kal
2891 3504 2918 3555 ό
2946 3501 3151 3572 Κύριος
3169 3517 3185 3533 ’
3232 3503 3380 3573 Ἐγώ
3408 3506 3530 3573 ειμι
3560 3504 3835 3575 ἐνμέσῳ

2234 3589 2401 3660 ὑμῶν
2438 3591 2520 3657 ὡς
2553 3594 2587 3646 ὁ
2624 3590 2943 3647 διακονῶν.
2984 3593 3042 3647 '0
3070 3594 3117 3648 δ’
3157 3595 3347 3658 αὐτὸς,
3392 3593 3513 3648 τῶν
3535 3597 3827 3666 μαθητῶν

2235 3682 2650 3753 συνηγμένων,
2678 3682 2828 3752 ἔστη
2858 3684 2929 3737 ἐν
2948 3683 3119 3753 μέσῳ
3141 3684 3340 3739 αὐτῶν
3357 3702 3371 3716 ’
3402 3688 3499 3740 καὶ
3526 3686 3629 3757 οὐχ
3652 3686 3825 3751 ἅπαξ,

2235 3774 2371 3828 ἀλλὰ
2401 3775 2497 3829 καὶ
2529 3774 2804 3847 δεύτερον.
2837 3778 2945 3830 Kal
2974 3777 3003 3830 ὀ
3036 3777 3350 3850 Eam-mi);
3392 3778 3674 3851 Ἰωάννηςο
3703 3781 3815 3835 Μέ-

2235 3886 2347 3934 σος
2378 3867 2446 3921 δὲ
2477 3867 2644 3937 ὑμῶν
2673 3869 2954 3937 ἕστηκεν,
2985 3868 3061 3923 ὃν
3100 3870 3270 3939 ὑμεῖς
3297 3872 3409 3925 οὐκ
3437 3869 3667 3927 albata.
3702 3874 3815 3943 οὐχ

2235 3960 2423 4025 ἀπλῶς
2448 3960 2510 4014 τὸ
2542 3957 2685 4014 εἶναι
2715 3963 2774 4015 ἐν
2799 3961 2953 4033 μέσῳ
2982 3962 3077 4015 τοῦ
3120 3962 3282 4034 ὄχλου
3310 3963 3402 4017 τὸν
3442 3963 3680 4034 Ἰησοῦν,
3732 3965 3817 4017 διὰ

2235 4052 2394 4107 τοῦτο
2424 4054 2710 4125 σημαίνων
2734 4070 2749 4083 ·
2800 4054 2957 4119 ἀλλὰ,
3001 4054 3183 4118 Μέσος
3214 4054 3367 4124 ὑμῶν
3398 4072 3479 4120 τε,
3532 4056 3693 4126 φησι,
3723 4056 3819 4109 καὶ

2236 4145 2393 4212 Θεοῦ,
2439 4149 2497 4200 ὲν
2540 4147 2834 4218 ἑκατέραις
2885 4143 2973 4211 αἷς
3005 4149 3154 4201 ἐστιν
3197 4149 3431 4214 οὐσία-ις,
3476 4150 3734 4222 θεότητός
3760 4167 3817 4202 τε

2236 4238 2330 4290 καὶ
2357 4238 2798 4311 ἀνθρωπότητος,
2842 4240 3123 4313 ἑκατέρων
3169 4240 3608 4311 ἐπειλημμένος,
3654 4243 3814 4312 ὁμοίᾳ

2234 4328 2485 4399 δυνάμει.
2533 4331 2644 4382 Kal
2674 4331 2752 4393 ὠς
2794 4330 3117 4394 Ἀπόστολός
3146 4347 3313 4401 φησιν
3336 4346 3351 4361 ⁸
3384 4326 3489 4398 Εἷς
3538 4331 3703 4398 Θεὸς.
3731 4327 3816 4397 εἷς

2235 4419 2334 4474 καὶ
2359 4420 2614 4489 μεσίτης
2643 4421 2793 4475 Θεοῦ
2821 4421 2919 4476 καί
2959 4422 3308 4489 ἀνθρώπων,
3355 4422 3667 4491 ἄνθρωπος
3706 4424 3814 4489 Ἰη-

2235 4509 2387 4577 σοῦς
2410 4512 2683 4580 Χριστός.
2719 4512 2818 4565 Διά
2842 4511 3005 4567 τοῦτο
3025 4508 3121 4567 οὖν
3146 4513 3302 4576 Θεός.
3352 4514 3490 4567 Οὐδὲ
3517 4513 3629 4585 γὰρ
3661 4515 3815 4585 μεσί-
3913 4564 3922 4572 .

2234 4617 2336 4668 της
2366 4597 2422 4675 ᾖ,
2472 4602 2632 4672 μόνον
2668 4603 2999 4673 ἄνθρωπος’
3044 4604 3168 4658 οὐδὲ
3224 4604 3487 4675 ἔμπαλιν,
3549 4608 3599 4659 εί
3654 4606 3815 4676 μόνον

2236 4692 2366 4756 Θεός
2394 4707 2409 4721 ·
2434 4692 2571 4747 ἀλλά
2613 4693 2700 4746 διὰ
2743 4694 2907 4748 τοῦτο
2949 4696 3199 4765 μεσίτης,
3232 4696 3421 4767 ἐπειδὴ
3468 4695 3603 4760 Θεός
3625 4713 3686 4749 τε
3722 4698 3811 4749 καὶ

2236 4784 2558 4856 ἄνθρωπος,
2593 4786 2796 4857 μᾶλλον
2847 4787 2905 4840 δὲ
2948 4787 3383 4859 ὲνανθρωπὴσας
3435 4788 3590 4847 Θεός.
3651 4789 3811 4841 Ὅθεν

2236 4877 2330 4929 καὶ
2373 4878 2431 4929 ὲν
2481 4876 2767 4948 ἑκατέροις
2813 4880 3083 4943 κοινωνεῖ,
3131 4871 3207 4931 ὧν
3252 4880 3369 4931 ἐστι
3399 4879 3627 4949 μεσίτης
3654 4895 3671 4911 ο
3698 4878 3811 4948 Θεῷ

2239 4966 2359 5038 μὲν,
2394 4967 2526 5031 Θεὸς
2550 4966 2647 5034 ὢν,
2674 4969 2817 5021 κατά
2841 4968 2940 5038 τὴν
2971 4968 3131 5037 φύσιν
3158 4969 3261 5037 τῆς
3284 4969 3537 5039 θεότητος
3559 4986 3575 5001 ο
3602 4968 3811 5040 ἀνθρώ-

2237 5074 2359 5119 ποις
2389 5058 2466 5123 δὲ,
2508 5057 2583 5110 ὢν
2614 5057 2925 5127 ἄνθρωπος,
2958 5059 3104 5112 κατά
3139 5059 3240 5129 τὴν
3269 5056 3432 5127 φύσιν
3468 5060 3571 5129 τῆς
3603 5056 3811 5129 ἀνθρωο

2237 5148 2491 5219 πότητος.
2539 5148 2699 5203 Ἀλλά
2725 5149 2886 5220 μέχρι
2913 5150 3103 5204 τούτου
3130 5149 3224 5203 τὸν
3252 5149 3412 5219 λόγον
3446 5149 3643 5219 στῆσαι
3671 5148 3804 5212 δέον,

2234 5242 2325 5297 διὰ
2374 5242 2472 5313 τὴν
2520 5242 2886 5313 συμμετρίαν,
2936 5242 3189 5307 δείξαντα
3242 5243 3537 5312 αὐτάρκως
3584 5242 3650 5294 ὲκ
3702 5240 3816 5293 τῶν

2237 5335 2397 5390 θείων
2443 5334 2695 5405 Γραφῶν,
2730 5333 2994 5403 τιμᾶσθαι
3051 5334 3212 5401 ἀξίαν
3264 5332 3365 5404 τὴν
3399 5332 3500 5400 τῆς
3529 5334 3810 5387 Μεσοπενο

2236 5426 2508 5497 τηκοστῆς
2535 5425 2768 5499 ἡμέραν.
2798 5427 3113 5499 Μεσότητος
3147 5427 3206 5481 δέ
3236 5442 3403 5497 ,φασιν
3432 5426 3482 5478 σί
3504 5423 3811 5479 διδάσκαλοι

2235 5519 2330 5572 καὶ
2353 5517 2453 5590 τὴν
2483 5519 2683 5590 ἀρετὴν
2702 5518 2941 5591 ἔχεσθαι.
2973 5520 3129 5592 [Idan
3150 5515 3245 5575 οὖν
3270 5522 3439 5591 ἀρετῇ
3470 5518 3700 5581 ἑαυτοὺς
3717 5534 3811 5571 κα-

3200 5675 3246 5707 ⁸⁶
3300 5672 3445 5727 Psal.
3498 5688 3686 5734 Lutu,
3722 5672 3799 5725 Η.

3295 5746 3341 5776 ’³
3371 5744 3530 5801 Joan.
3589 5759 3679 5809 ιι..
3719 5743 3801 5799 ιν.

2633 5676 2678 5708 ⁸⁸
2704 5674 2844 5729 Psal.
2872 5692 2962 5730 XXI
2985 5716 2997 5737 ,
3032 5674 3121 5729 Ξῖ».

2681 5748 2720 5779 θ’
2756 5747 2887 5802 ΙιυίΣ.
2928 5761 3064 5810 xxtt,
3097 5745 3188 5800 2'1.
