4034 6422
512 384 651 452 1.399

1492 395 1802 458 LEONTII
1852 393 2375 457 NEAPOLITANI
2410 392 2753 456 EPISCOPI

3629 388 3772 457 1000

512 502 820 571 cujusdam,
844 504 937 580 qui
973 521 1201 580 peregre
1230 510 1510 580 profectus
1542 519 1626 565 est
1648 510 1716 565 ad
1762 519 1978 580 tempus
2018 509 2087 565 ab

2196 507 2287 562 καὶ
2327 506 2619 562 δακτύλιον
2660 506 2758 560 καὶ
2793 507 3123 578 χαρακτῆρα
3168 505 3410 579 Χριστοῦ
3457 505 3624 561 αὐτὸν
3652 506 3772 577 βλι-

514 593 640 659 illis,
654 595 827 651 multo
846 613 976 669 erga
998 614 1123 653 eum
1145 600 1346 656 aﬂ'ectu
1372 616 1437 656 ex
1454 601 1633 656 anima
1652 601 1963 672 ﬂagrantes,
1977 599 2093 655 sive

512 684 721 754 virgam
746 686 866 756 ejus
895 689 949 742 in
983 690 1146 746 domo
1178 691 1421 759 videant,
1439 694 1555 748 sive
1583 693 1792 757 sedem,
1811 693 1926 748 sive
1947 692 2095 747 chla-

513 778 731 846 mydem
765 796 780 844 ;
810 781 927 837 haec
963 798 1086 836 cum
1146 783 1397 855 lacrymis
1436 784 1818 840 deosculantes
1889 783 2093 853 ample-

515 877 760 936 ctuntur,
786 878 841 925 et
869 888 979 927 non
1009 874 1101 928 illa
1138 875 1389 938 adorant,
1421 877 1517 931 sed
1543 886 1754 946 patrem
1775 876 2093 931 desiderant

508 971 570 1030 et
598 962 913 1028 honorant;
947 966 1019 1020 ita
1064 975 1121 1020 et
1166 983 1269 1021 nos
1312 983 1505 1023 omnes
1549 968 1735 1023 ﬁdeles
1794 977 1854 1023 ut
1886 967 2089 1039 virgam

510 1052 740 1119 Christi,
786 1071 1006 1110 crucem
1041 1058 1337 1113 adoramus
1376 1077 1391 1125 ;
1425 1069 1483 1113 ut
1525 1061 1706 1115 sedem
1739 1075 1871 1114 vero
1910 1069 1969 1114 et
1999 1076 2093 1114 cu-

517 1142 647 1207 bile,
667 1144 837 1212 ipsius
860 1147 1266 1203 sanctissimum
1292 1159 1706 1204 monumentum
1727 1166 1742 1215 ;
1764 1159 1824 1203 ut
1845 1149 2087 1215 domum,

516 1249 764 1304 praesepe
795 1245 849 1290 et
872 1237 1170 1303 Bethleem,
1195 1248 1250 1294 et
1291 1251 1475 1296 sancta
1506 1243 1628 1313 ejus
1664 1252 1858 1297 caetera
1911 1242 2091 1296 taber-

517 1326 710 1380 nacula
739 1344 753 1381 :
786 1344 952 1397 porro
980 1340 1036 1385 ut
1070 1332 1295 1395 amicos,
1328 1333 1446 1401 ejus
1480 1335 1758 1404 apostolos
1792 1343 1845 1388 et
1874 1342 2091 1388 sanctos

519 1427 785 1488 martyres
821 1434 885 1474 ac
907 1421 1145 1491 reliqttos
1166 1431 1385 1481 sanctos
1418 1427 1538 1496 ejus
1570 1445 1584 1481 :
1611 1436 1666 1481 at
1705 1442 1835 1481 vero
1869 1434 1929 1479 ut
1956 1426 2092 1481 civi-

520 1512 682 1558 tatem
705 1506 829 1575 ejus
857 1510 1088 1565 colimus
1116 1511 1269 1579 Sion,
1303 1523 1361 1568 ut
1391 1528 1576 1570 autem
1602 1515 1789 1570 villam
1820 1515 1939 1585 ejus
1983 1516 2090 1570 ite-

516 1608 636 1647 rum
668 1593 933 1652 Nazareth
978 1600 1280 1657 salutamus
1318 1620 1333 1669 ;
1380 1614 1545 1674 atque
1584 1613 1642 1659 ut
1673 1604 1919 1659 divinum
1968 1604 2088 1676 ejus

516 1684 819 1755 lavacrum,
851 1689 1146 1747 Jordanem
1172 1694 1575 1764 amplectimur.

2192 616 2408 662 ποντες,
2429 599 2495 652 δι’
2526 596 2815 653 αὐτοῦ’τὸν
2841 598 2898 653 ὲν
2924 598 3080 669 ἀὑτῷ
3111 598 3496 671 σταυρωθέντα
3530 598 3775 662 ἀσπαζό-

2205 690 2343 762 μεθα
2371 690 2467 745 καὶ
2489 688 2924 761 προσκυνοῦμεν,
2958 691 3068 744 Καὶ
3096 689 3285 764 ὥσπερ
3312 692 3509 753 παῖδες
3534 692 3770 758 γνήσιοτ,

2193 781 2430 850 πατέρος
2461 781 2608 844 τινὸς
2634 782 3092 851 ἀποδημήσαντος
3130 782 3270 853 πρὸς
3306 782 3505 854 καιρὸν
3538 783 3634 836 ἀπ’
3674 782 3775 834 αὒ-

2190 873 2323 938 τῶν,
2352 872 2522 944 πολλῇ
2546 874 2616 943 τῇ
2649 875 2853 943 στοργῇ
2882 872 3018 942 πρὸς
3054 873 3219 927 αὑτὸν
3244 875 3310 926 ὲκ
3341 873 3527 944 ψυχῆς
3564 872 3774 926 διακεί-

2196 981 2369 1036 μενοι,
2402 963 2506 1018 κᾶν
2530 962 2632 1033 τὴν
2663 962 2860 1033 ῥάϐδον
2889 962 3058 1017 αὐτοῦ
3090 966 3150 1016 ὲν
3168 963 3247 1034 τῷ
3274 964 3412 1034 οἴκῳ
3443 962 3770 1025 θεάσωνται,

2191 1056 2294 1109 κᾶν
2317 1057 2418 1128 τὴν
2449 1054 2722 1127 χλαμύδα,
2753 1055 2928 1110 ταῦτα
2961 1055 3100 1125 μετὰ
3121 1055 3375 1127 δακρύων
3405 1052 3774 1123 καταφιλοῦν-

2190 1164 2283 1211 τες
2318 1147 2686 1211 ἀσπάζονται⁸
2723 1144 2817 1199 καὶ
2852 1145 2954 1198 οὐκ
2986 1146 3169 1198 ἐκεῖνα
3198 1146 3497 1215 τιμῶντες,
3522 1143 3663 1197 ἀλλά
3687 1144 3775 1197 τὸν

2192 1238 2404 1308 πατέρα
2451 1235 2745 1300 ποθοῦντες
2793 1237 2889 1289 καὶ
2936 1235 3234 1306 τιμῶντες·
3278 1235 3456 1298 οὕτως
3494 1236 3594 1288 καὶ
3617 1236 3773 1304 ἡμεῖς

2188 1332 2238 1383 οἱ
2261 1330 2441 1382 πιστοὶ
2473 1330 2735 1392 ἀπαντες,
2771 1327 2847 1391 ὡς
2871 1327 2972 1397 μὲν
2998 1327 3198 1398 ῥάϐδον
3225 1326 3462 1398 Χριστοῦ
3490 1325 3583 1379 τὸν
3616 1343 3775 1380 σταυ-

2192 1421 2286 1493 ρὸν
2331 1420 2769 1492 προσκυνοῦμεν,
2816 1420 2894 1482 ὡς
2931 1419 2987 1473 δὲ
3018 1419 3208 1491 θρόνον
3254 1419 3349 1472 καὶ
3388 1418 3582 1488 κοίτην
3611 1416 3774 1471 αὐτοῦ

2190 1513 2249 1567 τὸ
2281 1513 2547 1580 πανάγιον
2589 1510 2801 1583 μνῆμα,
2853 1511 2931 1574 ὡς
2977 1510 3034 1564 δὲ
3086 1509 3235 1564 οἷκον
3284 1510 3384 1582 τὴν
3420 1509 3636 1579 φάτνην
3686 1512 3777 1561 καὶ

2189 1603 2287 1676 τὴν
2312 1603 2578 1676 Βηθλεὲμ,
2612 1602 2709 1657 καὶ
2734 1602 2802 1655 τά
2828 1601 2993 1655 λοιπά
3025 1601 3155 1671 am
3188 1601 3354 1656 αὐτοῦ
3390 1598 3734 1671 σκηνώματα
3757 1614 3772 1628 ·

2189 1698 2265 1761 ὡς
2295 1696 2351 1750 δὲ
2375 1697 2567 1767 φίλους
2592 1694 2780 1758 αὑτοῦ,
2807 1697 2934 1758 τοὺς
2962 1694 3300 1759 ἀποστόλους
3327 1692 3497 1747 αὑτοῦ
3529 1694 3628 1746 καὶ
3652 1692 3775 1765 τοὺς

514 1778 704 1844 ἁγίους
756 1783 1041 1855 μάρτυρας
1077 1787 1174 1839 καὶ
1222 1787 1443 1853 λοιποὺς
1491 1788 1713 1857 ἁγίους·
1744 1787 1823 1852 ὡς
1892 1790 1951 1843 δὲ
2011 1790 2166 1844 πόλιν
2205 1788 2369 1844 αὐτοῦ
2421 1786 2691 1859 σεϐόμεθα
2713 1787 2814 1859 τὴν
2863 1785 3023 1847 Σιὼν.
3051 1786 3126 1851 ὡς
3164 1786 3220 1839 δὲ
3253 1785 3439 1857 χώραν
3480 1782 3651 1838 αὑτοῦ
3682 1785 3778 1855 τὴν

514 1869 771 1942 Ναζαρὲτ
823 1876 1209 1947 ἀσπαζόμεθα,
1260 1880 1355 1932 καὶ
1402 1880 1475 1942 ὡς
1509 1880 1650 1934 θεῖον
1686 1880 1850 1935 αὐτοῦ
1876 1881 2102 1954 λουτρὸν
2140 1882 2230 1935 τὸν
2273 1882 2546 1954 Ἰορδάνην
2583 1878 3087 1951 περιπτυσσόμεθα.

584 1962 748 2018 Multa
765 1966 968 2037 quippe
993 1978 1045 2023 et
1064 1969 1327 2025 ineffabili
1344 1986 1469 2043 erga
1492 1972 1667 2042 ipsum
1683 1973 1972 2030 affectione
1996 1975 2088 2029 ubi

2264 1975 2342 2045 Τῇ
2370 1974 2478 2045 γὰρ
2517 1972 2686 2044 πολλῇ
2711 1972 2805 2025 καὶ
2832 1971 3025 2041 ἀφάτῳ
3052 1969 3189 2042 πρὸς
3223 1967 3386 2022 αὐτὸν
3412 1968 3622 2037 στοργῇ
3652 1965 3778 2019 ἔνθα

515 2057 789 2121 ascendit,
821 2059 908 2113 vel
932 2061 1096 2127 sedit,
1116 2064 1200 2116 vel
1228 2063 1425 2127 illuxit,
1464 2063 1552 2119 vel
1596 2065 1794 2137 tetigit,
1825 2076 1920 2122 aut
1974 2082 2093 2121 om-

515 2146 649 2199 nino
682 2149 1029 2207 obumbravit
1059 2169 1074 2217 ;
1117 2154 1346 2210 colimus
1406 2165 1463 2210 et
1495 2157 1787 2212 adoramus
1825 2168 1886 2213 ut
1913 2159 2094 2214 locum

517 2236 615 2291 Dei
648 2256 662 2292 :
696 2256 807 2294 non
855 2243 1056 2325 locum,
1104 2261 1283 2314 neque
1308 2246 1549 2314 domum,
1582 2264 1762 2319 neque
1792 2251 2091 2322 regionem,

517 2331 605 2383 vel
634 2330 909 2387 civitatem
947 2345 1043 2390 aut
1066 2336 1275 2407 lapides
1310 2339 1667 2406 honorantes,
1702 2342 1797 2397 sed
1829 2357 1954 2397 eum
1996 2345 2087 2411 qui

517 2418 581 2471 in
606 2419 711 2474 illis
744 2435 1101 2481 conversatus
1125 2436 1229 2491 est,
1248 2437 1304 2482 et
1330 2428 1523 2495 illuxit,
1558 2441 1615 2485 et
1654 2432 1709 2485 in
1737 2447 1899 2487 carne
1935 2432 2095 2486 inno-

510 2510 644 2578 tuit,
671 2522 836 2582 atque
873 2516 941 2570 ab
972 2532 1161 2573 errore
1204 2518 1476 2586 liberavit,
1516 2520 1794 2577 Christum
1842 2522 2097 2579 videlicet

512 2601 804 2659 Dominum
840 2618 1089 2663 nostrum
1120 2620 1213 2675 ;et
1243 2626 1341 2681 per
1394 2612 1673 2668 Christum
1711 2630 1775 2668 ea
1805 2630 1926 2684 quae
1967 2624 2096 2670 sunt

508 2695 738 2762 Christi,
770 2701 1078 2769 passionem
1114 2701 1169 2756 in
1194 2703 1481 2771 ecclesiis,
1508 2715 1564 2759 et
1590 2706 1863 2773 domibus,
1890 2716 1945 2762 et
1979 2708 2095 2778 pla-

521 2788 647 2850 teis,
673 2789 806 2844 etin
838 2792 1188 2865 imaginibus,
1213 2805 1270 2850 et
1295 2796 1349 2851 in
1382 2797 1799 2864 sindonibus,et
1832 2800 1888 2854 in
1927 2815 2094 2870 pene-

520 2885 771 2949 tralibus,
807 2897 859 2942 et
892 2889 947 2942 in
1014 2889 1378 2953 vestimentis,
1406 2898 1462 2944 et
1498 2888 1555 2943 in
1587 2890 1735 2945 omni
1758 2890 1877 2945 loco
1902 2889 2095 2945 forma-

522 2992 674 3031 mus:
695 2986 753 3032 ut
784 2978 1119 3035 incessanter
1134 2980 1467 3050 aspicientes
1481 2981 1600 3037 haec
1616 2997 2088 3047 commoneamur,

519 3074 699 3121 etnon
723 3068 1129 3137 obliviscamur,
1158 3082 1218 3127 ut
1240 3083 1297 3128 tu
1323 3088 1383 3127 es
1410 3073 1613 3127 oblitus
1641 3073 1857 3128 Domini
1882 3072 1975 3129 Dei
1992 3075 2091 3130 tui.

520 3159 587 3214 Et
608 3160 753 3215 sicut
775 3171 830 3216 tu
862 3164 1095 3220 adorans
1120 3165 1321 3220 librum
1346 3165 1501 3236 legis,
1525 3181 1637 3220 non
1682 3175 1934 3221 naturam
1976 3167 2094 3238 pel-

2198 2067 2393 2138 ἐπέϐη,
2434 2066 2466 2137 ἢ
2507 2065 2825 2128 κεκάθικεν,
2859 2060 2893 2134 ἢ
2933 2063 3224 2134 ὲπέφανεν,
3262 2060 3297 2130 ἢ
3336 2060 3537 2130 ἥψατο,
3579 2059 3615 2129 ἢ
3646 2058 3778 2121 ὅλοις

2196 2154 2515 2219 ὲπεσκίασε,
2567 2152 2863 2224 σεϐόμεθα,
2918 2152 3015 2206 καὶ
3061 2150 3475 2224 προσκυνοῦμεν
3512 2149 3590 2213 ὡς
3619 2149 3779 2201 τόπον

2195 2247 2331 2301 Θεοῦ
2361 2264 2374 2277 ·
2406 2247 2467 2299 οῦ
2496 2246 2587 2299 τὸν
2612 2247 2798 2311 τόπον,
2831 2244 2950 2298 οὐδὲ
2979 2244 3068 2300 τδν
3090 2240 3260 2309 οἶκυν,
3288 2243 3408 2298 οὐδὲ
3445 2243 3547 2316 τὴν
3571 2242 3777 2313 χώραν,

2192 2336 2229 2410 ἢ
2266 2338 2364 2410 τὴν
2406 2339 2581 2402 πόλιν,
2618 2339 2651 2410 ἢ
2682 2339 2809 2402 τοὺς
2854 2337 3036 2402 λίθους
3056 2335 3325 2407 τιμῶντες
3347 2350 3360 2365 ·
3392 2334 3531 2388 ἀλλὰ
3582 2332 3677 2386 τὸν
3723 2335 3783 2385 ἐν

2195 2433 2379 2495 αὐτοῖς
2431 2431 2851 2503 ἀναστραφέντα
2907 2430 3002 2483 καὶ
3056 2428 3388 2498 ἐπιφανέντα
3439 2426 3536 2480 καὶ
3577 2442 3781 2493 γνωρι·

2197 2521 2391 2575 σθέντα
2423 2523 2609 2593 σαρκὶ,
2641 2522 2734 2575 καὶ
2756 2522 2907 2592 ἡμᾶς
2940 2519 3045 2591 τῆς
3075 2520 3284 2592 πλάνης
3326 2516 3781 2589 ἐλευθερώσαντα

2195 2614 2431 2685 Χριστὸν
2460 2614 2552 2666 τὸν
2581 2612 2714 2667 Θεὸν
2740 2614 2896 2683 ἡμῶν
2919 2628 2932 2642 ·
2963 2612 3058 2666 καὶ
3082 2611 3170 2665 διὰ
3190 2610 3283 2664 τὸν
3310 2608 3547 2682 Χριστὸν
3582 2610 3683 2662 καὶ
3715 2607 3782 2660 τά

2195 2707 2435 2781 Χριστοῦ
2483 2707 2631 2778 πάθη
2663 2707 2721 2759 ὲν
2756 2705 3097 2776 ἐκκλησίαις,
3146 2704 3239 2758 καὶ
3288 2702 3478 2767 οἴκοις,
3528 2702 3623 2754 καὶ
3648 2702 3782 2769 ἀγοο

2199 2800 2339 2868 ραῖς,
2372 2797 2466 2851 καὶ
2496 2798 2557 2850 ὲν
2588 2796 2786 2849 σινδόσι
2833 2797 2927 2849 καὶ
2967 2798 3024 2848 ὲν
3058 2794 3345 2865 ταμιείοις,
3378 2793 3469 2847 καὶ
3516 2792 3777 2861 ἱματίοις,

2195 2890 2289 2944 καὶ
2315 2891 2373 2942 ὲν
2405 2889 2570 2942 παντὶ
2598 2888 2750 2958 τόπῳ
2787 2885 3133 2957 ὲκτυποῦμεν
3152 2904 3167 2918 ·
3196 2886 3284 2939 ἴνα
3315 2883 3581 2953 διηνεκῶς
3608 2882 3783 2951 ὀρῶν-

2193 2997 2285 3043 τες
2326 2979 2501 3034 ταῦτα
2533 2977 3108 3050 ὑπομιμνησκὼμεθα,
3149 2977 3243 3030 καὶ
3290 2974 3364 3047 μὴ
3410 2972 3783 3027 ὲπιλανθανιὶιο

2198 3072 2360 3143 μεθα,
2407 3073 2484 3137 ὡς
2533 3074 2598 3126 σὺ
2628 3071 2896 3126 ἐπελάθου
2947 3069 3155 3142 Κυρίου
3206 3067 3301 3123 τοῦ
3339 3066 3474 3121 Θεοῦ
3508 3082 3642 3120 σου·
3692 3067 3785 3118 καὶ

2194 3163 2383 3235 ὥσπερ
2418 3165 2483 3218 σὺ
2511 3162 2838 3233 προσκυνῶν
2876 3163 2939 3216 τὸ
2985 3161 3189 3231 βιϐλίον
3229 3160 3324 3214 τοῦ
3362 3160 3555 3230 νόμου,
3596 3158 3659 3211 οὐ
3687 3158 3785 3225 τὴν

520 3247 653 3303 lium
694 3249 779 3304 vel
805 3253 1116 3321 atramenti,
1163 3270 1283 3323 quae
1322 3257 1378 3309 in
1428 3256 1548 3325 ipso
1589 3265 1697 3320 est,
1742 3256 1955 3321 adoras,
1999 3254 2093 3311 sed

2198 3253 2361 3322 φύσιν
2396 3251 2526 3306 ’τῶν
2576 3254 2635 3306 ὲν
2689 3251 2839 3323 αὐτῷ
2885 3249 3172 3321 δερμάτων
3244 3249 3339 3301 καὶ
3391 3244 3486 3299 τοῦ
3552 3244 3785 3315 μέλανος

520 3337 687 3391 verba
735 3336 828 3394 Dei
861 3355 982 3410 quae
1011 3341 1197 3411 jacent
1228 3344 1282 3398 in
1329 3360 1429 3411 eo,
1489 3347 1561 3401 ita
1584 3354 1640 3400 et
1660 3361 1760 3417 ego
1800 3346 2091 3417 imaginem

2196 3344 2542 3414 προσκυνεῖς,
2592 3342 2730 3396 ἀλλὰ
2759 3342 2885 3406 τοὺς
2916 3340 3110 3409 λόγους
3139 3337 3233 3392 τοῦ
3259 3336 3395 3390 Θεοῦ
3425 3337 3555 3398 τοῦς
3579 3336 3642 3387 ἐν
3679 3336 3779 3388 αὖ·

518 3424 724 3481 Christi
756 3429 1008 3495 adorans,
1038 3448 1147 3487 non
1176 3444 1426 3490 naturam
1457 3436 1729 3508 lignorum
1761 3446 1816 3491 et
1848 3437 2093 3492 colorum

2196 3436 2271 3507 τῷ
2301 3434 2622 3505 κειμένους·
2686 3432 2861 3496 οὕτως
2909 3431 3064 3501 κάγὼ
3109 3430 3209 3501 τὴν
3260 3429 3448 3483 εἰκόνα
3494 3427 3595 3480 τοῦ
3648 3426 3783 3480 Θεοῦ

521 3518 691 3572 adoro
715 3519 893 3589 (absit
913 3522 966 3591 ί)
996 3524 1092 3578 sed
1111 3524 1471 3583 inanimatum
1493 3529 1860 3584 characterem
1892 3528 2093 3584 Christi

522 3616 737 3672 tenens,
765 3626 864 3679 per
899 3628 1022 3667 eum
1053 3615 1333 3673 Christum
1366 3630 1555 3676 tenere
1587 3637 1749 3692 spero
1796 3621 1913 3693 [Gn
1956 3621 2092 3675 mihi

523 3695 759 3771 videor,]
785 3709 841 3755 et
879 3703 1124 3762 adorare.
1156 3705 1222 3761 Et
1248 3708 1390 3764 sicut
1418 3710 1587 3765 Jacob
1610 3719 1886 3780 acceptam
1914 3727 1943 3764 a
1971 3711 2096 3766 ﬁliis

522 3790 633 3844 tuis
664 3791 901 3847 tunicam
942 3796 1145 3850 variam
1163 3806 1219 3852 et
1248 3801 1719 3871 sanguinolentam
1740 3800 1943 3870 Joseph
1968 3802 2099 3857 deo-

521 3882 763 3937 sculatus
788 3894 873 3940 est
894 3901 1017 3941 cum
1042 3888 1315 3959 lacrymis,
1350 3902 1406 3946 et
1456 3893 1695 3962 propriis
1745 3894 1918 3948 oculis
1955 3894 2098 3948 hanc

522 3972 938 4044 circumposuit,
972 3987 1026 4032 et
1050 3994 1160 4032 non
1183 3982 1571 4037 vestimentum
1592 3999 1784 4039 amans
1813 3985 1900 4040 vel
1929 3987 2099 4041 hono—

523 4081 675 4131 rans,
702 4068 807 4122 hoc
829 4068 980 4135 fecit,
1002 4073 1096 4127 sed
1114 4089 1211 4143 per
1234 4075 1285 4129 id
1312 4076 1589 4131 aestimans
1602 4076 1803 4149 Joseph
1837 4080 2095 4147 osculari,

518 4167 578 4212 et
609 4158 662 4212 in
687 4161 939 4216 manibus
959 4177 1083 4217 eum
1124 4166 1325 4221 habere
1349 4168 1421 4231 ’⁸,
1458 4168 1530 4223 ita
1564 4176 1621 4224 et
1650 4169 1947 4225 Christiani
1976 4171 2099 4225 uni-

520 4250 663 4305 versi
682 4251 968 4321 imaginem
985 4253 1186 4311 Cbristi
1207 4258 1285 4311 vel
1304 4261 1672 4328 apostolorum
1690 4271 1784 4317 aut
1802 4272 2097 4335 martyrum

516 4345 771 4393 tenentes
787 4350 882 4396 aut
899 4343 1198 4400 salutantes
1218 4362 1403 4414 carne,
1422 4350 1600 4405 anima
1624 4352 1800 4421 ipsum
1822 4351 2099 4408 Christum

514 4432 861 4488 :estimantus
918 4436 1004 4490 vel
1045 4446 1337 4510 martyrem
1370 4442 1489 4511 ejus
1545 4443 1788 4497 habitum
1838 4443 2097 4501 retinere.

516 4517 618 4572 Dic
638 4535 768 4591 ergo
798 4522 930 4575 mihi
964 4532 1041 4589 tu,
1070 4525 1162 4594 qui
1208 4527 1454 4596 opinaris
1480 4530 1648 4584 nihil
1681 4546 1847 4585 manu
1874 4531 2098 4600 factum,

2194 3526 2542 3599 προσκυνῶν,
2577 3525 2637 3579 οὒ
2665 3524 2764 3597 τὴν
2794 3524 2957 3594 φύσιν
2983 3522 3093 3577 τῶν
3126 3522 3301 3589 ξύλων
3345 3520 3440 3574 καὶ
3468 3520 3784 3591 χρωμάτων

2196 3617 2488 3689 προσκυνῶ
2509 3634 2525 3651 ο
2560 3617 2635 3690 μὴ
2667 3617 2876 3686 γένοιτο
2895 3632 2911 3646 ι
2940 3615 3077 3670 ἀλλά
3098 3632 3190 3667 τοι
3220 3612 3423 3684 ἄψυχον
3454 3612 3782 3683 χαρακτῆρα

2195 3710 2430 3782 Χριστοῦ
2472 3709 2715 3778 κρατῶν,
2762 3708 2830 3763 δι’
2864 3708 3030 3763 αὐτοῦ
3084 3706 3318 3781 Χριστὸν
3363 3706 3593 3775 κρατεῖν
3643 3703 3782 3756 δοκῶ

2198 3805 2294 3857 καὶ
2321 3806 2670 3872 προσκυνεῖν.
2703 3802 2814 3855 Καὶ
2861 3802 3051 3872 ὥσπερ
3074 3802 3102 3854 ό
3139 3797 3335 3853 Ἰακὼϐ
3357 3796 3658 3867 δεξάμενος
3682 3813 3781 3847 παι

2200 3894 2271 3968 ρὰ
2306 3895 2414 3948 τῶν
2443 3895 2578 3947 υἱῶν
2606 3894 2771 3948 αὑτοῦ
2803 3891 3009 3964 χιτῶνα
3040 3891 3285 3945 ποικίλον
3322 3889 3648 3962 ᾑμαγμένον
3690 3886 3781 3939 τοῦ

2210 3987 2432 4057 Ἰωσὴφ,
2468 3986 2803 4056 κατεφίλησε
2856 3983 2995 4055 μετά
3037 3982 3309 4055 δακρύων,
3344 3983 3441 4036 καὶ
3483 3984 3602 4046 τοῖς
3633 3980 3781 4043 ίδίοις

2198 4078 2496 4148 ὀφθαλμοῖς
2522 4077 2681 4131 τοῦτο
2705 4075 3050 4148 περιέθηκεν,
3090 4075 3185 4129 καὶ
3213 4075 3275 4128 οὐ
3313 4074 3375 4127 τὸ
3403 4072 3625 4144 ἱμάτιον
3646 4073 3781 4140 ἀγα-

2198 4168 2338 4234 πῶν,
2375 4172 2409 4238 ἢ
2441 4170 2642 4239 τιμῶν,
2681 4168 2843 4221 τοῦτο
2875 4164 3151 4237 ἐποίησεν,
3182 4165 3318 4219 ἀλλὰ
3348 4166 3413 4219 δι’
3436 4164 3605 4220 αὑτοῦ
3630 4164 3781 4234 νομῖ-

2200 4261 2308 4326 ζων
2353 4261 2446 4315 τὸν
2490 4260 2691 4332 Ἰωσὴφ
2736 4259 3077 4329 καταφιλεῖν,
3123 4258 3218 4313 καὶ
3276 4260 3333 4313 ὲν
3382 4258 3576 4330 χερσὶν
3622 4258 3782 4311 αὑτὸν

2200 4353 2453 4424 κατέχειν
2472 4370 2487 4385 ο
2538 4351 2683 4406 οὕτω
2728 4353 2823 4406 καὶ
2852 4351 3171 4423 Χριστιανοὶ
3210 4351 3411 4413 πάντες
3438 4349 3625 4402 εἰκόνα
3652 4350 3780 4420 Χρι⁸

2206 4443 2356 4507 στοῦ,
2397 4444 2431 4515 ἢ
2480 4443 2822 4508 ἀποστόλου,
2878 4441 2911 4512 ἢ
2976 4443 3250 4512 μάρτυρος
3304 4439 3638 4509 κρατοῦντες
3690 4440 3780 4491 καὶ

2202 4533 2576 4604 ἀσπαζόμενοι
2620 4536 2687 4606 τῇ
2723 4533 2909 4605 σαρκὶ,
2950 4536 3015 4603 τῇ
3060 4533 3207 4603 ψυχῇ
3236 4528 3400 4585 αὑτὸν
3424 4530 3519 4583 τὸν
3549 4530 3781 4600 Χριστὸν

516 4611 601 4664 vel
643 4612 779 4665 nihil
803 4613 1029 4668 omnino
1052 4624 1298 4671 creatum
1328 4618 1689 4683 adorandum,
1744 4638 2093 4692 ttunquamtte

2200 4625 2497 4696 νομίζομεν
2524 4624 2556 4695 ἢ
2582 4624 2675 4679 τὸν
2710 4624 2964 4696 μάρτυρα
3003 4624 3171 4678 αὐτοῦ
3202 4629 3477 4694 κατέχειν.
3531 4624 3667 4677 Εἱπέ
3693 4640 3777 4693 μοι

514 4704 859 4770 multotiens,
891 4707 1122 4763 muliere
1158 4710 1373 4773 tua,vel
1405 4710 1527 4768 ﬁliis
1551 4713 1801 4778 mortuis,
1832 4715 2095 4781 tunicam,

480 4814 483 4815 ν
517 4796 604 4850 vel
627 4806 1009 4853 ornamentum
1043 4800 1164 4869 ejus
1197 4802 1372 4856 visum
1402 4803 1455 4857 in
1484 4805 1736 4860 cubiculo
1765 4816 1857 4860 tuo
1887 4806 2100 4861 oscula-

520 4897 609 4941 tus
627 4904 708 4951 es,
742 4895 797 4943 et
826 4888 1080 4961 lacrymis
1113 4891 1243 4947 illud
1271 4892 1537 4959 infudisti,
1570 4905 1626 4951 et
1658 4896 1711 4950 in
1759 4896 1863 4952 hoc
1899 4913 2009 4952 non
2039 4914 2099 4953 es

515 4979 915 5035 condemnatus
946 4983 969 5036 ?
998 4998 1113 5037 non
1130 4984 1280 5039 enim
1312 4996 1372 5039 ut
1397 4985 1568 5041 Deum
1602 4989 1930 5043 vestimenta
1961 4991 2099 5045 ado-

516 5068 670 5133 rasti,
714 5072 810 5124 sed
856 5087 1095 5128 amorem
1138 5090 1236 5145 per
1275 5078 1521 5133 osculum
1556 5080 1698 5135 circa
1729 5081 1879 5135 illttnt
1912 5091 2099 5137 osten-

512 5157 668 5223 disti,
729 5160 822 5227 qui
874 5161 978 5217 hoc
1019 5164 1309 5234 aliquando
1377 5167 1554 5225 fuerat
1608 5171 2070 5229 circumamictus.

516 5248 653 5304 Nam
671 5258 725 5304 et
746 5251 848 5321 ipsi
870 5261 1027 5307 natos
1046 5265 1263 5312 nostros
1279 5268 1333 5313 et
1352 5269 1531 5329 patres
1546 5272 1757 5318 creatos
1770 5263 2006 5318 exsisten
2015 5272 2097 5320 tes

514 5353 576 5397 et
604 5354 923 5413 peccatores
958 5347 1277 5403 multotiens
1303 5351 1622 5417 salutamus,
1656 5364 1712 5408 et
1762 5355 1817 5409 in
1856 5356 1958 5410 hoc
1991 5357 2096 5411 mi-

516 5433 665 5489 nime
692 5437 1151 5505 condemnamur;
1181 5454 1292 5494 non
1322 5442 1468 5495 enim
1516 5450 1576 5496 ut
1605 5442 1745 5499 Deos
1796 5447 2097 5501 salutamus

514 5541 635 5586 eos.
661 5527 753 5580 sed
784 5527 1133 5584 affectionem
1171 5540 1381 5587 natura:
1421 5543 1621 5589 nostra:
1668 5548 1797 5606 erga
1825 5534 1945 5589 illos
1997 5550 2095 5605 per

515 5615 767 5671 osculum
797 5618 1250 5677 demonstramus.
1279 5621 1348 5678 Ut
1380 5638 1509 5697 ergo
1537 5640 1680 5697 smpe
1710 5626 1839 5694 dixi,
1866 5616 2095 5683 intentio

590 5793 639 5821 "
672 5793 806 5848 Gen.
862 5812 1066 5863 χχχι-ιι,
1106 5798 1176 5851 52
1199 5815 1347 5870 seqq.

2205 4719 2269 4772 σὺ
2302 4718 2331 4770 ό
2376 4717 2612 4787 νομίζων
2642 4717 3025 4788 χειροποίητον
3070 4716 3255 4788 μηδὲν,
3298 4717 3331 4786 ἢ
3376 4716 3517 4779 ὅλως
3568 4717 3778 4769 κτιστδν

2201 4812 2550 4880 προσκυνεῖν,
2573 4804 2682 4881 ἆρα
2706 4811 2766 4862 οὐ
2798 4808 3061 4872 πολλάκις
3088 4807 3346 4877 γυναικὸς
3386 4811 3487 4879 σῆς
3514 4807 3549 4879 ἦ
3579 4807 3778 4892 τέκνοιν

2199 4900 2641 4971 τελευτησάντων
2674 4898 2944 4970 χιτῶναῆ
2987 4896 3266 4969 κοσμίδιον
3317 4896 3440 4951 ἰδὼν
3489 4897 3549 4949 ἐν
3588 4897 3667 4966 τῷ
3707 4895 3779 4965 σῷ

2200 4992 2456 5064 ταμιείῳ,
2507 4992 2788 5063 κρατήσας
2841 4991 3126 5061 ἐφίλησας,
3186 4990 3283 5044 καὶ
3330 4989 3598 5061 δάκρυσιν
3652 4988 3777 5040 αὐτὸ

2202 5084 2559 5156 κατέϐρεξας,
2592 5085 2687 5138 καὶ
2728 5085 2828 5138 οὐκ
2874 5086 2932 5138 ἐν
2960 5084 3137 5154 τούτῳ
3173 5083 3538 5154 κατεκρίθης;
3573 5082 3649 5135 Οῦ
3676 5082 3775 5149 τᾶρ

2199 5175 2273 5237 ὡς
2304 5176 2436 5230 Θεὸν
2461 5176 2532 5229 τά
2576 5175 2769 5245 ἱμάτια
2809 5177 3264 5247 προσεκύνησας,
3305 5173 3443 5228 ἀλλά
3486 5173 3579 5225 τὸν
3620 5172 3775 5224 πόθον

2199 5267 2338 5339 πρὸς
2362 5266 2454 5320 τόν
2483 5284 2614 5320 ποτε
2663 5268 2797 5320 αὐτὸ
2841 5266 3311 5339 περιϐεϐλημένον
3351 5265 3440 5319 διά
3486 5263 3581 5317 τοῦ
3624 5264 3774 5331 φιλή-

2202 5375 2371 5429 ματος
2398 5358 2639 5425 ἔδειξας·
2691 5360 2815 5412 έπεὶ
2859 5359 2955 5413 καὶ
2997 5358 3139 5412 αὐτὰ
3179 5358 3339 5428 ήμῶν
3376 5356 3445 5410 τὰ
3489 5356 3655 5409 τέκνα
3687 5356 3773 5407 καὶ

2197 5450 2324 5513 τοὺς
2359 5449 2598 5521 πατέρας
2632 5450 2885 5515 κτιστοὺς
2932 5450 3092 5513 ὄντας
3126 5450 3220 5504 καὶ
3253 5447 3619 5519 ἁμαρτωλοὺς
3651 5447 3767 5499 πολ-

2202 5540 2358 5605 λάκις
2404 5540 2786 5613 ἀσπαζόμεθα,
2849 5543 2945 5596 καὶ
2991 5543 3092 5596 οὐκ
3122 5543 3180 5596 ἐν
3225 5541 3403 5611 τούτῳ
3450 5539 3771 5609 κατακρινόσ

2205 5633 2365 5704 μεθα.
2402 5633 2478 5687 Οὐ
2521 5634 2632 5706 γάρ
2678 5633 2754 5700 ὡς
2785 5634 2942 5700 θεοὺς
2992 5633 3187 5699 αὐτοὺς
3225 5631 3605 5703 ἀσπαζόμεθα,
3644 5628 3769 5684 ἀλλά
