4034 6418
1379 402 1632 463 SERMO
1683 403 1981 464 CONTRA
2029 406 2356 468 JUDAEOS.
3379 416 3515 480 16οΞ

260 506 364 574 τὴν
396 507 632 577 στοργήν
665 507 823 578 ἡμῶν
855 509 955 578 τῆς
987 510 1201 577 φύσεως
1230 515 1329 582 τὴν
1363 515 1499 583 πρὸς
1527 516 1724 578 αὐτοὺς
1753 515 1841 567 διὰ

1945 519 2249 587 exquiritur
2277 521 2330 575 in
2359 521 2504 575 omni
2533 523 2880 591 salutatione,
2912 537 2967 581 et
2999 529 3144 581 omni
3177 529 3511 586 adoratione.

260 599 358 651 τοῦ
390 599 696 670 φιλήματος
719 601 1128 671 ὲνδεικνύμεθα.
1178 605 1266 667 Ὠς
1307 606 1438 673 γοῦν
1473 607 1731 670 πολλάκις
1762 604 1841 658 εἷ-

1948 605 2117 662 Porro
2164 611 2208 663 si
2240 626 2325 664 me
2365 627 2587 666 accusas
2614 617 2756 683 quod
2793 618 2944 686 quasi
2989 617 3274 672 Dominum
3310 622 3512 690 lignum

260 707 388 753 πον,
414 693 442 743 6
471 690 670 754 σκοπὸς
695 691 1007 758 ἐξετάζεται
1036 695 1129 746 ἐπὶ
1173 696 1374 759 παντὸς
1403 698 1718 768 ἀσπασμοῦ,
1747 697 1844 750 καὶ

1948 698 2169 753 adorem
2215 703 2412 767 crucis,
2454 721 2620 773 quare
2654 722 2763 761 non
2807 709 3154 764 calumniaris
3197 712 3384 775 Jacob,
3420 714 3514 782 qui

259 783 357 834 ἐπὶ
388 784 570 851 πάσης
621 786 1066 854 προσκυνήσεως.
1104 788 1167 840 Εἰ
1213 787 1270 840 δὲ
1303 788 1556 855 ἐγκαλεῖς
1603 805 1714 857 μοι,
1759 788 1844 840 ὅτι

1949 790 2196 846 adoravit
2226 811 2392 864 super
2441 799 2812 854 summitatem
2861 802 3025 871 virgae
3068 803 3376 872 Joscph"?

259 872 338 934 ὡς
370 871 502 924 Θεὸν
529 875 821 942 προσκυνῶ
849 875 911 926 τὸ
942 875 1097 941 ξύλον
1127 877 1220 930 τοῦ
1254 877 1511 948 σταυροῦ,
1545 879 1633 932 διά
1658 879 1710 931 τί
1739 878 1838 930 οὐκ
1876 876 2130 945 ἐγκαλεῖς
2161 885 2240 955 τῷ
2291 888 2486 942 Ἰακὼϐ
2512 893 2946 961 προσκυνήσαντι
2970 896 3061 947 ἐπὶ
3085 894 3146 947 τὸ
3191 871 3359 966 ἀκρον
3416 899 3514 967 τῆς

227 393 400 496 .1601

263 965 466 1034 ῥάϐδου
494 965 590 1017 τοῦ
626 966 823 1037 Ἰωσήφ
844 983 858 1031 ;

345 1061 507 1114 ama:
543 1061 828 1132 πρόδηλον,
857 1062 937 1114 ὅτι
967 1062 1028 1116 οὐ
1058 1063 1118 1115 1:6
1145 1062 1301 1129 ξύλον
1337 1063 1460 1118 ἰδὼν
1491 1063 1832 1135 προσεκύνη-

260 1169 372 1215 σεν,
407 1153 544 1204 ἀλλά
563 1151 651 1206 διὰ
680 1153 774 1204 τοῦ
798 1151 954 1216 ξύλου
976 1153 1066 1205 τὸν
1100 1153 1318 1224 Ἰωσὴφ,
1342 1153 1532 1224 ὥσπερ
1561 1155 1655 1206 καὶ
1673 1155 1835 1223 ἡμεῖς

257 1246 349 1297 ειά
375 1243 469 1296 τοῦ
505 1243 742 1314 σταυροῦ
779 1244 870 1295 τὸν
900 1243 1154 1312 Χριστόν.
1202 1245 1354 1296 Ἐπεὶ
1391 1245 1484 1298 καὶ
1513 1247 1625 1306 τοῖς
1650 1243 1836 1314 πωλή-

259 1353 390 1390 σασι
420 1337 511 1388 τὸν
526 1335 697 1403 τάφον
719 1333 969 1388 ἀσεϐέσιν
998 1333 1305 1404 ἀνθρώποις
1331 1338 1358 1389 6
1396 1335 1648 1405 Ἀϐραὰμ
1667 1352 1833 1405 προσ-

257 1430 513 1498 εκύνησε,
565 1427 660 1480 καὶ
707 1427 838 1495 γόνυ
872 1427 1118 1496 ἔκαμψεν
1155 1428 1247 1480 ἐπὶ
1287 1427 1382 1498 τὴν
1414 1428 1551 1496 γῆν·
1585 1428 1699 1481 ἀλλ’
1733 1428 1831 1496 οὐχ

258 1523 336 1584 ὡς
369 1521 526 1582 θεοὺς
557 1519 754 1582 αὐτοὺς
779 1518 1177 1589 προσεκύνησε.
1225 1520 1334 1572 Καὶ
1367 1519 1530 1572 πάλιν
1568 1521 1597 1573 6
1641 1519 1830 1573 Ἰακὼϐ

258 1614 349 1665 τὸν
378 1609 578 1682 Φαραὼ
610 1609 902 1680 εὐλόγησεν
925 1609 1098 1680 ἀσεϐῆ
1126 1611 1220 1662 καὶ
1258 1610 1650 1680 εἰδωλολάτρην
1675 1611 1827 1674 ὄντα,

259 1702 376 1754 ἀλλ’
409 1702 505 1772 οὐχ
543 1701 618 1765 ὡς
659 1700 792 1752 Θεὸν
830 1701 996 1759 αὐτὸν
1041 1701 1323 1770 εὐλόγησε.
1370 1703 1479 1754 Καὶ
1531 1702 1692 1755 πάλιν
1737 1703 1829 1756 τὸν

275 1794 448 1847 Ἡσαῦ
489 1793 671 1846 πεσὼν
700 1791 1124 1864 προσεκύνησεν,
1157 1792 1271 1844 ἀλλ’
1317 1792 1414 1862 οὐχ
1441 1793 1516 1856 ὡς
1546 1793 1698 1848 Θεόν.
1735 1790 1830 1847 EI-

260 1883 349 1946 δες
383 1884 582 1947 πόσους
613 1885 940 1953 ἀσπασμοὺς
982 1883 1074 1936 καὶ
1116 1885 1514 1954 προσκυνήσεις
1541 1885 1829 1949 ἀπεδείξα-

2016 1061 2122 1117 Sed
2148 1065 2493 1120 manifestum
2509 1077 2610 1134 est,
2627 1069 2750 1138 quia
2767 1085 2874 1123 non
2891 1071 3092 1141 lignum
3113 1072 3302 1126 videns
3318 1074 3513 1127 adora-

1939 1155 2037 1215 vit,
2058 1155 2150 1209 sed
2172 1172 2267 1224 per
2283 1157 2485 1227 lignum
2508 1159 2686 1229 virgae,
2716 1161 2917 1230 Joseph
2941 1179 2956 1227 ;
2981 1165 3434 1232 quemadmodum
3456 1175 3509 1220 et

1940 1259 2040 1298 nos
2075 1262 2173 1313 per
2202 1263 2444 1309 erucem,
2466 1250 2765 1306 Christum.
2796 1253 2930 1305 Nam
2957 1263 3012 1306 et
3038 1254 3230 1323 impios
3267 1255 3510 1310 homines

1940 1336 2028 1402 qui
2059 1338 2420 1393 vendiderunt
2449 1342 2780 1409 sepulcrum,
2806 1343 3078 1397 Abraham
3106 1346 3350 1398 adoravit
3387 1347 3425 1411 ί,
3454 1357 3509 1401 et

1940 1441 2080 1494 genu
2103 1431 2346 1483 curvavit
2369 1446 2532 1499 super
2553 1441 2747 1486 terram
2772 1451 2785 1496 ;
2803 1435 2894 1488 sed
2920 1451 3026 1488 non
3047 1443 3107 1488 ut
3131 1437 3259 1489 deos
3276 1452 3368 1490 eos
3387 1438 3514 1490 ado-

1940 1519 2096 1572 ravit.
2133 1519 2199 1573 Et
2237 1536 2425 1575 rursus
2453 1522 2619 1576 Jaeob
2650 1523 2915 1578 Pharaoni
2957 1526 3232 1580 benedixit
3261 1527 3425 1596 impio
3456 1537 3511 1581 et

1939 1610 2255 1676 idololatrm,
2287 1613 2378 1666 sed
2399 1629 2506 1666 non
2529 1624 2588 1668 ut
2610 1616 2719 1668 Deo
2738 1617 2807 1668 illi
2828 1617 3104 1670 benedixit
3128 1620 3165 1670 ¹.
3202 1618 3268 1671 Ει
3291 1618 3505 1680 iterum.

1938 1702 2079 1756 Esau
2117 1703 2315 1758 cadens
2344 1705 2607 1769 adoravit,
2663 1707 2756 1760 sed
2792 1723 2901 1760 non
2949 1717 3008 1761 ut
3041 1707 3209 1762 Deum
3241 1711 3280 1762 ³.
3317 1708 3508 1764 Vidisti

1936 1803 2069 1861 quot
2117 1795 2469 1850 salutationes
2518 1805 2572 1851 et
2615 1798 2960 1854 adorationes
3011 1799 3508 1854 demonstravimus

1937 1883 2034 1937 tibi
2075 1899 2143 1938 ex
2195 1884 2507 1954 Scripturis,
2535 1903 2644 1940 non
2673 1887 2936 1942 habentes
2981 1890 3509 1958 reprehensionem?

266 1976 367 2042 μέν
391 1990 474 2026 σοι
497 1973 800 2044 Γραφικάς,
832 1973 930 2026 καὶ
957 1973 1030 2045 μὴ
1055 1973 1283 2044 ἐχούσας
1309 1974 1694 2042 κατάγνωσιν;
1721 1977 1831 2030 Καὶ

1939 1974 2004 2028 Et
2027 1985 2081 2028 tu
2098 1975 2320 2043 quidem
2353 1977 2638 2047 coniugem
2672 1986 2816 2032 tuam
2851 1979 3097 2034 fortassis
3112 1981 3505 2050 etimpudicam

263 2068 330 2120 σὺ
359 2068 457 2138 μὲν
481 2067 579 2137 τὴν
608 2068 706 2137 σὴν
738 2066 985 2138 σύμϐιον,
1022 2069 1154 2130 ῐσως
1170 2069 1263 2121 καὶ
1285 2068 1520 2138 ἄσεμνον
1543 2065 1711 2122 οὖσαν
1741 2070 1837 2124 καὶ

262 2158 517 2229 ἐμπαθῆ,
551 2159 675 2212 καθ’
706 2159 942 2229 ἑκάστην
960 2158 1434 2229 ἀσπαζόμενος,ού
1459 2162 1836 2230 καταγνωστὸς

263 2248 316 2304 εἴ
336 2270 350 2284 ·
383 2253 588 2323 καίπερ
610 2251 846 2323 οὐδαμοῦ
875 2270 958 2305 σοι
1000 2251 1094 2305 τοῦ
1136 2252 1272 2305 Θεοῦ
1313 2254 1625 2323 σωματικὸν
1650 2255 1836 2308 ἀσπα-

267 2344 402 2412 σμὸν
435 2343 694 2412 γυναικὸς
723 2341 1108 2413 ἐντειλαμένου
1129 2358 1143 2372 ’
1201 2343 1303 2413 ἐμὲ
1346 2344 1404 2396 δὲ
1436 2344 1575 2396 ἐπὰν
1618 2344 1732 2416 ἴδῃς
1761 2346 1837 2398 εἰ-

263 2435 399 2487 κόνα
427 2436 522 2487 τοῦ
553 2433 809 2504 Χριστοῦ,
837 2434 869 2504 ἢ
901 2434 999 2505 τῆς
1030 2435 1373 2505 παναμώμου
1401 2436 1566 2488 αὐτοῦ
1590 2437 1833 2507 Μητρὸς,

265 2527 297 2595 ἢ
334 2525 492 2579 ἄλλου
527 2525 670 2589 τινος
695 2525 906 2578 δικαίου
930 2524 1334 2596 ἀσπαζόμενον,
1359 2528 1711 2594 ἀγανακτεῖς,
1742 2529 1836 2581 καὶ⁵

266 2616 470 2678 εὐθέως
532 2615 867 2686 βλασφημῶν
922 2617 1230 2687 ἀποπηδᾷς,
1299 2617 1393 2670 καὶ
1442 2618 1837 2691 εἰδωλολάτρας

265 2709 412 2778 ἡμᾶς
433 2708 748 2771 ἀποκαλεῖς.
769 2704 901 2760 Εἶτα
917 2707 1016 2761 οὐκ
1031 2709 1284 2779 αἰσχύνῃ,
1307 2709 1428 2761 εἰπὲ
1454 2727 1544 2780 μοι
1563 2725 1577 2774 ;
1598 2710 1658 2762 οὺ
1679 2710 1838 2782 φρίσ-

261 2816 415 2865 σεις;
455 2801 516 2853 οὐ
545 2801 809 2870 τρέμεις;
839 2801 939 2854 οὐκ
969 2802 1249 2872 ἐρυθριᾷς,
1269 2801 1411 2872 ὁρῶν
1450 2819 1518 2870 με
1549 2801 1670 2855 καθ’
1700 2802 1836 2872 ἠμέ-

267 2908 367 2960 ραν
398 2890 455 2942 ἐν
488 2890 632 2960 πάσῃ
654 2893 718 2961 τῇ
742 2892 1035 2962 οἰκουμένῃ
1071 2893 1232 2954 ναοὺς
1261 2891 1497 2945 εἰδώλων
1543 2893 1837 2948 καταλύον-

263 3002 353 3043 τα,
379 2985 474 3036 καὶ
501 2985 662 3046 ναοὺς
696 2983 986 3054 μαρτύρων
1013 2984 1435 3054 οἰκοδομοῦντα;
1469 2986 1530 3038 Εἰ
1553 2985 1618 3038 τὰ
1643 2986 1835 3040 εἴδωλα

262 3074 652 3145 προσεκύνουν,
709 3073 800 3127 διὰ
845 3075 897 3127 τί
946 3074 1132 3128 λοιπὸν
1170 3074 1314 3144 τιμῶ
1351 3076 1476 3138 τοὺς
1529 3077 1833 3148 μάρτυρας,

261 3163 390 3224 τοὺς
422 3163 491 3214 τὰ
525 3161 716 3214 εἴδωλα
745 3161 1186 3231 καταλύσαντας;
1215 3162 1368 3219 Εἰτά
1406 3164 1537 3230 ξύλα
1573 3166 1648 3229 ὡς
1679 3166 1835 3232 θεοὺς

261 3254 410 3323 τιμῶ
436 3254 529 3307 καὶ
556 3253 784 3322 δοξάζω,
805 3257 922 3321 πῶς
944 3257 1086 3327 τιμῶ
1114 3259 1206 3312 καὶ
1231 3258 1439 3325 δοξάζω
1460 3261 1588 3324 τοὺς
1621 3263 1829 3332 μάρτυ-

1936 2080 1999 2118 ac
2014 2065 2260 2118 vitiosam
2285 2079 2379 2133 per
2397 2066 2637 2136 singulos
2665 2067 2784 2122 dies
2807 2068 3060 2122 osculans
3079 2085 3186 2123 non
3204 2071 3505 2138 reprehen-

1936 2154 2100 2218 deris,
2117 2171 2241 2209 cum
2267 2166 2413 2210 certe
2439 2173 2702 2226 nusquam
2736 2157 2878 2214 Deus
2910 2161 3004 2214 tibi
3036 2163 3314 2230 corporale
3343 2177 3507 2216 oscu-

1939 2247 2051 2302 lum
2097 2249 2308 2303 mulieri
2334 2249 2530 2303 oﬂ‘erre
2546 2251 3039 2319 praeceperiLQtna
3069 2270 3198 2307 vero
3225 2271 3309 2308 me
3327 2255 3504 2308 vidisti

1938 2341 2149 2396 iconam
2212 2343 2425 2397 Domini
2483 2343 2653 2397 nostri
2705 2343 2834 2398 Jesu
2863 2343 3085 2408 Christi,
3119 2347 3203 2400 vel
3233 2347 3504 2400 immacu-

1936 2432 2057 2487 lata:
2099 2432 2283 2487 Matris
2323 2435 2464 2502 ejus,
2483 2434 2566 2488 vel
2599 2434 2822 2488 alterius
2865 2435 3169 2504 cuiuspiam
3198 2437 3331 2504 justi
3362 2438 3500 2490 salu-

1938 2535 2072 2589 tare,
2120 2527 2417 2597 indignaris
2451 2536 2505 2580 et
2537 2542 2659 2580 mox
2702 2528 3085 2596 blasphemans
3125 2529 3272 2592 salis,
3306 2539 3361 2584 et
3403 2545 3507 2584 nos

1938 2618 2246 2672 idololatras
2280 2615 2540 2687 appellas.
2588 2619 2791 2672 Deinde
2831 2635 2938 2672 non
2984 2619 3332 2673 confunderis
3370 2621 3507 2675 ?dic

1937 2710 2092 2776 mihi,
2142 2725 2250 2763 non
2287 2709 2600 2763 horrescis?
2631 2726 2738 2762 non
2771 2710 2956 2763 tremis
2998 2710 3020 2762 ?
3062 2727 3170 2764 non
3209 2712 3504 2775 erubescis,

1939 2802 2130 2857 videns
2167 2817 2255 2856 me
2285 2803 2337 2856 in
2372 2813 2486 2866 toto
2521 2813 2783 2856 terrarum
2815 2803 2945 2857 orbe
2986 2803 3182 2871 templa
3241 2804 3506 2858 idolorum

1936 2893 2235 2959 destruere,
2267 2901 2321 2947 et
2353 2894 2549 2962 templa
2592 2902 2888 2963 martyrum
2924 2893 3192 2947 aediﬁcare
3226 2893 3248 2945 ?
3285 2892 3338 2947 Si
3367 2894 3506 2948 idola

1935 2984 2238 3048 adorarent,
2299 3001 2398 3040 cur
2443 2993 2722 3054 martyres,
2786 2984 2878 3052 qui
2919 2985 3305 3038 destruxeruut
3345 2985 3503 3050 idola,

1939 3074 2194 3147 [honore]
2241 3077 2610 3130 adoraremus.
2647 3076 2702 3129 Si
2742 3076 2882 3146 ligna
2916 3085 2978 3128 ut
3016 3075 3147 3130 deos
3194 3076 3400 3130 honoro
3452 3085 3507 3128 et

1938 3169 2200 3240 gloriﬁco,
2233 3169 2506 3240 quomodo
2533 3168 2742 3224 honoro
2761 3177 2816 3223 et
2841 3167 3083 3239 gloriﬁco
3111 3177 3390 3236 martyres,
3411 3167 3504 3234 qui

1939 3265 2114 3335 lignea
2158 3263 2444 3318 simulacra
2489 3262 2877 3316 destruxerunt
2913 3259 3008 3313 ?Si
3041 3260 3242 3328 lapides
3269 3268 3326 3311 ut
3375 3259 3506 3311 deos

266 3365 389 3418 ρας,
443 3350 570 3412 τοὺς
600 3350 668 3402 τά
715 3350 902 3414 ξύλινα
959 3351 1124 3416 ξόανα
1172 3352 1576 3422 καταλύοντας;
1617 3357 1676 3408 Εἰ
1707 3357 1833 3418 τοὺς

1940 3328 2199 3425 glorifico.
2259 3353 2529 3421 quomodo
2571 3351 2781 3406 honoro
2820 3363 2875 3405 et
2926 3350 3094 3404 adoro
3149 3358 3413 3418 martyres
3451 3357 3506 3402 et.

265 3443 449 3505 λίθους
477 3444 551 3506 ὼς
577 3444 732 3507 Θεοὺς
759 3443 988 3510 δοξάζω,
1040 3446 1161 3511 πῶς
1207 3448 1353 3518 τιμῶ
1397 3449 1492 3501 καὶ
1542 3450 1834 3518 προσκυνῶ

263 3535 393 3597 τοὺς
425 3533 709 3606 μάρτυρας
743 3538 837 3588 καὶ
866 3537 1219 3601 ἀποστόλους,
1266 3541 1394 3602 τοὺς
1431 3541 1835 3612 συντρίψαντας

266 3628 361 3678 καὶ
413 3627 789 3691 ἀπολέσαντας
826 3631 895 3682 τὰ
931 3629 1105 3682 λίθινα
1150 3629 1351 3696 ςώδιας
1381 3632 1506 3697 Πῶς
1535 3634 1701 3704 τιμῶ,
1741 3636 1834 3689 καὶ

269 3717 500 3780 ἐπαινῶ,
541 3717 634 3769 καὶ
660 3718 820 3779 ναοὺς
849 3718 1068 3786 ἑγείρω,
1093 3713 1190 3772 καὶ
1218 3719 1410 3790 ἑορτὰς
1459 3719 1692 3776 ὲπιτελῶ
1722 3725 1835 3786 τοῖς

267 3807 418 3878 τρισὶ
444 3807 621 3873 παισὶ,
650 3809 763 3871 τοίς
789 3810 845 3862 ὲν
876 3808 1156 3862 Βαϐυλῶνι
1178 3812 1243 3880 τῇ
1276 3813 1453 3881 χρυσῇ
1487 3811 1561 3885 μὴ
1599 3829 1837 3884 προσκυ-

267 3899 502 3970 νήσασιν
516 3914 531 3963 ;

345 3991 552 4053 Ὄντως
588 3989 755 4060 πολλὴ
813 3989 921 4044 τῶν
959 3990 1178 4061 ἀνόμων
1217 3994 1250 4064 ἡ
1299 3992 1583 4065 πώρωσις,
1621 3994 1838 4066 ἀληθῶς

272 4082 444 4152 πολλὴ
492 4081 600 4134 τῶν
642 4081 908 4136 Ἰουδαίων
964 4085 996 4152 ἡ
1048 4083 1356 4152 τύφλωσις,
1405 4085 1576 4155 πολλὴ
1623 4089 1656 4155 ή
1707 4086 1838 4140 ἀσέ-

273 4171 415 4224 ϐεια.
462 4169 753 4223 Ἀδικετται
799 4169 890 4222 ὑπ’
920 4169 1098 4222 αὐτῶν
1142 4173 1176 4242 ἡ
1216 4171 1466 4242 ἀλήθεια.
1513 4170 1645 4235 Θεὸς
1687 4171 1839 4243 ὑϐρί-

273 4261 423 4326 ζεται
463 4260 568 4314 ὑπὸ
600 4261 850 4330 γλώσσης
887 4262 1202 4332 ἀχαρίστων
1253 4264 1544 4318 Ἰουδαίων.
1605 4265 1701 4318 Ἐκ
1729 4265 1838 4318 λει-

270 4353 458 4421 ψάνων
510 4351 770 4413 πολλάκις
833 4351 1129 4424 μαρτύρων
1150 4353 1244 4407 καὶ
1277 4355 1499 4408 εἰκόνων
1527 4353 1838 4409 ἐλαύνονται

273 4447 528 4517 δαίμονες
547 4462 561 4477 ⁸
591 4444 881 4498 καὶταῦτα
914 4445 1282 4516 ὲνυϐρίζοντες
1323 4446 1596 4517 ἄνθρωποι
1650 4449 1840 4516 μιαροὶ

277 4536 684 4607 διαστρέφουσι,
722 4535 817 4589 καὶ
864 4533 1230 4599 διαπαίζουσι,
1263 4537 1358 4588 καὶ
1398 4537 1704 4603 διαγελῶσι.
1738 4537 1845 4590 Πό-

279 4645 391 4691 σαι,
414 4627 534 4680 εἰπέ
568 4644 676 4696 μοι,
703 4627 1067 4690 ὲπισκιάσεις,
1097 4627 1260 4680 πόσαι
1282 4625 1622 4689 ἀναϐλύσεις,
1648 4625 1842 4680 πολλά-

273 4737 361 4783 κις
385 4719 441 4772 δὲ
468 4719 559 4772 καὶ
593 4718 842 4786 αἱμάτων
875 4716 1061 4787 ῥύσεις
1099 4717 1158 4781 ἐξ
1180 4717 1406 4771 εἰκόνων
1432 4718 1528 4771 καὶ
1574 4717 1840 4786 λειψάνων

281 4814 573 4884 μαρτύρων
631 4813 926 4880 γεγόνασι;
971 4812 1081 4865 Καὶ
1121 4812 1172 4865 οἰ
1221 4811 1469 4869 ἀσύνετοι
1520 4814 1586 4882 τῇ
1642 4811 1839 4881 καρδίᾳ

277 4903 511 4974 δρῶντες
532 4904 593 4956 ού
625 4904 928 4968 πείθονται,
952 4904 1086 4959 ἀλλά
1113 4903 1316 4973 μύθους
1341 4903 1514 4956 ταῦτα
1532 4905 1625 4956 καὶ
1643 4903 1840 4973 λήρους

278 4994 580 5063 λογίζονται
601 5012 614 5026 ’
670 4994 902 5064 ὁρῶντες
940 4994 1110 5056 οὕτως
1133 4994 1193 5046 τὸ
1219 4992 1341 5046 καθ’
1368 4993 1580 5062 ἡμέραν
1605 4995 1662 5045 ὲν
1689 4993 1837 5064 πάσῃ

276 5088 342 5156 τῇ
366 5085 661 5156 οἰκουμένῃ
685 5085 868 5154 σχεδὸν
886 5084 1084 5155 ἄνδρας
1109 5083 1325 5146 ἀσεϐεῖς
1345 5083 1439 5135 καὶ
1471 5084 1839 5153 παρανόμους,

278 5175 687 5246 εἰδωλολάτρας,
720 5177 814 5229 καὶ
843 5178 1047 5244 φονεῖς,
1073 5174 1331 5245 πόρνους,
1361 5173 1452 5226 καὶ
1474 5173 1674 5245 λῃστὰς
1695 5174 1842 5239 ἐξαί-

279 5285 419 5337 φνης
451 5267 541 5321 διὰ
576 5269 667 5320 τὸν
690 5267 925 5336 Χριστὸν
967 5267 1060 5320 καὶ
1095 5265 1186 5321 τὸν
1230 5266 1458 5335 σταυρὸν
1483 5266 1648 5319 αὐτοῦ
1678 5285 1844 5321 κατα-

277 5359 660 5429 νυσσομένους,
693 5359 789 5412 καὶ
839 5359 1044 5427 κόσμου
1106 5359 1308 5421 παντὸς
1346 5359 1843 5428 ἀποτασσομένους,

278 5449 376 5502 καὶ
436 5449 617 5502 πᾶσαν
680 5447 884 5517 ἀρετὴν
930 5447 1355 5518 ἐργαζομένους.
1397 5447 1532 5500 Εἰπέ
1567 5465 1678 5518 μοι,
1728 5450 1846 5512 πῶς

279 5540 446 5608 ἔσμεν
465 5537 870 5607 εἰδωλολάτραι,
904 5538 952 5589 οἰ
986 5538 1082 5591 καὶ
1120 5538 1261 5591 αύτά
1311 5537 1382 5589 τά
1428 5537 1593 5603 ὀστᾶ,
1624 5539 1716 5591 καὶ
1748 5539 1846 5608 τὴν

1934 3445 2225 3515 apostolos,
2275 3445 2365 3513 qui
2408 3443 2785 3498 eontriverunt
2833 3452 2887 3496 et
2925 3441 3278 3510 perdiderunt
3326 3440 3503 3510 lignea

1934 3537 2084 3607 signa
2109 3536 2423 3605 ?quomodo
2460 3536 2671 3589 honoro
2705 3543 2758 3588 et
2786 3534 2964 3596 laudo,
2999 3542 3054 3587 et
3086 3531 3284 3601 templa
3329 3531 3502 3601 erigo,

1933 3637 1990 3680 et
2013 3626 2356 3680 festivitatem
2383 3626 2598 3683 celebro
2626 3624 2802 3679 tribus
2835 3623 3038 3693 pueris,
3084 3622 3176 3691 qui
3225 3621 3278 3676 in
3333 3621 3505 3692 Baby-

1935 3714 2058 3771 lone
2089 3716 2375 3787 imaginem
2399 3730 2620 3770 auream
2651 3729 2760 3768 non
2793 3712 3159 3776 adqraverunt
3188 3709 3210 3741 δ
3238 3710 3261 3762 ?

2006 3983 2164 4037 Certe
2195 3981 2363 4036 multa
2401 3988 2483 4036 est
2513 3979 2822 4048 iniquorum
2852 3975 3156 4039 obduratio,
3184 3989 3310 4027 vere
3341 3973 3504 4027 multa

1935 4085 2022 4130 est
2051 4075 2360 4128 Iudaeorum
2417 4073 2654 4133 caecitas,
2707 4070 2874 4123 multa
2925 4069 3193 4138 impietas.
3251 4066 3505 4136 Iniuriam

1934 4165 2143 4236 patitur
2167 4164 2234 4217 ab
2256 4163 2337 4217 eis
2365 4162 2568 4216 veritas
2597 4179 2610 4214 :
2645 4160 2788 4213 Deus
2821 4158 3184 4212 contumelias
3210 4156 3445 4210 sustinet
3473 4171 3504 4208 a

1939 4261 2118 4329 lingua
2150 4251 2828 4326 ingratorumJudaaorum.
2863 4247 2968 4302 Per
3009 4248 3263 4316 reliquias
3303 4257 3504 4317 marty-

1941 4368 2060 4406 rum
2103 4359 2157 4405 et
2195 4347 2457 4416 imagines
2496 4343 2808 4399 multotiens
2857 4342 3164 4410 eﬂ‘ugantur
3198 4340 3459 4393 dzrmonia
3490 4357 3504 4392 :

1939 4453 1995 4498 et
2017 4444 2131 4497 haac
2158 4439 2373 4509 injuriis
2405 4443 2727 4506 appetentes
2759 4432 3008 4504 homines
3025 4429 3249 4492 sordidi,
3279 4430 3508 4484 subver-

1941 4543 2062 4590 tunt
2087 4542 2141 4587 et
2171 4531 2402 4585 illudunt
2431 4537 2594 4596 atque
2619 4525 2887 4580 derident.
2917 4521 3082 4589 Quot,
3101 4523 3186 4576 die
3208 4521 3362 4585 mihi,
3389 4521 3512 4574 visi-

1945 4626 2174 4682 tationes
2229 4620 2341 4693 [Gn
2373 4614 2860 4686 obumbrau'onesJ
2883 4615 3279 4677 emanationes,
3322 4612 3417 4666 sed
3451 4619 3507 4665 et

1947 4717 2260 4785 frequenter
2288 4711 2608 4781 sanguinum
2644 4708 2842 4762 liuores
2870 4722 2934 4760 ex
2970 4705 3141 4760 ieonis
3182 4713 3236 4758 et
3265 4703 3508 4772 reliquiis

1947 4819 2242 4880 martyrum
2267 4807 2392 4860 facti
2423 4812 2550 4858 sunt
2564 4804 2587 4856 ?
2600 4812 2654 4857 et
2670 4800 2933 4857 insensati
2949 4799 3111 4853 corde
3137 4796 3382 4850 videntes
3395 4811 3505 4848 non

1945 4902 2195 4965 credunt,
2220 4898 2314 4954 sed
2341 4896 2548 4951 fabulas
2570 4909 2633 4948 ac
2650 4893 3003 4947 deliramenta
3034 4890 3148 4943 hwc
3163 4887 3506 4949 existimant;

1944 4993 2192 5048 videntes
2229 4989 2408 5043 taliter
2435 5003 2534 5060 per
2555 4986 2792 5055 singulos
2818 4983 2934 5038 dies
2956 4981 3009 5035 in
3037 4988 3148 5035 toto
3179 4995 3314 5049 pene
3334 4990 3505 5032 terra—

1946 5100 2068 5138 rum
2098 5083 2230 5136 orbe
2259 5082 2406 5136 viros
2440 5079 2637 5148 impios
2670 5086 2726 5132 et
2754 5076 2990 5143 iniquos,
3033 5073 3296 5128 idolorum
3329 5071 3509 5125 culto-

1947 5191 2034 5229 res
2061 5184 2117 5228 et
2148 5171 2466 5235 homicidas,
2487 5177 2543 5224 et
2571 5168 2946 5230 fornicatores,
2978 5175 3033 5220 et
3059 5165 3297 5219 latrones
3327 5162 3511 5216 subito

1946 5281 2045 5335 per
2065 5263 2340 5318 Christum
2365 5270 2420 5316 et
2449 5275 2664 5315 crucem
2687 5259 2807 5328 ejus
2837 5255 3151 5325 compungi,
3182 5263 3237 5308 et
3264 5252 3330 5306 ad
3363 5249 3514 5320 agni-

1948 5357 2153 5412 tionem
2182 5351 2434 5410 veritatis
2461 5352 2668 5414 venire,
2712 5359 2768 5405 et
2805 5349 3006 5404 mundo
3035 5347 3128 5400 toti
3168 5341 3508 5403 renunciare,

1942 5460 2103 5518 atque
2133 5460 2352 5501 onmem
2385 5444 2600 5514 operari
2631 5444 2907 5498 virtutem.
2937 5439 3030 5491 Dic
3050 5435 3206 5497 mihi,
3238 5431 3512 5503 quomodo

1944 5554 2133 5595 sumus
2163 5537 2480 5598 idololatraa,
2513 5535 2604 5604 qui
2647 5540 2703 5588 et
2734 5533 2849 5602 ipsa
2877 5543 3032 5589 0853..
3057 5536 3112 5579 et
3150 5524 3410 5593 cinerem.
3454 5531 3510 5574 et

279 5629 447 5697 κόνιν,
471 5631 566 5683 καὶ
591 5631 656 5684 τὰ
690 5630 854 5700 ῥάκη,
888 5629 1061 5683 καὶτὸ
1084 5625 1246 5700 αἷμα,
1281 5630 1375 5682 καὶ
1399 5629 1496 5700 τὴν
1541 5631 1698 5700 σορὸν
1740 5631 1848 5685 τῶν

1945 5648 2178 5704 pannos,
2241 5640 2297 5685 et
2346 5627 2686 5699 sanguinem,
2744 5633 2799 5678 et
2866 5621 3132 5676 tumulum
3215 5625 3511 5687 martyrum

347 5809 394 5838 "
445 5805 606 5864 llebr.
634 5823 707 5874 si,
738 5807 828 5863 2|.

905 5807 920 5837 ¹
951 5804 1087 5862 Gen.
1119 5819 1272 5873 nm,
1298 5807 1348 5859 7.
1425 5808 1444 5838 ³
1467 5806 1600 5862 Gen.
1656 5823 1818 5874 ιιινιι,
1867 5807 1922 5861 7.
1997 5807 2016 5838 ³
2043 5807 2180 5864 Cen.
2213 5821 2399 5870 xxxiii,
2440 5805 2491 5856 5.

2569 5806 2589 5831 ³
2609 5800 2740 5853 Dan.
2765 5814 2843 5865 ιιι,
2868 5812 3017 5866 seqq.
