4058 6398
561 390 698 452 1603

1551 383 1857 447 LEONTII
1893 376 2408 442 NEAPULITANI
2469 372 2807 434 EPISCOPI

3679 366 3795 430 1604

558 506 678 558 ideo
697 505 986 560 adoramus
1018 504 1441 566 cthonoramus,
1475 504 1599 572 quia
1626 503 1783 556 idolis
1811 514 1918 554 non
1951 497 2123 554 sacri-

2234 488 2527 563 μαρτύρων
2555 483 2991 558 προσκυνοῦντες
3044 486 3140 540 καὶ
3178 485 3474 556 τιμῶντες,
3508 485 3605 541 διὰ
3647 484 3706 536 τὸ
3731 486 3797 554 μὴ

558 600 788 651 ﬁcarunt
819 598 843 650 ?

624 688 844 744 Judmus
866 689 1004 743 dixit
1031 707 1043 742 :
1070 686 1135 742 Et
1161 687 1434 757 quomodo
1474 702 1570 756 per
1600 693 1764 739 totam
1787 683 2125 752 Scripturam

557 781 804 852 praecipit
847 781 989 835 Deus
1031 796 1140 835 non
1205 779 1418 833 adorari
1477 792 1692 832 omnem
1770 770 2128 829 creaturam?

557 871 901 926 Christianus
920 870 1056 924 dixit
1092 889 1104 924 :
1145 870 1240 923 Dic
1262 869 1419 931 mihi,
1451 877 1594 921 terra
1625 875 1678 920 et
1713 873 1944 926 montes,
1977 876 2130 914 crea-

560 973 694 1018 tura:
737 963 832 1016 Dei
856 963 1028 1016 sunt?
1057 961 1147 1031 qui
1169 962 1244 1014 ait
1271 979 1282 1014 :
1313 960 1526 1029 Utique.
1562 956 1904 1012 Christianus
1949 951 2082 1006 dixit
2112 966 2125 1003 :

558 1053 842 1119 Quomodo
862 1068 989 1123 ergo
1013 1052 1172 1106 docet
1202 1049 1452 1119 inquiens
1476 1065 1489 1101 :
1521 1067 1538 1098 ι
1575 1046 1815 1101 Exaitate
1839 1042 2130 1096 Dominum

559 1147 729 1201 Deum
756 1155 1024 1210 nostrum,
1066 1155 1124 1199 et
1155 1145 1378 1198 adorate
1413 1141 1706 1196 scabellum
1750 1139 1948 1209 pedum
1988 1137 2129 1205 eius,

510 1305 519 1314 _
558 1239 813 1309 quoniam
837 1246 1082 1293 sanetum
1101 1238 1216 1290 estl
1234 1237 1256 1287 ?
1277 1254 1294 1285 ι
1319 1235 1384 1289 Et
1408 1235 1600 1287 iterum
1633 1233 1747 1300 ipse
1773 1230 1942 1285 dixit:
1967 1247 1985 1279 ι
2005 1229 2131 1282 (Σαξ-

559 1330 667 1382 lum
703 1328 837 1381 mihi
867 1328 1024 1381 sedes
1068 1335 1169 1388 est,
1208 1335 1348 1379 terra
1384 1333 1562 1377 autem
1606 1321 1897 1377 scabellum
1934 1319 2131 1388 pedum

559 1436 806 1475 meorum
843 1422 866 1452 ⁶
895 1421 917 1472 ?
951 1439 968 1470 ι
1004 1420 1223 1474 Iudaeus
1257 1419 1392 1473 dixit
1422 1437 1435 1473 :
1464 1418 1572 1472 Sed
1615 1433 1722 1471 non
1761 1425 1819 1469 ut
1852 1414 2002 1475 deos,
2037 1414 2132 1467 sed

561 1527 658 1580 per
682 1512 798 1566 hac
825 1526 949 1566 eum
987 1512 1079 1580 qui
1111 1511 1260 1575 fecit,
1306 1510 1519 1564 adoras.
1564 1507 1908 1562 Christianus
1949 1506 2085 1560 dixit
2117 1523 2131 1557 :

560 1599 763 1654 Fidelis
793 1616 974 1655 sermo
1012 1619 1024 1653 :
1051 1616 1180 1672 ergo
1204 1601 1360 1664 scito,
1384 1600 1525 1669 quod
1564 1609 1619 1653 et
1646 1615 1746 1667 ego
1781 1615 1877 1668 per
1912 1598 2134 1658 uelum,

560 1702 616 1745 et
641 1701 864 1755 terram,
894 1701 949 1747 et
981 1709 1148 1757 mare,
1177 1701 1234 1746 et
1264 1693 1428 1762 ligna,
1461 1701 1517 1746 et
1551 1691 1776 1760 lapides,
1812 1699 1867 1743 et
1905 1690 2132 1757 lipsana,

561 1793 618 1837 ct
647 1785 871 1853 templa,
905 1794 960 1838 et
999 1800 1237 1847 crucem,
1269 1793 1323 1837 et
1364 1800 1461 1853 per
1507 1784 1743 1853 angelos,
1780 1791 1834 1836 et
1863 1783 2132 1842 homines,

561 1882 725 1942 atque
757 1889 850 1942 per
878 1889 1095 1928 omnem
1150 1883 1455 1927 creaturam
1496 1874 1760 1927 visibilem
1791 1881 1843 1925 et
1884 1872 2131 1926 invisibi-

563 1965 691 2026 lem,
718 1965 815 2017 soli
871 1974 1192 2018 cunctorum
1226 1963 1513 2025 conditori,
1542 1961 1867 2017 dominatori
1901 1970 1955 2014 et
1977 1976 2131 2014 eri-a-

564 2055 665 2108 tori
687 2054 1058 2108 adorationem
1089 2063 1144 2108 et
1172 2055 1434 2107 culturam
1453 2051 1642 2106 oﬁ‘ero.
1668 2052 1788 2106 Non
1819 2052 1963 2106 enim
1981 2067 2134 2105 erea-

564 2153 684 2197 tura
723 2159 820 2213 per
847 2144 1079 2214 seipsam
1105 2143 1367 2198 factorem
1403 2143 1617 2207 adorat,
1641 2144 1737 2198 sed
1769 2159 1864 2214 per
1885 2159 1972 2197 me
2007 2143 2131 2197 ειεΙί

563 2243 824 2289 enarrant
859 2235 1081 2306 gloriam
1112 2234 1232 2302 Dei,
1263 2245 1318 2288 et
1341 2250 1439 2304 per
1466 2249 1555 2288 me
1578 2234 1971 2290 adoratDeuml
1997 2252 2127 2300 una,

563 2334 620 2378 et
653 2340 750 2394 per
769 2341 856 2378 me
882 2323 1183 2395 gloriﬁcant
1210 2324 1380 2379 Deum
1404 2323 1596 2389 stellae,
1635 2332 1689 2378 et
1707 2339 1804 2393 per
1833 2340 1918 2378 me
1952 2342 2128 2394 aquae,

565 2416 788 2482 imbres,
824 2431 996 2480 rores,
1035 2424 1092 2470 et
1120 2418 1300 2470 omnis
1325 2427 1573 2472 creatura
1617 2430 1713 2486 per
1741 2431 1826 2471 me
1851 2417 2043 2472 adorat
2077 2426 2132 2472 et

563 2505 696 2576 glori
706 2506 827 2560 ﬁcat
854 2505 1024 2560 Deum
1055 2507 1097 2565 ⁷.

636 2786 702 2840 Ει
735 2787 1193 2857 quemadmodum
1223 2787 1363 2858 regis
1393 2788 1674 2858 cujusdam
1729 2786 1951 2858 benigni
1979 2827 1994 2850 ,
2038 2785 2131 2856 qui

564 2895 822 2933 coronam
858 2879 1061 2934 variam
1114 2889 1170 2934 et
1215 2880 1507 2949 pretiosam
1559 2879 1664 2934 sibi
1717 2878 1934 2948 propria
1967 2893 2132 2932 manu

565 2971 822 3040 paravit,
853 2987 1046 3027 omnes
1099 2973 1193 3042 qui
1233 2987 1487 3043 germane
1524 2972 1806 3027 adhaerent
1844 2971 1990 3043 regi,
2041 2987 2134 3025 sa-

567 3062 744 3116 lutant
783 3077 1041 3116 coronam
1071 3069 1125 3116 et
1155 3062 1462 3116 honorant:
1511 3077 1622 3115 non
1657 3077 1849 3115 aurum
1879 3070 1936 3115 et
1985 3075 2133 3115 mar-

2227 583 2387 636 θῦσαι
2418 582 2616 643 αὐτοὺς
2645 583 2758 642 τοῖς
2783 579 3023 640 εἰδώλοις
3049 596 3063 641 ;

2311 673 2367 725 '0
2415 671 2667 733 Ἰουδαῖος
2699 670 2834 741 ἔφη·
2866 670 2977 724 Καὶ
2999 669 3117 732 πῶς
3139 670 3230 722 διὰ
3257 671 3439 741 πάσης
3461 670 3565 738 τῆς
3595 671 3801 739 Γραφῇ

2231 763 2602 834 παραγγέλλει
2632 763 2660 813 ὁ
2681 761 2815 824 Θεὸς
2848 764 2924 832 μὴ
2954 763 3335 831 προσκυνῆσαι
3387 762 3554 815 παντὶ
3585 764 3803 831 κτίσμαο

2227 871 2316 919 τι;
2367 855 2424 906 '0
2461 853 2786 922 Χριστιανὸς
2810 853 2915 922 ἔφη
2935 873 2949 884 ·
2976 853 3115 907 Εἰπέ
3148 871 3259 923 μοι,
3301 855 3334 923 ἡ
3365 853 3437 921 γῆ
3470 853 3568 905 καὶ
3597 853 3662 904 τά
3691 855 3802 923 όρη,

2229 943 2504 1012 κτίσματά
2528 944 2632 994 εἰσι
2661 940 2756 993 τοῦ
2793 940 2966 1005 Θεοῦ;
3022 940 3084 994 '0
3113 941 3168 993 δὲ
3200 943 3336 1010 ἒςρηο
3377 961 3394 992 ι
3446 943 3719 1010 Δηλονότι.
3751 943 3802 994 ὐ

2231 1033 2554 1104 Χριστιανός
2578 1049 2593 1062 ο
2631 1033 2753 1094 Πῶς
2775 1028 2869 1085 οὖν
2901 1032 3181 1086 διδάσκει·
3226 1032 3470 1101 ’Υψοῦτε
3499 1032 3701 1102 Κύριον
3724 1034 3802 1085 τὸν

2232 1125 2364 1177 Θεὸν
2387 1125 2546 1195 ἡμῶν
2588 1125 2682 1178 καὶ
2712 1128 3067 1197 προσκυνεῖτε
3095 1123 3173 1192 τῷ
3209 1124 3491 1192 ὑποποδίῳ
3513 1123 3624 1176 τῶν
3641 1125 3801 1176 ποδῶν

2233 1216 2512 1280 αὐτοῦ,ὄτι
2540 1216 2696 1284 ἅγιός
2720 1218 2860 1270 ἐστι.
2909 1217 3020 1270 Καὶ
3043 1220 3399 1287 προσκυνεῖτε
3421 1219 3503 1278 εἰς
3520 1215 3643 1286 ὅρος
3660 1216 3800 1282 ἅγιον

2235 1306 2438 1370 αὐτοῦς
2478 1325 2495 1358 ι
2532 1308 2640 1360 Καὶ
2688 1308 2851 1360 πάλιν
2871 1307 3033 1370 αὐτός
3075 1324 3269 1376 φησιν’
3315 1325 3334 1358 ι
3379 1307 3436 1359 '0
3467 1307 3695 1376 οὐρανός
3720 1324 3799 1374 μοι

2235 1397 2568 1468 θρόνος,ἠδὲ
2590 1398 2660 1468 γῆ
2691 1398 2980 1451 ὑποπόδιον
3004 1398 3113 1450 τῶν
3145 1398 3325 1451 ποδῶν
3360 1416 3485 1468 μου.
3527 1417 3545 1448 ι
3593 1397 3651 1449 ὐ
3680 1399 3798 1450 ’1ου-

2234 1489 2378 1552 δαῖος
2401 1490 2535 1559 ἔφη·
2574 1488 2712 1542 Ἀλλ’
2763 1489 2862 1558 οὐχ
2904 1489 2980 1552 ὡς
3025 1489 3201 1553 θεοὺς,
3231 1489 3367 1543 άλλά
3396 1489 3465 1541 δι’
3497 1488 3662 1540 αὐτὸν
3696 1487 3798 1558 [δι’-

2236 1581 2412 1634 αῦτῶν
2444 1580 2531 1652 L.]
2562 1582 2650 1634 τὸν
2674 1582 2982 1652 ποιήσαντα
3001 1585 3350 1653 προσκυνεῖς.
3388 1582 3448 1634 '0
3487 1581 3800 1653 Χριστιανὸς

2236 1671 2338 1743 ἔφη
2361 1688 2374 1701 °
2413 1671 2657 1736 Πιστὸςό
2689 1672 2866 1740 λόγος.
2926 1673 3136 1727 Οὐκοῦν
3191 1673 3380 1741 γνῶθι,
3433 1673 3520 1726 ὃτι
3559 1673 3713 1740 κάγὼ
3739 1673 3798 1725 δι’

2235 1764 2488 1836 οὐρανοῦ,
2513 1766 2606 1817 καὶ
2641 1765 2765 1835 γῆς,
2785 1766 2881 1819 καὶ
2914 1765 3214 1836 θαλάσσης,
3241 1764 3338 1817 καὶ
3365 1765 3559 1829 ξύλων,
3604 1768 3694 1818 καὶ
3725 1766 3797 1817 λί-

2237 1860 2365 1924 θων,
2399 1859 2493 1912 καὶ
2519 1858 2806 1926 λειψάνων,
2839 1856 2934 1909 καί.
2961 1856 3127 1920 ναῶν,
3177 1857 3273 1908 καί
3303 1855 3565 1925 σταυροῦ,
3600 1856 3691 1908 καὶ
3739 1857 3799 1909 δι’

2229 1951 2502 2020 ἀγγέλων,
2563 1949 2658 2003 καὶ
2700 1947 3002 2018 ἀνθρώπων
3028 1989 3043 2013 ,
3073 1946 3168 2000 καὶ
3221 1946 3310 2000 διά
3349 1947 3536 2015 πάσης
3583 1947 3798 2006 κτίσεως

2228 2043 2433 2116 ὁρατῆς
2460 2059 2520 2095 τε
2553 2042 2650 2096 καὶ
2687 2041 2943 2111 ἀοράτου,
2977 2038 3057 2108 τῷ
3087 2039 3304 2091 πάντων
3338 2038 3676 2108 Δημιουργῷ
3715 2041 3800 2090 καὶ

2229 2134 2480 2208 Δεσπότῃ
2520 2134 2614 2187 καὶ
2662 2133 2867 2202 Ποιητῇ
2902 2131 3050 2202 μόνῳ
3077 2129 3177 2202 τὴν
3212 2131 3591 2203 προσκύνησιν
3632 2131 3722 2183 καὶ
3746 2131 3801 2182 τὸ

2234 2225 2400 2290 σέϐας
2428 2224 2710 2297 προσάγω.
2740 2223 2812 2277 Οὐ
2845 2223 2953 2293 γὰρ
2984 2221 3052 2274 δι’
3086 2222 3286 2291 ἑαυτῆς
3320 2221 3548 2291 ἀμέσως
3575 2223 3608 2291 ἡ
3639 2221 3801 2283 κτίσις

2231 2317 2310 2388 τῷ
2344 2319 2548 2388 Ποιητῇ
2585 2317 2907 2388 προσκυνεῖ,
2935 2314 3072 2368 ἀλλὰ
3111 2314 3178 2367 δι’
3211 2314 3344 2384 ἐμοῦ
3369 2315 3420 2366 οἰ
3453 2314 3679 2385 οὐρανοί
3727 2314 3802 2366 διο

2233 2395 2487 2481 ηγοῦνται
2511 2410 2667 2473 δόξαν
2689 2408 2848 2472 Θεοῦ,
2873 2408 2938 2461 δι’
2963 2406 3097 2477 ὲμοῦ
3121 2409 3421 2478 προσκυνεί
3449 2406 3584 2459 Θεὸν
3607 2408 3640 2474 ἡ
3657 2404 3804 2473 σελή-

2233 2522 2322 2575 νη,
2362 2503 2429 2556 δι’
2459 2503 2594 2574 ἐμοῦ
2619 2501 2833 2568 δοξάζει
2859 2498 2991 2553 Θεὸν
3021 2500 3088 2552 τὰ
3127 2499 3323 2570 ἄστρα,
3347 2499 3415 2552 δι’
3447 2499 3585 2568 ἐμοῦ
3623 2498 3798 2562 ῦδατα,

2233 2594 2450 2666 ῦμϐροι.
2479 2594 2686 2668 δρόσοι.
2717 2594 2813 2646 καὶ
2837 2594 2988 2646 πᾶσα
3013 2592 3213 2656 κτίσις,
3235 2591 3303 2644 δι’
3335 2590 3475 2661 ἐμοῦ
3515 2591 3802 2644 ποοσκυνεί

2233 2689 2327 2739 καὶ
2357 2685 2570 2751 δοξάζει
2608 2687 2764 2740 Θεόν.

2305 2779 2412 2831 Καὶ
2441 2777 2632 2850 ῶσπερ
2676 2776 2942 2849 βασιλέως
2966 2774 3112 2838 τινος
3153 2773 3359 2842 ἀγαθοῦ
3401 2773 3667 2841 στέφανον
3695 2789 3800 2826 ποι·

2235 2871 2382 2925 κίλον
2405 2870 2499 2923 καὶ
2523 2872 2821 2940 πολύτιμον
2840 2866 3017 2938 ἑαυτῷ
3046 2867 3345 2937 ἰδιοχείρως
3368 2868 3799 2920 κατασκευάσαν-

2233 2981 2344 3028 τος,
2371 2963 2570 3025 πάντες
2615 2962 2666 3014 οἰ
2725 2960 2964 3031 γνησίως
3022 2959 3411 3030 προσκείμενοι
3466 2957 3547 3025 τῷ
3586 2958 3800 3027 βασιλεῖ,

2234 3055 2572 3120 ἀσπάζονται
2600 3055 2696 3107 καὶ
2719 3052 2919 3124 τιμῶσι
2953 3051 3043 3105 τὸν
3077 3050 3340 3119 στέφανον
3358 3065 3374 3081 ⁸
3398 3051 3461 3103 οῦ
3495 3050 3589 3102 τὸν
3617 3048 3800 3119 χρυσὸν

567 3153 795 3223 garitam
839 3153 1174 3208 honorantes
1202 3195 1216 3220 ,
1247 3153 1344 3208 sed
1373 3153 1634 3208 verticem
1671 3153 1815 3224 regis
1855 3152 2131 3206 honoran-

2238 3150 2382 3220 ἢτὺν
2412 3145 2756 3220 μαργαρίτην
2803 3145 3092 3216 τιμῶντες,
3135 3143 3270 3198 ἀλλὰ
3317 3143 3418 3215 τὴν
3447 3144 3692 3212 κορυφὴν
3717 3141 3800 3194 τοῦ

567 3254 652 3298 tes
687 3252 743 3297 et
769 3243 1206 3313 sapientissimas
1239 3259 1435 3298 manus
1498 3243 1617 3312 ejus
1646 3286 1661 3310 ,
1694 3259 1816 3314 qua:
1873 3259 2131 3298 coronam

2240 3240 2502 3310 βασιλέως
2532 3238 2741 3292 ἐκείνου
2771 3238 3060 3308 τιμῶντες,
3096 3236 3192 3288 καὶ
3219 3235 3321 3299 τὰς
3351 3237 3665 3304 πανσόφους
3714 3233 3801 3288 αὐ-

567 3344 922 3401 struxerunt,
963 3338 1041 3392 sic
1065 3381 1078 3402 ,
1131 3353 1165 3391 ο
1202 3338 1368 3392 homo
1397 3377 1413 3403 ,
1452 3337 1889 3394 Christianorum
1950 3337 2131 3407 populi

2235 3333 2328 3385 τοῦ
2347 3335 2532 3403 χεῖρας
2549 3332 2648 3395 τὰς
2665 3331 2757 3385 τὸν
2776 3330 3038 3398 στέφανον
3060 3329 3550 3390 κατασκευασάσας
3573 3343 3588 3355 ⁶
3617 3327 3799 3389 οὕτως,

565 3433 829 3492 quotquot
891 3423 1088 3494 ﬁguras
1134 3424 1315 3478 crucis
1367 3433 1423 3478 et
1497 3425 1782 3478 iconarum
1855 3423 2131 3486 salutant,

2237 3419 2282 3478 ὦ
2336 3423 2609 3495 ἄνθρωπε,
2663 3424 2711 3476 οἰ
2743 3419 3087 3492 Χριστιανῶν
3130 3420 3248 3472 λαοὶ
3279 3419 3438 3482 ὅσους
3469 3420 3566 3472 ἐὰν
3609 3421 3800 3482 τύπους

567 3532 677 3570 non
731 3515 863 3585 ipsis
892 3517 1162 3572 culturam
1215 3516 1411 3586 lignis,
1447 3516 1534 3570 vel
1581 3516 1855 3586 lapidibus
1898 3515 2131 3570 oﬁ'erunl

2240 3515 2468 3587 σταυροῦ
2492 3518 2586 3570 καί
2614 3515 2836 3568 εἰκόνων
2859 3513 3210 3577 ἀσπάζονται,
3232 3511 3331 3564 οὐκ
3352 3513 3536 3574 αὐτοῖς
3555 3513 3619 3565 τὸ
3649 3514 3800 3575 σέϐας

566 3607 652 3664 vel
681 3622 816 3661 auro
842 3649 857 3674 ,
906 3607 992 3662 vel
1017 3608 1356 3678 corruptibili
1408 3606 1629 3678 imagini
1661 3650 1676 3674 ,
1717 3608 1804 3663 vel
1825 3623 1998 3670 arcae,
2022 3661 2027 3666 .
2053 3607 2138 3661 vel

569 3699 857 3769 reliquiis,
915 3700 1010 3754 sed
1060 3715 1160 3771 per
1203 3715 1266 3754 ea
1315 3700 1427 3756 Deo
1488 3709 1544 3754 et
1597 3701 1842 3770 ipsorum
1906 3712 1961 3754 et
2003 3715 2138 3754 cun-

567 3798 780 3842 ctorum
825 3788 1054 3843 creatori
1085 3787 1309 3858 gloriam
1356 3796 1409 3841 et
1435 3788 1815 3841 salutationem
1846 3795 1900 3842 et
1929 3787 2134 3841 cultum

568 3879 910 3948 impendunt.
967 3876 1146 3930 llonor
1177 3878 1324 3931 enim
1358 3877 1450 3946 qui
1492 3879 1698 3932 sanctis
1751 3878 1869 3947 ejus
1926 3879 2138 3948 impen-

567 3969 754 4031 ditur,
811 3967 880 4020 ad
923 3981 1047 4020 eum
1098 3969 1366 4021 recurrit:
1419 3967 1562 4021 sicut
1624 3983 1654 4021 ρ
1687 3978 1875 4022 contra
1917 3969 2136 4038 quidem

568 4057 832 4127 imagines
859 4056 1168 4127 imperiales
1210 4057 1594 4124 demolientes,
1631 4060 1931 4129 principem
1963 4061 2138 4115 oﬁen-

566 4151 801 4215 derunt,
840 4156 1034 4203 etnon
1074 4149 1246 4218 ipsam
1280 4150 1542 4205 tabulam.
1592 4149 1773 4222 Imago
1821 4151 1986 4222 igitur
2039 4150 2135 4206 Dei

565 4250 647 4294 est
677 4284 691 4306 ,
721 4240 812 4310 qui
849 4240 916 4295 ad
949 4240 1238 4308 imaginem
1275 4241 1369 4295 Dei
1413 4242 1588 4297 factus
1631 4252 1718 4297 est
1769 4243 1931 4298 homo
1959 4284 1974 4308 ,
2017 4259 2137 4297 ma-

566 4330 818 4398 ximeque
873 4329 1000 4398 quia
1025 4343 1149 4382 eum
1175 4330 1412 4399 Spiritus
1465 4339 1686 4386 sanctus
1745 4332 2132 4386 habitationem

565 4420 796 4490 accepit.
847 4420 990 4492 Ergo
1033 4420 1180 4489 juste
1233 4421 1325 4490 qui
1374 4421 1667 4493 imaginem
1714 4421 1808 4476 Dei
1853 4439 2130 4478 servorum

2237 3610 2351 3670 τοῖς
2380 3606 2556 3672 ξύλοις
2587 3605 2621 3675 ἦ
2649 3609 2759 3669 τοίς
2784 3605 2954 3667 λίθοις
2983 3606 3372 3675 προσάγουσιν,
3417 3605 3448 3674 ἦ
3491 3611 3574 3675 τῷ
3600 3605 3800 3674 χρυσῷ,

2239 3698 2272 3769 ἢ
2307 3700 2371 3767 τῇ
2401 3697 2610 3766 φθαρτῇ
2641 3695 2832 3756 εἰκόνι.
2858 3694 2890 3765 ἢ
2922 3697 2987 3764 τῇ
3020 3695 3275 3765 λάρνακι.
3306 3697 3338 3765 ἦ
3369 3699 3482 3759 τοῖς
3514 3696 3800 3764 λειψάνοις,

2237 3789 2374 3844 ἀλλὰ
2402 3789 2469 3842 δι’
2499 3786 2680 3842 αὐτῶν
2716 3785 2795 3855 τῷ
2822 3785 2942 3856 Θεῷ
2979 3786 3058 3856 τῷ
3112 3787 3208 3840 καὶ
3237 3785 3416 3839 αὐτῶν
3447 3789 3540 3840 καὶ
3594 3789 3800 3841 πάντων

2239 3885 2435 3952 ποιητῇ
2485 3881 2584 3950 τὴν
2634 3879 2790 3944 δόξαν
2841 3883 2937 3932 καὶ
2983 3885 3075 3932 τδν
3123 3881 3412 3950 ἀσπασμὸν
3444 3882 3542 3934 καὶ
3568 3882 3628 3934 τὸ
3653 3881 3800 3943 σέϐας

2239 3973 2658 4043 προσφέρουσιν.
2699 3970 2764 4022 Ἦ
2807 3970 2916 4040 γὰρ
2951 3971 3030 4033 εἰς
3068 3971 3193 4034 τοὺς
3233 3972 3422 4038 ἁγίους
3456 3972 3624 4025 αὑτοῦ
3653 3973 3795 4041 τιμὴ,

2237 4066 2315 4126 εἰς
2343 4065 2503 4117 αὐτὸν
2533 4061 2840 4134 ἀνατρέχει.
2892 4063 3129 4126 Ποσάκις
3173 4065 3318 4127 τινὲς
3345 4065 3566 4128 εἰκόνας
3603 4066 3798 4135 βασιλι-

2237 4156 2339 4217 κάς
2367 4154 2727 4222 ἀφανίσαντες
2761 4153 2854 4206 καὶ
2881 4152 3260 4222 ἐνυϐρίσαντες
3285 4197 3300 4218 ,
3332 4157 3543 4229 ἐσχάτῃ
3570 4159 3799 4228 τιμωρίᾳ

2237 4245 2726 4315 κατεδικάσθησαν,
2744 4243 2820 4306 ώς
2841 4244 3003 4297 αὐτὸν
3023 4245 3115 4297 τὸν
3148 4244 3374 4315 βασιλέα
3403 4248 3796 4316 ἐνυϐρίσαντες,

2236 4336 2334 4389 καὶ
2359 4335 2420 4388 οὐ
2457 4335 2555 4406 τὴν
2590 4334 2807 4388 σανίδαι
2843 4333 3018 4388 Εἰκὼν
3041 4351 3135 4387 του
3165 4334 3300 4387 Θεοῦ
3332 4335 3483 4388 ἐστιν
3518 4336 3549 4388 ό
3578 4338 3695 4390 κατ’
3723 4339 3797 4390 εἰσ

2237 4426 2370 4478 κόνα
2416 4425 2509 4478 τοῦ
2559 4425 2696 4479 Θεοῦ
2743 4425 2981 4495 γεγονὼς
3009 4425 3318 4497 ἄνθρωπος,
3353 4427 3449 4480 καὶ
3479 4427 3714 4497 μάλιστα
3739 4431 3797 4482 ἐκ

566 4513 799 4568 honorat
826 4521 881 4568 et
924 4513 1155 4577 adorat,
1203 4513 1370 4568 etiam
1418 4514 1640 4568 domum
1679 4512 1913 4584 Spiritus
1957 4516 2128 4569 sancti

2237 4515 2553 4584 Πνεῦματος
2587 4516 2746 4583 ἁγίου
2777 4519 3055 4584 ἐνοίκησιν
3092 4517 3404 4587 δεξάμενος.
3451 4520 3687 4582 Δικαίως
3712 4517 3798 4573 οῦν

564 4603 852 4674 gloriﬁcat.
923 4603 1234 4659 Inhabitabo
1269 4607 1408 4660 enim
1474 4606 1530 4658 in
1572 4607 1736 4676 ipsis,
1791 4606 2008 4676 inquit,
2077 4617 2132 4661 ct

563 4696 902 4751 inambulabo
952 4697 996 4751 ⁸.
1055 4697 1474 4752 Confundantur
1524 4697 1735 4763 Judaei,
1812 4698 1904 4767 qui
1976 4714 2131 4769 reges

566 4788 816 4859 proprios
868 4796 927 4844 et
984 4788 1190 4843 alienos
1259 4789 1664 4853 adoraverunt,
1727 4787 1908 4857 potius
1966 4803 2129 4857 quam

562 4880 906 4935 Christianos
923 4880 1274 4949 pronuntient
1295 4880 1624 4934 idololatras.
1653 4878 1760 4933 Nos
1781 4889 1960 4933 autem
1978 4877 2132 4932 Chri-

566 4969 728 5022 stiani
772 4984 870 5038 per
915 4983 1131 5022 omnem
1161 4967 1434 5022 civitatem
1482 4978 1537 5024 et
1570 4967 1846 5038 regionem
1873 5007 1889 5034 ,
1925 4977 1982 5022 et
2031 4983 2130 5038 per

563 5075 780 5116 omnem
806 5060 946 5114 diem
981 5069 1037 5115 et
1066 5061 1251 5115 horam
1269 5069 1454 5115 contra
1483 5060 1623 5115 idola
1661 5075 1960 5123 armamur,
1983 5075 2120 5114 con-

565 5162 646 5206 tra
677 5151 819 5205 idola
851 5151 1149 5220 psallimus,
1193 5160 1380 5206 contra
1427 5153 1568 5206 idola
1597 5153 1908 5216 scribimus,
1935 5159 2124 5205 contra

565 5242 706 5296 idola
749 5257 813 5296 ac
855 5242 1131 5296 dtemones
1165 5256 1404 5295 oramus.
1430 5241 1785 5312 thuomodo
1811 5243 2125 5298 idololatras

563 5350 665 5389 nos
691 5334 962 5404 appellant
991 5331 1198 5387 Judaei?
1230 5332 1331 5386 Ubi
1357 5333 1504 5386 enim
1542 5349 1691 5388 nunc
1724 5343 1854 5387 sunt
1879 5333 2125 5387 exhibita

564 5426 722 5480 idolis
747 5425 815 5479 ab
845 5425 924 5479 eis
966 5423 1228 5479 sacriﬁcia
1259 5424 1440 5477 ovium
1469 5435 1526 5478 et
1551 5425 1714 5479 boum
1753 5434 1810 5478 et
1842 5423 2124 5477 ﬁliorum?

562 5517 665 5573 Ubi
721 5518 966 5578 nidores,
1019 5516 1109 5569 ubi
1142 5532 1248 5569 arae
1279 5526 1334 5569 et
1368 5516 1712 5584 perfusiones
1756 5513 2124 5584 sanguinum?

553 5607 731 5665 Porro
783 5625 886 5665 nos
922 5607 1218 5664 Christiani
1258 5623 1438 5678 neque
1495 5621 1666 5672 aram,
1715 5621 1894 5676 neque
1945 5605 2123 5660 sacri.

631 5788 653 5821 ⁸
680 5787 1087 5856 Psal.xcvm,5.
1163 5787 1465 5848 ‘lsa.uvr.
1497 5787 1539 5841 Ι.
1623 5785 1642 5816 ⁷
1670 5781 1815 5838 Psal.
1852 5796 1952 5849 xu,
1979 5781 2012 5840 8
2047 5797 2178 5853 seqq

2240 4609 2338 4677 τὴν
2359 4607 2540 4659 εἰκόνα
2561 4605 2667 4659 τῶν
2693 4606 2788 4660 τοῦ
2810 4608 2944 4661 Θεοῦ
2973 4609 3173 4661 δούλων
3202 4610 3346 4678 τιμῶ
3365 4610 3463 4663 καὶ
3494 4611 3795 4681 προσκυνῶ,

2241 4700 2334 4751 καὶ
2369 4698 2459 4750 τὸν
2481 4693 2627 4751 οἷκον
2650 4697 2745 4752 τοῦ
2781 4699 2938 4767 ἁγίου
2992 4701 3308 4771 Πνεῦματος
3353 4701 3585 4767 δοξάζω.
3631 4704 3796 4756 Ἐνοι-

2240 4789 2413 4855 κήσω
2442 4789 2550 4858 γὰρ
2591 4789 2662 4844 ἐν
2707 4790 2932 4857 αὐτοῖς,
2968 4793 3125 4860 φησί,
3165 4793 3266 4846 καὶ
3309 4793 3796 4862 ἐμπεριπατήσω

2239 4877 2680 4948 αἰσχυνὲσθωσαν
2729 4882 2778 4934 οἰ
2821 4883 3082 4947 Ἰουδαῖοι,
3113 4885 3164 4938 οἰ
3204 4885 3518 4954 βασιλεῦσιν
3571 4887 3719 4948 ἰδίοις
3745 4904 3797 4939 τε

2239 4970 2333 5023 καὶ
2359 4970 2660 5040 ἀλλοτρίοις
2691 4975 3189 5044 προσκυνήσαντες,
3242 4975 3403 5047 εἰπερ
3441 4978 3799 5048 Χριστιανοὺς

2239 5061 2696 5128 καταγγέλλουσιν
2722 5064 3129 5135 εἰδωλολάτρας.
3171 5065 3361 5135 Ἦμεῐς
3384 5067 3440 5120 δὲ
3469 5069 3520 5120 οί
3549 5069 3799 5139 Χριστια-

2238 5155 2320 5207 νοὶ
2353 5154 2496 5207 κατά
2530 5155 2710 5207 πᾶσαν
2744 5155 2897 5208 πόλιν
2943 5158 3038 5209 καὶ
3075 5156 3282 5227 χώραν,
3319 5161 3411 5212 καὶ
3458 5161 3603 5214 κατά
3628 5163 3800 5223 πάσας

2238 5245 2448 5315 ἡμέρας
2497 5246 2589 5298 καὶ
2637 5244 2807 5317 ὥρας,
2859 5247 3002 5300 κατά
3033 5248 3142 5301 τῶν
3180 5249 3417 5302 εἰδώλων
3450 5251 3798 5320 όπλιζόμεθα,

2233 5337 2375 5390 κατά
2395 5335 2625 5389 εἰδώλων
2651 5337 2946 5407 ψάλλομεν,
2972 5339 3114 5393 κατὰ
3134 5340 3368 5394 εἰδώλων
3392 5343 3798 5412 συγγράφομεν,

2232 5429 2374 5480 κατὰ
2407 5425 2640 5480 εἰδώλων
2678 5429 2774 5482 καὶ
2801 5429 3070 5498 δαιμόνων
3102 5431 3390 5501 εὐχόμεθα.
3425 5433 3534 5485 Καὶ
3581 5433 3697 5496 πῶς
3724 5434 3795 5484 εἰ·

2231 5515 2571 5586 διολολάτρας
2620 5518 2767 5587 ἡμᾶς
2815 5519 3073 5572 καλοῦσιν
3131 5522 3182 5572 οἰ
3231 5522 3512 5586 Ἰουδαῖοι;
3553 5523 3663 5574 Ποῦ
3708 5521 3795 5573 νῦν

2233 5611 2369 5663 εἰσιν
2391 5612 2445 5662 αἰ
2469 5610 2875 5681 προσαγόμεναι
2900 5612 3014 5674 τοῖς
3036 5610 3274 5676 εἰδώλοις
3297 5613 3389 5666 ὑπ’
3413 5613 3593 5668 αὐτῶν
3620 5612 3798 5666 θυσίαι

2294 5784 2314 5816 ⁸
2343 5784 2518 5842 chit.
2552 5803 2675 5844 xxvi
2724 5787 2788 5844 ιε
2821 5805 2835 5857 ;
2875 5786 2916 5846 11
2950 5790 3075 5848 Cor.
3101 5805 3141 5857 ι,
3185 5790 3270 5846 l6.
