4034 6412
238 396 382 464 1605

1386 404 1642 467 SERMO
1690 404 1988 467 CONTRA
2040 407 2073 468 .Ῐ
2082 407 2349 469 [1ῡῶΟὸ

3356 401 3491 466 1606

232 510 344 563 τῶν
379 506 689 579 προϐάτων,
722 508 818 563 καὶ
845 508 1006 580 βοῶν,
1042 511 1137 566 καὶ
1164 512 1401 581 τέκνωνς
1440 515 1551 570 Ποῦ
1586 518 1640 570 αί
1666 516 1815 570 κνίσ-

1929 514 2100 570 licium
2133 518 2369 587 qualiter
2398 517 2482 573 vel
2504 516 2636 588 quid
2665 517 2776 573 sint
2839 515 3092 572 novimus
3117 555 3131 568 .
3166 514 3233 570 Et
3270 515 3490 584 quidem

236 617 351 666 σαι,
387 598 493 653 ποῦ
551 602 603 654 oi
641 599 819 671 βωμοὶ
870 603 968 656 καὶ
1019 605 1350 675 προσχύσεις
1375 606 1486 661 τῶν
1527 609 1809 679 αἱμάτων;

244 688 441 760 Ἡμεῖς
480 689 537 743 δὲ
563 692 612 745 oi
642 692 984 761 Χριστιανοὶ,
1038 694 1162 749 οὔτε
1214 695 1420 769 βωμὸν,
1460 698 1587 754 οὔτε
1620 699 1813 753 Θυσίαν

236 778 414 850 πῶςῆ
445 779 499 832 τί
543 781 713 844 ἐστιν,
763 783 1126 854 ἐπιστάμεθα.
1178 787 1240 840 Οἱ
1271 789 1371 859 μὲν
1416 789 1525 862 γὰρ
1553 790 1813 862 ’Έλληνες

237 874 450 942 μοιχοῖς
480 872 789 945 ἀνθρώποις
812 877 907 930 καὶ
938 882 1225 948 φονευταῖς
1250 883 1343 936 καὶ
1372 883 1703 956 ἀκαθάρτοις
1722 886 1814 939 καὶ

238 968 461 1037 μιαροῖς
483 967 608 1031 τοὺς
637 968 801 1033 ναοὺς
827 970 1111 1042 ὠνόμαζον
1145 977 1238 1028 καὶ
1276 976 1344 1030 τὰ
1365 977 1580 1047 εἴδωλα,
1602 980 1697 1033 καὶ
1720 981 1817 1034 αὑ·-

240 1058 365 1119 εοὺς
411 1057 755 1123 ὲθεοποίουν,
781 1061 843 1137 ού
900 1062 1084 1132 μέντοι
1122 1082 1187 1133 γε
1240 1070 1537 1138 προφητῶν
1582 1070 1616 1140 ἦ
1640 1070 1810 1139 ἁγίων

146 1216 157 1227 υ
235 1148 541 1221 μαρτύρων
566 1149 754 1222 ναὸνῆ
795 1151 978 1223 βωμὸν
1026 1154 1342 1225 ὠνόμασαν.
1392 1160 1603 1232 Ὠσπερ
1630 1163 1739 1235 γὰρ
1767 1166 1816 1217 oi

238 1241 298 1293 ὲν
326 1240 604 1294 Βαϐυλῶνι
646 1242 973 1313 Ἰσραηλῖται
1025 1241 1173 1317 εἶχον
1210 1248 1419 1317 ὀργανα
1451 1252 1545 1304 καὶ
1588 1254 1819 1326 κιθάρας

235 1330 337 1383 καὶ
364 1330 531 1401 ἕτερά
585 1348 726 1396 τινα,
768 1333 949 1399 καθὼς
983 1337 1080 1390 καὶ
1127 1339 1176 1391 oi
1202 1339 1539 1395 Βαϐυλώνιοι
1561 1359 1576 1375 ⁸
1607 1346 1702 1397 καὶ
1752 1346 1819 1400 τά

244 1421 350 1491 μὲν
380 1423 459 1485 εἰς
500 1420 658 1487 δόξαν
684 1423 843 1488 Θεοῦ,
865 1426 934 1479 τὰ
978 1427 1035 1481 δὲ
1076 1429 1155 1491 είς
1190 1428 1489 1501 θεραπείαν
1509 1434 1781 1505 δαιμόνων
1800 1453 1817 1469 ο

239 1511 389 1566 οὕτω
417 1514 513 1566 καὶ
550 1514 647 1566 ἐπὶ
674 1515 901 1571 εἰκόνων
934 1517 1266 1585 Ἑλληνικῶν
1296 1523 1391 1575 καὶ
1419 1525 1820 1593 Χριστιανικῶν

241 1607 553 1676 πήσωμεν,
573 1608 657 1661 ὅτι
687 1610 883 1662 ἐκεῖνοι
912 1612 1011 1680 μὲν
1041 1613 1119 1675 είς
1145 1612 1402 1685 λατρείαν
1426 1617 1520 1669 τοῦ
1548 1616 1818 1683 διαϐόλου,

243 1699 407 1768 ἡμεῖς
436 1698 493 1752 δὲ
514 1699 596 1763 είς
640 1699 798 1765 δόξαν
829 1701 967 1754 Θεοῦ
1020 1704 1110 1756 καὶ
1163 1705 1493 1775 ὑπόμνησιν.
1529 1708 1677 1778 Πλὴν
1727 1711 1822 1764 καὶ

245 1788 418 1841 πολλὰ
447 1788 727 1860 θαυμάσια
758 1790 787 1843 6
816 1790 949 1854 Θεὸς
976 1792 1063 1847 διὰ
1096 1792 1253 1860 ξύλον
1282 1796 1503 1851 άκούειν
1529 1798 1817 1869 πεποίηκε,

248 1877 403 1943 ξύλον
432 1878 596 1951 ζωῆς,
628 1880 783 1945 ξύλον
817 1881 1075 1949 γνώσεως
1104 1884 1381 1956 ὀνομάσας
1402 1904 1416 1918 θ
1446 1889 1540 1941 καὶ
1567 1888 1696 1943 ἄλλο
1722 1906 1822 1958 φυ-

245 1974 339 2025 τὸν
385 1972 657 2043 ὀνομάσας
704 1975 916 2039 Σαϐὲκ,
973 1979 1372 2050 συγχωρήσεως
1412 1980 1649 2051 τίθησιν.
1694 1978 1824 2036 Εἶτα

247 2061 430 2132 ῥάϐδῳ
456 2063 547 2117 τὸν
582 2063 783 2134 Φαραὼ
814 2065 1079 2136 ἐκάλυψε,
1111 2067 1390 2123 θάλασσαν
1418 2070 1657 2140 ἔσχισεν,
1681 2070 1823 2143 ὕδωρ

244 2154 569 2223 ὲγλύκανεν,
623 2156 747 2225 ὀφιν
793 2157 997 2228 ῦψωσε,
1053 2158 1261 2230 πέτραν
1295 2161 1622 2233 διέρρηξεν,
1680 2162 1825 2235 ὕδωρ

242 2246 505 2317 ἐξήγαγε,
552 2246 708 2313 ξύλον
744 2248 1057 2319 βλαστῆσαν
1110 2254 1176 2323 τῇ
1226 2255 1398 2324 σκηνῇ
1454 2252 1554 2324 τὴν
1612 2253 1825 2325 ’Δαρὼν

239 2339 550 2412 ἱερωσύνην
604 2341 905 2413 ἐκύρωσεν.
970 2341 1129 2397 Οὕτω
1164 2345 1258 2399 καὶ
1309 2344 1562 2415 Σολομῶν
1619 2363 1785 2417 φησιν
1807 2364 1821 2380 ο

245 2433 570 2501 liuore?“
590 2432 802 2500 ξύλον,
832 2434 909 2488 δι’
932 2430 1005 2491 οὗ
1026 2435 1252 2505 γίνεται
1273 2436 1649 2507 δικαιοσύνη.
1669 2438 1825 2493 Ούτω

248 2524 343 2578 καὶ
384 2524 685 2590 Ἐλισσαῖος
712 2524 869 2591 ξύλον
898 2527 1210 2600 ἀπορρίψας
1238 2528 1299 2582 tv
1343 2530 1605 2602 Ἰορδάνῃ,
1627 2532 1720 2585 τὸν
1744 2534 1825 2596 είς

245 2615 417 2670 τύπον
437 2615 531 2671 τοῦ
565 2617 736 2689 Ἀδὰμ
766 2618 985 2689 σίδηρον
1009 2619 1086 2683 ὡς
1111 2618 1171 2686 ἐξ
1201 2619 1332 2691 ᾅδου
1353 2621 1647 2693 ἀνήγαγεν.
1670 2622 1825 2676 Οὕτω

150 2772 153 2773 ν
246 2708 584 2779 προστάσσει
616 2707 694 2778 τῷ
716 2708 918 2764 ἑαυτοῦ
948 2710 1101 2766 παιδὶ
1129 2711 1218 2766 διά
1242 2714 1344 2782 τῆς
1365 2712 1561 2782 ῥάϐδου
1584 2714 1825 2785 ἀναστῆ-

248 2817 344 2853 σαι
374 2799 467 2853 τὸν
497 2802 661 2857 παῖδα
679 2801 779 2873 τῆς
809 2802 1195 2873 Σωμανίτιδος.
1244 2804 1302 2858 '0
1322 2800 1416 2858 οῦν
1440 2804 1527 2859 διά
1557 2804 1826 2860 τοσούτων

250 2890 424 2956 ξύλων
463 2890 959 2964 θαυματουργήσας
1000 2893 1133 2957 Θεὸς
1160 2894 1222 2947 ού
1272 2895 1517 2963 δύναται,
1558 2897 1680 2952 sint
1710 2916 1823 2969 μοι,

249 2982 694 3055 θαυματουργεϊν
720 2983 815 3037 καὶ
844 2982 934 3037 διὰ
960 2982 1057 3037 τοῦ
1101 2984 1286 3055 τιμίου
1323 2985 1480 3051 ξύλου
1528 2987 1623 3042 τοῦ
1669 2989 1826 3057 ἁγίου

250 3071 530 3144 σταυροῦς
578 3073 643 3127 Εἰ
683 3074 879 3138 ἀσεϐές
907 3076 1024 3129 ἐστι
1053 3077 1220 3147 τιμᾷν
1248 3076 1319 3130 τὰ
1342 3079 1497 3145 ὀστᾶ,
1537 3079 1654 3144 πῶς
1690 3082 1827 3151 μετά

249 3166 436 3236 πάσης
457 3165 625 3236 τιμῆς
648 3166 1083 3237 μετεκομίσαντο
1127 3168 1198 3222 τὰ
1245 3169 1381 3222 ὀστᾶ
1415 3168 1614 3241 Ἰωσὴφ
1639 3170 1698 3237 ἐξ
1735 3173 1829 3225 Δὶ-
1852 3209 1901 3270 c

251 3255 503 3325 γύπτους
535 3256 657 3320 Πῶς
712 3258 904 3332 νεκρὸς
952 3258 1237 3332 ἄνθρωπος
1280 3259 1393 3314 τῶν
1425 3261 1629 3317 ὀστέων
1654 3264 1829 3317 Ἐλισ-

252 3348 413 3403 σαίου
435 3348 709 3421 ἁψάμενος
730 3351 960 3419 άνεστης
985 3352 1049 3406 El
1073 3352 1131 3405 δὲ
1152 3353 1223 3407 δι’
1249 3353 1454 3407 ὀστέων
1486 3353 1830 3427 θαυματουρ-

251 3441 347 3506 γεῖ
396 3438 548 3507 Θεὸς,
598 3439 821 3511 εὔδηλον
845 3442 927 3497 ὅτι
952 3441 1179 3498 δύναται
1221 3445 1319 3498 καὶ
1352 3445 1423 3499 δι’
1450 3445 1695 3512 εἰκόνων,
1735 3448 1832 3500 καὶ

249 3530 345 3585 διὰ
367 3529 550 3599 λίθων,
568 3533 663 3586 καὶ
675 3532 742 3586 δι’
777 3534 981 3605 ἑτέρων
1005 3535 1241 3591 πολλῶν.
1291 3537 1446 3592 Ἐπεὶ
1469 3539 1563 3593 καὶ
1579 3539 1832 3610 ’Δϐραὰμ

250 3622 320 3676 ού
364 3623 687 3691 κατεδέξατο
732 3623 901 3694 θάψαι
931 3624 992 3679 τὸ
1020 3626 1181 3696 σῶμα
1214 3627 1432 3701 Σάρρας
1480 3631 1538 3684 ἐν
1588 3633 1833 3702 μνήματι

251 3709 542 3783 ἀλλοτρίῳ,
573 3712 689 3766 ἀλλ’
716 3713 774 3767 ὲν
804 3713 921 3785 ίδίῳ
952 3713 1127 3786 τάφῳ,
1164 3718 1330 3787 τιμῆς
1354 3719 1532 3790 χάριν.
1561 3722 1711 3775 Ἐπεὶ
1739 3724 1833 3776 καὶ

268 3800 468 3855 Ἰακὼϐ
496 3803 633 3874 τιμᾷ
654 3800 743 3855 διὰ
769 3801 917 3855 λίθου
942 3802 1095 3869 Θεὸν,
1135 3805 1340 3876 στήσας
1381 3807 1479 3860 καὶ
1506 3809 1699 3879 χρίσας
1733 3811 1834 3864 αύ-

253 3891 352 3945 τὸν
383 3894 461 3955 είς
493 3892 663 3947 τύπον
693 3892 932 3962 Χριστοῦ
963 3893 1058 3946 τοῦ
1085 3895 1483 3965 ἀκρογωνιαίου
1522 3898 1695 3953 λίθου.
1725 3902 1836 3956 Καὶ

257 3982 424 4037 πάλιν
446 3981 630 4053 βουνὸν
656 3984 819 4038 λίθων
848 3986 942 4038 ἐπὶ
964 3984 1058 4040 τοῦ
1080 3985 1255 4049 Δαϐά,
1281 3986 1535 4059 ὠνόμασε
1558 3990 1832 4063 μάρτυρα.

256 4074 543 4145 Μαρτυρεῖ
592 4074 686 4128 καὶ
730 4074 935 4144 Ἰησοῦς
986 4077 1015 4130 ὀ
1045 4075 1139 4130 τοῦ
1188 4076 1345 4149 Ναυῆ
1396 4078 1607 4133 δώδεκα
1655 4080 1836 4145 λίθους

260 4165 469 4235 στήσας
491 4164 571 4229 είς
598 4164 733 4219 Θεοῦ
764 4165 1093 4236 ἀνάμνησιν.
1124 4166 1186 4220 Εἰ
1218 4167 1327 4239 γάρ
1355 4167 1495 4239 ἦσάν
1519 4185 1625 4235 σοι,
1645 4164 1690 4225 ὦ
1711 4172 1838 4226 Ἰου-

260 4256 401 4321 δαῖε,
433 4257 491 4309 tv
520 4255 598 4327 τῷ
619 4256 698 4327 σῷ
729 4256 843 4328 ναῷ
860 4257 932 4311 τὰ
964 4257 1058 4311 δύο
1082 4259 1363 4331 Χερουϐὶμ
1382 4261 1565 4314 ἐκεῖνα
1585 4261 1658 4315 τὰ
1676 4280 1840 4317 καταο

269 4344 559 4408 σκιάζοντα
588 4345 649 4398 τὸ
676 4345 1008 4417 ἱλαστήριον,
1056 4347 1126 4400 τά
1152 4346 1389 4416 γλυπτὰ,
1417 4348 1637 4419 εἰσῆλθε
1668 4352 1728 4405 δέ
1753 4369 1838 4416 τις

263 4435 461 4505 Ἕλλην
478 4435 868 4510 εἰδωλολάτρης
901 4440 962 4493 ἐν
990 4438 1068 4509 τῷ
1095 4439 1207 4511 ναῷ
1232 4457 1349 4507 σου,
1373 4442 1470 4496 καὶ
1499 4444 1836 4514 θεασάμενος

1912 610 2105 679 pagani
2138 610 2207 664 ab
2240 609 2504 665 adulteris
2540 610 2860 687 hominibus
2886 618 2942 663 et
2973 607 3264 663 homicidis
3286 617 3342 661 et
3371 607 3491 676 pol—

1914 698 2047 753 lutis
2096 702 2297 772 templa
2348 702 2710 757 nominabant
2753 709 2809 755 et
2855 701 2994 756 idola
3028 718 3042 754 :
3084 709 3139 755 et
3175 700 3293 754 illos
3334 698 3490 753 deiti—

1914 794 2153 851 cabant:
2204 810 2313 848 non
2348 804 2530 850 autem
2566 794 2961 865 prophetarum
2987 833 3003 857 ,
3039 792 3123 847 vel
3176 800 3492 847 sanctorum

1916 894 2212 956 martyrum
2245 886 2531 955 templum,
2575 886 2660 940 vel
2681 901 2828 940 aram
2855 885 3296 939 nominaverunt.
3341 883 3497 936 Sicut

1916 972 2062 1027 enim
2117 972 2374 1029 Israelita:
2428 975 2523 1044 qui
2587 974 2860 1045 Babylone
2900 974 3163 1036 fuerunt.
3219 972 3498 1027 habebant

1917 1079 2118 1135 organa
2168 1074 2224 1120 et
2262 1066 2535 1132 citharas,
2592 1077 2647 1122 et
2713 1067 2817 1120 alia
2868 1066 3160 1135 quaedam,
3227 1061 3491 1133 quemad—

1918 1157 2141 1211 modum
2179 1166 2234 1212 et
2267 1158 2589 1230 Babylonii:
2629 1168 2685 1213 et
2748 1157 2851 1211 alia
2906 1157 3127 1227 quidem
3166 1154 3219 1208 in
3269 1153 3494 1224 gloriam

1925 1248 2057 1312 Dei,
2085 1248 2189 1303 alia
2220 1263 2351 1303 vero
2386 1248 2439 1302 in
2484 1249 2751 1302 culturam
2798 1248 3105 1301 daemonum
3145 1264 3159 1301 :
3197 1244 3269 1298 ita
3328 1252 3384 1297 et
3426 1242 3496 1295 de

1922 1339 2249 1411 imaginibus
2287 1341 2571 1411 gentilium
2633 1349 2689 1395 et
2726 1338 3164 1395 Christianorum
3220 1335 3495 1405 intelliga-

1921 1446 2044 1485 mus
2070 1474 2084 1497 ,
2123 1433 2250 1501 quia
2274 1433 2351 1487 illi
2382 1433 2603 1503 quidem
2639 1431 2694 1485 in
2752 1430 3071 1486 servitutem
3108 1428 3307 1484 diaboli
3336 1467 3350 1490 ,
3391 1441 3497 1480 nos

1922 1534 2104 1578 autem
2133 1525 2188 1578 in
2231 1525 2451 1595 gloriam
2482 1534 2537 1579 et
2562 1523 3013 1579 memorationem
3057 1520 3175 1574 Dei.
3214 1517 3498 1573 Verumta-

1924 1632 2048 1670 men
2098 1626 2153 1671 et
2200 1617 2372 1670 multa
2419 1618 2678 1670 miracula
2733 1616 2877 1669 Deus
2909 1630 3005 1683 per
3065 1613 3271 1683 lignum
3305 1611 3496 1665 audire
3602 1632 3608 1638 -

1927 1706 2055 1761 fecit
2078 1748 2095 1772 ,
2121 1707 2325 1777 lignum
2356 1706 2481 1761 vita:
2507 1716 2564 1761 et
2592 1707 2797 1777 lignum
2841 1705 3088 1761 scientia:
3120 1702 3411 1758 nominans
3432 1704 3451 1733 ’
3478 1718 3493 1754 :

1930 1808 1984 1852 et
2004 1799 2147 1854 aliud
2172 1800 2464 1869 virgultum
2509 1800 2802 1853 nominans
2849 1798 3024 1852 Sabec
3053 1839 3067 1861 ,
3101 1794 3495 1867 indulgentiam

1932 1892 2106 1961 ponit.
2142 1891 2343 1946 Deinde
2373 1893 2519 1962 virga
2549 1890 2887 1945 Pharaonem
2923 1889 3180 1959 operuit,
3221 1902 3370 1943 mare
3393 1884 3498 1940 sei—

1925 1982 2041 2046 dit,
2089 1997 2283 2052 aquam
2342 1983 2556 2038 dulcem
2599 1982 2775 2046 fecit,
2836 1988 3144 2050 serpentem
3202 1977 3497 2041 exaltavit,

1926 2082 2135 2143 petram
2172 2074 2422 2144 dirupit,
2470 2087 2667 2143 aquam
2717 2071 2988 2142 protulit,
3028 2070 3233 2139 lignum
3296 2068 3500 2139 germi-

1924 2180 2064 2220 nans
2118 2164 2173 2218 in
2244 2163 2597 2218 tabernaculo
2632 2163 2816 2215 Aaron
2884 2158 3250 2215 sacerdotium
3296 2156 3500 2212 conﬁr-

1925 2256 2111 2311 mavit.
2140 2256 2233 2312 Sic
2256 2264 2312 2310 et
2343 2255 2598 2310 Salomon
2628 2253 2703 2307 ait
2739 2270 2752 2306 :
2780 2252 3117 2306 Benedictum
3169 2259 3243 2303 est
3297 2249 3500 2319 lignum

1924 2366 2016 2419 per
2043 2352 2180 2413 quod
2205 2349 2421 2418 justitia
2450 2348 2511 2419 ﬁt
2538 2349 2602 2402 “'.
2645 2345 2736 2401 Sic
2760 2356 2817 2400 et
2854 2345 3076 2400 Eiisaaus
3114 2343 3261 2414 ligno
3288 2343 3342 2397 in
3372 2341 3499 2396 Jor-

1923 2442 2119 2496 danem
2149 2442 2341 2512 iacto,
2410 2440 2615 2496 ferrum
2685 2439 2739 2494 in
2785 2448 2967 2509 typum
3024 2436 3154 2491 Adae
3225 2435 3381 2505 quasi
3429 2449 3497 2488 ex

1925 2535 2140 2589 inferno
2169 2534 2405 2589 reduxit:
2436 2534 2516 2589 sic
2543 2533 2788 2604 praecipit
2819 2546 2988 2602 puero
3032 2544 3135 2585 suo
3162 2543 3263 2600 per
3289 2528 3496 2598 virgam

1924 2625 2190 2679 suscitare
2221 2639 2449 2695 puerum
2501 2622 2865 2678 Sunamitidis
2905 2621 2969 2674 ¹¹.
3009 2619 3148 2676 Deus
3194 2634 3358 2689 ergo,
3403 2617 3496 2691 qui

1927 2730 2023 2785 per
2054 2723 2134 2769 tot
2159 2715 2304 2785 ligna
2334 2712 2597 2769 miracula
2624 2721 2882 2783 operatus
2937 2720 3022 2766 est
3052 2750 3067 2773 ,
3120 2725 3228 2764 non
3272 2717 3452 2778 potest
3478 2748 3494 2769 ,

1927 2802 2015 2857 dic
2069 2802 2246 2869 mihi,
2301 2801 2440 2857 mira
2490 2800 2673 2856 facere
2718 2800 2886 2855 etiam
2944 2811 3045 2869 per
3091 2796 3395 2868 pretiosum
3434 2794 3499 2849 li-

1927 2909 2091 2965 gnum
2127 2901 2329 2947 sancta;
2354 2892 2532 2948 crucis
2559 2892 2583 2945 ?
2613 2890 2668 2945 Si
2710 2889 2939 2961 impium
2968 2896 3054 2944 est
3083 2886 3311 2942 adorare
3345 2900 3499 2949 ossa,

1925 2980 2199 3051 quomodo
2233 2995 2356 3035 cum
2388 2980 2535 3035 omni
2564 2977 2977 3034 honoriﬁcentia
3026 2974 3338 3031 detulerunt
3378 2986 3500 3028 ossa

1925 3071 2127 3143 Joseph
2157 3087 2224 3126 ex
2248 3070 2481 3143 Egypto
2505 3110 2522 3136 ,
2576 3070 2853 3142 quomodo
2895 3076 3147 3125 mortuus
3181 3068 3345 3123 homo
3377 3079 3500 3119 ossa

1931 3164 2109 3219 Elisaai
2143 3174 2373 3237 tangens
2426 3162 2892 3219 surrexit?Porro
2929 3161 2974 3216 si
3026 3176 3126 3231 per
3154 3174 3277 3215 ossa
3335 3157 3503 3211 mira-

1930 3255 2050 3309 cula
2106 3263 2367 3325 operatur
2419 3254 2565 3309 Deus
2589 3296 2603 3319 ,
2644 3253 2998 3324 perspicuum
3033 3260 3119 3306 est
3152 3249 3296 3319 quod
3330 3249 3504 3317 possit

1928 3345 2091 3399 etiam
2122 3360 2221 3415 per
2243 3344 2527 3416 imagines.
2558 3354 2613 3399 et
2645 3360 2743 3412 per
2766 3344 2991 3414 lapides,
3019 3351 3076 3398 et
3113 3356 3213 3412 per
3235 3340 3338 3395 alia
3361 3337 3504 3392 mul-

1931 3444 2005 3490 ta.
2043 3436 2178 3490 Nam
2211 3446 2267 3492 et
2291 3436 2563 3492 Abraham
2604 3452 2714 3491 non
2765 3434 3017 3506 permisit
3054 3432 3273 3503 sepeliri
3302 3446 3505 3500 corpus

1931 3526 2080 3581 Sara:
2150 3527 2206 3581 in
2270 3526 2643 3582 monumentis
2712 3526 2945 3591 alienis,
3005 3524 3099 3580 sed
3167 3524 3222 3577 in
3286 3519 3507 3591 proprio

1929 3617 2183 3688 sepulcro
2220 3632 2383 3673 causa
2424 3617 2672 3672 honoris.
2714 3616 2850 3671 Nam
2872 3624 2929 3669 et
2955 3612 3122 3669 Jacoh
3150 3614 3383 3668 honorat
3409 3625 3508 3680 per

1930 3709 2164 3781 lapidem
2196 3709 2366 3765 Deum
2392 3749 2408 3775 ,
2442 3718 2689 3765 statuens
2718 3716 2775 3763 et
2804 3722 3013 3778 ungens
3055 3721 3182 3761 eum
3229 3705 3284 3758 in
3321 3714 3506 3776 typum

1930 3802 2132 3859 Christi
2160 3802 2436 3873 angularis
2466 3801 2686 3871 lapidis.
2711 3800 2779 3855 Et
2811 3800 2941 3855 item
2976 3814 3236 3853 acervum
3267 3798 3508 3867 lapidum

1932 3896 1989 3951 in
2018 3895 2200 3950 Laban
2236 3894 2539 3950 nominavit
2564 3901 2778 3948 testem.
2804 3891 2871 3947 Et
2920 3888 3079 3945 Jesus
3123 3889 3268 3945 Nave
3304 3889 3511 3945 duode-

1933 3987 2037 4043 cim
2078 3988 2289 4058 lapides
2319 3986 2510 4041 statuit
2537 3986 2592 4040 in
2648 3983 3084 4040 recordationem
3135 3982 3247 4037 Dei.
3275 3981 3329 4034 Si
3362 3982 3508 4038 enim

1934 4086 2119 4133 essent
2153 4078 2247 4133 tibi
2268 4114 2284 4139 .
2318 4093 2353 4133 o
2377 4076 2565 4133 Judaze
2586 4118 2603 4144 ,
2648 4076 2703 4131 in
2733 4077 2939 4145 templo
2968 4084 3063 4131 tuo
3087 4074 3198 4130 duo
3227 4073 3510 4129 cherubim

1933 4168 2047 4233 illi,
2075 4167 2169 4237 qui
2224 4168 2623 4223 obumbrabant
2670 4164 3141 4236 propitiatorium,
3185 4164 3415 4233 sculpti,
3457 4174 3514 4219 et

1936 4259 2196 4315 intrasset
2252 4257 2537 4327 quisquam
2592 4269 2836 4326 paganus
2881 4253 3148 4309 idolorum
3199 4254 3418 4317 cultor,
3456 4261 3514 4307 et

1936 4349 2068 4406 visis
2096 4349 2182 4404 his
2208 4347 2477 4419 arguisset
2497 4345 2715 4402 Judaeos
2737 4385 2751 4409 ,
2780 4344 2941 4417 quasi
2970 4352 3027 4398 et
3048 4344 3192 4413 ipsos
3215 4344 3510 4398 adorantes

1937 4439 2250 4502 simulacra,
2281 4437 2412 4508 quid
2444 4446 2604 4507 putas
2636 4435 2866 4490 haberes
2893 4475 2909 4500 ,
2956 4433 3048 4488 die
3075 4433 3508 4510 mihihrespou-

259 4527 431 4581 ταῦτα
455 4526 741 4598 ἐμέμψατο
760 4531 874 4593 τοῖς
908 4530 1207 4598 Ἰουδαίοις,
1232 4531 1310 4596 ὼς
1334 4533 1429 4587 καὶ
1443 4534 1624 4589 αὐτῶν
1644 4536 1829 4591 εἴδωλα

1941 4532 2071 4587 dere
2094 4530 2170 4585 illi
2205 4530 2273 4585 de
2301 4529 2517 4584 duobus
2544 4527 2834 4583 cherubim
2863 4524 3114 4581 l'usilibus
3136 4563 3152 4589 ,
3188 4533 3246 4580 et
3296 4525 3506 4588 bobus,

260 4618 731 4686 προσκυνούντων,
751 4619 804 4672 τί
820 4618 887 4673 ἂν
914 4616 1080 4691 εἶχες,
1110 4622 1233 4694 είττέ
1257 4640 1371 4693 μοι,
1393 4624 1838 4697 ἀπολογήσασθαι

260 4706 412 4779 αὐτῷ
444 4707 699 4778 περὶτῶν
729 4707 826 4763 δύο
844 4709 1128 4782 Χερουϐὶμ
1149 4711 1260 4765 τῶν
1284 4715 1592 4783 χωνευτῶν,
1611 4717 1704 4771 καὶ
1727 4717 1839 4773 τῶν

262 4797 423 4869 βοῶν,
464 4799 559 4853 καὶ
605 4801 885 4870 φοινίκων,
920 4802 1016 4856 καὶ
1037 4802 1265 4858 λεόντων
1295 4805 1407 4860 τῶν
1434 4806 1605 4862 ὅντων
1630 4808 1751 4863 τότε
1780 4812 1840 4863 ὲν

260 4890 341 4961 τῷ
363 4891 477 4963 ναῷ
504 4892 794 4962 γλυπτῶν;
847 4894 1012 4950 Οὐδὲν
1063 4889 1211 4967 εἶχες
1249 4896 1388 4968 πρὸς
1435 4898 1599 4952 αὑτὸν
1640 4899 1839 4972 ἀληθὲς

261 4984 464 5052 λέγειν,
486 4985 536 5037 εἰ
565 4985 642 5056 μὴ
661 4985 839 5050 τοῦτο,
871 4987 955 5041 ὅτι
982 4987 1094 5057 Οὐχ
1120 4986 1197 5052 ὡς
1217 4988 1372 5053 θεοὺς
1397 4988 1593 5061 ἔχομεν
1623 4990 1763 5045 αὐτὰ
1784 4994 1842 5046 ὲν

260 5072 342 5144 τῷ
370 5073 508 5144 ναῶ,
532 5073 648 5127 ἀλλ’
683 5076 765 5138 είς
795 5076 1101 5147 ἀνάμνησιν
1136 5076 1270 5131 Θεοῦ
1326 5078 1422 5132 καὶ
1453 5077 1614 5143 δόξαν
1646 5079 1715 5134 τὰ
1738 5081 1843 5133 Χε-

267 5164 469 5235 ρουϐὶμ
492 5163 664 5219 ταῦτα
686 5164 881 5237 ἔχομεν
912 5170 970 5222 ὲν
991 5167 1072 5239 τῷ
1092 5167 1224 5239 ναῷ.
1250 5169 1313 5222 Εἰ
1334 5168 1427 5223 οὖν
1448 5169 1624 5226 ταῦτα
1646 5170 1840 5238 οὕτως,

264 5256 383 5322 πῶς
417 5257 542 5326 ἐμοὶ
598 5257 728 5328 περὶ
782 5258 1004 5313 εἰκόνων
1055 5260 1345 5329 ἐγκαλείςς
1388 5260 1523 5315 Ἀλλ·
1550 5263 1696 5332 ἐρεῖς
1727 5280 1839 5332 μοι,

263 5351 348 5404 ὅτι
371 5350 400 5403 ὀ
425 5349 557 5413 Θεὸς
593 5347 671 5419 τῷ
698 5349 907 5421 Μωῦσῇ
944 5352 1257 5422 ,προσέταξε
1289 5355 1517 5425 ποιῇσαι
1548 5355 1607 5407 ἐν
1630 5353 1708 5425 τῷ
1730 5353 1843 5425 ναῷ

263 5439 335 5493 τά
360 5439 596 5509 γλυπτά.
627 5439 797 5508 Κάγὼ
815 5440 971 5495 τοῦτο
994 5441 1139 5512 λέγω
1159 5460 1174 5474 ο
1236 5444 1353 5498 ἀλλ’
1376 5447 1405 5499 ὀ
1427 5444 1679 5517 Σολομὼν
1701 5446 1845 5500 εκεῖ-

267 5533 363 5585 θεν
381 5532 668 5604 ὁδηγηθεὶς
700 5535 796 5587 καὶ
831 5535 1051 5589 πλείονα
1078 5537 1137 5590 ὲν
1164 5535 1243 5609 τῷ
1268 5537 1382 5609 ναῷ
1411 5538 1843 5601 κατεσκεύασεν,

1940 4632 1999 4689 et
2045 4621 2279 4693 palmis,
2346 4629 2403 4674 et
2474 4618 2763 4686 leonibus,
2827 4618 2922 4689 qui
2980 4628 3139 4683 erant
3192 4617 3248 4671 in
3308 4617 3512 4687 templo

1941 4714 2175 4786 sculpti?
2203 4712 2347 4768 Nihil
2374 4713 2607 4768 haberes
2626 4712 2815 4782 utique
2833 4725 3027 4767 verum
3047 4711 3115 4766 ad
3154 4726 3281 4765 eum
3322 4711 3512 4766 dicen-

1940 4808 2093 4873 dum,
2126 4805 2232 4861 nisi
2260 4806 2363 4861 hoc
2386 4847 2402 4871 ,
2439 4804 2567 4876 quia
2618 4804 2736 4859 Non
2777 4812 2837 4858 ut
2881 4802 3014 4859 deos
3053 4801 3321 4858 habemus
3348 4817 3412 4856 ea
3457 4803 3512 4857 in

1943 4897 2172 4968 templo,
2202 4897 2297 4952 sed
2325 4898 2392 4955 ad
2423 4895 2860 4952 recordationem
2890 4893 2989 4949 Dei
3027 4904 3084 4949 et
3127 4894 3353 4966 gloriam
3382 4894 3515 4951 istos

1942 4992 2228 5049 cherubim
2257 4991 2524 5047 habemus
2547 4990 2602 5044 in
2635 4988 2858 5060 templo.
2895 4986 2954 5043 Si
2983 5003 3114 5059 ergo
3156 4987 3289 5042 haec
3330 4988 3406 5042 ita
3455 5003 3516 5043 se

1942 5084 2185 5150 habent,
2214 5083 2487 5154 quomodo
2537 5097 2625 5136 me
2679 5096 2848 5152 super
2893 5080 3068 5136 iconis
3106 5081 3381 5136 accusas?
3407 5079 3516 5136 Sed

1940 5177 2079 5232 dicis
2121 5175 2278 5237 mihi,
2324 5173 2451 5245 quia
2495 5173 2643 5229 Deus
2692 5171 2859 5243 Moysi
2918 5172 3179 5243 praecepit
3226 5170 3405 5227 facere
3462 5170 3517 5226 in

1942 5268 2145 5337 templo
2176 5267 2480 5337 sculptilia:
2511 5274 2568 5321 et
2608 5280 2711 5337 ego
2753 5265 2858 5320 hoc
2901 5264 3065 5333 dico;
3124 5264 3219 5319 sed
3264 5262 3517 5317 Salomon

1942 5357 2071 5413 hinc
2108 5357 2351 5413 directus
2399 5356 2563 5411 etiam
2597 5356 2751 5427 plura
2836 5354 2893 5410 in
2953 5354 3154 5425 templo
3211 5353 3519 5408 construxit

1945 5463 2069 5519 quae
2100 5463 2279 5519 neque
2307 5448 2356 5503 ei
2384 5448 2533 5503 Deus
2560 5446 2821 5519 praecepit
2850 5488 2864 5513 ,
2892 5461 3070 5516 neque
3106 5444 3516 5499 tabernaculum

1948 5540 2248 5595 testimonii
2294 5539 2486 5594 habuit
2513 5577 2529 5602 .
2565 5553 2745 5609 neque
2796 5536 3059 5605 templum
3087 5533 3233 5606 quod
3265 5532 3518 5588 Ezechiel

266 5624 374 5679 ἆπε
381 5641 413 5692 ρ
427 5623 547 5678 οὐδὲ
564 5624 593 5678 ὀ
618 5625 749 5690 Θεὸς
768 5626 914 5699 αὐτῷ
936 5627 1290 5700 προσέταξεν,
1314 5629 1435 5683 οὐδὲ
1450 5631 1484 5701 ή
1510 5632 1683 5703 σκηνὴ
1700 5632 1733 5701 ή
1754 5630 1829 5684 τοί

1947 5645 2012 5684 ex
2047 5630 2161 5685 Deo
2189 5628 2609 5698 comtemplatus
2642 5633 2728 5683 est
2749 5664 2765 5691 ,
2799 5635 2855 5681 et
2881 5640 2991 5680 non
3018 5631 3103 5678 est
3145 5622 3200 5677 in
3248 5622 3351 5678 hoc
3413 5622 3516 5678 Sa-

343 5803 367 5835 ⁹
397 5802 533 5861 Gen.
565 5819 637 5871 ιι,
681 5805 771 5859 l7.

881 5806 924 5839 "
962 5805 1089 5877 Sap.
1118 5821 1205 5873 tv,
1235 5807 1289 5859 7.
1346 5805 1414 5862 ιν
1447 5808 1582 5882 Reg.
1619 5825 1694 5864 vn.
1775 5810 1813 5841 ¹¹
1852 5807 1918 5864 ιν
1972 5809 2105 5880 Reg.
2163 5823 2222 5875 ιι,
2262 5806 2358 5871 l9;
2410 5821 2460 5860 iv
2499 5805 2588 5860 29.
