4058 6426
554 414 689 480 1607

1547 406 1860 468 LEONTII
1897 402 2412 465 NEAPOLITANI
2448 400 2789 462 EPISCOPI

3680 398 3814 463 1608

542 534 727 586 lomon
782 525 1185 597 reprehensus:
1218 522 1273 577 in
1333 520 1561 595 gloriam
1594 520 1739 574 enim
1785 518 1879 574 Dei
1926 517 2116 587 hujus-

2239 515 2533 587 μαρτυρίου
2566 514 2746 585 ἔσχεν,
2798 510 2924 566 οὔτε
2953 514 2983 565 ὁ
3028 512 3155 575 ναὸς
3201 512 3262 565 ὃν
3304 510 3568 582 Ἰεζεκιὴλ
3602 514 3666 565 ἐκ
3687 514 3817 566 Θεοῦ

542 622 687 681 modi
738 619 941 676 formas
991 615 1334 680 construxit,
1373 612 1833 685 quemadmodum
1894 619 1950 665 et
1996 624 2118 665 nos.

612 882 860 939 Habuisti
889 889 1072 937 autem
1122 888 1208 943 tu,
1241 895 1275 934 ο
1302 877 1522 943 Iudaee,
1554 887 1610 933 et
1632 877 1736 933 alia
1773 862 2020 947 quasdam
2064 874 2123 930 in

543 979 864 1033 memoriam
893 985 948 1029 et
978 972 1205 1044 gloriam
1245 972 1363 1035 Dei,
1395 971 1653 1026 videlicet.
1677 973 1883 1040 virgam
1910 969 2078 1041 Moysi
2103 1010 2121 1035 ,

545 1068 873 1135 fabrefactus
926 1063 1187 1119 divinitus
1243 1062 1497 1127 tabulas,
1557 1061 1963 1116 incumbustum
2027 1077 2123 1115 ru-

545 1161 716 1223 bum,
770 1157 974 1211 aridam
1029 1163 1086 1209 et
1133 1154 1390 1224 irriguam
1460 1161 1668 1223 petram
1704 1192 1720 1217 ,
1778 1168 1978 1206 manna
2029 1167 2124 1223 ge-

547 1258 781 1305 stantem
815 1263 1038 1311 urnam,
1076 1262 1255 1301 arcam
1289 1287 1303 1310 ,
1331 1245 1523 1310 altare,
1571 1243 1661 1299 Dei
1694 1245 1932 1300 nominis
1966 1245 2124 1299 lami-

546 1359 707 1407 nam,
767 1342 940 1395 Deum
979 1338 1339 1393 manifestans
1390 1336 1607 1407 ephod,
1666 1338 1777 1391 Deo
1836 1337 2128 1392 habitabile

546 1431 983 1489 tabernaculum.
1041 1431 1264 1486 Utinam
1311 1439 1366 1483 et
1401 1438 1456 1483 tu
1518 1429 1671 1497 prius
1725 1429 1845 1483 haec
1893 1429 2127 1483 adorans

546 1539 798 1581 vacasses
825 1563 841 1589 ,
890 1532 947 1577 et
986 1522 1249 1576 invocans
1278 1536 1438 1587 eum,
1479 1520 1573 1590 qui
1620 1529 1706 1574 est
1750 1536 1916 1590 super
1943 1521 2126 1575 omnia

549 1616 698 1671 Deus
726 1656 742 1678 ,
780 1625 837 1670 et
880 1615 1062 1684 ipsum
1106 1628 1470 1668 memorasscs
1498 1629 1598 1682 per
1628 1613 1727 1666 has
1768 1612 1991 1682 pusillas
2019 1614 2131 1667 ico-

546 1724 648 1763 nas
676 1718 733 1762 et
780 1707 1014 1778 ﬁguras,
1059 1714 1115 1759 et
1154 1721 1265 1759 non
1301 1705 1530 1758 vitulum
1562 1711 1619 1757 et
1658 1719 1877 1757 muscas
1900 1704 2128 1759 haberes

548 1817 718 1871 super
747 1800 961 1855 tabulas
986 1814 1014 1852 a
1066 1797 1178 1851 Deo
1223 1806 1482 1865 patratas.
1514 1795 1740 1850 Utinam
1786 1803 2036 1849 sanetum
2067 1809 2131 1848 ac

2228 611 2469 680 ἑώρακε·
2504 608 2602 661 καὶ
2631 606 2694 659 οὑ
2725 605 3049 676 κατεγνὼθη
3086 606 3145 658 ὲν
3188 605 3280 658 τού
3294 623 3366 676 κῳ
3405 604 3682 674 Σολομῶν.
3732 606 3822 668 είς

2226 700 2387 766 δόξαν
2412 701 2522 772 γὰρ
2558 696 2697 752 Θεοῦ
2740 696 2959 770 μορφὰς
3007 694 3457 761 κατεσκεύασεν,
3506 694 3701 765 ῶσπερ
3728 696 3821 748 καὶ

2230 795 2264 865 ἠ
2273 796 2417 865 μεῖς.

2301 882 2462 955 Εἶχες
2487 884 2544 938 δὲ
2565 882 2654 949 σὺ,
2676 876 2721 936 ὦ
2760 880 3007 947 Ἰουδαῖε,
3027 880 3127 935 καὶ
3150 880 3318 951 ἕτερά
3331 894 3459 933 τινα
3490 878 3576 941 εἰς
3609 877 3819 947 μνήμην

2230 978 2329 1030 καὶ
2356 975 2515 1040 δόξαν
2564 972 2702 1027 Θεοῦ
2727 1015 2742 1036 ,
2776 974 2875 1044 τὴν
2909 971 3102 1043 ῥάϐδον
3146 968 3416 1033 Μωσέως,
3465 968 3570 1030 τὰς
3610 966 3816 1019 θεοτεύ-

2231 1086 2393 1131 κτους
2428 1068 2666 1131 πλάκας,
2695 1067 2795 1136 τὴν
2826 1064 3095 1134 ἄφλεκτον
3132 1063 3295 1133 βάτον
3317 1102 3333 1129 ,
3365 1063 3466 1130 τὴν
3497 1060 3817 1131 ξηρὲνυδροίι

2232 1162 2462 1232 πέτραν,
2520 1159 2620 1228 τὴν
2658 1158 3002 1229 μαννοφύρον
3046 1157 3311 1226 στάμνον,
3343 1155 3445 1226 τὴν
3468 1153 3726 1216 κιϐωτὸν,
3761 1153 3819 1205 τὸ

2230 1252 2659 1322 θυσιαστήριον,
2709 1252 2770 1303 τὸ
2805 1248 3087 1319 θεώνυμον
3148 1248 3404 1325 πέταλον,
3464 1246 3528 1298 τὸ
3577 1245 3820 1313 θεόδηλον

2232 1344 2416 1413 ὲφοὺδ,
2449 1343 2549 1413 τὴν
2603 1340 2895 1411 θεόσκηνον
2930 1340 3163 1410 σκηνήν.
3216 1338 3343 1391 Εἴθε
3384 1339 3481 1391 καὶ
3533 1337 3600 1389 σὺ
3633 1334 3819 1405 πρώην

2233 1435 2444 1498 τούτοις
2469 1433 2762 1504 ὲσχόλαζες
2791 1431 3138 1502 προσκυνῶν,
3158 1431 3250 1484 καὶ
3277 1428 3713 1499 ἐπικαλούμενος
3735 1429 3819 1479 τὸν

2234 1526 2330 1577 ἐπὶ
2361 1525 2581 1577 πάντων
2617 1522 2771 1587 Θεὸν,
2819 1522 2915 1575 καὶ
2971 1520 3137 1575 αὑτοῦ
3171 1519 3549 1590 ὲμνημόνευες
3598 1518 3689 1571 διὰ
3716 1518 3819 1569 τῶν

2239 1616 2453 1687 μικρῶν
2480 1614 2687 1667 τούτων
2713 1614 2937 1666 εἰκόνων
2965 1614 3061 1667 καὶ
3099 1612 3308 1676 τύπων,
3353 1612 3449 1664 καὶ
3497 1610 3575 1682 μὴ
3603 1610 3699 1664 τὸν
3725 1612 3817 1681 μό.

2240 1725 2366 1777 σχον
2399 1709 2494 1761 καὶ
2516 1707 2614 1769 τὰς
2661 1705 2824 1776 μυίας
2853 1709 3104 1776 κατεῖχες
3149 1705 3291 1776 ὑπὲρ
3334 1705 3432 1768 τὰς
3468 1703 3816 1766 θεοτεύκτους

2238 1800 2476 1863 πλάκας.
2528 1800 2654 1852 Εἴθε
2689 1798 2783 1852 καὶ
2828 1799 2890 1851 τὸ
2936 1798 3092 1865 ἅγιον
3144 1796 3382 1868 χρυσοῦν
3435 1796 3817 1867 θυσιαστήριον

547 1906 775 1947 aureum
806 1892 976 1945 altare
1005 1889 1380 1943 desiderasses
1428 1896 1485 1941 et
1534 1895 1625 1949 tu,
1673 1899 1729 1944 et
1769 1903 1883 1943 non
1933 1903 2127 1942 vaccas

2239 1891 2449 1953 ἐπόθεις
2476 1891 2572 1943 καὶ
2603 1892 2692 1954 σὺ,
2718 1888 2813 1942 καὶ
2840 1889 2915 1958 μὴ
2945 1889 3044 1952 τὰς
3066 1888 3332 1957 δαμάλεις
3357 1888 3457 1957 τῆς
3483 1887 3815 1958 Σαμαρείας.

548 1979 826 2035 Βοιωτίδι.
873 1977 1093 2033 Utinam
1151 1985 1207 2029 et
1241 1975 1450 2045 virgam
1492 1991 1615 2044 qua:
1682 1976 2125 2046 germinaverat,

549 2081 607 2126 et
636 2087 747 2126 non
789 2071 1067 2124 Astartem
1096 2108 1113 2134 ,
1160 2082 1282 2136 quae
1329 2067 1595 2122 desolavit
1635 2067 1912 2122 civitatem
1955 2077 2124 2123 tuam.

548 2162 770 2217 Utinam
813 2169 869 2215 et
896 2158 1158 2214 divinitus
1197 2158 1424 2213 imbrem
1469 2157 1690 2212 dantem
1720 2167 1933 2228 petram
1980 2160 2129 2215 salu-

550 2253 815 2316 tavisses,
845 2260 901 2305 et
950 2265 1060 2304 non
1086 2248 1214 2303 Baal
1242 2249 1407 2303 deum
1447 2257 1624 2304 tuum.
1684 2249 1793 2305 Sed
1837 2250 1962 2305 ideo
2013 2251 2132 2306 haec

551 2346 733 2400 omnia
764 2360 872 2398 non
899 2344 1094 2397 adoras
1119 2384 1134 2407 ,
1166 2343 1347 2412 prisce
1394 2340 1558 2396 Israel
1599 2381 1615 2406 ,
1672 2342 1803 2412 quia
1843 2358 1955 2397 non
1994 2343 2132 2399 dile-

550 2436 678 2492 xisti
707 2437 875 2490 Deum
903 2451 971 2490 ex
1013 2444 1128 2489 toto
1165 2435 1348 2489 corde.
1405 2432 1508 2499 Qui
1551 2442 1735 2489 autem
1776 2435 1952 2505 diligit
1995 2437 2133 2491 ami-

551 2545 675 2583 cum
703 2571 719 2594 ,
760 2538 856 2582 aut
879 2528 1264 2596 imperatorem
1286 2565 1303 2589 ,
1330 2534 1386 2579 et
1410 2526 1692 2596 praecipue
1726 2527 2134 2584 benefactorem

552 2636 749 2683 suum,
788 2620 904 2674 sive
923 2617 1096 2672 ﬁlium
1137 2617 1259 2686 ejus
1300 2616 1483 2671 videat
1512 2657 1526 2681 .
1572 2616 1691 2673 sive
1723 2617 1929 2690 virgam
1961 2660 1977 2685 ,
2019 2618 2136 2673 sive

552 2711 759 2776 sedem,
798 2710 916 2765 sive
948 2724 1238 2772 coronam,
1284 2708 1397 2764 sive
1446 2709 1668 2765 domum
1689 2751 1706 2777 ,
1739 2710 1853 2766 sive
1886 2726 2132 2775 servum,

552 2812 724 2866 tenet,
752 2801 1053 2865 osculatur,
1083 2809 1138 2855 et
1169 2801 1402 2855 honorat
1428 2817 1526 2871 per
1557 2803 1659 2857 ista
1688 2802 1832 2858 bene
1857 2802 2135 2868 meritum,

552 2906 610 2949 et
674 2895 909 2949 maxime
949 2893 1152 2949 Deum.
1200 2892 1337 2948 Cum
1373 2910 1502 2965 ergo
1539 2895 1744 2952 videris
1800 2895 2139 2951 Christianos

552 2987 781 3041 adorare
806 2999 1047 3050 crucem,
1081 2985 1220 3039 scito
1248 2985 1375 3054 quia
1398 2986 1662 3042 cruciﬁxo
1686 2988 1907 3042 Christo
1933 2988 2140 3043 adora-

554 3079 761 3134 tionem
813 3077 1103 3142 offerunt,
1154 3087 1211 3132 et
1244 3093 1355 3132 non
1398 3079 1568 3151 ligno.
1611 3078 1747 3135 Nam
1795 3080 1841 3135 si
1889 3090 2140 3136 naturam

555 3171 685 3242 ligni
741 3170 1093 3236 coluissent,
1160 3171 1406 3240 profecto
1450 3182 1507 3227 et
1557 3172 1781 3227 arbores
1833 3180 1890 3227 et
1943 3185 2138 3227 nemo-

2229 1980 2357 2033 Εἴθε
2420 1980 2506 2033 καὶ
2573 1981 2672 2051 τὴν
2724 1978 3108 2049 βλαστήσασαν
3152 1977 3387 2047 ῥάϐδον,
3443 1978 3539 2029 καὶ
3593 1978 3669 2047 μὴ
3726 1976 3819 2045 τὴν

2241 2069 2550 2139 Ἀστάρτην
2578 2066 2949 2139 ἐρημώσασάν
2982 2084 3076 2121 σου
3112 2067 3212 2139 τὴν
3233 2066 3409 2120 πόλιν.
3442 2067 3571 2121 Εἴθε
3601 2068 3700 2136 τὴν
3724 2068 3819 2136 ὀμ-

2232 2161 2458 2233 ϐρὸθεον
2482 2161 2718 2231 ὴσπάσω
2754 2162 2983 2230 πέτραν,
3014 2161 3112 2213 καὶ
3144 2159 3218 2230 μὴ
3253 2159 3402 2213 Βαὰλ
3430 2159 3522 2213 τὸν
3543 2160 3681 2212 Θεᾶν
3708 2175 3817 2213 σω.

2245 2254 2407 2309 Ἀλλά
2429 2252 2519 2306 διὰ
2548 2252 2707 2306 τοῦτο
2745 2253 2886 2307 αὐτὰ
2921 2252 3099 2306 πάντα
3118 2253 3181 2306 οὐ
3218 2254 3575 2323 προσκυνεῖς,
3602 2254 3632 2304 δ
3657 2252 3818 2306 πάλαι

2245 2344 2488 2416 Ἰσραὴλ,
2511 2344 2701 2415 ἐπειδὴ
2729 2346 2831 2398 ούκ
2865 2344 3165 2414 ἠγάπησας
3203 2344 3297 2398 τὸν
3323 2345 3458 2398 Θεὸν
3488 2344 3549 2409 ἐξ
3569 2344 3697 2415 ὅλης
3726 2344 3820 2413 τῆς

2234 2437 2466 2508 καρδίας
2491 2454 2586 2490 σου
2613 2452 2628 2468 ·
2661 2438 2690 2490 ὁ
2712 2436 2824 2507 γὰρ
2856 2437 3090 2505 ἀγαπῶν
3112 2437 3202 2490 τὸν
3225 2436 3424 2491 ἑαυτοῦ
3455 2437 3629 2507 φίλον,
3663 2437 3696 2507 ἢ
3724 2436 3817 2507 βα-

2237 2529 2414 2593 σιλέα,
2446 2530 2542 2583 καὶ
2571 2527 2811 2598 μάλιστα
2853 2528 3175 2600 εὐεργέτην,
3200 2528 3309 2583 κᾶν
3337 2530 3456 2583 υίὸν
3494 2531 3659 2583 αὐτοῦ
3694 2530 3815 2583 θεά-

2238 2638 2421 2693 σηται,
2455 2622 2562 2675 κᾶν
2596 2620 2813 2692 ῥάϐδον,
2854 2621 2961 2675 κᾶν
2990 2620 3204 2692 θρόνον,
3264 2623 3371 2675 κᾶν
3401 2621 3691 2691 στέφανον,
3721 2621 3814 2673 κᾶν

2236 2708 2406 2778 οἷκον,
2446 2712 2550 2766 κᾶν
2572 2711 2780 2774 δοῦλον,
2809 2714 3020 2784 κρατεῖ,
3047 2713 3387 2777 ἀσπάζεται,
3433 2715 3531 2767 καὶ
3572 2716 3706 2785 τιμᾷ
3731 2714 3811 2767 διὰ

2237 2803 2446 2857 τούτων
2474 2802 2564 2857 τὸν
2594 2802 2914 2873 εὐεργέτην,
2948 2806 3041 2857 καὶ
3072 2804 3309 2874 μάλιστα
3340 2804 3433 2858 τὸν
3459 2805 3613 2859 Θεόν.
3653 2807 3810 2858 Ὅταν

2239 2894 2332 2951 οὖν
2381 2896 2498 2967 ἴδῃς
2544 2896 2912 2966 Χριστιανοὺς
2966 2896 3413 2968 προσκυνοῦντας
3442 2898 3536 2950 τὸν
3567 2900 3805 2967 σταυρὸν,

2238 2987 2408 3057 γνῶθι
2438 2987 2520 3045 ὅτι
2548 2986 2627 3056 τῷ
2674 2985 3040 3057 σταυρωθέντι
3065 2985 3288 3057 Χριστῷ
3313 2986 3412 3057 τὴν
3446 2986 3807 3056 προσκύνησιν

2242 3076 2603 3147 προσάγουσι,
2636 3077 2731 3130 καὶ
2755 3076 2817 3129 οὐ
2840 3075 2917 3147 τῷ
2941 3074 3104 3147 ξύλῳ.
3139 3077 3295 3130 Ἐπεὶ
3315 3079 3366 3130 εί
3397 3078 3499 3150 τὴν
3523 3078 3683 3147 φύσιν
3719 3078 3807 3131 τοῦ

2244 3166 2402 3232 ξύλου
2438 3168 2649 3231 ἔσεϐον,
2682 3169 2901 3232 πάντως
2927 3169 2994 3222 ἂν
3023 3170 3118 3223 καὶ
3137 3170 3208 3223 τὰ
3232 3169 3426 3241 δένδρα
3458 3173 3555 3225 καὶ
3588 3173 3655 3225 τά
3682 3173 3808 3245 ἄλση

555 3241 616 3318 ra
639 3262 989 3318 adorassent:
1025 3262 1189 3318 sicuti
1220 3272 1277 3318 et
1298 3272 1358 3318 tu
1413 3264 1691 3333 quondam
1723 3262 1891 3320 Israel
1944 3264 2135 3319 adora-

2246 3259 2639 3329 προσεκύνουν,
2662 3259 2853 3332 ὥσπερ
2873 3263 2967 3315 καὶ
2993 3260 3057 3314 σύ
3086 3277 3219 3315 ποτε
3242 3264 3272 3315 ὁ
3305 3263 3524 3334 Ἰσραὴλ
3554 3265 3809 3334 προσεκύ-

553 3354 653 3409 bas
716 3354 833 3409 haec
862 3394 876 3418 ,
915 3354 1105 3409 dicens
1147 3355 1329 3410 arbori
1396 3364 1452 3410 et
1504 3355 1653 3427 ligno
1709 3374 1722 3410 :
1773 3356 1849 3410 Tu
1895 3372 1949 3411 es
1998 3356 2138 3411 Deus

555 3462 738 3511 meus,
788 3454 843 3499 tu
871 3462 951 3500 me
991 3446 1216 3517 genuisti
1281 3448 1347 3502 ¹².
1388 3448 1460 3502 At
1486 3462 1589 3503 nos
1648 3448 1848 3504 iterum
1905 3465 2013 3503 non
2061 3448 2140 3505 sic

555 3538 789 3592 dicimus
820 3538 972 3593 cruci
1000 3580 1015 3604 ,
1065 3554 1243 3610 neque
1275 3539 1463 3611 ﬁguris
1495 3551 1813 3595 sanctorum
1845 3558 1859 3594 :
1892 3541 1975 3595 Dii
2010 3558 2140 3597 nos-

556 3630 626 3684 tri
666 3630 834 3686 estis:
874 3646 987 3685 non
1015 3632 1160 3685 enim
1192 3640 1326 3687 sunt
1385 3633 1459 3687 dii
1521 3635 1697 3689 nostri
1729 3675 1743 3700 ,
1801 3635 1896 3689 sed
1944 3634 2139 3690 simili-

560 3721 783 3778 tudines
846 3730 901 3778 et
950 3722 1214 3794 imagines
1246 3722 1451 3779 Christi
1507 3734 1564 3779 et
1614 3734 1930 3780 sanctorum
1991 3727 2137 3795 ejus,

555 3816 622 3871 ad
659 3816 1088 3872 recordationem
1119 3823 1174 3870 et
1190 3816 1478 3883 honorem,
1500 3824 1555 3871 et
1586 3818 1842 3872 decorem
1874 3818 2142 3873 ecclesia-

554 3924 674 3962 rum
702 3908 993 3978 proposita:
1018 3923 1083 3963 ac
1100 3908 1413 3963 adorandae.
1432 3908 1535 3974 Qui
1561 3908 1708 3963 enim
1737 3909 1971 3965 honorat
1998 3924 2143 3965 mar-

556 4009 751 4071 tyrem,
771 3999 941 4054 Deum
959 4000 1213 4056 honorat:
1232 4012 1289 4055 et
1309 4001 1401 4070 qui
1420 4000 1645 4056 Matrem
1663 4000 1780 4069 ejus
1802 4002 2014 4069 adorat,
2036 4002 2142 4074 ipsi

558 4088 1036 4143 honoriﬁcentiam
1075 4090 1319 4145 exhibet.
1363 4090 1430 4146 Et
1474 4092 1567 4162 qui
1625 4094 1930 4163 apostolum
1969 4095 2145 4150 bonn—

556 4191 683 4248 rat,
712 4181 865 4235 illum
901 4181 993 4251 qui
1044 4182 1215 4248 misit,
1246 4184 1501 4239 honorat.
1550 4186 1775 4242 Utinam
1821 4198 1877 4243 et
1912 4196 1971 4243 tu
2025 4189 2144 4243 Mo-

557 4274 735 4328 saieas
768 4273 954 4327 iconas
983 4272 1195 4328 faceres
1216 4318 1235 4342 ,
1272 4284 1328 4331 et
1366 4278 1721 4346 propheticas
1755 4320 1771 4345 ,
1815 4288 1981 4351 atque
2044 4297 2145 4353 per

2241 3369 2354 3416 νεις
2401 3351 2634 3419 τούτοις,
2682 3353 2855 3423 λέγων
2894 3354 2972 3426 τῷ
3024 3354 3227 3426 δένδρῳ
3264 3356 3359 3410 καὶ
3410 3356 3491 3426 τῷ
3522 3356 3697 3427 ξύλῳ·
3734 3359 3809 3411 Σύ

2235 3461 2356 3513 μου
2384 3440 2443 3498 εἷ
2469 3445 2635 3512 Θεὸς,
2660 3446 2759 3499 καὶ
2794 3448 2876 3501 σύ
2906 3465 2984 3516 με
3014 3446 3369 3516 ἐγέννησας.
3421 3450 3594 3505 Πάλιν
3636 3449 3690 3502 δὲ
3722 3451 3809 3520 οὐχ

2240 3536 2415 3602 οὕτως
2450 3538 2685 3610 λέγομεν
2713 3541 2873 3611 ἡμεῖς
2894 3540 2971 3611 τῷ
2994 3541 3237 3611 σταυρῷ,
3267 3542 3385 3596 οὐδὲ
3417 3546 3544 3604 ταῖς
3589 3546 3809 3615 μορφαῖς

2240 3630 2349 3683 τῶν
2384 3630 2583 3699 ἁγίων’
2615 3633 2741 3685 Θεοὶ
2772 3631 2930 3703 ἡμῶν
2949 3633 3071 3686 ὲστε
3093 3650 3108 3664 ⁸
3135 3634 3198 3687 οὐ
3223 3635 3331 3705 γάρ
3362 3636 3472 3688 εἰσι
3505 3636 3621 3689 θεοὶ
3642 3638 3809 3707 ήμῶν,

2243 3722 2361 3776 ἀλλ’
2386 3724 2710 3793 ὁμοιώματα
2735 3727 2833 3779 καὶ
2860 3726 3067 3789 εἰκόνες
3095 3728 3334 3798 Χριστοῦ
3365 3730 3460 3782 καὶ
3500 3730 3612 3783 τῶν
3655 3732 3810 3799 ἁγίων

2242 3813 2430 3878 αὑτοῦ,
2464 3814 2601 3885 πρὸς
2633 3815 2963 3886 ἀνάμνησιν,
2994 3819 3088 3871 καὶ
3122 3817 3312 3889 τιμὴν,
3364 3820 3467 3873 καὶ
3489 3822 3810 3893 εὐπρέπειαν

2243 3907 2551 3978 ἐκκλησιῶν
2590 3909 2931 3979 προκείμενα
2970 3912 3064 3964 καὶ
3125 3912 3624 3985 προσκυνούμενα·
3658 3917 3687 3969 ὁ
3715 3916 3809 3987 γάρ

2242 4000 2418 4069 τιμῶν
2446 3999 2540 4053 τὸν
2571 3999 2850 4072 μάρτυρα,
2880 4001 2973 4056 τὸν
3002 4002 3133 4057 Θεὸν
3154 4007 3292 4077 τιμᾷ
3311 4021 3325 4033 ·
3360 4008 3458 4062 καὶ
3487 4010 3517 4062 ὁ
3548 4012 3619 4080 τῇ
3641 4011 3807 4080 Μητρὶ

2245 4090 2412 4145 αὐτοῦ
2441 4093 2793 4162 προσκυνῶν,
2830 4093 2980 4164 αὐτῷ
3004 4094 3104 4164 τὴν
3131 4095 3297 4167 τιμὴν
3333 4099 3628 4169 προσάγει.
3658 4104 3760 4157 Καὶ
3783 4105 3808 4155 ὁ

2243 4186 2337 4239 τὸν
2371 4186 2668 4239 ἀπόστολον
2716 4186 2915 4258 τιμῶν,
2965 4188 3055 4241 τὸν
3086 4189 3481 4246 ἀποστείλαντα
3515 4196 3679 4266 τιμᾷ·
3709 4197 3806 4250 εἴθε

2245 4275 2428 4328 καὶσὺ
2459 4276 2764 4339 Μωσαῖκὰς
2791 4276 3006 4340 εἰκόνας
3043 4278 3250 4342 ἐποίεις
3293 4283 3389 4334 καὶ
3437 4288 3773 4355 προφητικὰς
3792 4327 3806 4349 ,

556 4365 800 4434 singulos
835 4366 955 4420 dies
987 4366 1045 4419 in
1101 4366 1181 4420 eis
1224 4366 1485 4423 adorares
1517 4369 1805 4426 Dominum
1856 4380 1913 4426 et
1968 4373 2135 4428 Deum

2246 4364 2341 4416 καὶ
2369 4363 2490 4417 καθ’
2525 4365 2767 4435 ἑκάστην
2798 4365 3014 4437 ἡμέραν
3032 4366 3099 4420 δι⁹
3128 4368 3311 4424 αὐτῶν
3347 4374 3704 4442 προσεκύνεις
3742 4376 3810 4447 τῷ

558 4459 820 4527 ipsorum,
858 4469 913 4513 et
943 4473 1056 4512 non
1104 4458 1401 4528 imaginem
1446 4476 1665 4515 auream
1699 4460 2135 4522 Nabuchodono-

2241 4452 2360 4523 Θεῷ
2393 4454 2489 4508 κιιι)⁵
2511 4454 2756 4527 Δεσπότῃ
2793 4455 3006 4524 αὐτῶν,
3036 4458 3131 4511 καὶ
3161 4458 3237 4530 μὴ
3255 4461 3323 4530 τῇ
3361 4441 3534 4515 εικόνι
3556 4468 3622 4535 τῇ
3648 4441 3807 4536 χρυσῇ

555 4563 667 4605 sor.
705 4547 772 4602 Et
811 4547 1085 4618 quomodo
1115 4563 1225 4602 non
1256 4548 1611 4604 confunderis
1643 4561 1830 4606 contra
1871 4569 1959 4608 me
1986 4570 2137 4610 com-

555 4649 773 4707 motus,
799 4650 856 4694 et
879 4640 1125 4693 elevatus
1161 4654 1330 4708 super
1376 4638 1703 4711 imaginibus
1729 4683 1741 4705 ,
1786 4654 1842 4699 et
1868 4646 2019 4701 cruci
2049 4663 2138 4703 ca-

556 4731 822 4785 lumniam
867 4728 1161 4783 inferens?
1189 4729 1248 4783 Si
1280 4730 1553 4784 Abraham
1591 4731 1906 4789 idololatras
1938 4735 2134 4792 adora-

556 4816 637 4872 vit
664 4856 679 4881 ,
732 4825 789 4871 et
816 4815 994 4871 Moses
1018 4815 1213 4870 Jethro
1242 4815 1679 4882 idololatram,et
1700 4819 1871 4875 Iacob
1899 4822 2144 4881 Pharao-

556 4921 684 4961 nem
712 4947 727 4967 ,
765 4916 822 4961 et
874 4906 1061 4961 Daniel
1125 4904 1638 4965 Nabuchodonosor
1685 4926 1700 4963 :
1775 4912 1821 4967 si
1867 4912 1978 4981 isti,
2017 4931 2143 4973 cum

555 5006 741 5053 essent
770 4999 1048 5069 propheta
1075 5012 1139 5053 ac
1166 4998 1323 5068 justi,
1348 5009 1571 5070 prepter
1600 5002 1847 5073 quaedam
1886 5006 2150 5066 beneﬁcia

558 5086 859 5142 adorabant
896 5103 993 5143 eos
1024 5103 1191 5159 super
1216 5098 1424 5146 terram
1464 5090 1777 5150 idololatras
1798 5097 2146 5167 exsistentes,

557 5178 613 5233 in
660 5194 749 5233 me
793 5179 1006 5235 eﬂerris
1056 5182 1378 5239 adorantem
1423 5198 1642 5239 crucem
1688 5194 1744 5241 et
1794 5189 2141 5248 characteres

554 5280 906 5336 sanctorum,
931 5287 1000 5327 ex
1033 5273 1235 5342 quibus
1265 5275 1407 5330 dena
1435 5275 1603 5330 millia
1635 5276 1777 5333 bona
1828 5295 1858 5334 ο
1900 5280 2011 5337 Deo
2043 5298 2141 5354 per

553 5379 653 5419 eos
683 5363 968 5435 percipio?
996 5362 1099 5429 Qui
1128 5365 1274 5421 enim
1306 5382 1492 5438 regem
1525 5369 1768 5426 timuerit
1800 5412 1815 5437 ,
1842 5388 1953 5428 non
1980 5373 2138 5431 inho-

556 5465 717 5511 norat
776 5456 946 5511 ﬁlium
995 5456 1137 5526 ejus.
1180 5456 1247 5512 Et
1298 5458 1391 5528 qui
1433 5459 1606 5515 Deum
1648 5462 1848 5529 timet,
1906 5465 2139 5521 honorat

550 5546 745 5613 utique
778 5585 793 5609 ,
849 5556 903 5599 et
934 5545 1088 5611 colit,
1134 5560 1201 5600 ac
1225 5546 1418 5603 adorat
1476 5556 1537 5603 ut
1592 5548 1787 5605 Filium
1828 5550 1926 5607 Dei
1981 5553 2139 5608 Chri-

556 5639 702 5686 stum
746 5633 1037 5688 Dominum
1076 5642 1324 5692 nostrum
1346 5676 1361 5704 ,
1391 5646 1447 5693 et
1497 5637 1721 5709 ﬁguram
1751 5640 1932 5697 crucis
1974 5641 2093 5713 ejus
2120 5681 2136 5708 ,

520 5824 525 5835 ·
635 5808 679 5839 ⁵⁸
718 5806 918 5863 Jerem.
957 5825 1021 5878 ll,
1053 5810 1143 5866 27.

2241 4544 2741 4617 Ναϐουχοδονόσορο
2782 4547 2880 4601 καὶ
2926 4548 3046 4613 πῶς
3095 4550 3198 4604 οὐκ
3248 4552 3482 4626 αἰσχύνῃ
3532 4557 3654 4609 κατ’
3687 4559 3809 4627 ἐμοῦ

2240 4634 2578 4705 κινούμενος,
2626 4637 2720 4690 καὶ
2766 4641 3241 4712 κατεπαιρόμενος
3275 4647 3420 4699 κατὰ
3460 4648 3574 4701 τῶν
3604 4652 3810 4705 εἰκόνων

2243 4728 2338 4781 καὶ
2362 4727 2455 4780 τοῦ
2485 4730 2721 4801 σταυροῦ
2752 4730 3028 4801 ἐγκαλῶν,
3056 4736 3104 4786 εἰ
3148 4735 3398 4806 Ἀϐραάμ
3441 4741 3561 4803 τοῖς
3612 4741 3811 4794 εἰδωλο-

2248 4820 2478 4892 λάτραις
2501 4824 2933 4894 προσεκύνησεν,
2966 4828 3016 4879 εἰ
3043 4827 3251 4899 Μωσῆς
3270 4830 3362 4884 τὸν
3413 4830 3584 4903 Ἱοθὸρ
3612 4832 3809 4887 εἰδωλο-

2246 4911 2452 4984 λάτρην
2486 4915 2931 4987 προσεκύνησεν,
2984 4917 3081 4971 καὶ
3117 4919 3313 4974 Ἰακὼϐ
3356 4923 3451 4974 τὸν
3477 4924 3701 4995 Φαραὼ,
3732 4928 3812 4979 καὶ

2246 5006 2445 5079 Δανιὴλ
2477 5008 2572 5062 τὸν
2601 5008 3110 5083 Ναϐουχοδονόσορς
3149 5013 3213 5066 Et
3250 5005 3397 5068 οῦτοι
3430 5016 3709 5087 προφῆται
3732 5018 3811 5069 καὶ

2244 5096 2444 5152 δίκαιοι
2471 5098 2647 5164 ὅντες,
2675 5100 2764 5155 διά
2786 5118 2938 5166 τινας
2969 5103 3291 5175 εὐεργεσίας
3314 5108 3688 5178 προσεκύνουν
3726 5110 3810 5163 αὖε

2243 5193 2357 5253 τοῖς
2386 5191 2478 5244 ἐπὶ
2510 5192 2611 5263 τὴν
2636 5194 2743 5265 γῆν
2762 5195 3175 5269 εἰδωλολάτραις
3199 5194 3369 5267 οὖσιν,
3389 5199 3525 5269 ἐμοῦ
3560 5200 3811 5255 scatat-tui.

2245 5299 2312 5354 ρῃ
2341 5285 2779 5354 προσκυνοῦντος
2826 5289 3049 5362 σταυρῷ
3078 5292 3175 5345 καὶ
3210 5293 3591 5364 χαρακτῆρσιν
3634 5293 3811 5362 ἁγίων,

2240 5374 2300 5439 ἐξ
2321 5368 2395 5428 ὧν
2427 5375 2603 5448 μυρίαι
2624 5378 2807 5447 ἀγαθά
2831 5382 2984 5452 παρὰ
3017 5382 3155 5436 Θεοῦ
3183 5383 3252 5437 δι’
3279 5384 3458 5439 αὐτῶν
3484 5386 3807 5457 κομίζομαις

2239 5467 2267 5518 ὁ
2302 5466 2410 5539 γὰρ
2468 5468 2562 5520 τὸν
2622 5469 2852 5539 βασιλέα
2897 5472 3254 5545 φοϐούμενος,
3309 5476 3410 5529 οὐκ
3451 5477 3706 5547 ἀτιμάζει
3731 5475 3811 5528 τὸν

2246 5556 2375 5609 Υίὸν
2403 5557 2569 5612 αὑτοῦ
2591 5573 2609 5591 ο
2640 5561 2736 5613 καὶ
2766 5560 2797 5611 δ
2851 5561 2988 5616 Θεὸν
3036 5564 3387 5635 φοϐούμενος,
3442 5567 3583 5637 τιμᾷ
3608 5566 3809 5627 πάντως

2246 5646 2339 5700 καὶ
2369 5646 2519 5703 σέϐει
2562 5649 2653 5703 καὶ
2696 5654 2996 5719 προσκυνεῖ
3026 5652 3102 5719 ὡς
3132 5655 3260 5709 Υἱὸν
3283 5655 3418 5709 Θεοῦ
3469 5654 3701 5728 Χριστὸν
3729 5653 3809 5707 τὸν
