4058 6400
671 419 802 483 1611

1689 420 1998 480 LEONTII
2041 387 2550 480 NEAPOLITANI
2593 417 2934 478 EPISCOPI

3771 422 3878 488 1612

667 553 798 593 vero
829 551 974 601 eum,
1010 550 1171 605 quem
1212 533 1370 590 facile
1405 541 1486 590 est
1525 548 1744 599 vexare,
1783 545 1840 589 et
1875 533 2236 601 calumniari;
2271 539 2310 594 Α
2344 549 2486 606 rum,
2525 547 2757 603 quorum
2827 539 3038 600 partus,
3072 536 3128 583 et
3170 529 3406 598 soboles,
3432 540 3561 586 sunt
3611 535 3879 602 passiones.

666 625 896 696 pardum
931 639 1060 679 vero
1080 624 1170 678 τὸν
1196 623 1709 694 ποικιλόγνωμον,ῑά
1740 633 1843 686 est,
1868 623 2234 694 versipellem,

666 717 881 772 haedum
931 723 1115 770 autem
1162 715 1465 785 simplicem
1517 733 1530 781 ;
1590 716 1817 770 vitulum
1866 726 2234 779 mansuetum,

667 814 883 860 taurum
917 821 1047 861 vero
1078 805 1360 870 audacem,
1385 805 1600 860 leonem
1632 807 1950 876 superbum,
1970 823 2110 876 quos
2139 807 2238 861 du-

667 907 777 965 cet,
807 898 1003 968 inquit,
1032 907 1087 952 et
1119 907 1308 968 pascet
1339 898 1504 952 homo
1547 899 1837 968 prudentia
1881 900 2100 969 quidem
2149 915 2238 955 se-

666 1005 794 1054 nex,
821 989 1136 1043 innocentia
1166 1005 1297 1044 vero
1327 999 1382 1044 et
1414 989 1720 1044 humilitate
1744 1005 1900 1060 puer,
1919 1005 1983 1045 ac
2010 1005 2238 1062 magnus

666 1081 886 1150 quidem
919 1080 1144 1144 virtute,
1175 1095 1374 1149 parvus
1395 1089 1574 1134 autem
1610 1081 1816 1135 vilitate
1845 1097 1964 1152 quae
1989 1089 2234 1152 apparet,

665 1180 720 1225 et
750 1171 1036 1225 tenuitate.
1057 1168 1378 1240 l-lujusmodi
1404 1179 1533 1226 sunt
1560 1172 1820 1242 praesides
1849 1171 2234 1232 Ecclesiarum.

663 1276 694 1315 a
733 1262 934 1330 quibus
981 1261 1074 1331 qui
1108 1262 1353 1317 moribus
1403 1263 1683 1330 diﬂ‘erunt,
1732 1273 2124 1335 temperantur,
2184 1273 2240 1320 et

665 1364 1014 1425 coaptantur.
1054 1355 1132 1410 Ac
1162 1371 1349 1410 rursus
1379 1356 1574 1411 bovem
1604 1356 1824 1426 quidem
1858 1365 2015 1411 vocat
2042 1371 2237 1425 opera-

663 1444 830 1507 rium,
858 1461 1047 1499 ursum
1081 1461 1210 1500 vero
1254 1461 1504 1501 voracem
1540 1464 1553 1512 ;
1588 1447 1718 1502 item
1757 1448 1968 1502 leonem
2015 1446 2235 1517 quidem

663 1534 991 1604 principem.
1015 1546 1070 1590 et
1096 1537 1399 1604 ductorem,
1415 1540 1605 1595 bovem
1629 1556 1757 1596 vero
1775 1540 1876 1596 sub
1901 1540 2031 1610 jugo
2062 1540 2236 1595 servi-

666 1627 798 1682 tutis
817 1627 1092 1684 viventem
1119 1644 1183 1685 ac
1210 1631 1537 1701 subjectum,
1554 1633 1736 1702 paleas
1758 1633 1916 1686 vilem
1941 1642 1996 1687 et
2014 1640 2234 1686 tenuem

666 1717 850 1772 cibum
877 1719 1017 1789 ejus,
1049 1721 1142 1789 qui
1177 1721 1278 1776 sub
1307 1722 1440 1792 jugo
1470 1731 1574 1776 est.
1606 1721 1866 1777 Comedet
1910 1722 2056 1776 enim
2113 1737 2236 1776 cum

666 1807 919 1878 subjecto
941 1809 986 1864 is
1003 1811 1095 1880 qui
1130 1812 1373 1882 subjicit,
1400 1821 1622 1882 propter
1645 1813 1906 1867 unitatem
1937 1812 2238 1868 ﬁdei.Puer

668 1907 851 1954 autem
882 1917 1081 1970 parvus
1113 1911 1194 1957 est
1215 1905 1585 1974 unusquisque
1613 1907 1829 1975 praasul,
1859 1906 2000 1960 sicut
2033 1906 2235 1960 dictum

669 2000 773 2054 est,
811 1992 1316 2062 malitia'parvulus,
1353 1997 1509 2067 cujus
1552 1997 1795 2052 doctrina
1841 2007 2062 2068 propter
2096 1998 2236 2052 mul-

669 2090 775 2134 tam
807 2085 1208 2153 expeditionem
1239 2103 1431 2142 manus
1459 2097 1703 2153 vocatur,
1739 2105 1859 2159 quae
1893 2089 2234 2155 admovetur,

667 2181 723 2226 et
752 2173 996 2243 injicitur
1051 2177 1379 2244 inﬁdelibus,
1425 2181 1516 2249 qui
1555 2189 1700 2234 'sunt
1752 2178 2120 2248 loramina,et
2147 2180 2234 2236 lu-

668 2275 801 2330 stra,
830 2269 1114 2336 accubilia,
1145 2279 1199 2324 et
1243 2270 1520 2326 domicilia
1579 2271 1826 2342 aspidum
1855 2272 2234 2342 spiritualium,

668 2356 722 2410 id
775 2367 887 2426 est,
943 2359 1250 2416 daamonum
1317 2372 1744 2427 venenatorum,
1805 2373 1862 2418 et
1923 2364 2232 2418 mortifero-

2410 624 2583 678 Aliter
2611 621 2910 694 etiam,qui
2941 622 3134 677 vivunt
3162 623 3464 677 secundum
3489 621 3881 686 Christum.ma-

2342 733 2473 772 num
2511 716 2769 786 injiciunt
2797 713 3163 780 daemonibus,
3195 729 3320 768 cum
3351 713 3566 784 signum
3605 717 3771 772 crucis
3812 721 3881 773 in-

2341 810 2586 866 ferentes
2636 810 2720 863 eis
2761 823 2873 862 non
2914 807 3100 862 sinunt
3155 808 3524 862 inhabitantes
3584 823 3769 863 nocere
3799 812 3879 878 eis,

2340 917 2478 974 quos
2509 901 2785 956 obsident.
2810 899 2968 966 Quod
2991 909 3175 954 autem
3199 899 3402 954 bestias
3441 899 3559 954 sive
3593 899 3727 954 feras
3753 915 3880 958 vocat

2340 1005 2529 1068 gentes
2557 1009 2701 1066 saepe
2729 1009 2961 1049 numero
2986 992 3291 1064 Scriptura,
3311 993 3386 1048 ait
3401 992 3547 1048 Deus
3570 1009 3666 1064 per
3691 993 3878 1049 Oseam:

2342 1089 2634 1157 Disponam
2666 1095 3040 1141 testamentum
3066 1087 3122 1140 in
3160 1087 3245 1140 die
3276 1086 3373 1140 illa
3407 1103 3526 1139 cum
3555 1085 3725 1138 bestiis
3765 1090 3876 1158 agri,

2343 1191 2390 1236 et
2419 1197 2536 1234 cum
2563 1179 2856 1234 volucribus
2889 1179 3022 1247 cali,
3051 1195 3168 1232 cum
3210 1179 3536 1247 serpentibus
3571 1186 3719 1231 terra
3745 1179 3782 1242 ‘,
3811 1197 3878 1249 ge-

2341 1273 2609 1328 neraliore
2645 1269 2904 1327 sermone
2932 1271 3139 1326 bestias
3171 1262 3394 1342 quidem
3416 1262 3532 1341 agri
3570 1263 3799 1323 nominat
3819 1271 3877 1323 le-

2341 1363 2512 1427 rinos,
2541 1369 2594 1416 et
2623 1353 2888 1416 immanes
2913 1377 2928 1427 ;
2969 1361 3221 1415 volucres
3239 1376 3369 1416 vero
3395 1360 3670 1422 elatiores,
3695 1375 3876 1430 serpen-

2341 1462 2424 1510 tes
2462 1469 2592 1509 vero
2643 1453 2982 1517 humiliores,
3015 1463 3110 1508 aut
3161 1451 3408 1508 volucres
3438 1448 3662 1522 Quidem
3707 1451 3877 1506 deditos

2340 1545 2644 1616 astrologia:
2679 1561 2694 1610 ;
2729 1553 3015 1614 serpentes
3041 1559 3172 1598 vero
3200 1541 3512 1597 sordidatos
3546 1541 3874 1610 passionibus.

2340 1646 2394 1692 et
2419 1653 2607 1692 rursus
2634 1646 2744 1706 per
2775 1634 2964 1690 Isaiam
3006 1653 3019 1689 :
3055 1635 3358 1690 Benedicite
3392 1653 3494 1700 me,
3530 1652 3705 1693 omnes
3741 1640 3879 1692 bane

2341 1730 2495 1798 agri1
2530 1745 2544 1793 ;
2574 1736 2628 1782 et
2669 1717 2866 1782 iterum
2912 1742 3012 1797 per
3036 1725 3331 1781 Jeremiam
3364 1745 3378 1780 :
3407 1726 3546 1782 Dedi
3571 1745 3762 1784 omnem
3797 1743 3876 1783 m-

2343 1839 2460 1874 ram
2499 1819 2979 1873 Nabuchodonosor
3023 1819 3132 1888 regi
3167 1817 3471 1889 Babylonis,
3507 1829 3566 1873 ut
3595 1823 3790 1875 serviret
3826 1824 3876 1881 ei,

2345 1923 2394 1968 et
2425 1913 2614 1967 bestias
2644 1913 2778 1981 agri,
2799 1905 3228 1979 ut‘operarentur
3255 1911 3302 1965 ei
3338 1911 3360 1943 ³
3385 1929 3399 1977 ;
3426 1913 3482 1966 et
3517 1912 3575 1966 in
3602 1912 3878 1972 Ezechiele:

2344 2002 2536 2057 Delebo
2564 2001 2734 2056 malas
2763 2001 2953 2055 bestias
2974 2003 3037 2055 de
3057 2011 3197 2055 terra
3227 2003 3248 2033 9
3282 2018 3299 2068 ;
3331 2009 3391 2055 ut
3411 2003 3724 2057 omittamus
3746 2020 3876 2060 nunc.

2343 2110 2464 2165 quae
2495 2078 2639 2149 bsunt
2694 2077 2838 2162 apud
2893 2092 3191 2156 Daniclem,
3247 2103 3303 2148 et
3356 2093 3487 2148 illud
3529 2093 3878 2162 :Comparam

2323 2179 2503 2250 enim,
2548 2185 2747 2255 inquit,
2781 2193 2855 2238 est
2891 2185 3148 2254 jumentis
3171 2185 3534 2255 insipientibus
3565 2187 3711 2239 homo
3748 2197 3879 2238 male

2343 2280 2613 2349 prwditus,
2635 2287 2683 2334 et
2706 2278 3036 2334 assimilatas
3067 2287 3144 2332 est
3169 2278 3270 2333 illis
3309 2279 3374 2334 ¹⁰.

744 2532 929 2591 “Osee
957 2552 1016 2604 ιι,
1069 2537 1157 2593 18.
1233 2537 1251 2568 ⁷
1293 2537 1395 2592 lsa.
1430 2515 1596 2605 'xuu,
1628 2537 1715 2594 ΞΟ.
1795 2538 1815 2570 ⁸
1845 2538 2047 2597 Jerem.
2095 2556 2235 2598 xxvn

2340 2543 2403 2597 14.
2481 2547 2502 2577 ’
2539 2537 2737 2598 Ezech.
2779 2522 3081 2609 ιικινίῖὄ.
3163 2536 3206 2568 ¹⁶
3229 2533 3370 2595 Psal.
3413 2554 3608 2605 xtvm,
3643 2541 3720 2595 l3.
