4034 6434
274 372 419 432 1613
1210 379 1367 435 νιτΑ
1413 378 1656 449 SANC’I'I
1690 379 1983 447 ,JOANNIS
2023 382 2601 440 ELEEMOSYNAIHI.
3388 383 3523 438 l6”

273 574 3526 611 cum

1644 852 1935 900 JANUARII
1974 854 2150 899 XXIII.

270 1130 940 1348 VITA
1100 1128 2060 1344 SANCTI
2214 1137 2336 1342 J
2353 1128 3072 1347 OANN
3090 1130 3344 1344 IS
3440 1139 3523 1217 “’

1455 1571 2287 1655 ELEEMOSYNARII
2312 1631 2330 1662 ,
2372 1651 2381 1667 ,

730 1838 1101 1915 AUCTORE
1142 1842 1497 1907 LEONTIO
1535 1842 1616 1925 (2)
1658 1844 2127 1921 NEAPOLEOS
2180 1845 2618 1909 CYPRORUM
2653 1846 3065 1917 EPISCOPO:

920 2115 1365 2175 INTERPRETE
1407 2117 1798 2176 ANASTASIO
1832 2118 1909 2190 (5)
1947 2118 2005 2177 S.
2046 2121 2117 2175 Il.
2154 2121 2220 2175 E.
2265 2121 2893 2187 BIBLIOTHECARIO-r

567 2526 1035 2599 ιΡΙέΑΞΙτΤΑλῖΙΟ
1088 2528 1537 2596 ANASTASII
1582 2528 1696 2589 AD
1751 2529 2160 2597 DOMINUM

1606 2528 1696 2589 ID
1751 2529 2165 2597 DOMINUM
2220 2529 2325 2600 (hi
2387 2529 2834 2595 NICOLAUM
2888 2529 3199 2605 ΡΑΡΑΜ.

362 2824 649 2894 Cogitante
670 2840 777 2892 me,
800 2841 863 2881 ac
883 2826 977 2882 diu
1006 2828 1171 2884 tacite
1194 2828 1536 2898 solliciteque
1564 2842 1779 2883 mecum
1811 2829 2216 2895 eonsideranle,
2243 2831 2373 2901 quid
2420 2834 2473 2887 in
2517 2833 2681 2889 domo
2706 2836 2799 2891 Dei
2835 2838 3181 2893 commodius
3207 2854 3270 2895 ac
3293 2839 3513 2912 dignius

293 2920 509 2988 operari
524 2935 766 2990 possem,
788 2935 858 2976 ne
876 2935 940 2975 ea
963 2920 1221 2976 videlicet
1237 2936 1626 2991 praesumerem
1652 2937 1773 2992 qua:
1797 2922 1932 2976 mihi
1955 2937 2022 2977 ex
2038 2922 2348 2997 ministerio
2369 2925 2577 2981 credita
2600 2942 2711 2983 non
2741 2939 2891 2997 sunt,
2910 2946 3012 2987 nec
3033 2947 3223 2987 rursus
3251 2931 3343 2987 illa
3394 2936 3531 2990 arri-

296 3024 483 3080 perem
515 3027 637 3081 quae
679 3012 1067 3082 ingeniolitmei
1090 3012 1239 3069 vires
1257 3012 1552 3079 excedunt,
1578 3013 1879 3068 secundum
1904 3013 2038 3069 illud
2062 2996 2371 3071 Salomonis
2391 3018 2521 3072 :Met
2540 3019 2803 3085 invenisti,
2828 3024 3033 3077 comede
3050 3024 3188 3094 quod
3206 3025 3395 3095 suﬂicit
3412 3027 3523 3091 tibi,

294 3116 360 3153 ne
384 3102 516 3171 forte
542 3102 768 3155 satiatus
793 3118 1001 3156 evomas
1022 3101 1155 3155 illud
1182 3101 1363 3170 (Prov.
1388 3103 1533 3171 xxv).
1562 3102 1627 3155 Et
1669 3103 1797 3156 alibi
1828 3120 1839 3153 :
1868 3104 2073 3157 Altiora
2106 3112 2155 3157 te
2179 3122 2241 3158 ne
2269 3110 2562 3177 quazsieris,
2588 3120 2635 3164 et
2664 3113 2887 3181 fortiora
2912 3122 2963 3165 te
2986 3131 3048 3167 ne
3068 3126 3337 3174 scrutatus
3370 3119 3529 3187 {ueris

296 3188 482 3254 (Eccli.
518 3192 635 3264 ut);
665 3210 791 3251 ecce
814 3194 987 3251 subito
1007 3195 1221 3265 quidam
1252 3198 1451 3251 strenui
1483 3212 1544 3252 ac
1570 3196 1790 3252 studiosi
1820 3198 1919 3251 viri
1966 3212 2049 3252 me
2094 3196 2358 3253 cohortari
2404 3200 2696 3257 voluerunt.
2746 3211 2799 3254 ut
2840 3201 2892 3254 in
2939 3201 3180 3254 Latinum
3225 3213 3525 3254 sermonem

298 3293 587 3341 verterem
611 3286 888 3343 Leontium
919 3289 986 3345 de
1014 3288 1150 3345 Vitae
1194 3288 1422 3344 residuis
1463 3290 1543 3360 (5)
1570 3289 1789 3345 Joannis
1820 3289 2159 3345 Alexandrini
2211 3290 2459 3343 antistitis
2480 3329 2494 3353 ,
2526 3306 2680 3360 quem
2724 3291 2892 3345 Graeci
2938 3301 3154 3360 propter
3185 3289 3527 3359 multiplicem

301 3377 753 3444 compassionem,
797 3393 956 3447 quam
979 3394 1105 3449 erga
1124 3392 1310 3434 omnes
1341 3379 1668 3447 possidebat,
1694 3378 1883 3433 merito
1907 3386 1963 3432 et
1991 3378 2233 3433 absolute
2256 3376 2564 3442 Eleemona,
2596 3379 2647 3433 id
2670 3389 2771 3444 est,
2816 3378 3212 3434 misericordem
3236 3378 3528 3448 appellant,

296 3475 561 3535 quatenus
590 3478 765 3525 tantus
795 3472 873 3524 vir
899 3486 1003 3526 non
1037 3481 1239 3525 tantum
1263 3485 1510 3525 sermone
1538 3469 1745 3536 Graeco,
1774 3483 1954 3523 verum
1983 3470 2142 3523 etiam
2184 3468 2373 3523 Latino
2427 3469 2635 3538 eloquio
2682 3469 3002 3539 pollentibus
3045 3469 3253 3524 utilitati
3298 3477 3440 3531 esset
3474 3477 3529 3523 et

294 3560 594 3612 wmmodo.

338 3678 341 3685 -
369 3646 705 3717 Quapropter
724 3649 843 3717 quia
878 3664 961 3703 me
980 3650 1197 3719 dignum
1224 3652 1290 3706 ad
1314 3659 1514 3705 tantum
1545 3664 1689 3720 opus
1708 3659 1867 3719 atque
1888 3649 2134 3709 idoneum
2154 3648 2373 3704 minime
2403 3651 2667 3718 perspexi,
2700 3650 2857 3704 levavi
2881 3652 3054 3704 oculos
3083 3666 3217 3703 meos
3248 3652 3299 3703 in
3314 3656 3528 3717 montes,

264 3774 269 3775 κ
295 3737 430 3790 unde
445 3741 633 3793 veniret
651 3740 903 3795 auxilium
933 3741 1057 3793 mihi
1080 3740 1255 3811 (Psat.
1284 3742 1441 3810 cxx);
1471 3744 1651 3813 sicque
1679 3741 1863 3796 solatia
1890 3750 2099 3811 patrum
2120 3750 2191 3793 et
2234 3741 2500 3795 orationes
2530 3740 2811 3803 adhibens,
2860 3751 2964 3794 tam
3018 3739 3307 3808 proﬁcuum
3355 3739 3532 3803 virum

260 3843 393 3883 non
424 3846 613 3900 passus
641 3848 757 3887 sum
785 3834 963 3889 celare
984 3834 1207 3891 Latinis.
1234 3833 1337 3890 Sed
1366 3839 1491 3889 licet
1519 3836 1853 3891 membranas
1875 3834 2153 3890 inciderim
2176 3874 2191 3897 ,
2221 3835 2469 3889 scedulas
2510 3835 2934 3905 praeparaverim,
2965 3849 3068 3887 non
3101 3843 3279 3888 tamen
3298 3832 3450 3886 .bunc
3476 3831 3533 3885 in

280 3916 535 3977 Codicem
561 3924 824 3980 coniicere
844 3939 1000 3980 ausus
1022 3941 1161 3993 sum,
1185 3936 1467 3994 antequam
1499 3941 1527 3979 a
1558 3926 1915 3981 dominatione
1943 3940 2139 3993 vestra,
2167 3943 2199 3980 ο
2223 3928 2412 3983 millies
2457 3929 2631 3994 beate,
2664 3929 2928 3983 licentiam
2959 3927 3178 3995 adipisci
3230 3924 3527 3995 promerui-

260 4011 469 4080 ‘Neque
496 4013 639 4068 enim
686 4013 769 4069 fas
815 4025 976 4071 estut
1003 4016 1203 4085 absque
1247 4018 1445 4071 vicario
1497 4018 1586 4072 Dei
1614 4017 1719 4087 (6),
1772 4018 1969 4086 absque
2018 4020 2281 4087 clavigero
2332 4021 2475 4086 caeli,
2522 4021 2721 4091 absque
2748 4036 2906 4076 curru
2932 4029 2990 4075 et
3030 4020 3209 4087 auriga
3241 4016 3532 4086 spiritualis

256 4130 259 4137 -
287 4098 523 4167 lsraelis,
555 4105 756 4175 absque
781 4108 1144 4163 universitatis
1178 4108 1447 4175 pontiﬁce,
1478 4108 1676 4177 absque
1718 4110 1872 4161 unico
1899 4124 2052 4176 papa,
2096 4109 2295 4178 absque
2324 4111 2577 4179 singulari
2606 4121 2837 4181 pastore,
2870 4114 3071 4179 absque
3100 4109 3314 4179 speciali
3346 4107 3526 4168 Patre.
3554 4162 3557 4165 ,

286 4194 489 4263 absque
510 4203 563 4251 te
589 4198 825 4252 omnium
852 4200 1053 4255 arbitro
1078 4200 1275 4271 aliquid
1296 4207 1700 4256 consummetur
1719 4209 1809 4254 aut
1839 4201 2155 4269 divulgetur.
2185 4202 2263 4255 Tu
2292 4204 2432 4257 enim
2459 4214 2607 4258 tenes
2633 4204 2805 4258 claves
2847 4204 3006 4258 David
3037 4202 3216 4273 (Luca:
3239 4204 3336 4272 ιι).
3361 4210 3418 4256 tu
3440 4216 3500 4253 ac

286 4287 472 4353 cepisti
502 4284 677 4343 claves
703 4292 959 4348 scientiae.
992 4292 1047 4345 ln
1077 4306 1196 4345 arca
1228 4291 1422 4361 quippe
1464 4291 1694 4360 pectoris
1730 4291 1801 4343 tui
1834 4291 2025 4344 tabulae
2057 4292 2354 4346 testamenti
2374 4302 2430 4347 et
2448 4293 2883 4347 mannacmlestis
2931 4292 3136 4359 saporis
3166 4292 3530 4357 requiescunt.

286 4372 367 4430 Tu
391 4377 534 4431 enim
561 4379 699 4446 quod
730 4381 881 4449 ligas,
911 4396 1069 4436 nemo
1095 4382 1286 4446 solvit;
1318 4382 1454 4450 quod
1486 4381 1668 4445 solvis,
1723 4394 1878 4434 nemo
1918 4382 2078 4451 ligat;
2108 4381 2197 4451 qui
2226 4381 2418 4450 aperis,
2450 4377 2503 4436 et
2550 4394 2707 4434 nemo
2772 4379 3227 4441 claudit;c|audis,
3279 4387 3333 4432 et
3378 4392 3534 4431 nemo

287 4467 461 4536 aperit
491 4466 704 4539 (Matth.
730 4471 862 4542 ut).
896 4473 1076 4527 Vicem
1106 4488 1330 4540 namque
1357 4473 1409 4526 in
1434 4473 1589 4526 terris
1614 4472 1851 4539 possides
1879 4473 1990 4527 Dei.

348 4562 490 4620 Cum
588 4571 771 4618 autem
868 4562 1017 4617 hunc
1098 4564 1308 4618 beatum
1336 4564 1389 4617 in
1420 4563 1661 4618 Latinum
1692 4571 1952 4617 verterem
1978 4562 2264 4631 eloquium,
2292 4578 2385 4616 nec
2409 4564 2709 4618 Graecorum
2736 4562 3004 4628 idiomata,
3039 4577 3135 4616 nec
3164 4574 3344 4616 eorum
3372 4558 3517 4614 ordi—

292 4665 415 4706 nem
448 4653 732 4708 verborum
763 4656 913 4723 sequi
955 4656 1101 4723 potui
1150 4657 1231 4709 vel
1279 4655 1457 4709 debui.
1503 4652 1616 4707 Non
1648 4654 1789 4708 enim
1820 4653 2036 4706 verbum
2060 4668 2090 4707 e
2122 4654 2283 4706 verbo
2303 4691 2317 4716 ,
2350 4653 2442 4706 sed
2475 4668 2685 4706 sensum
2717 4666 2747 4705 e
2777 4667 2933 4706 sensu
2985 4651 3246 4719 excerpsi.
3277 4649 3379 4704 Sed
3426 4661 3525 4702 nec

289 4741 507 4798 Latinas
534 4745 745 4813 regulas
775 4760 1150 4815 usquequaque
1179 4760 1394 4801 servare
1422 4746 1637 4810 curavi,
1671 4744 1795 4796 dum
1828 4752 2028 4797 tantum
2058 4744 2278 4797 intentio
2308 4758 2423 4797 mea
2456 4744 2547 4797 illo
2580 4746 2854 4805 tenderet,
2887 4759 2952 4797 ex
2988 4759 3092 4813 quo
3126 4742 3321 4796 utilitas
3344 4756 3534 4797 nasce-

290 4842 436 4886 retur
461 4833 776 4902 legentibus.
806 4834 919 4901 Qua
948 4835 1014 4889 de
1036 4849 1114 4900 re,
1149 4836 1453 4904 coangelice
1482 4836 1675 4890 domne
1697 4875 1710 4898 ,
1746 4850 1849 4890 non
1901 4849 2177 4904 personam
2209 4836 2525 4890 tantillitatis
2553 4849 2683 4890 mea:
2713 4836 2943 4898 intuens,
2978 4851 3080 4888 non
3111 4836 3356 4888 astutiam
3387 4836 3534 4890 inve-

289 4926 513 4994 stigans,
542 4942 642 4979 nnn
676 4925 958 4981 verborum
987 4926 1230 4994 phaleras
1275 4928 1568 4996 requirens,
1602 4926 1695 4980 sed
1741 4927 1915 4995 potius
1943 4927 2030 4995 pio
2060 4926 2235 4979 cordis
2261 4925 2415 4979 oculo
2444 4926 2739 4993 proiectum
2769 4925 3054 4995 legentium
3086 4941 3443 4993 praenoscens,
3477 4934 3537 4980 ut

291 5024 469 5069 tantus
500 5017 579 5071 vir
607 5028 854 5087 tanquam
894 5017 1170 5084 exemplar
1197 5027 1248 5071 et
1288 5019 1559 5085 speculum
1592 5016 1661 5070 sit
1702 5017 1970 5079 omnibus,
2012 5025 2185 5069 vestra
2214 5014 2501 5083 apostolica
2532 5015 2849 5070 auctoritate
2880 5016 3275 5069 translationem
3305 5016 3462 5081 hanc,
3489 5018 3536 5070 si

291 5117 470 5161 vestro
501 5107 723 5162 arbitrio
753 5108 945 5177 placet,
980 5107 1215 5173 ﬁrmate;
1249 5107 1290 5159 si
1320 5108 1585 5174 diSpIicet,
1617 5106 1928 5171 emendate;
1956 5105 2243 5159 dummodo
2267 5105 2524 5159 Latinitas
2550 5120 2609 5159 se
2639 5113 2784 5159 tanto
2814 5111 2916 5159 non
2948 5105 3127 5159 doleat
3151 5120 3271 5160 esse
3296 5107 3406 5160 sale
3435 5110 3538 5176 pri-

291 5207 486 5264 Vatam,
513 5214 619 5268 quo
650 5197 847 5252 Graecia
878 5212 936 5252 se
964 5198 1159 5266 gaudet
1182 5198 1381 5265 optime
1408 5196 1696 5250 conditam.

365 5288 586 5360 Suscipe
632 5306 759 5358 ergo
799 5298 1038 5346 sanctum
1063 5307 1091 5344 a
1124 5295 1403 5361 peccatore
1452 5286 1886 5353 interpretatum;
1918 5291 1972 5337 et
2019 5283 2123 5337 noli
2166 5282 2442 5338 attendere
2476 5296 2570 5351 per
2609 5296 2764 5350 quem
2811 5284 3099 5338 translatus
3141 5284 3242 5347 sit,
3273 5282 3367 5337 sed
3413 5284 3531 5351 quis

293 5381 577 5441 translatus
608 5384 696 5435 sit.
726 5382 908 5451 Neque
936 5381 1075 5436 enim
1129 5388 1345 5450 propter
1382 5375 1612 5433 ﬁstulam
1659 5373 1957 5445 plumbeam
1987 5373 2062 5442 (7)
2092 5387 2279 5441 aquam
2329 5371 2749 5439 limpidissimam
2796 5371 3046 5441 despicis,
3096 5386 3269 5440 neque
3318 5381 3532 5439 promer

294 5476 473 5543 spinas
505 5490 621 5544 qua:
649 5475 964 5544 producunt,
988 5488 1164 5529 rosam
1196 5488 1315 5537 quae
1348 5472 1661 5541 producitur
1702 5470 1932 5539 spernis.
1983 5470 2173 5522 (Iustus
2199 5465 2430 5537 denique
2463 5476 2513 5518 et
2542 5474 2746 5521 amator
2779 5474 2920 5531 tuus,
2949 5463 3159 5535 quando
3185 5463 3365 5523 voluit.
3394 5463 3533 5519 Pbaa

295 5564 449 5619 raoni
476 5563 628 5634 (Gen.
665 5563 774 5633 xm)
801 5572 854 5617 et
880 5562 1367 5617 Nabuchodonosor
1396 5561 1556 5629 (Dan.
1588 5560 1661 5629 tv)
1690 5559 1881 5628 iniquis
1922 5560 2134 5629 regibus
2160 5559 2384 5623 somnia,
2412 5560 2604 5627 quibus
2635 5560 2809 5613 futura
2838 5565 3315 5626 przenoscerentur,
3348 5567 3527 5613 osten-

295 5655 405 5723 dit;
429 5667 482 5713 et
500 5656 756 5727 Caipltam
779 5656 995 5726 impium
1023 5656 1163 5725 quod
1194 5653 1511 5724 expediebat
1536 5653 1752 5723 protulit
1780 5647 1959 5722 (Joan.
1988 5652 2094 5720 xi);
2125 5650 2363 5720 quinimo
2384 5660 2436 5705 et
2452 5650 2662 5719 quando
2688 5650 2871 5717 voluit,
2896 5647 3057 5706 asina:
3085 5647 3229 5721 loqui
3254 5648 3529 5705 articulat:

296 5758 425 5805 Voce
457 5751 693 5820 permisit
719 5749 907 5821 (Nam.
939 5749 1092 5817 uti).

1310 5841 1471 5897 Salve,
1498 5840 1675 5889 Praesnl
1704 5846 1859 5887 amate
1884 5837 2009 5896 Deo,
2034 5847 2121 5897 per
2141 5833 2318 5883 saecula
2340 5835 2490 5895 salve,

1372 5902 1541 5951 Tutius
1562 5909 1704 5961 atque
1727 5901 1853 5949 orbis
1873 5913 1992 5959 papa
2017 5901 2176 5953 beate,
2195 5898 2316 5943 vale.
