4058 6422
563 399 701 457 1615
1635 386 1912 443 LEONTII
1952 381 2409 440 NEAPOLITANI
2449 381 2755 440 EPISCOPI
3687 387 3816 440 i6l6

581 614 2400 642 ΜΗ

1374 955 2157 1076 PRO(EMIUM
2241 951 2512 1070 AUC
2531 955 2998 1076 TORIS.

659 1714 884 1770 lntentio
914 1715 1128 1784 quidem
1162 1732 1262 1771 una
1286 1725 1370 1773 est
1399 1724 1576 1770 nostra
1601 1725 1810 1782 quoque
1837 1717 1892 1766 et
1915 1724 2095 1765 eorum
2125 1709 2212 1780 qui
2235 1721 2357 1765 ante
2379 1724 2474 1765 nos
2501 1709 2715 1765 fuerunt
2739 1711 3118 1779 studiosorum,
3142 1725 3196 1771 et
3225 1726 3531 1771 sanctorum
3560 1719 3807 1786 virorum,

581 1821 743 1877 super
769 1812 1020 1878 praesenti
1045 1809 1404 1866 memorabilis
1436 1807 1530 1861 viri
1569 1806 1701 1860 Vita:
1728 1803 2064 1868 narratione;
2098 1802 2151 1856 id
2193 1811 2307 1870 est,
2335 1811 2393 1857 ut
2416 1817 2480 1856 ex
2515 1803 2616 1856 hoc
2656 1803 2901 1859 omnibus
2925 1804 3136 1874 quidem
3164 1805 3390 1862 imitatio
3421 1809 3506 1876 pia
3537 1817 3593 1863 et
3621 1810 3810 1865 utilitas

505 1907 510 1912 ‘
579 1899 691 1963 fiat,
722 1900 888 1968 gloria
919 1909 1095 1956 autem
1123 1911 1174 1956 et
1206 1899 1598 1970 magnificentia
1647 1904 1847 1952 sanctae
1891 1903 1945 1951 et
1983 1894 2266 1950 adorandae
2298 1892 2543 1948 Trinitati
2570 1895 2860 1961 referatur;
2890 1904 2942 1950 et
2971 1896 3024 1950 in
3052 1896 3174 1962 hoc,
3206 1897 3342 1952 sicut
3372 1906 3427 1953 et
3466 1899 3518 1952 in
3550 1902 3805 1966 omnibus,

578 2003 698 2058 quae
725 2004 939 2060 semper
968 1992 1020 2046 in
1050 1992 1446 2061 generationem
1479 1999 1531 2045 et
1558 1987 1954 2058 generationem
1985 1986 2196 2054 propria
2223 1985 2502 2040 luminaria
2528 1986 2777 2053 ostendit,
2800 1985 2866 2040 ad
2897 1986 3272 2042 illuminandos
3300 1989 3390 2056 qui
3427 1991 3477 2042 in
3514 1990 3739 2045 tenebris
3757 2001 3807 2045 et

578 2080 631 2133 in
661 2081 844 2135 umbra
874 2084 1062 2138 mortis
1091 2084 1279 2138 sedent
1305 2080 1460 2152 (Luc.
1495 2081 1533 2150 t)
1564 2088 1618 2134 et
1646 2077 1866 2148 peccati.
1914 2075 2170 2142 Quoniam
2198 2089 2325 2129 vero
2354 2075 2509 2128 amici
2539 2074 2738 2129 Christi
2764 2089 2872 2130 non
2901 2075 3054 2132 valde
3076 2077 3357 2144 miramur,
3385 2079 3473 2148 qui
3499 2091 3625 2132 ante
3652 2095 3804 2147 gene-

578 2173 839 2227 rationem
880 2182 1114 2228 nostram
1163 2174 1375 2227 fuerunt
1423 2173 1542 2237 viri,
1571 2172 1661 2241 qui
1686 2171 1795 2225 Deo
1827 2168 2013 2239 placita
2056 2165 2457 2222 conversatione
2505 2167 2776 2234 vixerunt;
2806 2168 2900 2223 sed
2942 2168 3011 2224 de
3038 2167 3297 2226 diabolica
3337 2173 3650 2240 operatione
3697 2175 3806 2228 illos

581 2276 856 2320 sermones
883 2281 1093 2334 semper
1117 2265 1340 2320 dicimus
1369 2265 1434 2318 ad
1463 2266 1796 2329 alterutrum,
1819 2263 1937 2330 quia
1966 2261 2064 2314 sub
2093 2259 2220 2314 viris
2249 2260 2336 2330 qui
2363 2267 2485 2314 ante
2515 2273 2612 2314 nos
2637 2259 2872 2325 fuerunt,
2898 2276 3000 2314 non
3026 2269 3142 2316 erat
3167 2262 3238 2316 ita
3265 2261 3516 2329 iniquitas
3539 2263 3804 2317 hominum

578 2353 918 2423 multiplicata
949 2356 1086 2410 sicut
1111 2357 1290 2423 modo,
1323 2365 1377 2410 ut
1405 2355 1649 2426 praedixit
1680 2356 1853 2409 divina
1882 2355 2172 2421 Scriptura,
2204 2368 2268 2407 eo
2295 2353 2436 2422 quod
2479 2351 2763 2407 abundavit
2793 2353 3062 2423 iniquitas,
3093 2354 3390 2424 refrigescit
3421 2355 3653 2410 charitas
3683 2358 3802 2409 tnui-

577 2451 748 2496 torutn
782 2443 992 2512 (Matth.
1023 2445 1204 2516 xxiv);
1239 2446 1358 2500 ideo
1385 2462 1488 2500 non
1521 2444 1757 2500 valemus
1784 2445 1847 2498 ad
1876 2459 2061 2499 eorum
2109 2457 2428 2511 consurgere
2455 2442 2698 2498 meritum
2728 2462 2740 2496 :
2767 2444 2923 2511 hujus
2953 2446 3030 2499 rei
3055 2446 3220 2515 gratia
3255 2446 3318 2500 ad
3341 2458 3660 2515 prasentem
3689 2464 3803 2501 san-

578 2538 678 2583 cta:
708 2530 866 2600 hujus
895 2531 1028 2587 Vita:
1050 2536 1407 2590 narrationem
1440 2551 1505 2589 ex
1530 2543 1680 2604 parte
1706 2536 1946 2590 venimus
1976 2535 2040 2588 ad
2071 2533 2452 2588 ostendendum
2484 2535 2644 2588 etiam
2674 2534 2859 2590 diebus
2887 2537 3084 2591 nostris
3115 2537 3372 2603 volentes,
3405 2547 3460 2592 et
3484 2540 3802 2606 propositum

580 2633 737 2675 suum
765 2631 1038 2691 cogentes,
1065 2625 1483 2680 excellentiores
1516 2623 1668 2679 nobis
1697 2623 2071 2690 demonstrari,
2098 2631 2153 2678 et
2180 2631 2456 2692 angustam
2497 2632 2550 2678 et
2578 2631 2778 2678 arctam
2807 2625 2944 2679 viam
2976 2640 3132 2695 posse
3175 2626 3420 2682 incedere
3452 2624 3669 2696 (Matth.
3699 2628 3786 2692 vn)

576 2721 635 2770 et
661 2715 941 2773 obstruere
969 2734 1031 2774 os
1061 2719 1384 2788 loquentium
1415 2721 1588 2790 iniqua
1614 2719 1781 2789 (Psal.
1816 2718 1980 2789 Lxu),
2014 2727 2068 2774 et
2093 2718 2286 2773 animae
2313 2733 2511 2774 nocuos
2535 2719 2855 2776 intellectus.

657 2807 768 2862 lam
801 2811 1010 2878 quidem
1041 2820 1094 2865 et
1122 2811 1212 2865 alii
1239 2819 1361 2864 ante
1406 2826 1503 2865 nos
1531 2811 1726 2880 optima
1779 2819 1936 2879 atque
1978 2810 2426 2865 excellentissima
2469 2810 2534 2864 de
2575 2810 2676 2865 hoc
2705 2812 3001 2866 admirabili
3041 2812 3156 2866 viro
3197 2821 3250 2866 et
3282 2826 3489 2867 summo
3539 2809 3803 2865 sacerdote

579 2898 784 2956 Joanne
815 2902 1166 2972 philosophati
1207 2914 1356 2967 sunt,
1389 2912 1628 2972 potentes
1671 2903 1960 2957 existentes
1987 2902 2038 2955 in
2070 2916 2229 2971 opere
2257 2910 2311 2956 et
2340 2902 2392 2956 in
2432 2915 2700 2958 sermone.
2745 2902 2876 2958 Dico
2903 2903 3044 2957 enim
3074 2903 3332 2957 Joannem
3362 2910 3416 2955 et
3453 2900 3799 2971 Sophronium

582 2992 666 3065 (8)
699 2994 791 3048 Dei
820 2995 1423 3062 cultores,etamatores
1450 2996 1720 3057 virtutum,
1752 3004 1804 3048 et
1835 2993 2047 3062 pietatis
2075 3005 2522 3064 propugnatores;
2556 3004 2791 3050 attamen
2814 2995 3054 3064 quamvis
3075 2994 3205 3049 tales
3231 3002 3430 3055 essent.
3458 2993 3530 3046 de
3556 2991 3801 3061 dignitate

579 3092 635 3138 et
656 3083 846 3139 merito
873 3085 1029 3141 studii
1057 3085 1151 3140 viri
1184 3087 1335 3140 istius
1365 3095 1418 3139 et
1456 3083 1554 3153 ipsi
1583 3085 1919 3149 omiserunt,
1944 3092 1997 3138 et
2025 3083 2251 3151 idipsum
2283 3084 2518 3153 perpessi
2559 3094 2705 3149 sunt,
2735 3085 2872 3153 quod
2901 3083 3140 3139 nonnulli
3166 3083 3388 3138 studiosi
3429 3081 3696 3150 agricolae,
3729 3082 3800 3132 vi-

579 3186 736 3226 neam
764 3173 983 3228 uberem
1013 3183 1068 3229 et
1097 3173 1424 3229 fructuosam
1453 3175 1872 3239 vindemiantes;
1901 3186 2022 3226 nam
2054 3173 2357 3241 relinquunt
2385 3174 2566 3242 utique
2595 3188 2658 3228 ex
2688 3173 2854 3229 fructu
2881 3173 3324 3236 benedictionem,
3355 3174 3514 3227 etiam
3545 3171 3798 3231 nolentes,

576 3271 723 3316 retro
753 3275 813 3317 se
842 3263 1186 3332 sequentibus
1216 3263 1394 3332 egenis
1423 3265 1740 3336 eligentibus
1771 3264 1975 3319 vineam
1999 3307 2013 3332 ,
2042 3278 2109 3318 ex
2137 3263 2327 3332 quibus
2365 3277 2548 3318 sumus
2577 3275 2630 3319 et
2659 3278 2754 3319 nos
2785 3265 3010 3319 minimi.
3058 3265 3186 3319 Nam
3215 3275 3266 3319 et
3295 3277 3480 3319 omnes
3505 3263 3674 3318 sancti
3701 3263 3800 3329 isti,

577 3359 821 3427 quamvis
847 3359 988 3412 omni
1014 3358 1325 3414 fortitudine
1354 3373 1444 3413 sua
1470 3358 1791 3415 fructiferam
1824 3359 1959 3412 hanc
1982 3355 2198 3422 olivam,
2222 3370 2339 3426 quae
2365 3356 2416 3410 in
2444 3357 2601 3411 domo
2625 3357 2739 3421 Dei,
2763 3367 2819 3411 ut
2845 3358 2918 3411 ait
2942 3356 3219 3412 Psalmista
3245 3354 3416 3426 (Psal.
3448 3353 3547 3431 Li),
3581 3363 3802 3426 plantata

540 3470 547 3478 ··
574 3457 679 3517 est,
711 3459 925 3518 propter
954 3451 1271 3520 multiplices
1302 3465 1484 3506 revera
1531 3452 1720 3516 olivas,
1759 3465 1878 3520 quae
1908 3449 1961 3504 in
1991 3462 2052 3504 ea
2079 3457 2233 3513 sunt,
2265 3450 2381 3505 zelo
2417 3448 2509 3502 Dei
2554 3449 2880 3504 vindemiare
2923 3448 3240 3513 studuerint,
3271 3459 3506 3508 attamen
3539 3454 3695 3515 latuit
3719 3468 3801 3508 eos

575 3539 774 3594 tnultus
805 3541 957 3594 oliva:
986 3538 1211 3607 fructus,
1229 3540 1454 3596 Domino
1481 3541 1838 3610 dispensante.
1856 3539 2098 3593 Nostram
2123 3551 2248 3604 ergo
2265 3538 2426 3592 viletu
2450 3546 2504 3591 et
2533 3536 2770 3605 frigidam
2794 3538 3119 3591 alacritatem
3142 3543 3413 3610 suscipite,
3431 3550 3488 3595 ut
3508 3542 3615 3596 duo
3641 3541 3801 3594 vidua

558 3629 781 3684 "minuta
811 3628 986 3699 (Lucra
1012 3639 1156 3696 xxi);
1192 3647 1297 3686 non
1326 3632 1463 3686 enim
1492 3632 1598 3686 illis
1628 3630 1970 3687 detrahentes
1991 3671 2007 3697 ,
2037 3642 2209 3698 neque
2240 3628 2326 3697 qui
2357 3628 2622 3697 possimus
2647 3641 2829 3681 eorum
2859 3643 2887 3680 a
2920 3628 3029 3683 Deo
3052 3627 3304 3688 donatam
3346 3634 3666 3700 sapientiam
3694 3632 3802 3686 imi-

576 3720 701 3785 tari,
726 3719 851 3789 justi
881 3728 1027 3787 gesta
1058 3722 1333 3790 scriptura:
1364 3722 1574 3776 tradere
1602 3719 2002 3782 festinavimus;
2032 3716 2125 3773 sed
2157 3717 2329 3786 primo
2357 3715 2570 3785 quidem
2600 3726 2657 3769 ut
2691 3717 2828 3785 quod
2857 3716 3201 3789 intelligimus
3225 3738 3325 3775 non
3352 3723 3552 3790 justum
3578 3735 3718 3784 esse,
3743 3734 3800 3775 et

585 3820 701 3863 oua
732 3817 954 3864 possunt
994 3808 1273 3865 utilitatem
1302 3810 1634 3865 audientibus
1677 3807 1870 3873 facere,
1901 3807 2115 3862 silentio
2157 3807 2462 3871 occultare;
2493 3823 2559 3860 ne
2587 3815 2639 3860 et
2673 3821 2773 3861 nos
2804 3807 3098 3864 incidamus
3121 3813 3174 3865 in
3206 3813 3457 3880 judicium
3497 3812 3640 3866 servi
3664 3811 3796 3865 illius

592 3899 812 3969 (Matth.
844 3900 988 3968 xxv),
1013 3900 1102 3967 qui
1182 3899 1450 3956 talentum
1514 3901 1570 3955 in
1635 3909 1781 3954 terra
1866 3896 2162 3952 abscondit.
2190 3896 2436 3952 Secundo
2457 3905 2648 3965 autem,
2681 3906 2740 3952 ut
2768 3897 2820 3952 in
2849 3897 2948 3953 hac
2973 3897 3276 3951 narratione
3306 3904 3486 3951 nostra
3514 3896 3794 3950 correctio-

591 4004 680 4044 res
705 3997 759 4042 et
785 3987 1126 4042 delectabiles
1173 3986 1410 4040 historiae
1453 3985 1869 4050 conscribantur,
1903 4000 2019 4053 quae
2057 3984 2267 4053 scripta:
2296 4000 2401 4039 non
2429 3993 2551 4039 sunt
2590 3987 2656 4039 ab
2687 3985 2902 4053 optimis
2947 3984 3095 4050 viris,
3128 3986 3178 4038 in
3209 3983 3456 4040 laudibus
3482 3984 3790 4040 sanctissimi

594 4092 777 4134 revera
803 4085 960 4144 atque
982 4075 1269 4129 beatissimi
1296 4073 1533 4129 Joannis.
1560 4073 1758 4127 Deinde
1787 4088 1932 4139 vero,
1955 4075 2076 4144 quia
2101 4074 2364 4142 sapientes
2385 4082 2439 4129 et
2459 4082 2697 4144 potentes
2713 4075 2766 4129 in
2789 4088 3052 4141 sermone,
3077 4084 3340 4130 amatores
3362 4076 3601 4131 historia
3629 4085 3791 4140 erant.

572 4169 864 4237 sapienter
893 4177 944 4220 et
973 4164 1270 4220 sublimiter
1294 4164 1566 4218 materiam
1597 4164 1951 4234 depinxerunt
1977 4182 1991 4219 :
2015 4165 2153 4233 quod
2182 4165 2410 4224 maxime
2430 4177 2481 4222 et
2503 4168 2823 4236 peramplius
2849 4171 3017 4224 erexit
3044 4183 3140 4223 nos
3166 4174 3232 4223 ad
3263 4178 3580 4236 praesentem
3612 4169 3794 4224 sollici-

595 4258 851 4323 tudinem,
882 4266 935 4310 ut
961 4271 1024 4310 eo
1052 4256 1140 4325 qui
1163 4257 1302 4310 inest
1326 4255 1498 4320 nobis,
1529 4254 1779 4323 pedestri,
1811 4256 2057 4325 deformi,
2089 4255 2379 4327 humilique
2423 4257 2730 4317 charactere
2759 4275 3152 4329 enarraremus,
3177 4271 3236 4316 ut
3263 4273 3446 4331 posset
3473 4273 3528 4317 et
3565 4263 3719 4317 idiota
3747 4272 3792 4317 et

573 4349 714 4405 :sine
732 4348 927 4404 alitteris
957 4347 1024 4404 de
1051 4348 1134 4404 his
1157 4361 1275 4417 quae
1302 4346 1546 4403 dicuntur
1577 4346 1843 4416 proficere.
