4034 6396
216 380 349 436 1617

1150 384 1315 439 VITA
1355 384 1601 442 SANCTI
1637 382 1921 440 IOANNIS
1961 377 2537 439 ELEEMOSYNARII.

3331 373 3466 428 1618

235 566 3442 606 W

1467 824 2211 1040 VITA.

1685 1237 1994 1250 ψ-

308 1413 483 1470 εἶηυτ
513 1424 727 1466 νωιυι.
753 1435 820 1448 -
841 1405 970 1461 Cum
1018 1401 1375 1474 pervenissem
1415 1398 1787 1455 Alexandriam
1819 1401 1867 1454 A
1896 1396 2232 1462 Evangelium
2263 1394 2560 1447 audientem
2607 1407 2687 1460 se,
2730 1392 2857 1446 dicit
2893 1391 3017 1444 mihi
3049 1404 3166 1445 cum
3197 1404 3451 1459 compun-

239 1523 341 1577 ego
389 1504 631 1574 indignus
669 1500 734 1554 ad
781 1495 1174 1564 amplectandos
1220 1501 1434 1549 sanctos
1478 1502 1533 1546 et
1566 1491 1795 1544 victores

238 1607 504 1665 ntaityres
533 1593 727 1662 Cyrum
761 1598 814 1644 et
853 1587 1108 1642 Joannem
1132 1584 1232 1654 (9),
1259 1593 1310 1639 et
1343 1598 1524 1637 eorum
1552 1581 1798 1649 jucundis

241 1687 418 1755 epulis
443 1694 496 1739 et
524 1682 813 1738 refectione
834 1678 1148 1742 frucremur,
1166 1675 1596 1729 convenientibus
1619 1682 1666 1727 et
1690 1672 1801 1725 col-

243 1775 583 1844 loquentibus
630 1770 822 1825 ibidem
877 1767 1188 1836 quibusdam
1236 1766 1363 1818 viris
1420 1762 1801 1819 venerabilibus

246 1877 404 1935 atque
431 1861 788 1932 philochristis
814 1858 948 1929 (10),
981 1865 1034 1910 et
1060 1857 1452 1923 disputaremus
1471 1854 1538 1908 de
1563 1854 1799 1919 Scriptu-

247 1959 322 2011 ris
351 1956 491 2009 etde
536 1953 725 2005 animae
757 1947 1124 2011 institutione,
1153 1946 1290 1998 venit
1337 1945 1399 1998 ad
1447 1959 1544 1997 nos
1592 1943 1802 2010 quidam

248 2047 554 2115 peregrinus
603 2051 788 2109 petens
834 2039 1249 2106 eleemosynam.
1303 2033 1518 2087 Dicebat
1557 2033 1698 2086 enim
1747 2045 1806 2086 se

250 2151 416 2204 nuper
445 2135 509 2187 de
551 2132 858 2200 captivitate
883 2129 1158 2182 Persarum
1189 2135 1449 2192 ereptmn.
1483 2125 1686 2180 Accidit
1714 2123 1809 2194 igi-

249 2235 336 2280 tur
379 2235 436 2278 ut
480 2223 654 2277 nullus
701 2221 768 2276 de
795 2217 1194 2274 considentibus
1235 2216 1562 2269 inveniretur
1607 2215 1809 2268 habens

251 2320 476 2388 pretium
520 2324 611 2369 aut
640 2326 934 2367 nummum.
983 2309 1127 2363 Unus
1164 2323 1288 2375 ergo
1312 2307 1378 2359 de
1416 2305 1812 2359 considentibus

255 2410 482 2462 habebat
505 2407 610 2460 illic
631 2413 886 2458 astantem
913 2400 1317 2463 mercenarium,
1341 2395 1527 2450 callide
1548 2396 1810 2459 datorem,

254 2499 600 2565 accipientem
635 2505 739 2548 tres
759 2501 958 2546 tantum
982 2503 1222 2542 nummos
1246 2503 1338 2555 per
1358 2488 1593 2555 singulos
1619 2500 1810 2551 annos,

255 2601 310 2646 et
359 2591 638 2643 habentem
680 2598 898 2638 uxorem
925 2590 977 2636 et
1003 2580 1134 2634 duos
1177 2579 1328 2632 lilios.
1376 2575 1611 2647 Cumque
1641 2590 1816 2630 reces-

256 2684 411 2738 sisset
450 2679 538 2749 qui
571 2677 801 2746 petebat,
832 2681 1141 2743 prosecutus
1169 2675 1252 2724 est
1278 2684 1399 2722 eum
1445 2668 1734 2738 ingeniose,
1763 2675 1817 2719 et

1896 1487 2104 1540 ctione:
2133 1485 2189 1538 lu
2239 1486 2335 1538 hoc
2377 1486 2606 1547 miraris,
2640 1485 2893 1540 Domine?
2919 1483 3033 1538 1am
3077 1485 3120 1536 si
3162 1482 3456 1537 invenisses

1899 1585 2136 1631 sanctum
2188 1576 2554 1643 patriarcham,
2588 1574 2749 1642 quid?
2795 1575 2893 1628 Aio
2939 1575 2985 1627 ei
3015 1573 3186 1638 :Quid
3230 1574 3455 1641 amplius

1899 1669 2166 1723 viderem?
2209 1668 2252 1720 Τ
2255 1683 2355 1722 unc
2403 1668 2535 1721 dixit
2569 1667 2732 1721 mihi:
2765 1667 2934 1722 Crede
2963 1683 3056 1736 per
3083 1667 3457 1736 indulgentiam

1903 1759 2015 1814 Dei.
2045 1759 2160 1825 Ipse
2183 1773 2266 1812 me
2296 1758 2417 1813 fecit
2437 1759 2824 1828 presbyterum,
2850 1768 2903 1814 et
2925 1759 3314 1813 vicedominum
3348 1757 3460 1827 (15)

1903 1853 2251 1906 sanctissima:
2283 1852 2538 1916 ecclesiae,
2567 1860 2620 1906 et
2641 1851 2745 1905 vidi
2775 1852 2826 1905 in
2854 1867 2918 1906 eo
2948 1867 3131 1920 opera,
3164 1853 3462 1908 universam

1908 1959 2040 2011 pene
2089 1954 2326 1995 naturam
2372 1943 2701 1997 excedentia.
2750 1942 2812 1996 Et
2857 1943 2901 1996 si
2931 1943 3175 2012 dignatus
3218 1943 3380 1998 fueris
3412 1944 3466 1996 in

1908 2034 2118 2088 servilia
2144 2043 2228 2086 tua
2252 2033 2405 2087 hodie
2426 2034 2703 2100 veniendo,
2720 2034 3049 2088 sanctiﬁcare
3070 2047 3188 2097 nos,
3207 2033 3467 2086 enarrabo

1911 2126 1999 2181 tibi
2031 2135 2198 2194 gesta,
2226 2141 2341 2194 qure
2386 2126 2502 2192 ipse
2534 2127 2800 2193 inspector
2839 2140 3020 2181 eorum
3053 2124 3221 2179 factus
3265 2125 3467 2191 aspexi.

1907 2217 2144 2283 Cumque
2191 2214 2290 2267 hoc
2336 2213 2577 2279 dixisset,
2605 2216 2746 2269 tenui
2791 2230 3002 2268 manum
3034 2224 3086 2269 et
3125 2215 3270 2270 crexi
3296 2230 3460 2276 eum;

1911 2308 2433 2374 apprehendensque,
2448 2305 2596 2358 duxit
2617 2319 2700 2358 me
2721 2306 2771 2358 in
2794 2319 2822 2358 a
2844 2306 2947 2359 Deo
2969 2315 3230 2359 servatam
3251 2305 3467 2359 domum

1913 2415 2081 2454 suam.
2133 2399 2312 2468 Itaque
2343 2413 2458 2452 cum
2493 2398 2746 2452 voluisset
2777 2399 2926 2452 nobis
2962 2413 3198 2452 mensam
3227 2399 3471 2467 dignatus

1915 2504 2198 2558 apponere,
2227 2489 2330 2542 dixi
2359 2489 2422 2541 ad
2467 2504 2586 2542 eum
2614 2506 2627 2542 :
2653 2489 2765 2543 Non
2803 2490 3002 2558 justum
3033 2499 3133 2553 est,
3165 2504 3198 2543 o
3231 2489 3470 2553 Domine,

1917 2582 2106 2633 animae
2142 2579 2313 2632 cibum
2345 2579 2732 2646 relinquentes,
2764 2594 2956 2648 corpus
2984 2589 3106 2634 ante
3135 2581 3363 2633 animam
3391 2595 3472 2634 re-

1919 2669 2097 2735 ﬁcere,
2129 2669 2220 2722 sed
2263 2671 2430 2734 magis
2459 2670 2629 2722 cibum
2671 2669 2758 2738 qui
2789 2687 2889 2722 non
2922 2671 3077 2738 perit,
3107 2685 3398 2733 sumanms,
3423 2678 3474 2725 et

258 2773 588 2828 abstulitase
608 2783 764 2838 quam
786 2766 990 2822 ferebat
1009 2761 1328 2818 cruciculam
1347 2770 1650 2831 argenteam
1673 2759 1810 2828 (11),
1846 2767 1890 2827 Β
1919 2757 2252 2824 postmodum
2300 2759 2508 2824 corpori
2562 2759 2932 2813 necessitatem
2984 2769 3313 2826 praestemus.
3343 2759 3475 2813 Cum

259 2875 309 2918 et
354 2862 443 2916 dat
466 2861 537 2926 ei,
566 2860 750 2914 dicens
778 2871 837 2911 se
865 2869 968 2909 non
998 2853 1196 2908 habere
1244 2851 1387 2905 aliud
1418 2849 1613 2919 aliquid
1646 2863 1816 2918 usque

259 2952 324 3007 ad
355 2952 596 3020 siliquam
627 2963 782 3004 unam
814 2945 926 3018 (12)
956 2944 1010 2998 in
1055 2943 1161 2996 vita
1209 2957 1324 2996 sua.
1386 2941 1497 3011 Ego
1551 2940 1710 3010 igitur
1753 2939 1818 2993 de

261 3043 364 3098 hoc
391 3041 528 3111 quod
559 3039 846 3102 acciderat,
879 3037 988 3090 imo
1013 3034 1152 3103 quod
1194 3041 1399 3101 gestum
1432 3031 1696 3093 videram,
1728 3044 1819 3097 per

262 3132 487 3202 gratiam
515 3131 606 3184 Dei
625 3127 964 3184 considerans
987 3123 1122 3193 quod
1151 3123 1430 3186 fecerat,et
1451 3126 1816 3188 compunctus,

263 3223 503 3277 enarravi
534 3221 708 3276 statim
759 3232 924 3288 prope
964 3213 1190 3276 sedenti,
1221 3215 1420 3267 Mentiar
1446 3211 1677 3273 nomine,
1707 3209 1822 3263 viro

267 3312 524 3368 industrio
563 3322 616 3366 et
660 3311 865 3365 timenti
899 3309 1062 3363 Deum
1089 3348 1102 3370 ,
1131 3305 1222 3375 qui
1247 3314 1301 3359 et
1327 3311 1442 3358 erat
1466 3303 1714 3356 ordinans
1744 3301 1822 3354 di-

268 3404 662 3473 sponsationem
719 3401 1065 3456 sanctissima:
1117 3396 1356 3452 ecclesiae
1413 3395 1512 3448 sub
1563 3393 1724 3447 nobili
1773 3402 1822 3446 et

269 3491 574 3547 beatissimo
600 3490 800 3543 Joanne
840 3487 1154 3557 patriarcha.
1190 3486 1288 3552 Qui
1329 3499 1445 3538 cum
1492 3498 1578 3538 me
1610 3481 1825 3536 intuitus

270 3592 412 3639 esset
458 3580 802 3634 admirantem
832 3588 882 3632 et
911 3578 1204 3630 laudantem
1248 3590 1367 3628 eum
1399 3574 1485 3642 qui
1529 3574 1825 3641 eleetnosy-

275 3689 394 3728 nam
424 3669 641 3732 fecerat,
676 3667 805 3720 dixit
827 3665 954 3718 mibi
982 3683 993 3716 :
1021 3665 1093 3718 Nc
1117 3665 1343 3726 mireris,
1374 3678 1437 3715 eo
1463 3661 1601 3730 quod
1633 3677 1694 3716 ex
1723 3670 1827 3714 tra-

275 3764 476 3818 ditione
497 3769 548 3815 et
571 3759 809 3813 doctrina
835 3754 1133 3823 hujttsmodi
1160 3755 1377 3808 actionis
1405 3762 1649 3819 operator
1669 3753 1830 3806 exsti-

279 3855 360 3907 tit.
398 3854 461 3906 Et
489 3851 697 3904 dicente
727 3863 810 3901 me
852 3847 914 3899 ad
944 3861 1086 3906 eum,
1117 3843 1423 3910 Quomodo?
1454 3853 1667 3910 propter
1708 3843 1831 3896 cha-

280 3943 486 3998 ritatem
516 3941 763 4010 prodesto
793 3937 944 3992 mihi.
969 3936 1082 4004 Ipse
1113 3931 1438 4002 respondens
1463 3934 1535 3986 ait
1561 3950 1572 3985 :
1599 3933 1832 3986 Sanctis-

279 4034 412 4088 simo
429 4041 506 4086 ter
524 4032 674 4085 beato
695 4028 1006 4099 patriarcha:
1022 4036 1203 4080 nostro
1229 4025 1530 4078 ministrans
1545 4022 1833 4091 permansit

1917 2864 2041 2918 ergo
2085 2849 2335 2917 coepisset
2365 2849 2522 2904 vitam
2553 2850 2718 2903 sancti
2752 2850 2864 2904 sine
2911 2851 3186 2906 mendacio
3215 2853 3436 2907 recitare
3459 2894 3476 2917 ,

1920 2939 2172 3004 Primum,
2203 2938 2388 3009 inquit,
2419 2950 2471 2995 et
2502 2942 2823 3008 praecipuum
2854 2943 3045 2995 bonum
3073 2943 3185 3010 ejus
3210 2942 3480 3013 l'uit.quo-

1921 3030 2058 3084 niam
2084 3030 2401 3084 omnimodis
2434 3046 2534 3083 non
2563 3029 2776 3098 juravit.
2811 3029 2941 3084 Pelii
2973 3033 3127 3099 igitur
3155 3036 3392 3086 chartam
3425 3041 3478 3087 et

1920 3122 2373 3187 atratnentarium,
2406 3130 2459 3175 et
2482 3136 2600 3190 quae
2627 3121 2960 3188 dicebantur,
2993 3138 3086 3192 per
3113 3125 3354 3179 ordinem
3378 3139 3474 3177 an-

1923 3211 2190 3264 notaham.

1993 3300 2122 3358 CAP.
2155 3301 2216 3356 ll.
2240 3302 2610 3356 -—Promotus
2639 3318 2787 3372 ergo,
2817 3314 2868 3357 et
2921 3306 2970 3358 in
3019 3305 3212 3360 throno
3247 3307 3486 3362 residens

1928 3393 1978 3446 in
2001 3393 2166 3448 amica
2196 3391 2390 3446 Christi
2425 3407 2608 3461 magna
2641 3394 2852 3448 civitate
2899 3393 3235 3460 Alexandria,
3268 3397 3485 3450 decreto

1928 3483 2103 3536 divino
2148 3484 2425 3542 veraciter,
2457 3492 2510 3536 et
2557 3498 2660 3536 non
2703 3499 2766 3536 ex
2820 3483 3144 3551 hominibus,
3177 3500 3347 3554 neque
3395 3502 3485 3552 per

1930 3574 2190 3637 homines,
2221 3575 2317 3627 hoc
2348 3574 2570 3640 primum
2605 3573 2741 3628 forte
2769 3572 2962 3627 iactum
2992 3583 3038 3630 et
3072 3577 3346 3645 praemium
3375 3592 3487 3631 om-

1931 3669 2082 3722 nibus
2105 3667 2506 3721 demonstravit.
2531 3666 2742 3720 Mittens
2765 3666 2904 3720 enim
2928 3682 3046 3720 mox
3072 3667 3488 3736 dispensatores,

1931 3772 1984 3815 et
2011 3777 2130 3814 eum
2173 3760 2257 3829 qui
2289 3759 2561 3813 dicebatur
2603 3774 2760 3828 super
2787 3775 2968 3828 pacem
3003 3760 3137 3829 (l6),
3165 3761 3292 3816 dicit
3311 3775 3489 3815 coram

1932 3854 2176 3907 omnibus
2204 3852 2269 3905 ad
2300 3867 2392 3906 eos
2421 3853 2473 3906 in
2521 3852 2812 3906 honorabili
2854 3861 3059 3906 secreto
3087 3851 3198 3922 (l7)
3225 3869 3238 3904 :
3262 3850 3375 3905 Non
3403 3850 3492 3919 ju-

1933 3954 2069 3996 stum
2103 3952 2202 4005 est,
2227 3943 2435 4004 fratres,
2467 3957 2561 3996 nos
2587 3950 2709 3996 ante
2733 3942 2947 3996 alterius
2968 3945 3278 4010 cujusquam
3306 3955 3488 3994 curam

1938 4034 2128 4087 habere
2173 4049 2329 4099 quam
2377 4034 2594 4086 Christi.
2643 4035 2795 4087 Omni
2840 4049 2964 4088 vero
3013 4034 3348 4088 multitudine
3377 4047 3493 4101 quae

281 4121 491 4185 Joanni,
522 4131 574 4175 et
601 4129 849 4189 tanquam
881 4119 1018 4171 ﬁlius
1046 4116 1292 4186 proprius
1337 4115 1497 4181 patris
1524 4112 1827 4166 industriam

1945 4134 2280 4186 convenerat,
2309 4123 2487 4176 audito
2532 4125 2693 4178 verbo
2735 4136 3043 4194 compuncta
3084 4141 3144 4177 ac
3173 4125 3486 4189 sustinente,

283 4215 534 4282 suscepit,
566 4211 774 4266 dicente
805 4218 989 4263 sancto
1017 4208 1082 4261 ad
1111 4222 1227 4261 eum
1254 4223 1265 4261 :
1295 4205 1518 4260 Humilis
1559 4203 1835 4267 Zacharia,

283 4313 400 4360 esto
428 4303 724 4357 misericors
749 4319 761 4365 ;
787 4312 839 4356 et
866 4302 1081 4355 verbum
1113 4301 1272 4352 habes
1300 4314 1365 4352 ex
1409 4298 1516 4350 Deo
1546 4312 1637 4366 per
1667 4295 1841 4350 infeli-

285 4399 498 4450 citatem
530 4408 724 4457 meam,
759 4393 880 4460 quia
913 4405 1081 4460 neque
1121 4391 1172 4442 in
1212 4391 1316 4443 vita
1349 4403 1462 4442 mea
1511 4403 1679 4456 neque
1726 4396 1844 4454 post

289 4494 511 4539 mortem
535 4484 708 4537 deerit
734 4499 762 4536 a
792 4491 841 4536 te
886 4483 1056 4540 Deus;
1088 4480 1227 4549 quod
1253 4490 1427 4534 servat
1457 4494 1622 4547 usque
1662 4477 1838 4531 hodie.

291 4576 477 4632 Multas
503 4575 643 4630 enim
689 4572 1082 4628 benedictiones
1116 4570 1276 4624 mittit
1318 4571 1365 4624 ei
1415 4571 1574 4631 Deus,
1604 4569 1696 4623 sed
1739 4583 1844 4621 non

290 4669 508 4722 dimittit
535 4666 839 4735 quidquam,
871 4663 1010 4731 quod
1041 4678 1144 4716 non
1175 4664 1350 4715 statim
1383 4661 1473 4714 det
1503 4660 1840 4728 pauperibus,

294 4756 670 4825 propemodum
719 4753 1091 4819 constringens
1147 4760 1201 4804 et
1246 4751 1297 4803 in
1343 4749 1562 4803 nihilum
1601 4749 1846 4816 redigens

293 4848 504 4901 domum
535 4859 702 4898 suam.
733 4842 1000 4896 lllultoties
1025 4849 1204 4893 autem
1234 4839 1284 4892 in
1312 4838 1663 4892 exsultatione
1698 4838 1843 4890 inve-

293 4947 486 4993 nerunt
515 4950 634 4990 eum
676 4933 910 5002 quidam,
939 4930 1204 4983 dicentem
1253 4929 1361 4983 Deo
1388 4944 1400 4981 :
1425 4929 1530 4984 Sic,
1549 4929 1648 4992 sic,
1679 4936 1766 4980 aut
1795 4935 1850 4979 tu

295 5024 573 5087 mittendo,
601 5031 692 5075 aut
717 5036 814 5088 ego
843 5018 1226 5086 dispergendo;
1259 5017 1558 5070 videbimus
1583 5029 1709 5068 vero
1731 5015 1848 5079 quis

295 5119 490 5170 vincat.
538 5115 726 5181 Liquet
768 5111 907 5164 enim
938 5124 1188 5178 quoniam
1230 5117 1284 5161 tu
1311 5107 1458 5161 dives
1481 5147 1495 5172 ,
1527 5106 1768 5168 Domine,
1800 5115 1853 5160 et

298 5208 415 5260 vita;
442 5213 636 5258 nostrze
665 5202 990 5256 ministrator
1015 5214 1090 5253 es.
1137 5199 1300 5252 Porro
1329 5205 1409 5251 est
1452 5196 1662 5265 quando
1703 5196 1851 5262 juxta

297 5304 543 5352 eventum
572 5308 678 5348 non
718 5293 874 5346 habet
927 5291 991 5345 ad
1049 5291 1229 5344 horam
1285 5288 1478 5358 aliquid
1521 5288 1661 5356 quod
1691 5288 1780 5341 det
1822 5303 1848 5340 a

299 5399 357 5439 se
389 5383 612 5452 petenti;
643 5391 696 5435 et
734 5382 968 5434 tristatus
1006 5380 1132 5433 dicit
1169 5380 1234 5432 ad
1278 5379 1628 5432 tabernariurn
1672 5386 1761 5430 aut
1789 5377 1852 5429 ad

1941 4213 2070 4268 dicit
2100 4214 2290 4267 iterum
2317 4214 2405 4267 illc
2432 4213 2612 4268 beatus
2640 4233 2652 4265 :
2677 4216 2870 4268 Euntcs
2898 4229 3146 4282 ergotper
3173 4223 3332 4268 totam
3363 4212 3494 4268 civi-

1943 4313 2122 4367 tatem,
2155 4304 2471 4356 conseribite
2540 4303 2669 4358 mihi
2738 4318 2910 4374 usque
2967 4305 3035 4358 ad
3114 4318 3272 4356 unum
3303 4317 3490 4357 omnes

1943 4393 2184 4446 dominus
2231 4407 2394 4446 meos.
2429 4393 2532 4444 Illis
2580 4403 2752 4446 autem
2794 4402 2897 4445 non
2943 4391 3376 4459 intelligentibus,
3405 4392 3495 4461 qui

1946 4483 1996 4535 lti
2024 4490 2222 4547 essent,
2251 4482 2342 4536 sed
2382 4482 2684 4550 rogantibus
2729 4479 2904 4536 dicere
2923 4524 2936 4546 ,
2965 4491 3016 4534 et
3044 4481 3351 4534 mirantibus
3382 4481 3496 4549 qui-

1945 4587 2066 4626 nam
2111 4572 2418 4640 patriarcha:
2446 4571 2648 4624 domini
2673 4575 2978 4634 ex‘sterent,
3012 4572 3286 4638 respondit
3315 4587 3496 4625 rursus

1946 4665 2236 4734 angelicum
2269 4664 2393 4718 illud
2425 4679 2505 4729 os,
2537 4675 2584 4716 et
2616 4665 2724 4716 ait:
2751 4664 2896 4729 Quod
2930 4679 3022 4717 vos
3049 4677 3241 4730 egenos
3270 4673 3324 4717 et
3351 4678 3498 4716 men-

1947 4755 2091 4808 dicos
2119 4755 2336 4818 vocatis,
2369 4751 2484 4806 illos
2520 4767 2616 4820 ego
2642 4753 2886 4806 dominos
2916 4761 2970 4805 et
2998 4750 3341 4805 auxiliatores
3365 4765 3500 4817 pra:-

1949 4846 2087 4898 dico.
2123 4844 2220 4911 lpsi
2261 4844 2399 4896 enim
2444 4842 2593 4896 nobis
2635 4858 2758 4896 vere
2784 4852 2837 4896 et
2861 4841 3121 4906 auxiliari,
3158 4849 3210 4895 et
3245 4842 3501 4895 cmlorum

1951 4949 2165 5000 regnum
2198 4933 2395 4985 donare
2431 4942 2698 5000 poterunt.
2729 4932 2793 4985 Et
2820 4947 2938 4985 cum
2986 4931 3084 4986 hoc
3114 4931 3275 4984 multa
3307 4929 3504 4985 veloci-

1952 5031 2061 5076 tate
2108 5022 2323 5074 vidisset
2369 5022 2561 5074 factum
2593 5021 2788 5074 Cltristi
2840 5021 3088 5085 imitator,
3131 5020 3379 5089 praecepit
3426 5020 3506 5073 eis

1955 5128 2048 5180 per
2091 5111 2323 5178 singulos
2350 5111 2464 5165 dies
2494 5111 2755 5178 stipendia
2802 5112 2979 5174 tribui,
3013 5120 3064 5166 et
3107 5125 3196 5177 per
3238 5109 3505 5178 proprium

1955 5202 2368 5269 dispensatorem
2389 5203 2628 5267 praebens
2648 5200 2723 5254 eis
2743 5200 3091 5254 sullicientem
3117 5200 3503 5255 necessitatem:

1957 5293 2073 5360 plus
2116 5302 2288 5345 autem
2345 5301 2495 5344 erant
2551 5308 2704 5358 quam
2755 5301 2953 5360 septem
3005 5293 3161 5346 millia
3212 5290 3504 5360 quingenti.

1956 5384 2105 5438 Tunc
2148 5385 2294 5452 quasi
2332 5393 2512 5451 pastor
2554 5399 2707 5435 verus
2738 5392 2789 5438 et
2819 5399 2920 5437 non
2967 5382 3353 5443 mercenarius,
3387 5394 3504 5432 cum

301 5476 678 5544 negotiatorem
704 5489 718 5526 :
746 5472 818 5525 Da
849 5471 975 5525 tuihi
1001 5487 1158 5524 unum
1188 5473 1480 5526 tremissem
1507 5470 1637 5539 (15),
1662 5480 1713 5525 et
1736 5487 1853 5524 ser-
1885 5487 1934 5546 ι)
1958 5490 2109 5528 sacro
2140 5490 2236 5526 suo
2279 5475 2399 5526 ovili
2445 5482 2496 5526 et
2544 5489 2660 5526 curn
2702 5474 3132 5526 convenientibus
3161 5472 3353 5525 sanctis
3382 5469 3508 5521 viris

304 5567 437 5620 viam
469 5565 558 5619 tibi
590 5580 694 5618 uno
723 5577 903 5616 mense
945 5561 1024 5614 vel
1072 5562 1303 5627 duobus,
1335 5573 1393 5616 ut
1435 5563 1511 5616 vis
1542 5573 1591 5617 et
1625 5565 1708 5616 ubi
1754 5564 1850 5624 vis,

303 5657 549 5723 quoniam
597 5654 836 5708 esuriunt
870 5653 1021 5706 valde
1062 5653 1229 5722 quiin
1271 5657 1428 5708 domo
1466 5670 1580 5708 mea
1621 5665 1759 5708 sunt.
1791 5658 1854 5708 Et

307 5760 516 5799 sumens
539 5746 624 5797 dat
647 5757 830 5813 egeno,
859 5758 1046 5812 rogans
1073 5753 1124 5796 ut
1166 5745 1358 5799 nemini
1381 5747 1537 5800 dicat.
1571 5747 1697 5800 Cum
1727 5763 1852 5810 ergo

307 5837 555 5888 sensisset
587 5850 665 5888 me
697 5835 832 5889 idem
867 5834 954 5888 Dei
981 5835 1147 5889 cultor
1175 5834 1388 5891 Mennas
1421 5837 1531 5905 (14)
1561 5879 1572 5903 ,
1607 5848 1850 5906 tanquam

1961 5567 2223 5633 episcopis
2251 5565 2312 5617 ad
2344 5564 2616 5618 ecclesiam
2649 5573 2878 5619 sanctam
2905 5577 3143 5632 pergens,
3169 5570 3509 5616 consecratus

1960 5665 2040 5709 est
2061 5657 2235 5710 divino
2257 5656 2451 5722 judicio
2483 5654 2612 5721 (18).

2031 5747 2154 5798 (In.
2193 5745 2272 5796 IIl.
2305 5775 2370 5783 ——
2397 5746 2598 5796 Justum
2633 5759 2754 5794 vcru
2780 5755 2856 5796 est
2885 5753 2934 5794 et
2973 5743 3068 5795 huc
3101 5755 3364 5812 gestorum
3397 5745 3509 5808 ejus

1963 5852 2061 5888 non
2115 5841 2422 5901 po~tponcrc
2467 5834 2677 5885 bonum.
2713 5832 2762 5883 in
2808 5835 3092 5888 crastinum
3134 5836 3269 5886 cnim
3323 5834 3508 5888 iterum
