4034 6398
528 349 663 407 ΜΠ)

1575 358 1856 415 LEONTH‘
1890 361 2359 417 NlaAPOLl'fANl’
2395 360 2704 417 EPISCOPI

3635 367 3772 424 1620

530 478 743 535 mittens
793 488 885 544 per
936 482 1094 528 totam
1138 472 1400 525 civitatem
1449 472 1663 525 eosdem
1720 471 1809 525 Dei
1860 472 2087 533 amicos,
2121 477 2164 532 Α
2198 485 2339 530 eum.
2370 488 2434 526 ne
2463 474 2657 538 tardet,
2686 475 2780 529 sed
2810 476 2935 530 illud
2969 477 3248 547 Propheta:
3276 479 3476 534 dictum
3520 480 3758 548 protinus

530 575 840 626 meanomos
882 575 933 622 et
979 562 1322 620 canceli'ari'os
1354 561 1504 632 (i9),
1538 576 1591 617 et
1636 563 1869 632 reliquos
1896 563 2086 631 quibus

530 670 645 717 erat
674 660 949 729 dispositio
973 656 1202 711 civitatis
1230 655 1451 719 credita,
1478 670 1581 709 non
1612 655 1853 724 permisit
1878 668 2089 707 mensu-

531 766 644 806 ram
672 750 1111 820 qualemcunque,
1142 746 1222 800 vel
1251 746 1453 815 pondus
1483 759 1699 814 parvum
1731 745 1811 800 vel
1842 760 2087 813 magnum

529 844 580 895 in
608 850 717 895 tota
754 841 991 903 civitate;
1027 838 1121 893 sed
1167 836 1343 891 omnia
1376 836 1427 890 in
1474 850 1575 889 una
1619 838 1887 904 Campana
1929 836 2090 889 state—

531 949 585 985 ra
618 932 755 1002 (‘20),
783 930 957 984 modio
982 940 1031 983 et
1061 928 1241 981 artabe
1265 926 1401 998 ('21),
1429 928 1655 982 vendere
1685 934 1738 979 et
1767 932 1944 980 emere
1970 938 2091 978 cono

530 1022 838 1086 testabatur,
867 1020 1106 1076 scribens
1128 1018 1179 1072 in
1206 1017 1595 1085 subscriptione
1618 1031 1713 1072 sua
1732 1016 2088 1071 conditionem

530 1128 623 1182 per
672 1126 881 1166 onmem
938 1111 1248 1179 regionem,
1301 1106 1587 1163 habentem
1636 1112 1861 1161 formam
1912 1106 2087 1160 hanc:

530 1221 554 1257 ι
588 1204 819 1260 Jonnnes
848 1202 1067 1255 humilis
1102 1210 1155 1256 et
1199 1200 1418 1271 exiguus
1459 1215 1643 1254 servus
1685 1214 1957 1254 servorum
1989 1199 2091 1253 Do-

526 1295 656 1350 mini
701 1294 865 1349 nostri
914 1291 1038 1345 Jesu
1085 1288 1299 1354 Christi,
1345 1290 1590 1342 omnibus
1632 1290 1731 1344 sub
1782 1296 2091 1358 paupertate

529 1394 709 1438 nostra
738 1381 1074 1452 degentibus,
1115 1378 1308 1449 quique
1332 1378 1400 1432 ab
1439 1379 1627 1433 eodem
1657 1378 1880 1433 Domino
1906 1386 1960 1434 et
1984 1378 2093 1432 Deo

527 1474 708 1528 nostro
737 1472 1001 1540 regimini,
1036 1470 1148 1525 haec
1172 1486 1185 1522 :
1214 1470 1439 1538 Egregio
1462 1470 1616 1523 beato
1640 1471 1827 1535 Paulo,
1857 1472 1948 1538 per
1968 1484 2088 1523 eum

527 1566 615 1634 qui
644 1565 694 1618 in
723 1578 789 1619 eo
818 1564 1151 1632 loquebatur,
1178 1562 1446 1616 Christum
1473 1562 1694 1630 jubente
1717 1604 1741 1637 ,.
1759 1573 1813 1617 et
1845 1562 2092 1616 omnibus

527 1655 696 1725 legem
746 1656 995 1724 ponente,
1030 1653 1250 1708 Obedite
1282 1654 1577 1722 praepositis
1607 1652 1795 1707 vestris
1825 1662 1875 1706 et
1914 1653 2090 1722 subja-

526 1750 642 1800 cete
663 1746 772 1811 eis;
799 1746 894 1815 ip>i
926 1744 1069 1799 enim
1103 1743 1450 1811 pervigilant,
1496 1744 1648 1812 quasi
1697 1743 1953 1796 rationem
1995 1758 2090 1811 pro

2189 562 2724 619 excl'amamus:Cito
2769 568 3031 635 anticipet
3072 570 3177 623 nos
3220 568 3587 625 misericordia
3635 580 3757 638 tua,

2192 649 2411 705 Domine
2438 652 2608 721 (Paul.
2647 656 2907 724 uxvm);
2942 659 3211 726 quomodo
3232 702 3246 726 ,
3290 669 3476 729 putas,
3508 675 3608 715 nos
3631 676 3763 715 con-

2189 755 2462 829 servorum
2483 756 2785 802 nostrorum
2810 750 3091 818 petitiones
3112 766 3232 805 cum
3255 752 3401 805 omni
3426 751 3763 809 festinatione

2191 833 2446 890 debemus
2466 838 2745 907 peragere,
2771 856 3035 896 memores
3051 844 3257 897 Domini
3278 844 3505 899 dicentis
3534 862 3549 898 :
3582 846 3636 899 In
3660 860 3761 912 qua

2192 930 2445 984 triensura'
2467 932 2635 986 mensi
2657 932 2883 999 fueritis,
2910 935 3218 989 remetietur
3239 936 3386 991 vobis
3409 935 3625 1006 (Matth.
3642 938 3757 1004 vn).

2196 1017 2260 1070 Et
2322 1018 2600 1087 PrOphetm
2644 1021 2833 1076 iterum
2885 1023 3209 1090 perhibentis
3244 1040 3260 1077 :
3301 1024 3763 1090 Quemadmodum

2193 1106 2480 1174 perfecisti,
2514 1111 2620 1163 erit
2652 1110 2786 1165 tibi?
2810 1112 2921 1167 Una
2945 1129 3072 1183 ergo
3095 1114 3299 1169 dierum
3317 1116 3477 1170 simili
3506 1116 3665 1170 modo
3682 1117 3765 1170 hic

2199 1198 2457 1253 mirabilis
2488 1203 2803 1269 procedens,
2823 1205 2951 1259 etin
2973 1206 3131 1261 solito
3149 1206 3265 1262 loco
3288 1208 3581 1272 praesidens
3601 1223 3766 1277 usque

2194 1287 2259 1340 ad
2290 1288 2473 1343 horam
2518 1292 2754 1359 quintam
2780 1336 2795 1360 ,
2844 1304 2898 1349 et
2942 1298 3157 1352 nemine
3185 1296 3477 1352 accedente
3498 1340 3512 1363 ,
3547 1308 3768 1355 mestus

2194 1385 2249 1431 et
2276 1378 2665 1450 collacrymans
2695 1382 2946 1449 recessit;
2978 1385 3125 1441 nuilo
3172 1394 3348 1440 autem
3390 1386 3625 1441 audente
3648 1400 3765 1442 eum

2196 1467 2533 1539 interrogare
2553 1484 2767 1526 causam
2796 1476 3061 1544 mteroris,
3092 1482 3308 1531 sanctus
3337 1475 3675 1545 Sophronias
3697 1479 3771 1534 ait

2193 1558 2257 1611 ad
2287 1574 2407 1613 eum
2436 1571 2644 1616 secreto
2672 1562 2802 1632 (illic
2823 1564 2965 1618 enim
2991 1564 3309 1637 erattunc):
3335 1567 3464 1634 Qus
3484 1584 3643 1623 causa
3662 1578 3768 1635 est,

2196 1648 2289 1703 Dei
2319 1662 2553 1718 curator,
2580 1654 2858 1709 retinentis
2883 1655 3118 1711 animum
3148 1658 3301 1712 tuum
3323 1669 3573 1714 sanetum
3605 1662 3770 1716 tristi-

2196 1741 2316 1795 tiae?
2335 1757 2521 1798 omnes
2541 1745 2736 1814 quippe
2756 1760 2853 1801 nos
2879 1759 3101 1817 repente
3118 1748 3477 1805 conturbavit.
3504 1750 3605 1818 Qui
3634 1752 3770 1807 dixit

526 1835 804 1889 animabus
831 1834 1023 1889 vestris
1072 1834 1326 1889 reddituri
1359 1833 1545 1902 (fleor.
1576 1836 1689 1902 xui)
1722 1852 1733 1884 :
1765 1833 1933 1887 credit
1971 1842 2089 1887 tan-
2125 1842 2169 1900 Β
2197 1834 2244 1886 ei
2278 1836 2550 1890 mansueta
2585 1852 2750 1892 voce:
2786 1839 2951 1895 Hodie
2981 1841 3098 1911 (23)
3128 1842 3345 1898 humilis
3372 1836 3613 1899 Joannes
3636 1859 3769 1914 qua-

532 1926 716 1981 tillitas
745 1932 885 1991 mea,
918 1928 1078 1979 verbo
1117 1926 1295 1978 divino
1335 1925 1643 1981 obedientes
1674 1941 1797 1990 vos,
1825 1922 2095 1996 suscipere

531 2022 811 2091 petitiones
839 2031 1050 2076 nostras
1075 2029 1131 2074 ut
1158 2036 1225 2077 ex
1252 2021 1383 2084 Deo,
1402 2031 1579 2075 etnon
1602 2020 1663 2075 ex
1686 2020 1930 2086 homine;
1955 2022 2095 2077 unde

532 2114 634 2166 hoc
659 2112 835 2168 sciens
860 2152 876 2179 ,
906 2114 1097 2168 moneo
1124 2112 1439 2167 charitatem
1470 2112 1698 2171 vestram
1724 2154 1739 2181 ,
1787 2121 1845 2167 ut
1891 2127 2093 2182 nequa-

531 2215 690 2268 quam
738 2201 792 2255 in
839 2202 1085 2270 quopiam
1140 2211 1374 2256 vestrum
1425 2210 1679 2270 appareat
1728 2202 2094 2271 hujuscemodi

533 2293 918 2360 praevaricatio.
951 2294 1217 2365 Denique,
1250 2303 1306 2349 ut
1333 2296 1408 2348 ait
1436 2294 1615 2350 divina
1639 2296 1910 2364 Scriptura
1935 2337 1949 2361 ,
1977 2298 2094 2352 Sta-

534 2396 696 2443 teram
722 2390 961 2459 magnam
985 2398 1039 2446 et
1058 2388 1268 2458 parvam
1296 2389 1602 2445 odiohabet
1628 2389 1765 2444 Deus
1790 2388 1971 2459 (Prov.
1995 2390 2094 2457 ιιι).

532 2483 588 2539 Si
624 2499 748 2539 vero
776 2486 894 2554 quis
927 2483 1229 2553 appartierit
1259 2484 1379 2555 post
1406 2488 1722 2554 praesentem
1748 2482 2098 2550 subscriptio-

536 2578 619 2632 nis
642 2572 835 2631 nosme
858 2572 1243 2641 conditionem,
1276 2575 1574 2630 istiusmodi
1601 2576 1808 2631 crimen
1834 2576 2093 2637 incidens,

536 2668 808 2724 universas
837 2667 1112 2723 facultates
1150 2676 1273 2723 suas
1318 2668 1672 2738 indigentibus
1693 2710 1708 2734 ,
1741 2674 1843 2724 non
1872 2669 2056 2723 volens
2081 2712 2095 2735 ,

535 2750 650 2813 stne
676 2759 941 2821 mercede,
970 2760 1217 2825 apponet.
1253 2778 1271 2811 ι
1302 2759 1462 2827 Ergo,
1490 2771 1547 2814 ut
1574 2760 1786 2827 dignum
1815 2762 2094 2827 memoria,

535 2857 589 2901 ct
620 2848 721 2902 hoc
749 2848 917 2917 ipsum
953 2844 1217 2917 publicum
1250 2858 1569 2919 praceptum
1605 2850 1686 2903 hic
1720 2866 1916 2918 ponere
1953 2852 2097 2907 festi-

537 2941 793 2994 navimus.

609 3027 737 3081 Cap.
768 3026 854 3080 IV.
884 3056 953 3067 —
985 3020 1222 3081 Relatu'm
1254 3036 1335 3083 est
1359 3038 1535 3083 autem
1568 3029 1847 3098 aliquando
1873 3030 1990 3083 huic
2018 3031 2097 3083 di-

540 3116 737 3170 vinitus
763 3116 1076 3184 sapientiam
1104 3124 1411 3180 cansecuto,
1446 3117 1584 3183 quod
1618 3135 1710 3186 per
1739 3118 1890 3172 xenia
1920 3119 2093 3173 eccle-

2198 1924 2511 1995 lemcnnque
2541 1928 2839 1983 mercedem
2874 1944 2904 1983 a
2934 1936 3183 1999 quopiam
3217 1944 3321 1985 non
3355 1930 3567 1997 habuit,
3596 1949 3769 2003 neque

2198 2016 2405 2071 Christo
2435 2031 2530 2086 pro
2564 2018 2856 2074 innumeris
2883 2025 3114 2089 peccatis
3143 2023 3258 2091 ejus
3292 2023 3490 2091 aliquid
3522 2024 3758 2091 obtulit,

2204 2109 2339 2162 sicut
2376 2124 2473 2164 nec
2499 2111 2801 2181 aliquando.
2837 2114 2930 2168 Cui
2958 2120 3176 2170 sanctus
3204 2115 3540 2185 Sophronias
3578 2118 3769 2173 divini-

2200 2212 2282 2257 tus
2309 2204 2593 2272 inspiratus
2615 2248 2629 2271 ,
2666 2207 2941 2275 respondit
2971 2208 3117 2279 (mox
3161 2211 3301 2263 enim
3331 2206 3596 2264 intellexit
3646 2225 3771 2265 cau-

2198 2309 2309 2348 sam
2354 2295 2421 2348 ob
2469 2306 2624 2363 quam
2673 2296 2812 2351 idem
2862 2288 3170 2351 tristahatur
3209 2297 3531 2367 patriarchai
3558 2317 3571 2353 :
3603 2298 3772 2353 Hodie

2199 2386 2408 2454 quidem
2433 2386 2663 2453 gaudere
2711 2391 2766 2439 et
2827 2386 2998 2444 lzetari
3091 2394 3355 2458 oportet,
3426 2387 3769 2451 beatissime;

2201 2478 2458 2529 veraciter
2489 2477 2629 2529 enim
2656 2475 2994 2531 beatissimus
3020 2488 3079 2531 es
3102 2521 3117 2544 ,
3150 2478 3220 2530 ita
3250 2478 3539 2545 pacificans
3565 2493 3593 2531 a
3617 2480 3773 2533 Chri-

2199 2574 2282 2621 sto
2308 2568 2565 2622 creditum
2599 2567 2691 2622 tibi
2720 2581 2935 2638 gregem
2955 2607 2968 2632 ,
3018 2579 3075 2623 ut
3115 2569 3311 2622 nullam
3359 2570 3558 2625 habeat
3586 2578 3775 2639 contra

2200 2658 2500 2726 proximum
2546 2672 2701 2713 suum
2748 2657 2895 2712 litem
2948 2666 3040 2711 aut
3082 2659 3435 2724 dubietatem,
3488 2660 3589 2716 sed
3627 2660 3774 2715 velut

2200 2754 2415 2823 angelos
2444 2753 2559 2808 sine
2588 2754 2756 2824 litigio
2777 2761 2831 2808 et
2858 2753 2974 2808 sine
2998 2754 3202 2823 judicio
3231 2754 3477 2811 homines
3524 2769 3648 2810 esse
3691 2755 3769 2810 fe-

2199 2842 2340 2897 cisti.
2380 2843 2470 2899 Ille
2514 2850 2690 2897 autem
2737 2854 2861 2898 vere
2902 2846 3049 2900 mitis
3093 2850 3294 2914 pastor,
3350 2851 3585 2901 credens
3632 2846 3774 2912 quod

2202 2933 2399 2995 dictum
2431 2941 2541 2990 erat
2571 2948 2753 2990 verum
2784 2954 2923 3007 esse,
2946 2938 3129 2993 oculos
3156 2941 3207 2993 in
3235 2941 3429 2994 cmlum
3455 2940 3773 3006 extendens,

2203 3023 2408 3077 dicebat
2438 3040 2451 3077 :
2482 3024 2691 3080 Gratias
2718 3041 2818 3094 ago
2847 3028 2974 3093 tibi,
3004 3029 3141 3083 Dens
3162 3068 3178 3094 ,
3221 3030 3343 3098 quia
3368 3036 3423 3084 et
3454 3018 3775 3084 immeritam

2204 3114 2687 3181 pusillanimitatem
2720 3124 2891 3171 meam
2922 3118 3222 3173 sacerdotio
3253 3119 3396 3190 l‘ungi
3422 3162 3437 3186 ,
3466 3126 3522 3173 et
3543 3128 3629 3174 me
3660 3121 3776 3173 exi-

540 3208 634 3260 size
657 3217 891 3261 rectores
914 3209 1072 3275 empti
1102 3222 1354 3275 personas
1382 3210 1683 3276 acciperent
1710 3209 1849 3262 circa
1874 3195 2173 3277 dispoSi-‘C
2206 3219 2363 3274 guum
2393 3216 2446 3260 et
2478 3219 2803 3274 peccatorem
2831 3246 2846 3272 ,
2894 3209 3223 3264 sacerdotem
3272 3218 3421 3263 tuum
3472 3210 3686 3273 vocari,
3722 3218 3777 3263 et

544 3298 715 3353 tiones
740 3300 1088 3366 captivorum.
1114 3299 1257 3363 Quos
1281 3298 1410 3352 nihil
1436 3296 1721 3367 negligens,
1752 3301 2099 3364 convocavit;

538 3396 592 3441 et
616 3390 880 3444 neminem
913 3388 1121 3457 penitus
1143 3402 1481 3458 exasperans,
1511 3390 2104 3456 superauxitmercedes

541 3493 657 3545 quae
704 3480 783 3532 eis
832 3479 973 3546 prius
1002 3476 1279 3545 dabantur,
1326 3493 1527 3547 ponens
1555 3481 1805 3546 verbum,
1846 3488 2103 3547 quatenus

542 3584 762 3626 munera
788 3587 815 3625 a
845 3574 1080 3640 quolibet
1101 3570 1422 3627 omnimodis
1452 3590 1554 3627 non
1581 3575 1890 3642 acciperent
1916 3592 1928 3627 :
1962 3572 2103 3638 Quo-

543 3665 711 3728 niam,
745 3664 944 3733 inquit,
978 3666 1112 3733 ignis
1142 3675 1420 3743 consumet
1458 3658 1648 3721 domos
1694 3674 1911 3718 munera
1961 3667 2102 3720 acci-

542 3758 819 3823 pientium.
847 3758 920 3811 Ex
952 3754 1076 3814 tunc
1112 3758 1270 3827 igitur
1300 3773 1393 3826 per
1416 3758 1640 3825 gratiam
1675 3758 1764 3811 Dei
1803 3758 2105 3811 abundave—

546 3844 669 3902 runt
696 3848 887 3902 domus
914 3846 1116 3914 eorum,
1150 3851 1220 3903 ita
1252 3858 1307 3903 ut
1334 3848 1548 3918 quidam
1578 3862 1648 3904 ex
1677 3853 1754 3906 eis
1783 3849 1975 3903 additae
2005 3848 2105 3902 sibi

544 3939 807 3995 mercedis
834 3941 1178 4008 quantitatem
1209 3940 1551 3995 dimitterent.

612 4026 743 4081 Car.
776 4026 840 4084 V.
867 4058 938 4068 —
961 4028 1177 4084 Discens
1202 4044 1325 4084 vero
1351 4030 1635 4099 aliquando
1672 4029 1875 4089 iterum,
1902 4029 1995 4085 ille
2026 4036 2106 4083 ter

544 4115 713 4183 dives,
744 4118 881 4186 quod
911 4118 1120 4188 quidam
1154 4120 1396 4185 iniuriam
1430 4128 1736 4187 paterentur
1763 4122 1830 4172 ab
1859 4120 2107 4174 adversa-

550 4204 642 4260 riis
665 4209 796 4276 suis,
820 4214 873 4263 et
901 4212 1137 4264 volentes
1180 4212 1328 4267 adire
1355 4227 1472 4265 eum
1492 4254 1504 4275 ,
1538 4212 1729 4267 timore
1758 4213 2104 4266 cancellario-

545 4310 662 4359 rum
693 4314 747 4360 et
762 4306 1005 4361 ecclesiae
1025 4305 1363 4361 defensorum
1400 4307 1514 4376 (2‘2)
1556 4319 1715 4374 atque
1736 4309 1789 4360 ei
1823 4308 2107 4361 astantium

549 4396 973 4466 prohiberentur,
1002 4396 1356 4452 consideravit
1386 4397 1490 4450 tale
1528 4397 1652 4464 quid
1685 4398 1793 4450 Deo
1832 4408 2106 4465 acceptum

545 4488 847 4558 negotium;
878 4499 931 4543 et
977 4496 1159 4557 quarta
1200 4497 1253 4542 et
1299 4495 1447 4541 sexta
1476 4484 1610 4541 feria
1658 4486 1864 4555 publice
1902 4501 2107 4554 ponens

2207 3310 2425 3364 pascere
2455 3298 2821 3353 rationabilem
2852 3306 3067 3369 gregem
3099 3308 3247 3355 tuum
3274 3296 3522 3371 dignatus
3556 3316 3638 3355 es.
3659 3302 3779 3356 Mox

2207 3394 2333 3452 ergo
2358 3388 2788 3454 pusillanimitate
2817 3391 2960 3444 omni
2992 3390 3267 3458 deposita,
3311 3392 3562 3459 gaudium
3595 3389 3647 3444 in
3680 3390 3778 3444 hu-

2208 3477 2429 3532 militate
2469 3481 2689 3532 multum
2738 3478 2813 3533 illi
2854 3478 3041 3533 adfuit.
3080 3480 3226 3535 llnnc
3275 3494 3401 3539 vero
3446 3482 3531 3549 (ut
3557 3481 3778 3551 quidam

2209 3566 2377 3635 aiunt)
2418 3568 2471 3621 in
2504 3568 2605 3631 hoc
2648 3569 2887 3623 imitatus
2930 3578 3011 3625 est
3051 3570 3471 3637 Constantinus,
3521 3571 3612 3640 qui
3659 3580 3779 3639 post

2209 3656 2505 3711 Heraclium
2537 3658 2905 3725 imperatorem
2933 3662 3173 3727 exstitit,
3206 3662 3358 3731 cujus
3387 3671 3445 3717 et
3467 3662 3607 3717 filius
3640 3670 3777 3718 erat.

2276 3746 2404 3801 CAP.
2434 3747 2522 3802 Vl.
2548 3776 2617 3788 -—
2646 3747 2812 3817 Hujus
2855 3751 3026 3803 sancti
3072 3752 3393 3819 patriarchae
3446 3752 3776 3819 temporibus

2208 3838 2554 3892 ascendentes
2592 3838 2767 3895 Persae
2803 3838 2914 3910 (Ξι)
2939 3841 3337 3909 eaptivave‘runt
3381 3848 3438 3895 et
3482 3842 3781 3911 depraedati

2208 3934 2331 3983 sunt
2372 3930 2605 3999 Syriam.
2653 3930 2839 3999 itaque
2889 3938 3026 4000 pene
3080 3940 3266 3987 omnes
3316 3930 3403 4001 qui
3457 3932 3774 4003 en‘ogiebant

2208 4033 2395 4074 manus
2425 4022 2725 4087 Persarum,
2750 4022 2817 4076 ad
2838 4034 3029 4077 nomen
3055 4024 3209 4093 hujus
3230 4032 3311 4079 ter
3332 4024 3499 4090 beati,
3526 4028 3774 4094 tanquam

2208 4113 2271 4166 ad
2302 4124 2508 4181 portum
2563 4117 2681 4169 sine
2730 4113 2886 4169 fluctu
2915 4114 3295 4181 accurneban't,
3340 4116 3407 4171 ab
3456 4130 3526 4171 eo
3567 4126 3627 4171 et
3677 4118 3775 4185 ipsi

2209 4205 2455 4275 suffragio
2505 4216 2558 4260 et
2604 4209 2936 4275 susceptione
2985 4208 3185 4277 perfrui
3239 4210 3592 4278 postulantes.
3633 4208 3776 4276 Quos

2209 4297 2395 4351 beatus
2425 4298 2526 4352 iste
2565 4299 2797 4367 hospitio
2827 4301 3145 4368 recipiebat,
3179 4310 3232 4355 et
3263 4301 3645 4355 consolabatur
3673 4310 3775 4354 non

2211 4394 2456 4453 tanquam
2486 4388 2739 4454 captivos,
2769 4388 2860 4441 sed
2883 4389 3031 4457 quasi
3060 4400 3245 4443 natura
3268 4391 3530 4444 veraciter
3556 4389 3773 4445 fratres.

2209 4475 2468 4528 Continuo
2495 4480 2621 4544 ergo
2652 4478 2888 4546 plagatos
2916 4479 3129 4546 quidem
3157 4486 3210 4533 et
3241 4479 3483 4533 infirmas
3525 4479 3576 4532 in
3611 4493 3775 4541 xeno;

545 4581 730 4636 sellam
762 4590 817 4635 ει
854 4580 959 4635 duo
982 4593 1218 4643 scamna,
1250 4578 1470 4633 sedebat
1511 4589 1633 4632 ante
1662 4578 1965 4644 ecclesiam,
1990 4580 2102 4634 col-
2135 4567 2185 4625 D
2209 4568 2413 4622 dochiis
2454 4578 2505 4621 et
2546 4570 2864 4623 nosodomiis
2886 4570 3017 4623 iecit
3048 4571 3362 4625 recumbere
3386 4611 3401 4635 ,
3448 4570 3774 4638 praecipiens

546 4670 768 4741 laqueus
795 4672 1105 4742 quibusdam
1132 4671 1361 4725 strenuis
1383 4672 1531 4737 viris,
1559 4681 1646 4723 aut
1668 4680 1845 4724 sancta
1870 4670 2105 4738 Evange-

544 4758 612 4814 lia
642 4776 748 4830 pra:
763 4754 1005 4816 manibus
1028 4772 1239 4824 tenens,
1268 4762 1467 4815 nullum
1495 4762 1622 4814 tanti
1648 4761 1883 4829 obsequii
1912 4776 2103 4829 appro-

536 4852 798 4919 piliquare
842 4852 941 4906 sibi
995 4851 1344 4919 permittens,
1396 4859 1616 4918 excepto
1668 4866 1771 4905 uno
1825 4850 2102 4906 defensore

532 4942 801 5005 ecclesiae,
832 4943 1097 4999 licentiam
1128 4940 1181 4998 et
1209 4943 1583 4998 confidentiam
1610 4944 1737 4999 dare
1768 4945 2024 5000 festinans
2047 4961 2105 5000 se

539 5030 683 5085 adire
705 5033 1032 5100 volentibus;
1069 5034 1257 5104 quibus
1286 5045 1339 5089 et
1377 5035 1656 5090 confestim
1699 5036 1840 5105 quod
1882 5037 2096 5104 dignum

538 5124 674 5185 erat,
708 5137 799 5189 per
826 5125 1062 5178 ecclesiae
1093 5126 1400 5180 defensores
1431 5125 1691 5190 faciebat;
1725 5136 1780 5181 et
1824 5128 2097 5196 principie-

539 5212 628 5266 bat
655 5220 714 5265 ut
743 5228 898 5269 nemo
928 5228 1106 5268 eorum
1135 5225 1388 5283 gustaret,
1422 5218 1766 5285 quoadusque.
1792 5218 2103 5272 ordinarent

534 5306 845 5372 capitulum.
871 5304 937 5359 Et
974 5305 1309 5360 audientibus
1356 5307 1561 5362 dicebat
1586 5324 1598 5361 :
1624 5308 1677 5362 Si
1719 5321 1813 5362 nos
1856 5309 2095 5363 homines

532 5395 859 5458 Oxistentes,
909 5396 1309 5464 permissionem
1361 5410 1571 5463 semper
1612 5414 1707 5464 pro
1754 5399 2095 5467 petitionibus

537 5488 731 5542 nostris
761 5486 1017 5542 habemus
1048 5488 1373 5556 ingrediendi
1403 5490 1619 5541 domum
1652 5489 1765 5555 Dei,
1803 5498 1855 5543 et
1886 5491 2093 5556 petitio-

540 5592 633 5632 nes
660 5578 870 5631 nostras
902 5576 1051 5632 notas
1082 5578 1254 5632 facere
1284 5579 1364 5641 ei,
1398 5579 1640 5631 videlicet
1675 5579 1991 5632 intractabili
2036 5596 2095 5633 ac

537 5665 682 5719 muni
706 5674 961 5720 creatura:
986 5668 1401 5735 supereminenti
1420 5709 1433 5733 ,
1465 5676 1623 5737 atque
1651 5683 1864 5737 Operam
1904 5668 2089 5722 damus

537 5770 640 5829 uno
680 5770 861 5822 preces
894 5765 1084 5811 nostrae
1130 5757 1466 5825 impleantur,
1493 5773 1587 5813 nec
1630 5775 1731 5813 non
1757 5769 1807 5813 et
1849 5773 2098 5829 rogamus

2207 4669 2389 4711 curam
2436 4658 2513 4711 eis
2555 4666 2609 4711 et
2654 4659 2965 4712 medicinam
3010 4661 3178 4727 gratis
3230 4659 3501 4726 impendi;
3551 4669 3605 4713 et
3649 4669 3776 4712 tunc

2208 4746 2479 4810 recedere,
2512 4749 2721 4817 quando
2751 4751 3112 4817 unusquisque
3142 4754 3328 4803 eorum
3352 4749 3564 4816 propria
3589 4748 3774 4801 volun-

2210 4848 2314 4893 tate
2339 4840 2516 4893 vellet.
2552 4840 2747 4892 Eorum
2777 4854 2923 4902 vero,
2958 4840 3043 4905 qui
3074 4852 3193 4891 cum
3222 4838 3339 4889 sani
3367 4844 3551 4889 essent
3570 4844 3627 4889 et
3646 4850 3771 4905 ege-

2207 4930 2284 4993 ni,
2314 4929 2595 4984 veniebant
2620 4929 2683 4982 ad
2714 4938 2891 4997 roga‘m
2924 4926 3058 4997 (25),
3086 4926 3574 4994 masculisquidem
3589 4928 3773 4994 singu-

2208 5020 2285 5074 las
2328 5019 2545 5087 siliquas
2601 5022 2791 5085 dabat;
2848 5018 3155 5073 mulieribus
3205 5028 3381 5072 autem
3424 5028 3489 5072 'et
3543 5017 3772 5085 puellis,

2208 5117 2453 5177 tanquam
2483 5108 2860 5163 infirmioribus
2893 5106 3143 5161 membris
3167 5146 3182 5172 ,
3204 5105 3385 5160 binas.
3418 5105 3773 5159 Veniehtihus

2206 5216 2381 5262 autem
2412 5207 2721 5276 quibuSdam
2752 5198 2945 5259 indutis
2976 5204 3304 5257 ornamentis
3342 5201 3518 5255 aureis
3554 5210 3613 5255 et
3640 5201 3773 5253 dexv

2207 5297 2444 5361 tralibus,
2478 5308 2529 5353 et
2558 5292 2914 5365 quaerentibus
2945 5290 3774 5361 eleemosynam,'referebantde

2206 5389 2285 5441 eis
2312 5387 2625 5454 patriarchae
2666 5386 2715 5440 lii
2751 5385 2941 5454 quibus
2972 5393 3086 5438 erat
3117 5396 3243 5452 roga
3270 5376 3496 5436 credita.
3522 5374 3603 5435 Ad
3641 5394 3777 5436 quos

2204 5482 2389 5535 beatus
2416 5480 2508 5534 ille
2541 5490 2688 5533 torvo
2713 5478 2867 5532 Oculo
2913 5493 2973 5532 ac
3015 5489 3199 5530 severa
3224 5480 3363 5527 voce
3396 5480 3553 5537 u‘sus,
3586 5484 3776 5541 quan-

2203 5589 2358 5643 quam
2391 5575 2533 5626 mitis
2561 5582 2701 5626 esset
2731 5581 2784 5626 et
2812 5570 2955 5624 visus
2988 5568 3170 5623 hilaris
3190 5613 3202 5633 ,
3250 5568 3422 5620 dixit:
3452 5564 3510 5620 Si
3554 5564 3773 5631 quidem

2204 5664 2417 5718 humilis
2456 5665 2709 5725 Joannis,
2767 5662 2871 5715 imo
2913 5652 3109 5714 Christi
3155 5652 3550 5727 dispensatores
3610 5654 3775 5711 vultis

2204 5773 2342 5823 esse,
2373 5756 2552 5811 divino
2587 5764 2851 5824 pzwcepto
2901 5753 3013 5807 sine
3064 5749 3349 5807 calliditate
3399 5745 3618 5807 obeditc
3640 5787 3657 5813 ,
3686 5745 3773 5809 ιιι.
