4034 6418
546 344 685 398 169.2)

1593 357 1869 414 Lanato
1909 360 2370 420 NEAI'ULI'IANI
2415 324 2722 425 Episcopi

3658 382 3805 434 I03}

562 463 732 518 neque
763 462 853 518 per
881 454 1084 520 stellas,
1111 471 1283 527 neque
1313 474 1405 527 per
1435 460 1565 526 loca,
1599 474 1817 533 ειοεριο
1846 466 1988 535 quod
2016 481 2109 534 gu-
2137 468 2187 527 Α
2213 472 2265 517 et
2291 464 2423 520 dixit
2461 483 2538 522 eis
2565 486 2583 522 :
2613 472 2749 537 Quot
2780 474 2940 530 libras
2966 477 3183 537 dedistis
3223 485 3301 540 illi
3329 488 3423 557 qui
3461 487 3529 545 ad
3554 505 3643 547 me
3683 510 3783 550 ae-

562 537 809 594 bernator
839 543 1049 599 videbat
1088 547 1228 601 illum
1259 550 1603 619 patriarcham
1631 569 1809 609 secum
1847 564 2113 611 tenentem

563 637 859 697 temonem,
891 646 943 689 et
984 637 1247 692 dicentem
1277 640 1375 695 sibi
1402 659 1415 695 :
1447 642 1521 697 Ne
1559 646 1764 711 timeas,
1796 646 1931 702 bene
1969 647 2112 701 navi-

552 732 664 788 gas.
692 721 849 787 Igitur
887 734 1002 793 post
1029 728 1333 796 vigesimam
1362 732 1500 787 diem
1543 736 1881 803 apparuimus
1929 738 2100 811 inrin-

553 809 686 864 sulis
718 811 1034 880 Britanniae;
1068 826 1122 869 et
1147 816 1586 875 descendentibus
1617 823 1768 878 nobis
1799 826 1851 878 in
1880 834 2107 896 terram,

553 898 851 956 invenimus
872 904 979 957 illic
999 905 1188 961 famem
1212 924 1472 976 magnam.
1495 910 1623 965 Cum
1645 929 1771 984 ergo
1792 915 2109 975 dixissemus

557 987 727 1053 primo
749 989 994 1056 civitatis,
1017 996 1152 1062 quod
1183 998 1499 1053 frumentum
1530 1002 1580 1055 in
1607 1004 1722 1057 navi
1752 1016 2103 1076 portaremus,

550 1076 719 1132 dixit:
754 1081 893 1135 Bene
927 1082 1063 1138 Deus
1106 1086 1321 1141 adduxit
1360 1104 1471 1145 vos.
1500 1092 1763 1162 Quldquid
1807 1099 1983 1164 vultis,
2012 1103 2109 1156 eli-

549 1168 686 1237 gite;
726 1180 818 1225 aut
861 1187 952 1239 per
980 1174 1213 1243 singulos
1242 1179 1448 1234 modios
1495 1186 1754 1239 numisma
1789 1204 1982 1258 unum,
2016 1203 2108 1247 aut

550 1254 791 1324 ejusdem
822 1261 1067 1328 ponderis
1093 1264 1311 1329 accipite
1334 1276 1600 1349 stannum.
1633 1272 1896 1344 Elegimus
1926 1254 2105 1349 itaque

546 1347 820 1404 dimidium
852 1352 947 1415 sic,
975 1361 1028 1407 et
1055 1354 1324 1410 dimidium
1351 1348 1445 1413 sic.
1479 1361 1605 1414 Rem
1643 1376 1816 1420 autem
1848 1370 1992 1424 vadit
2020 1347 2102 1425 di-

545 1451 667 1493 cere
703 1454 896 1503 sermo,
942 1441 1229 1511 inexpertis
1276 1464 1553 1505 munerum
1584 1453 1692 1509 'Dei
1742 1459 2101 1518 incredibilem

544 1528 755 1594 quidem
783 1539 837 1584 et
863 1533 977 1587 sine
1005 1533 1126 1599 fide,
1161 1536 1241 1591 his
1271 1550 1398 1592 vero
1424 1542 1509 1608 qui
1538 1547 1912 1610 experientiam
1947 1554 2104 1606 mira-

546 1617 651 1671 culi
680 1619 1061 1689 ejushabent,
1094 1626 1401 1682 credibilem
1444 1642 1601 1698 atque
1645 1648 1933 1705 acceptam.
1972 1641 2102 1697 Navi

549 1715 803 1772 praetcrea
850 1711 1228 1768 Alexandriam
1269 1731 1387 1770 cum
1431 1723 1620 1788 gaudio
1661 1740 1869 1782 reversa
1900 1733 2102 1800 quievi-

540 1809 658 1848 mus
697 1796 748 1850 in
792 1797 1067 1868 Pentapoli
1108 1804 1255 1875 (51);
1288 1815 1341 1861 et
1376 1818 1668 1879 asportavit
1715 1796 1993 1878 nauclerus
2032 1826 2099 1881 de
2136 1818 2174 1874 Β

539 1884 631 1939 illo
659 1896 849 1944 stanno
905 1901 963 1945 ut
992 1898 1342 1953 venumdaret
1370 1902 1513 1957 illud.
1545 1905 1777 1963 Habebat
1805 1915 1944 1967 enim
1990 1915 2099 1973 illic

537 1976 805 2044 antiquum
852 1980 1052 2035 socium
1104 1983 1156 2037 in
1209 1989 1433 2056 negotiis
1487 2004 1748 2057 petentem
1797 2015 1861 2054 ex
1909 2005 2093 2061 eodem

540 2072 751 2119 stanno.
789 2067 887 2122 Dat
912 2072 957 2124 ei
990 2072 1039 2125 in
1072 2088 1225 2130 sacco
1251 2079 1399 2146 quasi
1426 2083 1793 2156 quinquaginta
1826 2091 2004 2148 libras.
2030 2098 2098 2151 At

545 2153 638 2208 ille
661 2156 845 2213 volens
886 2162 1110 2229 probare
1149 2167 1377 2233 speciem
1408 2170 1452 2224 si
1484 2153 1618 2227 bona
1650 2153 1820 2245 esset,
1851 2184 2006 2238 solvit
2030 2185 2093 2241 il-

537 2242 627 2298 lud
661 2245 712 2300 in
742 2247 881 2318 igne,
911 2261 964 2305 et
996 2253 1193 2311 invenit
1233 2272 1505 2328 argentum
1539 2281 1751 2333 purum.
1779 2273 2095 2344 Putavitque

537 2346 597 2386 se
626 2348 744 2391 esse
771 2345 1025 2395 tentatum
1047 2384 1062 2408 ,
1091 2354 1145 2398 et
1179 2349 1363 2404 retulit
1388 2352 1438 2406 ei
1468 2368 1676 2411 saccum
1705 2360 1885 2419 dicens
1911 2383 1924 2421 :
1955 2368 2097 2427 Deus

537 2425 805 2499 indulgeat
857 2432 973 2488 tibi.
1024 2434 1266 2507 Nunquid
1313 2441 1561 2500 invenisti
1617 2464 1701 2505 me
1754 2425 2092 2524 impostorern

535 2532 658 2586 erga
686 2529 759 2585 te,
788 2524 908 2591 quia
940 2530 1189 2585 tentando
1226 2544 1501 2602 argentum
1548 2554 1642 2608 pro
1685 2552 1875 2603 stanno
1900 2552 2091 2607 dedisti

536 2609 700 2665 mihi?
726 2612 1094 2683 Expavescens
1122 2636 1248 2676 vero
1286 2624 1352 2679 de
1394 2642 1639 2686 sermone
1668 2634 1757 2691 illo
1786 2642 2087 2710 nauclerus,

534 2700 705 2756 dicit:
736 2703 923 2772 Crede,
961 2723 1060 2777 ego
1105 2728 1198 2780 pro
1239 2725 1428 2773 stanno
1476 2720 1604 2777 illud
1648 2725 1836 2783 habeo.
1868 2732 1923 2788 Si
1966 2700 2092 2791 vero

532 2788 622 2846 ille
649 2793 739 2861 qui
766 2793 889 2850 fecit
913 2798 979 2853 de
1005 2814 1135 2870 aqua
1167 2806 1339 2859 vinum
1401 2808 1578 2880 (Jaan.
1604 2816 1686 2885 tt),
1718 2820 1828 2888 ipse
1855 2837 1948 2889 per
1972 2788 2094 2879 ora;

532 2881 702 2939 tiones
733 2890 1042 2955 patriarcha:
1089 2893 1212 2950 fecit
1251 2907 1302 2953 et
1333 2912 1577 2961 stannum
1623 2881 1925 2981 argentum,
1961 2918 2090 2973 nihil

533 2971 746 3030 mirum.
790 2977 856 3033 Et
896 2989 951 3035 ut
988 2984 1235 3050 satisfias,
1278 2992 1397 3046 veni
1438 2995 1503 3047 ad
1550 2971 1835 3067 navim,“
1882 2971 2089 3066 videbis

529 3072 718 3119 caetera
765 3065 917 3123 istius
962 3075 1157 3129 meta!“
1199 3079 1363 3145 socia,
1403 3083 1541 3151 quod
1580 3092 1847 3157 accepisti.
1883 3092 2085 3151 Ascen-

528 3149 716 3208 dentes
759 3157 953 3226 itaque,
998 3163 1311 3224 invenerunt
1356 3182 1599 3231 stannum
1631 3192 1904 3251 argentum
1947 3189 2085 3256 opti-

529 3255 671 3295 mum
700 3242 913 3302 factum.
947 3252 1007 3305 Et
1048 3270 1149 3310 non
1192 3269 1272 3313 est
1312 3266 1644 3335 peregrinum
1677 3274 2019 3344 miraculum,
2051 3298 2082 3332 o

528 3329 881 3396 philochristi.
911 3340 1009 3406 Qui
1043 3347 1182 3400 enim
1230 3329 1463 3421 quinque
1506 3372 1669 3424 panes
1711 3329 2084 3434 tnultiplicavit

527 3419 700 3487 (Joan.
723 3428 821 3494 vr),
848 3440 901 3483 et
940 3448 1121 3490 rursus
1146 3454 1331 3509 aquam
1363 3419 1573 3515 Egypti
1616 3460 1982 3514 transmutavit
2022 3462 2072 3517 in

523 3514 831 3578 sanguinem
855 3520 1048 3585 (Exodi
1071 3532 1182 3595 vn),
1210 3540 1264 3585 et
1289 3534 1486 3603 virgam
1515 3539 1565 3592 in
1590 3554 1889 3611 serpentem
1913 3558 2082 3605 trans-

522 3603 771 3669 mutavit,
801 3618 855 3661 et
892 3617 1154 3671 transtulit
1205 3621 1464 3678 flammam
1504 3630 1551 3681 in
1580 3603 1752 3686 rorem
1783 3636 1943 3703 (Dan.
1974 3645 2078 3715 tn),

527 3689 729 3715 l.-:ll.-_
766 3704 808 3715 -Α
855 3699 868 3715 ³
1002 3713 1009 3715 λ
1180 3710 1191 3715 ⁵
1266 3714 1270 3715 ⁷

1786 3689 1799 3703 \
1893 3689 1941 3692 "‘
1976 3689 2078 3715 "'II

527 3689 731 3772 facilius
757 3704 812 3751 et
854 3699 954 3756 hoc
996 3713 1100 3760 tam
1143 3710 1431 3777 gloriosum
1479 3722 1791 3777 miraculum
1831 3743 2079 3795 operatus

520 3792 914 3856 est,quatenus
968 3809 1024 3855 et
1094 3802 1354 3861 famulum
1427 3824 1586 3866 suum
1650 3815 2081 3882 ditaret,etnau-

466 3906 469 3913 ι
520 3871 663 3930 clero
690 3878 1103 3940 misericordiam
1131 3904 1277 3945 suam
1305 3906 1597 3961 praestaret.

591 3964 719 4023 Car.
747 3970 814 4024 Χ.
838 4001 907 4014 --
940 3974 1301 4037 Descendente
1339 3990 1670 4047 sanctissimo
1708 3994 1811 4050 isto
1840 4002 1952 4054 viro
1978 4003 2077 4057 aii-

518 4059 727 4123 quando
753 4062 804 4115 in
845 4065 1121 4122 ecclesiam
1165 4072 1435 4130 Dominico
1475 4081 1580 4145 die,
1609 4090 1835 4142 accessit
1860 4092 1922 4144 ad
1951 4109 2071 4148 eum

517 4144 697 4213 homo,
723 4152 809 4220 qui
838 4156 1029 4211 multas
1060 4164 1365 4228 possederat
1391 4144 1663 4227 facultates
1692 4193 1706 4230 :
1738 4186 1790 4231 et
1817 4180 1958 4236 fures
1989 4184 2072 4237 in-

517 4239 686 4307 gressi
731 4241 944 4300 domum
991 4249 1127 4317 ejus,
1159 4253 1587 4321 despoiiaverunt
1631 4280 1748 4320 eum
1794 4286 1959 4329 usuue
2005 4277 2071 4330 ad

518 4338 901 4400 stramentum;
943 4347 997 4393 et
1036 4355 1153 4395 cum
1200 4349 1363 4401 multa
1402 4356 1621 4416 quaestio
1651 4368 1791 4413 esset
1827 4363 1988 4429 facta,
2019 4377 2073 4424 et

514 4434 622 4475 non
659 4421 948 4482 invenisset
976 4433 1062 4498 qui
1102 4434 1215 4488 haec
1261 4448 1688 4507 perpetraverant
1712 4489 1727 4513 ,
1765 4456 2069 4523 compulsus

2214 557 2412 609 cessit?
2439 558 2537 624 Qui
2567 560 2850 618 dixerunt:
2883 567 3120 636 Domine,
3153 585 3211 627 ut
3235 576 3395 642 jussit
3418 583 3778 642 sacratissima

2212 647 2462 701 sanctitas
2506 662 2702 717 vestra,
2743 657 3040 724 quindecim
3079 662 3258 720 libras.
3288 664 3421 724 Cum
3463 683 3643 729 autem
3673 691 3772 730 co-

2208 738 2471 804 gnovisset
2502 755 2593 808 per
2622 744 3002 805 inhabitantem
3040 752 3093 807 in
3118 770 3178 809 se
3205 760 3467 825 gratiam,
3498 762 3621 817 illos
3644 781 3769 822 esse

2211 828 2481 895 mentitos,
2507 832 2720 888 adducit
2744 852 2865 891 eum
2894 842 2983 907 qui
3007 856 3310 913 acceperat,
3336 858 3393 904 et
3418 852 3766 923 interrogavit

2208 930 2330 970 eum
2375 922 2495 985 quid
2540 927 2864 986 accepisset?
2892 930 2987 985 lllo
3016 948 3142 990 vero
3180 936 3388 994 dicente
3432 945 3665 1015 quinque
3706 950 3772 1004 li.

2208 1006 2352 1072 bras,
2387 1015 2658 1077 proferens
2681 1016 2746 1069 de
2776 1019 3082 1076 honoranda
3109 1040 3266 1081 manu
3296 1045 3389 1082 sua
3422 1006 3515 1087 ille
3556 1006 3772 1095 sanctus
3853 1073 3861 1079 -

2210 1095 2479 1160 pittacium
2513 1102 2649 1172 (55),
2679 1108 2816 1174 quod
2847 1109 2947 1164 sibi
2980 1113 3227 1169 traditum
3257 1117 3459 1189 fuerat,
3488 1123 3619 1181 dixit
3646 1129 3766 1186 eis:

2208 1184 2255 1238 Α
2285 1186 2432 1241 vobis
2463 1192 2702 1259 exquirat
2728 1196 2866 1251 Deus
2891 1208 2948 1253 et
2974 1201 3060 1255 illa
3085 1205 3184 1258 alia
3222 1207 3404 1265 decem
3438 1184 3769 1285 centenaria,

2207 1276 2454 1342 quoniam
2480 1280 2523 1334 si
2558 1282 2839 1343 dedissetis
2869 1293 3167 1358 quindecim
3210 1297 3396 1368 libras,
3426 1314 3484 1358 ut
3511 1306 3645 1364 dixit
3674 1276 3774 1367 ha:

2208 1365 2404 1421 militas
2437 1386 2576 1436 mea,
2608 1378 2697 1444 qui
2727 1379 2902 1434 attulit
2929 1384 3159 1453 quinque
3199 1365 3523 1461 centenaria,
3551 1402 3768 1467 quinde-

2206 1454 2307 1507 cim
2337 1456 2504 1513 daret.
2538 1461 2603 1515 Et
2629 1474 2685 1517 ut
2707 1479 2884 1523 certos
2906 1486 2998 1527 vos
3020 1474 3205 1530 faciam
3223 1519 3237 1540 ,
3268 1484 3485 1539 mittens
3510 1489 3770 1548 adducam

2205 1556 2322 1610 qua:
2353 1545 2448 1600 has
2488 1552 2680 1607 attulit.
2718 1556 2783 1611 Et
2821 1560 3038 1618 mittens
3076 1565 3207 1623 duos
3243 1578 3576 1633 venerabiles
3606 1583 3770 1651 viros,

2206 1640 2264 1683 ut
2298 1638 2623 1694 accersirent
2666 1650 3010 1705 reverendam
3045 1654 3321 1729 feminam,
3352 1679 3469 1732 quae
3507 1668 3561 1722 in
3596 1670 3771 1740 bapti-

2202 1724 2367 1779 sterio
2414 1728 2686 1796 pittacium
2728 1739 2777 1791 ei
2823 1756 3160 1812 porrexerat,
3191 1754 3275 1807 cui
3321 1765 3375 1809 et
3420 1757 3657 1826 indicat,
3688 1765 3771 1817 di-

2201 1829 2371 1872 cens:
2406 1819 2870 1899 Beuedictionem,
2910 1852 3065 1903 quam
3118 1841 3253 1898 Deus
3299 1846 3397 1901 sibi
3437 1850 3766 1911 oHerendam

2200 1905 2346 1961 misit
2385 1911 2436 1963 in
2469 1928 2562 1967 cor
2589 1926 2764 1989 tuum,
2797 1923 2973 1981 ferens
2999 1939 3201 1998 tecum,
3230 1939 3345 1990 veni
3389 1940 3455 1995 ad
3498 1942 3768 2002 humilita-

2200 2004 2304 2050 tem
2336 2014 2529 2059 meam.
2559 2005 2685 2072 Quae
2715 2015 2906 2067 cursim
2949 2033 3190 2088 surgens,
3222 2033 3571 2093 apprehendit
3603 2039 3769 2091 vesti-

2197 2083 2279 2152 gia
2321 2090 2490 2143 sancti
2522 2094 2615 2147 viri
2661 2112 2763 2152 una
2802 2117 2920 2156 cum
2963 2112 3251 2173 quantitate
3297 2120 3432 2173 auri.
3462 2120 3597 2177 Cum
3638 2141 3768 2195 ergo

2196 2179 2519 2246 suscepisset
2569 2184 2657 2240 ille
2707 2194 3004 2255 patriarcha
3056 2200 3407 2271 oblationem,
3450 2220 3507 2265 et
3555 2229 3767 2273 orasset

2197 2280 2356 2335 super
2382 2286 2530 2340 eam,
2561 2286 2614 2331 et
2656 2294 2814 2348 super
2843 2286 3006 2343 filium
3046 2291 3163 2360 ejus
3199 2296 3545 2369 Sufficienter,
3576 2307 3713 2362 dixit
3740 2330 3753 2363 :

2196 2355 2429 2415 Obsecro
2473 2371 2543 2431 te,
2577 2381 2748 2424 nonna
2795 2371 2932 2441 (56),
2974 2355 3087 2433 haec
3128 2393 3326 2445 tantum
3367 2392 3585 2449 voluisti
3632 2396 3767 2455 dare

2195 2444 2430 2514 Christo,
2463 2466 2529 2505 an
2563 2454 2703 2510 aliud
2731 2458 2965 2530 aliquid?
2993 2466 3122 2521 Cum
3161 2480 3339 2529 autem
3366 2444 3764 2542 sensisset—dei:

2195 2533 2361 2593 ferum
2381 2583 2397 2608 ,
2428 2541 2557 2597 illud
2587 2548 2730 2614 quod
2770 2551 2964 2609 fecerat
2992 2563 3319 2631 cognovisse,
3354 2579 3588 2629 tremore
3613 2592 3763 2632 com-

2193 2640 2398 2697 pressa,
2423 2629 2591 2689 dixit:
2626 2636 2724 2693 Per
2751 2652 2960 2701 sanctas
3002 2648 3200 2707 domini
3242 2629 3343 2711 mei
3384 2663 3679 2739 orationes,
3707 2683 3761 2726 ct

2191 2729 2432 2776 sanctum
2464 2740 2639 2781 meum
2671 2728 2914 2790 Mennam
2946 2738 3085 2810 (37'),
3116 2745 3415 2812 quindecim
3443 2728 3757 2818 centenaria

2190 2808 2503 2876 scripseram
2545 2813 2598 2871 in
2640 2817 2881 2891 pittacia;
2928 2837 2979 2883 et
3020 2808 3144 2889 ante
3190 2850 3344 2891 unam
3396 2847 3583 2899 horam
3634 2862 3755 2909 cum

2189 2908 2386 2957 starem
2417 2904 2467 2958 in
2502 2912 2724 2977 synaxi,
2757 2924 2813 2968 ut
2839 2918 3019 2974 durem
3064 2924 3163 2979 hoc
3212 2929 3300 2984 tibi
3344 2933 3566 2995 Domino
3612 2956 3753 3010 meo,

2193 2989 2352 3010 λεώ,
2644 3002 2655 3010 .
2724 3003 2735 3010 .

3452 2994 3455 2995 ν
3521 2989 3558 2992 --
3612 2989 3753 3010 τη.

2189 2989 2483 3050 dissolvens
2531 3000 2689 3066 illud,
2722 3003 3019 3074 importune
3057 3014 3175 3085 legi.
3212 3019 3319 3088 Ego
3348 3026 3489 3079 enim
3532 3029 3754 3101 indigna

3112 3082 3127 3085 ἡ
3253 3082 3278 3088 _
3554 3082 3751 3101 ατη-

2189 3082 2374 3137 anetlla
2418 3094 2503 3138 tua
2546 3090 2730 3157 scripsi
2760 3094 2860 3152 hoc
2892 3104 3098 3170 propria
3129 3123 3320 3177 manu,
3350 3124 3403 3166 et
3433 3116 3613 3173 inveni
3654 3122 3751 3177 de-

2112 3162 2157 3225 C
2188 3182 2303 3223 cem
2334 3173 2505 3228 deleta
2545 3192 2573 3230 a
2603 3181 2798 3251 seipso.
2831 3162 3320 3262 Tunc-stupefacta,
3349 3203 3482 3257 intra
3527 3222 3751 3265 memeta

2186 3258 2382 3328 ipsam,
2415 3265 2779 3342 dixizlJtique
2823 3293 2928 3334 non
2969 3293 3050 3337 est
3097 3258 3341 3345 voluntas
3385 3293 3477 3349 Dei
3520 3309 3576 3353 ut
3622 3302 3749 3359 dem

2185 3349 2286 3403 nisi
2325 3353 2575 3425 quinque.
2621 3362 2923 3425 Dimittente
2951 3383 3125 3430 autem
3155 3383 3451 3447 patriarcha
3478 3403 3741 3448 reveren—

2184 3437 2303 3492 dam
2348 3442 2491 3499 illam
2536 3448 2784 3509 feminam
2804 3499 2817 3523 ,
2846 3437 3168 3520 ceciderunt-
3190 3470 3254 3523 ad
3300 3437 3458 3540 pedes
3479 3437 3747 3547 ejus-dio

2182 3540 2553 3604 spensatores,
2598 3549 2683 3610 qui
2735 3556 3019 3621 trangressi
3065 3571 3188 3615 sunt
3237 3565 3559 3626 voluntatem
3606 3577 3743 3644 ejus,

2183 3629 2422 3685 petentes
2453 3627 2829 3701 indulgentiam
2850 3683 2865 3708 ,
2898 3652 2951 3698 et
2991 3646 3315 3717 affirmantes
3354 3659 3489 3715 nihil
3534 3627 3654 3721 tale.

2183 3710 2403 3768 ulterius
2429 3728 2640 3779 acturos
2670 3725 2802 3784 fore.

2248 3803 2374 3861 CAP.
2408 3810 2493 3867 ΧΙ.
2527 3842 2597 3857 -
2634 3819 2844 3877 intuens
2888 3825 3065 3884 Niceta
3114 3838 3362 3902 patricius
3405 3843 3540 3915 (58)
3585 3848 3741 3918 hujus

2180 3903 2277 3957 viri
2308 3908 2594 3969 virtutibus
2624 3919 2766 3985 pleni
2797 3930 3275 3994 magnanimitatem
3295 3976 3310 4000 ,
3339 3946 3393 3990 et
3421 3939 3538 3997 sine
3566 3950 3738 4013 parci-

2177 4000 2286 4049 tate
2316 4013 2528 4057 manum
2556 4020 2877 4077 expansam,
2910 4027 2963 4069 et
2998 4026 3238 4089 tanquam
3268 4042 3335 4079 ex
3366 4026 3514 4085 fonte
3537 4033 3737 4104 jugiter

2177 4086 2423 4141 omnibus
2448 4102 2808 4165 praestantem,
2830 4101 3076 4162 instinctu
3098 4086 3442 4180 quorumdam
3460 4086 3736 4183 ἀξέδιῖιυω

2178 4172 2526 4246 imitantium,
2556 4185 2697 4240 subit
2733 4190 2798 4243 ad
2829 4204 3068 4250 sanctum
3090 4172 3189 4264 ,ἀ
3216 4203 3339 4259 dicit
3367 4208 3416 4262 ei
3442 4226 3456 4261 :
3489 4211 3730 4282 Regnum

2175 4275 2428 4336 arctatur,
2459 4282 2511 4325 et
2551 4282 2766 4342 pecunia
2808 4294 2943 4351 eget.
2985 4286 3133 4355 Jam,
3163 4293 3279 4359 quia
3316 4295 3431 4351 sine
3472 4275 3734 4368 parcitate

2174 4374 2475 4433 erogantur,
2503 4386 2618 4438 qua:
2647 4373 2954 4432 deferuntur
2981 4382 3071 4436 tibi
3105 4390 3355 4455 pecunize,
3385 4391 3450 4446 da
3493 4409 3585 4450 eas
3626 4398 3729 4453 im-

2177 4452 2342 4517 pario,
2367 4455 2431 4509 da
2459 4472 2548 4511 eas
2578 4458 2630 4514 in
2663 4464 2922 4531 publicum
2945 4474 3247 4530 saccellum.
3273 4476 3362 4533 llle
3390 4496 3517 4536 vero
3538 4485 3604 4540 de
3630 4486 3727 4542 hoc

2602 4512 2628 4514 7'
2663 4512 2922 4531 1⁷⁷⁷’”“”“¹““¹⁵
2945 4512 3247 4530 ν“¹““·νΙΙ“·ΙιΙΙσ
3273 4512 3362 4533 IIIU
3395 4512 3517 4536 νῠιυ

509 4519 592 4562 est
620 4512 783 4565 tnulta
828 4515 983 4570 nimis
1027 4534 1350 4593 paupertate,
1390 4528 1659 4599 deprecari
1705 4512 1822 4591 cum
1874 4512 2061 4613 magna
2094 4524 2149 4584 D
2170 4541 2308 4606 quod
2342 4542 2537 4600 dictum
2569 4548 2768 4616 fuerat,
2796 4554 3205 4624 imperturbatus
3235 4582 3472 4637 manens,
3506 4574 3727 4641 dicitad

510 4604 810 4641 reverentia
856 4608 1244 4641 εαηηιίεοίηιιη..
1279 4616 1419 4641 HL“...
1474 4632 1552 4641 ΔΑ.
1590 4625 1600 4637 ι
1701 4627 1711 4641 .
1903 4634 1934 4641 .-

510 4604 810 4656 reverentia
855 4608 1245 4665 sanctissimum
1278 4616 1421 4670 illum
1473 4625 1851 4696 patriarcltam,
1884 4634 2066 4690 dicens

514 4688 561 4739 ei
587 4700 638 4743 et
667 4692 1021 4752 calamitatem
1052 4713 1220 4756 suam.
1254 4706 1496 4765 Misenus
1525 4728 1651 4784 ergo
1682 4718 1819 4775 illius
1846 4726 2065 4782 multum

514 4776 707 4842 (fuerat
749 4782 889 4835 enim
934 4800 996 4839 ex
1047 4789 1355 4849 clarissimis
1385 4809 1437 4851 et
1480 4805 1679 4870 magnis
1725 4812 2065 4886 principibus)

517 4861 639 4886 .I:-:a
676 4866 736 4886 -1
783 4882 819 4886 _,
999 4874 1067 4886 ιι..
1247 4882 1257 4886 -

1568 4861 1592 4870 ν
1725 4861 1737 4874 Ι
1792 4861 2064 4886 ~*-"r"'"'l

514 4861 643 4918 dicit
672 4866 736 4920 ad
777 4882 957 4925 aurem
997 4874 1136 4931 illius
1172 4882 1258 4934 cui
1307 4898 1490 4939 aurum
1533 4894 1788 4949 creditum
1836 4909 1977 4960 erat.
2012 4914 2068 4959 ut

514 4950 663 5006 daret
692 4955 738 5008 ei
768 4960 1063 5026 quindecim
1109 4966 1268 5024 libras
1302 4974 1433 5028 auri.
1466 4977 1596 5032 Cum
1628 4991 1801 5039 autem
1847 4991 1940 5045 has
1966 4993 2063 5047 da-

515 5048 665 5095 turus
706 5045 904 5113 abiret,
934 5056 1278 5121 apprehendit
1322 5066 1595 5121 consilium
1629 5072 1909 5140 logothetm
1951 5045 2064 5151 (δὲ)

512 5139 565 5183 et
605 5139 895 5206 (economi;
924 5152 976 5196 et
1012 5160 1075 5199 ex
1107 5148 1361 5208 diabolica
1401 5162 1707 5223 operatione
1746 5166 2061 5240 invidentes,

510 5236 616 5275 non
648 5223 906 5283 dederunt
933 5233 982 5287 ei
1013 5235 1110 5290 nisi
1148 5242 1376 5311 quinque
1424 5247 1601 5303 libras.
1633 5252 1764 5309 Cum
1806 5272 1934 5328 ergo
1974 5278 2064 5315 re-

509 5323 800 5370 verteretur
843 5318 910 5374 de
955 5324 1168 5379 collecta
1213 5330 1340 5399 (5-3)
1386 5335 1520 5390 idem
1574 5318 2060 5406 lionorabilissimus

506 5406 955 5479 archiepiscopus,
979 5415 1064 5469 dat
1087 5422 1132 5471 ei
1159 5421 1208 5474 in
1238 5425 1446 5493 scriptis
1471 5432 1658 5486 mulier
1680 5435 1831 5489 vidua
1858 5438 2058 5497 habens

511 5494 718 5550 unicum
766 5499 962 5569 filium,
1004 5508 1240 5565 notitiam
1287 5517 1424 5570 xenii
1471 5517 1585 5591 (34)
1617 5525 1846 5592 quinque
1878 5494 2058 5585 conte;

507 5586 771 5644 uariorum
801 5596 935 5649 auri.
968 5598 1097 5654 Cum
1140 5614 1315 5659 autem
1353 5613 1704 5682 suscepisset,
1732 5627 1783 5670 et
1827 5619 2057 5674 honora-

507 5677 609 5732 bile
654 5694 909 5739 secretum
950 5690 1258 5759 dimisisset,
1292 5705 1603 5757 convocavit
1646 5705 2055 5777 dispensatores,

2167 4642 2288 4682 eum
2316 4648 2328 4684 :
2357 4632 2469 4687 Non
2491 4636 2685 4703 justum
2710 4652 2790 4695 est
2817 4653 2871 4696 ut
2897 4647 3144 4714 arbitror,
3172 4654 3384 4713 domine
3415 4663 3629 4728 patrici,
3657 4682 3721 4729 ea

2166 4734 2283 4786 quae
2350 4728 2709 4792 supercmlesti
2747 4730 2871 4802 Regi
2902 4736 3077 4792 oblata
3107 4751 3259 4806 sunt,
3298 4752 3535 4804 terrestri
3570 4755 3719 4811 dare.

2166 4807 2223 4861 Si
2253 4826 2375 4865 vero
2408 4823 2461 4867 et
2503 4820 2718 4873 omnino
2747 4826 2851 4877 tale
2880 4825 3076 4894 aliquid
3103 4829 3345 4899 judicasti
3366 4878 3381 4901 ,
3412 4841 3588 4904 crede,
3623 4845 3723 4900 ltu-

2166 4897 2305 4953 milis
2348 4899 2576 4958 Joannes
2604 4922 2666 4960 ex
2710 4910 2786 4964 eis
2834 4927 3101 4971 nummum
3145 4936 3248 4974 non
3279 4924 3428 4979 dabit
3472 4930 3601 4994 tibi;
3629 4935 3727 4990 sed

2173 4999 2296 5041 ecce
2324 4990 2422 5044 sub
2452 4991 2635 5047 humili
2687 4996 2875 5052 lectulo
2919 5017 3036 5057 meo
3065 5016 3144 5059 est
3188 5012 3443 5077 apotheca
3491 5016 3727 5088 Christi,

2173 5082 2229 5126 ιιι
2258 5078 2484 5133 volueris
2516 5081 2614 5136 far.
2649 5084 2881 5157 Surgens
2904 5090 3075 5160 itaque
3104 5099 3279 5151 statim
3320 5105 3595 5173 patricius,
3631 5125 3725 5165 vo-

2170 5175 2252 5215 cat
2281 5165 2347 5219 de
2375 5170 2482 5221 suis
2527 5168 2825 5229 horninibus
2851 5180 2937 5246 qui
2979 5194 3188 5248 portare
3220 5188 3508 5257 deberent,
3536 5206 3590 5248 et
3622 5200 3724 5251 im-

2174 5258 2314 5323 ponit
2355 5274 2514 5328 super
2554 5277 2646 5317 eos
2682 5270 2928 5332 pecunias
2977 5281 3134 5341 totas,
3176 5290 3279 5332 n0n
3327 5283 3632 5353 relinquens
3662 5305 3724 5346 ex

2169 5347 2246 5402 eis
2274 5351 2370 5403 nisi
2399 5368 2556 5407 unu'n
2583 5361 2964 5419 centenarium.
2994 5365 3057 5419 Et
3084 5381 3201 5424 cum
3228 5370 3612 5432 descenderent
3638 5383 3727 5446 qui

2165 5443 2440 5508 portabant
2469 5447 2764 5517 hujusmodi
2793 5458 3099 5527 pecuniam,
3124 5464 3482 5521 ascendebant
3504 5443 3722 5539 quidam

2164 5534 2251 5587 alii
2282 5546 2549 5603 portantes
2578 5542 2793 5609 pusillas
2822 5546 3148 5619 lagunculas,
3183 5552 3438 5611 habentes
3464 5534 3720 5627 pecunias

2168 5626 2353 5682 missas
2383 5632 2693 5698 patriarchae
2716 5635 2782 5691 de
2807 5636 3003 5704 Africa,
3031 5646 3416 5716 superscriptas
3444 5626 3579 5705 alias
3608 5653 3723 5721 qui-v

2164 5717 2281 5771 dem
2313 5736 2415 5774 utr.
2448 5737 2708 5792 ornatur,
2750 5727 2877 5784 alias
2908 5741 3079 5789 autem
3121 5752 3224 5792 attat.
3253 5752 3366 5793 me
3396 5756 3559 5798 PUIO.
3588 5741 3721 5801 Cum
