4058 6428
190 394 335 453 1625

1130 386 1288 442 νιΤΑ
1327 382 1573 442 SANC'I'I
1608 382 1889 440 JOANNIS
1930 384 2503 442 ELEEMOSYNARII.

3317 386 3339 439 l
3351 385 3454 444 626

202 522 338 580 ergo
379 504 710 561 descendens
758 501 1013 572 patricius
1056 500 1256 571 legeret
1301 499 1781 570 superscriptiones
1808 498 1857 556 A
1885 500 2042 553 sitate
2071 514 2377 569 compresso
2420 514 2603 554 eorum
2636 498 2722 568 qui
2764 499 2833 553 ab
2874 514 2939 554 eo
2986 500 3286 572 alebantur,
3315 514 3369 561 et
3400 508 3455 562 iu

202 598 547 665 lagenarum,
589 595 818 647 insinuat
862 591 1173 661 patriarchae
1212 602 1269 647 ut
1308 591 1407 647 sibi
1451 591 1688 645 mitteret
1716 588 1783 643 de

206 686 305 742 tali
338 683 514 746 mel-le.
541 697 646 753 quo
672 681 738 736 ad
762 694 897 750 opus
918 696 1069 736 suum
1094 689 1351 735 uteretur.
1382 680 1612 735 Noverat
1639 678 1781 734 enim

201 792 331 834 eum
369 776 492 831 mali
532 789 649 830 esse
692 773 1080 828 immemorem.
1110 770 1449 827 Aseendente
1499 769 1658 841 igitur
1690 767 1780 837 qui

205 868 521 941 lagunculas
556 866 785 922 ba'bebat
821 865 1074 930 creditas,
1113 874 1167 919 et
1210 878 1466 932 responsa
1499 862 1776 929 reddente,

202 972 261 1019 et
292 962 559 1018 indicante
587 958 839 1029 pecunias
867 972 988 1013 esse
1014 972 1109 1026 pro
1137 957 1298 1011 melle
1329 957 1380 1009 in
1411 957 1574 1019 vasis,
1603 954 1781 1008 statim

204 1069 336 1109 vere
385 1051 529 1107 mitis
581 1059 764 1120 pastor
807 1048 949 1103 misit
992 1048 1041 1103 ei
1078 1063 1237 1101 uuam
1283 1046 1644 1115 lagunculam,
1686 1058 1779 1098 su-

205 1144 558 1214 perscriptam
598 1158 703 1196 κει.
745 1155 1012 1202 ορτιιιυιι.
1054 1139 1255 1194 faciens
1294 1138 1343 1192 ei
1381 1148 1435 1192 et
1470 1138 1777 1207 pittacium,

203 1236 490 1291 continens
515 1234 583 1290 ita
611 1250 627 1289 :
664 1250 683 1285 t
716 1232 967 1286 Dominus
991 1232 1080 1301 qui
1109 1230 1240 1284 dixit
1265 1247 1279 1283 :
1305 1229 1420 1286 Non
1454 1240 1506 1285 te
1535 1230 1776 1285 deseer

204 1340 383 1395 neque
418 1324 780 1393 derelinquam
827 1321 1014 1394 (Hebr.
1037 1335 1166 1387 xttt;
1196 1319 1311 1375 les.
1343 1322 1413 1389 1),
1457 1322 1575 1377 sine
1626 1336 1778 1374 men-

202 1422 361 1478 dacio
385 1429 500 1485 est;
530 1430 580 1474 et
616 1418 757 1473 Deus
797 1431 984 1483 verus;
1017 1416 1214 1471 idcirco
1246 1417 1410 1470 Deum
1432 1454 1447 1479 ,
1488 1414 1576 1484 qui
1608 1412 1779 1468 omni-

203 1513 308 1569 bus
336 1525 512 1567 escam
543 1518 598 1564 et
626 1511 785 1563 vitam
816 1507 1045 1578 praebet,
1074 1506 1234 1560 homo
1262 1505 1621 1573 corruptibilis
1647 1518 1777 1558 eou-

202 1603 469 1671 stringere
500 1615 604 1654 non
639 1610 830 1669 potest.
862 1596 1012 1653 Vale.
1036 1615 1055 1649 ι
1084 1596 1342 1665 Prmeepit
1366 1604 1541 1650 autem
1573 1596 1776 1651 abeun-

204 1693 350 1751 tibus
391 1700 445 1745 et
485 1690 817 1760 portantibus
851 1688 1218 1757 lagunculam,
1262 1698 1318 1742 ut
1362 1687 1597 1743 dicerent
1626 1690 1675 1742 ei
1722 1696 1785 1741 ut

203 1790 330 1836 ante
356 1795 417 1836 se
444 1779 642 1834 faceret
668 1793 784 1833 eam
814 1779 1041 1846 aperiri,
1071 1788 1125 1833 et
1156 1778 1393 1832 dicerent
1421 1778 1470 1832 ei
1496 1779 1633 1846 quod
1662 1794 1779 1831 om-

1888 593 2051 647 multa
2094 606 2223 647 cura
2266 601 2321 648 et
2355 593 2596 647 oratione
2646 592 2802 646 beato
2832 602 3231 662 perseverante,
3283 598 3455 653 sensit

1884 684 2100 752 quidam
2137 684 2371 740 civitatis
2420 682 2687 739 habitator
2724 698 2842 739 eam
2873 698 2994 753 qua:
3023 685 3452 744 circumdederat

1882 774 2279 829 sanctissimum
2310 774 2457 829 illum
2495 773 2798 828 ariditatein
2841 784 2896 829 et
2930 775 3289 832 omnimodant
3320 793 3450 850 ege-

1883 871 2073 918 statem
2100 881 2113 917 :
2142 863 2381 934 bigamus
2420 865 2676 929 existens,
2728 863 2995 920 desiderat
3021 865 3279 923 diaconus
3322 882 3449 924 san-

1882 967 1979 1012 etae
2010 958 2246 1012 ecclesiae
2272 958 2409 1013 fieri.
2435 958 2501 1012 Et
2532 972 2627 1026 per
2665 956 3034 1013 necessitatem
3058 974 3177 1028 quae
3208 969 3445 1017 sanctum

1884 1050 2112 1118 undique
2140 1047 2564 1104 circumdederat
2590 1089 2603 1112 ,
2636 1049 2846 1104 volebat
2886 1049 3110 1105 suadere
3158 1050 3288 1106 eiut
3327 1065 3451 1107 eum

1881 1147 2250 1205 consecraret;
2284 1138 2513 1207 fecitque
2533 1141 2579 1193 el
2603 1138 3053 1207 deprecationem,
3082 1141 3448 1197 continentem

1880 1230 1949 1285 ita
1978 1229 2053 1301 (in
2076 1230 2216 1285 facie
2258 1230 2455 1299 quippe
2493 1230 2546 1285 ei
2586 1245 2694 1283 non
2733 1229 2962 1285 audebat
3002 1231 3109 1286 tale
3132 1231 3328 1299 aliquid
3366 1232 3445 1287 di-

1880 1320 2026 1391 cere)
2051 1338 2065 1376 :
2096 1339 2114 1372 ι
2144 1321 2493 1377 Sanetissimo
2509 1330 2565 1377 et
2586 1331 2665 1377 ter
2687 1321 2843 1377 beato
2866 1321 3010 1377 Patri
3028 1331 3237 1391 patrum
3258 1321 3449 1378 Joanni

1879 1413 2079 1467 vicario
2101 1412 2323 1479 Christi,
2356 1413 2660 1482 deprecatio
2680 1422 2734 1467 et
2766 1412 3052 1479 postulatio
3072 1429 3102 1467 a
3122 1412 3313 1467 Cosma
3334 1412 3450 1484 (40)

1880 1501 2100 1571 indigno
2126 1517 2282 1559 servo
2303 1517 2580 1557 servorum
2602 1503 2900 1559 sanctitatis
2926 1514 3137 1559 vestrae.
3173 1504 3446 1569 Ediscens,

1881 1593 2220 1649 sanctissime
2248 1594 2484 1659 domine,
2515 1608 2633 1663 quae
2662 1594 2868 1649 obtinet
2894 1594 3259 1649 honorandum
3294 1602 3452 1663 caput

1882 1694 2028 1739 tuutn
2057 1684 2348 1740 secundum
2379 1685 2785 1753 permissionem
2815 1684 2928 1750 Dei,
2960 1686 3066 1740 imo
3097 1700 3193 1755 pro
3222 1686 3452 1755 peccatis

1882 1777 2100 1844 uoStris,
2148 1790 2391 1831 escarqu
2423 1778 2723 1844 penuriam,
2766 1792 2869 1831 non
2897 1778 3096 1845 justum
3145 1778 3450 1834 existimavi

206 1888 307 1926 nes
335 1885 468 1941 quas
506 1869 708 1924 viderat
734 1867 934 1923 deferri
970 1870 1277 1937 lagunculas
1333 1869 1569 1937 pecuniis
1599 1878 1779 1923 essent
1812 1863 1859 1923 B
1885 1882 2069 1922 servus
2099 1879 2240 1937 tuus,
2286 1869 2343 1921 iu
2375 1867 2667 1921 refectione
2706 1871 3037 1934 conversari,
3068 1869 3283 1923 domino
3331 1884 3452 1925 meo

207 1976 306 2031 pro
335 1962 493 2016 melle
519 1961 751 2029 repletae.
775 1958 1007 2030 Contigit
1088 1968 1221 2026 ergo
1292 1957 1518 2015 sedente
1586 1972 1654 2015 eo
1717 1961 1781 2015 ad

209 2069 483 2121 mensam,
514 2067 569 2107 ut
608 2054 938 2108 nuntiaretur
978 2052 1166 2107 adesse
1202 2065 1297 2105 eos
1330 2051 1420 2121 qui
1450 2052 1781 2121 lagunculam

209 2144 520 2213 portabant,
566 2152 619 2198 et
664 2134 948 2212 pittacium'
979 2142 1313 2213 patriarchas.
1357 2142 1782 2198 Asceudentibus

207 2232 388 2300 itaque
432 2232 531 2295 eis,
560 2246 678 2286 cum
730 2232 948 2286 vidisset
986 2245 1141 2285 unam
1173 2240 1375 2285 tantum
1411 2231 1778 2301 lagunculam,

205 2323 348 2378 dixit
385 2323 462 2377 eis
510 2323 763 2391 patricius
795 2340 806 2375 :
838 2321 1005 2377 Dicite
1046 2322 1095 2376 ei
1123 2339 1138 2377 :
1177 2320 1370 2385 Credo,
1400 2322 1637 2387 domine,
1670 2339 1783 2377 ma—

204 2430 366 2484 gn.m
409 2412 730 2491 iracundiam
778 2416 1059 2469 adversum
1091 2430 1176 2470 me
1218 2416 1435 2479 retines,
1467 2430 1588 2470 nam
1624 2430 1781 2471 unam

205 2506 382 2563 solam
434 2522 540 2561 non
590 2509 828 2563 mitteres
876 2508 1028 2562 mihi.
1075 2508 1289 2563 Tradite
1333 2518 1507 2563 autem
1567 2509 1783 2577 pittacio

207 2596 431 2665 eodem,
462 2606 515 2653 et
553 2596 747 2653 bullam
780 2596 889 2669 (39)
921 2598 1349 2666 dissolventibus,
1382 2607 1435 2653 et
1471 2600 1783 2655 evacuanli-

208 2686 311 2741 bus
342 2702 521 2742 coram
564 2689 811 2743 omnibus
861 2690 1164 2756 pecuniam,
1197 2689 1409 2761 agnovit
1452 2699 1507 2746 et
1551 2691 1781 2759 reliquas

207 2777 537 2849 lagunculas,
575 2793 708 2849 quas
751 2780 909 2848 vidit,
955 2779 1197 2836 similiter
1243 2782 1426 2850 plenas
1472 2796 1610 2838 esse.
1644 2783 1780 2839 Cum

207 2883 341 2936 ergo
368 2868 583 2937 legisset
606 2866 747 2936 quod
774 2868 931 2922 homo
953 2870 1308 2938 corruptibilis
1330 2870 1495 2925 Deum
1518 2876 1785 2929 constrin-

207 2973 338 3027 gere
368 2972 471 3012 non
502 2968 713 3027 posset,
744 2971 1090 3029 compunctus
1117 2960 1184 3016 de
1213 2978 1480 3025 sermone,
1510 2964 1643 3018 dixit
1668 2982 1681 3016 :
1717 2964 1784 3018 Et

210 3049 341 3103 vivit
370 3050 644 3117 Dominus,
678 3065 848 3117 neque
876 3051 1056 3108 Niceta
1081 3053 1409 3124 constringet
1430 3069 1550 3109 eum
1572 3093 1588 3119 ,
1622 3057 1781 3109 homo

208 3144 408 3196 etenim
433 3154 485 3195 et
514 3140 627 3209 ipse
658 3137 902 3210 peccatur
927 3152 982 3199 et
1010 3145 1367 3212 corruptibilis
1396 3154 1498 3199 est.
1532 3146 1598 3201 Et
1624 3145 1781 3200 relin-

1886 1960 1938 2015 in
1965 1958 2252 2013 subtilitate
2281 1958 2398 2028 (41)
2426 1958 2684 2013 manenti.
2718 1957 2850 2013 Sunt
2878 1960 3039 2028 igitur
3063 1960 3275 2029 indigno
3295 1974 3451 2015 servo

1885 2059 1976 2103 tuo
2007 2048 2259 2103 frumenti
2290 2047 2518 2102 ducenta
2545 2050 2707 2103 millia
2740 2049 3059 2116 modiorum,
3088 2059 3141 2104 et
3169 2052 3282 2105 auri
3306 2050 3453 2107 librat

1882 2150 2095 2196 centum
2151 2140 2441 2210 octoginta,
2489 2156 2618 2210 quas
2669 2156 2795 2210 rogo
2841 2143 2953 2195 dari
3004 2143 3218 2197 Christo
3260 2158 3355 2212 per
3400 2151 3453 2198 te

1883 2233 2158 2287 dominutn
2196 2246 2406 2289 meum:
2435 2240 2636 2284 tantum
2663 2246 2762 2300 ego
2788 2230 3032 2301 indignus
3064 2233 3115 2286 in
3161 2233 3453 2289 ministerio

1885 2323 2049 2378 vestri
2091 2323 2374 2377 diaconatu
2428 2320 2531 2375 frui
2563 2336 2794 2388 merear,
2840 2334 2897 2375 ut
2940 2338 3031 2391 per
3066 2324 3221 2377 talem
3251 2339 3370 2379 cum
3402 2334 3452 2379 te

1883 2414 2099 2469 domino
2149 2414 2318 2467 sancti
2370 2412 2553 2467 altaris
2598 2412 3064 2478 ministrationem,
3113 2415 3367 2469 emuudet
3421 2432 3452 2470 a

1886 2512 2226 2575 peccatorum
2274 2518 2514 2558 meorum
2568 2503 2793 2557 luxuria.
2840 2502 2975 2557 Dicit
3012 2504 3156 2559 enim
3199 2518 3327 2559 vere
3358 2505 3451 2560 Dei

1886 2594 2203 2666 praedicator
2243 2602 2461 2649 sanctus
2488 2592 2794 2661 Apostolus,
2825 2593 3076 2662 quoniam
3106 2608 3175 2648 ex
3214 2593 3452 2649 necessi-

1886 2694 1995 2742 tate
2034 2695 2089 2741 et
2128 2685 2259 2756 legis
2302 2683 2578 2738 translatio
2619 2684 2677 2737 fit
2702 2682 2890 2755 (Hebr.
2923 2683 3037 2755 vn).
3065 2702 3085 2737 ι
3120 2684 3244 2741 Haec
3281 2685 3451 2741 susci.

1886 2776 2037 2847 piens
2062 2773 2319 2829 divinitus
2366 2774 2602 2843 sapiens,
2635 2782 2687 2828 et
2715 2774 2886 2827 virum
2936 2776 3224 2841 advocans,
3273 2775 3346 2829 ait
3382 2774 3449 2829 ad

1884 2884 2006 2926 eum
2032 2868 2145 2922 :Tu
2185 2883 2242 2923 es
2282 2866 2371 2936 qui
2411 2881 2595 2935 preces
2625 2865 2779 2921 nobis
2808 2882 2900 2934 per
2928 2870 3189 2923 notarium
3220 2874 3365 2922 tuum
3396 2874 3450 2924 et

1885 2957 2054 3016 filium
2089 2959 2321 3015 misisti?
2349 2959 2466 3024 Quo
2503 2958 2752 3012 dicente:
2785 2957 2975 3023 Etiam,
3018 2957 3253 3024 domine,
3307 2958 3451 3013 misit

1887 3066 2076 3108 omnes
2116 3051 2259 3105 foras
2309 3050 2495 3104 beatus
2542 3056 2599 3102 et
2653 3048 3208 3118 misericordissimus,
3263 3048 3449 3103 nolens

1884 3157 2065 3198 coram
2093 3142 2337 3197 omnibus
2367 3142 2508 3194 hunc
2532 3139 2879 3205 confundere,
2904 3149 2959 3194 et
2987 3140 3149 3209 cmpit
3175 3140 3353 3193 dicere
3381 3138 3448 3193 ad

208 3249 380 3305 quens
424 3247 545 3291 mox
592 3233 904 3306 prandium,
936 3244 990 3294 et
1030 3249 1248 3292 sumens
1292 3249 1472 3294 secum
1520 3245 1780 3309 quotquot
1806 3238 1853 3303 Β
1885 3248 2005 3290 eum
2037 3232 2282 3288 :Oblatio
2326 3230 2537 3300 quidem
2599 3240 2683 3284 tua
2738 3228 2890 3283 valde
2931 3229 3073 3298 justa
3125 3238 3180 3284 et
3226 3229 3449 3297 tempori

210 3328 464 3396 pecunias
503 3329 571 3383 ab
601 3330 908 3385 honorando
950 3330 1107 3385 Patre
1148 3332 1470 3399 abstulerat,
1500 3342 1554 3387 et
1588 3333 1777 3403 lagun-

208 3422 385 3475 culam
415 3436 533 3490 qua:
562 3421 631 3476 ab
656 3437 721 3477 eo
772 3423 1080 3477 transmissa
1120 3421 1321 3489 fuerat,
1356 3432 1410 3478 et
1435 3424 1501 3477 de
1530 3440 1626 3479 suo
1654 3438 1782 3479 cen-

211 3512 416 3571 tenaria
459 3513 592 3576 tria,
635 3512 987 3581 apprehendit
1033 3513 1338 3568 honoranda
1378 3513 1494 3585 ejus
1539 3517 1778 3585 vestigia,

210 3603 362 3656 nullo
390 3601 441 3655 ie
473 3602 787 3671 obsequium
828 3604 1099 3672 proprium
1128 3614 1365 3672 sumpto;
1397 3605 1490 3659 sed
1521 3604 1573 3659 in
1605 3605 1777 3661 humi-

214 3696 367 3750 litate
393 3694 555 3748 multa
583 3694 898 3759 ascendens,
929 3695 1147 3765 rogabat
1173 3710 1291 3749 eum
1310 3736 1324 3761 ,
1355 3697 1505 3764 quasi
1538 3698 1661 3753 aliis
1685 3713 1779 3753 ac-

210 3786 520 3842 cusantibus
557 3794 790 3849 motum,
825 3784 1202 3856 indulgentiam
1232 3801 1260 3841 a
1297 3789 1403 3843 Deo
1431 3800 1780 3859 exposceret,

210 3878 546 3933 satisfaciens
596 3878 644 3932 ei
702 3878 842 3946 quod
899 3880 997 3932 etsi
1066 3881 1429 3947 pmuitentiam
1484 3882 1532 3937 ei
1594 3882 1779 3948 daret,

211 3977 457 4038 prompte
481 3968 616 4022 hanc
644 3968 934 4037 susciperet
959 3978 1012 4023 et
1037 3970 1346 4025 custodiret.
1375 3971 1659 4027 Admirans
1687 3989 1781 4028 au-

212 4068 317 4114 tem
344 4059 770 4128 archiepiscopus
795 4060 1031 4114 velocem
1055 4062 1154 4114 viri
1183 4063 1620 4131 conversionem,
1649 4066 1781 4120 nihil

210 4151 278 4207 de
308 4153 595 4206 commisso
623 4163 943 4222 conquestus
969 4163 1078 4215 est,
1106 4153 1197 4206 sed
1239 4162 1293 4207 et
1322 4155 1489 4222 magis
1529 4157 1783 4211 consola-

210 4244 366 4297 batur
393 4257 513 4295 euut
548 4243 723 4297 verbis
767 4243 1155 4297 consolatmiis.
1188 4243 1334 4297 Talis
1374 4252 1553 4300 autem
1595 4247 1779 4301 ambo-

211 4347 329 4387 rum
370 4331 682 4390 confirmata
715 4344 796 4387 est
824 4348 887 4388 ex
920 4344 1044 4387 tunc
1072 4349 1100 4386 a
1133 4334 1240 4388 Deo
1266 4333 1520 4403 Charitas,
1549 4346 1604 4391 ut
1631 4352 1780 4391 com-

213 4433 360 4491 pater
388 4425 673 4492 supradicti
707 4425 855 4478 fieret
882 4424 1113 4492 patricii.

279 4512 410 4569 CAP.
435 4513 550 4571 XII.
573 4543 641 4553 -—
663 4514 762 4580 Qui
794 4515 1058 4568 Abraham
1084 4515 1134 4569 in
1173 4515 1273 4569 hoc
1296 4515 1436 4585 quod
1464 4517 1781 4585 expediebat

1886 3324 2208 3391 necessaria,
2236 3322 2329 3379 sed
2363 3323 2628 3379 maculosa
2666 3331 2778 3390 est;
2803 3329 2857 3376 et
2897 3320 3033 3375 nosti
3058 3320 3195 3390 quod
3231 3321 3281 3374 in
3309 3320 3452 3391 Lege

1884 3427 1998 3481 ovis
2014 3427 2125 3479 sive
2155 3438 2337 3491 parva,
2369 3424 2483 3477 sive
2524 3437 2731 3490 magna,
2765 3420 2864 3474 nisi
2896 3419 3231 3473 immaculata
3278 3428 3446 3483 esset,

1885 3532 1991 3572 non
2024 3517 2081 3570 in
2126 3514 2444 3570 sacrificium
2489 3512 2811 3567 offerebatur
2836 3510 3023 3582 (Levii.
3050 3508 3182 3580 xxu)
3207 3525 3223 3575 ;
3252 3516 3308 3565 et
3333 3510 3451 3564 ideo

1887 3609 1951 3663 ad
2006 3609 2323 3662 sacrificium
2361 3607 2493 3661 Cain
2546 3621 2650 3659 non
2709 3608 2938 3673 respexit
2978 3603 3116 3659 Deus
3156 3601 3315 3675 (Gen.
3345 3600 3448 3671 tv).

1884 3701 2142 3767 Quoniam
2170 3713 2298 3754 vero
2326 3698 2528 3764 dixisti,
2561 3696 2743 3761 frater,
2778 3694 2917 3765 quod
2949 3711 3012 3751 ex
3038 3696 3356 3751 necessitate
3391 3702 3448 3751 et

1885 3794 2017 3863 legis
2046 3793 2321 3847 translatio
2352 3792 2460 3856 fiat,
2485 3791 2551 3847 de
2582 3791 2697 3861 lege
2722 3790 2889 3846 veteri
2930 3790 3029 3844 hoc
3054 3789 3183 3845 dicit
3216 3790 3447 3857 Aposto-

1885 3888 2001 3953 lus;
2032 3902 2150 3941 nam
2181 3884 2447 3955 quomodo
2493 3886 2566 3938 ait
2595 3884 2759 3941 frater
2787 3883 2995 3939 Domini
3026 3881 3274 3947 Jacobus,
3305 3882 3447 3951 quod

1884 3980 2184 4049 quicunque
2212 3976 2575 4032 observaverit
2610 3986 2769 4030 totam
2798 3975 2989 4047 legem,
3021 3970 3253 4029 oliendat
3269 3984 3446 4027 autem

1887 4072 1937 4124 in
1966 4084 2092 4133 uno,
2118 4068 2287 4123 factus
2307 4077 2389 4122 est
2414 4068 2646 4120 omnium
2674 4082 2795 4121 reus
2818 4067 2953 4138 (Jac.
2982 4063 3081 4135 ti)?
3109 4065 3182 4121 De
3200 4065 3449 4120 fratribus

1886 4177 2014 4215 vero
2044 4160 2179 4215 meis
2204 4158 2386 4228 egenis
2412 4167 2465 4212 et
2495 4158 2561 4212 de
2581 4166 2764 4213 sancta
2797 4158 3051 4220 Ecclesia,
3078 4158 3214 4212 Deus
3244 4158 3332 4227 qui
3354 4170 3448 4213 eos

1886 4253 2103 4308 nutrivit
2152 4259 2278 4305 aute
2304 4265 2462 4320 quam
2510 4264 2609 4320 ego
2648 4260 2704 4304 et
2742 4257 2797 4303 tu
2837 4263 3198 4313 nasceremur,
3241 4251 3354 4318 ipse
3397 4257 3448 4304 et

1886 4360 2026 4400 nunc
2064 4343 2262 4398 nutriet
2290 4356 2417 4403 eos;
2453 4348 2675 4405 tantum,
2700 4340 2742 4394 si
2792 4354 3065 4394 sermones
3103 4338 3219 4408 ejus
3248 4340 3447 4394 illmsos

1885 4435 2311 4491 custodierimus.
2362 4430 2457 4484 llle
2501 4430 2643 4484 enim
2699 4430 2786 4497 qui
2838 4439 2962 4482 tunc
3006 4428 3238 4496 quinque
3284 4440 3447 4496 panes

1886 4524 2255 4594 multiplicavit
2294 4520 2472 4592 (Joan.
2505 4522 2603 4589 vt),
2640 4528 2809 4587 potest
2839 4528 2891 4573 et
2915 4518 3095 4573 decem
3125 4518 3300 4571 horrei
3332 4517 3442 4572 mei

211 4607 458 4675 ιεηιίινίι,
483 4614 539 4659 “li
567 4605 684 4675 eius
715 4606 873 4660 ﬁdem
919 4607 1021 4661 80”
1055 4608 1163 4662 υθο
1201 4610 1467 4678 manilii"!
1500 4611 1780 4665 universus
1812 4613 1859 4673 D
1886 4616 2078 4671 modiis
2109 4612 2445 4668 benedicere.
2475 4611 2807 4680 Quapmpter
2826 4609 2950 4664 illud
2980 4609 3099 4664 dico
3138 4608 3203 4662 ad
3244 4618 3314 4675 te,
3348 4607 3443 4676 fili,

212 4699 440 4754 mundus
479 4698 694 4752 discens
742 4698 1038 4753 imitaretur
1061 4698 1213 4769 (Gen.
1255 4699 1410 4768 xxu),
1460 4702 1685 4755 tentavit
1726 4711 1781 4757 et

212 4789 612 4848 memorabilem
659 4790 816 4844 istum
856 4789 1139 4845 Joannem.
1188 4792 1374 4846 Modus
1422 4803 1602 4848 autem
1638 4794 1782 4847 illius

213 4878 518 4937 tentationis
586 4880 757 4934 forma
819 4883 1057 4936 utilitatis
1102 4885 1304 4938 sanctis
1370 4884 1486 4953 ejus
1540 4885 1781 4941 ecclesiis

212 4971 438 5029 exstitit.
476 4971 568 5029 Est
610 4982 786 5025 autem
815 4972 980 5027 forma
1023 4973 1176 5027 hmc:
1210 4974 1567 5030 lttmslimabili
1605 4976 1782 5029 multi-

215 5062 397 5116 tudine
428 5061 741 5130 fugientium
788 5078 816 5116 a
866 5064 1070 5128 Persis,
1111 5065 1247 5118 sicut
1271 5066 1381 5133 jam
1419 5068 1618 5122 dictum
1650 5068 1783 5137 (Su-

215 5170 305 5221 pra
328 5170 376 5206 ο.
409 5152 486 5225 6),
529 5163 582 5208 et
621 5154 937 5209 adveniente
972 5157 1369 5223 Alexandriam,
1420 5169 1471 5212 et
1501 5160 1781 5216 sterilitate

214 5248 377 5301 multa
407 5248 651 5301 ciborum
699 5249 855 5311 facta,
901 5264 966 5303 eo
1013 5250 1155 5318 quod
1203 5268 1308 5306 non
1348 5252 1552 5306 subiret
1589 5253 1782 5309 ﬂuvius

214 5338 361 5395 Nilus
388 5338 682 5393 secundum
712 5339 1176 5405 consuetudinem,
1205 5350 1259 5397 et
1280 5357 1412 5397 auro
1440 5353 1633 5398 cuncto
1659 5360 1783 5399 ero-

213 5440 334 5497 gato
377 5429 518 5498 quod
564 5428 873 5498 possederat
918 5430 1244 5498 patriarcha,
1295 5433 1459 5499 misit,
1503 5444 1557 5489 et
1596 5445 1779 5490 mutuo

213 5521 416 5591 accepit
444 5537 473 5576 a
504 5522 684 5576 multis
715 5519 1080 5589 pbiloehristis
1120 5523 1258 5577 circa
1302 5524 1488 5579 decem
1526 5535 1779 5581 centena-

217 5610 313 5667 ria.
347 5613 416 5667 Et
446 5613 528 5665 bis
554 5612 746 5666 iterum
788 5612 1144 5679 consumptis,
1191 5624 1244 5669 et
1281 5616 1453 5670 adhuc
1478 5617 1617 5674 fame
1661 5634 1778 5672 ma-

219 5716 398 5774 nente,
431 5718 486 5763 et
524 5707 591 5763 de
631 5716 828 5763 caetero
858 5718 1100 5766 mutuum
1127 5708 1257 5765 dare
1283 5712 1332 5767 ei
1362 5711 1505 5768 nullo
1550 5712 1778 5776 volente,

220 5802 308 5865 sed
335 5801 579 5861 omnibus
608 5800 956 5879 pertinaciam
983 5802 1139 5859 fatuis
1169 5804 1496 5871 timentibus,
1524 5815 1576 5863 ct
1605 5821 1783 5862 neces-

1885 4708 2027 4776 quod
2069 4706 2121 4759 in
2164 4704 2391 4760 Actibus
2430 4704 2789 4772 apostolorum
2839 4702 3037 4756 dictum
3064 4712 3146 4756 est
3174 4719 3187 4754 :
3212 4700 3326 4755 Non
3366 4708 3446 4757 est

1883 4800 1978 4855 tibi
2011 4801 2182 4864 portio
2212 4810 2385 4864 neque
2418 4792 2699 4849 baereditus
2729 4795 2778 4846 in
2821 4793 2919 4848 hac
2950 4802 3099 4861 parte
3135 4792 3272 4863 (Act.
3302 4792 3441 4859 vttt).

1882 4891 2118 4959 Cumque
2146 4892 2285 4942 hunc
2312 4889 2516 4941 tristem
2547 4896 2600 4940 et
2626 4886 2741 4940 sine
2769 4885 2957 4940 effectu
2980 4884 3288 4949 dimisisset,
3310 4899 3445 4937 nun-

1883 4982 2045 5035 tiatur
2063 4981 2110 5034 ei
2136 4980 2267 5032 duas
2299 4978 2549 5031 Ecclesiae
2580 4991 2888 5043 magnarum
2919 4976 3129 5031 navium
3159 4976 3225 5030 ad
3248 4984 3444 5031 terram

1886 5086 2007 5126 esse
2050 5071 2359 5131 submissos,
2406 5082 2537 5136 quas
2590 5066 2807 5121 miserat
2852 5067 2903 5121 in
2954 5066 3186 5123 Siciliam
3232 5078 3447 5135 propter

1886 5163 2231 5217 frumentum.
2264 5159 2374 5213 Hoc
2412 5169 2587 5213 autem
2633 5160 2853 5212 audiens
2884 5159 2972 5213 ille
3000 5160 3206 5227 beatus,
3248 5158 3446 5212 cadens

1888 5253 1944 5306 in
1991 5264 2210 5315 terram,
2262 5250 2461 5320 gratias
2510 5249 2615 5318 egit
2654 5247 3000 5317 omnipotenti
3060 5250 3186 5316 Deo,
3222 5248 3442 5305 dicens:

1886 5344 2096 5399 Gratias
2123 5342 2299 5398 refero
2329 5342 2445 5407 tibi,
2479 5341 2719 5405 Domine,
2743 5341 2992 5410 quoniam
3024 5357 3128 5395 non
3153 5341 3439 5412 permisisti

1886 5450 2042 5490 servo
2073 5444 2164 5488 tuo
2190 5433 2425 5502 pecuniis
2455 5431 2681 5486 vendere
2726 5433 2952 5500 gratiam
2985 5441 3147 5485 tuam.
3183 5431 3318 5487 Vere
3361 5432 3437 5486 in-

1880 5527 2153 5595 quirentes
2197 5536 2267 5588 te,
2298 5524 2539 5586 Domine,
2580 5532 2634 5577 et
2675 5531 2872 5576 sanctae
2912 5522 3170 5577 Ecclesia:
3211 5532 3314 5577 tuae
3354 5538 3440 5579 res

1880 5618 2032 5688 gulas
2116 5615 2518 5680 custodientes,
2583 5631 2688 5671 non
2762 5610 3017 5667 deficient
3113 5616 3256 5670 omni
3296 5616 3435 5672 bone

1884 5709 2055 5775 (Psal.
2088 5712 2299 5775 xxrttt).

1953 5802 2080 5855 CAP.
2117 5799 2249 5853 XIII.
2279 5826 2335 5839 —-
2364 5795 2683 5864 Quibusdam
2734 5797 2937 5853 duobus
2982 5798 3186 5855 clericis
3236 5798 3291 5853 in
3331 5798 3440 5853 cul-
