4058 6420
586 318 725 373 1627

1643 310 1915 385 LEONTII
1957 313 1997 367 N
2010 311 2420 369 EAPOLITANI
2463 310 2773 367 EPISCOI’I

3706 311 3840 371 i628

607 442 723 493 pam
753 424 1084 489 cadentibus,
1117 426 1214 479 hoc
1243 435 1341 489 est,
1376 440 1588 479 manum
1621 426 1673 479 in
1702 427 2011 481 alterutrum
2043 424 2163 492 inji-
2193 430 2234 483 A
2335 420 2462 473 Car.
2512 420 2649 475 XIV.
2676 451 2744 460 —
2766 420 2959 475 Deiferi
3002 419 3209 487 quidam
3258 432 3570 477 sanctorum
3621 423 3830 481 Patrum

602 517 885 582 cientibus,
920 519 1016 572 hos
1044 517 1519 573 cxcomntuuietvit
1562 519 1815 574 canonice
1846 533 1938 587 per
1965 516 2163 584 aliquot

603 608 742 663 dies.
776 606 976 661 Horum
1005 607 1220 676 quidem
1254 622 1388 659 unus
1416 607 1640 661 libenter
1670 607 1900 675 suscepit
1924 606 2162 671 increpa-

606 697 827 765 tionem,
857 706 911 751 et
940 697 1184 767 cognovit
1225 697 1431 764 culpam
1461 710 1609 749 suam
1636 713 1650 761 ;
1678 698 1811 750 alter
1854 709 1981 749 vero
2017 694 2164 747 mali-

605 792 773 846 tiosus
799 790 1056 852 existens,
1086 787 1321 855 gaudens
1349 796 1671 855 praeceptum
1700 786 1953 854 suscepit.
2001 784 2166 837 Occa-

604 885 809 937 sionem
839 882 978 936 enim
1003 881 1276 950 quaerebat
1299 880 1484 942 miser,
1512 894 1580 933 ne
1608 878 1972 946 ingrederetur
1996 876 2167 929 eccle-

605 975 759 1040 siam,
792 973 884 1027 sed
910 969 1172 1026 licentiam
1198 970 1415 1025 haberet
1444 970 1823 1037 perseverandi
1847 970 1897 1021 in
1926 966 2165 1021 nefandis

606 1063 810 1117 actibus
844 1064 976 1116 suis.
1019 1059 1347 1114 Irascebatur
1368 1068 1545 1113 autem
1592 1066 1775 1112 contra
1808 1066 2043 1110 sanctum
2078 1069 2168 1123 pa-

611 1150 920 1213 triarcham,
977 1160 1031 1202 et
1082 1146 1337 1218 quantum
1388 1147 1441 1200 in
1500 1162 1558 1201 se
1587 1132 1724 1211 erat,
1773 1145 2073 1198 minabatur
2120 1142 2169 1196 ei

610 1250 825 1290 nocere.
871 1234 1095 1301 Quidam
1134 1249 1260 1288 vero
1302 1233 1570 1295 dicebant,
1618 1241 1672 1285 et
1713 1232 1881 1298 ipsum
1923 1245 2041 1283 esse
2082 1227 2170 1295 qui

609 1325 917 1394 prodiderat
956 1326 1203 1394 pecunias
1235 1324 1485 1379 Ecclesia:
1514 1322 1579 1376 ad
1618 1322 1892 1390 patricium
1934 1320 2169 1373 Nieetam

607 1417 795 1486 (sup.,
828 1433 874 1470 ο.
908 1417 1018 1485 Η),
1054 1432 1184 1486 quas
1212 1427 1265 1470 et
1306 1418 1479 1485 rapuit
1508 1432 1688 1481 manu,
1720 1426 1777 1470 ut
1806 1413 2170 1484 praescriptum

607 1518 712 1565 est.
737 1509 1045 1563 Nuntiatum
1069 1518 1150 1564 est
1176 1510 1332 1578 igitur
1357 1509 1497 1578 quod
1522 1509 1610 1563 ille
1639 1508 1761 1561 mali
1793 1522 1997 1561 memor
2023 1507 2174 1560 mali-

610 1599 735 1653 tiam
782 1607 1100 1665 reservaret,
1130 1607 1184 1653 et
1233 1615 1337 1653 non
1378 1607 1579 1653 rectam
1610 1613 1735 1667 erga
1775 1598 1987 1651 beatum
2034 1596 2174 1649 hunc

609 1692 934 1744 voluntatem
968 1690 1209 1743 haberet.
1239 1689 1334 1744 ille
1359 1699 1541 1743 autem
1572 1704 1693 1743 vere
1721 1699 1919 1757 pastor,
1966 1702 2170 1741 memor

2262 512 2376 581 (47)
2407 514 2653 566 dixerunt
2679 530 2689 564 ε
2718 512 3038 582 Angelorum
3079 516 3293 582 quidem
3319 525 3404 569 est
3439 515 3737 571 nullatenus
3768 520 3832 571 li-

2262 606 2447 669 tigare,
2479 604 2571 657 sed
2598 604 2648 656 in
2676 602 2977 657 omnimoda
2998 613 3049 656 et
3074 596 3326 672 perpetua
3353 620 3485 674 pace
3502 608 3831 671 consistere;

2264 692 2538 745 hominum
2572 707 2705 747 vero
2731 701 2814 747 est
2861 693 3106 747 altercari
3132 695 3369 762 quidem,
3404 696 3499 748 sed
3547 697 3720 750 statim
3750 713 3832 751 re-

2262 783 2579 849 conciliari;
2630 783 2929 838 daemonum
2978 795 3154 838 autem
3196 798 3274 839 est
3305 786 3537 854 litigare,
3575 797 3628 841 et
3668 795 3831 842 totum

2263 871 2403 925 dicttt
2435 874 2662 927 transire
2689 873 3141 928 inreconeiliatos.
3176 875 3289 930 Hoc
3319 886 3600 943 propterea
3631 879 3831 946 prafeti

2262 977 2465 1028 sumus,
2496 978 2761 1020 amatores
2788 964 3006 1031 Christi,
3038 977 3255 1036 propter
3296 966 3619 1037 praesentem
3654 986 3833 1025 narra-

2273 1054 2493 1109 tionem.
2547 1055 2752 1109 Placuit
2800 1056 2920 1110 huic
2959 1057 3245 1126 aliquando
3308 1059 3509 1124 nobili,
3561 1075 3663 1113 una
3712 1078 3831 1117 cum

2266 1154 2679 1200 commemorato
2706 1145 2888 1201 Nieeta
2918 1149 3160 1214 patricio,
3199 1149 3267 1204 de
3286 1152 3517 1219 quadam
3547 1152 3751 1221 publica
3780 1169 3835 1209 re

2269 1239 2536 1292 altercari.
2582 1238 2768 1294 Modus
2808 1249 2983 1294 autem
3026 1242 3180 1310 litigii
3226 1251 3341 1295 erat
3391 1244 3546 1307 talis;
3600 1259 3839 1299 necessa-

2270 1331 2407 1384 rium
2450 1339 2532 1384 est
2559 1330 2700 1385 enim
2732 1331 2929 1397 dicere,
2981 1347 3101 1385 cum
3133 1332 3200 1385 sit
3230 1334 3424 1387 anima:
3454 1334 3644 1389 utilis:
3675 1334 3829 1388 Patri-

2270 1425 2384 1478 cius
2412 1424 2624 1493 quidem
2657 1425 2941 1491 disponere
2987 1425 3203 1480 volebat
3231 1425 3402 1480 forum
3446 1437 3670 1496 propter
3698 1426 3837 1481 lucra

2271 1514 2517 1582 publica;
2552 1515 2852 1584 patriarcha
2879 1525 3060 1570 autem
3085 1516 3136 1569 id
3162 1532 3262 1571 non
3295 1518 3619 1584 patiebatur,
3645 1532 3837 1587 paupe-

2272 1620 2389 1658 rum
2421 1607 2474 1659 in
2518 1606 2617 1660 hoc
2645 1620 2934 1675 procurans
2976 1607 3225 1661 salutem.
3255 1609 3475 1662 Multum
3503 1624 3636 1677 ergo
3663 1620 3839 1663 contra

2273 1706 2332 1746 se
2361 1705 2565 1747 secreto
2604 1696 2989 1749 contendentes
3015 1695 3158 1766 (48),
3190 1707 3243 1750 ct
3283 1696 3603 1751 inflexibiles
3634 1713 3840 1752 manen—

611 1778 740 1835 dicti
803 1782 945 1836 illius
972 1798 985 1835 :
1012 1783 1141 1845 Quis
1180 1782 1499 1845 inﬁrmatur,
1548 1791 1601 1835 et
1650 1796 1747 1850 ego
1789 1796 1893 1834 non
1933 1780 2171 1834 inﬁrmor
2203 1777 2247 1836 Β
2279 1769 2376 1847 tes,
2410 1792 2748 1838 recesserunt
2786 1785 2944 1839 ambo
2974 1786 3040 1838 ab
3070 1787 3291 1839 invicem
3322 1786 3441 1840 irati
3478 1796 3535 1840 et
3560 1786 3838 1841 irreconci-

612 1874 699 1945 (II
733 1877 850 1930 Cor.
890 1879 1004 1944 XI)?
1051 1883 1105 1931 et
1155 1876 1342 1928 iterum
1373 1892 1385 1926 :
1414 1874 1517 1928 Vos
1574 1874 1661 1943 qui
1708 1882 1949 1942 potentes
2000 1873 2166 1939 estis,
2222 1858 2227 1863 ’

608 1973 816 2026 debetis
864 1973 1201 2025 inﬁrmitates
1243 1972 1613 2039 impotentium
1662 1981 1877 2039 portare
1908 1969 2051 2041 (Gal.
2085 1985 2171 2035 v1;

615 2064 764 2117 Rom.
799 2065 908 2131 xv),
942 2063 1107 2117 voluit
1139 2063 1280 2115 hunc
1300 2063 1581 2126 accersire,
1615 2072 1668 2116 et
1708 2062 1960 2116 decenter
1987 2062 2174 2116 admo-

612 2166 759 2215 nere,
791 2162 844 2206 et
869 2154 1078 2207 solvere
1106 2167 1224 2206 eum
1252 2152 1319 2204 ab
1358 2152 1937 2217 excommunicatione;
1970 2152 2180 2207 videbat

611 2244 753 2296 enim
788 2242 965 2308 lupum
998 2250 1277 2295 conantem
1324 2256 1511 2309 rapere
1551 2256 1726 2296 ovem.
1773 2242 2178 2310 Dispensatinne

611 2345 742 2385 vero
773 2332 862 2385 Dei
891 2341 1065 2385 actum
1091 2339 1171 2385 est
1198 2340 1253 2385 ut
1284 2330 1643 2385 innotesceret
1670 2331 1916 2385 omnibus
1950 2331 2179 2399 patriar-

614 2421 729 2475 cha
777 2420 1056 2475 immemor
1099 2421 1224 2475 mali
1261 2422 1493 2476 animus.
1540 2420 1750 2476 Oblitus
1795 2429 1877 2476 est
1918 2422 2180 2477 accersire

613 2526 758 2577 eum,
790 2518 845 2566 et
869 2511 1075 2567 solvere
1101 2512 1167 2567 ab
1198 2513 1774 2567 excommunicatione.
1807 2514 1939 2568 Cum
1966 2529 2089 2581 ergo
2113 2513 2178 2565 ad

614 2613 854 2658 sanctum
888 2604 1216 2659 Dominicum
1246 2605 1384 2660 diem
1410 2607 1759 2673 pervenisset,
1806 2617 1857 2660 et
1886 2616 2070 2659 saneto
2100 2605 2179 2658 al-

610 2695 709 2749 tari
733 2696 986 2751 astitisset
1007 2695 1142 2767 (42),
1167 2706 1223 2749 ut
1246 2696 1582 2751 incruentum
1607 2696 1924 2751 sacriﬁcium
1940 2696 2177 2758 otl‘erret,

609 2786 715 2854 jam
771 2787 995 2843 diacono
1042 2788 1340 2857 generalem
1397 2787 1690 2842 orationem
1747 2803 1882 2855 pene
1930 2803 2177 2843 consum-

611 2886 811 2942 mante,
842 2874 1082 2932 sanctum
1135 2879 1309 2933 velum
1341 2880 1639 2933 exaltaturo
1668 2878 1807 2948 (43),
1850 2880 1904 2932 in
1947 2889 2179 2934 mentem

613 2967 828 3022 malitia:
857 2968 1184 3024 immemoris
1216 2971 1393 3035 venit;
1425 2983 1477 3023 et
1504 2971 1681 3025 statim
1724 2971 1886 3025 divini
1930 2972 2179 3039 prateepti

612 3061 921 3125 recordans,
949 3059 1234 3114 asserentis
1260 3077 1274 3114 :
1298 3059 1355 3115 Si
1384 3060 1545 3115 offers
1590 3076 1780 3115 munus
1812 3070 1956 3116 tuum
1996 3062 2062 3117 ad
2098 3063 2177 3117 al-

2274 1872 2404 1926 liati.
2439 1873 2567 1927 Erat
2604 1885 2779 1928 autem
2808 1874 2935 1928 hora
2966 1877 3170 1944 quinta,
3213 1878 3501 1945 etquidem
3532 1879 3838 1945 patriarcha

2275 1975 2391 2017 erat
2434 1965 2724 2033 refragatio
2766 1974 2819 2019 et
2847 1967 3148 2019 amaritudo
3174 1982 3267 2034 pro
3306 1969 3561 2021 mandato
3593 1968 3710 2033 Dei,
3754 1984 3841 2040 pa-

2279 2056 2413 2109 tricii
2479 2065 2654 2109 autem
2699 2067 2910 2125 propter
2952 2057 3257 2135 pecuniaria
3290 2058 3435 2111 lucra
3466 2070 3603 2114 erat.
3647 2059 3842 2116 Tamen

2278 2146 2352 2199 ait
2377 2145 2655 2214 illejustus
2681 2164 2693 2199 :
2724 2163 2894 2216 neque
2930 2163 3025 2216 pro
3073 2149 3402 2214 rationabili,
3442 2166 3619 2219 neque
3649 2166 3742 2219 pro
3774 2152 3841 2206 ir-

2279 2236 2581 2290 rationabili
2627 2238 2907 2292 occasione
2926 2238 3086 2292 ‘debet
3117 2238 3276 2292 homo
3303 2240 3481 2294 irasci.
3521 2241 3845 2299 Adveniente

2279 2342 2409 2397 ergo
2439 2328 2570 2381 hora
2602 2327 2901 2393 undecima,
2944 2332 3162 2384 mandat
3202 2346 3296 2399 per
3326 2332 3839 2404 archipresbyterum

2280 2434 2382 2473 una
2420 2434 2540 2473 cum
2569 2418 2712 2473 clero
2735 2420 3035 2488 patriarcha
3064 2423 3289 2490 patricio
3326 2424 3431 2477 hoc
3470 2424 3690 2493 dignum
3738 2442 3842 2480 me-

2281 2512 2450 2565 moria
2495 2511 2711 2565 verbum
2738 2528 2751 2565 :
2778 2512 3020 2579 Domine,
3072 2514 3153 2568 sol
3192 2514 3257 2567 ad
3298 2530 3548 2570 occasum
3581 2527 3683 2571 est.
3721 2518 3840 2572 Cum

2282 2613 2463 2658 autem
2491 2604 2593 2658 hoc
2620 2605 2839 2658 verbum
2865 2606 2953 2660 ille
2980 2607 3239 2674 audisset,
3272 2623 3375 2661 non
3401 2609 3643 2662 tolerans
3674 2611 3842 2663 cordis

2280 2697 2362 2750 sui
2384 2697 2652 2764 ardorem,
2677 2697 2768 2751 sed
2813 2706 3060 2767 tanquam
3098 2698 3281 2754 divino
3313 2700 3435 2770 igne
3466 2701 3835 2765 inflammatus,

2282 2787 2449 2841 sancti
2495 2801 2739 2843 sermone
2765 2799 3114 2860 compunctus
3155 2802 3257 2858 est,
3302 2794 3638 2863 infectusque
3680 2796 3839 2868 lacryo

2282 2877 2381 2931 mis
2401 2878 2577 2931 statim
2601 2886 2739 2932 totus
2771 2879 2936 2933 factus
2957 2889 3038 2934 est
3062 2896 3075 2945 ;
3105 2893 3157 2937 et
3180 2898 3423 2951 surgens,
3450 2885 3599 2937 venit
3624 2885 3688 2938 ad
3718 2887 3836 2939 bea-

2286 2977 2394 3020 tum
2426 2968 2586 3021 hunc.
2612 2969 2776 3034 Quem
2810 2984 2930 3024 cum
2958 2971 3196 3036 vidisset,
3228 2970 3302 3026 ait
3325 2989 3339 3025 :
3365 2973 3510 3029 Bene
3533 2975 3744 3038 venisti,
3772 2974 3840 3029 ili

2286 3056 2558 3121 Ecclesiae,
2586 3058 2843 3113 obediens
2869 3060 2980 3113 voci
3010 3046 3127 3129 ejus
3148 3060 3364 3128 (Ephes.
3396 3061 3497 3132 ιν).
3526 3063 3845 3118 Mittcntibus

612 3160 746 3216 tare,
775 3160 828 3206 et
853 3150 922 3205 ibi
951 3151 1259 3207 recordatus
1290 3150 1473 3217 fueris,
1523 3154 1645 3222 quia
1671 3154 1833 3231 frater
1866 3163 1988 3209 tuus
2017 3156 2176 3210 habet
2205 3135 2248 3194 ο
2285 3148 2446 3217 igitur
2486 3149 2745 3205 ambobus
2793 3159 3112 3206 metanteam
3140 3152 3280 3223 (49),
3325 3161 3379 3208 et
3426 3155 3842 3224 amplexantibus

612 3240 809 3310 aliquid
862 3240 1141 3296 adversum
1214 3252 1305 3309 te,
1362 3242 1602 3311 relinque
1652 3243 1723 3297 ibi
1787 3260 1979 3300 munus
2030 3252 2176 3299 tuum

616 3329 832 3402 (Matth.
866 3331 946 3402 v),
978 3342 1105 3399 etc.,
1131 3333 1337 3387 intimat
1364 3332 1590 3387 diacono
1619 3331 1829 3389 facienti
1860 3337 2175 3401 orationem,

612 3438 773 3490 quam
802 3422 1059 3477 diaconus
1098 3424 1287 3478 solitus
1317 3422 1490 3478 facere
1519 3433 1653 3492 erat,
1685 3434 1741 3479 ut
1786 3424 2105 3495 reinciperet
2149 3442 2178 3480 a

614 3517 788 3586 capite
828 3516 977 3586 (44);
1019 3526 1073 3571 et
1119 3518 1163 3572 si
1193 3517 1517 3587 impleretur,
1558 3518 1750 3573 iterum
1784 3520 2179 3589 recapitularet,

612 3621 791 3675 usque
828 3609 954 3667 dum
998 3610 1266 3676 perveniat
1287 3609 1404 3680 ejus
1431 3610 1800 3666 sanctiﬁcatio.
1834 3612 2009 3667 Finxit
2039 3615 2178 3668 enim

616 3713 700 3763 se,
733 3704 982 3766 tanquam
1013 3700 1059 3753 si
1096 3714 1216 3754 eum
1248 3701 1449 3755 ventris
1498 3702 1786 3757 necessitas
1816 3703 2179 3768 compulisset.

612 3790 684 3845 Et
712 3790 932 3846 veniens
973 3788 1027 3845 in
1069 3792 1383 3846 honorabile
1426 3793 1833 3847 cimiliarchium
1862 3794 2001 3864 (45),
2042 3794 2183 3849 misit

614 3882 793 3941 statim
838 3881 949 3937 fere
990 3883 1170 3952 viginti
1222 3883 1688 3950 hebdomadarios,
1740 3894 2036 3954 quaerentes
2073 3886 2183 3955 jam

615 3972 815 4026 dictum
855 3972 980 4027 mali
1012 3974 1154 4028 modi
1198 3975 1449 4033 clericum
1482 3975 1618 4047 (46).
1651 3976 1879 4030 Intentio
1909 3977 2047 4030 enim
2091 3993 2180 4046 pa.
2222 3976 2225 3979 ’

620 4064 783 4118 storis
802 4063 918 4118 haec
939 4072 1077 4130 erat,
1101 4074 1158 4119 ut
1174 4066 1425 4120 educeret
1446 4066 1511 4120 de
1533 4081 1628 4121 ore
1652 4068 1823 4121 leonis
1846 4082 2021 4122 ovem.
2050 4068 2187 4121 Deus

621 4169 771 4220 vero,
805 4155 895 4222 qui
928 4154 1252 4211 voluntatem
1285 4156 1578 4211 timentium
1623 4173 1682 4213 se
1706 4155 1856 4221 facit,
1907 4159 2028 4211 fecit
2076 4173 2184 4227 prae

622 4247 868 4301 inanibus
894 4246 1119 4300 inveniri
1147 4260 1271 4299 mox
1307 4246 1582 4302 clericum.
1615 4247 1678 4301 Et
1720 4248 1969 4302 veniente
2014 4262 2101 4313 eo,
2135 4256 2188 4301 et

614 4337 833 4391 veritati
882 4337 1239 4392 testimonium
1288 4340 1641 4406 perbibente,
1691 4338 1838 4408 prior
1887 4341 2185 4408 patriarcha

622 4442 759 4496 genu
806 4427 971 4492 ﬂexit,
1022 4428 1489 4499 dicenszlndulge
1531 4429 1680 4495 mihi,
1736 4430 1917 4482 frater.
1979 4430 2189 4483 Veritus

2283 3239 2621 3304 alterutrum,
2650 3240 2920 3295 sederunt.
2972 3243 3031 3295 Et
3062 3244 3306 3310 aperiens
3336 3259 3396 3298 os
3438 3258 3595 3298 suum
3628 3246 3842 3314 patriar-

2283 3330 2403 3398 cha,
2454 3331 2819 3387 dixit:Crede
2867 3334 3019 3399 mihi,
3066 3334 3301 3402 domine,
3350 3338 3452 3390 nisi
3484 3339 3611 3405 quia
3660 3338 3759 3393 vidi
3797 3348 3845 3393 te

2285 3423 2440 3478 valde
2486 3423 2796 3478 tribulatum
2840 3425 2906 3479 de
2946 3426 3065 3490 hoc,
3106 3427 3215 3496 jam
3261 3442 3365 3481 non
3418 3430 3711 3497 pigritarer
3752 3445 3843 3499 ego

2287 3517 2468 3572 venire
2497 3517 2560 3571 ad
2584 3519 2878 3572 claritatem
2917 3528 3079 3572 tuam.
3108 3521 3316 3574 Etenim
3352 3521 3614 3574 Dominus
3639 3532 3693 3575 et
3716 3521 3845 3577 Deus

2287 3616 2468 3664 noster
2498 3610 2610 3677 ipse
2658 3609 2914 3663 circuibat
2943 3607 3180 3664 civitates
3226 3617 3282 3664 et
3305 3610 3524 3663 castella
3553 3620 3607 3664 et
3646 3612 3841 3672 domos,

2284 3697 2547 3751 visitando
2571 3697 2833 3752 homines.
2857 3698 3116 3753 Omnibus
3138 3708 3313 3753 autem
3340 3700 3642 3756 humilitate
3664 3704 3846 3756 summi

2282 3791 2580 3845 sacerdotis
2607 3791 2897 3857 mdiﬁcatis,
2931 3801 2984 3846 et
3011 3791 3361 3845 admiratione
3392 3791 3598 3859 plenis,
3640 3807 3846 3862 respon-

2284 3881 2363 3935 dit
2403 3881 2471 3936 ad
2534 3898 2660 3937 eum
2714 3882 2976 3954 patricius
3010 3899 3023 3936 :
3080 3881 3271 3949 Crede,
3295 3882 3470 3946 Pater,
3492 3883 3615 3949 quia
3640 3883 3847 3937 ulterius

2290 3986 2397 4025 non
2426 3967 2637 4040 capient
2681 3986 2835 4026 aures
2876 3987 3009 4026 meae
3049 3986 3230 4027 eorum
3261 3974 3440 4036 verba,
3474 3974 3563 4041 qui
3606 3972 3850 4042 litigiosa

2289 4062 2419 4117 mihi
2460 4070 2747 4131 suggerunt
2786 4076 2890 4116 res.
2932 4062 3081 4117 Tunc
3120 4063 3332 4132 sapiens
3368 4064 3558 4117 doctor
3599 4063 3731 4117 dixit
3764 4065 3847 4117 ei:

2290 4150 2482 4221 Crede,
2516 4153 2587 4205 ﬁli
2615 4162 2668 4207 et
2695 4152 2878 4219 frater,
2911 4153 2957 4206 si
2995 4154 3241 4207 omnibus
3286 4154 3369 4207 his
3396 4154 3721 4208 voluerimus
3744 4169 3851 4208 cre-

2291 4244 2440 4309 dere,
2467 4245 2752 4299 multorum
2778 4254 3111 4314 peccatorum
3147 4246 3349 4299 erimus
3372 4246 3598 4311 domini,
3635 4247 3853 4300 maxime

2291 4337 2343 4390 in
2388 4347 2625 4405 tempore
2658 4336 2777 4401 hoc,
2827 4338 3036 4405 quando
3068 4336 3191 4390 facti
3224 4344 3347 4389 sunt
3382 4336 3535 4389 multi
3588 4337 3851 4389 hominem

2295 4429 2517 4482 invicem
2549 4428 2806 4482 odientes.
2851 4428 3111 4482 Multoties
3160 4431 3301 4481 enim
3352 4438 3405 4480 et
3456 4426 3587 4479 mihi
3632 4427 3850 4481 suadere

617 4533 750 4588 ergo
772 4519 912 4573 illius
941 4520 1254 4573 honorabile
1278 4520 1625 4588 pontiﬁcium,
1656 4529 1709 4574 et
1748 4534 1932 4574 eorum
1959 4521 2045 4589 qui
2070 4521 2190 4574 ade-
2221 4507 2269 4567 Ι)
2297 4528 2628 4573 tentaverunt
2674 4520 2724 4572 hi
2776 4512 2879 4588 qui
2912 4519 3263 4588 suggerebant
3311 4517 3441 4570 mihi
3485 4516 3853 4583 dispositiones

617 4619 747 4670 tam
772 4611 1127 4681 praesentiam,
1156 4612 1319 4680 magis
1346 4628 1471 4667 vero
1498 4612 1689 4666 timens
1707 4612 1964 4678 judicium
1999 4612 2108 4678 Dei,
2135 4621 2189 4667 et

616 4705 850 4759 .horrens
883 4720 950 4760 ne
985 4706 1119 4759 forte
1162 4706 1512 4760 descenderet
1558 4707 1692 4771 ignis
1721 4706 1787 4760 de
1825 4708 1963 4761 cmlo
2002 4707 2187 4761 eadem

620 4798 759 4849 .hora
814 4804 870 4850 et
916 4806 1255 4851 consumeret
1304 4812 1450 4860 eum,
1508 4798 1773 4851 videntem
1827 4796 2188 4850 honorandam

614 4889 773 4943 illam
813 4888 1061 4942 canitiem
1112 4888 1253 4941 humi
1291 4888 1575 4956 jacentem,
1623 4903 1760 4957 genu
1794 4888 1940 4943 ﬂexit
1980 4899 2033 4942 et
2057 4889 2189 4955 ipse,

630 4990 815 5047 petens
847 4979 1053 5034 veniam
1084 4988 1139 5033 et
1165 4981 1604 5034 misericordiam.
1641 4982 1709 5034 Et
1736 4980 1944 5034 dicente
1972 4979 2192 5050 patriar—

624 5070 729 5123 cha
754 5084 769 5122 :
798 5070 936 5125 Deus
968 5069 1123 5123 nobis
1169 5070 1415 5125 omnibus
1446 5071 1735 5142 indulgeat,
1767 5080 2116 5126 surrexerunt
2142 5080 2196 5125 et

630 5160 855 5229 ingrcssi
902 5170 1026 5215 sunt
1054 5161 1212 5217 ambo
1256 5163 1565 5225 ecclesiam:
1603 5174 1656 5219 et
1695 5173 1818 5219 tunc
1863 5180 1983 5219 cum
2026 5164 2195 5218 multo

634 5254 827 5321 gaudio
857 5264 907 5310 et
937 5254 1116 5309 laetitia
1173 5256 1339 5311 astitit
1385 5266 1573 5312 sancto
1607 5257 1780 5325 altari,
1834 5272 1953 5311 cum
2002 5257 2196 5310 munda

630 5345 958 5408 conscientia
988 5347 1169 5400 valens
1198 5347 1375 5402 dicere
1398 5348 1539 5401 Deo:
1570 5348 1784 5402 Dimitte
1829 5348 1980 5401 nobis
2020 5346 2194 5402 debita

632 5449 835 5504 nostra,
874 5438 1011 5492 sicut
1040 5448 1095 5491 et
1121 5452 1218 5491 nos
1266 5438 1580 5492 dimittimus
1620 5437 1949 5492 debitoribus
1984 5438 2195 5493 nostris

633 5530 847 5591 (Matth.
878 5531 1078 5591 v1).lta
1120 5541 1295 5586 autem
1349 5545 1475 5586 sana
1520 5545 1584 5585 ex
1622 5541 1743 5585 tunc
1790 5540 1844 5585 et
1881 5541 2195 5599 compuncta

633 5630 811 5677 meme
842 5621 1008 5677 factus
1036 5631 1119 5674 εει
1143 5620 1305 5674 lector
1337 5620 1443 5684 ille,
1485 5629 1542 5676 ut
1573 5621 1885 5691 presbyterii
1916 5636 2195 5677 consecra-

636 5712 780 5805 tique
801 5711 956 5783 potiri
982 5721 1295 5769 mereretur.

2297 4624 2511 4673 rerum;
2554 4620 2608 4664 et
2654 4625 2773 4664 cum
2822 4610 3050 4665 facerem
3100 4626 3241 4678 saepe
3290 4613 3473 4680 ﬁnem,
3524 4618 3585 4666 ut
3618 4611 3855 4664 seductus

2297 4702 2519 4763 fueram,
2554 4700 2888 4767 postmodum
2926 4702 3015 4755 alii
3047 4705 3257 4770 quidam
3302 4704 3659 4773 suggerebant
3710 4701 3854 4765 mihi,

2298 4796 2437 4863 quod
2466 4793 2654 4849 fuerim
2686 4796 2936 4862 deceptus
2965 4797 3014 4848 in
3047 4784 3295 4865 capitulo;
3327 4812 3449 4850 cum
3482 4811 3611 4866 ergo
3634 4797 3859 4851 secundo

2299 4894 2350 4939 et
2381 4887 2535 4939 tertio
2559 4888 2657 4940 hoc
2680 4886 2897 4941 fuissem
2942 4900 3240 4955 perpessus,
3272 4886 3393 4942 dedi
3440 4888 3727 4941 terminum
3769 4886 3835 4940 mi

2300 4975 2566 5043 himetipsi
2604 4977 2806 5044 absque
2834 4984 3175 5044 utrorumque
3206 4986 3373 5044 parte,
3428 4992 3496 5033 ne
3525 4978 3709 5031 darem
3741 4976 3859 5030 deli~

2299 5071 2554 5123 nitionem
2600 5070 2703 5123 alio
2746 5071 2799 5123 in
2829 5070 3079 5139 capitulo.
3112 5070 3262 5137 Quod
3308 5072 3351 5125 si
3381 5070 3471 5139 qui
3514 5069 3861 5141 suggerebant

2299 5162 2452 5227 mihi,
2492 5164 2875 5229 mentirentur,
2926 5162 3026 5231 ipsi
3080 5175 3286 5229 poenam
3343 5160 3660 5223 solverent,
3710 5172 3858 5228 quam

2299 5262 2576 5307 accusatus
2598 5250 2792 5319 ferret,
2826 5252 2872 5306 si
2918 5263 3104 5307 contra
3143 5266 3262 5305 eum
3293 5249 3559 5305 calumnia
3606 5249 3859 5303 veraciter

2301 5345 2488 5400 fuisset
2516 5345 2727 5413 injecta.
2761 5346 2827 5398 Et
2851 5359 2914 5399 ex
2940 5345 3122 5398 eadem
3152 5344 3237 5397 die
3269 5342 3569 5411 improvide
3588 5353 3861 5411 suggerere

2301 5434 2430 5489 mihi
2458 5444 2641 5488 contra
2670 5433 2900 5501 aliquem
2931 5433 3145 5487 omnino
3185 5432 3382 5500 aliquid
3413 5430 3597 5485 nullus
3620 5430 3731 5499 jam
3772 5442 3864 5481 au-

2301 5543 2418 5582 sum
2446 5525 2629 5591 habet,
2655 5528 2795 5595 quod
2836 5527 3069 5595 deposco
3098 5535 3149 5581 et
3195 5538 3386 5578 moneo
3432 5536 3682 5594 magnum
3713 5520 3862 5574 deco-

2303 5636 2414 5677 rem
2444 5629 2609 5685 tuum,
2640 5620 2733 5687 ﬁli,
2783 5619 3029 5674 similiter
3056 5619 3247 5674 facere.
3274 5619 3425 5687 Saepe
3447 5617 3591 5671 enim
3622 5624 3673 5670 et
3694 5610 3866 5667 caedes

2305 5711 2529 5780 injustas
2562 5709 2781 5777 faciunt,
2814 5710 2900 5779 qni
2946 5710 3318 5765 sublimitatem
3351 5709 3611 5764 creditam
3654 5706 3865 5766 habet“.
