4034 6436
197 361 338 426 1629

1126 376 1279 432 VITA
1320 375 1562 431 SANCTI
1601 377 1879 435 JOANNIS
1922 381 2496 440 ELEEMOSYNABII.

3299 404 3433 461 Ib30

197 481 255 533 si
276 480 473 537 fuerint
500 483 676 538 verbis
718 486 976 540 wasoriis
1016 487 1290 552 commoti,
1323 495 1377 542 et
1404 488 1449 541 si
1491 490 1606 543 sine
1646 503 1764 543 cru-
1797 491 1842 547 Δ
1875 493 2146 547 tummodo
2172 496 2588 551 controversiam
2614 500 2821 553 astabat
2842 512 2965 557 tunc
2993 504 3220 571 pontifex
3250 514 3437 561 sancto

196 574 342 627 ciatu
399 574 690 629 reciderint
740 591 859 645 quae
905 576 969 631 ad
999 592 1091 633 eos
1140 580 1358 633 veniunt
1399 581 1651 650 capitula.
1701 582 1764 634 Et

197 664 456 735 patricius
510 676 757 735 tanquam
811 683 841 723 a
889 669 999 725 Deo
1044 672 1248 738 jussus,
1292 683 1477 741 pactus
1518 682 1603 728 est
1646 674 1761 744 ejus

194 756 506 809 mandatum
535 768 594 810 se
622 758 891 813 custodire
913 760 1058 813 omni
1089 769 1322 830 tempore
1345 762 1597 820 illarsum.

268 840 402 901 CAP.
430 842 545 898 XV.
584 874 654 884 —
684 844 788 901 Iste
812 850 1173 903 memorabilis
1218 850 1442 905 habebat
1483 852 1761 920 quemdam

194 943 470 1001 nepotem,
494 935 707 990 nomine
736 936 1021 1006 Georgium
1054 941 1185 1009 (50).
1220 942 1331 997 Una
1364 944 1537 1009 itaque
1559 944 1763 997 dierum

192 1022 396 1079 faciens
459 1026 560 1081 iste
610 1042 730 1081 cum
782 1029 1013 1098 quodam
1060 1033 1289 1087 civitatis
1347 1034 1762 1090 tabernariorum

191 1116 388 1185 rixam,
413 1118 663 1173 conviciis
692 1122 759 1176 ab
781 1137 844 1175 eo
870 1138 1057 1177 severe
1076 1125 1300 1180 allectus
1320 1136 1402 1181 est
1428 1146 1441 1181 :
1468 1128 1554 1195 qui
1582 1143 1762 1183 amare

188 1208 402 1274 dolens,
434 1224 543 1263 non
570 1210 741 1264 solum
773 1212 893 1281 quia
927 1214 1135 1281 pubtice
1159 1257 1175 1283 ,
1224 1231 1407 1271 verum
1439 1218 1599 1272 etiam
1640 1220 1760 1287 quia

190 1313 219 1352 a
250 1300 423 1354 viliori
472 1300 823 1358 inhonoratos
867 1314 1029 1371 esset,
1068 1308 1297 1362 maxime
1327 1324 1471 1373 vero,
1499 1311 1618 1379 quia
1648 1320 1762 1365 erat

188 1407 358 1460 nepos
384 1394 729 1462 patriarchae,
776 1397 937 1453 subiit
977 1399 1042 1453 ad
1073 1415 1193 1455 eum
1226 1403 1276 1454 in
1306 1402 1576 1468 conclavi,
1604 1418 1670 1457 eo
1710 1406 1760 1457 in

182 1494 397 1538 secreto
418 1494 675 1553 morante,
707 1488 841 1543 llens
867 1493 1230 1546 vehementer.
1259 1491 1392 1547 Cum
1415 1502 1590 1548 autem
1620 1496 1760 1548 hunc

186 1574 260 1630 ita
308 1586 624 1632 testuantem
660 1591 713 1633 et
757 1581 1133 1651 lacrymantem
1182 1584 1402 1640 vidisset
1449 1586 1757 1649 mitissimus

186 1668 508 1739 patriarcha,
539 1672 830 1742 interrogat
849 1688 1058 1727 causam
1083 1675 1367 1730 detinentis
1383 1691 1502 1731 eum
1526 1678 1760 1731 anxieta-

188 1760 285 1825 tis,
333 1760 470 1815 scire
498 1760 633 1815 hanc
659 1764 864 1817 volens.
907 1764 1144 1834 Cumque
1188 1768 1277 1820 ille
1307 1782 1411 1821 non
1444 1776 1621 1835 posset
1651 1784 1757 1835 pra:

1868 584 2057 648 altari;
2098 586 2223 654 qttid
2252 602 2379 642 vero
2414 590 2569 642 vellet
2602 590 2805 655 facere,
2860 594 2986 651 nulli
3017 595 3263 649 credidit.
3296 596 3426 649 Cum

1865 688 1993 743 ergo
2021 679 2257 732 venisset
2299 679 2552 735 diaconus
2584 682 2884 746 Damianus,
2937 695 2997 739 ut
3043 686 3337 753 susciperet
3366 686 3432 744 ab

1865 784 1935 822 eo,
1958 777 2193 823 sanctam
2219 774 2645 826 communionem
2677 776 2966 830 secundum
3006 778 3276 843 preprium
3306 793 3429 845 gra-

1864 856 2009 922 dum,
2036 860 2207 912 tenuit
2227 875 2438 915 manum
2462 863 2597 917 illius
2625 864 2713 919 ille
2740 879 2970 933 sanctus,
2998 875 3055 922 et
3088 867 3221 922 dixit
3247 886 3258 919 :
3289 868 3431 924 Vade

1866 949 2011 1016 prius
2042 952 2367 1007 reconciliari
2414 953 2562 1008 fratri
2595 964 2719 1021 tuo;
2749 946 2823 1012 et.
2852 967 2977 1012 tunc
3005 961 3246 1023 veniens,
3272 959 3432 1028 digne

1865 1040 2075 1110 suscipe
2106 1043 2465 1109 immaculata,
2515 1047 2792 1102 immemor
2822 1049 3057 1116 malitia,
3091 1051 3287 1106 Christi
3318 1065 3431 1123 my-

1865 1132 2047 1187 steria.
2081 1134 2360 1191 Reveritus
2386 1153 2514 1209 ergo
2554 1154 2731 1197 comm
2773 1150 2916 1201 tanta
2946 1144 3278 1201 multitudine
3316 1144 3430 1198 cle-

1866 1223 2097 1278 ricorum
2146 1228 2515 1285 contradicere
2545 1230 2648 1297 illi,
2679 1235 2907 1289 maxime
2938 1234 2991 1293 in
3035 1234 3123 1291 tali
3154 1234 3269 1288 loco
3296 1244 3349 1288 et
3378 1235 3428 1288 in

1866 1316 1954 1367 tali
1987 1317 2246 1371 horrenda
2281 1321 2430 1387 hora,
2461 1323 2749 1392 spopondit
2775 1324 2875 1377 hoc
2901 1325 3093 1391 facere,
3129 1332 3183 1379 et
3208 1334 3330 1387 tunc
3360 1326 3428 1385 de

1864 1404 2060 1458 sanctis
2088 1409 2353 1475 mysteriis
2379 1410 2526 1465 dedit
2561 1414 2629 1467 ei.
2663 1413 2821 1482 Igitur
2848 1430 2912 1467 ex
2944 1424 3068 1471 tunc
3089 1428 3276 1478 omnes
3317 1416 3429 1470 cle-

1864 1492 1958 1547 rici
1986 1502 2040 1550 et
2069 1495 2186 1552 laici
2218 1500 2586 1556 custodiebant
2613 1518 2693 1566 se,
2724 1518 2790 1559 ne
2814 1506 2950 1557 inter
2978 1519 3035 1560 se
3063 1505 3315 1561 malitiam
3346 1519 3427 1558 re-

1862 1582 2113 1649 tinerent,
2141 1583 2385 1640 timentes
2408 1604 2471 1641 ne
2492 1598 2546 1642 et
2568 1590 2707 1657 ipsos
2729 1592 3095 1661 confunderet,
3136 1592 3425 1662 triumpha-

1863 1682 2046 1739 retque
2076 1677 2519 1741 quemadmodum
2550 1690 2605 1733 et
2630 1680 2777 1737 illum
2804 1681 3103 1739 diaconum.

1930 1761 2055 1815 Car.
2094 1763 2250 1817 XVII.
2280 1795 2348 1806 -
2394 1766 2629 1821 Habebat
2672 1771 2880 1836 quidem
2929 1771 3293 1829 sanctissimus
3340 1771 3424 1827 hic

181 1853 568 1919 amaritudine,
618 1870 737 1924 qua;
783 1858 1205 1913 circumdederat
1248 1874 1407 1924 eum.
1456 1861 1751 1928 exprimere
1784 1855 1826 1914 Β
1869 1853 1949 1905 vir
1974 1853 2251 1909 scientiam
2280 1856 2576 1914 divinarum
2623 1859 3042 1928 Scripturarum;
3094 1878 3196 1915 non
3245 1870 3420 1915 autem

178 1957 509 2007 sermonem,
537 1946 587 1999 hi
622 1950 709 2013 qui
741 1957 932 2016 prmsto
965 1950 1175 2004 fuerunt
1204 1952 1414 2020 quando
1444 1969 1563 2007 eum
1592 1954 1755 2008 exho-

178 2033 360 2087 norari
387 2048 419 2087 a
465 2038 794 2105 negotiatore
832 2042 1167 2109 contigerat,
1210 2054 1485 2110 creperum
1528 2045 1754 2100 recitare

178 2124 579 2197 archiepiscopo
617 2144 829 2183 causam
864 2149 875 2183 :
919 2132 979 2185 Et
1019 2136 1141 2201 quia
1187 2148 1290 2187 non
1337 2134 1618 2201 debuerat,
1670 2134 1751 2188 in.

176 2214 402 2282 quiunt,
449 2216 518 2270 ita
549 2217 804 2273 sanctitas
846 2232 1019 2273 vestra
1063 2224 1364 2289 contemni,
1414 2233 1470 2277 ut
1514 2225 1752 2292 proprios

177 2318 309 2358 suos
338 2320 398 2358 ac
428 2308 751 2376 propinquos
781 2325 810 2363 a
832 2312 1096 2379 despectis
1134 2314 1451 2369 exhonorari
1484 2325 1753 2383 pateretur

177 2393 501 2451 hominibus.
534 2399 625 2453 Ille
672 2410 849 2453 autem
879 2417 1035 2456 verus
1065 2404 1332 2469 medicus,
1367 2407 1549 2462 volens
1580 2406 1749 2473 primo

175 2485 341 2540 veluti
370 2489 658 2559 emplastro
708 2491 931 2559 quodam
972 2507 1157 2548 curare
1188 2494 1391 2563 nepotis
1420 2496 1501 2548 sui
1532 2496 1745 2562 furiam,

174 2590 230 2633 et
261 2590 435 2635 tamen
476 2591 723 2651 tanquam
756 2584 897 2639 ferro
944 2585 1254 2641 incisionem
1283 2598 1336 2642 et
1380 2587 1745 2644 liberationem

173 2672 465 2739 passionis,
498 2688 590 2740 per
635 2674 1082 2743 sapientissimum
1114 2691 1174 2732 os
1201 2693 1353 2731 suum
1386 2678 1507 2733 huic
1532 2678 1744 2746 alIerre,

173 2760 370 2815 talibus
410 2763 587 2816 verbis
617 2766 782 2831 cmpit
803 2768 1140 2837 exstinguere
1163 2769 1425 2835 morbum,
1447 2780 1501 2825 et
1524 2771 1701 2825 dicere
1728 2788 1742 2825 :

174 2850 473 2907 Etcmnino
494 2868 654 2908 ausus
671 2864 756 2910 est
774 2856 962 2924 aliquis
980 2873 1039 2913 os
1060 2861 1287 2927 aperire,
1308 2871 1360 2915 et
1382 2864 1745 2920 contradicere

174 2944 308 2998 tibi?
336 2944 529 3011 Crede,
563 2947 633 2999 tili
664 2949 755 3012 mi,
785 2948 920 3017 patri
952 2959 1061 3015 tuo,
1087 2952 1336 3021 quoniam
1380 2952 1568 3008 faciam
1598 2955 1650 3009 in
1679 2971 1744 3010 eo

174 3035 338 3105 hodie
368 3051 503 3101 rem,
531 3046 585 3091 ut
615 3047 721 3091 tota
764 3041 1083 3096 Alexandria
1124 3042 1362 3098 miretur.
1394 3044 1631 3114 Cumque
1660 3048 1739 3100 vi-

173 3130 475 3183 disseteum
498 3130 789 3185 remedium
818 3133 1103 3201 recepisse,
1128 3143 1183 3187 et
1205 3135 1467 3189 tristitiam
1497 3149 1740 3192 cunctam

1859 1941 1915 1995 in
2012 1944 2278 2016 sapientia
2374 1950 2646 2007 sermonis
2673 1990 2688 2017 ,
2768 1950 2864 2005 has
2909 1960 3153 2019 tanquam
3184 1967 3246 2006 ex
3280 1952 3422 2013 inani

1856 2031 2021 2101 gloria
2054 2036 2359 2089 memeriter
2380 2038 2583 2107 dicens,
2610 2040 2701 2095 sed
2728 2057 2817 2108 per
2844 2042 3084 2099 eamdem
3109 2044 3271 2110 ipsam
3295 2058 3421 2111 ope-

1855 2140 1971 2179 rum
2000 2126 2284 2196 actionem,
2316 2136 2369 2182 et
2398 2131 2766 2187 mandatorum
2795 2133 3254 2198 observationem;
3284 2144 3337 2187 et
3367 2135 3419 2188 in

1854 2224 2062 2270 secreto
2108 2218 2400 2286 quotidiani
2429 2221 2635 2277 consilii
2685 2223 2767 2275 sui
2800 2224 2972 2282 nullus
3010 2240 3186 2279 sermo
3215 2225 3416 2279 utiosus

1856 2306 2203 2373 audiebatur,
2235 2310 2339 2363 nisi
2369 2311 2503 2365 forte
2545 2312 2808 2367 ordinatio
2857 2313 2931 2369 rei
2963 2313 3131 2369 civilis
3158 2313 3415 2382 exigeret,

1852 2394 1943 2447 sed
1968 2406 2057 2451 aut
2081 2397 2362 2454 relationes
2385 2409 2685 2456 sanctorum
2709 2401 2943 2467 Patrum,
2968 2410 3057 2457 aut
3078 2402 3417 2469 scripturalcs

1850 2488 2187 2555 quaestiones,
2221 2500 2312 2545 aut
2337 2492 2631 2559 dogmatica
2662 2493 3007 2561 problemata,
3036 2503 3253 2567 promer
3279 2494 3414 2549 mul-

1852 2581 2127 2635 titudinem
2180 2598 2275 2637 nec
2306 2586 2748 2639 nominandorum
2795 2584 3162 2646 htereticorum
3210 2584 3299 2654 qui
3331 2599 3393 2638 re-

1847 2676 2055 2743 gionem
2106 2672 2580 2730 circumdederant.
2631 2676 2685 2729 Si
2734 2690 2857 2730 vero
2884 2674 3041 2731 alicui
3088 2675 3278 2744 aliquis
3316 2675 3406 2731 de-

1850 2763 2058 2818 trahere
2089 2764 2372 2831 inciperet,
2424 2764 2562 2821 Itunc
2594 2765 2885 2836 patriarcha
2924 2780 3016 2835 per
3047 2765 3266 2825 alteram
3297 2780 3397 2819 ser-

1847 2857 2288 2923 mocinationem,
2324 2869 2379 2912 ut
2407 2858 2636 2928 sapiens,
2672 2858 2941 2927 ingeniose
2972 2856 3314 2920 removebat;
3355 2866 3409 2912 et

1843 2948 1886 3003 si
1921 2950 2108 3003 iterum
2140 2960 2501 3016 permaneret,
2551 2948 2678 3005 nihil
2709 2950 2921 3018 quidem
2951 2948 3000 3004 ei
3029 2948 3267 3010 diccbat;
3318 2946 3409 3001 sed

1846 3039 1984 3093 hunc
2005 3049 2285 3106 annotans,
2319 3040 2655 3109 prtecipiebat
2680 3039 3091 3101 hebdomadario
3115 3053 3181 3101 ne
3209 3038 3406 3095 sineret

1847 3130 2067 3183 ulterius
2092 3144 2211 3184 eum
2255 3130 2451 3186 intrare
2480 3144 2599 3184 cum
2630 3129 2710 3183 his
2739 3130 2826 3198 qui
2856 3128 3250 3194 nuntiabantur,
3280 3142 3410 3205 qua»

173 3220 494 3289 projecisse,
540 3231 807 3288 putantem
851 3225 1093 3279 videlicet
1137 3227 1276 3295 quod
1333 3239 1512 3294 ageret
1557 3239 1739 3284 contra

1857 3231 1997 3270 .enus
2023 3233 2115 3284 per
2142 3232 2263 3272 eum
2292 3226 2515 3272 Caeteros
2551 3226 2868 3284 temperaret
2896 3227 3052 3287 atque
3081 3216 3336 3277 erudiret-

174 3326 296 3364 eum
325 3311 413 3380 qui
440 3326 497 3366 se
526 3314 861 3369 contumeliis
886 3299 1159 3381 all‘ecerat,
1192 3326 1245 3371 et
1275 3318 1470 3372 faceret
1500 3334 1618 3373 eum
1651 3321 1744 3374 Ila-

174 3400 357 3471 gellari
388 3415 480 3468 per
508 3416 628 3455 eum
659 3403 750 3469 qui
786 3419 945 3473 super
984 3406 1154 3459 forum
1184 3416 1298 3460 erat
1322 3408 1661 3477 conStitutus,
1692 3420 1745 3463 et

175 3492 338 3545 variis
360 3492 566 3560 pompis
592 3493 949 3563 dehonestari,
979 3498 1105 3549 dicit
1133 3498 1201 3560 ei,
1222 3497 1538 3551 deosculans
1563 3512 1745 3565 peetus

175 3585 342 3652 ipsius
373 3602 386 3638 :
418 3583 513 3637 Fili
540 3583 633 3648 mi,
663 3588 706 3638 si
739 3600 802 3639 ex
837 3588 1052 3642 veritate
1082 3589 1393 3644 humilitatis
1421 3606 1553 3644 mea:
1581 3606 1747 3659 nepos

175 3677 380 3739 existis,
407 3691 639 3742 prmpara
663 3676 888 3743 teipsum
919 3689 971 3731 et
996 3678 1271 3745 ﬂagellari,
1299 3692 1353 3734 et
1380 3682 1615 3735 convicia
1641 3681 1745 3750 pati

176 3768 241 3821 ab
273 3768 417 3820 omni
468 3768 702 3823 homine.
739 3767 870 3822 Vera
914 3772 1053 3825 enim
1086 3772 1328 3838 cognatio
1358 3787 1463 3825 non
1511 3788 1579 3826 ex
1625 3788 1746 3826 san-

174 3857 336 3931 guine
380 3866 431 3911 et
476 3872 666 3923 carne,
714 3858 808 3912 sed
848 3873 908 3912 ex
945 3861 1137 3912 virtute
1179 3861 1373 3914 mentis
1419 3863 1742 3931 agnoscitur.

174 3947 470 4002 Confestim
506 3948 663 4017 Igitur
692 3949 972 4002 accersivit
998 3965 1118 4003 eum
1156 3950 1246 4018 qui
1276 3964 1434 4018 super
1480 3968 1747 4020 caupones

175 4045 294 4103 erat
333 4038 648 4090 constitutus
671 4078 685 4102 ,
719 4045 773 4091 et
804 4032 1055 4106 praecepit
1097 4039 1146 4093 ei
1171 4055 1236 4093 ne
1280 4040 1348 4093 ab
1388 4040 1478 4094 illo
1508 4057 1747 4110 caupone

176 4130 443 4197 acciperet
487 4143 656 4194 neque
683 4139 933 4183 consueta
963 4144 1077 4194 sua,
1116 4145 1287 4199 neque
1317 4132 1551 4199 publica,
1581 4147 1751 4202 neque

176 4224 489 4293 pensionem
536 4222 813 4291 ergas:erii
845 4224 980 4289 ejus.
1017 4222 1080 4276 Et
1102 4221 1214 4291 ipse
1238 4224 1381 4278 enim
1404 4226 1751 4279 sanctissima:

179 4293 438 4369 Ecclesiae
483 4320 616 4364 erat.
654 4312 718 4363 Et
749 4325 933 4365 omnes
964 4324 1386 4375 expavescentes
1426 4315 1749 4369 immobilem

179 4403 631 4470 longanimitatem
680 4403 823 4468 ejus,
878 4405 1256 4458 intellexerunt
1300 4421 1421 4460 esse
1471 4412 1568 4459 hoc
1614 4408 1750 4472 quod

178 4493 354 4551 dixit:
381 4492 642 4559 Quoniam
694 4492 880 4546 faciam
912 4496 961 4547 in
987 4512 1105 4548 eum
1137 4512 1269 4561 rem,
1313 4506 1370 4551 ut
1397 4498 1620 4551 miretur
1646 4509 1751 4550 tota

1915 3308 2042 3361 CAP.
2077 3306 2261 3363 XVIII.
2286 3337 2353 3347 —
2377 3309 2739 3362 Deiiuitiouem
2768 3318 2941 3365 autem
2969 3316 3019 3365 el
3050 3308 3223 3373 aliam,
3254 3319 3409 3373 quam

1846 3398 2111 3453 atl‘ectavit
2159 3400 2245 3453 hic
2275 3410 2521 3462 sanctus,
2568 3414 2675 3453 non
2723 3408 2805 3452 est
2846 3398 3045 3468 justum
3079 3408 3412 3467 postponere.

1847 3488 2079 3543 Audiens
2101 3490 2237 3557 quod
2268 3499 2541 3558 postquam
2558 3496 2839 3543 coronatus
2859 3496 2939 3543 est
2962 3488 3251 3556 imperator
3274 3483 3410 3556 (5|),

1850 3582 2022 3634 nullus
2053 3579 2285 3633 universi
2317 3588 2530 3634 senatus
2558 3587 2612 3633 et
2640 3577 2923 3633 astantium
2953 3576 3281 3632 exercituum
3321 3589 3416 3627 an-

1850 3674 2048 3739 tiquum
2082 3671 2387 3726 memoriale
2429 3669 2640 3740 aliquod
2692 3670 2917 3737 nuntiet,
2952 3671 3044 3725 sed
3074 3682 3195 3721 mox
3227 3668 3275 3721 hi
3324 3664 3415 3734 qui

1849 3766 2098 3816 dicuntur
2140 3772 2600 3817 monumentorum
2646 3760 2991 3815 mdilicatores
3036 3767 3245 3817 sinuant
3283 3771 3416 3824 qna-

1852 3865 1969 3909 tuor
1995 3856 2077 3909 vel
2105 3856 2338 3924 quinque
2369 3854 2612 3910 minutias
2644 3866 2962 3907 marmorum
2995 3850 3215 3919 pusillas
3243 3847 3309 3911 de
3335 3847 3417 3901 di-

1853 3948 2018 4001 versis
2043 3947 2340 4013 colorihus,
2379 3955 2438 4003 et
2464 3943 2828 4012 ingrediantur
2854 3942 2917 3996 ad
2949 3956 3091 4015 eum,
3113 3950 3170 3999 .et
3195 3940 3373 3993 dicant
3400 3953 3415 3993 :

1852 4038 2109 4100 Domine,
2161 4038 2304 4107 quali
2350 4035 2565 4091 metallo
2610 4034 2887 4103 imperium
2937 4044 3080 4089 tuum
3109 4030 3258 4099 jubet
3300 4027 3419 4084 ﬁeri

1853 4138 2252 4183 monumentum
2296 4138 2479 4188 tuum;
2530 4125 2862 4179 insinuantes
2910 4122 3157 4179 videlicet
3200 4124 3245 4174 ei
3294 4118 3418 4187 quia

1855 4226 2102 4285 tanquam
2154 4219 2314 4268 ltomn
2359 4213 2719 4279 corruptibilis
2761 4221 2815 4263 et
2859 4211 3191 4264 transitorius
3236 4223 3418 4260 curant

1854 4304 2050 4359 habeto
2096 4313 2197 4357 tua:
2238 4302 2399 4368 ipsius
2442 4302 2663 4363 animtB,
2696 4309 2747 4354 et
2777 4299 2861 4366 pie
2903 4313 3119 4364 regnum
3165 4296 3421 4363 dispone;

1856 4395 2156 4449 imitabatur
2177 4402 2225 4448 et
2258 4393 2357 4447 iste
2381 4395 2564 4445 beatus
2595 4390 2856 4443 veraciter
2879 4389 3011 4443 hanc
3032 4388 3240 4456 dignam
3271 4387 3425 4441 laude

1858 4486 2215 4549 traditionem,
2248 4494 2296 4538 et
2318 4483 2569 4551 praecepit
2591 4482 2691 4539 sibi
2715 4485 3115 4537 monumentum
3146 4475 3416 4536 aediﬁcari,

180 4580 524 4653 Alexandria,
562 4583 809 4637 videlicet
834 4585 954 4651 quia
987 4600 1091 4639 non
1123 4586 1293 4640 solum
1326 4587 1747 4641 vicissitudinem
1780 4573 1827 4629 Β
1859 4582 1941 4637 ubi
1973 4589 2027 4635 et
2072 4580 2263 4648 reliqui
2304 4578 2725 4647 ρι’ωιίθεθεευτθε
2767 4574 2879 4641 Pius
2926 4568 3237 4640 Pamarcum
3278 4567 3426 4635 Ῑ³⁰θ⁴

184 4687 291 4735 non
320 4675 583 4742 reddidit,
634 4691 817 4732 verum
847 4679 1005 4732 etiam
1044 4695 1139 4748 pro
1185 4680 1385 4735 ultione
1435 4682 1750 4749 adjutorium

183 4765 457 4833 impendit.

255 4857 385 4916 CAP.
416 4858 552 4912 XVI.
587 4888 653 4899 —
678 4858 982 4914 Nuntiatum
1012 4870 1094 4914 est
1123 4862 1404 4931 aliquando
1434 4864 1552 4916 huic
1579 4864 1752 4927 beato,

184 4950 326 5019 quod
354 4949 567 5016 quidam
596 4950 909 5004 clericorum
941 4952 1192 5003 malitiam
1223 4954 1273 5004 in
1305 4954 1465 5005 corde
1500 4955 1752 5009 adversus

190 5038 469 5107 quemdam
502 5050 822 5101 reservaret,
870 5049 924 5093 et
953 5041 1369 5095 irreconciliatus
1400 5045 1446 5096 ei
1466 5060 1753 5109 permane-

190 5136 289 5198 ret.
338 5127 429 5181 Ille
484 5143 611 5182 vero
661 5129 932 5196 quaerebat
982 5132 1137 5198 hujus
1190 5147 1381 5184 nomen
1425 5142 1480 5187 et
1535 5134 1754 5200 gradum

194 5234 366 5269 nn~Se.
397 5215 452 5269 In
483 5220 767 5270 crastinum
800 5234 927 5288 ergo
955 5219 1040 5273 die
1069 5221 1343 5274 Dominico
1383 5220 1563 5275 didicit
1594 5224 1754 5285 hunc,

195 5308 499 5359 Dalmatium
528 5306 740 5371 quidem
788 5310 1021 5377 nomine,
1054 5309 1330 5364 diaconem
1364 5326 1490 5364 vero
1530 5326 1649 5365 esse
1677 5311 1757 5363 of-

192 5396 333 5449 iicio.
368 5394 624 5465 I’rzecepit
654 5396 840 5465 itaque
885 5400 1260 5454 archidiacono
1292 5410 1348 5454 ut
1385 5402 1515 5466 sibi,
1547 5401 1758 5468 quando

194 5484 331 5539 idem
361 5484 646 5540 Damiauus
675 5486 741 5540 ad
770 5489 1049 5544 ecclesiam
1092 5493 1314 5553 veniret,
1346 5491 1757 5546 demonstraret.

195 5572 354 5644 Igitur
381 5590 501 5628 cum
546 5578 596 5630 iu
628 5577 915 5632 crastinum
946 5583 1105 5632 statio
1133 5582 1407 5636 Dominico
1442 5582 1527 5636 die
1576 5583 1717 5637 lieret
1743 5624 1757 5647 ,

192 5668 418 5723 venitet
457 5667 711 5723 diaconus
753 5669 818 5724 ad
847 5673 1164 5735 stationem;
1194 5680 1247 5726 et
1288 5672 1471 5727 videns
1499 5673 1759 5727 archidia-

198 5771 395 5826 conus,
423 5759 651 5815 ostendit
678 5776 797 5817 eum
825 5761 1157 5833 patriarchae.
1199 5762 1277 5817 0b
1306 5777 1423 5818 eam
1466 5765 1603 5819 enim
1650 5773 1736 5819 tan

1858 4674 2012 4736 bant;
2045 4669 2409 4739 imperfectum
2461 4682 2586 4720 vero
2635 4678 2846 4718 manere
2895 4676 3059 4729 usque
3104 4659 3171 4715 ad
3222 4657 3422 4711 obitum

1857 4780 2031 4825 suum,
2062 4773 2119 4815 ut
2149 4760 2457 4831 imperfecto
2500 4757 2781 4821 existente,
2814 4769 2906 4823 per
2934 4752 3197 4806 celebrem
3231 4748 3428 4803 festivi-

1862 4864 2054 4916 tatem,
2096 4853 2377 4906 assistenle
2406 4852 2567 4909 clero,
2604 4846 2956 4915 ingredientes
2995 4842 3083 4909 qui
3113 4839 3428 4895 dicebautur

1860 4946 2085 5001 ειιηὶιοεί
2114 4944 2251 5015 (52),
2282 4944 2520 4998 dicerent
2549 4940 2613 4991 ad
2645 4954 2763 4991 eum
2790 4953 2802 4987 :
2840 4934 3078 4996 Domine,
3114 4943 3428 4987 monumen-

1865 5046 1971 5089 tum
1993 5046 2136 5087 tumn
2155 5031 2517 5100 imperfectum
2532 5040 2632 5091 est,
2651 5026 2872 5093 praecipe
2885 5038 3011 5090 ergo
3027 5030 3082 5077 ut
3095 5032 3429 5075 consumme-

1866 5136 1968 5189 tur,
1989 5142 2052 5177 eo
2069 5122 2206 5191 quod
2239 5120 2444 5177 nescias
2465 5134 2564 5187 qua
2582 5119 2709 5171 hora
2729 5117 2809 5169 fur
2829 5114 3007 5173 veniat
3026 5109 3216 5183 (Matth
3255 5109 3429 5174 xxtv).

1864 5218 1979 5272 Hoc
2008 5225 2180 5270 autem
2230 5212 2457 5268 faciebat
2484 5211 2572 5267 ille
2598 5219 2810 5265 sanctus
2856 5216 2914 5263 ut
2944 5206 3011 5265 ita
3042 5204 3217 5267 Iieret,
3248 5200 3435 5254 volens

1866 5306 2209 5362 imitationem
2241 5305 2432 5359 bonam
2465 5312 2515 5357 et
2547 5310 2660 5370 post
2689 5316 2746 5355 se
2774 5298 2965 5355 futuris
3013 5294 3311 5363 relinquere
3344 5305 3434 5357 pa-

1867 5398 2129 5452 tnarchis.

1934 5490 2065 5544 Car.
2111 5485 2248 5541 XIX.
2279 5512 2348 5525 —-
2392 5483 2616 5538 Domino
2664 5481 2732 5537 ob
2759 5478 3146 5537 multitudinem
3178 5479 3433 5549 peccato-

1868 5596 1983 5635 rum
2035 5586 2334 5633 nostrorum
2386 5576 2751 5643 permittente,
2801 5570 3008 5638 propria
3062 5564 3258 5632 templa
3314 5574 3433 5630 qua:

1868 5679 2021 5727 erant
2048 5664 2420 5734 Jerosolymis,
2455 5678 2482 5716 a
2514 5660 2871 5731 percutiendis
2900 5673 2929 5711 a
2960 5656 3067 5712 Deo
3096 5655 3271 5710 Persis
3315 5665 3434 5706 cre-

1873 5758 2027 5820 mati.
2074 5758 2284 5817 discens
2312 5754 2393 5808 hic
2447 5751 2809 5808 sanctissimus
2848 5747 3142 5816 patriarcha
3193 5745 3243 5803 in
3272 5742 3433 5807 multa
