4058 6430
616 396 754 454 1651

1673 378 1949 438 LEONTII
1986 375 2451 434 NEAPOLITANI
2492 349 2803 431 apisceri

3750 369 3882 425 {G32

623 517 861 579 egestate
899 522 1019 563 esse
1065 514 1304 561 sanctum
1335 503 1627 556 Modestum
1663 499 2016 569 patiiarcham
2055 498 2204 553 Jero-
2235 505 2276 560 Λ
2307 493 2623 547 rachanella:
2649 491 2763 562 (58)
2790 489 3108 544 numismate
3133 503 3260 544 uno.
3286 487 3405 542 Mox
3431 502 3558 557 ergo
3589 487 3880 543 transmisit

626 602 951 670 solymorum
984 596 1125 666 (55).
1157 596 1222 649 ad
1253 595 1441 647 horum
1474 592 1848 647 relevationem
1894 600 1948 645 et
1976 591 2198 646 reredifi-

621 690 885 745 cationem
919 689 1080 742 mittit
1106 688 1153 742 ei
1201 687 1517 740 numismata
1561 684 1722 749 mille,
1752 692 1806 738 et
1834 683 1977 737 mille
2016 697 2198 737 saccos

625 782 812 849 plenos
831 779 1115 842 frumento,
1142 786 1194 831 et
1216 776 1358 829 mille
1387 775 1667 842 legumina,
1701 773 1845 828 mille
1866 773 2025 827 libras
2051 773 2196 836 ferri,

623 871 764 923 mille
790 876 958 924 restes
985 869 1300 921 siccatorum
1333 865 1576 933 piscium,
1605 863 1694 932 qui
1723 878 2053 918 menomenae
2081 864 2194 934 (51)

620 960 889 1025 dicuntur,
923 958 1066 1012 mille
1095 957 1304 1010 vascula
1337 957 1463 1018 vini,
1496 965 1547 1009 ct
1578 955 1724 1008 mille
1751 953 2029 1023 IEgyptios
2066 969 2197 1021 Ope-

621 1051 827 1114 rarios,
876 1049 1092 1103 mittens
1117 1047 1166 1102 ei
1196 1061 1291 1116 per
1335 1047 1537 1099 litteras
1567 1063 1578 1096 :
1616 1063 1633 1096 ‹
1673 1044 1746 1099 Da
1775 1045 1905 1098 mihi
1951 1045 2196 1109 veniam,

621 1155 748 1193 vere
795 1139 988 1192 Christi
1019 1144 1296 1207 operator,
1330 1136 1461 1190 nihil
1502 1136 1718 1204 dignum
1764 1135 1974 1203 templis
1999 1135 2196 1189 Christi

621 1229 868 1282 mittenti.
919 1228 1119 1282 Vellem
1147 1227 1311 1290 enim,
1351 1226 1510 1280 crede
1556 1225 1713 1290 mihi,
1747 1226 1791 1280 si
1820 1235 1960 1279 esset
2007 1240 2198 1280 conve-

620 1321 794 1384 uirus,
820 1328 874 1374 et
904 1320 1018 1389 ipse
1043 1334 1108 1374 eo
1131 1319 1337 1386 venire,
1368 1325 1424 1372 et
1451 1318 1563 1386 ipse
1590 1318 1797 1385 operari
1822 1317 1872 1370 in
1898 1317 2056 1372 domo
2083 1332 2198 1372 san-

619 1419 720 1463 cta:
765 1408 963 1463 Christi
996 1407 1425 1463 resurrectionis.
1475 1408 1848 1462 Verumtamen
1897 1409 2024 1462 illud
2067 1423 2197 1480 rogo

620 1500 987 1553 honorandum
1018 1508 1178 1567 caput
1223 1508 1391 1563 tuum,
1426 1507 1481 1551 ut
1510 1499 1806 1552 nullatenus
1837 1499 1939 1553 hoc
1969 1499 2197 1567 imputes

624 1594 843 1644 minimo
867 1593 1063 1644 nomini
1087 1591 1388 1660 exiguitatis
1416 1605 1568 1657 meas,
1595 1591 1686 1643 sed
1720 1589 1821 1644 hoc
1848 1591 2018 1659 potius
2048 1601 2198 1660 petas

618 1695 647 1733 a
681 1681 916 1744 Christo,
950 1692 1005 1734 ut
1033 1680 1105 1734 ibi
1135 1695 1217 1734 me
1243 1679 1543 1735 conscribat
1570 1679 1657 1735 ubi
1688 1682 1946 1736 veraciter
1965 1683 2199 1738 conscri-

621 1772 728 1839 ptio
763 1772 912 1825 beata
940 1769 1205 1823 consistit.
1242 1789 1260 1821 ι

2304 586 2431 640 illud
2459 587 2510 639 in
2537 586 2846 648 crastinum,
2883 595 2939 638 ut
2971 584 3385 639 venundaretur.
3415 583 3480 637 Et
3505 583 3692 636 videns
3720 583 3767 636 is
3791 585 3879 652 qui

2301 675 2583 741 obtulerat,
2616 674 2745 729 emit
2774 674 2899 728 illud
2950 674 3160 738 triginta
3191 688 3283 727 sex
3334 671 3787 737 numismatibus,
3828 683 3880 724 et

2301 780 2485 820 rursus
2531 763 2724 819 obtulit
2763 764 3103 835 patriarchas.
3153 762 3284 817 Cum
3325 778 3452 818 vero
3511 765 3560 815 in
3591 761 3878 815 crastinum

2301 855 2520 910 vidisset
2548 855 2700 923 illud,
2746 858 2876 912 emit
2907 857 3006 912 hoc
3053 856 3320 920 similiter,
3372 868 3424 910 et
3474 869 3663 908 rursus
3691 853 3877 907 obtulit

2305 944 2637 1012 patriarchae,
2659 945 2954 1014 deposcens
2977 955 3033 1000 ut
3052 955 3322 1015 tegeretur
3335 946 3403 999 ab
3427 959 3516 1000 eo.
3545 943 3677 998 Cum
3700 952 3874 997 autem

2302 1036 2460 1088 tertio
2511 1036 2612 1090 hoc
2648 1037 2899 1101 fecisset,
2953 1037 3083 1091 dicit
3111 1036 3159 1092 ei
3189 1036 3612 1106 gratulabundus
3639 1034 3725 1088 ille
3757 1047 3876 1087 san-

2301 1136 2415 1179 ctus
2440 1143 2453 1179 :
2490 1127 2794 1182 Videbimus
2823 1129 2940 1197 quis
2965 1128 3195 1194 deficiet,
3227 1141 3326 1195 ego
3369 1141 3438 1179 an
3467 1134 3549 1180 tu.
3582 1122 3714 1178 Erat
3739 1125 3876 1177 enim

2300 1220 2583 1286 Opulentus
2611 1221 2763 1275 valde
2783 1261 2797 1286 ,
2830 1230 2886 1276 et
2912 1220 3148 1275 suaviter
3175 1217 3326 1288 quasi
3356 1215 3723 1270 vindemiabat
3760 1227 3873 1267 eum

2301 1311 2387 1366 ille
2417 1323 2648 1376 sanctus,
2679 1317 2928 1382 paulatim
2961 1313 3029 1367 ab
3056 1327 3122 1368 eo
3149 1311 3310 1366 multa
3340 1307 3628 1371 auferens;
3658 1315 3714 1361 et
3740 1307 3877 1360 dice.

2302 1404 2391 1459 bat
2412 1419 2624 1471 semper
2648 1405 2789 1472 quod
2814 1414 2994 1474 posset
3020 1404 3211 1470 aliquis
3236 1401 3543 1456 intentione
3567 1396 3730 1451 dandi
3756 1411 3875 1463 pau-

2303 1499 2515 1565 peribus
2557 1499 2861 1567 exspoliare
2908 1499 3128 1564 divites,
3157 1505 3215 1552 et
3240 1498 3412 1564 ipsum
3455 1494 3622 1548 etiam
3654 1490 3874 1560 hypoca-

2300 1589 2492 1642 misum
2524 1587 2640 1659 (59)
2667 1589 2733 1643 ab
2762 1590 2839 1642 eis
2869 1589 3122 1643 benevole
3148 1587 3376 1650 auferre,
3406 1599 3458 1640 et
3491 1598 3599 1637 non
3631 1595 3870 1650 peccare,

2299 1688 2353 1732 et
2400 1681 2632 1734 maxime
2675 1683 2716 1733 si
2749 1689 2874 1734 sunt
2920 1682 3077 1748 aliqui
3131 1675 3589 1734 immisericordes
3619 1682 3675 1727 et
3714 1671 3870 1723 avari.

2305 1770 2414 1825 Duo
2445 1773 2585 1826 enim
2616 1772 2850 1826 lucratur
2878 1774 2994 1827 talis
3022 1793 3032 1825 :
3060 1789 3218 1826 unum
3251 1772 3487 1842 quidem,
3525 1767 3648 1836 quia
3674 1766 3872 1819 animas

689 1861 815 1914 Car.
868 1860 983 1915 ΧΧ.
1013 1889 1083 1899 —
1107 1859 1310 1928 Arripit
1353 1860 1441 1914 ille
1466 1867 1679 1914 sanctus
1721 1869 1774 1914 et
1815 1859 1948 1927 hoc,
2000 1861 2193 1915 bonum
2229 1881 2273 1938 Β
2301 1865 2512 1919 illorum
2544 1875 2754 1929 servat;
2784 1865 3008 1917 alterum
3057 1873 3250 1925 autem,
3303 1860 3556 1929 quoniam
3589 1866 3642 1911 et
3674 1856 3784 1922 ipse
3809 1869 3870 1907 ex

619 1951 768 2016 dico,
815 1951 1062 2005 videlicet
1091 1951 1234 2019 quod
1278 1950 1458 2003 infimo
1508 1958 1679 2004 stratu
1728 1953 2092 2018 recumberet,
2141 1961 2194 2006 et

620 2044 812 2098 vilibus
839 2046 1180 2111 operimentis
1206 2044 1258 2098 in
1284 2044 1472 2098 cellula
1499 2059 1589 2099 sua
1621 2052 1874 2098 uteretur.
1899 2045 2048 2110 Quod
2074 2060 2193 2100 cum

620 2137 856 2190 audisset
883 2136 1098 2206 quidam
1129 2151 1492 2204 possessorum
1523 2136 1771 2201 civitatis,
1805 2138 2099 2192 ascendens
2127 2139 2195 2192 ad

618 2241 764 2290 eum,
795 2235 849 2282 et
875 2228 1060 2280 videns
1089 2227 1228 2297 quod
1255 2228 1522 2297 opertorio
1549 2227 1717 2282 scisso
1742 2239 1793 2282 et
1817 2229 1968 2283 laneo
1994 2241 2197 2297 tegere-

623 2328 726 2381 tur,
759 2319 1050 2373 transmisit
1079 2320 1127 2373 ei
1149 2319 1536 2388 coopertorium
1569 2320 1948 2374 numismatum
1981 2321 2195 2390 triginta

620 2429 735 2476 sex,
762 2427 955 2486 rogans
997 2413 1218 2466 multum
1251 2429 1371 2467 eum
1422 2422 1477 2466 ut
1507 2427 1570 2466 eo
1598 2413 1961 2481 cooperiretur
1987 2412 2053 2466 ad
2085 2427 2197 2467 nie-

621 2505 868 2571 moriam,
921 2503 1111 2572 inquit,
1147 2505 1424 2558 mittentis.
1454 2504 1546 2559 ille
1575 2519 1702 2559 vero
1734 2505 1832 2559 hoc
1872 2504 2191 2574 suscipiens,

619 2607 835 2664 propter
864 2597 1082 2650 multam
1117 2597 1213 2651 viri
1239 2597 1643 2666 postulationem
1675 2607 1957 2666 coopertus
1986 2607 2069 2654 est
2093 2599 2196 2654 hoc

619 2702 720 2741 uua
753 2696 928 2754 nocte,
961 2702 1057 2757 per
1087 2697 1251 2742 totam
1281 2703 1419 2758 pene
1447 2698 1654 2743 noctem
1685 2689 1896 2745 dicebat
1933 2691 1997 2744 ad
2022 2705 2197 2745 seme-

619 2781 849 2850 tipsum,
902 2789 959 2835 ut
995 2780 1292 2835 recitabant
1318 2781 1623 2835 cubicularii
1671 2781 1823 2850 ejus:
1851 2783 1977 2849 Quis
2019 2782 2192 2848 dicet,

617 2869 758 2940 quod
786 2869 1000 2925 humilis
1026 2870 1259 2924 Joannes
1291 2869 1545 2940 (habebat
1568 2869 1709 2924 enim
1734 2884 1944 2937 semper
1971 2872 2195 2926 verbum

617 2961 756 3014 istud
787 2961 839 3014 in
864 2963 982 3029 ore)
1014 2961 1172 3029 pallio
1201 2960 1410 3029 triginta
1434 2975 1528 3015 sex
1557 2961 1932 3015 numismatum
1964 2972 2191 3031 tegatur,

617 3061 672 3106 et
695 3052 886 3106 fratres
907 3049 1104 3108 Christi
1133 3053 1328 3122 frigore
1354 3052 1644 3107 necentur?
1676 3052 1871 3119 Quanti
1892 3064 2014 3108 sunt
2036 3055 2196 3109 modo

618 3144 706 3214 qui
737 3143 983 3200 dentibus
1020 3145 1246 3200 strident
1278 3159 1385 3213 prae
1412 3145 1614 3215 glacie?
1644 3145 1827 3212 quanti
1859 3155 1985 3199 sunt
2034 3145 2194 3200 modo

2301 1956 2399 2009 hoc
2428 1957 2722 2009 mercedem
2753 1970 2856 2007 non
2887 1954 3145 2007 modicam
3177 1951 3355 2006 habet.
3387 1947 3579 2003 Attulit
3609 1953 3786 2000 autem
3807 1945 3869 1998 ad

2298 2046 2663 2100 credulitatem
2692 2046 2837 2100 verbi
2861 2056 2914 2100 et
2940 2045 3298 2098 testimonium
3334 2057 3520 2105 verax,
3553 2040 3696 2108 quod
3733 2038 3867 2090 circa

2300 2147 2539 2193 sanctum
2571 2137 2922 2208 Epiphanium
2953 2146 3005 2191 et
3033 2136 3288 2190 Joannem
3319 2133 3434 2203 (60)
3455 2135 3767 2202 episcopum
3788 2129 3869 2183 Je-

2300 2231 2690 2301 rosolymorum
2742 2229 2936 2283 factum
2966 2237 3068 2291 est,
3099 2224 3367 2295 quomodo
3392 2235 3612 2278 sanctus
3652 2221 3866 2288 Epipha-

2299 2323 2417 2374 nius
2449 2337 2544 2388 per
2584 2330 2750 2374 artem
2797 2321 2912 2373 tulit
2941 2331 3217 2388 argentum
3254 2317 3595 2384 patriarchae,
3631 2314 3865 2367 videlicet

2297 2406 2518 2463 Joannis
2546 2409 2804 2477 ejusdem,
2828 2420 2880 2463 et
2907 2409 3056 2462 dedit
3076 2407 3371 2477 egentibus.

2369 2500 2478 2554 CAP
2516 2500 2654 2554 XXI.
2687 2530 2756 2540 ——
2789 2500 3012 2569 Dignum
3041 2507 3096 2555 et
3121 2515 3411 2568 congruum
3445 2497 3705 2567 praadicto
3735 2496 3863 2563 capi-

2299 2591 2407 2645 tulo
2430 2592 2695 2647 referebat
2721 2593 2884 2648 semel
2907 2607 3084 2646 coram
3114 2591 3360 2646 omnibus
3386 2592 3485 2646 iste
3515 2599 3765 2649 sanctus.
3792 2588 3860 2640 di-

2297 2698 2459 2740 cens:
2493 2683 2782 2749 Habebam,
2814 2684 3001 2753 inquit,
3033 2684 3315 2753 quemdam
3341 2684 3649 2737 ministrum
3675 2681 3726 2734 in
3749 2695 3863 2748 apo-

2300 2776 2449 2830 theca
2473 2790 2586 2831 mea
2605 2777 2656 2831 in
2685 2773 2884 2846 Cypro,
2911 2775 3120 2832 fidelem
3150 2775 3322 2842 valde,
3347 2783 3400 2830 et
3424 2773 3686 2844 virginem
3711 2785 3864 2839 usque

2297 2865 2362 2918 ad
2411 2866 2612 2921 obitum
2654 2881 2829 2922 suum.
2861 2867 2957 2923 Hic
3004 2882 3132 2939 ergo
3181 2867 3430 2924 narrabat
3481 2865 3613 2922 mihi
3656 2867 3776 2934 quia
3817 2865 3864 2919 in

2300 2956 2470 3010 Africa
2500 2957 2763 3014 existente
2807 2975 2894 3015 me
2923 2960 3062 3014 facta
3109 2971 3192 3016 est
3221 2974 3309 3016 res
3341 2958 3650 3028 huiusmodi
3686 2977 3698 3013 :
3749 2958 3865 3012 Per-

2300 3050 2576 3102 manebam
2607 3050 2770 3116 enim,
2800 3051 2893 3115 ait,
2927 3065 3046 3105 cum
3078 3052 3309 3120 quodam
3364 3051 3682 3114 leloneario,
3710 3049 3866 3103 divite

2300 3138 2644 3195 vehementer
2674 3152 2728 3195 et
2773 3143 3203 3198 immisericordi.
3253 3144 3428 3200 Semel
3470 3159 3599 3214 ergo
3631 3145 3864 3212 pauperi-

617 3208 705 3302 qui
730 3235 989 3302 psiathum
1015 3235 1130 3306 (55)
1155 3208 1616 3290 ὴθὺέηιεε-ευὺιυε
1638 3208 1937 3300 dimidium,
1960 3241 2015 3289 et
2035 3249 2194 3304 supra
2219 3208 2264 3269 (ἶ
2297 3229 2394 3283 bus
2425 3231 2476 3284 in
2506 3230 2680 3286 hieme
2709 3233 3015 3288 sedentibus
3042 3235 3106 3287 ad
3134 3234 3323 3300 solem,
3357 3249 3521 3304 seque
3534 3208 3866 3290 'calefacien-

617 3323 916 3390 dimidium,
947 3333 1000 3378 et
1031 3338 1134 3377 non
1168 3332 1391 3392 possunt
1419 3324 1705 3377 extendere
1739 3324 1902 3391 pedes
1929 3338 2076 3388 suos,
2101 3324 2195 3379 sed

616 3413 887 3466 dormiunt
915 3422 970 3467 ut
995 3415 1204 3482 glomus
1225 3423 1514 3469 trementes
1541 3412 1689 3483 (56)?
1717 3413 1910 3479 Quanti
1934 3413 1989 3467 in
2015 3422 2197 3470 monte

617 3505 952 3559 dormierunt
982 3506 1253 3568 incoenati,
1299 3515 1351 3559 et
1382 3505 1500 3560 sine
1530 3506 1769 3570 lucerna,
1805 3505 2060 3560 habentes
2099 3506 2198 3559 du-

621 3593 809 3661 plicem
860 3595 1153 3647 cruciatum
1203 3602 1306 3646 tam
1339 3608 1402 3646 ex
1435 3594 1631 3663 frigore
1659 3609 1815 3664 quam
1864 3610 1929 3648 ex
1959 3594 2196 3664 jejunio?

618 3681 814 3747 Quanti
842 3682 1143 3735 desiderant
1163 3685 1388 3735 saturari
1417 3681 1482 3736 de
1505 3682 1647 3736 foliis
1670 3684 1895 3745 olerum,
1928 3697 2045 3750 quin
2070 3698 2197 3750 pro-

617 3773 875 3843 jiciuntur
922 3773 989 3829 de
1034 3777 1256 3844 coquina
1308 3776 1461 3829 mea?
1508 3775 1697 3841 Quanti
1747 3774 1947 3829 vellent
1993 3777 2196 3845 tingere

614 3879 802 3933 panem
860 3880 1015 3918 suum
1058 3867 1110 3918 in
1143 3875 1346 3919 zemate
1383 3863 1496 3933 (57)
1528 3864 1669 3931 quod
1717 3864 2001 3932 projiciunt
2038 3867 2193 3934 coqui

615 3957 754 4009 mei?
788 3956 980 4020 Quanti
1010 3957 1229 4022 cupiunt
1276 3955 1360 4008 vel
1406 3953 1631 4008 odorare
1656 3955 1857 4020 vinum,
1888 3957 2026 4024 quod
2071 3955 2192 4009 fun-

615 4047 756 4100 ditur
788 4048 840 4100 in
871 4046 1086 4100 cellario
1116 4047 1269 4100 meo?
1299 4047 1492 4112 Quanti
1522 4056 1643 4100 sunt
1684 4045 1736 4101 in
1767 4047 1979 4102 civitate
2011 4048 2109 4103 ista
2138 4049 2191 4102 in

615 4133 714 4188 hac
743 4133 869 4187 liora
899 4136 1186 4204 peregrini,
1218 4152 1321 4190 non
1355 4137 1610 4192 habentes
1638 4137 1725 4192 ubi
1759 4138 2114 4205 hospitentur.
2139 4149 2190 4193 et

615 4223 668 4276 in
699 4223 811 4277 foro
837 4225 1039 4293 jacent,
1071 4225 1297 4280 fortasse
1337 4236 1390 4281 et
1423 4227 1595 4295 pluvia
1626 4226 1942 4282 madefacti?
1973 4231 2186 4297 Quanti,

613 4324 793 4382 putas,
825 4315 1021 4369 habent
1073 4325 1238 4369 totum
1271 4331 1537 4383 mensem,
1572 4318 1653 4371 vel
1685 4319 1841 4372 etiam
1882 4320 2034 4385 duos,
2084 4336 2189 4375 nnn

612 4414 889 4474 gustantes
935 4407 1133 4461 oleum.
1166 4409 1358 4474 Quanti
1391 4417 1513 4461 sunt
1539 4409 1626 4476 qui
1657 4424 1762 4462 non
1806 4411 2002 4464 habent
2054 4411 2187 4465 alte-

611 4508 726 4547 rum
757 4495 1130 4549 vestimentum
1163 4498 1215 4550 in
1247 4507 1452 4563 mstate,
1485 4505 1539 4551 et
1564 4497 1788 4552 alterum
1828 4499 1879 4552 in
1912 4500 2107 4564 hieme,
2136 4511 2188 4555 et

2301 3321 2459 3389 tibus,
2494 3335 2767 3392 cceperunt
2793 3324 2984 3395 singuli
3006 3325 3194 3378 domos
3215 3326 3739 3395 eleemosynatorum
3763 3324 3862 3377 col-

2297 3414 2534 3481 laudare,
2567 3425 2617 3469 et
2647 3431 2740 3484 pro
2769 3418 2846 3471 eis
2869 3432 3024 3471 orare
3054 3432 3149 3485 per
3177 3417 3412 3485 singulos
3441 3431 3656 3480 eorum,
3690 3415 3863 3469 simili-

2299 3515 2378 3560 ter
2399 3516 2452 3561 et
2471 3508 2656 3562 domos
2670 3510 3059 3578 eleemosynam
3091 3525 3192 3564 non
3216 3508 3522 3565 facientium
3545 3510 3863 3577 vituperare.

2297 3596 2440 3650 Inter
2468 3613 2583 3666 quae
2611 3600 2755 3652 venit
2785 3599 2838 3652 in
2868 3599 3101 3653 medium
3126 3616 3309 3654 eorum
3341 3611 3392 3656 et
3423 3617 3625 3656 nomen
3648 3603 3863 3656 senioris

2297 3687 2401 3740 mei
2456 3689 2773 3754 telonearii,
2831 3699 2886 3743 et
2952 3701 3231 3758 coeperunt
3290 3692 3482 3759 singuli
3547 3696 3864 3759 interrogare

2297 3782 2596 3850 proximum
2626 3799 2639 3835 :
2675 3782 2812 3837 Vere
2863 3791 2936 3847 tu,
2973 3783 3160 3847 frater,
3191 3784 3442 3852 accepisti
3475 3783 3766 3852 aliquando
3805 3783 3864 3837 de

2295 3872 2456 3926 domo
2486 3871 2574 3925 illa
2619 3873 3075 3929 benedictionem?
3109 3875 3172 3928 Et
3198 3876 3444 3930 omnibus
3497 3876 3860 3943 interroganti-

2297 3961 2392 4015 bus
2424 3961 2673 4028 invicem,
2704 3963 2879 4018 nullus
2911 3964 3156 4018 inventus
3177 3974 3258 4019 est
3285 3967 3559 4034 accepisse
3586 3965 3863 4034 aliquando

2293 4053 2362 4107 de
2390 4053 2548 4107 domo
2582 4055 2695 4122 ejus
2722 4056 2944 4124 aliquid.
2978 4057 3113 4111 Dicit
3154 4072 3280 4126 ergo
3310 4073 3444 4112 unus
3474 4073 3544 4112 ex
3572 4060 3649 4113 eis
3690 4077 3702 4110 :
3735 4058 3860 4123 Quid

2294 4145 2486 4198 dabitis
2515 4146 2664 4209 mihi,
2697 4155 2748 4200 et
2797 4161 2898 4216 ego
2952 4146 3207 4215 accipiam
3236 4148 3393 4202 hodie
3447 4163 3514 4202 ex
3545 4163 3612 4202 eo
3653 4148 3860 4203 benedi-

2292 4241 2557 4295 ctionem?
2598 4241 2665 4295 Et
2715 4241 3029 4296 facientibus
3074 4256 3196 4296 cum
3249 4256 3313 4296 eo
3357 4253 3594 4310 pactum,
3646 4244 3786 4298 venit
3811 4252 3860 4298 et

2292 4340 2395 4385 stat
2422 4331 2551 4387 foris
2581 4343 2784 4401 portam
2829 4333 3038 4397 domus,
3072 4345 3386 4404 exspectans
3415 4335 3632 4402 quando
3659 4337 3724 4388 ad
3774 4336 3857 4389 do-

2291 4440 2432 4478 mum
2464 4439 2612 4478 suam
2641 4433 3019 4478 reverteretur.
3068 4426 3140 4479 Ex
3188 4426 3587 4494 dispensatione
3613 4425 3706 4479 Dei
3747 4441 3858 4494 per-

2295 4527 2554 4572 venerunt
2582 4517 2761 4584 simul,
2795 4517 2909 4588 ipse
2953 4519 3252 4586 ingrediens
3299 4528 3528 4586 portam,
3579 4529 3634 4572 et
3675 4520 3859 4575 animal
3932 4547 3940 4556 -

611 4587 681 4640 ita
715 4587 940 4641 miseriis
989 4589 1329 4657 afﬂiguntur?
1359 4589 1435 4642 Tu
1483 4605 1605 4644 vero
1653 4599 1978 4659 exspectans
2027 4593 2186 4646 etiam

2297 4621 2507 4678 portans
2534 4578 2771 4680 siligines
2813 4578 2843 4666 ξι
2875 4578 3137 4680 mancipio
3169 4578 3309 4680 (6i),
3339 4578 3524 4666 causai
3545 4613 3754 4680 prandii
3785 4613 3859 4679 ip-

609 4686 860 4732 mteruam
887 4678 1274 4746 juctmditatem
1326 4680 1557 4749 assequi,
1591 4690 1644 4735 et
1699 4681 1871 4734 vinum
1904 4683 2043 4738 bibis
2073 4725 2088 4749 ,
2137 4693 2191 4738 et

609 4769 781 4836 pisces
813 4770 1071 4823 immanes
1116 4771 1360 4836 devoras,
1393 4781 1446 4825 et
1476 4771 1527 4825 in
1571 4773 1830 4827 cubiculis
1863 4773 2188 4842 demoraris,

612 4859 770 4911 modo
799 4869 975 4914 autem
1007 4875 1124 4915 cum
1180 4863 1426 4916 omnibus
1467 4864 1621 4918 malis
1678 4876 1731 4919 et
1761 4867 1812 4919 in
1861 4870 2193 4935 coopertorio

613 4948 829 5017 triginta
854 4965 949 5004 sex
979 4952 1358 5006 numismatum
1394 4962 1443 5007 te
1490 4953 1770 5009 calefacis?
1802 4956 2073 5012 Veraciter
2120 4960 2190 5014 ita

613 5040 802 5096 vivens
824 5053 878 5097 et
903 5043 957 5097 in
986 5044 1076 5097 tali
1107 5044 1372 5099 laxationc
1399 5061 1745 5111 conversaris,
1775 5064 1878 5103 non
1907 5061 2187 5119 exspecta-

616 5132 697 5187 bis
725 5133 834 5188 illic
884 5137 1190 5203 praeparatis
1220 5137 1425 5205 gaudiis
1483 5137 1614 5204 frui,
1646 5139 1738 5192 sed
1769 5140 1953 5194 audies
2009 5141 2188 5211 utique

611 5226 751 5291 quod
805 5236 858 5280 et
913 5227 1063 5280 dives
1113 5227 1205 5281 ille
1252 5230 1452 5282 audivit
1485 5229 1659 5299 (Lucra
1714 5237 1825 5300 xw)
1872 5248 1884 5284 :
1923 5233 2187 5303 Recepisti

619 5309 760 5363 lmna
861 5310 916 5366 in
989 5315 1098 5370 vita
1171 5325 1309 5390 tua,
1387 5333 1643 5387 paupercs
1674 5336 1800 5376 vero
1828 5324 1995 5388 mala;
2047 5340 2188 5379 nunc

611 5411 736 5463 ergo
761 5398 1128 5467 consolantur,
1159 5412 1212 5456 tu
1237 5420 1362 5458 Vero
1383 5410 1654 5464 cruciaris.
1680 5412 1995 5467 Benedictus
2023 5413 2186 5483 Deus,

612 5483 831 5540 humilis
858 5489 1091 5544 Joannes
1131 5493 1231 5545 alia
1262 5504 1415 5548 nocte
1446 5512 1548 5550 non
1578 5511 1914 5566 cooperietur
1943 5502 2053 5554 illo.
2095 5503 2187 5556 Ju-

608 5586 750 5631 stum
779 5590 858 5632 est
892 5581 1032 5635 enim
1054 5625 1067 5649 ,
1115 5594 1166 5638 ct
1195 5584 1330 5640 bene
1377 5600 1648 5657 acceptum
1680 5591 1810 5656 Deo,
1841 5602 1894 5646 ut
1945 5603 2186 5663 tegantur

607 5679 822 5725 centum
853 5675 1030 5741 potius
1059 5679 1400 5748 quadraginta
1423 5690 1651 5748 quatuor
1678 5683 1870 5739 fratres
1901 5695 1954 5741 ct
1979 5687 2180 5743 domini

609 5761 694 5824 tul=
742 5779 899 5833 quam
931 5775 983 5823 tu
1033 5769 1236 5825 infelix.
1287 5770 1734 5833 Venundabantur
1764 5779 1905 5834 enim
1957 5791 2184 5850 quatuor

2296 4702 2425 4753 sius.
2457 4699 2652 4754 Videris
2679 4701 2836 4770 igitur
2863 4717 3120 4772 egenum,
3168 4720 3272 4756 non
3303 4702 3584 4757 inveniens
3615 4703 3854 4770 lapidem,

2296 4805 2390 4856 per
2421 4793 2648 4844 furorem
2695 4791 2880 4860 arripit
2905 4793 3165 4862 siliginem
3207 4793 3273 4846 de
3303 4793 3523 4857 clitella,
3570 4801 3627 4846 et
3649 4792 3857 4860 jactavit

2293 4880 2345 4933 in
2372 4882 2560 4936 faciem
2590 4882 2724 4950 ejus.
2757 4883 2849 4938 ille
2877 4900 3002 4938 vero
3031 4887 3263 4954 suscepit
3289 4900 3427 4950 eam,
3461 4895 3515 4938 et
3539 4885 3671 4937 abiit
3699 4892 3753 4936 ut
3781 4899 3833 4936 sa

2295 4973 2565 5029 tisfaceret
2588 4974 2948 5032 confratribus
2972 4979 3105 5044 suis,
3135 4977 3272 5047 quod
3298 4993 3361 5032 ex
3391 4978 3594 5032 eisdem
3621 4978 3854 5031 manibus

2292 5066 2588 5134 accepisset
2616 5082 2758 5122 eam.
2811 5069 2992 5138 Itaque
3023 5080 3138 5138 post
3167 5071 3302 5126 duos
3345 5071 3457 5124 dies
3479 5072 3756 5140 aegrotavit
3782 5071 3855 5125 in-

2295 5158 2543 5212 firmitate
2561 5159 2625 5213 ad
2645 5171 2867 5215 mortem
2885 5162 3022 5218 idem
3052 5163 3390 5230 lelonearius,
3410 5165 3617 5219 etvidit
3644 5165 3694 5218 in
3723 5179 3853 5218 som-

2293 5245 2376 5299 nis
2423 5248 2655 5316 seipsum
2707 5249 2966 5306 rationem
3013 5265 3329 5321 ponentem,
3379 5263 3434 5308 et
3473 5268 3667 5308 omnes
3712 5263 3850 5306 actus

2290 5352 2415 5391 suos
2459 5354 2617 5407 super
2663 5350 2915 5396 stateram
2963 5345 3264 5411 appendere
3311 5362 3323 5396 :
3379 5344 3433 5398 in
3483 5358 3589 5396 una
3646 5346 3849 5412 quidem

2291 5428 2404 5482 acie
2439 5429 2551 5498 (62)
2598 5435 3054 5501 congregabantur
3103 5435 3262 5488 Mauri
3293 5434 3504 5504 quidam
3551 5433 3846 5488 deformes.

2291 5517 2454 5570 altera
2484 5529 2660 5573 autem
2705 5522 2847 5574 acies
2878 5523 3098 5575 aliorum
3129 5524 3476 5592 quorumdam
3508 5531 3627 5576 erat
3672 5521 3846 5575 candi-

2291 5604 2533 5659 datorum
2565 5616 2619 5660 et
2643 5608 2958 5662 terribilium
3003 5611 3199 5678 Specie.
3233 5610 3332 5675 Qui
3364 5609 3493 5663 nihil
3525 5610 3848 5662 invenientes

2291 5695 2411 5748 boni
2435 5736 2448 5760 ,
2473 5706 2527 5749 ut
2556 5706 2610 5750 et
2637 5697 2731 5764 ipsi
2764 5698 3126 5766 appenderent
3151 5710 3368 5755 econtra
3400 5699 3682 5754 adversum
3719 5695 3845 5751 mala

2290 5803 2448 5856 opera
2487 5804 2602 5857 quac
2630 5789 2850 5846 collecta
2883 5802 3033 5847 erant
3071 5808 3098 5847 a
3130 5794 3319 5849 Mauris
3366 5795 3416 5849 in
3451 5792 3564 5847 acie
3597 5791 3844 5862 ipsorum,
