  <div class='ocr_page' id='page_1' title='image "/cluster/home/n/w/nwhite01/storage/ocr_20150623/93/hvd.32044019208040/824.png"; bbox 0 0 4058 6436; ppageno 0'>
   <div class='ocr_carea' id='block_1_1' title="bbox 157 423 308 478">
    <p class='ocr_par' dir='ltr' id='par_1_1' title="bbox 157 423 308 478">
     <span class='ocr_line' id='line_1_1' title="bbox 157 423 308 478; baseline 0 0"><span class='ocrx_word' id='word_1_1' title='bbox 157 425 187 478; x_wconf 71' lang='lat' dir='ltr'><strong>l</strong></span> <span class='ocrx_word' id='word_1_2' title='bbox 201 423 308 478; x_wconf 78' lang='grc'><strong>6³5⁸5</strong></span> 
     </span>
    </p>
   </div>
   <div class='ocr_carea' id='block_1_2' title="bbox 1087 378 2456 450">
    <p class='ocr_par' dir='ltr' id='par_1_2' title="bbox 1087 378 2456 450">
     <span class='ocr_line' id='line_1_2' title="bbox 1087 378 2456 450; baseline -0.007 0"><span class='ocrx_word' id='word_1_3' title='bbox 1087 393 1250 450; x_wconf 73' lang='lat' dir='ltr'><strong>\‘ITA</strong></span> <span class='ocrx_word' id='word_1_4' title='bbox 1279 378 1530 448; x_wconf 67' lang='lat' dir='ltr'><strong>&#39;saucrt</strong></span> <span class='ocrx_word' id='word_1_5' title='bbox 1571 385 1850 443; x_wconf 75' lang='lat' dir='ltr'><strong>JOANNIS</strong></span> <span class='ocrx_word' id='word_1_6' title='bbox 1889 383 2456 440; x_wconf 69' lang='lat' dir='ltr'><strong>ELEEMOSYNARII.</strong></span> 
     </span>
    </p>
   </div>
   <div class='ocr_carea' id='block_1_3' title="bbox 3279 389 3415 447">
    <p class='ocr_par' dir='ltr' id='par_1_3' title="bbox 3279 389 3415 447">
     <span class='ocr_line' id='line_1_3' title="bbox 3279 389 3415 447; baseline 0.015 -2"><span class='ocrx_word' id='word_1_7' title='bbox 3279 389 3415 447; x_wconf 67' lang='grc'><strong>1654</strong></span> 
     </span>
    </p>
   </div>
   <div class='ocr_carea' id='block_1_4' title="bbox 169 494 3404 582">
    <p class='ocr_par' dir='ltr' id='par_1_4' title="bbox 169 494 3404 582">
     <span class='ocr_line' id='line_1_4' title="bbox 169 494 3404 582; baseline -0.01 0"><span class='ocrx_word' id='word_1_8' title='bbox 169 527 334 582; x_wconf 82' lang='lat' dir='ltr'><strong>nimis</strong></span> <span class='ocrx_word' id='word_1_9' title='bbox 371 518 755 577; x_wconf 88' lang='lat' dir='ltr'><strong>tribulabantur</strong></span> <span class='ocrx_word' id='word_1_10' title='bbox 800 521 855 568; x_wconf 86' lang='lat' dir='ltr'><strong>et</strong></span> <span class='ocrx_word' id='word_1_11' title='bbox 883 510 1246 573; x_wconf 87' lang='lat' dir='ltr'><strong>tristabantur,</strong></span> <span class='ocrx_word' id='word_1_12' title='bbox 1280 517 1334 563; x_wconf 94' lang='lat' dir='ltr'><strong>et</strong></span> <span class='ocrx_word' id='word_1_13' title='bbox 1377 513 1561 561; x_wconf 89' lang='lat' dir='ltr'><strong>mente</strong></span> <span class='ocrx_word' id='word_1_14' title='bbox 1608 517 1734 555; x_wconf 86' lang='lat' dir='ltr'><strong>con-</strong></span> <span class='ocrx_word' id='word_1_15' title='bbox 1769 497 1815 556; x_wconf 84' lang='lat' dir='ltr'><strong>A</strong></span> <span class='ocrx_word' id='word_1_16' title='bbox 1844 496 2160 562; x_wconf 87' lang='lat' dir='ltr'><strong>gentarium,</strong></span> <span class='ocrx_word' id='word_1_17' title='bbox 2187 495 2480 562; x_wconf 85' lang='lat' dir='ltr'><strong>quidamna</strong></span> <span class='ocrx_word' id='word_1_18' title='bbox 2507 494 2782 548; x_wconf 89' lang='lat' dir='ltr'><strong>inciderat.</strong></span> <span class='ocrx_word' id='word_1_19' title='bbox 2816 494 2894 548; x_wconf 83' lang='lat' dir='ltr'><strong>Ad</strong></span> <span class='ocrx_word' id='word_1_20' title='bbox 2928 495 3249 552; x_wconf 90' lang='lat' dir='ltr'><strong>locutionem</strong></span> <span class='ocrx_word' id='word_1_21' title='bbox 3276 514 3404 553; x_wconf 86' lang='lat' dir='ltr'><strong>vero</strong></span> 
     </span>
    </p>
   </div>
   <div class='ocr_carea' id='block_1_5' title="bbox 173 595 1746 677">
    <p class='ocr_par' dir='ltr' id='par_1_5' title="bbox 173 595 1746 677">
     <span class='ocr_line' id='line_1_5' title="bbox 173 595 1746 677; baseline -0.018 -4"><span class='ocrx_word' id='word_1_22' title='bbox 173 615 555 677; x_wconf 73' lang='lat' dir='ltr'><strong>sternebantur</strong></span> <span class='ocrx_word' id='word_1_23' title='bbox 603 608 668 662; x_wconf 90' lang='lat' dir='ltr'><strong>ad</strong></span> <span class='ocrx_word' id='word_1_24' title='bbox 710 606 1047 670; x_wconf 90' lang='lat' dir='ltr'><strong>alterutrum,</strong></span> <span class='ocrx_word' id='word_1_25' title='bbox 1077 610 1128 654; x_wconf 90' lang='lat' dir='ltr'><strong>et</strong></span> <span class='ocrx_word' id='word_1_26' title='bbox 1171 600 1417 654; x_wconf 86' lang='lat' dir='ltr'><strong>dicebant</strong></span> <span class='ocrx_word' id='word_1_27' title='bbox 1459 595 1641 662; x_wconf 87' lang='lat' dir='ltr'><strong>:Ergo</strong></span> <span class='ocrx_word' id='word_1_28' title='bbox 1678 607 1746 644; x_wconf 93' lang='lat' dir='ltr'><strong>ne</strong></span> 
     </span>
    </p>
   </div>
   <div class='ocr_carea' id='block_1_6' title="bbox 177 687 1749 761">
    <p class='ocr_par' dir='ltr' id='par_1_6' title="bbox 177 687 1749 761">
     <span class='ocr_line' id='line_1_6' title="bbox 177 687 1749 761; baseline -0.014 0"><span class='ocrx_word' id='word_1_29' title='bbox 177 703 319 761; x_wconf 83' lang='lat' dir='ltr'><strong>nihil</strong></span> <span class='ocrx_word' id='word_1_30' title='bbox 361 703 617 757; x_wconf 84' lang='lat' dir='ltr'><strong>habemus</strong></span> <span class='ocrx_word' id='word_1_31' title='bbox 660 700 782 754; x_wconf 87' lang='lat' dir='ltr'><strong>hic?</strong></span> <span class='ocrx_word' id='word_1_32' title='bbox 820 697 970 752; x_wconf 87' lang='lat' dir='ltr'><strong>Tunc</strong></span> <span class='ocrx_word' id='word_1_33' title='bbox 1014 695 1143 750; x_wconf 92' lang='lat' dir='ltr'><strong>dicit</strong></span> <span class='ocrx_word' id='word_1_34' title='bbox 1171 709 1307 747; x_wconf 90' lang='lat' dir='ltr'><strong>unus</strong></span> <span class='ocrx_word' id='word_1_35' title='bbox 1355 706 1536 746; x_wconf 90' lang='lat' dir='ltr'><strong>eorum</strong></span> <span class='ocrx_word' id='word_1_36' title='bbox 1568 706 1581 742; x_wconf 89' lang='lat'><strong>:</strong></span> <span class='ocrx_word' id='word_1_37' title='bbox 1611 687 1749 740; x_wconf 87' lang='lat' dir='ltr'><strong>Vere</strong></span> 
     </span>
    </p>
   </div>
   <div class='ocr_carea' id='block_1_7' title="bbox 179 779 1752 857">
    <p class='ocr_par' dir='ltr' id='par_1_7' title="bbox 179 779 1752 857">
     <span class='ocr_line' id='line_1_7' title="bbox 179 779 1752 857; baseline -0.014 -6"><span class='ocrx_word' id='word_1_38' title='bbox 179 796 311 852; x_wconf 83' lang='lat' dir='ltr'><strong>nihil</strong></span> <span class='ocrx_word' id='word_1_39' title='bbox 363 793 652 857; x_wconf 86' lang='lat' dir='ltr'><strong>habemus,</strong></span> <span class='ocrx_word' id='word_1_40' title='bbox 707 788 808 842; x_wconf 88' lang='lat' dir='ltr'><strong>nisi</strong></span> <span class='ocrx_word' id='word_1_41' title='bbox 855 801 1010 840; x_wconf 91' lang='lat' dir='ltr'><strong>unam</strong></span> <span class='ocrx_word' id='word_1_42' title='bbox 1063 785 1346 854; x_wconf 81' lang='lat' dir='ltr'><strong>siliginem,</strong></span> <span class='ocrx_word' id='word_1_43' title='bbox 1389 795 1546 849; x_wconf 91' lang='lat' dir='ltr'><strong>quam</strong></span> <span class='ocrx_word' id='word_1_44' title='bbox 1601 779 1752 833; x_wconf 83' lang='lat' dir='ltr'><strong>dedit</strong></span> 
     </span>
    </p>
   </div>
   <div class='ocr_carea' id='block_1_8' title="bbox 178 867 1752 944">
    <p class='ocr_par' dir='ltr' id='par_1_8' title="bbox 178 867 1752 944">
     <span class='ocr_line' id='line_1_8' title="bbox 178 867 1752 944; baseline -0.013 -3"><span class='ocrx_word' id='word_1_45' title='bbox 178 896 309 941; x_wconf 86' lang='lat' dir='ltr'><strong>ante</strong></span> <span class='ocrx_word' id='word_1_46' title='bbox 337 884 471 938; x_wconf 93' lang='lat' dir='ltr'><strong>duos</strong></span> <span class='ocrx_word' id='word_1_47' title='bbox 498 883 612 936; x_wconf 88' lang='lat' dir='ltr'><strong>dies</strong></span> <span class='ocrx_word' id='word_1_48' title='bbox 641 879 872 944; x_wconf 77' lang='lat' dir='ltr'><strong>Christo,</strong></span> <span class='ocrx_word' id='word_1_49' title='bbox 907 888 958 930; x_wconf 93' lang='lat' dir='ltr'><strong>et</strong></span> <span class='ocrx_word' id='word_1_50' title='bbox 984 877 1149 944; x_wconf 89' lang='lat' dir='ltr'><strong>ipsam</strong></span> <span class='ocrx_word' id='word_1_51' title='bbox 1177 890 1279 927; x_wconf 92' lang='lat' dir='ltr'><strong>non</strong></span> <span class='ocrx_word' id='word_1_52' title='bbox 1309 871 1630 926; x_wconf 83' lang='lat' dir='ltr'><strong>voluntarie.</strong></span> <span class='ocrx_word' id='word_1_53' title='bbox 1687 867 1752 920; x_wconf 83' lang='lat' dir='ltr'><strong>Et</strong></span> 
     </span>
    </p>
   </div>
   <div class='ocr_carea' id='block_1_9' title="bbox 178 960 1752 1038">
    <p class='ocr_par' dir='ltr' id='par_1_9' title="bbox 178 960 1752 1038">
     <span class='ocr_line' id='line_1_9' title="bbox 178 960 1752 1038; baseline -0.013 -6"><span class='ocrx_word' id='word_1_54' title='bbox 178 976 508 1032; x_wconf 84' lang='lat' dir='ltr'><strong>mittentibus</strong></span> <span class='ocrx_word' id='word_1_55' title='bbox 538 973 613 1027; x_wconf 91' lang='lat' dir='ltr'><strong>eis</strong></span> <span class='ocrx_word' id='word_1_56' title='bbox 660 971 948 1038; x_wconf 82' lang='lat' dir='ltr'><strong>siliginem,</strong></span> <span class='ocrx_word' id='word_1_57' title='bbox 982 967 1256 1035; x_wconf 59' lang='lat' dir='ltr'><strong>atqualitas</strong></span> <span class='ocrx_word' id='word_1_58' title='bbox 1284 965 1420 1018; x_wconf 79' lang='lat' dir='ltr'><strong>facta</strong></span> <span class='ocrx_word' id='word_1_59' title='bbox 1447 970 1547 1015; x_wconf 91' lang='lat' dir='ltr'><strong>est.</strong></span> <span class='ocrx_word' id='word_1_60' title='bbox 1600 960 1752 1012; x_wconf 88' lang='lat' dir='ltr'><strong>Tune</strong></span> 
     </span>
    </p>
   </div>
   <div class='ocr_carea' id='block_1_10' title="bbox 180 1048 1750 1127">
    <p class='ocr_par' dir='ltr' id='par_1_10' title="bbox 180 1048 1750 1127">
     <span class='ocr_line' id='line_1_10' title="bbox 180 1048 1750 1127; baseline -0.013 -7"><span class='ocrx_word' id='word_1_61' title='bbox 180 1066 364 1120; x_wconf 86' lang='lat' dir='ltr'><strong>dicunt</strong></span> <span class='ocrx_word' id='word_1_62' title='bbox 407 1061 700 1117; x_wconf 89' lang='lat' dir='ltr'><strong>teloneario</strong></span> <span class='ocrx_word' id='word_1_63' title='bbox 750 1060 804 1113; x_wconf 89' lang='lat' dir='ltr'><strong>hi</strong></span> <span class='ocrx_word' id='word_1_64' title='bbox 847 1058 935 1127; x_wconf 90' lang='lat' dir='ltr'><strong>qui</strong></span> <span class='ocrx_word' id='word_1_65' title='bbox 973 1063 1328 1124; x_wconf 72' lang='lat' dir='ltr'><strong>apparuerant</strong></span> <span class='ocrx_word' id='word_1_66' title='bbox 1358 1053 1403 1104; x_wconf 89' lang='lat' dir='ltr'><strong>ei</strong></span> <span class='ocrx_word' id='word_1_67' title='bbox 1438 1048 1700 1102; x_wconf 81' lang='lat' dir='ltr'><strong>candidati</strong></span> <span class='ocrx_word' id='word_1_68' title='bbox 1736 1063 1750 1099; x_wconf 91' lang='lat'><strong>:</strong></span> 
     </span>
    </p>
   </div>
   <div class='ocr_carea' id='block_1_11' title="bbox 183 1135 1756 1222">
    <p class='ocr_par' dir='ltr' id='par_1_11' title="bbox 183 1135 1756 1222">
     <span class='ocr_line' id='line_1_11' title="bbox 183 1135 1756 1222; baseline -0.013 -15"><span class='ocrx_word' id='word_1_69' title='bbox 183 1156 353 1220; x_wconf 82' lang='lat' dir='ltr'><strong>Vade,</strong></span> <span class='ocrx_word' id='word_1_70' title='bbox 383 1162 438 1209; x_wconf 92' lang='lat' dir='ltr'><strong>et</strong></span> <span class='ocrx_word' id='word_1_71' title='bbox 464 1167 597 1222; x_wconf 82' lang='lat' dir='ltr'><strong>auge</strong></span> <span class='ocrx_word' id='word_1_72' title='bbox 622 1150 686 1204; x_wconf 89' lang='lat' dir='ltr'><strong>ad</strong></span> <span class='ocrx_word' id='word_1_73' title='bbox 740 1149 1003 1216; x_wconf 76' lang='lat' dir='ltr'><strong>siliginem</strong></span> <span class='ocrx_word' id='word_1_74' title='bbox 1050 1145 1212 1208; x_wconf 91' lang='lat' dir='ltr'><strong>hanc,</strong></span> <span class='ocrx_word' id='word_1_75' title='bbox 1257 1156 1375 1195; x_wconf 93' lang='lat' dir='ltr'><strong>nam</strong></span> <span class='ocrx_word' id='word_1_76' title='bbox 1422 1154 1546 1192; x_wconf 84' lang='lat' dir='ltr'><strong>vere</strong></span> <span class='ocrx_word' id='word_1_77' title='bbox 1585 1135 1756 1190; x_wconf 82' lang='lat' dir='ltr'><strong>Mauri</strong></span> 
     </span>
    </p>
   </div>
   <div class='ocr_carea' id='block_1_12' title="bbox 186 1230 1754 1314">
    <p class='ocr_par' dir='ltr' id='par_1_12' title="bbox 186 1230 1754 1314">
     <span class='ocr_line' id='line_1_12' title="bbox 186 1230 1754 1314; baseline -0.013 -13"><span class='ocrx_word' id='word_1_78' title='bbox 186 1249 278 1301; x_wconf 83' lang='lat' dir='ltr'><strong>iSti</strong></span> <span class='ocrx_word' id='word_1_79' title='bbox 303 1257 353 1300; x_wconf 92' lang='lat' dir='ltr'><strong>te</strong></span> <span class='ocrx_word' id='word_1_80' title='bbox 388 1244 802 1314; x_wconf 89' lang='lat' dir='ltr'><strong>apprehendent.</strong></span> <span class='ocrx_word' id='word_1_81' title='bbox 835 1239 1050 1307; x_wconf 88' lang='lat' dir='ltr'><strong>Ejulans</strong></span> <span class='ocrx_word' id='word_1_82' title='bbox 1071 1251 1219 1304; x_wconf 80' lang='lat' dir='ltr'><strong>ergo,</strong></span> <span class='ocrx_word' id='word_1_83' title='bbox 1244 1231 1458 1302; x_wconf 80' lang='lat' dir='ltr'><strong>agnovit</strong></span> <span class='ocrx_word' id='word_1_84' title='bbox 1484 1245 1604 1299; x_wconf 69' lang='lat' dir='ltr'><strong>qua:</strong></span> <span class='ocrx_word' id='word_1_85' title='bbox 1647 1230 1754 1281; x_wconf 93' lang='lat' dir='ltr'><strong>visa</strong></span> 
     </span>
    </p>
   </div>
   <div class='ocr_carea' id='block_1_13' title="bbox 184 1320 1757 1394">
    <p class='ocr_par' dir='ltr' id='par_1_13' title="bbox 184 1320 1757 1394">
     <span class='ocr_line' id='line_1_13' title="bbox 184 1320 1757 1394; baseline -0.013 -2"><span class='ocrx_word' id='word_1_86' title='bbox 184 1348 312 1394; x_wconf 79' lang='lat' dir='ltr'><strong>sunt</strong></span> <span class='ocrx_word' id='word_1_87' title='bbox 342 1337 408 1390; x_wconf 90' lang='lat' dir='ltr'><strong>ab</strong></span> <span class='ocrx_word' id='word_1_88' title='bbox 440 1350 507 1390; x_wconf 92' lang='lat' dir='ltr'><strong>eo</strong></span> <span class='ocrx_word' id='word_1_89' title='bbox 539 1349 648 1387; x_wconf 90' lang='lat' dir='ltr'><strong>non</strong></span> <span class='ocrx_word' id='word_1_90' title='bbox 693 1346 811 1385; x_wconf 85' lang='lat' dir='ltr'><strong>esse</strong></span> <span class='ocrx_word' id='word_1_91' title='bbox 843 1327 1133 1390; x_wconf 87' lang='lat' dir='ltr'><strong>mendacia,</strong></span> <span class='ocrx_word' id='word_1_92' title='bbox 1167 1325 1259 1379; x_wconf 82' lang='lat' dir='ltr'><strong>sed</strong></span> <span class='ocrx_word' id='word_1_93' title='bbox 1291 1323 1519 1377; x_wconf 87' lang='lat' dir='ltr'><strong>veracia.</strong></span> <span class='ocrx_word' id='word_1_94' title='bbox 1570 1320 1757 1375; x_wconf 86' lang='lat' dir='ltr'><strong>Omnia</strong></span> 
     </span>
    </p>
   </div>
   <div class='ocr_carea' id='block_1_14' title="bbox 194 1418 1758 1497">
    <p class='ocr_par' dir='ltr' id='par_1_14' title="bbox 194 1418 1758 1497">
     <span class='ocr_line' id='line_1_14' title="bbox 194 1418 1758 1497; baseline -0.012 -16"><span class='ocrx_word' id='word_1_95' title='bbox 194 1444 322 1484; x_wconf 89' lang='lat' dir='ltr'><strong>vero</strong></span> <span class='ocrx_word' id='word_1_96' title='bbox 352 1442 470 1497; x_wconf 70' lang='lat' dir='ltr'><strong>qua:</strong></span> <span class='ocrx_word' id='word_1_97' title='bbox 518 1441 546 1478; x_wconf 89' lang='lat' dir='ltr'><strong>a</strong></span> <span class='ocrx_word' id='word_1_98' title='bbox 587 1425 870 1494; x_wconf 90' lang='lat' dir='ltr'><strong>juvenlute</strong></span> <span class='ocrx_word' id='word_1_99' title='bbox 919 1435 1010 1473; x_wconf 89' lang='lat' dir='ltr'><strong>sua</strong></span> <span class='ocrx_word' id='word_1_100' title='bbox 1057 1418 1413 1479; x_wconf 87' lang='lat' dir='ltr'><strong>commiserat,</strong></span> <span class='ocrx_word' id='word_1_101' title='bbox 1447 1422 1499 1466; x_wconf 91' lang='lat' dir='ltr'><strong>et</strong></span> <span class='ocrx_word' id='word_1_102' title='bbox 1537 1425 1758 1480; x_wconf 90' lang='lat' dir='ltr'><strong>quorum</strong></span> 
     </span>
    </p>
   </div>
   <div class='ocr_carea' id='block_1_15' title="bbox 187 1505 1759 1586">
    <p class='ocr_par' dir='ltr' id='par_1_15' title="bbox 187 1505 1759 1586">
     <span class='ocr_line' id='line_1_15' title="bbox 187 1505 1759 1586; baseline -0.014 -12"><span class='ocrx_word' id='word_1_103' title='bbox 187 1534 307 1586; x_wconf 70' lang='lat' dir='ltr'><strong>ipse</strong></span> <span class='ocrx_word' id='word_1_104' title='bbox 333 1527 445 1571; x_wconf 89' lang='lat' dir='ltr'><strong>erat</strong></span> <span class='ocrx_word' id='word_1_105' title='bbox 473 1515 687 1578; x_wconf 87' lang='lat' dir='ltr'><strong>oblitus,</strong></span> <span class='ocrx_word' id='word_1_106' title='bbox 719 1512 932 1565; x_wconf 89' lang='lat' dir='ltr'><strong>videbat</strong></span> <span class='ocrx_word' id='word_1_107' title='bbox 962 1508 1244 1575; x_wconf 62' lang='lat' dir='ltr'><strong>IEthiopes</strong></span> <span class='ocrx_word' id='word_1_108' title='bbox 1263 1505 1386 1558; x_wconf 89' lang='lat' dir='ltr'><strong>illos</strong></span> <span class='ocrx_word' id='word_1_109' title='bbox 1415 1515 1759 1571; x_wconf 79' lang='lat' dir='ltr'><strong>congregare,</strong></span> 
     </span>
    </p>
   </div>
   <div class='ocr_carea' id='block_1_16' title="bbox 189 1591 1759 1674">
    <p class='ocr_par' dir='ltr' id='par_1_16' title="bbox 189 1591 1759 1674">
     <span class='ocr_line' id='line_1_16' title="bbox 189 1591 1759 1674; baseline -0.013 -13"><span class='ocrx_word' id='word_1_110' title='bbox 189 1616 246 1661; x_wconf 91' lang='lat' dir='ltr'><strong>et</strong></span> <span class='ocrx_word' id='word_1_111' title='bbox 290 1607 568 1674; x_wconf 86' lang='lat' dir='ltr'><strong>deportare</strong></span> <span class='ocrx_word' id='word_1_112' title='bbox 597 1603 663 1657; x_wconf 92' lang='lat' dir='ltr'><strong>ad</strong></span> <span class='ocrx_word' id='word_1_113' title='bbox 697 1603 902 1665; x_wconf 90' lang='lat' dir='ltr'><strong>libram,</strong></span> <span class='ocrx_word' id='word_1_114' title='bbox 935 1607 988 1652; x_wconf 91' lang='lat' dir='ltr'><strong>et</strong></span> <span class='ocrx_word' id='word_1_115' title='bbox 1033 1597 1283 1650; x_wconf 85' lang='lat' dir='ltr'><strong>dicebat:</strong></span> <span class='ocrx_word' id='word_1_116' title='bbox 1338 1593 1482 1646; x_wconf 89' lang='lat' dir='ltr'><strong>Vave</strong></span> <span class='ocrx_word' id='word_1_117' title='bbox 1533 1591 1669 1660; x_wconf 76' lang='lat'><strong>(63),</strong></span> <span class='ocrx_word' id='word_1_118' title='bbox 1716 1591 1759 1642; x_wconf 91' lang='lat' dir='ltr'><strong>si</strong></span> 
     </span>
    </p>
   </div>
   <div class='ocr_carea' id='block_1_17' title="bbox 194 1681 1762 1762">
    <p class='ocr_par' dir='ltr' id='par_1_17' title="bbox 194 1681 1762 1762">
     <span class='ocr_line' id='line_1_17' title="bbox 194 1681 1762 1762; baseline -0.013 -13"><span class='ocrx_word' id='word_1_119' title='bbox 194 1710 299 1749; x_wconf 86' lang='lat' dir='ltr'><strong>una</strong></span> <span class='ocrx_word' id='word_1_120' title='bbox 334 1695 485 1762; x_wconf 83' lang='lat' dir='ltr'><strong>siligo</strong></span> <span class='ocrx_word' id='word_1_121' title='bbox 526 1706 683 1760; x_wconf 89' lang='lat' dir='ltr'><strong>quam</strong></span> <span class='ocrx_word' id='word_1_122' title='bbox 728 1689 919 1758; x_wconf 91' lang='lat' dir='ltr'><strong>jactavi</strong></span> <span class='ocrx_word' id='word_1_123' title='bbox 953 1703 1044 1754; x_wconf 91' lang='lat' dir='ltr'><strong>per</strong></span> <span class='ocrx_word' id='word_1_124' title='bbox 1079 1686 1311 1738; x_wconf 78' lang='lat' dir='ltr'><strong>furorem</strong></span> <span class='ocrx_word' id='word_1_125' title='bbox 1356 1683 1427 1736; x_wconf 90' lang='lat' dir='ltr'><strong>ita</strong></span> <span class='ocrx_word' id='word_1_126' title='bbox 1472 1681 1688 1750; x_wconf 82' lang='lat' dir='ltr'><strong>profuit,</strong></span> <span class='ocrx_word' id='word_1_127' title='bbox 1733 1694 1762 1730; x_wconf 90' lang='lat' dir='ltr'><strong>a</strong></span> 
     </span>
    </p>
   </div>
   <div class='ocr_carea' id='block_1_18' title="bbox 196 1772 1762 1855">
    <p class='ocr_par' dir='ltr' id='par_1_18' title="bbox 196 1772 1762 1855">
     <span class='ocr_line' id='line_1_18' title="bbox 196 1772 1762 1855; baseline -0.013 -14"><span class='ocrx_word' id='word_1_128' title='bbox 196 1786 406 1855; x_wconf 84' lang='lat' dir='ltr'><strong>quantis</strong></span> <span class='ocrx_word' id='word_1_129' title='bbox 435 1785 586 1837; x_wconf 89' lang='lat' dir='ltr'><strong>malis</strong></span> <span class='ocrx_word' id='word_1_130' title='bbox 629 1797 686 1834; x_wconf 87' lang='lat' dir='ltr'><strong>se</strong></span> <span class='ocrx_word' id='word_1_131' title='bbox 716 1781 904 1834; x_wconf 88' lang='lat' dir='ltr'><strong>liberat</strong></span> <span class='ocrx_word' id='word_1_132' title='bbox 953 1778 1039 1845; x_wconf 88' lang='lat' dir='ltr'><strong>qui</strong></span> <span class='ocrx_word' id='word_1_133' title='bbox 1071 1777 1159 1829; x_wconf 91' lang='lat' dir='ltr'><strong>dat</strong></span> <span class='ocrx_word' id='word_1_134' title='bbox 1205 1776 1256 1827; x_wconf 91' lang='lat' dir='ltr'><strong>in</strong></span> <span class='ocrx_word' id='word_1_135' title='bbox 1302 1772 1642 1841; x_wconf 67' lang='lat' dir='ltr'><strong>simplicitate</strong></span> <span class='ocrx_word' id='word_1_136' title='bbox 1671 1784 1762 1822; x_wconf 89' lang='lat' dir='ltr'><strong>sua</strong></span> 
     </span>
    </p>
   </div>
   <div class='ocr_carea' id='block_1_19' title="bbox 1846 583 3408 647">
    <p class='ocr_par' dir='ltr' id='par_1_19' title="bbox 1846 583 3408 647">
     <span class='ocr_line' id='line_1_19' title="bbox 1846 583 3408 647; baseline 0.004 -11"><span class='ocrx_word' id='word_1_137' title='bbox 1846 585 2178 637; x_wconf 91' lang='lat' dir='ltr'><strong>venientibus</strong></span> <span class='ocrx_word' id='word_1_138' title='bbox 2223 584 2500 647; x_wconf 87' lang='lat' dir='ltr'><strong>ambobus,</strong></span> <span class='ocrx_word' id='word_1_139' title='bbox 2550 583 2676 636; x_wconf 91' lang='lat' dir='ltr'><strong>dicit</strong></span> <span class='ocrx_word' id='word_1_140' title='bbox 2715 585 2763 637; x_wconf 90' lang='lat' dir='ltr'><strong>ei</strong></span> <span class='ocrx_word' id='word_1_141' title='bbox 2797 583 3031 638; x_wconf 86' lang='lat' dir='ltr'><strong>notarius</strong></span> <span class='ocrx_word' id='word_1_142' title='bbox 3074 586 3252 641; x_wconf 83' lang='lat' dir='ltr'><strong>:Audi</strong></span> <span class='ocrx_word' id='word_1_143' title='bbox 3291 602 3408 642; x_wconf 89' lang='lat' dir='ltr'><strong>me.</strong></span> 
     </span>
    </p>
   </div>
   <div class='ocr_carea' id='block_1_20' title="bbox 1849 675 3414 744">
    <p class='ocr_par' dir='ltr' id='par_1_20' title="bbox 1849 675 3414 744">
     <span class='ocr_line' id='line_1_20' title="bbox 1849 675 3414 744; baseline 0.001 -15"><span class='ocrx_word' id='word_1_144' title='bbox 1849 677 2012 737; x_wconf 81' lang='lat' dir='ltr'><strong>Zoile,</strong></span> <span class='ocrx_word' id='word_1_145' title='bbox 2046 685 2097 729; x_wconf 94' lang='lat' dir='ltr'><strong>et</strong></span> <span class='ocrx_word' id='word_1_146' title='bbox 2128 691 2243 728; x_wconf 92' lang='lat' dir='ltr'><strong>eme</strong></span> <span class='ocrx_word' id='word_1_147' title='bbox 2272 691 2481 728; x_wconf 90' lang='lat' dir='ltr'><strong>servum</strong></span> <span class='ocrx_word' id='word_1_148' title='bbox 2508 691 2690 737; x_wconf 88' lang='lat' dir='ltr'><strong>unum,</strong></span> <span class='ocrx_word' id='word_1_149' title='bbox 2716 675 2837 744; x_wconf 88' lang='lat' dir='ltr'><strong>quia</strong></span> <span class='ocrx_word' id='word_1_150' title='bbox 2863 675 3035 728; x_wconf 87' lang='lat' dir='ltr'><strong>habeo</strong></span> <span class='ocrx_word' id='word_1_151' title='bbox 3058 683 3164 729; x_wconf 92' lang='lat' dir='ltr'><strong>tam</strong></span> <span class='ocrx_word' id='word_1_152' title='bbox 3193 677 3414 741; x_wconf 89' lang='lat' dir='ltr'><strong>bonum,</strong></span> 
     </span>
    </p>
   </div>
   <div class='ocr_carea' id='block_1_21' title="bbox 1850 764 3417 836">
    <p class='ocr_par' dir='ltr' id='par_1_21' title="bbox 1850 764 3417 836">
     <span class='ocr_line' id='line_1_21' title="bbox 1850 764 3417 836; baseline 0.003 -19"><span class='ocrx_word' id='word_1_153' title='bbox 1850 767 2065 818; x_wconf 84' lang='lat' dir='ltr'><strong>utdicat</strong></span> <span class='ocrx_word' id='word_1_154' title='bbox 2100 764 2260 816; x_wconf 90' lang='lat' dir='ltr'><strong>homo</strong></span> <span class='ocrx_word' id='word_1_155' title='bbox 2297 764 2437 832; x_wconf 91' lang='lat' dir='ltr'><strong>quod</strong></span> <span class='ocrx_word' id='word_1_156' title='bbox 2482 768 2734 829; x_wconf 90' lang='lat' dir='ltr'><strong>patricius</strong></span> <span class='ocrx_word' id='word_1_157' title='bbox 2763 765 2851 818; x_wconf 92' lang='lat' dir='ltr'><strong>sit.</strong></span> <span class='ocrx_word' id='word_1_158' title='bbox 2885 765 2950 819; x_wconf 88' lang='lat' dir='ltr'><strong>Et</strong></span> <span class='ocrx_word' id='word_1_159' title='bbox 2980 765 3198 820; x_wconf 87' lang='lat' dir='ltr'><strong>audiens</strong></span> <span class='ocrx_word' id='word_1_160' title='bbox 3227 781 3417 836; x_wconf 83' lang='lat' dir='ltr'><strong>argen-</strong></span> 
     </span>
    </p>
   </div>
   <div class='ocr_carea' id='block_1_22' title="bbox 1851 853 3420 921">
    <p class='ocr_par' dir='ltr' id='par_1_22' title="bbox 1851 853 3420 921">
     <span class='ocr_line' id='line_1_22' title="bbox 1851 853 3420 921; baseline 0 -13"><span class='ocrx_word' id='word_1_161' title='bbox 1851 855 2015 908; x_wconf 92' lang='lat' dir='ltr'><strong>tarius</strong></span> <span class='ocrx_word' id='word_1_162' title='bbox 2059 853 2195 921; x_wconf 91' lang='lat' dir='ltr'><strong>quod</strong></span> <span class='ocrx_word' id='word_1_163' title='bbox 2221 867 2429 906; x_wconf 91' lang='lat' dir='ltr'><strong>servum</strong></span> <span class='ocrx_word' id='word_1_164' title='bbox 2478 853 2716 918; x_wconf 85' lang='lat' dir='ltr'><strong>haberet,</strong></span> <span class='ocrx_word' id='word_1_165' title='bbox 2750 854 3036 907; x_wconf 85' lang='lat' dir='ltr'><strong>admiratus</strong></span> <span class='ocrx_word' id='word_1_166' title='bbox 3063 865 3164 918; x_wconf 91' lang='lat' dir='ltr'><strong>est,</strong></span> <span class='ocrx_word' id='word_1_167' title='bbox 3200 865 3256 909; x_wconf 91' lang='lat' dir='ltr'><strong>et</strong></span> <span class='ocrx_word' id='word_1_168' title='bbox 3291 857 3420 908; x_wconf 90' lang='lat' dir='ltr'><strong>dicit</strong></span> 
     </span>
    </p>
   </div>
   <div class='ocr_carea' id='block_1_23' title="bbox 1853 942 3420 1012">
    <p class='ocr_par' dir='ltr' id='par_1_23' title="bbox 1853 942 3420 1012">
     <span class='ocr_line' id='line_1_23' title="bbox 1853 942 3420 1012; baseline 0 -15"><span class='ocrx_word' id='word_1_169' title='bbox 1853 943 1903 998; x_wconf 94' lang='lat' dir='ltr'><strong>ei</strong></span> <span class='ocrx_word' id='word_1_170' title='bbox 1935 961 1946 994; x_wconf 87' lang='lat'><strong>:</strong></span> <span class='ocrx_word' id='word_1_171' title='bbox 1980 943 2150 995; x_wconf 88' lang='lat' dir='ltr'><strong>Crede</strong></span> <span class='ocrx_word' id='word_1_172' title='bbox 2181 943 2332 1005; x_wconf 87' lang='lat' dir='ltr'><strong>mihi,</strong></span> <span class='ocrx_word' id='word_1_173' title='bbox 2360 942 2480 1010; x_wconf 86' lang='lat' dir='ltr'><strong>quia</strong></span> <span class='ocrx_word' id='word_1_174' title='bbox 2513 957 2616 994; x_wconf 86' lang='lat' dir='ltr'><strong>non</strong></span> <span class='ocrx_word' id='word_1_175' title='bbox 2649 943 2894 1009; x_wconf 82' lang='lat' dir='ltr'><strong>possideo</strong></span> <span class='ocrx_word' id='word_1_176' title='bbox 2924 943 3066 996; x_wconf 89' lang='lat' dir='ltr'><strong>unde</strong></span> <span class='ocrx_word' id='word_1_177' title='bbox 3095 957 3274 997; x_wconf 90' lang='lat' dir='ltr'><strong>emere</strong></span> <span class='ocrx_word' id='word_1_178' title='bbox 3296 958 3420 1012; x_wconf 83' lang='lat' dir='ltr'><strong>pos-</strong></span> 
     </span>
    </p>
   </div>
   <div class='ocr_carea' id='block_1_24' title="bbox 1855 1034 3422 1102">
    <p class='ocr_par' dir='ltr' id='par_1_24' title="bbox 1855 1034 3422 1102">
     <span class='ocr_line' id='line_1_24' title="bbox 1855 1034 3422 1102; baseline 0.001 -14"><span class='ocrx_word' id='word_1_179' title='bbox 1855 1035 1975 1088; x_wconf 85' lang='lat' dir='ltr'><strong>sint.</strong></span> <span class='ocrx_word' id='word_1_180' title='bbox 2010 1034 2142 1086; x_wconf 90' lang='lat' dir='ltr'><strong>Dicit</strong></span> <span class='ocrx_word' id='word_1_181' title='bbox 2182 1034 2228 1088; x_wconf 90' lang='lat' dir='ltr'><strong>ei</strong></span> <span class='ocrx_word' id='word_1_182' title='bbox 2261 1049 2470 1086; x_wconf 86' lang='lat' dir='ltr'><strong>rursum</strong></span> <span class='ocrx_word' id='word_1_183' title='bbox 2522 1035 2759 1088; x_wconf 90' lang='lat' dir='ltr'><strong>notarius</strong></span> <span class='ocrx_word' id='word_1_184' title='bbox 2787 1049 2802 1087; x_wconf 88' lang='lat'><strong>:</strong></span> <span class='ocrx_word' id='word_1_185' title='bbox 2835 1035 3026 1102; x_wconf 83' lang='lat' dir='ltr'><strong>Accipe</strong></span> <span class='ocrx_word' id='word_1_186' title='bbox 3057 1045 3324 1101; x_wconf 91' lang='lat' dir='ltr'><strong>mutuum,</strong></span> <span class='ocrx_word' id='word_1_187' title='bbox 3371 1045 3422 1092; x_wconf 90' lang='lat' dir='ltr'><strong>et</strong></span> 
     </span>
    </p>
   </div>
   <div class='ocr_carea' id='block_1_25' title="bbox 1856 1122 3423 1189">
    <p class='ocr_par' dir='ltr' id='par_1_25' title="bbox 1856 1122 3423 1189">
     <span class='ocr_line' id='line_1_25' title="bbox 1856 1122 3423 1189; baseline 0.002 -13"><span class='ocrx_word' id='word_1_188' title='bbox 1856 1138 1975 1177; x_wconf 80' lang='lat' dir='ltr'><strong>eme</strong></span> <span class='ocrx_word' id='word_1_189' title='bbox 2007 1139 2150 1187; x_wconf 91' lang='lat' dir='ltr'><strong>eum,</strong></span> <span class='ocrx_word' id='word_1_190' title='bbox 2183 1124 2402 1178; x_wconf 90' lang='lat' dir='ltr'><strong>multum</strong></span> <span class='ocrx_word' id='word_1_191' title='bbox 2439 1124 2580 1176; x_wconf 90' lang='lat' dir='ltr'><strong>enim</strong></span> <span class='ocrx_word' id='word_1_192' title='bbox 2610 1137 2687 1177; x_wconf 84' lang='lat' dir='ltr'><strong>eSt</strong></span> <span class='ocrx_word' id='word_1_193' title='bbox 2719 1122 2910 1189; x_wconf 92' lang='lat' dir='ltr'><strong>bonus,</strong></span> <span class='ocrx_word' id='word_1_194' title='bbox 2945 1134 2998 1177; x_wconf 91' lang='lat' dir='ltr'><strong>et</strong></span> <span class='ocrx_word' id='word_1_195' title='bbox 3022 1126 3300 1179; x_wconf 89' lang='lat' dir='ltr'><strong>benedicet</strong></span> <span class='ocrx_word' id='word_1_196' title='bbox 3331 1127 3423 1180; x_wconf 89' lang='lat' dir='ltr'><strong>tibi</strong></span> 
     </span>
    </p>
   </div>
   <div class='ocr_carea' id='block_1_26' title="bbox 1859 1214 3424 1283">
    <p class='ocr_par' dir='ltr' id='par_1_26' title="bbox 1859 1214 3424 1283">
     <span class='ocr_line' id='line_1_26' title="bbox 1859 1214 3424 1283; baseline 0.001 -17"><span class='ocrx_word' id='word_1_197' title='bbox 1859 1214 1999 1268; x_wconf 89' lang='lat' dir='ltr'><strong>Deus</strong></span> <span class='ocrx_word' id='word_1_198' title='bbox 2031 1230 2122 1282; x_wconf 92' lang='lat' dir='ltr'><strong>per</strong></span> <span class='ocrx_word' id='word_1_199' title='bbox 2149 1229 2289 1268; x_wconf 92' lang='lat' dir='ltr'><strong>eum.</strong></span> <span class='ocrx_word' id='word_1_200' title='bbox 2325 1215 2603 1283; x_wconf 85' lang='lat' dir='ltr'><strong>Acquievit</strong></span> <span class='ocrx_word' id='word_1_201' title='bbox 2629 1229 2755 1279; x_wconf 80' lang='lat' dir='ltr'><strong>ergo</strong></span> <span class='ocrx_word' id='word_1_202' title='bbox 2784 1217 2853 1279; x_wconf 85' lang='lat' dir='ltr'><strong>ei,</strong></span> <span class='ocrx_word' id='word_1_203' title='bbox 2879 1228 2932 1268; x_wconf 85' lang='lat' dir='ltr'><strong>et.</strong></span> <span class='ocrx_word' id='word_1_204' title='bbox 2951 1216 3078 1269; x_wconf 93' lang='lat' dir='ltr'><strong>emit</strong></span> <span class='ocrx_word' id='word_1_205' title='bbox 3103 1231 3223 1271; x_wconf 91' lang='lat' dir='ltr'><strong>eum</strong></span> <span class='ocrx_word' id='word_1_206' title='bbox 3251 1216 3424 1270; x_wconf 81' lang='lat' dir='ltr'><strong>sordi-</strong></span> 
     </span>
    </p>
   </div>
   <div class='ocr_carea' id='block_1_27' title="bbox 1859 1304 3426 1374">
    <p class='ocr_par' dir='ltr' id='par_1_27' title="bbox 1859 1304 3426 1374">
     <span class='ocr_line' id='line_1_27' title="bbox 1859 1304 3426 1374; baseline 0.003 -19"><span class='ocrx_word' id='word_1_207' title='bbox 1859 1304 1940 1356; x_wconf 78' lang='lat' dir='ltr'><strong>dis</strong></span> <span class='ocrx_word' id='word_1_208' title='bbox 1968 1304 2201 1358; x_wconf 86' lang='lat' dir='ltr'><strong>vestibus</strong></span> <span class='ocrx_word' id='word_1_209' title='bbox 2230 1305 2490 1369; x_wconf 90' lang='lat' dir='ltr'><strong>indutum,</strong></span> <span class='ocrx_word' id='word_1_210' title='bbox 2537 1305 2941 1359; x_wconf 89' lang='lat' dir='ltr'><strong>numismatibus</strong></span> <span class='ocrx_word' id='word_1_211' title='bbox 2972 1307 3202 1374; x_wconf 87' lang='lat' dir='ltr'><strong>triginta.</strong></span> <span class='ocrx_word' id='word_1_212' title='bbox 3248 1307 3426 1359; x_wconf 79' lang='lat' dir='ltr'><strong>Relin-</strong></span> 
     </span>
    </p>
   </div>
   <div class='ocr_carea' id='block_1_28' title="bbox 1860 1393 3424 1463">
    <p class='ocr_par' dir='ltr' id='par_1_28' title="bbox 1860 1393 3424 1463">
     <span class='ocr_line' id='line_1_28' title="bbox 1860 1393 3424 1463; baseline 0.003 -20"><span class='ocrx_word' id='word_1_213' title='bbox 1860 1408 2028 1461; x_wconf 90' lang='lat' dir='ltr'><strong>quens</strong></span> <span class='ocrx_word' id='word_1_214' title='bbox 2060 1404 2235 1448; x_wconf 91' lang='lat' dir='ltr'><strong>autem</strong></span> <span class='ocrx_word' id='word_1_215' title='bbox 2266 1409 2383 1447; x_wconf 92' lang='lat' dir='ltr'><strong>eum</strong></span> <span class='ocrx_word' id='word_1_216' title='bbox 2411 1397 2670 1458; x_wconf 85' lang='lat' dir='ltr'><strong>notarius,</strong></span> <span class='ocrx_word' id='word_1_217' title='bbox 2711 1393 2839 1448; x_wconf 88' lang='lat' dir='ltr'><strong>abiit</strong></span> <span class='ocrx_word' id='word_1_218' title='bbox 2883 1395 3424 1463; x_wconf 83' lang='lat' dir='ltr'><strong>Constantinopolim,</strong></span> 
     </span>
    </p>
   </div>
   <div class='ocr_carea' id='block_1_29' title="bbox 1862 1483 3430 1554">
    <p class='ocr_par' dir='ltr' id='par_1_29' title="bbox 1862 1483 3430 1554">
     <span class='ocr_line' id='line_1_29' title="bbox 1862 1483 3430 1554; baseline 0.001 -18"><span class='ocrx_word' id='word_1_219' title='bbox 1862 1484 2194 1537; x_wconf 81' lang='lat' dir='ltr'><strong>satisfaciens</strong></span> <span class='ocrx_word' id='word_1_220' title='bbox 2224 1484 2363 1552; x_wconf 90' lang='lat' dir='ltr'><strong>quod</strong></span> <span class='ocrx_word' id='word_1_221' title='bbox 2395 1485 2523 1539; x_wconf 92' lang='lat' dir='ltr'><strong>nulli</strong></span> <span class='ocrx_word' id='word_1_222' title='bbox 2557 1485 2657 1537; x_wconf 87' lang='lat' dir='ltr'><strong>hoc</strong></span> <span class='ocrx_word' id='word_1_223' title='bbox 2697 1483 3080 1550; x_wconf 82' lang='lat' dir='ltr'><strong>manifestaret,</strong></span> <span class='ocrx_word' id='word_1_224' title='bbox 3111 1495 3159 1540; x_wconf 87' lang='lat' dir='ltr'><strong>et</strong></span> <span class='ocrx_word' id='word_1_225' title='bbox 3204 1487 3340 1554; x_wconf 85' lang='lat' dir='ltr'><strong>quod</strong></span> <span class='ocrx_word' id='word_1_226' title='bbox 3364 1486 3430 1538; x_wconf 89' lang='lat' dir='ltr'><strong>de</strong></span> 
     </span>
    </p>
   </div>
   <div class='ocr_carea' id='block_1_30' title="bbox 1863 1573 3425 1643">
    <p class='ocr_par' dir='ltr' id='par_1_30' title="bbox 1863 1573 3425 1643">
     <span class='ocr_line' id='line_1_30' title="bbox 1863 1573 3425 1643; baseline 0.003 -20"><span class='ocrx_word' id='word_1_227' title='bbox 1863 1573 2035 1640; x_wconf 90' lang='lat' dir='ltr'><strong>pretio</strong></span> <span class='ocrx_word' id='word_1_228' title='bbox 2059 1587 2388 1640; x_wconf 90' lang='lat' dir='ltr'><strong>nequaquam</strong></span> <span class='ocrx_word' id='word_1_229' title='bbox 2413 1575 2511 1627; x_wconf 90' lang='lat' dir='ltr'><strong>sibi</strong></span> <span class='ocrx_word' id='word_1_230' title='bbox 2537 1575 2814 1628; x_wconf 87' lang='lat' dir='ltr'><strong>retinendo</strong></span> <span class='ocrx_word' id='word_1_231' title='bbox 2835 1575 3031 1643; x_wconf 90' lang='lat' dir='ltr'><strong>aliquid</strong></span> <span class='ocrx_word' id='word_1_232' title='bbox 3067 1576 3425 1640; x_wconf 83' lang='lat' dir='ltr'><strong>defraudaret,</strong></span> 
     </span>
    </p>
   </div>
   <div class='ocr_carea' id='block_1_31' title="bbox 1863 1662 3433 1735">
    <p class='ocr_par' dir='ltr' id='par_1_31' title="bbox 1863 1662 3433 1735">
     <span class='ocr_line' id='line_1_31' title="bbox 1863 1662 3433 1735; baseline 0.001 -21"><span class='ocrx_word' id='word_1_233' title='bbox 1863 1663 1959 1714; x_wconf 89' lang='lat' dir='ltr'><strong>sed</strong></span> <span class='ocrx_word' id='word_1_234' title='bbox 2021 1663 2120 1714; x_wconf 86' lang='lat' dir='ltr'><strong>hoc</strong></span> <span class='ocrx_word' id='word_1_235' title='bbox 2164 1670 2330 1715; x_wconf 91' lang='lat' dir='ltr'><strong>totum</strong></span> <span class='ocrx_word' id='word_1_236' title='bbox 2367 1662 2686 1728; x_wconf 87' lang='lat' dir='ltr'><strong>pauperibus</strong></span> <span class='ocrx_word' id='word_1_237' title='bbox 2743 1665 2913 1718; x_wconf 89' lang='lat' dir='ltr'><strong>daret.</strong></span> <span class='ocrx_word' id='word_1_238' title='bbox 2968 1666 3106 1732; x_wconf 89' lang='lat' dir='ltr'><strong>Ergo</strong></span> <span class='ocrx_word' id='word_1_239' title='bbox 3153 1667 3433 1735; x_wconf 85' lang='lat' dir='ltr'><strong>aliquando</strong></span> 
     </span>
    </p>
   </div>
   <div class='ocr_carea' id='block_1_32' title="bbox 1870 1751 3434 1821">
    <p class='ocr_par' dir='ltr' id='par_1_32' title="bbox 1870 1751 3434 1821">
     <span class='ocr_line' id='line_1_32' title="bbox 1870 1751 3434 1821; baseline 0.004 -19"><span class='ocrx_word' id='word_1_240' title='bbox 1870 1752 2013 1804; x_wconf 87' lang='lat' dir='ltr'><strong>idem</strong></span> <span class='ocrx_word' id='word_1_241' title='bbox 2071 1751 2256 1805; x_wconf 82' lang='lat' dir='ltr'><strong>Petrus</strong></span> <span class='ocrx_word' id='word_1_242' title='bbox 2301 1751 2580 1818; x_wconf 90' lang='lat' dir='ltr'><strong>coquinam</strong></span> <span class='ocrx_word' id='word_1_243' title='bbox 2639 1753 2868 1806; x_wconf 79' lang='lat' dir='ltr'><strong>faciebat</strong></span> <span class='ocrx_word' id='word_1_244' title='bbox 2917 1754 3130 1808; x_wconf 91' lang='lat' dir='ltr'><strong>domino</strong></span> <span class='ocrx_word' id='word_1_245' title='bbox 3178 1772 3293 1821; x_wconf 90' lang='lat' dir='ltr'><strong>suo,</strong></span> <span class='ocrx_word' id='word_1_246' title='bbox 3338 1757 3434 1809; x_wconf 87' lang='lat' dir='ltr'><strong>ali-</strong></span> 
     </span>
    </p>
   </div>
   <div class='ocr_carea' id='block_1_33' title="bbox 201 1841 3432 1948">
    <p class='ocr_par' dir='ltr' id='par_1_33' title="bbox 201 1841 3432 1948">
     <span class='ocr_line' id='line_1_33' title="bbox 201 1841 3432 1948; baseline -0.007 -14"><span class='ocrx_word' id='word_1_247' title='bbox 201 1841 339 1934; x_wconf 73' lang='lat' dir='ltr'><strong>bona</strong></span> <span class='ocrx_word' id='word_1_248' title='bbox 390 1874 788 1946; x_wconf 82' lang='lat' dir='ltr'><strong>indigentibus?</strong></span> <span class='ocrx_word' id='word_1_249' title='bbox 839 1872 901 1924; x_wconf 88' lang='lat' dir='ltr'><strong>Et</strong></span> <span class='ocrx_word' id='word_1_250' title='bbox 932 1841 996 1924; x_wconf 83' lang='lat' dir='ltr'><strong>de</strong></span> <span class='ocrx_word' id='word_1_251' title='bbox 1028 1877 1224 1924; x_wconf 77' lang='lat' dir='ltr'><strong>caetero</strong></span> <span class='ocrx_word' id='word_1_252' title='bbox 1273 1867 1344 1948; x_wconf 82' lang='lat' dir='ltr'><strong>ita</strong></span> <span class='ocrx_word' id='word_1_253' title='bbox 1393 1864 1661 1918; x_wconf 55' lang='lat' dir='ltr'><strong>modestus</strong></span> <span class='ocrx_word' id='word_1_254' title='bbox 1710 1871 1763 1916; x_wconf 91' lang='lat' dir='ltr'><strong>et</strong></span> <span class='ocrx_word' id='word_1_255' title='bbox 1795 1841 2074 1948; x_wconf 59' lang='grc' dir='ltr'><strong>Βηυδηίξο</strong></span> <span class='ocrx_word' id='word_1_256' title='bbox 2104 1853 2277 1942; x_wconf 58' lang='grc' dir='ltr'><strong>εξυιθῐη</strong></span> <span class='ocrx_word' id='word_1_257' title='bbox 2325 1841 2532 1948; x_wconf 48' lang='grc' dir='ltr'><strong>[ἒξδξηιιι</strong></span> <span class='ocrx_word' id='word_1_258' title='bbox 2583 1855 2786 1909; x_wconf 66' lang='lat' dir='ltr'><strong>Immos</strong></span> <span class='ocrx_word' id='word_1_259' title='bbox 2836 1843 2983 1948; x_wconf 58' lang='lat' dir='ltr'><strong>eius,</strong></span> <span class='ocrx_word' id='word_1_260' title='bbox 3031 1860 3301 1948; x_wconf 57' lang='grc' dir='ltr'><strong>ξιξξξξίῖξιτηη</strong></span> <span class='ocrx_word' id='word_1_261' title='bbox 3332 1846 3432 1899; x_wconf 68' lang='lat' dir='ltr'><strong>ali-</strong></span> 
     </span>
    </p>
   </div>
   <div class='ocr_carea' id='block_1_34' title="bbox 201 1957 1765 2040">
    <p class='ocr_par' dir='ltr' id='par_1_34' title="bbox 201 1957 1765 2040">
     <span class='ocr_line' id='line_1_34' title="bbox 201 1957 1765 2040; baseline -0.011 -15"><span class='ocrx_word' id='word_1_262' title='bbox 201 1969 432 2040; x_wconf 91' lang='lat' dir='ltr'><strong>prudens</strong></span> <span class='ocrx_word' id='word_1_263' title='bbox 463 1976 619 2036; x_wconf 90' lang='lat' dir='ltr'><strong>atque</strong></span> <span class='ocrx_word' id='word_1_264' title='bbox 649 1979 886 2020; x_wconf 90' lang='lat' dir='ltr'><strong>summus</strong></span> <span class='ocrx_word' id='word_1_265' title='bbox 908 1964 1330 2031; x_wconf 88' lang='lat' dir='ltr'><strong>eleemosynator</strong></span> <span class='ocrx_word' id='word_1_266' title='bbox 1379 1957 1548 2013; x_wconf 80' lang='lat' dir='ltr'><strong>factus</strong></span> <span class='ocrx_word' id='word_1_267' title='bbox 1578 1965 1678 2018; x_wconf 90' lang='lat' dir='ltr'><strong>est,</strong></span> <span class='ocrx_word' id='word_1_268' title='bbox 1707 1964 1765 2008; x_wconf 90' lang='lat' dir='ltr'><strong>ut</strong></span> 
     </span>
    </p>
   </div>
   <div class='ocr_carea' id='block_1_35' title="bbox 200 2055 1262 2125">
    <p class='ocr_par' dir='ltr' id='par_1_35' title="bbox 200 2055 1262 2125">
     <span class='ocr_line' id='line_1_35' title="bbox 200 2055 1262 2125; baseline -0.009 -12"><span class='ocrx_word' id='word_1_269' title='bbox 200 2059 362 2114; x_wconf 91' lang='lat' dir='ltr'><strong>etiam</strong></span> <span class='ocrx_word' id='word_1_270' title='bbox 391 2055 604 2125; x_wconf 85' lang='lat' dir='ltr'><strong>corpori</strong></span> <span class='ocrx_word' id='word_1_271' title='bbox 630 2056 846 2125; x_wconf 87' lang='lat' dir='ltr'><strong>proprio</strong></span> <span class='ocrx_word' id='word_1_272' title='bbox 868 2069 971 2108; x_wconf 91' lang='lat' dir='ltr'><strong>non</strong></span> <span class='ocrx_word' id='word_1_273' title='bbox 1001 2060 1262 2120; x_wconf 87' lang='lat' dir='ltr'><strong>parceret.</strong></span> 
     </span>
    </p>
   </div>
   <div class='ocr_carea' id='block_1_36' title="bbox 129 2128 1764 2219">
    <p class='ocr_par' dir='ltr' id='par_1_36' title="bbox 129 2128 1764 2219">
     <span class='ocr_line' id='line_1_36' title="bbox 129 2128 1764 2219; baseline -0.01 -14"><span class='ocrx_word' id='word_1_274' title='bbox 129 2128 136 2134; x_wconf 32' lang='lat' dir='ltr'><strong>I</strong></span> <span class='ocrx_word' id='word_1_275' title='bbox 274 2148 509 2219; x_wconf 87' lang='lat' dir='ltr'><strong>Contigit</strong></span> <span class='ocrx_word' id='word_1_276' title='bbox 533 2147 674 2202; x_wconf 88' lang='lat' dir='ltr'><strong>enim</strong></span> <span class='ocrx_word' id='word_1_277' title='bbox 707 2144 987 2215; x_wconf 88' lang='lat' dir='ltr'><strong>aliquando</strong></span> <span class='ocrx_word' id='word_1_278' title='bbox 1016 2144 1306 2198; x_wconf 88' lang='lat' dir='ltr'><strong>secundum</strong></span> <span class='ocrx_word' id='word_1_279' title='bbox 1331 2136 1764 2194; x_wconf 86' lang='lat' dir='ltr'><strong>consuetudinem</strong></span> 
     </span>
    </p>
   </div>
   <div class='ocr_carea' id='block_1_37' title="bbox 207 2229 1766 2310">
    <p class='ocr_par' dir='ltr' id='par_1_37' title="bbox 207 2229 1766 2310">
     <span class='ocr_line' id='line_1_37' title="bbox 207 2229 1766 2310; baseline -0.009 -14"><span class='ocrx_word' id='word_1_280' title='bbox 207 2240 499 2310; x_wconf 86' lang='lat' dir='ltr'><strong>procedere</strong></span> <span class='ocrx_word' id='word_1_281' title='bbox 542 2253 663 2294; x_wconf 91' lang='lat' dir='ltr'><strong>eum</strong></span> <span class='ocrx_word' id='word_1_282' title='bbox 713 2237 942 2292; x_wconf 89' lang='lat' dir='ltr'><strong>diluculo</strong></span> <span class='ocrx_word' id='word_1_283' title='bbox 988 2237 1054 2290; x_wconf 90' lang='lat' dir='ltr'><strong>ad</strong></span> <span class='ocrx_word' id='word_1_284' title='bbox 1084 2235 1374 2300; x_wconf 91' lang='lat' dir='ltr'><strong>teloneum,</strong></span> <span class='ocrx_word' id='word_1_285' title='bbox 1417 2241 1470 2286; x_wconf 91' lang='lat' dir='ltr'><strong>et</strong></span> <span class='ocrx_word' id='word_1_286' title='bbox 1502 2231 1674 2285; x_wconf 85' lang='lat' dir='ltr'><strong>obviat</strong></span> <span class='ocrx_word' id='word_1_287' title='bbox 1717 2229 1766 2283; x_wconf 92' lang='lat' dir='ltr'><strong>ei</strong></span> 
     </span>
    </p>
   </div>
   <div class='ocr_carea' id='block_1_38' title="bbox 208 2331 1764 2402">
    <p class='ocr_par' dir='ltr' id='par_1_38' title="bbox 208 2331 1764 2402">
     <span class='ocr_line' id='line_1_38' title="bbox 208 2331 1764 2402; baseline -0.008 -12"><span class='ocrx_word' id='word_1_288' title='bbox 208 2343 389 2402; x_wconf 88' lang='lat' dir='ltr'><strong>nauta,</strong></span> <span class='ocrx_word' id='word_1_289' title='bbox 420 2335 507 2402; x_wconf 90' lang='lat' dir='ltr'><strong>qui</strong></span> <span class='ocrx_word' id='word_1_290' title='bbox 534 2348 564 2386; x_wconf 89' lang='lat' dir='ltr'><strong>a</strong></span> <span class='ocrx_word' id='word_1_291' title='bbox 593 2333 866 2401; x_wconf 83' lang='lat' dir='ltr'><strong>naufragio</strong></span> <span class='ocrx_word' id='word_1_292' title='bbox 897 2331 1067 2385; x_wconf 90' lang='lat' dir='ltr'><strong>nudus</strong></span> <span class='ocrx_word' id='word_1_293' title='bbox 1099 2339 1156 2383; x_wconf 90' lang='lat' dir='ltr'><strong>ut</strong></span> <span class='ocrx_word' id='word_1_294' title='bbox 1193 2339 1345 2383; x_wconf 87' lang='lat' dir='ltr'><strong>natus</strong></span> <span class='ocrx_word' id='word_1_295' title='bbox 1375 2336 1455 2382; x_wconf 90' lang='lat' dir='ltr'><strong>est</strong></span> <span class='ocrx_word' id='word_1_296' title='bbox 1492 2335 1764 2388; x_wconf 86' lang='lat' dir='ltr'><strong>evaserat;</strong></span> 
     </span>
    </p>
   </div>
   <div class='ocr_carea' id='block_1_39' title="bbox 209 2415 1769 2487">
    <p class='ocr_par' dir='ltr' id='par_1_39' title="bbox 209 2415 1769 2487">
     <span class='ocr_line' id='line_1_39' title="bbox 209 2415 1769 2487; baseline -0.007 -8"><span class='ocrx_word' id='word_1_297' title='bbox 209 2433 265 2479; x_wconf 90' lang='lat' dir='ltr'><strong>et</strong></span> <span class='ocrx_word' id='word_1_298' title='bbox 293 2422 482 2477; x_wconf 89' lang='lat' dir='ltr'><strong>cecidit</strong></span> <span class='ocrx_word' id='word_1_299' title='bbox 524 2431 647 2476; x_wconf 87' lang='lat' dir='ltr'><strong>ante</strong></span> <span class='ocrx_word' id='word_1_300' title='bbox 695 2437 837 2486; x_wconf 91' lang='lat' dir='ltr'><strong>eum,</strong></span> <span class='ocrx_word' id='word_1_301' title='bbox 875 2435 1069 2486; x_wconf 88' lang='lat' dir='ltr'><strong>rogans</strong></span> <span class='ocrx_word' id='word_1_302' title='bbox 1099 2429 1155 2473; x_wconf 90' lang='lat' dir='ltr'><strong>ut</strong></span> <span class='ocrx_word' id='word_1_303' title='bbox 1215 2421 1591 2487; x_wconf 85' lang='lat' dir='ltr'><strong>protectionem</strong></span> <span class='ocrx_word' id='word_1_304' title='bbox 1633 2415 1769 2483; x_wconf 90' lang='lat' dir='ltr'><strong>apud</strong></span> 
     </span>
    </p>
   </div>
   <div class='ocr_carea' id='block_1_40' title="bbox 210 2508 1762 2580">
    <p class='ocr_par' dir='ltr' id='par_1_40' title="bbox 210 2508 1762 2580">
     <span class='ocr_line' id='line_1_40' title="bbox 210 2508 1762 2580; baseline -0.008 -11"><span class='ocrx_word' id='word_1_305' title='bbox 210 2528 332 2569; x_wconf 89' lang='lat' dir='ltr'><strong>eum</strong></span> <span class='ocrx_word' id='word_1_306' title='bbox 361 2513 686 2580; x_wconf 88' lang='lat' dir='ltr'><strong>impetraret.</strong></span> <span class='ocrx_word' id='word_1_307' title='bbox 714 2511 806 2564; x_wconf 95' lang='lat' dir='ltr'><strong>I-lle</strong></span> <span class='ocrx_word' id='word_1_308' title='bbox 833 2524 958 2580; x_wconf 87' lang='lat' dir='ltr'><strong>ergo</strong></span> <span class='ocrx_word' id='word_1_309' title='bbox 989 2520 1177 2577; x_wconf 81' lang='lat' dir='ltr'><strong>putans</strong></span> <span class='ocrx_word' id='word_1_310' title='bbox 1208 2508 1349 2577; x_wconf 91' lang='lat' dir='ltr'><strong>quod</strong></span> <span class='ocrx_word' id='word_1_311' title='bbox 1379 2520 1574 2575; x_wconf 83' lang='lat' dir='ltr'><strong>egenus</strong></span> <span class='ocrx_word' id='word_1_312' title='bbox 1599 2513 1762 2569; x_wconf 80' lang='lat' dir='ltr'><strong>esset,</strong></span> 
     </span>
    </p>
   </div>
   <div class='ocr_carea' id='block_1_41' title="bbox 212 2595 1772 2670">
    <p class='ocr_par' dir='ltr' id='par_1_41' title="bbox 212 2595 1772 2670">
     <span class='ocr_line' id='line_1_41' title="bbox 212 2595 1772 2670; baseline -0.006 -12"><span class='ocrx_word' id='word_1_313' title='bbox 212 2601 529 2670; x_wconf 78' lang='lat' dir='ltr'><strong>exspoliavit</strong></span> <span class='ocrx_word' id='word_1_314' title='bbox 572 2614 632 2656; x_wconf 88' lang='lat' dir='ltr'><strong>se</strong></span> <span class='ocrx_word' id='word_1_315' title='bbox 679 2599 1018 2667; x_wconf 89' lang='lat' dir='ltr'><strong>esophorium</strong></span> <span class='ocrx_word' id='word_1_316' title='bbox 1050 2599 1160 2668; x_wconf 69' lang='grc'><strong>(64)</strong></span> <span class='ocrx_word' id='word_1_317' title='bbox 1207 2613 1398 2662; x_wconf 91' lang='lat' dir='ltr'><strong>suum,</strong></span> <span class='ocrx_word' id='word_1_318' title='bbox 1449 2596 1588 2664; x_wconf 91' lang='lat' dir='ltr'><strong>quod</strong></span> <span class='ocrx_word' id='word_1_319' title='bbox 1635 2595 1772 2649; x_wconf 88' lang='lat' dir='ltr'><strong>illius</strong></span> 
     </span>
    </p>
   </div>
   <div class='ocr_carea' id='block_1_42' title="bbox 214 2686 1773 2758">
    <p class='ocr_par' dir='ltr' id='par_1_42' title="bbox 214 2686 1773 2758">
     <span class='ocr_line' id='line_1_42' title="bbox 214 2686 1773 2758; baseline -0.003 -13"><span class='ocrx_word' id='word_1_320' title='bbox 214 2691 405 2746; x_wconf 88' lang='lat' dir='ltr'><strong>melius</strong></span> <span class='ocrx_word' id='word_1_321' title='bbox 434 2700 577 2758; x_wconf 93' lang='lat' dir='ltr'><strong>erat,</strong></span> <span class='ocrx_word' id='word_1_322' title='bbox 614 2699 670 2748; x_wconf 88' lang='lat' dir='ltr'><strong>et</strong></span> <span class='ocrx_word' id='word_1_323' title='bbox 714 2692 803 2745; x_wconf 92' lang='lat' dir='ltr'><strong>dat</strong></span> <span class='ocrx_word' id='word_1_324' title='bbox 831 2690 904 2753; x_wconf 91' lang='lat' dir='ltr'><strong>ei,</strong></span> <span class='ocrx_word' id='word_1_325' title='bbox 932 2689 1236 2758; x_wconf 86' lang='lat' dir='ltr'><strong>rogavitque</strong></span> <span class='ocrx_word' id='word_1_326' title='bbox 1272 2701 1392 2741; x_wconf 92' lang='lat' dir='ltr'><strong>eum</strong></span> <span class='ocrx_word' id='word_1_327' title='bbox 1423 2695 1480 2740; x_wconf 89' lang='lat' dir='ltr'><strong>ut</strong></span> <span class='ocrx_word' id='word_1_328' title='bbox 1522 2687 1623 2739; x_wconf 91' lang='lat' dir='ltr'><strong>hoc</strong></span> <span class='ocrx_word' id='word_1_329' title='bbox 1662 2686 1773 2754; x_wconf 78' lang='lat' dir='ltr'><strong>ipse</strong></span> 
     </span>
    </p>
   </div>
   <div class='ocr_carea' id='block_1_43' title="bbox 216 2778 1773 2852">
    <p class='ocr_par' dir='ltr' id='par_1_43' title="bbox 216 2778 1773 2852">
     <span class='ocr_line' id='line_1_43' title="bbox 216 2778 1773 2852; baseline -0.003 -16"><span class='ocrx_word' id='word_1_330' title='bbox 216 2783 520 2838; x_wconf 89' lang='lat' dir='ltr'><strong>vestiretur.</strong></span> <span class='ocrx_word' id='word_1_331' title='bbox 576 2783 807 2852; x_wconf 85' lang='lat' dir='ltr'><strong>Pergens</strong></span> <span class='ocrx_word' id='word_1_332' title='bbox 853 2795 981 2836; x_wconf 91' lang='lat' dir='ltr'><strong>vero</strong></span> <span class='ocrx_word' id='word_1_333' title='bbox 1025 2780 1112 2834; x_wconf 90' lang='lat' dir='ltr'><strong>ille</strong></span> <span class='ocrx_word' id='word_1_334' title='bbox 1139 2789 1193 2834; x_wconf 93' lang='lat' dir='ltr'><strong>et</strong></span> <span class='ocrx_word' id='word_1_335' title='bbox 1220 2781 1539 2834; x_wconf 87' lang='lat' dir='ltr'><strong>erubescens</strong></span> <span class='ocrx_word' id='word_1_336' title='bbox 1586 2778 1773 2832; x_wconf 88' lang='lat' dir='ltr'><strong>vestiri</strong></span> 
     </span>
    </p>
   </div>
   <div class='ocr_carea' id='block_1_44' title="bbox 218 2869 1774 2937">
    <p class='ocr_par' dir='ltr' id='par_1_44' title="bbox 218 2869 1774 2937">
     <span class='ocr_line' id='line_1_44' title="bbox 218 2869 1774 2937; baseline -0.004 -10"><span class='ocrx_word' id='word_1_337' title='bbox 218 2873 347 2937; x_wconf 87' lang='lat' dir='ltr'><strong>hoc,</strong></span> <span class='ocrx_word' id='word_1_338' title='bbox 376 2873 520 2928; x_wconf 88' lang='lat' dir='ltr'><strong>dedit</strong></span> <span class='ocrx_word' id='word_1_339' title='bbox 550 2873 676 2928; x_wconf 91' lang='lat' dir='ltr'><strong>illud</strong></span> <span class='ocrx_word' id='word_1_340' title='bbox 708 2871 967 2926; x_wconf 88' lang='lat' dir='ltr'><strong>venditori</strong></span> <span class='ocrx_word' id='word_1_341' title='bbox 999 2880 1054 2925; x_wconf 93' lang='lat' dir='ltr'><strong>ut</strong></span> <span class='ocrx_word' id='word_1_342' title='bbox 1083 2870 1506 2925; x_wconf 87' lang='lat' dir='ltr'><strong>venumdaretur.</strong></span> <span class='ocrx_word' id='word_1_343' title='bbox 1539 2869 1602 2922; x_wconf 90' lang='lat' dir='ltr'><strong>Et</strong></span> <span class='ocrx_word' id='word_1_344' title='bbox 1653 2884 1774 2922; x_wconf 90' lang='lat' dir='ltr'><strong>cum</strong></span> 
     </span>
    </p>
   </div>
   <div class='ocr_carea' id='block_1_45' title="bbox 217 2960 1777 3028">
    <p class='ocr_par' dir='ltr' id='par_1_45' title="bbox 217 2960 1777 3028">
     <span class='ocr_line' id='line_1_45' title="bbox 217 2960 1777 3028; baseline -0.004 -9"><span class='ocrx_word' id='word_1_345' title='bbox 217 2964 493 3019; x_wconf 82' lang='lat' dir='ltr'><strong>recederet</strong></span> <span class='ocrx_word' id='word_1_346' title='bbox 514 2963 855 3028; x_wconf 84' lang='lat' dir='ltr'><strong>telonearius,</strong></span> <span class='ocrx_word' id='word_1_347' title='bbox 887 2961 1013 3015; x_wconf 85' lang='lat' dir='ltr'><strong>vidit</strong></span> <span class='ocrx_word' id='word_1_348' title='bbox 1043 2960 1143 3013; x_wconf 90' lang='lat' dir='ltr'><strong>hoc</strong></span> <span class='ocrx_word' id='word_1_349' title='bbox 1162 2974 1498 3027; x_wconf 88' lang='lat' dir='ltr'><strong>suspensum,</strong></span> <span class='ocrx_word' id='word_1_350' title='bbox 1521 2970 1572 3014; x_wconf 92' lang='lat' dir='ltr'><strong>et</strong></span> <span class='ocrx_word' id='word_1_351' title='bbox 1601 2961 1777 3013; x_wconf 84' lang='lat' dir='ltr'><strong>trista-</strong></span> 
     </span>
    </p>
   </div>
   <div class='ocr_carea' id='block_1_46' title="bbox 221 3049 1776 3120">
    <p class='ocr_par' dir='ltr' id='par_1_46' title="bbox 221 3049 1776 3120">
     <span class='ocr_line' id='line_1_46' title="bbox 221 3049 1776 3120; baseline -0.005 -9"><span class='ocrx_word' id='word_1_352' title='bbox 221 3062 309 3111; x_wconf 85' lang='lat' dir='ltr'><strong>tus</strong></span> <span class='ocrx_word' id='word_1_353' title='bbox 328 3065 410 3112; x_wconf 90' lang='lat' dir='ltr'><strong>est</strong></span> <span class='ocrx_word' id='word_1_354' title='bbox 430 3055 800 3120; x_wconf 83' lang='lat' dir='ltr'><strong>vehementer;</strong></span> <span class='ocrx_word' id='word_1_355' title='bbox 825 3062 880 3109; x_wconf 95' lang='lat' dir='ltr'><strong>et</strong></span> <span class='ocrx_word' id='word_1_356' title='bbox 899 3051 1192 3108; x_wconf 84' lang='lat' dir='ltr'><strong>ascendens</strong></span> <span class='ocrx_word' id='word_1_357' title='bbox 1214 3050 1426 3105; x_wconf 90' lang='lat' dir='ltr'><strong>domum</strong></span> <span class='ocrx_word' id='word_1_358' title='bbox 1448 3066 1619 3115; x_wconf 87' lang='lat' dir='ltr'><strong>suam,</strong></span> <span class='ocrx_word' id='word_1_359' title='bbox 1648 3049 1776 3104; x_wconf 88' lang='lat' dir='ltr'><strong>nihil</strong></span> 
     </span>
    </p>
   </div>
   <div class='ocr_carea' id='block_1_47' title="bbox 221 3141 1778 3218">
    <p class='ocr_par' dir='ltr' id='par_1_47' title="bbox 221 3141 1778 3218">
     <span class='ocr_line' id='line_1_47' title="bbox 221 3141 1778 3218; baseline -0.005 -16"><span class='ocrx_word' id='word_1_360' title='bbox 221 3161 408 3218; x_wconf 83' lang='lat' dir='ltr'><strong>passus</strong></span> <span class='ocrx_word' id='word_1_361' title='bbox 454 3155 534 3200; x_wconf 91' lang='lat' dir='ltr'><strong>est</strong></span> <span class='ocrx_word' id='word_1_362' title='bbox 579 3153 823 3213; x_wconf 89' lang='lat' dir='ltr'><strong>gustare;</strong></span> <span class='ocrx_word' id='word_1_363' title='bbox 866 3143 959 3199; x_wconf 90' lang='lat' dir='ltr'><strong>sed</strong></span> <span class='ocrx_word' id='word_1_364' title='bbox 998 3142 1252 3198; x_wconf 86' lang='lat' dir='ltr'><strong>claudens</strong></span> <span class='ocrx_word' id='word_1_365' title='bbox 1277 3141 1472 3196; x_wconf 88' lang='lat' dir='ltr'><strong>ostium</strong></span> <span class='ocrx_word' id='word_1_366' title='bbox 1512 3141 1778 3194; x_wconf 83' lang='lat' dir='ltr'><strong>conclavis</strong></span> 
     </span>
    </p>
   </div>
   <div class='ocr_carea' id='block_1_48' title="bbox 1867 1931 3432 1998">
    <p class='ocr_par' dir='ltr' id='par_1_48' title="bbox 1867 1931 3432 1998">
     <span class='ocr_line' id='line_1_48' title="bbox 1867 1931 3432 1998; baseline 0.004 -16"><span class='ocrx_word' id='word_1_367' title='bbox 1867 1931 2079 1998; x_wconf 92' lang='lat' dir='ltr'><strong>quando</strong></span> <span class='ocrx_word' id='word_1_368' title='bbox 2124 1932 2176 1983; x_wconf 90' lang='lat' dir='ltr'><strong>in</strong></span> <span class='ocrx_word' id='word_1_369' title='bbox 2224 1931 2459 1997; x_wconf 89' lang='lat' dir='ltr'><strong>quolibet</strong></span> <span class='ocrx_word' id='word_1_370' title='bbox 2508 1931 2692 1984; x_wconf 87' lang='lat' dir='ltr'><strong>borum</strong></span> <span class='ocrx_word' id='word_1_371' title='bbox 2723 1941 2987 1985; x_wconf 87' lang='lat' dir='ltr'><strong>assuetus.</strong></span> <span class='ocrx_word' id='word_1_372' title='bbox 3020 1933 3217 1987; x_wconf 76' lang='lat' dir='ltr'><strong>Afﬂixit</strong></span> <span class='ocrx_word' id='word_1_373' title='bbox 3258 1944 3432 1988; x_wconf 89' lang='lat' dir='ltr'><strong>autem</strong></span> 
     </span>
    </p>
   </div>
   <div class='ocr_carea' id='block_1_49' title="bbox 1866 2020 3436 2090">
    <p class='ocr_par' dir='ltr' id='par_1_49' title="bbox 1866 2020 3436 2090">
     <span class='ocr_line' id='line_1_49' title="bbox 1866 2020 3436 2090; baseline 0.003 -15"><span class='ocrx_word' id='word_1_374' title='bbox 1866 2023 2102 2090; x_wconf 85' lang='lat' dir='ltr'><strong>seipsum</strong></span> <span class='ocrx_word' id='word_1_375' title='bbox 2133 2030 2187 2074; x_wconf 92' lang='lat' dir='ltr'><strong>et</strong></span> <span class='ocrx_word' id='word_1_376' title='bbox 2228 2020 2432 2088; x_wconf 86' lang='lat' dir='ltr'><strong>jejunio</strong></span> <span class='ocrx_word' id='word_1_377' title='bbox 2458 2022 2639 2075; x_wconf 91' lang='lat' dir='ltr'><strong>multo.</strong></span> <span class='ocrx_word' id='word_1_378' title='bbox 2669 2023 2797 2076; x_wconf 91' lang='lat' dir='ltr'><strong>Cum</strong></span> <span class='ocrx_word' id='word_1_379' title='bbox 2830 2038 2955 2076; x_wconf 91' lang='lat' dir='ltr'><strong>vero</strong></span> <span class='ocrx_word' id='word_1_380' title='bbox 2987 2023 3204 2078; x_wconf 87' lang='lat' dir='ltr'><strong>vidisset</strong></span> <span class='ocrx_word' id='word_1_381' title='bbox 3247 2040 3306 2078; x_wconf 91' lang='lat' dir='ltr'><strong>se</strong></span> <span class='ocrx_word' id='word_1_382' title='bbox 3347 2027 3436 2079; x_wconf 61' lang='lat' dir='ltr'><strong>beo</strong></span> 
     </span>
    </p>
   </div>
   <div class='ocr_carea' id='block_1_50' title="bbox 1871 2112 3430 2181">
    <p class='ocr_par' dir='ltr' id='par_1_50' title="bbox 1871 2112 3430 2181">
     <span class='ocr_line' id='line_1_50' title="bbox 1871 2112 3430 2181; baseline 0.003 -15"><span class='ocrx_word' id='word_1_383' title='bbox 1871 2112 2046 2166; x_wconf 89' lang='lat' dir='ltr'><strong>nedici</strong></span> <span class='ocrx_word' id='word_1_384' title='bbox 2094 2113 2343 2166; x_wconf 88' lang='lat' dir='ltr'><strong>dominus</strong></span> <span class='ocrx_word' id='word_1_385' title='bbox 2374 2113 2487 2179; x_wconf 88' lang='lat' dir='ltr'><strong>ejus</strong></span> <span class='ocrx_word' id='word_1_386' title='bbox 2539 2128 2698 2180; x_wconf 88' lang='lat' dir='ltr'><strong>super</strong></span> <span class='ocrx_word' id='word_1_387' title='bbox 2740 2130 2948 2168; x_wconf 91' lang='lat' dir='ltr'><strong>omnem</strong></span> <span class='ocrx_word' id='word_1_388' title='bbox 2992 2116 3430 2181; x_wconf 77' lang='lat' dir='ltr'><strong>benedictionem,</strong></span> 
     </span>
    </p>
   </div>
   <div class='ocr_carea' id='block_1_51' title="bbox 1867 2202 3437 2273">
    <p class='ocr_par' dir='ltr' id='par_1_51' title="bbox 1867 2202 3437 2273">
     <span class='ocr_line' id='line_1_51' title="bbox 1867 2202 3437 2273; baseline 0.003 -16"><span class='ocrx_word' id='word_1_389' title='bbox 1867 2204 1998 2258; x_wconf 89' lang='lat' dir='ltr'><strong>dicit</strong></span> <span class='ocrx_word' id='word_1_390' title='bbox 2029 2202 2101 2269; x_wconf 90' lang='lat' dir='ltr'><strong>ei,</strong></span> <span class='ocrx_word' id='word_1_391' title='bbox 2137 2204 2525 2258; x_wconf 90' lang='lat' dir='ltr'><strong>verecundatus</strong></span> <span class='ocrx_word' id='word_1_392' title='bbox 2556 2220 2825 2258; x_wconf 85' lang='lat' dir='ltr'><strong>enormem</strong></span> <span class='ocrx_word' id='word_1_393' title='bbox 2858 2205 2974 2273; x_wconf 76' lang='lat' dir='ltr'><strong>ejus</strong></span> <span class='ocrx_word' id='word_1_394' title='bbox 3001 2208 3250 2260; x_wconf 90' lang='lat' dir='ltr'><strong>virtutem</strong></span> <span class='ocrx_word' id='word_1_395' title='bbox 3274 2219 3326 2262; x_wconf 91' lang='lat' dir='ltr'><strong>et</strong></span> <span class='ocrx_word' id='word_1_396' title='bbox 3351 2211 3437 2262; x_wconf 89' lang='lat' dir='ltr'><strong>hu-</strong></span> 
     </span>
    </p>
   </div>
   <div class='ocr_carea' id='block_1_52' title="bbox 1869 2297 3431 2363">
    <p class='ocr_par' dir='ltr' id='par_1_52' title="bbox 1869 2297 3431 2363">
     <span class='ocr_line' id='line_1_52' title="bbox 1869 2297 3431 2363; baseline 0.002 -13"><span class='ocrx_word' id='word_1_397' title='bbox 1869 2297 2146 2350; x_wconf 88' lang='lat' dir='ltr'><strong>militatem</strong></span> <span class='ocrx_word' id='word_1_398' title='bbox 2174 2314 2186 2349; x_wconf 90' lang='lat'>:</span> <span class='ocrx_word' id='word_1_399' title='bbox 2224 2297 2374 2361; x_wconf 91' lang='lat' dir='ltr'><strong>Volo,</strong></span> <span class='ocrx_word' id='word_1_400' title='bbox 2412 2297 2623 2350; x_wconf 89' lang='lat' dir='ltr'><strong>humilis</strong></span> <span class='ocrx_word' id='word_1_401' title='bbox 2653 2298 2825 2359; x_wconf 82' lang='lat' dir='ltr'><strong>Petre,</strong></span> <span class='ocrx_word' id='word_1_402' title='bbox 2860 2297 3084 2351; x_wconf 90' lang='lat' dir='ltr'><strong>liberare</strong></span> <span class='ocrx_word' id='word_1_403' title='bbox 3107 2307 3177 2363; x_wconf 90' lang='lat' dir='ltr'><strong>te,</strong></span> <span class='ocrx_word' id='word_1_404' title='bbox 3208 2308 3261 2353; x_wconf 92' lang='lat' dir='ltr'><strong>et</strong></span> <span class='ocrx_word' id='word_1_405' title='bbox 3283 2308 3337 2352; x_wconf 93' lang='lat' dir='ltr'><strong>ut</strong></span> <span class='ocrx_word' id='word_1_406' title='bbox 3359 2300 3431 2354; x_wconf 85' lang='lat' dir='ltr'><strong>sis</strong></span> 
     </span>
    </p>
   </div>
   <div class='ocr_carea' id='block_1_53' title="bbox 1870 2387 3436 2456">
    <p class='ocr_par' dir='ltr' id='par_1_53' title="bbox 1870 2387 3436 2456">
     <span class='ocr_line' id='line_1_53' title="bbox 1870 2387 3436 2456; baseline 0.001 -16"><span class='ocrx_word' id='word_1_407' title='bbox 1870 2387 1937 2441; x_wconf 89' lang='lat' dir='ltr'><strong>de</strong></span> <span class='ocrx_word' id='word_1_408' title='bbox 1966 2387 2169 2456; x_wconf 90' lang='lat' dir='ltr'><strong>reliquo</strong></span> <span class='ocrx_word' id='word_1_409' title='bbox 2200 2387 2364 2440; x_wconf 88' lang='lat' dir='ltr'><strong>Irater</strong></span> <span class='ocrx_word' id='word_1_410' title='bbox 2392 2402 2561 2439; x_wconf 89' lang='lat' dir='ltr'><strong>meus.</strong></span> <span class='ocrx_word' id='word_1_411' title='bbox 2595 2387 2684 2440; x_wconf 95' lang='lat' dir='ltr'><strong>Ille</strong></span> <span class='ocrx_word' id='word_1_412' title='bbox 2717 2402 2840 2440; x_wconf 86' lang='lat' dir='ltr'><strong>vero</strong></span> <span class='ocrx_word' id='word_1_413' title='bbox 2867 2388 3052 2441; x_wconf 85' lang='lat' dir='ltr'><strong>noluit.</strong></span> <span class='ocrx_word' id='word_1_414' title='bbox 3098 2388 3311 2442; x_wconf 88' lang='lat' dir='ltr'><strong>Viderat</strong></span> <span class='ocrx_word' id='word_1_415' title='bbox 3341 2405 3436 2443; x_wconf 87' lang='lat' dir='ltr'><strong>att-</strong></span> 
     </span>
    </p>
   </div>
   <div class='ocr_carea' id='block_1_54' title="bbox 1870 2478 3435 2547">
    <p class='ocr_par' dir='ltr' id='par_1_54' title="bbox 1870 2478 3435 2547">
     <span class='ocr_line' id='line_1_54' title="bbox 1870 2478 3435 2547; baseline -0.001 -12"><span class='ocrx_word' id='word_1_416' title='bbox 1870 2490 1979 2536; x_wconf 90' lang='lat' dir='ltr'><strong>tem</strong></span> <span class='ocrx_word' id='word_1_417' title='bbox 2024 2495 2143 2534; x_wconf 92' lang='lat' dir='ltr'><strong>eum</strong></span> <span class='ocrx_word' id='word_1_418' title='bbox 2176 2478 2480 2547; x_wconf 78' lang='lat' dir='ltr'><strong>frequenter</strong></span> <span class='ocrx_word' id='word_1_419' title='bbox 2507 2480 2741 2533; x_wconf 91' lang='lat' dir='ltr'><strong>convicia</strong></span> <span class='ocrx_word' id='word_1_420' title='bbox 2774 2480 3041 2546; x_wconf 73' lang='lat' dir='ltr'><strong>perferre,</strong></span> <span class='ocrx_word' id='word_1_421' title='bbox 3074 2489 3125 2533; x_wconf 90' lang='lat' dir='ltr'><strong>et</strong></span> <span class='ocrx_word' id='word_1_422' title='bbox 3157 2481 3360 2547; x_wconf 85' lang='lat' dir='ltr'><strong>percuti</strong></span> <span class='ocrx_word' id='word_1_423' title='bbox 3405 2496 3435 2534; x_wconf 91' lang='lat' dir='ltr'><strong>a</strong></span> 
     </span>
    </p>
   </div>
   <div class='ocr_carea' id='block_1_55' title="bbox 1872 2572 3437 2641">
    <p class='ocr_par' dir='ltr' id='par_1_55' title="bbox 1872 2572 3437 2641">
     <span class='ocr_line' id='line_1_55' title="bbox 1872 2572 3437 2641; baseline -0.001 -12"><span class='ocrx_word' id='word_1_424' title='bbox 1872 2575 2143 2629; x_wconf 86' lang='lat' dir='ltr'><strong>conservis</strong></span> <span class='ocrx_word' id='word_1_425' title='bbox 2173 2573 2302 2626; x_wconf 91' lang='lat' dir='ltr'><strong>suis.</strong></span> <span class='ocrx_word' id='word_1_426' title='bbox 2331 2572 2604 2626; x_wconf 85' lang='lat' dir='ltr'><strong>Habebam</strong></span> <span class='ocrx_word' id='word_1_427' title='bbox 2627 2582 2802 2626; x_wconf 91' lang='lat' dir='ltr'><strong>autem</strong></span> <span class='ocrx_word' id='word_1_428' title='bbox 2830 2586 2950 2626; x_wconf 91' lang='lat' dir='ltr'><strong>eum</strong></span> <span class='ocrx_word' id='word_1_429' title='bbox 2983 2581 3228 2641; x_wconf 87' lang='lat' dir='ltr'><strong>tanquam</strong></span> <span class='ocrx_word' id='word_1_430' title='bbox 3251 2587 3437 2627; x_wconf 86' lang='lat' dir='ltr'><strong>amen—</strong></span> 
     </span>
    </p>
   </div>
   <div class='ocr_carea' id='block_1_56' title="bbox 1877 2665 3440 2732">
    <p class='ocr_par' dir='ltr' id='par_1_56' title="bbox 1877 2665 3440 2732">
     <span class='ocr_line' id='line_1_56' title="bbox 1877 2665 3440 2732; baseline -0.001 -11"><span class='ocrx_word' id='word_1_431' title='bbox 1877 2677 1999 2732; x_wconf 89' lang='lat' dir='ltr'><strong>tem,</strong></span> <span class='ocrx_word' id='word_1_432' title='bbox 2029 2667 2097 2721; x_wconf 90' lang='lat' dir='ltr'><strong>ita</strong></span> <span class='ocrx_word' id='word_1_433' title='bbox 2128 2674 2187 2720; x_wconf 94' lang='lat' dir='ltr'><strong>ut</strong></span> <span class='ocrx_word' id='word_1_434' title='bbox 2222 2675 2275 2720; x_wconf 91' lang='lat' dir='ltr'><strong>et</strong></span> <span class='ocrx_word' id='word_1_435' title='bbox 2306 2680 2500 2719; x_wconf 91' lang='lat' dir='ltr'><strong>nomen</strong></span> <span class='ocrx_word' id='word_1_436' title='bbox 2548 2665 2594 2718; x_wconf 89' lang='lat' dir='ltr'><strong>ei</strong></span> <span class='ocrx_word' id='word_1_437' title='bbox 2629 2665 2958 2732; x_wconf 89' lang='lat' dir='ltr'><strong>imponerent</strong></span> <span class='ocrx_word' id='word_1_438' title='bbox 2984 2665 3247 2718; x_wconf 86' lang='lat' dir='ltr'><strong>Amentis.</strong></span> <span class='ocrx_word' id='word_1_439' title='bbox 3296 2666 3440 2731; x_wconf 86' lang='lat' dir='ltr'><strong>Quo-</strong></span> 
     </span>
    </p>
   </div>
   <div class='ocr_carea' id='block_1_57' title="bbox 1877 2756 3439 2827">
    <p class='ocr_par' dir='ltr' id='par_1_57' title="bbox 1877 2756 3439 2827">
     <span class='ocr_line' id='line_1_57' title="bbox 1877 2756 3439 2827; baseline -0.001 -14"><span class='ocrx_word' id='word_1_440' title='bbox 1877 2759 2184 2827; x_wconf 89' lang='lat' dir='ltr'><strong>tiescunque</strong></span> <span class='ocrx_word' id='word_1_441' title='bbox 2232 2771 2361 2826; x_wconf 90' lang='lat' dir='ltr'><strong>ergo</strong></span> <span class='ocrx_word' id='word_1_442' title='bbox 2413 2756 2738 2810; x_wconf 90' lang='lat' dir='ltr'><strong>tribulabant</strong></span> <span class='ocrx_word' id='word_1_443' title='bbox 2786 2769 2905 2808; x_wconf 92' lang='lat' dir='ltr'><strong>eum</strong></span> <span class='ocrx_word' id='word_1_444' title='bbox 2937 2756 3181 2810; x_wconf 89' lang='lat' dir='ltr'><strong>conservi</strong></span> <span class='ocrx_word' id='word_1_445' title='bbox 3226 2756 3338 2821; x_wconf 92' lang='lat' dir='ltr'><strong>sui,</strong></span> <span class='ocrx_word' id='word_1_446' title='bbox 3384 2767 3439 2811; x_wconf 91' lang='lat' dir='ltr'><strong>et</strong></span> 
     </span>
    </p>
   </div>
   <div class='ocr_carea' id='block_1_58' title="bbox 1877 2847 3441 2915">
    <p class='ocr_par' dir='ltr' id='par_1_58' title="bbox 1877 2847 3441 2915">
     <span class='ocr_line' id='line_1_58' title="bbox 1877 2847 3441 2915; baseline -0.001 -11"><span class='ocrx_word' id='word_1_447' title='bbox 1877 2849 2178 2904; x_wconf 85' lang='lat' dir='ltr'><strong>dormiebat</strong></span> <span class='ocrx_word' id='word_1_448' title='bbox 2199 2847 2253 2901; x_wconf 90' lang='lat' dir='ltr'><strong>in</strong></span> <span class='ocrx_word' id='word_1_449' title='bbox 2286 2848 2645 2911; x_wconf 90' lang='lat' dir='ltr'><strong>tribulatione,</strong></span> <span class='ocrx_word' id='word_1_450' title='bbox 2674 2847 2958 2915; x_wconf 79' lang='lat' dir='ltr'><strong>apparebat</strong></span> <span class='ocrx_word' id='word_1_451' title='bbox 2986 2847 3032 2901; x_wconf 93' lang='lat' dir='ltr'><strong>ei</strong></span> <span class='ocrx_word' id='word_1_452' title='bbox 3066 2847 3153 2915; x_wconf 93' lang='lat' dir='ltr'><strong>qui</strong></span> <span class='ocrx_word' id='word_1_453' title='bbox 3180 2847 3228 2900; x_wconf 94' lang='lat' dir='ltr'><strong>in</strong></span> <span class='ocrx_word' id='word_1_454' title='bbox 3267 2848 3441 2902; x_wconf 69' lang='lat' dir='ltr'><strong>Al‘rica</strong></span> 
     </span>
    </p>
   </div>
   <div class='ocr_carea' id='block_1_59' title="bbox 1879 2939 3442 3009">
    <p class='ocr_par' dir='ltr' id='par_1_59' title="bbox 1879 2939 3442 3009">
     <span class='ocr_line' id='line_1_59' title="bbox 1879 2939 3442 3009; baseline -0.002 -13"><span class='ocrx_word' id='word_1_455' title='bbox 1879 2941 1957 2996; x_wconf 91' lang='lat' dir='ltr'><strong>illi</strong></span> <span class='ocrx_word' id='word_1_456' title='bbox 2005 2951 2343 3009; x_wconf 86' lang='lat' dir='ltr'><strong>apparuerat,</strong></span> <span class='ocrx_word' id='word_1_457' title='bbox 2393 2941 2616 2995; x_wconf 89' lang='lat' dir='ltr'><strong>vestitus</strong></span> <span class='ocrx_word' id='word_1_458' title='bbox 2664 2939 2952 3008; x_wconf 87' lang='lat' dir='ltr'><strong>esophorio</strong></span> <span class='ocrx_word' id='word_1_459' title='bbox 2983 2939 3120 3008; x_wconf 87' lang='lat' dir='ltr'><strong>ejus,</strong></span> <span class='ocrx_word' id='word_1_460' title='bbox 3155 2948 3341 2994; x_wconf 88' lang='lat' dir='ltr'><strong>tenens</strong></span> <span class='ocrx_word' id='word_1_461' title='bbox 3389 2948 3442 2993; x_wconf 91' lang='lat' dir='ltr'><strong>et</strong></span> 
     </span>
    </p>
   </div>
   <div class='ocr_carea' id='block_1_60' title="bbox 1879 3028 3441 3100">
    <p class='ocr_par' dir='ltr' id='par_1_60' title="bbox 1879 3028 3441 3100">
     <span class='ocr_line' id='line_1_60' title="bbox 1879 3028 3441 3100; baseline -0.001 -16"><span class='ocrx_word' id='word_1_462' title='bbox 1879 3030 1967 3084; x_wconf 89' lang='lat' dir='ltr'><strong>illa</strong></span> <span class='ocrx_word' id='word_1_463' title='bbox 1996 3031 2205 3100; x_wconf 87' lang='lat' dir='ltr'><strong>triginta</strong></span> <span class='ocrx_word' id='word_1_464' title='bbox 2252 3029 2567 3083; x_wconf 91' lang='lat' dir='ltr'><strong>numismata</strong></span> <span class='ocrx_word' id='word_1_465' title='bbox 2620 3028 2673 3082; x_wconf 93' lang='lat' dir='ltr'><strong>in</strong></span> <span class='ocrx_word' id='word_1_466' title='bbox 2709 3043 2896 3094; x_wconf 89' lang='lat' dir='ltr'><strong>manu,</strong></span> <span class='ocrx_word' id='word_1_467' title='bbox 2949 3028 3132 3083; x_wconf 88' lang='lat' dir='ltr'><strong>dicens</strong></span> <span class='ocrx_word' id='word_1_468' title='bbox 3180 3032 3278 3084; x_wconf 90' lang='lat' dir='ltr'><strong>ei:</strong></span> <span class='ocrx_word' id='word_1_469' title='bbox 3326 3030 3441 3083; x_wconf 84' lang='lat' dir='ltr'><strong>Noli</strong></span> 
     </span>
    </p>
   </div>
   <div class='ocr_carea' id='block_1_61' title="bbox 1880 3119 3441 3190">
    <p class='ocr_par' dir='ltr' id='par_1_61' title="bbox 1880 3119 3441 3190">
     <span class='ocr_line' id='line_1_61' title="bbox 1880 3119 3441 3190; baseline 0.002 -16"><span class='ocrx_word' id='word_1_470' title='bbox 1880 3129 2100 3176; x_wconf 71' lang='lat' dir='ltr'><strong>moestus</strong></span> <span class='ocrx_word' id='word_1_471' title='bbox 2143 3135 2282 3189; x_wconf 91' lang='lat' dir='ltr'><strong>esse,</strong></span> <span class='ocrx_word' id='word_1_472' title='bbox 2332 3120 2491 3175; x_wconf 81' lang='lat' dir='ltr'><strong>frater</strong></span> <span class='ocrx_word' id='word_1_473' title='bbox 2522 3119 2696 3183; x_wconf 89' lang='lat' dir='ltr'><strong>Petre,</strong></span> <span class='ocrx_word' id='word_1_474' title='bbox 2727 3133 2826 3189; x_wconf 85' lang='lat' dir='ltr'><strong>ego</strong></span> <span class='ocrx_word' id='word_1_475' title='bbox 2865 3120 3071 3188; x_wconf 89' lang='lat' dir='ltr'><strong>suscepi</strong></span> <span class='ocrx_word' id='word_1_476' title='bbox 3118 3131 3172 3175; x_wconf 92' lang='lat' dir='ltr'><strong>et</strong></span> <span class='ocrx_word' id='word_1_477' title='bbox 3219 3120 3441 3190; x_wconf 86' lang='lat' dir='ltr'><strong>pretium</strong></span> 
     </span>
    </p>
   </div>
   <div class='ocr_carea' id='block_1_62' title="bbox 221 3210 3106 3304">
    <p class='ocr_par' dir='ltr' id='par_1_62' title="bbox 221 3210 3106 3304">
     <span class='ocr_line' id='line_1_62' title="bbox 221 3210 3106 3304; baseline -0.009 -12"><span class='ocrx_word' id='word_1_478' title='bbox 221 3210 329 3301; x_wconf 66' lang='lat' dir='ltr'><strong>sui,</strong></span> <span class='ocrx_word' id='word_1_479' title='bbox 412 3210 641 3293; x_wconf 78' lang='lat' dir='ltr'><strong>sedebat</strong></span> <span class='ocrx_word' id='word_1_480' title='bbox 697 3231 919 3304; x_wconf 88' lang='lat' dir='ltr'><strong>plorans</strong></span> <span class='ocrx_word' id='word_1_481' title='bbox 967 3247 1024 3294; x_wconf 79' lang='lat' dir='ltr'><strong>et</strong></span> <span class='ocrx_word' id='word_1_482' title='bbox 1095 3234 1374 3303; x_wconf 88' lang='lat' dir='ltr'><strong>cogitans:</strong></span> <span class='ocrx_word' id='word_1_483' title='bbox 1413 3233 1542 3298; x_wconf 83' lang='lat' dir='ltr'><strong>Quia</strong></span> <span class='ocrx_word' id='word_1_484' title='bbox 1577 3248 1680 3286; x_wconf 92' lang='lat' dir='ltr'><strong>non</strong></span> <span class='ocrx_word' id='word_1_485' title='bbox 1707 3233 1776 3284; x_wconf 80' lang='lat' dir='ltr'><strong>iui</strong></span> <span class='ocrx_word' id='word_1_486' title='bbox 1804 3212 1852 3276; x_wconf 87' lang='lat' dir='ltr'><strong>C</strong></span> <span class='ocrx_word' id='word_1_487' title='bbox 1883 3211 1977 3276; x_wconf 88' lang='lat' dir='ltr'><strong>tui,</strong></span> <span class='ocrx_word' id='word_1_488' title='bbox 2009 3210 2100 3266; x_wconf 89' lang='lat' dir='ltr'><strong>sed</strong></span> <span class='ocrx_word' id='word_1_489' title='bbox 2133 3220 2374 3264; x_wconf 89' lang='lat' dir='ltr'><strong>sustenta</strong></span> <span class='ocrx_word' id='word_1_490' title='bbox 2408 3225 2570 3279; x_wconf 89' lang='lat' dir='ltr'><strong>usque</strong></span> <span class='ocrx_word' id='word_1_491' title='bbox 2599 3211 2722 3265; x_wconf 88' lang='lat' dir='ltr'><strong>dum</strong></span> <span class='ocrx_word' id='word_1_492' title='bbox 2749 3212 3106 3280; x_wconf 89' lang='lat' dir='ltr'><strong>eognosearis.</strong></span> 
     </span>
    </p>
   </div>
   <div class='ocr_carea' id='block_1_63' title="bbox 224 3324 1779 3398">
    <p class='ocr_par' dir='ltr' id='par_1_63' title="bbox 224 3324 1779 3398">
     <span class='ocr_line' id='line_1_63' title="bbox 224 3324 1779 3398; baseline -0.005 -17"><span class='ocrx_word' id='word_1_493' title='bbox 224 3327 437 3396; x_wconf 87' lang='lat' dir='ltr'><strong>dignus,</strong></span> <span class='ocrx_word' id='word_1_494' title='bbox 486 3328 672 3398; x_wconf 88' lang='lat' dir='ltr'><strong>inquit,</strong></span> <span class='ocrx_word' id='word_1_495' title='bbox 709 3337 765 3384; x_wconf 94' lang='lat' dir='ltr'><strong>ut</strong></span> <span class='ocrx_word' id='word_1_496' title='bbox 801 3328 907 3382; x_wconf 89' lang='lat' dir='ltr'><strong>tnei</strong></span> <span class='ocrx_word' id='word_1_497' title='bbox 951 3327 1260 3382; x_wconf 88' lang='lat' dir='ltr'><strong>memoriam</strong></span> <span class='ocrx_word' id='word_1_498' title='bbox 1300 3324 1522 3378; x_wconf 89' lang='lat' dir='ltr'><strong>haberet</strong></span> <span class='ocrx_word' id='word_1_499' title='bbox 1557 3337 1779 3393; x_wconf 88' lang='lat' dir='ltr'><strong>egenus.</strong></span> 
     </span>
    </p>
   </div>
   <div class='ocr_carea' id='block_1_64' title="bbox 224 3411 1785 3486">
    <p class='ocr_par' dir='ltr' id='par_1_64' title="bbox 224 3411 1785 3486">
     <span class='ocr_line' id='line_1_64' title="bbox 224 3411 1785 3486; baseline -0.004 -16"><span class='ocrx_word' id='word_1_500' title='bbox 224 3413 359 3470; x_wconf 87' lang='lat' dir='ltr'><strong>Cum</strong></span> <span class='ocrx_word' id='word_1_501' title='bbox 404 3431 527 3486; x_wconf 88' lang='lat' dir='ltr'><strong>ergo</strong></span> <span class='ocrx_word' id='word_1_502' title='bbox 573 3419 898 3482; x_wconf 81' lang='lat' dir='ltr'><strong>anxiaretur,</strong></span> <span class='ocrx_word' id='word_1_503' title='bbox 945 3415 1295 3477; x_wconf 87' lang='lat' dir='ltr'><strong>obdormivit;</strong></span> <span class='ocrx_word' id='word_1_504' title='bbox 1351 3422 1406 3468; x_wconf 92' lang='lat' dir='ltr'><strong>et</strong></span> <span class='ocrx_word' id='word_1_505' title='bbox 1452 3426 1576 3468; x_wconf 86' lang='lat' dir='ltr'><strong>ecce</strong></span> <span class='ocrx_word' id='word_1_506' title='bbox 1647 3411 1785 3464; x_wconf 86' lang='lat' dir='ltr'><strong>vidit</strong></span> 
     </span>
    </p>
   </div>
   <div class='ocr_carea' id='block_1_65' title="bbox 224 3503 1783 3576">
    <p class='ocr_par' dir='ltr' id='par_1_65' title="bbox 224 3503 1783 3576">
     <span class='ocr_line' id='line_1_65' title="bbox 224 3503 1783 3576; baseline -0.004 -15"><span class='ocrx_word' id='word_1_507' title='bbox 224 3505 508 3576; x_wconf 85' lang='lat' dir='ltr'><strong>quemdam</strong></span> <span class='ocrx_word' id='word_1_508' title='bbox 561 3508 863 3576; x_wconf 89' lang='lat' dir='ltr'><strong>speciosum</strong></span> <span class='ocrx_word' id='word_1_509' title='bbox 940 3515 1186 3574; x_wconf 91' lang='lat' dir='ltr'><strong>tanquam</strong></span> <span class='ocrx_word' id='word_1_510' title='bbox 1260 3503 1466 3567; x_wconf 92' lang='lat' dir='ltr'><strong>solem,</strong></span> <span class='ocrx_word' id='word_1_511' title='bbox 1529 3503 1783 3556; x_wconf 80' lang='lat' dir='ltr'><strong>ferentem</strong></span> 
     </span>
    </p>
   </div>
   <div class='ocr_carea' id='block_1_66' title="bbox 225 3595 1787 3668">
    <p class='ocr_par' dir='ltr' id='par_1_66' title="bbox 225 3595 1787 3668">
     <span class='ocr_line' id='line_1_66' title="bbox 225 3595 1787 3668; baseline -0.004 -14"><span class='ocrx_word' id='word_1_512' title='bbox 225 3613 439 3654; x_wconf 86' lang='lat' dir='ltr'><strong>crucem</strong></span> <span class='ocrx_word' id='word_1_513' title='bbox 472 3615 633 3668; x_wconf 86' lang='lat' dir='ltr'><strong>super</strong></span> <span class='ocrx_word' id='word_1_514' title='bbox 658 3607 814 3668; x_wconf 91' lang='lat' dir='ltr'><strong>caput</strong></span> <span class='ocrx_word' id='word_1_515' title='bbox 836 3613 989 3652; x_wconf 84' lang='lat' dir='ltr'><strong>suum</strong></span> <span class='ocrx_word' id='word_1_516' title='bbox 1013 3606 1066 3652; x_wconf 91' lang='lat' dir='ltr'><strong>et</strong></span> <span class='ocrx_word' id='word_1_517' title='bbox 1090 3596 1451 3666; x_wconf 90' lang='lat' dir='ltr'><strong>esophorium,</strong></span> <span class='ocrx_word' id='word_1_518' title='bbox 1471 3595 1608 3664; x_wconf 89' lang='lat' dir='ltr'><strong>quod</strong></span> <span class='ocrx_word' id='word_1_519' title='bbox 1628 3595 1787 3647; x_wconf 90' lang='lat' dir='ltr'><strong>dede-</strong></span> 
     </span>
    </p>
   </div>
   <div class='ocr_carea' id='block_1_67' title="bbox 228 3688 1787 3758">
    <p class='ocr_par' dir='ltr' id='par_1_67' title="bbox 228 3688 1787 3758">
     <span class='ocr_line' id='line_1_67' title="bbox 228 3688 1787 3758; baseline -0.003 -12"><span class='ocrx_word' id='word_1_520' title='bbox 228 3700 315 3746; x_wconf 86' lang='lat' dir='ltr'><strong>rat</strong></span> <span class='ocrx_word' id='word_1_521' title='bbox 369 3700 579 3758; x_wconf 86' lang='lat' dir='ltr'><strong>nautae,</strong></span> <span class='ocrx_word' id='word_1_522' title='bbox 643 3693 981 3746; x_wconf 90' lang='lat' dir='ltr'><strong>assistentem</strong></span> <span class='ocrx_word' id='word_1_523' title='bbox 1023 3691 1121 3745; x_wconf 88' lang='lat' dir='ltr'><strong>sibi</strong></span> <span class='ocrx_word' id='word_1_524' title='bbox 1164 3701 1218 3745; x_wconf 90' lang='lat' dir='ltr'><strong>et</strong></span> <span class='ocrx_word' id='word_1_525' title='bbox 1287 3691 1547 3745; x_wconf 90' lang='lat' dir='ltr'><strong>dicentem</strong></span> <span class='ocrx_word' id='word_1_526' title='bbox 1599 3706 1612 3741; x_wconf 88' lang='lat'><strong>:</strong></span> <span class='ocrx_word' id='word_1_527' title='bbox 1653 3688 1787 3754; x_wconf 87' lang='lat' dir='ltr'><strong>Quid</strong></span> 
     </span>
    </p>
   </div>
   <div class='ocr_carea' id='block_1_68' title="bbox 229 3782 1791 3850">
    <p class='ocr_par' dir='ltr' id='par_1_68' title="bbox 229 3782 1791 3850">
     <span class='ocr_line' id='line_1_68' title="bbox 229 3782 1791 3850; baseline -0.001 -15"><span class='ocrx_word' id='word_1_528' title='bbox 229 3783 431 3850; x_wconf 88' lang='lat' dir='ltr'><strong>ploras,</strong></span> <span class='ocrx_word' id='word_1_529' title='bbox 456 3783 668 3837; x_wconf 86' lang='lat' dir='ltr'><strong>domine</strong></span> <span class='ocrx_word' id='word_1_530' title='bbox 693 3783 894 3837; x_wconf 81' lang='lat' dir='ltr'><strong>Petre?</strong></span> <span class='ocrx_word' id='word_1_531' title='bbox 926 3783 1035 3836; x_wconf 87' lang='lat' dir='ltr'><strong>Iloc</strong></span> <span class='ocrx_word' id='word_1_532' title='bbox 1060 3782 1200 3835; x_wconf 89' lang='lat' dir='ltr'><strong>enim</strong></span> <span class='ocrx_word' id='word_1_533' title='bbox 1232 3791 1346 3835; x_wconf 82' lang='lat' dir='ltr'><strong>erat</strong></span> <span class='ocrx_word' id='word_1_534' title='bbox 1374 3783 1418 3834; x_wconf 89' lang='lat' dir='ltr'><strong>ei</strong></span> <span class='ocrx_word' id='word_1_535' title='bbox 1452 3796 1662 3835; x_wconf 89' lang='lat' dir='ltr'><strong>nomen.</strong></span> <span class='ocrx_word' id='word_1_536' title='bbox 1701 3782 1791 3834; x_wconf 91' lang='lat' dir='ltr'><strong>Ille</strong></span> 
     </span>
    </p>
   </div>
   <div class='ocr_carea' id='block_1_69' title="bbox 231 3870 1788 3940">
    <p class='ocr_par' dir='ltr' id='par_1_69' title="bbox 231 3870 1788 3940">
     <span class='ocr_line' id='line_1_69' title="bbox 231 3870 1788 3940; baseline -0.001 -15"><span class='ocrx_word' id='word_1_537' title='bbox 231 3887 361 3927; x_wconf 90' lang='lat' dir='ltr'><strong>vero</strong></span> <span class='ocrx_word' id='word_1_538' title='bbox 390 3874 543 3938; x_wconf 77' lang='lat' dir='ltr'><strong>dixit,</strong></span> <span class='ocrx_word' id='word_1_539' title='bbox 597 3882 654 3927; x_wconf 95' lang='lat' dir='ltr'><strong>ut</strong></span> <span class='ocrx_word' id='word_1_540' title='bbox 691 3874 757 3928; x_wconf 91' lang='lat' dir='ltr'><strong>ad</strong></span> <span class='ocrx_word' id='word_1_541' title='bbox 799 3874 961 3928; x_wconf 93' lang='lat' dir='ltr'><strong>Deum</strong></span> <span class='ocrx_word' id='word_1_542' title='bbox 992 3872 1268 3940; x_wconf 91' lang='lat' dir='ltr'><strong>disputans</strong></span> <span class='ocrx_word' id='word_1_543' title='bbox 1307 3887 1320 3924; x_wconf 90' lang='lat'><strong>:</strong></span> <span class='ocrx_word' id='word_1_544' title='bbox 1352 3871 1507 3937; x_wconf 89' lang='lat' dir='ltr'><strong>Quia,</strong></span> <span class='ocrx_word' id='word_1_545' title='bbox 1537 3870 1788 3934; x_wconf 89' lang='lat' dir='ltr'><strong>Domine,</strong></span> 
     </span>
    </p>
   </div>
   <div class='ocr_carea' id='block_1_70' title="bbox 232 3958 1793 4031">
    <p class='ocr_par' dir='ltr' id='par_1_70' title="bbox 232 3958 1793 4031">
     <span class='ocr_line' id='line_1_70' title="bbox 232 3958 1793 4031; baseline -0.003 -15"><span class='ocrx_word' id='word_1_546' title='bbox 232 3975 298 4016; x_wconf 85' lang='lat' dir='ltr'><strong>ex</strong></span> <span class='ocrx_word' id='word_1_547' title='bbox 329 3962 519 4031; x_wconf 90' lang='lat' dir='ltr'><strong>quibus</strong></span> <span class='ocrx_word' id='word_1_548' title='bbox 567 3963 776 4031; x_wconf 87' lang='lat' dir='ltr'><strong>largiris</strong></span> <span class='ocrx_word' id='word_1_549' title='bbox 804 3962 979 4028; x_wconf 89' lang='lat' dir='ltr'><strong>nobis,</strong></span> <span class='ocrx_word' id='word_1_550' title='bbox 1011 3962 1198 4015; x_wconf 90' lang='lat' dir='ltr'><strong>damus</strong></span> <span class='ocrx_word' id='word_1_551' title='bbox 1226 3961 1402 4022; x_wconf 81' lang='lat' dir='ltr'><strong>alicui,</strong></span> <span class='ocrx_word' id='word_1_552' title='bbox 1451 3967 1505 4012; x_wconf 86' lang='lat' dir='ltr'><strong>et</strong></span> <span class='ocrx_word' id='word_1_553' title='bbox 1544 3958 1594 4011; x_wconf 88' lang='lat' dir='ltr'><strong>in</strong></span> <span class='ocrx_word' id='word_1_554' title='bbox 1641 3970 1793 4026; x_wconf 88' lang='lat' dir='ltr'><strong>turpe</strong></span> 
     </span>
    </p>
   </div>
   <div class='ocr_carea' id='block_1_71' title="bbox 231 4049 1794 4121">
    <p class='ocr_par' dir='ltr' id='par_1_71' title="bbox 231 4049 1794 4121">
     <span class='ocr_line' id='line_1_71' title="bbox 231 4049 1794 4121; baseline 0.001 -17"><span class='ocrx_word' id='word_1_555' title='bbox 231 4051 437 4105; x_wconf 92' lang='lat' dir='ltr'><strong>lucrum</strong></span> <span class='ocrx_word' id='word_1_556' title='bbox 473 4061 681 4106; x_wconf 88' lang='lat' dir='ltr'><strong>vertunt</strong></span> <span class='ocrx_word' id='word_1_557' title='bbox 706 4053 1044 4121; x_wconf 87' lang='lat' dir='ltr'><strong>accipientes.</strong></span> <span class='ocrx_word' id='word_1_558' title='bbox 1070 4052 1219 4105; x_wconf 86' lang='lat' dir='ltr'><strong>Tunc</strong></span> <span class='ocrx_word' id='word_1_559' title='bbox 1246 4050 1371 4104; x_wconf 85' lang='lat' dir='ltr'><strong>dicit</strong></span> <span class='ocrx_word' id='word_1_560' title='bbox 1396 4052 1441 4105; x_wconf 90' lang='lat' dir='ltr'><strong>ei</strong></span> <span class='ocrx_word' id='word_1_561' title='bbox 1470 4067 1479 4100; x_wconf 92' lang='lat'>:</span> <span class='ocrx_word' id='word_1_562' title='bbox 1508 4049 1794 4118; x_wconf 89' lang='lat' dir='ltr'><strong>Cognoscis</strong></span> 
     </span>
    </p>
   </div>
   <div class='ocr_carea' id='block_1_72' title="bbox 235 4142 1796 4212">
    <p class='ocr_par' dir='ltr' id='par_1_72' title="bbox 235 4142 1796 4212">
     <span class='ocr_line' id='line_1_72' title="bbox 235 4142 1796 4212; baseline 0.001 -18"><span class='ocrx_word' id='word_1_563' title='bbox 235 4142 374 4196; x_wconf 76' lang='lat' dir='ltr'><strong>hoc?</strong></span> <span class='ocrx_word' id='word_1_564' title='bbox 407 4143 471 4196; x_wconf 86' lang='lat' dir='ltr'><strong>Et</strong></span> <span class='ocrx_word' id='word_1_565' title='bbox 513 4143 742 4197; x_wconf 88' lang='lat' dir='ltr'><strong>ostendit</strong></span> <span class='ocrx_word' id='word_1_566' title='bbox 770 4145 820 4198; x_wconf 92' lang='lat' dir='ltr'><strong>ei</strong></span> <span class='ocrx_word' id='word_1_567' title='bbox 851 4146 971 4212; x_wconf 88' lang='lat' dir='ltr'><strong>quia</strong></span> <span class='ocrx_word' id='word_1_568' title='bbox 1005 4143 1214 4198; x_wconf 89' lang='lat' dir='ltr'><strong>deintus</strong></span> <span class='ocrx_word' id='word_1_569' title='bbox 1244 4144 1471 4198; x_wconf 86' lang='lat' dir='ltr'><strong>vestitus</strong></span> <span class='ocrx_word' id='word_1_570' title='bbox 1499 4153 1638 4198; x_wconf 89' lang='lat' dir='ltr'><strong>esset</strong></span> <span class='ocrx_word' id='word_1_571' title='bbox 1681 4144 1796 4212; x_wconf 88' lang='lat' dir='ltr'><strong>ejus</strong></span> 
     </span>
    </p>
   </div>
   <div class='ocr_carea' id='block_1_73' title="bbox 233 4232 1798 4304">
    <p class='ocr_par' dir='ltr' id='par_1_73' title="bbox 233 4232 1798 4304">
     <span class='ocr_line' id='line_1_73' title="bbox 233 4232 1798 4304; baseline 0.003 -18"><span class='ocrx_word' id='word_1_572' title='bbox 233 4232 538 4299; x_wconf 87' lang='lat' dir='ltr'><strong>esophorio.</strong></span> <span class='ocrx_word' id='word_1_573' title='bbox 582 4232 719 4288; x_wconf 90' lang='lat' dir='ltr'><strong>Dicit</strong></span> <span class='ocrx_word' id='word_1_574' title='bbox 768 4234 814 4288; x_wconf 92' lang='lat' dir='ltr'><strong>ei</strong></span> <span class='ocrx_word' id='word_1_575' title='bbox 846 4250 859 4287; x_wconf 89' lang='lat'><strong>:</strong></span> <span class='ocrx_word' id='word_1_576' title='bbox 895 4235 1032 4288; x_wconf 88' lang='lat' dir='ltr'><strong>Ecce</strong></span> <span class='ocrx_word' id='word_1_577' title='bbox 1081 4249 1178 4302; x_wconf 94' lang='lat' dir='ltr'><strong>ego</strong></span> <span class='ocrx_word' id='word_1_578' title='bbox 1214 4235 1306 4288; x_wconf 92' lang='lat' dir='ltr'><strong>illo</strong></span> <span class='ocrx_word' id='word_1_579' title='bbox 1347 4236 1560 4296; x_wconf 91' lang='lat' dir='ltr'><strong>vestior,</strong></span> <span class='ocrx_word' id='word_1_580' title='bbox 1592 4250 1656 4289; x_wconf 77' lang='lat' dir='ltr'><strong>ex</strong></span> <span class='ocrx_word' id='word_1_581' title='bbox 1692 4250 1798 4304; x_wconf 89' lang='lat' dir='ltr'><strong>quo</strong></span> 
     </span>
    </p>
   </div>
   <div class='ocr_carea' id='block_1_74' title="bbox 231 4321 1796 4392">
    <p class='ocr_par' dir='ltr' id='par_1_74' title="bbox 231 4321 1796 4392">
     <span class='ocr_line' id='line_1_74' title="bbox 231 4321 1796 4392; baseline 0.004 -18"><span class='ocrx_word' id='word_1_582' title='bbox 231 4321 426 4375; x_wconf 84' lang='lat' dir='ltr'><strong>dedisti</strong></span> <span class='ocrx_word' id='word_1_583' title='bbox 457 4321 587 4376; x_wconf 89' lang='lat' dir='ltr'><strong>mibi</strong></span> <span class='ocrx_word' id='word_1_584' title='bbox 615 4324 743 4386; x_wconf 87' lang='lat' dir='ltr'><strong>hoc;</strong></span> <span class='ocrx_word' id='word_1_585' title='bbox 773 4332 828 4377; x_wconf 90' lang='lat' dir='ltr'><strong>et</strong></span> <span class='ocrx_word' id='word_1_586' title='bbox 855 4324 1050 4392; x_wconf 86' lang='lat' dir='ltr'><strong>gratias</strong></span> <span class='ocrx_word' id='word_1_587' title='bbox 1078 4339 1177 4392; x_wconf 89' lang='lat' dir='ltr'><strong>ago</strong></span> <span class='ocrx_word' id='word_1_588' title='bbox 1206 4326 1457 4379; x_wconf 86' lang='lat' dir='ltr'><strong>voluntati</strong></span> <span class='ocrx_word' id='word_1_589' title='bbox 1489 4335 1589 4380; x_wconf 62' lang='lat' dir='ltr'><strong>tua:</strong></span> <span class='ocrx_word' id='word_1_590' title='bbox 1613 4327 1796 4392; x_wconf 86' lang='lat' dir='ltr'><strong>bonae,</strong></span> 
     </span>
    </p>
   </div>
   <div class='ocr_carea' id='block_1_75' title="bbox 231 4411 1801 4483">
    <p class='ocr_par' dir='ltr' id='par_1_75' title="bbox 231 4411 1801 4483">
     <span class='ocr_line' id='line_1_75' title="bbox 231 4411 1801 4483; baseline 0.003 -18"><span class='ocrx_word' id='word_1_591' title='bbox 231 4411 485 4480; x_wconf 84' lang='lat' dir='ltr'><strong>quoniam</strong></span> <span class='ocrx_word' id='word_1_592' title='bbox 513 4411 711 4481; x_wconf 80' lang='lat' dir='ltr'><strong>frigore</strong></span> <span class='ocrx_word' id='word_1_593' title='bbox 735 4413 1030 4483; x_wconf 73' lang='lat' dir='ltr'><strong>afﬂigebar,</strong></span> <span class='ocrx_word' id='word_1_594' title='bbox 1060 4424 1112 4467; x_wconf 89' lang='lat' dir='ltr'><strong>et</strong></span> <span class='ocrx_word' id='word_1_595' title='bbox 1141 4423 1192 4467; x_wconf 93' lang='lat' dir='ltr'><strong>tu</strong></span> <span class='ocrx_word' id='word_1_596' title='bbox 1215 4415 1532 4482; x_wconf 86' lang='lat' dir='ltr'><strong>coeperuisti</strong></span> <span class='ocrx_word' id='word_1_597' title='bbox 1573 4431 1676 4469; x_wconf 91' lang='lat' dir='ltr'><strong>me.</strong></span> <span class='ocrx_word' id='word_1_598' title='bbox 1721 4416 1801 4470; x_wconf 88' lang='lat' dir='ltr'><strong>Ad</strong></span> 
     </span>
    </p>
   </div>
   <div class='ocr_carea' id='block_1_76' title="bbox 235 4505 1800 4572">
    <p class='ocr_par' dir='ltr' id='par_1_76' title="bbox 235 4505 1800 4572">
     <span class='ocr_line' id='line_1_76' title="bbox 235 4505 1800 4572; baseline 0.001 -14"><span class='ocrx_word' id='word_1_599' title='bbox 235 4516 297 4558; x_wconf 85' lang='lat' dir='ltr'><strong>se</strong></span> <span class='ocrx_word' id='word_1_600' title='bbox 324 4517 450 4572; x_wconf 89' lang='lat' dir='ltr'><strong>ergo</strong></span> <span class='ocrx_word' id='word_1_601' title='bbox 485 4517 752 4571; x_wconf 88' lang='lat' dir='ltr'><strong>reversus,</strong></span> <span class='ocrx_word' id='word_1_602' title='bbox 784 4505 1076 4558; x_wconf 87' lang='lat' dir='ltr'><strong>admiratus</strong></span> <span class='ocrx_word' id='word_1_603' title='bbox 1105 4513 1204 4570; x_wconf 89' lang='lat' dir='ltr'><strong>est,</strong></span> <span class='ocrx_word' id='word_1_604' title='bbox 1234 4513 1286 4559; x_wconf 91' lang='lat' dir='ltr'><strong>et</strong></span> <span class='ocrx_word' id='word_1_605' title='bbox 1313 4505 1476 4572; x_wconf 77' lang='lat' dir='ltr'><strong>coepit</strong></span> <span class='ocrx_word' id='word_1_606' title='bbox 1498 4505 1800 4560; x_wconf 80' lang='lat' dir='ltr'><strong>beatiﬁcare</strong></span> 
     </span>
    </p>
   </div>
   <div class='ocr_carea' id='block_1_77' title="bbox 1955 3321 3446 3395">
    <p class='ocr_par' dir='ltr' id='par_1_77' title="bbox 1955 3321 3446 3395">
     <span class='ocr_line' id='line_1_77' title="bbox 1955 3321 3446 3395; baseline 0.002 -17"><span class='ocrx_word' id='word_1_607' title='bbox 1955 3322 2082 3378; x_wconf 87' lang='lat' dir='ltr'><strong>Post</strong></span> <span class='ocrx_word' id='word_1_608' title='bbox 2110 3321 2319 3392; x_wconf 83' lang='lat' dir='ltr'><strong>aliquod</strong></span> <span class='ocrx_word' id='word_1_609' title='bbox 2349 3336 2474 3376; x_wconf 92' lang='lat' dir='ltr'><strong>vero</strong></span> <span class='ocrx_word' id='word_1_610' title='bbox 2521 3331 2750 3392; x_wconf 90' lang='lat' dir='ltr'><strong>tempus,</strong></span> <span class='ocrx_word' id='word_1_611' title='bbox 2778 3330 3039 3378; x_wconf 90' lang='lat' dir='ltr'><strong>venerunt</strong></span> <span class='ocrx_word' id='word_1_612' title='bbox 3065 3338 3092 3376; x_wconf 91' lang='lat' dir='ltr'><strong>a</strong></span> <span class='ocrx_word' id='word_1_613' title='bbox 3135 3324 3301 3392; x_wconf 90' lang='lat' dir='ltr'><strong>patria</strong></span> <span class='ocrx_word' id='word_1_614' title='bbox 3330 3326 3446 3395; x_wconf 88' lang='lat' dir='ltr'><strong>ejus</strong></span> 
     </span>
    </p>
   </div>
   <div class='ocr_carea' id='block_1_78' title="bbox 1886 3415 3449 3484">
    <p class='ocr_par' dir='ltr' id='par_1_78' title="bbox 1886 3415 3449 3484">
     <span class='ocr_line' id='line_1_78' title="bbox 1886 3415 3449 3484; baseline 0.001 -16"><span class='ocrx_word' id='word_1_615' title='bbox 1886 3415 2098 3484; x_wconf 90' lang='lat' dir='ltr'><strong>quidam</strong></span> <span class='ocrx_word' id='word_1_616' title='bbox 2127 3415 2327 3482; x_wconf 90' lang='lat' dir='ltr'><strong>argenti</strong></span> <span class='ocrx_word' id='word_1_617' title='bbox 2359 3415 2690 3480; x_wconf 90' lang='lat' dir='ltr'><strong>venditores,</strong></span> <span class='ocrx_word' id='word_1_618' title='bbox 2721 3424 2776 3468; x_wconf 92' lang='lat' dir='ltr'><strong>ut</strong></span> <span class='ocrx_word' id='word_1_619' title='bbox 2801 3426 3014 3470; x_wconf 90' lang='lat' dir='ltr'><strong>orarent</strong></span> <span class='ocrx_word' id='word_1_620' title='bbox 3055 3417 3118 3469; x_wconf 92' lang='lat' dir='ltr'><strong>ad</strong></span> <span class='ocrx_word' id='word_1_621' title='bbox 3171 3417 3282 3470; x_wconf 93' lang='lat' dir='ltr'><strong>loca</strong></span> <span class='ocrx_word' id='word_1_622' title='bbox 3329 3433 3449 3470; x_wconf 86' lang='lat' dir='ltr'><strong>san-</strong></span> 
     </span>
    </p>
   </div>
   <div class='ocr_carea' id='block_1_79' title="bbox 1888 3504 3449 3571">
    <p class='ocr_par' dir='ltr' id='par_1_79' title="bbox 1888 3504 3449 3571">
     <span class='ocr_line' id='line_1_79' title="bbox 1888 3504 3449 3571; baseline 0.001 -11"><span class='ocrx_word' id='word_1_623' title='bbox 1888 3516 1969 3560; x_wconf 89' lang='lat' dir='ltr'><strong>eta</strong></span> <span class='ocrx_word' id='word_1_624' title='bbox 1988 3522 2001 3569; x_wconf 92' lang='lat'><strong>;</strong></span> <span class='ocrx_word' id='word_1_625' title='bbox 2021 3514 2072 3559; x_wconf 90' lang='lat' dir='ltr'><strong>et</strong></span> <span class='ocrx_word' id='word_1_626' title='bbox 2100 3504 2340 3558; x_wconf 91' lang='lat' dir='ltr'><strong>invitavit</strong></span> <span class='ocrx_word' id='word_1_627' title='bbox 2362 3520 2452 3559; x_wconf 92' lang='lat' dir='ltr'><strong>eos</strong></span> <span class='ocrx_word' id='word_1_628' title='bbox 2477 3505 2539 3559; x_wconf 90' lang='lat' dir='ltr'><strong>ad</strong></span> <span class='ocrx_word' id='word_1_629' title='bbox 2565 3505 2840 3571; x_wconf 91' lang='lat' dir='ltr'><strong>prandium</strong></span> <span class='ocrx_word' id='word_1_630' title='bbox 2863 3505 3109 3561; x_wconf 89' lang='lat' dir='ltr'><strong>dominus</strong></span> <span class='ocrx_word' id='word_1_631' title='bbox 3127 3507 3324 3560; x_wconf 91' lang='lat' dir='ltr'><strong>domini</strong></span> <span class='ocrx_word' id='word_1_632' title='bbox 3353 3507 3449 3562; x_wconf 87' lang='lat' dir='ltr'><strong>Pe-</strong></span> 
     </span>
    </p>
   </div>
   <div class='ocr_carea' id='block_1_80' title="bbox 1891 3595 3447 3668">
    <p class='ocr_par' dir='ltr' id='par_1_80' title="bbox 1891 3595 3447 3668">
     <span class='ocr_line' id='line_1_80' title="bbox 1891 3595 3447 3668; baseline 0.003 -20"><span class='ocrx_word' id='word_1_633' title='bbox 1891 3596 1983 3660; x_wconf 91' lang='lat' dir='ltr'><strong>tri;</strong></span> <span class='ocrx_word' id='word_1_634' title='bbox 2010 3606 2064 3650; x_wconf 91' lang='lat' dir='ltr'><strong>et</strong></span> <span class='ocrx_word' id='word_1_635' title='bbox 2091 3611 2208 3651; x_wconf 92' lang='lat' dir='ltr'><strong>cum</strong></span> <span class='ocrx_word' id='word_1_636' title='bbox 2238 3595 2580 3662; x_wconf 89' lang='lat' dir='ltr'><strong>ministraret,</strong></span> <span class='ocrx_word' id='word_1_637' title='bbox 2609 3597 2781 3648; x_wconf 88' lang='lat' dir='ltr'><strong>statim</strong></span> <span class='ocrx_word' id='word_1_638' title='bbox 2817 3597 2902 3649; x_wconf 92' lang='lat' dir='ltr'><strong>ille</strong></span> <span class='ocrx_word' id='word_1_639' title='bbox 2930 3598 3174 3664; x_wconf 84' lang='lat' dir='ltr'><strong>cognovit</strong></span> <span class='ocrx_word' id='word_1_640' title='bbox 3204 3613 3311 3652; x_wconf 84' lang='lat' dir='ltr'><strong>eos.</strong></span> <span class='ocrx_word' id='word_1_641' title='bbox 3342 3599 3447 3668; x_wconf 87' lang='lat' dir='ltr'><strong>Ipsi</strong></span> 
     </span>
    </p>
   </div>
   <div class='ocr_carea' id='block_1_81' title="bbox 1890 3685 3446 3754">
    <p class='ocr_par' dir='ltr' id='par_1_81' title="bbox 1890 3685 3446 3754">
     <span class='ocr_line' id='line_1_81' title="bbox 1890 3685 3446 3754; baseline 0.002 -17"><span class='ocrx_word' id='word_1_642' title='bbox 1890 3695 2064 3741; x_wconf 89' lang='lat' dir='ltr'><strong>autem</strong></span> <span class='ocrx_word' id='word_1_643' title='bbox 2110 3687 2230 3740; x_wconf 91' lang='lat' dir='ltr'><strong>dum</strong></span> <span class='ocrx_word' id='word_1_644' title='bbox 2278 3685 2624 3752; x_wconf 88' lang='lat' dir='ltr'><strong>pranderent,</strong></span> <span class='ocrx_word' id='word_1_645' title='bbox 2660 3693 2932 3754; x_wconf 58' lang='lat' dir='ltr'><strong>coeperunt</strong></span> <span class='ocrx_word' id='word_1_646' title='bbox 2977 3689 3253 3754; x_wconf 82' lang='lat' dir='ltr'><strong>aﬂignrare</strong></span> <span class='ocrx_word' id='word_1_647' title='bbox 3293 3703 3446 3752; x_wconf 93' lang='lat' dir='ltr'><strong>eum,</strong></span> 
     </span>
    </p>
   </div>
   <div class='ocr_carea' id='block_1_82' title="bbox 1890 3776 3451 3846">
    <p class='ocr_par' dir='ltr' id='par_1_82' title="bbox 1890 3776 3451 3846">
     <span class='ocr_line' id='line_1_82' title="bbox 1890 3776 3451 3846; baseline 0.002 -16"><span class='ocrx_word' id='word_1_648' title='bbox 1890 3786 1944 3831; x_wconf 90' lang='lat' dir='ltr'><strong>et</strong></span> <span class='ocrx_word' id='word_1_649' title='bbox 1968 3777 2196 3830; x_wconf 89' lang='lat' dir='ltr'><strong>invicem</strong></span> <span class='ocrx_word' id='word_1_650' title='bbox 2227 3776 2289 3829; x_wconf 92' lang='lat' dir='ltr'><strong>ad</strong></span> <span class='ocrx_word' id='word_1_651' title='bbox 2318 3791 2470 3828; x_wconf 89' lang='lat' dir='ltr'><strong>aures</strong></span> <span class='ocrx_word' id='word_1_652' title='bbox 2496 3776 2673 3829; x_wconf 89' lang='lat' dir='ltr'><strong>dicere</strong></span> <span class='ocrx_word' id='word_1_653' title='bbox 2701 3792 2712 3828; x_wconf 90' lang='lat'>:</span> <span class='ocrx_word' id='word_1_654' title='bbox 2747 3776 2910 3842; x_wconf 91' lang='lat' dir='ltr'><strong>Quam</strong></span> <span class='ocrx_word' id='word_1_655' title='bbox 2954 3777 3147 3830; x_wconf 88' lang='lat' dir='ltr'><strong>similat</strong></span> <span class='ocrx_word' id='word_1_656' title='bbox 3176 3793 3307 3846; x_wconf 92' lang='lat' dir='ltr'><strong>puer</strong></span> <span class='ocrx_word' id='word_1_657' title='bbox 3351 3779 3451 3833; x_wconf 86' lang='lat' dir='ltr'><strong>iste</strong></span> 
     </span>
    </p>
   </div>
   <div class='ocr_carea' id='block_1_83' title="bbox 1892 3868 3451 3938">
    <p class='ocr_par' dir='ltr' id='par_1_83' title="bbox 1892 3868 3451 3938">
     <span class='ocr_line' id='line_1_83' title="bbox 1892 3868 3451 3938; baseline 0 -14"><span class='ocrx_word' id='word_1_658' title='bbox 1892 3870 2106 3924; x_wconf 89' lang='lat' dir='ltr'><strong>domino</strong></span> <span class='ocrx_word' id='word_1_659' title='bbox 2137 3869 2293 3923; x_wconf 87' lang='lat' dir='ltr'><strong>Petro</strong></span> <span class='ocrx_word' id='word_1_660' title='bbox 2325 3868 2628 3922; x_wconf 88' lang='lat' dir='ltr'><strong>teloneario.</strong></span> <span class='ocrx_word' id='word_1_661' title='bbox 2661 3868 2751 3922; x_wconf 93' lang='lat' dir='ltr'><strong>Ille</strong></span> <span class='ocrx_word' id='word_1_662' title='bbox 2788 3883 2913 3923; x_wconf 89' lang='lat' dir='ltr'><strong>vero</strong></span> <span class='ocrx_word' id='word_1_663' title='bbox 2936 3870 3249 3936; x_wconf 89' lang='lat' dir='ltr'><strong>occultabat,</strong></span> <span class='ocrx_word' id='word_1_664' title='bbox 3281 3887 3451 3938; x_wconf 89' lang='lat' dir='ltr'><strong>quan-</strong></span> 
     </span>
    </p>
   </div>
   <div class='ocr_carea' id='block_1_84' title="bbox 1894 3960 3449 4031">
    <p class='ocr_par' dir='ltr' id='par_1_84' title="bbox 1894 3960 3449 4031">
     <span class='ocr_line' id='line_1_84' title="bbox 1894 3960 3449 4031; baseline 0.002 -17"><span class='ocrx_word' id='word_1_665' title='bbox 1894 3969 2004 4014; x_wconf 90' lang='lat' dir='ltr'><strong>tum</strong></span> <span class='ocrx_word' id='word_1_666' title='bbox 2037 3968 2260 4029; x_wconf 90' lang='lat' dir='ltr'><strong>poterat,</strong></span> <span class='ocrx_word' id='word_1_667' title='bbox 2288 3962 2484 4013; x_wconf 90' lang='lat' dir='ltr'><strong>vultum</strong></span> <span class='ocrx_word' id='word_1_668' title='bbox 2529 3974 2704 4014; x_wconf 87' lang='lat' dir='ltr'><strong>suum.</strong></span> <span class='ocrx_word' id='word_1_669' title='bbox 2743 3960 2933 4014; x_wconf 90' lang='lat' dir='ltr'><strong>Iterum</strong></span> <span class='ocrx_word' id='word_1_670' title='bbox 2966 3976 3093 4031; x_wconf 85' lang='lat' dir='ltr'><strong>ergo</strong></span> <span class='ocrx_word' id='word_1_671' title='bbox 3121 3962 3449 4017; x_wconf 85' lang='lat' dir='ltr'><strong>cnmedenti—</strong></span> 
     </span>
    </p>
   </div>
   <div class='ocr_carea' id='block_1_85' title="bbox 1895 4052 3454 4121">
    <p class='ocr_par' dir='ltr' id='par_1_85' title="bbox 1895 4052 3454 4121">
     <span class='ocr_line' id='line_1_85' title="bbox 1895 4052 3454 4121; baseline 0.001 -14"><span class='ocrx_word' id='word_1_672' title='bbox 1895 4053 1992 4107; x_wconf 90' lang='lat' dir='ltr'><strong>bus</strong></span> <span class='ocrx_word' id='word_1_673' title='bbox 2022 4055 2118 4117; x_wconf 90' lang='lat' dir='ltr'><strong>eis,</strong></span> <span class='ocrx_word' id='word_1_674' title='bbox 2151 4063 2421 4121; x_wconf 70' lang='lat' dir='ltr'><strong>cmperunt</strong></span> <span class='ocrx_word' id='word_1_675' title='bbox 2443 4053 2616 4106; x_wconf 91' lang='lat' dir='ltr'><strong>dicere</strong></span> <span class='ocrx_word' id='word_1_676' title='bbox 2638 4053 2701 4105; x_wconf 91' lang='lat' dir='ltr'><strong>ad</strong></span> <span class='ocrx_word' id='word_1_677' title='bbox 2728 4068 2845 4106; x_wconf 89' lang='lat' dir='ltr'><strong>eum</strong></span> <span class='ocrx_word' id='word_1_678' title='bbox 2867 4052 2953 4121; x_wconf 87' lang='lat' dir='ltr'><strong>qui</strong></span> <span class='ocrx_word' id='word_1_679' title='bbox 2984 4069 3075 4107; x_wconf 91' lang='lat' dir='ltr'><strong>eos</strong></span> <span class='ocrx_word' id='word_1_680' title='bbox 3107 4053 3454 4108; x_wconf 79' lang='lat' dir='ltr'><strong>invitaverat:</strong></span> 
     </span>
    </p>
   </div>
   <div class='ocr_carea' id='block_1_86' title="bbox 1898 4143 3454 4212">
    <p class='ocr_par' dir='ltr' id='par_1_86' title="bbox 1898 4143 3454 4212">
     <span class='ocr_line' id='line_1_86' title="bbox 1898 4143 3454 4212; baseline -0.001 -12"><span class='ocrx_word' id='word_1_681' title='bbox 1898 4145 2035 4200; x_wconf 89' lang='lat' dir='ltr'><strong>Vere</strong></span> <span class='ocrx_word' id='word_1_682' title='bbox 2064 4154 2327 4212; x_wconf 89' lang='lat' dir='ltr'><strong>putamus,</strong></span> <span class='ocrx_word' id='word_1_683' title='bbox 2372 4159 2456 4199; x_wconf 90' lang='lat' dir='ltr'><strong>res</strong></span> <span class='ocrx_word' id='word_1_684' title='bbox 2487 4145 2577 4199; x_wconf 93' lang='lat' dir='ltr'><strong>tibi</strong></span> <span class='ocrx_word' id='word_1_685' title='bbox 2602 4159 2785 4212; x_wconf 86' lang='lat' dir='ltr'><strong>magna</strong></span> <span class='ocrx_word' id='word_1_686' title='bbox 2817 4144 3011 4207; x_wconf 85' lang='lat' dir='ltr'><strong>evenit,</strong></span> <span class='ocrx_word' id='word_1_687' title='bbox 3041 4143 3252 4199; x_wconf 88' lang='lat' dir='ltr'><strong>domine</strong></span> <span class='ocrx_word' id='word_1_688' title='bbox 3279 4145 3454 4210; x_wconf 88' lang='lat' dir='ltr'><strong>Zoile;</strong></span> 
     </span>
    </p>
   </div>
   <div class='ocr_carea' id='block_1_87' title="bbox 1901 4234 3456 4303">
    <p class='ocr_par' dir='ltr' id='par_1_87' title="bbox 1901 4234 3456 4303">
     <span class='ocr_line' id='line_1_87' title="bbox 1901 4234 3456 4303; baseline -0.001 -10"><span class='ocrx_word' id='word_1_689' title='bbox 1901 4238 2116 4303; x_wconf 90' lang='lat' dir='ltr'><strong>etenim,</strong></span> <span class='ocrx_word' id='word_1_690' title='bbox 2167 4237 2267 4290; x_wconf 90' lang='lat' dir='ltr'><strong>nisi</strong></span> <span class='ocrx_word' id='word_1_691' title='bbox 2315 4250 2574 4299; x_wconf 87' lang='lat' dir='ltr'><strong>erramus,</strong></span> <span class='ocrx_word' id='word_1_692' title='bbox 2607 4234 2866 4303; x_wconf 90' lang='lat' dir='ltr'><strong>publicam</strong></span> <span class='ocrx_word' id='word_1_693' title='bbox 2897 4250 3173 4303; x_wconf 88' lang='lat' dir='ltr'><strong>personam</strong></span> <span class='ocrx_word' id='word_1_694' title='bbox 3217 4236 3268 4291; x_wconf 90' lang='lat' dir='ltr'><strong>in</strong></span> <span class='ocrx_word' id='word_1_695' title='bbox 3303 4238 3456 4291; x_wconf 85' lang='lat' dir='ltr'><strong>mini-</strong></span> 
     </span>
    </p>
   </div>
   <div class='ocr_carea' id='block_1_88' title="bbox 1900 4325 3454 4396">
    <p class='ocr_par' dir='ltr' id='par_1_88' title="bbox 1900 4325 3454 4396">
     <span class='ocr_line' id='line_1_88' title="bbox 1900 4325 3454 4396; baseline -0.001 -14"><span class='ocrx_word' id='word_1_696' title='bbox 1900 4328 2064 4382; x_wconf 91' lang='lat' dir='ltr'><strong>sterio</strong></span> <span class='ocrx_word' id='word_1_697' title='bbox 2095 4336 2184 4380; x_wconf 94' lang='lat' dir='ltr'><strong>tuo</strong></span> <span class='ocrx_word' id='word_1_698' title='bbox 2213 4326 2394 4381; x_wconf 87' lang='lat' dir='ltr'><strong>habes.</strong></span> <span class='ocrx_word' id='word_1_699' title='bbox 2442 4325 2624 4391; x_wconf 84' lang='lat' dir='ltr'><strong>Neque</strong></span> <span class='ocrx_word' id='word_1_700' title='bbox 2651 4325 2788 4378; x_wconf 92' lang='lat' dir='ltr'><strong>enitn</strong></span> <span class='ocrx_word' id='word_1_701' title='bbox 2823 4325 3060 4379; x_wconf 88' lang='lat' dir='ltr'><strong>sciebant</strong></span> <span class='ocrx_word' id='word_1_702' title='bbox 3087 4327 3302 4393; x_wconf 92' lang='lat' dir='ltr'><strong>certius,</strong></span> <span class='ocrx_word' id='word_1_703' title='bbox 3335 4344 3454 4396; x_wconf 80' lang='lat' dir='ltr'><strong>quia</strong></span> 
     </span>
    </p>
   </div>
   <div class='ocr_carea' id='block_1_89' title="bbox 1901 4414 3458 4484">
    <p class='ocr_par' dir='ltr' id='par_1_89' title="bbox 1901 4414 3458 4484">
     <span class='ocr_line' id='line_1_89' title="bbox 1901 4414 3458 4484; baseline -0.001 -13"><span class='ocrx_word' id='word_1_704' title='bbox 1901 4425 2015 4471; x_wconf 89' lang='lat' dir='ltr'><strong>erat</strong></span> <span class='ocrx_word' id='word_1_705' title='bbox 2035 4415 2102 4468; x_wconf 93' lang='lat' dir='ltr'><strong>de</strong></span> <span class='ocrx_word' id='word_1_706' title='bbox 2127 4415 2351 4484; x_wconf 89' lang='lat' dir='ltr'><strong>coquina</strong></span> <span class='ocrx_word' id='word_1_707' title='bbox 2381 4424 2432 4467; x_wconf 93' lang='lat' dir='ltr'><strong>et</strong></span> <span class='ocrx_word' id='word_1_708' title='bbox 2477 4414 2678 4483; x_wconf 80' lang='lat' dir='ltr'><strong>jejunio</strong></span> <span class='ocrx_word' id='word_1_709' title='bbox 2706 4423 3059 4468; x_wconf 88' lang='lat' dir='ltr'><strong>commutatus</strong></span> <span class='ocrx_word' id='word_1_710' title='bbox 3099 4416 3273 4469; x_wconf 89' lang='lat' dir='ltr'><strong>vultus</strong></span> <span class='ocrx_word' id='word_1_711' title='bbox 3319 4418 3458 4484; x_wconf 90' lang='lat' dir='ltr'><strong>ejus.</strong></span> 
     </span>
    </p>
   </div>
   <div class='ocr_carea' id='block_1_90' title="bbox 1901 4505 3456 4575">
    <p class='ocr_par' dir='ltr' id='par_1_90' title="bbox 1901 4505 3456 4575">
     <span class='ocr_line' id='line_1_90' title="bbox 1901 4505 3456 4575; baseline 0.002 -16"><span class='ocrx_word' id='word_1_712' title='bbox 1901 4506 2000 4560; x_wconf 94' lang='lat' dir='ltr'><strong>Diu</strong></span> <span class='ocrx_word' id='word_1_713' title='bbox 2033 4506 2190 4575; x_wconf 91' lang='lat' dir='ltr'><strong>igitur</strong></span> <span class='ocrx_word' id='word_1_714' title='bbox 2222 4505 2676 4559; x_wconf 85' lang='lat' dir='ltr'><strong>considerantibus</strong></span> <span class='ocrx_word' id='word_1_715' title='bbox 2719 4519 2861 4570; x_wconf 93' lang='lat' dir='ltr'><strong>eum,</strong></span> <span class='ocrx_word' id='word_1_716' title='bbox 2907 4505 3033 4558; x_wconf 91' lang='lat' dir='ltr'><strong>dicit</strong></span> <span class='ocrx_word' id='word_1_717' title='bbox 3060 4521 3192 4559; x_wconf 91' lang='lat' dir='ltr'><strong>unus</strong></span> <span class='ocrx_word' id='word_1_718' title='bbox 3230 4520 3295 4560; x_wconf 80' lang='lat' dir='ltr'><strong>ex</strong></span> <span class='ocrx_word' id='word_1_719' title='bbox 3335 4507 3411 4560; x_wconf 90' lang='lat' dir='ltr'><strong>eis</strong></span> <span class='ocrx_word' id='word_1_720' title='bbox 3443 4528 3456 4562; x_wconf 92' lang='lat'><strong>:</strong></span> 
     </span>
    </p>
   </div>
   <div class='ocr_carea' id='block_1_91' title="bbox 237 4577 3458 4663">
    <p class='ocr_par' dir='ltr' id='par_1_91' title="bbox 237 4577 3458 4663">
     <span class='ocr_line' id='line_1_91' title="bbox 237 4577 3458 4663; baseline 0.001 -15"><span class='ocrx_word' id='word_1_721' title='bbox 237 4597 434 4663; x_wconf 74' lang='lat' dir='ltr'><strong>egentis</strong></span> <span class='ocrx_word' id='word_1_722' title='bbox 458 4603 512 4649; x_wconf 91' lang='lat' dir='ltr'><strong>et</strong></span> <span class='ocrx_word' id='word_1_723' title='bbox 553 4594 769 4650; x_wconf 87' lang='lat' dir='ltr'><strong>dicere:</strong></span> <span class='ocrx_word' id='word_1_724' title='bbox 804 4595 945 4648; x_wconf 85' lang='lat' dir='ltr'><strong>Vivit</strong></span> <span class='ocrx_word' id='word_1_725' title='bbox 973 4594 1243 4653; x_wconf 89' lang='lat' dir='ltr'><strong>Dominus.</strong></span> <span class='ocrx_word' id='word_1_726' title='bbox 1274 4597 1318 4650; x_wconf 88' lang='lat' dir='ltr'><strong>si</strong></span> <span class='ocrx_word' id='word_1_727' title='bbox 1344 4596 1528 4663; x_wconf 88' lang='lat' dir='ltr'><strong>inepes</strong></span> <span class='ocrx_word' id='word_1_728' title='bbox 1559 4597 1798 4651; x_wconf 87' lang='lat' dir='ltr'><strong>Christus</strong></span> <span class='ocrx_word' id='word_1_729' title='bbox 1824 4577 1878 4638; x_wconf 74' lang='grc' dir='ltr'><strong>Ι)</strong></span> <span class='ocrx_word' id='word_1_730' title='bbox 1906 4595 2040 4651; x_wconf 87' lang='lat' dir='ltr'><strong>Vere</strong></span> <span class='ocrx_word' id='word_1_731' title='bbox 2069 4595 2312 4649; x_wconf 90' lang='lat' dir='ltr'><strong>dominus</strong></span> <span class='ocrx_word' id='word_1_732' title='bbox 2363 4595 2548 4649; x_wconf 87' lang='lat' dir='ltr'><strong>Petrus</strong></span> <span class='ocrx_word' id='word_1_733' title='bbox 2589 4602 2688 4658; x_wconf 84' lang='lat' dir='ltr'><strong>est,</strong></span> <span class='ocrx_word' id='word_1_734' title='bbox 2736 4606 2945 4662; x_wconf 89' lang='lat' dir='ltr'><strong>surgam</strong></span> <span class='ocrx_word' id='word_1_735' title='bbox 2990 4602 3042 4647; x_wconf 93' lang='lat' dir='ltr'><strong>et</strong></span> <span class='ocrx_word' id='word_1_736' title='bbox 3084 4595 3276 4649; x_wconf 91' lang='lat' dir='ltr'><strong>tenebo</strong></span> <span class='ocrx_word' id='word_1_737' title='bbox 3314 4610 3458 4650; x_wconf 90' lang='lat' dir='ltr'><strong>eum.</strong></span> 
     </span>
    </p>
   </div>
   <div class='ocr_carea' id='block_1_92' title="bbox 236 4685 1794 4754">
    <p class='ocr_par' dir='ltr' id='par_1_92' title="bbox 236 4685 1794 4754">
     <span class='ocr_line' id='line_1_92' title="bbox 236 4685 1794 4754; baseline 0.001 -17"><span class='ocrx_word' id='word_1_738' title='bbox 236 4698 393 4739; x_wconf 83' lang='lat' dir='ltr'><strong>meus</strong></span> <span class='ocrx_word' id='word_1_739' title='bbox 423 4693 565 4749; x_wconf 89' lang='lat' dir='ltr'><strong>sunt,</strong></span> <span class='ocrx_word' id='word_1_740' title='bbox 617 4699 718 4740; x_wconf 91' lang='lat' dir='ltr'><strong>non</strong></span> <span class='ocrx_word' id='word_1_741' title='bbox 744 4685 968 4749; x_wconf 89' lang='lat' dir='ltr'><strong>moriar,</strong></span> <span class='ocrx_word' id='word_1_742' title='bbox 999 4693 1056 4740; x_wconf 92' lang='lat' dir='ltr'><strong>et</strong></span> <span class='ocrx_word' id='word_1_743' title='bbox 1094 4686 1214 4738; x_wconf 83' lang='lat' dir='ltr'><strong>ﬁam</strong></span> <span class='ocrx_word' id='word_1_744' title='bbox 1255 4693 1502 4754; x_wconf 90' lang='lat' dir='ltr'><strong>tauquam</strong></span> <span class='ocrx_word' id='word_1_745' title='bbox 1549 4701 1687 4740; x_wconf 93' lang='lat' dir='ltr'><strong>unus</strong></span> <span class='ocrx_word' id='word_1_746' title='bbox 1731 4702 1794 4739; x_wconf 81' lang='lat' dir='ltr'><strong>ex</strong></span> 
     </span>
    </p>
   </div>
   <div class='ocr_carea' id='block_1_93' title="bbox 237 4773 343 4830">
    <p class='ocr_par' dir='ltr' id='par_1_93' title="bbox 237 4773 343 4830">
     <span class='ocr_line' id='line_1_93' title="bbox 237 4773 343 4830; baseline -0.009 0"><span class='ocrx_word' id='word_1_747' title='bbox 237 4773 343 4830; x_wconf 85' lang='lat' dir='ltr'><strong>eis.</strong></span> 
     </span>
    </p>
   </div>
   <div class='ocr_carea' id='block_1_94' title="bbox 311 4865 1801 4936">
    <p class='ocr_par' dir='ltr' id='par_1_94' title="bbox 311 4865 1801 4936">
     <span class='ocr_line' id='line_1_94' title="bbox 311 4865 1801 4936; baseline 0 -17"><span class='ocrx_word' id='word_1_748' title='bbox 311 4865 582 4921; x_wconf 84' lang='lat' dir='ltr'><strong>Accersito</strong></span> <span class='ocrx_word' id='word_1_749' title='bbox 620 4879 746 4921; x_wconf 92' lang='lat' dir='ltr'><strong>vero</strong></span> <span class='ocrx_word' id='word_1_750' title='bbox 778 4867 982 4921; x_wconf 90' lang='lat' dir='ltr'><strong>notario</strong></span> <span class='ocrx_word' id='word_1_751' title='bbox 1009 4881 1127 4932; x_wconf 88' lang='lat' dir='ltr'><strong>suo,</strong></span> <span class='ocrx_word' id='word_1_752' title='bbox 1175 4880 1332 4936; x_wconf 90' lang='lat' dir='ltr'><strong>quem</strong></span> <span class='ocrx_word' id='word_1_753' title='bbox 1359 4873 1415 4920; x_wconf 91' lang='lat' dir='ltr'><strong>et</strong></span> <span class='ocrx_word' id='word_1_754' title='bbox 1443 4875 1678 4931; x_wconf 90' lang='lat' dir='ltr'><strong>emerat,</strong></span> <span class='ocrx_word' id='word_1_755' title='bbox 1719 4867 1801 4919; x_wconf 84' lang='lat' dir='ltr'><strong>di-</strong></span> 
     </span>
    </p>
   </div>
   <div class='ocr_carea' id='block_1_95' title="bbox 241 4956 1800 5025">
    <p class='ocr_par' dir='ltr' id='par_1_95' title="bbox 241 4956 1800 5025">
     <span class='ocr_line' id='line_1_95' title="bbox 241 4956 1800 5025; baseline -0.001 -14"><span class='ocrx_word' id='word_1_756' title='bbox 241 4957 316 5011; x_wconf 93' lang='lat' dir='ltr'><strong>cit</strong></span> <span class='ocrx_word' id='word_1_757' title='bbox 347 4958 395 5011; x_wconf 92' lang='lat' dir='ltr'><strong>ei</strong></span> <span class='ocrx_word' id='word_1_758' title='bbox 426 4975 436 5008; x_wconf 93' lang='lat'>:</span> <span class='ocrx_word' id='word_1_759' title='bbox 463 4956 737 5012; x_wconf 89' lang='lat' dir='ltr'><strong>Secretum</strong></span> <span class='ocrx_word' id='word_1_760' title='bbox 763 4958 886 5011; x_wconf 82' lang='lat' dir='ltr'><strong>void</strong></span> <span class='ocrx_word' id='word_1_761' title='bbox 914 4958 1133 5011; x_wconf 91' lang='lat' dir='ltr'><strong>credere</strong></span> <span class='ocrx_word' id='word_1_762' title='bbox 1164 4956 1295 5021; x_wconf 91' lang='lat' dir='ltr'><strong>tibi;</strong></span> <span class='ocrx_word' id='word_1_763' title='bbox 1323 4964 1374 5011; x_wconf 91' lang='lat' dir='ltr'><strong>et</strong></span> <span class='ocrx_word' id='word_1_764' title='bbox 1400 4956 1580 5021; x_wconf 90' lang='lat' dir='ltr'><strong>crede,</strong></span> <span class='ocrx_word' id='word_1_765' title='bbox 1610 4956 1655 5009; x_wconf 92' lang='lat' dir='ltr'><strong>si</strong></span> <span class='ocrx_word' id='word_1_766' title='bbox 1678 4969 1800 5025; x_wconf 87' lang='lat' dir='ltr'><strong>pro-</strong></span> 
     </span>
    </p>
   </div>
   <div class='ocr_carea' id='block_1_96' title="bbox 240 5047 1803 5118">
    <p class='ocr_par' dir='ltr' id='par_1_96' title="bbox 240 5047 1803 5118">
     <span class='ocr_line' id='line_1_96' title="bbox 240 5047 1803 5118; baseline -0.001 -17"><span class='ocrx_word' id='word_1_767' title='bbox 240 5048 504 5117; x_wconf 82' lang='lat' dir='ltr'><strong>palaveris</strong></span> <span class='ocrx_word' id='word_1_768' title='bbox 530 5063 636 5114; x_wconf 89' lang='lat' dir='ltr'><strong>me,</strong></span> <span class='ocrx_word' id='word_1_769' title='bbox 666 5049 901 5104; x_wconf 90' lang='lat' dir='ltr'><strong>barbaris</strong></span> <span class='ocrx_word' id='word_1_770' title='bbox 928 5049 1150 5104; x_wconf 90' lang='lat' dir='ltr'><strong>vendam</strong></span> <span class='ocrx_word' id='word_1_771' title='bbox 1175 5058 1249 5113; x_wconf 89' lang='lat' dir='ltr'><strong>te,</strong></span> <span class='ocrx_word' id='word_1_772' title='bbox 1267 5057 1354 5102; x_wconf 91' lang='lat' dir='ltr'><strong>aut</strong></span> <span class='ocrx_word' id='word_1_773' title='bbox 1375 5050 1417 5102; x_wconf 91' lang='lat' dir='ltr'><strong>si</strong></span> <span class='ocrx_word' id='word_1_774' title='bbox 1445 5047 1803 5118; x_wconf 77' lang='lat' dir='ltr'><strong>nonandieris</strong></span> 
     </span>
    </p>
   </div>
   <div class='ocr_carea' id='block_1_97' title="bbox 241 5137 1806 5206">
    <p class='ocr_par' dir='ltr' id='par_1_97' title="bbox 241 5137 1806 5206">
     <span class='ocr_line' id='line_1_97' title="bbox 241 5137 1806 5206; baseline -0.001 -16"><span class='ocrx_word' id='word_1_775' title='bbox 241 5150 353 5190; x_wconf 81' lang='lat' dir='ltr'><strong>tne.</strong></span> <span class='ocrx_word' id='word_1_776' title='bbox 379 5137 477 5190; x_wconf 92' lang='lat' dir='ltr'><strong>Dat</strong></span> <span class='ocrx_word' id='word_1_777' title='bbox 498 5152 621 5192; x_wconf 91' lang='lat' dir='ltr'><strong>vero</strong></span> <span class='ocrx_word' id='word_1_778' title='bbox 635 5137 876 5192; x_wconf 90' lang='lat' dir='ltr'><strong>eidecem</strong></span> <span class='ocrx_word' id='word_1_779' title='bbox 904 5138 1276 5206; x_wconf 87' lang='lat' dir='ltr'><strong>Iibrasauri,et</strong></span> <span class='ocrx_word' id='word_1_780' title='bbox 1303 5138 1428 5192; x_wconf 91' lang='lat' dir='ltr'><strong>dicit</strong></span> <span class='ocrx_word' id='word_1_781' title='bbox 1447 5137 1494 5191; x_wconf 93' lang='lat' dir='ltr'><strong>ei</strong></span> <span class='ocrx_word' id='word_1_782' title='bbox 1521 5155 1534 5191; x_wconf 90' lang='lat'><strong>:</strong></span> <span class='ocrx_word' id='word_1_783' title='bbox 1563 5137 1728 5202; x_wconf 89' lang='lat' dir='ltr'><strong>Vade,</strong></span> <span class='ocrx_word' id='word_1_784' title='bbox 1753 5145 1806 5190; x_wconf 91' lang='lat' dir='ltr'><strong>et</strong></span> 
     </span>
    </p>
   </div>
   <div class='ocr_carea' id='block_1_98' title="bbox 245 5227 1807 5296">
    <p class='ocr_par' dir='ltr' id='par_1_98' title="bbox 245 5227 1807 5296">
     <span class='ocr_line' id='line_1_98' title="bbox 245 5227 1807 5296; baseline 0.002 -18"><span class='ocrx_word' id='word_1_785' title='bbox 245 5239 366 5280; x_wconf 89' lang='lat' dir='ltr'><strong>eme</strong></span> <span class='ocrx_word' id='word_1_786' title='bbox 393 5227 485 5280; x_wconf 90' lang='lat' dir='ltr'><strong>tibi</strong></span> <span class='ocrx_word' id='word_1_787' title='bbox 508 5227 806 5296; x_wconf 81' lang='lat' dir='ltr'><strong>negotium;</strong></span> <span class='ocrx_word' id='word_1_788' title='bbox 835 5237 889 5281; x_wconf 90' lang='lat' dir='ltr'><strong>et</strong></span> <span class='ocrx_word' id='word_1_789' title='bbox 929 5242 1080 5282; x_wconf 91' lang='lat' dir='ltr'><strong>sume</strong></span> <span class='ocrx_word' id='word_1_790' title='bbox 1107 5242 1210 5293; x_wconf 87' lang='lat' dir='ltr'><strong>me,</strong></span> <span class='ocrx_word' id='word_1_791' title='bbox 1244 5235 1298 5282; x_wconf 93' lang='lat' dir='ltr'><strong>et</strong></span> <span class='ocrx_word' id='word_1_792' title='bbox 1337 5227 1442 5280; x_wconf 89' lang='lat' dir='ltr'><strong>duc</strong></span> <span class='ocrx_word' id='word_1_793' title='bbox 1481 5229 1531 5280; x_wconf 93' lang='lat' dir='ltr'><strong>in</strong></span> <span class='ocrx_word' id='word_1_794' title='bbox 1572 5237 1807 5281; x_wconf 91' lang='lat' dir='ltr'><strong>sanctam</strong></span> 
     </span>
    </p>
   </div>
   <div class='ocr_carea' id='block_1_99' title="bbox 245 5314 1809 5385">
    <p class='ocr_par' dir='ltr' id='par_1_99' title="bbox 245 5314 1809 5385">
     <span class='ocr_line' id='line_1_99' title="bbox 245 5314 1809 5385; baseline 0.001 -17"><span class='ocrx_word' id='word_1_795' title='bbox 245 5314 536 5379; x_wconf 87' lang='lat' dir='ltr'><strong>civitatem,</strong></span> <span class='ocrx_word' id='word_1_796' title='bbox 583 5324 633 5369; x_wconf 91' lang='lat' dir='ltr'><strong>et</strong></span> <span class='ocrx_word' id='word_1_797' title='bbox 662 5315 832 5370; x_wconf 91' lang='lat' dir='ltr'><strong>vende</strong></span> <span class='ocrx_word' id='word_1_798' title='bbox 867 5331 949 5370; x_wconf 87' lang='lat' dir='ltr'><strong>me</strong></span> <span class='ocrx_word' id='word_1_799' title='bbox 993 5317 1210 5372; x_wconf 90' lang='lat' dir='ltr'><strong>cuilibet</strong></span> <span class='ocrx_word' id='word_1_800' title='bbox 1235 5316 1556 5382; x_wconf 88' lang='lat' dir='ltr'><strong>Christiano,</strong></span> <span class='ocrx_word' id='word_1_801' title='bbox 1589 5326 1640 5371; x_wconf 89' lang='lat' dir='ltr'><strong>et</strong></span> <span class='ocrx_word' id='word_1_802' title='bbox 1692 5332 1809 5385; x_wconf 91' lang='lat' dir='ltr'><strong>pre-</strong></span> 
     </span>
    </p>
   </div>
   <div class='ocr_carea' id='block_1_100' title="bbox 248 5411 1807 5480">
    <p class='ocr_par' dir='ltr' id='par_1_100' title="bbox 248 5411 1807 5480">
     <span class='ocr_line' id='line_1_100' title="bbox 248 5411 1807 5480; baseline 0.001 -14"><span class='ocrx_word' id='word_1_803' title='bbox 248 5413 379 5466; x_wconf 89' lang='lat' dir='ltr'><strong>tium</strong></span> <span class='ocrx_word' id='word_1_804' title='bbox 409 5412 472 5465; x_wconf 90' lang='lat' dir='ltr'><strong>da</strong></span> <span class='ocrx_word' id='word_1_805' title='bbox 502 5412 835 5480; x_wconf 88' lang='lat' dir='ltr'><strong>pauperibus.</strong></span> <span class='ocrx_word' id='word_1_806' title='bbox 865 5411 1079 5466; x_wconf 83' lang='lat' dir='ltr'><strong>Notarin</strong></span> <span class='ocrx_word' id='word_1_807' title='bbox 1107 5424 1284 5468; x_wconf 89' lang='lat' dir='ltr'><strong>autem</strong></span> <span class='ocrx_word' id='word_1_808' title='bbox 1329 5423 1632 5476; x_wconf 86' lang='lat' dir='ltr'><strong>recusante,</strong></span> <span class='ocrx_word' id='word_1_809' title='bbox 1678 5413 1807 5467; x_wconf 91' lang='lat' dir='ltr'><strong>dicit</strong></span> 
     </span>
    </p>
   </div>
   <div class='ocr_carea' id='block_1_101' title="bbox 249 5503 1809 5576">
    <p class='ocr_par' dir='ltr' id='par_1_101' title="bbox 249 5503 1809 5576">
     <span class='ocr_line' id='line_1_101' title="bbox 249 5503 1809 5576; baseline 0.003 -20"><span class='ocrx_word' id='word_1_810' title='bbox 249 5503 300 5556; x_wconf 91' lang='lat' dir='ltr'><strong>ei</strong></span> <span class='ocrx_word' id='word_1_811' title='bbox 334 5505 520 5558; x_wconf 92' lang='lat' dir='ltr'><strong>iterum</strong></span> <span class='ocrx_word' id='word_1_812' title='bbox 549 5522 562 5558; x_wconf 90' lang='lat'>:</span> <span class='ocrx_word' id='word_1_813' title='bbox 592 5504 847 5570; x_wconf 89' lang='lat' dir='ltr'><strong>Quoniam</strong></span> <span class='ocrx_word' id='word_1_814' title='bbox 879 5504 921 5556; x_wconf 90' lang='lat' dir='ltr'><strong>si</strong></span> <span class='ocrx_word' id='word_1_815' title='bbox 951 5519 1034 5557; x_wconf 91' lang='lat' dir='ltr'><strong>me</strong></span> <span class='ocrx_word' id='word_1_816' title='bbox 1064 5520 1167 5558; x_wconf 92' lang='lat' dir='ltr'><strong>non</strong></span> <span class='ocrx_word' id='word_1_817' title='bbox 1199 5505 1524 5572; x_wconf 88' lang='lat' dir='ltr'><strong>vendideris,</strong></span> <span class='ocrx_word' id='word_1_818' title='bbox 1562 5521 1659 5576; x_wconf 87' lang='lat' dir='ltr'><strong>ego</strong></span> <span class='ocrx_word' id='word_1_819' title='bbox 1683 5521 1809 5561; x_wconf 79' lang='lat' dir='ltr'><strong>ven-</strong></span> 
     </span>
    </p>
   </div>
   <div class='ocr_carea' id='block_1_102' title="bbox 251 5591 1808 5666">
    <p class='ocr_par' dir='ltr' id='par_1_102' title="bbox 251 5591 1808 5666">
     <span class='ocr_line' id='line_1_102' title="bbox 251 5591 1808 5666; baseline 0.004 -21"><span class='ocrx_word' id='word_1_820' title='bbox 251 5591 375 5645; x_wconf 86' lang='lat' dir='ltr'><strong>dam</strong></span> <span class='ocrx_word' id='word_1_821' title='bbox 421 5599 476 5646; x_wconf 86' lang='lat' dir='ltr'><strong>te</strong></span> <span class='ocrx_word' id='word_1_822' title='bbox 507 5593 770 5657; x_wconf 79' lang='lat' dir='ltr'><strong>barbaris,</strong></span> <span class='ocrx_word' id='word_1_823' title='bbox 801 5602 859 5647; x_wconf 93' lang='lat' dir='ltr'><strong>ut</strong></span> <span class='ocrx_word' id='word_1_824' title='bbox 887 5594 1105 5661; x_wconf 64' lang='lat' dir='ltr'><strong>praedixi</strong></span> <span class='ocrx_word' id='word_1_825' title='bbox 1153 5597 1264 5650; x_wconf 90' lang='lat' dir='ltr'><strong>tibi.</strong></span> <span class='ocrx_word' id='word_1_826' title='bbox 1306 5598 1550 5652; x_wconf 84' lang='lat' dir='ltr'><strong>Obedivit</strong></span> <span class='ocrx_word' id='word_1_827' title='bbox 1593 5612 1719 5666; x_wconf 85' lang='lat' dir='ltr'><strong>ergo</strong></span> <span class='ocrx_word' id='word_1_828' title='bbox 1759 5598 1808 5652; x_wconf 89' lang='lat' dir='ltr'><strong>ei</strong></span> 
     </span>
    </p>
   </div>
   <div class='ocr_carea' id='block_1_103' title="bbox 252 5680 1806 5750">
    <p class='ocr_par' dir='ltr' id='par_1_103' title="bbox 252 5680 1806 5750">
     <span class='ocr_line' id='line_1_103' title="bbox 252 5680 1806 5750; baseline 0.007 -19"><span class='ocrx_word' id='word_1_829' title='bbox 252 5680 521 5747; x_wconf 83' lang='lat' dir='ltr'><strong>notarius;</strong></span> <span class='ocrx_word' id='word_1_830' title='bbox 551 5691 604 5736; x_wconf 92' lang='lat' dir='ltr'><strong>et</strong></span> <span class='ocrx_word' id='word_1_831' title='bbox 631 5683 1057 5750; x_wconf 83' lang='lat' dir='ltr'><strong>pervenientibus</strong></span> <span class='ocrx_word' id='word_1_832' title='bbox 1083 5684 1160 5737; x_wconf 91' lang='lat' dir='ltr'><strong>eis</strong></span> <span class='ocrx_word' id='word_1_833' title='bbox 1191 5686 1256 5738; x_wconf 89' lang='lat' dir='ltr'><strong>ad</strong></span> <span class='ocrx_word' id='word_1_834' title='bbox 1285 5696 1464 5740; x_wconf 91' lang='lat' dir='ltr'><strong>sancta</strong></span> <span class='ocrx_word' id='word_1_835' title='bbox 1497 5686 1629 5750; x_wconf 88' lang='lat' dir='ltr'><strong>loca,</strong></span> <span class='ocrx_word' id='word_1_836' title='bbox 1653 5690 1806 5743; x_wconf 91' lang='lat' dir='ltr'><strong>inve-</strong></span> 
     </span>
    </p>
   </div>
   <div class='ocr_carea' id='block_1_104' title="bbox 253 5768 1809 5841">
    <p class='ocr_par' dir='ltr' id='par_1_104' title="bbox 253 5768 1809 5841">
     <span class='ocr_line' id='line_1_104' title="bbox 253 5768 1809 5841; baseline 0.008 -19"><span class='ocrx_word' id='word_1_837' title='bbox 253 5768 337 5824; x_wconf 82' lang='lat' dir='ltr'><strong>uit</strong></span> <span class='ocrx_word' id='word_1_838' title='bbox 355 5768 496 5825; x_wconf 78' lang='lat' dir='ltr'><strong>idem</strong></span> <span class='ocrx_word' id='word_1_839' title='bbox 517 5773 754 5827; x_wconf 87' lang='lat' dir='ltr'><strong>notarius</strong></span> <span class='ocrx_word' id='word_1_840' title='bbox 781 5774 1006 5827; x_wconf 89' lang='lat' dir='ltr'><strong>amicum</strong></span> <span class='ocrx_word' id='word_1_841' title='bbox 1039 5788 1188 5828; x_wconf 85' lang='lat' dir='ltr'><strong>suum</strong></span> <span class='ocrx_word' id='word_1_842' title='bbox 1219 5773 1454 5841; x_wconf 89' lang='lat' dir='ltr'><strong>charum,</strong></span> <span class='ocrx_word' id='word_1_843' title='bbox 1487 5777 1690 5832; x_wconf 83' lang='lat' dir='ltr'><strong>labrum</strong></span> <span class='ocrx_word' id='word_1_844' title='bbox 1726 5794 1809 5834; x_wconf 84' lang='lat' dir='ltr'><strong>ar-</strong></span> 
     </span>
    </p>
   </div>
   <div class='ocr_carea' id='block_1_105' title="bbox 1873 4683 3461 4754">
    <p class='ocr_par' dir='ltr' id='par_1_105' title="bbox 1873 4683 3461 4754">
     <span class='ocr_line' id='line_1_105' title="bbox 1873 4683 3461 4754; baseline -0.001 -13"><span class='ocrx_word' id='word_1_845' title='bbox 1873 4726 1878 4731; x_wconf 73' lang='lat'><strong>.</strong></span> <span class='ocrx_word' id='word_1_846' title='bbox 1909 4687 2071 4741; x_wconf 89' lang='lat' dir='ltr'><strong>Valde</strong></span> <span class='ocrx_word' id='word_1_847' title='bbox 2099 4687 2239 4740; x_wconf 91' lang='lat' dir='ltr'><strong>enim</strong></span> <span class='ocrx_word' id='word_1_848' title='bbox 2270 4685 2553 4754; x_wconf 91' lang='lat' dir='ltr'><strong>imperator</strong></span> <span class='ocrx_word' id='word_1_849' title='bbox 2573 4683 2813 4753; x_wconf 89' lang='lat' dir='ltr'><strong>audiens,</strong></span> <span class='ocrx_word' id='word_1_850' title='bbox 2859 4684 3096 4737; x_wconf 90' lang='lat' dir='ltr'><strong>tristatur</strong></span> <span class='ocrx_word' id='word_1_851' title='bbox 3135 4683 3201 4738; x_wconf 90' lang='lat' dir='ltr'><strong>de</strong></span> <span class='ocrx_word' id='word_1_852' title='bbox 3225 4699 3309 4751; x_wconf 91' lang='lat' dir='ltr'><strong>eo,</strong></span> <span class='ocrx_word' id='word_1_853' title='bbox 3341 4687 3461 4753; x_wconf 91' lang='lat' dir='ltr'><strong>quia</strong></span> 
     </span>
    </p>
   </div>
   <div class='ocr_carea' id='block_1_106' title="bbox 1907 4772 3462 4842">
    <p class='ocr_par' dir='ltr' id='par_1_106' title="bbox 1907 4772 3462 4842">
     <span class='ocr_line' id='line_1_106' title="bbox 1907 4772 3462 4842; baseline -0.002 -12"><span class='ocrx_word' id='word_1_854' title='bbox 1907 4777 2103 4830; x_wconf 92' lang='lat' dir='ltr'><strong>dudum</strong></span> <span class='ocrx_word' id='word_1_855' title='bbox 2160 4789 2263 4829; x_wconf 93' lang='lat' dir='ltr'><strong>non</strong></span> <span class='ocrx_word' id='word_1_856' title='bbox 2313 4773 2625 4842; x_wconf 87' lang='lat' dir='ltr'><strong>comparuit.</strong></span> <span class='ocrx_word' id='word_1_857' title='bbox 2663 4772 2810 4826; x_wconf 83' lang='lat' dir='ltr'><strong>Foris</strong></span> <span class='ocrx_word' id='word_1_858' title='bbox 2858 4773 3036 4842; x_wconf 86' lang='lat' dir='ltr'><strong>itaque</strong></span> <span class='ocrx_word' id='word_1_859' title='bbox 3077 4786 3225 4827; x_wconf 79' lang='lat' dir='ltr'><strong>S&#39;ans</strong></span> <span class='ocrx_word' id='word_1_860' title='bbox 3265 4775 3462 4829; x_wconf 85' lang='lat' dir='ltr'><strong>audivit</strong></span> 
     </span>
    </p>
   </div>
   <div class='ocr_carea' id='block_1_107' title="bbox 1909 4864 3463 4934">
    <p class='ocr_par' dir='ltr' id='par_1_107' title="bbox 1909 4864 3463 4934">
     <span class='ocr_line' id='line_1_107' title="bbox 1909 4864 3463 4934; baseline -0.001 -14"><span class='ocrx_word' id='word_1_861' title='bbox 1909 4867 2050 4931; x_wconf 69' lang='lat' dir='ltr'><strong>haec;</strong></span> <span class='ocrx_word' id='word_1_862' title='bbox 2083 4874 2134 4920; x_wconf 92' lang='lat' dir='ltr'><strong>et</strong></span> <span class='ocrx_word' id='word_1_863' title='bbox 2165 4879 2367 4934; x_wconf 92' lang='lat' dir='ltr'><strong>ponens</strong></span> <span class='ocrx_word' id='word_1_864' title='bbox 2396 4865 2623 4918; x_wconf 91' lang='lat' dir='ltr'><strong>catinum</strong></span> <span class='ocrx_word' id='word_1_865' title='bbox 2653 4878 2683 4916; x_wconf 91' lang='lat' dir='ltr'><strong>a</strong></span> <span class='ocrx_word' id='word_1_866' title='bbox 2712 4877 2790 4925; x_wconf 92' lang='lat' dir='ltr'><strong>se,</strong></span> <span class='ocrx_word' id='word_1_867' title='bbox 2816 4878 2918 4916; x_wconf 91' lang='lat' dir='ltr'><strong>non</strong></span> <span class='ocrx_word' id='word_1_868' title='bbox 2945 4871 3026 4916; x_wconf 90' lang='lat' dir='ltr'><strong>est</strong></span> <span class='ocrx_word' id='word_1_869' title='bbox 3055 4864 3340 4933; x_wconf 87' lang='lat' dir='ltr'><strong>ingressus,</strong></span> <span class='ocrx_word' id='word_1_870' title='bbox 3368 4865 3463 4918; x_wconf 86' lang='lat' dir='ltr'><strong>sed</strong></span> 
     </span>
    </p>
   </div>
   <div class='ocr_carea' id='block_1_108' title="bbox 1909 4954 3461 5023">
    <p class='ocr_par' dir='ltr' id='par_1_108' title="bbox 1909 4954 3461 5023">
     <span class='ocr_line' id='line_1_108' title="bbox 1909 4954 3461 5023; baseline -0.002 -11"><span class='ocrx_word' id='word_1_871' title='bbox 1909 4967 2056 5012; x_wconf 92' lang='lat' dir='ltr'><strong>recto</strong></span> <span class='ocrx_word' id='word_1_872' title='bbox 2087 4973 2242 5011; x_wconf 88' lang='lat' dir='ltr'><strong>cursu</strong></span> <span class='ocrx_word' id='word_1_873' title='bbox 2273 4957 2502 5010; x_wconf 92' lang='lat' dir='ltr'><strong>cucurrit</strong></span> <span class='ocrx_word' id='word_1_874' title='bbox 2532 4955 2595 5008; x_wconf 91' lang='lat' dir='ltr'><strong>ad</strong></span> <span class='ocrx_word' id='word_1_875' title='bbox 2628 4962 2851 5022; x_wconf 91' lang='lat' dir='ltr'><strong>portam.</strong></span> <span class='ocrx_word' id='word_1_876' title='bbox 2900 4954 3026 5007; x_wconf 86' lang='lat' dir='ltr'><strong>Erat</strong></span> <span class='ocrx_word' id='word_1_877' title='bbox 3070 4954 3243 5023; x_wconf 89' lang='lat' dir='ltr'><strong>itaque</strong></span> <span class='ocrx_word' id='word_1_878' title='bbox 3283 4955 3332 5008; x_wconf 93' lang='lat' dir='ltr'><strong>ei</strong></span> <span class='ocrx_word' id='word_1_879' title='bbox 3373 4959 3461 5023; x_wconf 77' lang='lat' dir='ltr'><strong>qui</strong></span> 
     </span>
    </p>
   </div>
   <div class='ocr_carea' id='block_1_109' title="bbox 1910 5045 3462 5102">
    <p class='ocr_par' dir='ltr' id='par_1_109' title="bbox 1910 5045 3462 5102">
     <span class='ocr_line' id='line_1_109' title="bbox 1910 5045 3462 5102; baseline -0.002 -1"><span class='ocrx_word' id='word_1_880' title='bbox 1910 5062 2029 5101; x_wconf 84' lang='lat' dir='ltr'><strong>eum</strong></span> <span class='ocrx_word' id='word_1_881' title='bbox 2063 5056 2187 5102; x_wconf 92' lang='lat' dir='ltr'><strong>tunc</strong></span> <span class='ocrx_word' id='word_1_882' title='bbox 2215 5047 2442 5102; x_wconf 88' lang='lat' dir='ltr'><strong>habebat</strong></span> <span class='ocrx_word' id='word_1_883' title='bbox 2470 5045 2718 5100; x_wconf 91' lang='lat' dir='ltr'><strong>ostiarius</strong></span> <span class='ocrx_word' id='word_1_884' title='bbox 2750 5051 2921 5097; x_wconf 89' lang='lat' dir='ltr'><strong>mutus</strong></span> <span class='ocrx_word' id='word_1_885' title='bbox 2962 5053 3014 5097; x_wconf 92' lang='lat' dir='ltr'><strong>et</strong></span> <span class='ocrx_word' id='word_1_886' title='bbox 3037 5047 3228 5096; x_wconf 86' lang='lat' dir='ltr'><strong>surdus</strong></span> <span class='ocrx_word' id='word_1_887' title='bbox 3257 5059 3286 5096; x_wconf 90' lang='lat' dir='ltr'><strong>a</strong></span> <span class='ocrx_word' id='word_1_888' title='bbox 3323 5046 3462 5098; x_wconf 87' lang='lat' dir='ltr'><strong>nati-</strong></span> 
     </span>
    </p>
   </div>
   <div class='ocr_carea' id='block_1_110' title="bbox 1910 5137 3462 5208">
    <p class='ocr_par' dir='ltr' id='par_1_110' title="bbox 1910 5137 3462 5208">
     <span class='ocr_line' id='line_1_110' title="bbox 1910 5137 3462 5208; baseline -0.001 -16"><span class='ocrx_word' id='word_1_889' title='bbox 1910 5140 2090 5203; x_wconf 91' lang='lat' dir='ltr'><strong>vitate,</strong></span> <span class='ocrx_word' id='word_1_890' title='bbox 2122 5139 2210 5208; x_wconf 91' lang='lat' dir='ltr'><strong>qui</strong></span> <span class='ocrx_word' id='word_1_891' title='bbox 2239 5153 2330 5207; x_wconf 91' lang='lat' dir='ltr'><strong>per</strong></span> <span class='ocrx_word' id='word_1_892' title='bbox 2357 5146 2538 5191; x_wconf 90' lang='lat' dir='ltr'><strong>nutum</strong></span> <span class='ocrx_word' id='word_1_893' title='bbox 2571 5147 2743 5191; x_wconf 88' lang='lat' dir='ltr'><strong>tamen</strong></span> <span class='ocrx_word' id='word_1_894' title='bbox 2775 5137 3044 5204; x_wconf 88' lang='lat' dir='ltr'><strong>aperiebat</strong></span> <span class='ocrx_word' id='word_1_895' title='bbox 3079 5146 3131 5190; x_wconf 91' lang='lat' dir='ltr'><strong>et</strong></span> <span class='ocrx_word' id='word_1_896' title='bbox 3160 5137 3462 5193; x_wconf 86' lang='lat' dir='ltr'><strong>claudebat.</strong></span> 
     </span>
    </p>
   </div>
   <div class='ocr_carea' id='block_1_111' title="bbox 1914 5226 3462 5299">
    <p class='ocr_par' dir='ltr' id='par_1_111' title="bbox 1914 5226 3462 5299">
     <span class='ocr_line' id='line_1_111' title="bbox 1914 5226 3462 5299; baseline -0.006 -14"><span class='ocrx_word' id='word_1_897' title='bbox 1914 5231 2191 5285; x_wconf 80' lang='lat' dir='ltr'><strong>Festinans</strong></span> <span class='ocrx_word' id='word_1_898' title='bbox 2206 5244 2332 5299; x_wconf 90' lang='lat' dir='ltr'><strong>ergo</strong></span> <span class='ocrx_word' id='word_1_899' title='bbox 2361 5243 2545 5282; x_wconf 91' lang='lat' dir='ltr'><strong>servus</strong></span> <span class='ocrx_word' id='word_1_900' title='bbox 2567 5227 2660 5280; x_wconf 92' lang='lat' dir='ltr'><strong>Dei</strong></span> <span class='ocrx_word' id='word_1_901' title='bbox 2689 5226 2855 5291; x_wconf 84' lang='lat' dir='ltr'><strong>exire,</strong></span> <span class='ocrx_word' id='word_1_902' title='bbox 2879 5226 3002 5278; x_wconf 88' lang='lat' dir='ltr'><strong>dicit</strong></span> <span class='ocrx_word' id='word_1_903' title='bbox 3023 5226 3183 5279; x_wconf 88' lang='lat' dir='ltr'><strong>surdo</strong></span> <span class='ocrx_word' id='word_1_904' title='bbox 3204 5233 3256 5278; x_wconf 92' lang='lat' dir='ltr'><strong>et</strong></span> <span class='ocrx_word' id='word_1_905' title='bbox 3279 5236 3423 5279; x_wconf 89' lang='lat' dir='ltr'><strong>muto</strong></span> <span class='ocrx_word' id='word_1_906' title='bbox 3451 5251 3462 5276; x_wconf 74' lang='lat'><strong>.</strong></span> 
     </span>
    </p>
   </div>
   <div class='ocr_carea' id='block_1_112' title="bbox 1911 5314 3461 5378">
    <p class='ocr_par' dir='ltr' id='par_1_112' title="bbox 1911 5314 3461 5378">
     <span class='ocr_line' id='line_1_112' title="bbox 1911 5314 3461 5378; baseline -0.005 -5"><span class='ocrx_word' id='word_1_907' title='bbox 1911 5319 2028 5374; x_wconf 87' lang='lat' dir='ltr'><strong>Tibi</strong></span> <span class='ocrx_word' id='word_1_908' title='bbox 2059 5319 2178 5372; x_wconf 92' lang='lat' dir='ltr'><strong>dico</strong></span> <span class='ocrx_word' id='word_1_909' title='bbox 2205 5319 2256 5371; x_wconf 91' lang='lat' dir='ltr'><strong>in</strong></span> <span class='ocrx_word' id='word_1_910' title='bbox 2285 5318 2495 5371; x_wconf 89' lang='lat' dir='ltr'><strong>nomine</strong></span> <span class='ocrx_word' id='word_1_911' title='bbox 2525 5314 2742 5368; x_wconf 89' lang='lat' dir='ltr'><strong>Christi.</strong></span> <span class='ocrx_word' id='word_1_912' title='bbox 2775 5315 2863 5369; x_wconf 92' lang='lat' dir='ltr'><strong>Ille</strong></span> <span class='ocrx_word' id='word_1_913' title='bbox 2885 5328 3010 5367; x_wconf 89' lang='lat' dir='ltr'><strong>vero</strong></span> <span class='ocrx_word' id='word_1_914' title='bbox 3031 5315 3236 5367; x_wconf 88' lang='lat' dir='ltr'><strong>audivit</strong></span> <span class='ocrx_word' id='word_1_915' title='bbox 3263 5315 3461 5378; x_wconf 86' lang='lat' dir='ltr'><strong>statim,</strong></span> 
     </span>
    </p>
   </div>
   <div class='ocr_carea' id='block_1_113' title="bbox 1911 5405 3464 5474">
    <p class='ocr_par' dir='ltr' id='par_1_113' title="bbox 1911 5405 3464 5474">
     <span class='ocr_line' id='line_1_113' title="bbox 1911 5405 3464 5474; baseline -0.005 -7"><span class='ocrx_word' id='word_1_916' title='bbox 1911 5420 1965 5468; x_wconf 92' lang='lat' dir='ltr'><strong>et</strong></span> <span class='ocrx_word' id='word_1_917' title='bbox 1989 5411 2161 5466; x_wconf 79' lang='lat' dir='ltr'><strong>dixit:</strong></span> <span class='ocrx_word' id='word_1_918' title='bbox 2190 5411 2379 5474; x_wconf 88' lang='lat' dir='ltr'><strong>Etiam,</strong></span> <span class='ocrx_word' id='word_1_919' title='bbox 2411 5409 2642 5463; x_wconf 92' lang='lat' dir='ltr'><strong>domine.</strong></span> <span class='ocrx_word' id='word_1_920' title='bbox 2694 5406 2881 5460; x_wconf 88' lang='lat' dir='ltr'><strong>Iterum</strong></span> <span class='ocrx_word' id='word_1_921' title='bbox 2914 5420 3040 5461; x_wconf 90' lang='lat' dir='ltr'><strong>vero</strong></span> <span class='ocrx_word' id='word_1_922' title='bbox 3069 5406 3157 5460; x_wconf 93' lang='lat' dir='ltr'><strong>ille</strong></span> <span class='ocrx_word' id='word_1_923' title='bbox 3197 5405 3260 5458; x_wconf 90' lang='lat' dir='ltr'><strong>ad</strong></span> <span class='ocrx_word' id='word_1_924' title='bbox 3303 5421 3422 5459; x_wconf 91' lang='lat' dir='ltr'><strong>eum</strong></span> <span class='ocrx_word' id='word_1_925' title='bbox 3447 5445 3464 5460; x_wconf 94' lang='lat'><strong>.</strong></span> 
     </span>
    </p>
   </div>
   <div class='ocr_carea' id='block_1_114' title="bbox 1911 5494 3464 5571">
    <p class='ocr_par' dir='ltr' id='par_1_114' title="bbox 1911 5494 3464 5571">
     <span class='ocr_line' id='line_1_114' title="bbox 1911 5494 3464 5571; baseline -0.007 -13"><span class='ocrx_word' id='word_1_926' title='bbox 1911 5503 2091 5571; x_wconf 88' lang='lat' dir='ltr'><strong>Aperi.</strong></span> <span class='ocrx_word' id='word_1_927' title='bbox 2125 5500 2414 5569; x_wconf 81' lang='lat' dir='ltr'><strong>Respondit</strong></span> <span class='ocrx_word' id='word_1_928' title='bbox 2463 5508 2641 5553; x_wconf 81' lang='lat' dir='ltr'><strong>mutus</strong></span> <span class='ocrx_word' id='word_1_929' title='bbox 2670 5507 2722 5552; x_wconf 90' lang='lat' dir='ltr'><strong>et</strong></span> <span class='ocrx_word' id='word_1_930' title='bbox 2771 5497 2962 5550; x_wconf 91' lang='lat' dir='ltr'><strong>surdus</strong></span> <span class='ocrx_word' id='word_1_931' title='bbox 3001 5494 3272 5549; x_wconf 88' lang='lat' dir='ltr'><strong>secundo:</strong></span> <span class='ocrx_word' id='word_1_932' title='bbox 3315 5495 3464 5563; x_wconf 88' lang='lat' dir='ltr'><strong>Ego,</strong></span> 
     </span>
    </p>
   </div>
   <div class='ocr_carea' id='block_1_115' title="bbox 1912 5586 3466 5662">
    <p class='ocr_par' dir='ltr' id='par_1_115' title="bbox 1912 5586 3466 5662">
     <span class='ocr_line' id='line_1_115' title="bbox 1912 5586 3466 5662; baseline -0.006 -12"><span class='ocrx_word' id='word_1_933' title='bbox 1912 5595 2344 5651; x_wconf 91' lang='lat' dir='ltr'><strong>domine.Statim</strong></span> <span class='ocrx_word' id='word_1_934' title='bbox 2365 5607 2490 5662; x_wconf 87' lang='lat' dir='ltr'><strong>ergo</strong></span> <span class='ocrx_word' id='word_1_935' title='bbox 2503 5591 2749 5652; x_wconf 64' lang='lat' dir='ltr'><strong>surrexit,</strong></span> <span class='ocrx_word' id='word_1_936' title='bbox 2774 5599 2825 5643; x_wconf 93' lang='lat' dir='ltr'><strong>et</strong></span> <span class='ocrx_word' id='word_1_937' title='bbox 2845 5589 3048 5657; x_wconf 92' lang='lat' dir='ltr'><strong>aperuit</strong></span> <span class='ocrx_word' id='word_1_938' title='bbox 3068 5587 3136 5640; x_wconf 90' lang='lat' dir='ltr'><strong>ei.</strong></span> <span class='ocrx_word' id='word_1_939' title='bbox 3155 5586 3217 5639; x_wconf 86' lang='lat' dir='ltr'><strong>Et</strong></span> <span class='ocrx_word' id='word_1_940' title='bbox 3238 5597 3466 5640; x_wconf 78' lang='lat' dir='ltr'><strong>exeunte</strong></span> 
     </span>
    </p>
   </div>
   <div class='ocr_carea' id='block_1_116' title="bbox 1913 5677 3464 5752">
    <p class='ocr_par' dir='ltr' id='par_1_116' title="bbox 1913 5677 3464 5752">
     <span class='ocr_line' id='line_1_116' title="bbox 1913 5677 3464 5752; baseline -0.008 -9"><span class='ocrx_word' id='word_1_941' title='bbox 1913 5701 1997 5752; x_wconf 90' lang='lat' dir='ltr'><strong>eo,</strong></span> <span class='ocrx_word' id='word_1_942' title='bbox 2023 5687 2180 5743; x_wconf 90' lang='lat' dir='ltr'><strong>subiit</strong></span> <span class='ocrx_word' id='word_1_943' title='bbox 2205 5685 2472 5749; x_wconf 89' lang='lat' dir='ltr'><strong>ostiarius,</strong></span> <span class='ocrx_word' id='word_1_944' title='bbox 2506 5691 2559 5736; x_wconf 93' lang='lat' dir='ltr'><strong>et</strong></span> <span class='ocrx_word' id='word_1_945' title='bbox 2588 5681 2834 5735; x_wconf 80' lang='lat' dir='ltr'><strong>clamavit</strong></span> <span class='ocrx_word' id='word_1_946' title='bbox 2861 5693 3038 5733; x_wconf 88' lang='lat' dir='ltr'><strong>coram</strong></span> <span class='ocrx_word' id='word_1_947' title='bbox 3070 5677 3312 5732; x_wconf 87' lang='lat' dir='ltr'><strong>omnibus</strong></span> <span class='ocrx_word' id='word_1_948' title='bbox 3332 5691 3464 5745; x_wconf 83' lang='lat' dir='ltr'><strong>gau-</strong></span> 
     </span>
    </p>
   </div>
   <div class='ocr_carea' id='block_1_117' title="bbox 1915 5765 3462 5841">
    <p class='ocr_par' dir='ltr' id='par_1_117' title="bbox 1915 5765 3462 5841">
     <span class='ocr_line' id='line_1_117' title="bbox 1915 5765 3462 5841; baseline -0.012 -5"><span class='ocrx_word' id='word_1_949' title='bbox 1915 5779 2044 5836; x_wconf 87' lang='lat' dir='ltr'><strong>dens</strong></span> <span class='ocrx_word' id='word_1_950' title='bbox 2093 5787 2144 5832; x_wconf 88' lang='lat' dir='ltr'><strong>et</strong></span> <span class='ocrx_word' id='word_1_951' title='bbox 2189 5778 2476 5839; x_wconf 75' lang='lat' dir='ltr'><strong>exsultans;</strong></span> <span class='ocrx_word' id='word_1_952' title='bbox 2509 5774 2628 5841; x_wconf 87' lang='lat' dir='ltr'><strong>quia</strong></span> <span class='ocrx_word' id='word_1_953' title='bbox 2670 5770 2867 5824; x_wconf 88' lang='lat' dir='ltr'><strong>audivit</strong></span> <span class='ocrx_word' id='word_1_954' title='bbox 2910 5776 2964 5824; x_wconf 91' lang='lat' dir='ltr'><strong>et</strong></span> <span class='ocrx_word' id='word_1_955' title='bbox 2990 5770 3193 5824; x_wconf 88' lang='lat' dir='ltr'><strong>locutus</strong></span> <span class='ocrx_word' id='word_1_956' title='bbox 3221 5777 3322 5832; x_wconf 87' lang='lat' dir='ltr'><strong>est,</strong></span> <span class='ocrx_word' id='word_1_957' title='bbox 3361 5765 3462 5819; x_wconf 68' lang='lat' dir='ltr'><strong>Dn-</strong></span> 
     </span>
    </p>
   </div>
  </div>
