4058 6404
658 402 795 459 1655

1716 389 1998 450 LEONTII
2038 385 2500 445 NEAPOLITANI
2539 382 2846 440 EPISCOPI

3778 381 3905 436 1656

672 520 834 583 mine,
880 512 1115 567 Domine.
1170 510 1329 564 Porro
1356 508 1598 561 omnibus
1626 504 1715 575 qui
1760 507 1811 559 in
1840 504 2026 558 eadem
2066 502 2225 555 domo
2252 504 2301 557 Α
2328 497 2448 564 quia
2482 511 2651 564 usque
2678 495 2835 549 hodie
2864 492 3111 562 putabam
3137 492 3277 561 quod
3307 491 3389 546 vel
3420 490 3617 560 aliquid
3650 490 3889 557 lacerare,

672 614 822 661 erant
850 600 1162 672 perterritis,
1186 598 1430 667 quoniam
1455 595 1736 649 audiebant
1756 607 1875 647 eum
1898 592 2223 660 loquentem,

671 699 864 751 iterum
889 692 1014 746 dicit
1042 690 1128 744 ille
1153 688 1414 757 quondam
1446 696 1621 739 mutus
1660 704 1670 737 :
1706 686 1796 740 Ille
1818 685 1905 751 qui
1948 682 2227 751 coquinam

658 785 920 849 faciebat,
953 780 1340 842 exiitcurrens,
1374 777 1463 831 sed
1494 777 1667 829 videte
1696 791 1760 829 ne
1792 774 1929 829 forte
1957 773 2074 843 fuga
2118 772 2230 838 lap-

676 892 768 935 sus
798 875 885 942 sit,
914 886 1135 939 magnus
1164 873 1302 923 enim
1336 882 1518 923 servus
1546 868 1637 920 Dei
1669 876 1767 920 est.
1811 854 2031 931 Quando
2061 863 2229 933 disces

674 966 853 1031 debat,
886 961 1018 1016 dixit
1061 960 1187 1014 mihi
1237 975 1249 1011 :
1282 957 1397 1011 Tibi
1427 957 1544 1010 dico
1575 957 1624 1009 in
1656 956 1864 1009 nomine
1914 952 2148 1015 Domini;
2178 959 2231 1005 et

676 1073 800 1111 mox
828 1056 932 1111 vidi
960 1055 1025 1109 de
1052 1070 1142 1108 ore
1173 1054 1285 1123 ejus
1315 1061 1592 1106 exeuntem
1620 1050 1904 1108 ﬂammant,
1938 1056 1991 1101 et
2012 1056 2229 1114 tangen-

679 1160 782 1202 tem
810 1162 965 1201 aures
995 1161 1173 1211 meas;
1206 1155 1259 1200 et
1281 1145 1455 1197 statim
1480 1142 1676 1206 audivi,
1701 1150 1753 1194 et
1778 1142 1980 1193 locutus
2002 1154 2137 1190 sum.
2167 1136 2231 1188 Et

679 1236 997 1294 exsilienlcs
1066 1242 1122 1286 et
1194 1242 1490 1301 sequentes
1585 1250 1703 1287 eum
1755 1234 1948 1298 cuncti,
2003 1231 2227 1284 ulterius

677 1345 781 1381 non
815 1328 1055 1380 viderunt
1105 1340 1245 1378 eum.
1290 1323 1437 1376 Tunc
1485 1322 1845 1391 ptenitentiam
1877 1334 2061 1373 omnes
2106 1334 2229 1385 age-

655 1416 818 1476 ‘bant.
851 1416 938 1484 qui
970 1416 1021 1466 in
1050 1413 1206 1466 domo
1239 1414 1322 1466 illa
1368 1424 1536 1475 erant,
1586 1420 1640 1466 et
1671 1412 1782 1478 ipsc
1831 1411 2075 1463 dominus
2116 1407 2231 1476 ejus

677 1506 1003 1574 qui‘Petrum‘
1023 1513 1242 1570 emerat,
1270 1504 1387 1571 quia
1419 1505 1469 1555 in
1499 1503 1588 1557 tali
1652 1503 2031 1557 cxhonorautia
2065 1493 2233 1553 immi-

656 1588 898 1650 'liassen't
925 1610 1065 1659 eum,
1089 1604 1141 1647 et
1172 1594 1396 1647 maxime
1420 1593 1470 1646 hi
1495 1609 1579 1662 qut
1610 1594 1868 1647 vocabant
1891 1608 2007 1643 eum
2040 1591 2234 1644 Amen-

680 1694 807 1739 tem.

732 1773 842 1827 Ha)
872 1782 995 1827 sunt
1049 1772 1332 1826 beatissimi
1365 1786 1393 1824 a
1448 1771 1558 1825 Deo
1599 1770 1839 1824 honorati
1874 1770 2101 1824 Joannis
2146 1784 2229 1836 pa-

2331 586 2464 641 datis
2488 602 2621 655 quas
2650 588 2848 640 habere
2894 599 3108 653 possum
3154 585 3431 652 pecuniis;
3475 584 3773 637 nesciebam
3815 598 3892 636 au-

2330 684 2435 729 tem
2468 675 2605 743 quod
2636 684 2688 731 et
2710 678 2915 744 seipsos
2943 674 3256 739 venderent,
3284 674 3512 743 quadam
3537 684 3894 743 compassione

2328 767 2589 835 superati.

2400 878 2526 932 Car.
2556 876 2746 931 XXill.
2781 907 2844 922 —-
2876 875 3101 943 Semper
3140 874 3355 946 quidem
3397 875 3699 928 honorabat
3724 891 3894 927 mona-

2330 965 2540 1020 chicum
2573 967 2785 1021 schema
2816 976 3038 1029 sanctus,
3066 966 3168 1029 hic,
3209 973 3265 1021 et
3292 963 3500 1018 colebat
3543 971 3599 1017 et
3625 977 3898 1030 compulte-

2333 1058 2505 1123 batur,
2536 1059 2621 1111 ubi
2656 1060 2883 1111 maxime
2913 1058 3202 1125 aspiciebat
3257 1055 3581 1109 monachum
3611 1054 3886 1121 corporaii-

2331 1147 2429 1201 bus
2460 1148 2777 1201 utilitatibus
2810 1155 3168 1212 angustatum.
3220 1146 3461 1200 Habebat
3488 1156 3667 1198 autem
3714 1152 3768 1197 et
3810 1143 3898 1196 hoc

2331 1253 2493 1306 super
2524 1241 2717 1292 multos
2768 1238 3113 1305 praecipuum,
3168 1238 3287 1306 quia
3333 1234 3727 1290 accusationem
3778 1248 3898 1299 qua-

2334 1330 2691 1397 lemcumque,
2723 1327 2837 1381 sive
2866 1328 3198 1391 mendacem,
3230 1326 3346 1380 sive
3373 1338 3649 1387 veracem,
3686 1339 3786 1375 non
3826 1338 3902 1374 ιιιιο

2333 1419 2587 1485 scipiebat
2617 1425 2803 1471 contra
2847 1416 3077 1483 aliquem
3104 1415 3564 1469 circumamictum
3600 1412 3903 1464 monachico

2334 1509 2542 1561 habitu.
2570 1508 2745 1561 Semel
2775 1506 2915 1561 enim
2949 1508 3129 1561 evenit
3175 1520 3239 1560 ex
3286 1505 3615 1559 immissione
3664 1517 3904 1569 quorum-

2334 1600 2455 1653 dam
2520 1600 2944 1661 criminatorutu,
2994 1597 3279 1665 pertulisse
3348 1611 3468 1649 eum
3518 1594 3721 1662 aliquid
3769 1592 3904 1645 tale:

2334 1687 2569 1755 Quodam
2598 1686 2863 1739 monacho
2882 1696 3101 1754 gyrante
3127 1684 3178 1738 in
3215 1684 3434 1737 civitate
3460 1697 3585 1737 cum
3615 1682 3789 1750 puclla
3814 1694 3905 1732 una

2334 1778 2635 1845 juveneula,
2664 1786 2719 1833 et
2751 1785 2961 1845 petente
2990 1780 3384 1845 eleemosynam
3416 1790 3513 1844 per
3532 1775 3649 1827 dies
3672 1774 3896 1840 aliquot.

680 1863 924 1917 triarcha:
972 1864 1318 1917 narrationes.
1350 1861 1462 1915 Non
1505 1863 1673 1915 solum
1721 1862 1859 1915 enim
1900 1860 1969 1913 de
1999 1859 2101 1912 vita
2142 1854 2553 1938 sua-Bquidam
2611 1868 2699 1936 qui
2750 1868 2850 1921 hoc
2898 1866 3181 1930 videram,
3235 1864 3604 1928 εοηηάειίηιί,
3661 1866 3907 1918 eiussu-

682 1963 958 2009 contentus
989 1965 1100 2010 erat
1130 1956 1392 2008 volentem
1427 1954 1679 2021 proficere
1727 1952 2011 2015 aedificare,
2054 1943 2237 2005 verum

682 2047 839 2101 etiam
866 2045 931 2099 de
959 2045 1067 2099 Deo
1092 2045 1319 2113 acceptis
1345 2054 1398 2098 et
1433 2044 1710 2098 veracibus
1737 2043 2078 2097 relationibus
2107 2043 2237 2102 suis,

633 2145 735 2190 "et
763 2135 967 2190 dicebat
996 2149 1202 2201 semper
1228 2135 1339 2189 hazc
1369 2133 1700 2188 audientibus
1731 2152 1743 2185 ε
1778 2134 1832 2189 Si
1872 2132 2084 2201 proprio
2115 2148 2240 2185 san-

683 2226 826 2296 guini
854 2241 957 2280 non
999 2234 1348 2295 pepercerunt
1395 2226 1603 2294 quidam
1644 2225 1932 2289 hominum,
1977 2224 2067 2277 sed
2105 2223 2243 2276 hunc

660 2316 946 2371 dederunt
994 2317 1044 2370 in
1091 2331 1277 2369 manus
1306 2312 1548 2379 fratrum,
1601 2317 1706 2368 imo
1730 2315 1951 2378 Christi,
1981 2313 2243 2381 quomodo

684 2415 836 2474 putas
869 2418 966 2459 nos
1002 2418 1120 2459 cum
1151 2404 1421 2458 alacritate
1450 2414 1502 2457 et
1546 2405 1840 2459 humilitate
1882 2403 2134 2458 debemus
2179 2402 2243 2456 de

656 2496 1015 2550 ‘facultatibus
1040 2496 1233 2549 no~tris
1262 2495 1389 2548 dare
1411 2494 1621 2550 Christo
1646 2506 1697 2549 et
1723 2495 1904 2564 egenis
1930 2504 2089 2562 atque
2116 2508 2245 2561 pau-

685 2586 917 2655 peribus,
948 2596 1005 2640 ut
1028 2587 1567 2654 recompensationem
1600 2588 1917 2655 recipiamus
1954 2601 1983 2639 a
2020 2586 2162 2653 justo
2192 2595 2244 2638 et

656 2675 993 2730 'tnercedum‘
1015 2674 1282 2730 redditore
1309 2676 1437 2740 Deo,
1461 2678 1510 2729 in
1534 2677 1617 2729 illa
1643 2675 1871 2729 timenda
1901 2685 1955 2729 et
1979 2676 2241 2729 horrenda

686 2766 1041 2820 retributionis
1094 2766 1352 2833 die?‘Qui
1400 2782 1549 2821 nunc
1593 2770 1817 2821 seminat
1864 2781 2042 2836 parce,
2090 2781 2244 2834 parce

686 2867 739 2912 et
776 2867 961 2923 metet;
991 2868 1042 2913 et
1070 2860 1167 2925 qui
1186 2862 1410 2914 seminat
1440 2861 1489 2913 in
1544 2860 2012 2923 benedictionibus,
2056 2859 2105 2912 id
2140 2869 2243 2921 est,

658 2944 832 3016 ’large
856 2956 909 3003 et
927 2948 1348 3017 magnanimiter,
1372 2950 1733 3016 multipliciter
1754 2959 1808 3005 et
1830 2958 1991 3004 metet
2015 2947 2095 3018 (11
2125 2948 2241 3002 Cor.

658 3062 661 3065 -
688 3038 763 3103 Ix)
786 3054 800 3101 ;
834 3038 931 3091 hoc
957 3046 1057 3103 est,
1088 3038 1223 3092 bona
1253 3038 1337 3093 illa
1369 3039 1698 3095 haereditabit
1721 3054 1836 3109 qua:
1863 3054 2072 3095 omnem
2099 3053 2247 3093 men-

656 3138 659 3139 '
690 3136 794 3181 tem
818 3128 1209 3181 transcendunt.

2340 1957 2709 2026 mantesquod
2740 1958 2935 2011 mulier.
2951 1956 3067 2025 ejus
3096 1965 3259 2021 esset,
3284 1957 3579 2010 attulerunt
3602 1955 3906 2024 patriarcha!

2340 2057 2521 2101 contra
2555 2062 2676 2101 eum
2708 2049 2975 2115 querelas,
3007 2046 3283 2101 dicentes:
3317 2045 3543 2114 Propter
3570 2046 3722 2113 quid,
3752 2044 3907 2098 a'Dru

2343 2138 2622 2203 honorate,
2674 2136 2895 2206 derogat
2944 2136 3063 2190 talis
3119 2136 3370 2205 angelicas
3418 2135 3750 2188 monachica
3800 2134 3907 2185 vita

2324 2228 2622 2293 ‘schemati,
2657 2227 2883 2295 puellam
2915 2225 3435 2295 quamdam'habens-
3450 2224 3783 2279 mulierem?
3798 2222 3904 2277 lex

2340 2317 2588 2389 ergo’Dei
2636 2318 2885 2381 famulus,
2939 2325 3130 2385 putans
3179 2316 3707 2385 prohibere‘eontra
3736 2314 3905 2369 abeunt

2341 2407 2621 2463 commissa
2651 2415 2886 2474 peccata,
2917 2414 3164 2475 tanquam
3191 2406 3278 2474 qui
3308 2405 3510 2459 ad'hoc
3557 2404 3625 2459 ab
3666 2419 3733 2461 eo
3775 2418 3903 2458 esset

2343 2506 2650 2566 pvovectus,
2686 2498 3247 2566 praecepit-mulierem
3278 2499 3489 2567 quidem
3513 2496 3740 2567 ﬂagellis
3768 2496 3902 2555 cadi.

2343 2598 2397 2641 et
2424 2587 2657 2655 separari
2688 2588 2753 2640 ab
2780 2602 2876 2653 eo;
2910 2589 3080 2656 ipsum
3106 2598 3278 2644 autem
3301 2588 3600 2653 verberari,
3627 2598 3685 2642 et
3716 2590 3768 2642 in
3793 2604 3893 2642 ear-

2342 2692 2466 2732 cere
2496 2677 2958 2732 secreto'recludi.
2993 2678 3126 2732 Dum
3146 2692 3435 2748 ergo-cum
3462 2680 3611 2733 omni
3639 2680 3902 2734 celeritate

2341 2773 2511 2843 jussio
2558 2774 2726 2828 sancti
2756 2772 2808 2827 in
2839 2787 2972 2842 opus
3020 2774 3351 2842 procederet,
3397 2775 3648 2842 apparuit
3692 2773 3740 2827 ei
3768 2784 3906 2826 nocte

2322 2880 2440 2934 per
2464 2866 2631 2920 visum
2655 2865 2967 2930 monachus,
2996 2866 3281 2920 ostendens
3302 2865 3352 2921 ei
3382 2865 3602 2919 dorsum
3632 2879 3787 2918 suum
3811 2880 3901 2931 pu-

2320 2956 2629 3010 'treiactum
2660 2956 2787 3024 (non
2827 2965 3105 3023 parcentes
3146 2956 3288 3010 enim
3318 2957 3625 3011 ceciderant
3662 2971 3782 3009 eum
3810 2954 3906 3009 Ec-

2348 3047 2527 3100 clesiae
2552 3045 2883 3114 defensores)
2909 3044 3094 3100 dicens
3123 3046 3171 3101 ei
3208 3060 3229 3097 τ·
3250 3045 3325 3099 ita
3366 3047 3535 3114 placet
3557 3045 3675 3109 tibi,
3706 3044 3911 3098 domine

2352 3136 2679 3204 patriarcha;
2718 3136 2817 3190 hac
2874 3150 2973 3190 una
3033 3136 3146 3191 vice
3206 3135 3395 3190 errasti
3427 3145 3483 3190 ut
3525 3135 3724 3199 homo;
3769 3134 3910 3188 crede

759 3217 886 3271 Car.
915 3217 1077 3271 XXII.
1109 3242 1177 3259 υ-
1202 3218 1454 3273 Omnibus
1481 3234 1605 3287 ergo
1656 3219 1814 3274 rectis
1861 3221 2094 3274 moribus
2124 3221 2253 3274 iste‘
2273 3213 2327 3275 C~
2349 3226 2499 3291 mihi,
2529 3228 2649 3295 quia
2678 3227 2744 3281 de
2784 3227 3028 3295 proximo
3054 3236 3135 3281 est
3178 3228 3283 3279 vita
3310 3236 3365 3280 et
3382 3241 3559 3279 xmors.
3610 3226 3676 3279 Et
3708 3227 3817 3279 hac
3843 3225 3910 3277 ιιι.

689 3316 905 3360 sanctus
928 3307 1241 3373 adornatus,
1264 3308 1501 3361 necahoc
1527 3309 1738 3363 carebat
1756 3325 1785 3372 ;~
1803 3308 1955 3367 valde
1990 3312 2132 3363 enim
2162 3312 2246 3362 di-

691 3398 883 3467 ligebat
923 3398 1096 3467 eloqui
1140 3399 1213 3453 de
1232 3399 1434 3454 actibus
1470 3411 1771 3455 sanctorum
1816 3401 2047 3466 Patrum,
2081 3411 2135 3455 et
2160 3418 2246 3455 eo.

689 3507 805 3546 rum
853 3493 940 3560 qui
988 3493 1346 3563 eleemosynze
1394 3494 1625 3549 cultores
1659 3496 1885 3550 fuerunt.
1937 3496 2086 3551 Unde
2130 3511 2247 3549 cum

656 3594 657 3597 ‘
690 3592 791 3635 una
814 3584 1025 3638 dierum
1050 3586 1299 3638 recitaret
1324 3584 1397 3639 de
1421 3586 1527 3639 vita
1572 3588 1740 3641 sancti
1787 3587 2109 3654 Serapionis,
2159 3590 2246 3654 qui

690 3675 973 3727 vocabatur
1001 3674 1304 3737 Sindonius,
1356 3686 1408 3729 et
1447 3677 1707 3731 inveniret
1750 3693 1869 3731 eum
1928 3679 2010 3745 (ut
2063 3679 2249 3747 fertur)

668 3767 936 3819 amictum
965 3781 1115 3818 suum
1138 3766 1364 3819 dedisse
1390 3780 1559 3834 egeno
1586 3766 1843 3835 (Pallad.,
1876 3784 1987 3837 cap.
2037 3766 2155 3835 83),
2198 3779 2253 3823 et

689 3856 881 3910 iterum
904 3855 1171 3923 paululum
1195 3857 1521 3923 processisse
1556 3855 1719 3920 illinc,
1748 3868 1803 3912 et
1844 3858 2006 3927 frigus
2033 3862 2249 3928 patienti

688 3946 973 4003 obviassee
1006 3954 1060 4000 et
1106 3947 1180 3999 illi
1225 3947 1451 4000 tunicam
1495 3950 1797 4015 prmbuisse,
1833 3960 1884 4005 et
1914 3952 2032 4020 quia
2084 3954 2251 4005 nudus

689 4038 927 4100 sedebat,
962 4048 1413 4091 tenensesanctum
1460 4039 1830 4109 Evangelium;
1862 4055 1909 4096 et
1952 4045 2250 4113 interroga-

693 4136 779 4180 tus
809 4143 837 4179 ιι
868 4127 1094 4195 quodam
1124 4144 1139 4181 :
1180 4127 1307 4194 Quis
1356 4138 1407 4183 te
1448 4132 1787 4199 exspoliavit,
1808 4133 1977 4188 abba?
2030 4135 2253 4188 demon-

693 4226 1134 4273 stranssanotum
1164 4220 1527 4290 Evangeiium,
1569 4226 1644 4275 ait
1673 4242 1683 4275 :
1718 4225 1865 4289 iste;
1907 4235 1964 4279 et
1990 4227 2252 4280 aliotem-

694 4325 824 4379 pore
844 4312 944 4364 hoc
994 4310 1165 4378 ipsum
1198 4310 1537 4381 Evangeiium
1569 4314 1893 4383 vendidisse,
1924 4326 1992 4370 et
2036 4316 2249 4369 dedisse

692 4397 1106 4465 eieemosyuam,
1135 4406 1191 4451 et
1217 4399 1476 4467 discipulo
1497 4415 1594 4454 suo
1614 4402 1824 4457 dicente
1848 4420 1867 4455 εκ
1888 4404 2063 4469 Abba,
2086 4405 2257 4458 Evan-

693 4486 886 4555 gelium
912 4486 1001 4540 ubi
1024 4487 1141 4541 est?
1169 4496 1222 4541 et
1270 4488 1359 4543 illo
1388 4488 1597 4543 dicente
1636 4490 1701 4543 ad
1739 4505 1858 4545 eum
1894 4510 1904 4541 :
1938 4490 2253 4561 Crede,tili,

2348 3328 2496 3382 cens,
2526 3315 2775 3369 discessit
2800 3314 2867 3368 ab
2894 3322 3000 3369 eo.
3018 3315 3168 3370 Mane
3196 3325 3383 3369 autem
3411 3314 3589 3381 facto,
3610 3315 3908 3369 recordatus

2348 3416 2431 3464 est
2459 3409 2550 3463 ille
2584 3408 2771 3463 beatus
2804 3407 3045 3463 -visionis
3077 3417 3368 3472 nocturnae,
3419 3416 3474 3462 et
3500 3407 3726 3461 sedebat
3770 3421 3911 3474 super

2350 3498 2541 3552 lectum
2572 3512 2725 3552 suum
2754 3507 3008 3562 maestus;
3039 3497 3309 3565 mittitque
3337 3497 3538 3562 statim,
3572 3506 3631 3551 et
3669 3504 3910 3549 Convocat

2350 3603 2443 3657 per
2468 3589 2841 3642 cancellarium
2875 3591 3375 3642 suum‘monachum
3424 3587 3494 3641 de
3552 3588 3670 3641 loco
3713 3586 3767 3639 iu
3818 3600 3910 3653 quo

2351 3691 2465 3736 erat
2488 3681 2745 3745 reclusus,
2773 3680 3012 3750 cogitans
3041 3679 3178 3733 intra
3209 3694 3269 3733 se
3297 3678 3484 3732 beatus
3508 3679 3597 3732 ille
3625 3677 3906 3743 patriarcha

2350 3772 2395 3827 si
2423 3772 2609 3826 similis
2640 3780 2785 3825 esset
2818 3770 2894 3823 illi
2941 3771 3033 3839 qui
3063 3778 3217 3824 nocte
3260 3769 3360 3823 sibi
3405 3777 3748 3837 apparuerat.
3786 3766 3907 3821 Cum

2353 3876 2483 3930 ergo
2532 3861 2767 3915 venisset
2813 3874 2931 3913 cum
2983 3859 3161 3914 labore
3207 3857 3374 3912 multo
3408 3861 3615 3927 (neque
3634 3857 3773 3910 enim
3798 3870 3907 3923 pr.»-

2351 3963 2470 4022 pter
2500 3953 2677 4022 plagas
2702 3954 2901 4007 moveri
2930 3952 3181 4021 poterat),
3210 3965 3439 4019 cumque
3465 3950 3671 4003 vultum
3694 3948 3805 4016 ejus
3834 3949 3902 3997 vi.

2352 4044 2519 4098 disset
2542 4044 2861 4112 patriarcha,
2893 4043 3147 4096 remansit
3175 4042 3293 4096 sine
3322 4054 3453 4095 voce
3498 4040 3775 4100 immotus,
3808 4052 3903 4089 non

2352 4132 2538 4187 valens
2563 4131 2703 4202 loqui
2736 4150 2749 4185 :
2779 4133 2890 4187 sola
2914 4139 3091 4186 autem
3113 4146 3269 4186 manu
3299 4145 3394 4184 sua
3424 4130 3599 4184 innuit
3626 4138 3683 4183 ut
3711 4130 3909 4183 sederet

2359 4238 2523 4293 prope
2549 4238 2607 4277 se
2632 4223 2685 4277 in
2712 4223 2904 4277 lectulo
2931 4238 3047 4277 suo.
3080 4222 3135 4277 In
3182 4222 3525 4289 semetipsum
3570 4235 3700 4275 vero
3740 4233 3908 4273 rever-

2356 4327 2447 4366 sus
2476 4324 2527 4366 et
2556 4314 2809 4380 signatus,
2843 4314 3043 4382 rogavit
3075 4312 3416 4375 monachum,
3453 4310 3795 4379 praecinctum
3818 4309 3908 4360 tiu-

2356 4416 2470 4473 teo,
2500 4417 2556 4461 ut
2581 4408 2696 4462 sine
2725 4405 3039 4461 verecundia
3067 4405 3389 4474 despoliaret
3424 4418 3517 4467 se,
3538 4410 3798 4471 quatenus
3838 4399 3909 4452 vi-

2367 4497 2519 4552 deret
2547 4496 2940 4565 dorsum'ejus,
2986 4498 3032 4550 si
3080 4495 3152 4550 ita
3198 4503 3339 4548 esset
3383 4494 3517 4547 sicut
3563 4492 3696 4546 etin
3722 4490 3910 4543 somnis

694 4580 785 4647 qui
809 4578 942 4631 dixit
979 4579 1107 4631 mihi
1140 4597 1153 4631 :
1185 4578 1367 4633 Vende
1412 4594 1528 4647 qua:
1555 4579 1739 4647 habes,
1770 4590 1823 4635 et
1843 4582 1908 4635 da
1940 4581 2332 4651 pauperibus!)
2361 4589 2582 4642 viderat.
2618 4588 2715 4641 Vix
2745 4603 2871 4657 ergo
2893 4602 3077 4642 suasus
3101 4597 3156 4641 ut
3187 4587 3237 4641 id
3266 4594 3466 4654 ageret,
3496 4583 3806 4651 despoliavit
3830 4595 3906 4635 se.

697 4667 912 4740 (Matth.-
934 4669 1073 4736 xm),
1103 4669 1274 4736 ipsum
1305 4669 1519 4724 vendidi
1546 4678 1601 4724 et
1642 4670 1761 4725 dedi
1787 4674 1884 4737 eis,
1908 4681 1965 4726 ut
1989 4673 2041 4726 in
2068 4674 2151 4727 die
2174 4674 2258 4743 ju-

696 4759 822 4813 dicii
849 4758 1135 4813 habeamus
1159 4758 1406 4812 ﬁduciam
1430 4759 1869 4815 abundantiorem
1895 4762 2031 4830 apud
2056 4763 2217 4816 Deum
2241 4780 2255 4828 ;

697 4861 751 4907 et
776 4851 895 4920 quia
922 4852 1053 4905 alias
1085 4853 1273 4905 iterum
1304 4853 1459 4905 vidua
1486 4853 1675 4907 mulier
1715 4854 1930 4921 petisset
1968 4854 2032 4907 ab
2062 4852 2255 4906 eodem

696 4952 881 4994 sancto
920 4940 1210 5007 Serapione
1237 4942 1645 5010 eieemosynam,
1677 4943 1925 5010 quoniam
1955 4942 2259 4997 esuriebant

701 5031 791 5084 lilii
823 5030 956 5097 ejus,
985 5039 1039 5084 et
1064 5045 1167 5083 non
1199 5031 1427 5086 habente
1454 5046 1519 5086 eo
1543 5032 1737 5101 aliquid
1762 5034 2000 5099 omnino,
2045 5034 2256 5088 tradidit

674 5132 763 5173 se
785 5120 856 5185 ei,
902 5128 952 5172 ut
1002 5122 1253 5175 venderet
1278 5135 1399 5175 eum
1422 5120 1492 5174 ad
1526 5123 1732 5177 mimos
1762 5125 1997 5190 Graecos,
2028 5139 2159 5193 quos
2204 5134 2259 5178 et

702 5210 1185 5266 ChriStianos'iecit
1207 5212 1262 5266 in
1294 5213 1473 5281 paucis
1504 5216 1709 5269 diebus.

739 5372 743 5374 γ
774 5303 899 5357 llxec
926 5304 1106 5371 legens
1136 5314 1355 5358 sanctus
1381 5306 1449 5359 de
1474 5316 1657 5361 sancto
1686 5308 1996 5376 Serapione,
2028 5311 2258 5378 stupeia-

702 5404 823 5449 ctus
851 5404 907 5449 et
932 5395 1150 5448 miratus
1172 5398 1336 5449 sancti
1365 5397 1696 5464 industriam,
1724 5408 1863 5452 totus
1894 5400 2137 5468 lacrymis
2178 5399 2258 5451 in-

688 5485 872 5540 fectus
893 5485 1098 5539 vocavit
1120 5500 1306 5540 omnes
1330 5486 1720 5554 dispensatores
1748 5488 2009 5555 proprios,
2054 5489 2177 5556 legit
2210 5497 2265 5543 et

707 5576 791 5629 eis
814 5577 989 5629 omnia
1018 5575 1084 5630 de
1126 5585 1311 5629 sancto
1364 5576 1676 5644 Serapione,
1728 5586 1783 5630 et
1826 5578 1975 5631 dicit.
2000 5578 2065 5631 ad
2120 5592 2259 5632 eos:

712 5663 892 5731 Vatiae,
923 5682 955 5719 υ
1007 5665 1355 5733 philochristi,
1410 5666 1531 5734 quid
1591 5668 1803 5735 prodest
1856 5668 2053 5722 homini
2103 5669 2264 5723 collo-

710 5761 889 5829 quenti
912 5760 978 5816 de
1004 5761 1206 5816 actibus
1235 5770 1532 5816 sanctorum
1572 5762 1825 5820 Patrum?
1862 5762 2073 5818 Credite
2108 5762 2259 5828 mihi,

2320 4706 2323 4709 ν
2360 4678 2494 4732 Cum
2527 4692 2653 4731 vero
2675 4676 3063 4745 despoliaretur
3087 4685 3147 4731 ut
3173 4682 3492 4730 monstraret
3518 4672 3740 4726 dorsum
3763 4684 3907 4722 suum

2360 4770 2476 4822 viro
2505 4776 2733 4835 sancto,
2809 4781 2907 4835 per
3006 4765 3386 4821 admirandum
3464 4764 3561 4818 Dei
3638 4762 3907 4815 consilium

2360 4857 2561 4912 solutus
2585 4866 2669 4911 est
2693 4870 2799 4925 quo
2843 4864 2959 4909 erat
2985 4854 3195 4908 indutus
3247 4855 3494 4919 amictus,
3547 4860 3605 4907 et
3648 4850 3909 4905 eeciditiu

2361 4954 2580 5009 terram,
2612 4952 2666 4999 et
2719 4944 2987 4997 viderunt,
3020 4958 3139 4995 eum
3189 4956 3374 4996 omnes
3423 4954 3545 4995 esse
3597 4938 3907 4994 eunuchum.

2362 5036 2466 5091 Sed
2501 5036 2621 5103 quia
2651 5048 2839 5089 recens
2876 5044 3010 5097 erat,
3068 5032 3195 5085 nulli
3245 5031 3345 5085 hoc
3386 5030 3660 5085 existebat
3706 5027 3909 5083 inanite-

2360 5140 2519 5183 stum.
2551 5128 2860 5183 Videntibus
2886 5142 3011 5195 ergo
3038 5140 3155 5178 eum
3185 5124 3431 5177 omnibus
3474 5133 3528 5177 et
3568 5134 3759 5177 sancto
3787 5136 3912 5188 pon-

2362 5223 2524 5287 tiiice,
2579 5230 2634 5276 et
2688 5222 2919 5275 maxime
2964 5217 3106 5272 dorsi
3170 5217 3283 5285 ejus
3330 5214 3625 5283 perniciosa
3674 5214 3911 5272 verbera.

2362 5311 2575 5364 mittens
2596 5322 2741 5371 mox,
2774 5304 3067 5374 segregavit
3097 5305 3219 5357 illos
3239 5303 3325 5370 qui
3353 5303 3494 5355 hunc
3525 5301 3913 5355 inconsiderate

2367 5410 2754 5454 tractaverunt.
2784 5395 3246 5451 Venerabilissimo
3279 5402 3452 5447 autem
3485 5394 3759 5447 monacho
3775 5405 3917 5444 com-

2366 5491 2521 5559 plura
2570 5487 2952 5549 rationabatur,
3005 5486 3057 5537 in
3101 5484 3391 5552 ignorantia
3418 5482 3605 5536 dicens
3629 5495 3690 5535 se
3720 5484 3775 5533 in
3800 5494 3915 5532 eum

2367 5591 2638 5647 peccasse,
2664 5585 2716 5631 et
2745 5575 2796 5629 in
2826 5574 2990 5627 Deum
3015 5586 3220 5626 verum.
3253 5571 3319 5623 Et
3348 5572 3412 5623 .iu
3454 5572 3555 5625 hoc
3600 5566 3920 5622 admouebat

2364 5684 2488 5724 eum
2513 5669 2604 5722 ille
2630 5679 2842 5721 sanctus
2874 5681 2886 5717 :
2920 5666 3054 5727 Non,
3087 5662 3272 5731 inquit,
3317 5675 3352 5714 ο
3380 5661 3477 5724 iiii,
3504 5662 3575 5713 ita
3602 5661 3718 5714 sine
3740 5667 3919 5711 custo-

2364 5761 2448 5815 dia
2479 5761 2530 5815 in
2566 5757 2863 5813 civitatibus
2912 5753 3213 5811 conversari
3241 5760 3463 5824 Oportet
3502 5749 3707 5811 εοεαυὶ
3737 5754 3919 5801 sancto
