4058 6428
233 423 372 480 ιῦΒἺ

1180 428 1341 487 vna
1378 431 1621 488 suum
1665 431 1942 487 mmsis
1974 414 2556 493 'ELEEiiustAmt.

3350 447 3371 502 l
3385 451 3485 507 658

240 544 487 616 angelico
510 552 686 599 vestro
731 541 1039 599 indumento
1086 543 1466 601 circumamicti
1512 556 1655 613 sunt,
1707 563 1817 615 ma-
1844 550 2061 623 Aquod
2086 559 2327 607 mortuus
2352 568 2523 621 esses,
2558 563 2605 608 ct
2632 556 2940 611 memoriam
2970 556 3041 611 lui
3064 556 3385 615 faciebamus
3410 569 3491 616 ter

244 639 388 693 xime
425 645 481 691 et
510 635 755 691 feminam
790 637 1185 691 circumducere
1234 637 1299 690 ad
1348 638 1654 692 scandalum
1687 637 1817 692 alio-

245 745 365 785 rum
389 728 701 786 videntium.
732 729 881 782 Tunc
932 728 1224 784 monachus
1268 744 1386 783 cum
1418 732 1560 785 omni
1610 731 1819 810 humili-

245 808 356 877 tate
377 820 635 874 rationem
665 818 918 873 reddebat
948 829 1154 883 sancto,
1188 820 1369 875 dicens
1401 838 1412 872 :
1462 822 1659 883 Crede,
1712 808 1817 874 do-

245 910 414 975 mire,
444 925 553 964 non
603 898 1036 964 mentiar.‘Gaz:e
1083 925 1229 965 eram
1282 920 1407 965 ante
1438 926 1634 979 paucos
1664 910 1814 977 dies;

245 1013 303 1056 et
332 1010 560 1057 exeunte
587 1016 671 1055 me
704 1001 769 1055 de
794 1001 1030 1065 civitate,
1081 1010 1140 1055 ut
1165 1002 1403 1056 venirem
1449 1011 1501 1055 et
1531 1002 1817 1056 salutarem

247 1100 493 1148 sanctum
534 1092 775 1145 abbatem
829 1093 1025 1159 Cyrum
1080 1091 1222 1162 (65),
1251 1091 1484 1148 obviavit
1534 1093 1660 1145 mihi
1710 1093 1823 1147 haec

248 1182 388 1239 bene
416 1183 527 1236 visa
558 1183 729 1251 puella
757 1182 885 1236 foris
916 1191 1143 1249 portam,
1171 1197 1395 1249 vespere
1437 1182 1778 1237 incumbente
1806 1200 1820 1248 ;

240 1284 303 1347 et
331 1288 616 1327 accurreus
645 1274 711 1326 ad
750 1274 907 1341 pedes
935 1288 1102 1335 meos,
1136 1273 1356 1340 rogabat
1389 1282 1444 1326 ut
1473 1287 1681 1327 mecum
1709 1288 1825 1327 am-

250 1364 478 1419 bularet.
510 1364 726 1417 Dicebat
754 1364 895 1417 enim
940 1379 999 1417 se
1056 1363 1332 1417 llebrteam
1388 1378 1527 1429 esse,
1583 1374 1636 1419 et
1685 1365 1824 1418 velle

251 1454 369 1509 ﬁeri
416 1442 805 1516 Christianam;
846 1464 898 1507 et
943 1454 1103 1521 cmpit
1155 1452 1343 1507 eadem
1393 1468 1612 1509 narrare
1652 1455 1825 1509 verbis

252 1546 615 1608 liorribilzbus,
649 1554 835 1599 utnon
886 1546 1249 1614 permitterem
1307 1546 1480 1612 perire
1534 1561 1672 1600 eam.
1738 1546 1825 1599 Ti-

253 1628 406 1691 mens
458 1624 633 1704 itaque
676 1651 773 1705 ego
816 1635 1077 1703 judicium
1134 1637 1245 1699 Dei,
1278 1636 1477 1703 sumpsi
1509 1650 1646 1700 eam,
1679 1638 1825 1690 msti-

255 1744 410 1783 mans
475 1727 616 1797 quod
665 1743 768 1781 non
820 1728 1131 1781 immitteret
1189 1728 1532 1782 teutationem
1604 1729 1829 1783 Satanas

253 1820 597 1890 Spadonibus.
649 1818 957 1874 Nesciebam
1015 1834 1143 1875 vero
1190 1820 1331 1889 quod
1378 1820 1575 1874 nemini
1626 1830 1825 1889 parcat.

1923 642 1974 695 in
2007 656 2170 696 anno.
2199 642 2329 697 Cum
2371 660 2499 714 ergo
2528 644 2765 700 audisset
2802 649 2940 716 quod
2971 646 3022 701 in
3069 664 3209 703 anno
3239 657 3321 705 ter
3348 650 3490 705 face-

1924 741 2041 785 rent
2072 747 2168 801 pro
2193 749 2257 788 eo
2282 734 2621 802 memoriam,
2647 736 2940 807 interrogat
2961 752 3057 793 eos
3083 739 3133 792 in
3162 749 3268 807 quo
3302 741 3409 806 die,
3440 752 3496 796 et

1922 821 1975 874 in
2003 837 2108 891 quo
2134 837 2318 879 mense
2358 824 2473 879 haec
2501 825 2852 882 celebrarent.
2904 828 2971 882 Et
3024 830 3129 884 illis
3169 829 3485 897 dicentibus,

1924 913 2124 967 sanctis
2146 913 2527 984 Theophaniis,
2555 924 2608 970 et
2629 915 2900 970 Dominica
2926 929 3106 972 sancta
3128 928 3283 989 atque
3309 934 3493 975 saneta

1926 1003 2238 1060 Pentecoste
2252 1006 2390 1077 (67),
2409 1007 2545 1062 dixit
2567 1007 2653 1062 ille
2675 1026 2685 1060 :
2703 1008 2833 1075 Quia
2853 1009 3017 1065 tribus
3040 1011 3153 1066 istis
3171 1014 3497 1081 temporibus

1924 1098 2048 1149 anni
2068 1098 2311 1152 veniebat
2339 1099 2551 1168 quidam
2585 1100 2898 1157 candidatus
2946 1112 3002 1156 ut
3027 1103 3125 1171 sol,
3158 1113 3214 1161 et
3235 1105 3489 1161 dissolve—

1926 1186 2016 1240 bat
2046 1203 2131 1242 me
2183 1203 2213 1241 a
2241 1189 2466 1244 vinculis
2497 1190 2686 1246 ferreis
2713 1200 2768 1246 et
2791 1207 2819 1245 a
2862 1193 3135 1259 custodia;
3163 1204 3219 1250 et
3246 1197 3495 1253 movebar

1926 1276 2309 1335 deambulando
2341 1291 2449 1336 tota
2487 1282 2594 1348 die,
2638 1292 2693 1338 et
2735 1297 2894 1339 nemo
2925 1288 3343 1357 recognoscebat
3382 1304 3487 1351 me.

1928 1380 1978 1421 et
2010 1370 2060 1420 in
2091 1370 2380 1425 crastinum
2428 1373 2739 1429 iuveniebar
2783 1376 2989 1432 vincula
3038 1377 3208 1432 ferrea
3240 1388 3492 1447 spumans.

1931 1460 2146 1513 Dicebat
2170 1461 2327 1529 igitur
2345 1473 2555 1519 sanctus
2579 1470 2860 1538 episcopus
2874 1469 3003 1537 quia
3034 1484 3099 1523 ex
3125 1469 3496 1526 hoc-discimus

1931 1550 2127 1605 habere
2156 1551 2483 1610 dormientes
2527 1558 2781 1625 quietem,
2836 1561 3047 1630 quando
3066 1576 3172 1630 pro
3209 1564 3288 1618 eis
3324 1564 3494 1619 colle-

1931 1648 2044 1693 etas
2068 1642 2306 1697 facimus.

2001 1729 2131 1784 Car.
2158 1731 2324 1787 XXV.
2355 1761 2426 1773 —
2453 1733 2601 1801 Quod
2629 1736 2680 1790 in
2711 1738 2929 1793 Actibus
2959 1742 3323 1808 apostolorum
3343 1744 3495 1796 audi-

1931 1820 2101 1875 vimus
2125 1821 2320 1877 factum
2349 1824 2484 1895 (Act.
2521 1825 2616 1894 ιν),
2654 1827 2754 1881 hoc
2778 1828 3083 1896 frequenter
3111 1842 3163 1887 et
3192 1833 3323 1889 huic
3342 1850 3491 1889 com-

255 1912 415 1980 lgitur
442 1911 774 1965 venientibus
804 1910 977 1973 nobis,
1019 1911 1352 1965 sanctissime
1392 1911 1567 1976 Pater,
1598 1921 1651 1966 et
1696 1926 1821 1966 ora-
1860 1912 1901 1977 Β
1931 1910 2318 1976 patientissimo
2345 1912 2636 1969 accidebat.
2664 1916 2915 1972 Videntes
2938 1922 3079 1974 enim
3116 1925 3266 1977 multi
3302 1917 3497 1980 ludesi-

258 2004 456 2059 tionem
488 2003 904 2073 perﬁcientibus,
942 2005 1199 2072 baptizavi
1230 2020 1346 2059 eam
1373 2004 1438 2057 ad
1467 2014 1706 2058 sanctum
1736 2004 1827 2058 ab-

254 2097 375 2150 bam
404 2094 619 2166 Cyrum,
652 2105 703 2151 et
733 2097 981 2167 gyrabam
1024 2112 1142 2151 cum
1181 2112 1244 2151 ea
1285 2096 1338 2150 in
1383 2097 1610 2165 simplici
1641 2099 1823 2157 corde,

254 2184 548 2257 exposcens
591 2189 853 2243 modicum
896 2200 1183 2258 sumptum,
1218 2200 1480 2260 quatenus
1523 2191 1826 2244 introduce—

254 2297 370 2337 rem
417 2296 535 2336 eam
574 2280 629 2334 in
668 2281 1063 2337 monasterium.
1107 2283 1239 2337 Cum
1284 2286 1399 2336 inec
1448 2282 1682 2337 audisset
1734 2296 1827 2350 pa-

234 2354 504 2437 triarcha,
537 2370 668 2426 dixit
695 2389 707 2423 :
736 2371 922 2440 Papae!
965 2380 1099 2440 quot
1127 2372 1419 2427 abseonsos
1460 2385 1646 2425 servos
1671 2372 1827 2424 habet

254 2459 416 2524 Deus,
439 2469 491 2515 et
514 2461 776 2515 nescimus
804 2477 901 2514 nos
928 2461 1193 2516 humiles?
1222 2461 1288 2515 Et
1316 2461 1596 2516 enarrabat
1628 2462 1710 2517 his
1737 2465 1824 2531 qui

253 2560 450 2623 prmsto
476 2562 626 2606 erant
646 2553 904 2606 visionem
933 2567 1088 2622 quam
1117 2553 1324 2607 Viderat
1357 2562 1512 2608 nocte
1542 2553 1610 2609 de
1640 2568 1725 2609 eo.
1764 2555 1829 2607 Et

254 2640 473 2707 protulit
502 2641 800 2708 patriarcha
844 2651 1052 2697 centum
1083 2644 1397 2696 numismata
1422 2644 1488 2697 de
1518 2659 1699 2711 manu,
1731 2646 1825 2698 da—

251 2739 403 2785 turus
430 2730 479 2785 ei
513 2747 527 2785 :
562 2730 655 2784 Dei
687 2742 859 2785 autem
888 2733 1090 2786 amicus
1119 2733 1205 2787 ille
1234 2748 1357 2788 vere
1377 2736 1689 2801 monachus,
1721 2749 1824 2788 non

252 2835 447 2891 passus
489 2821 687 2889 aliquid
740 2822 981 2892 accipere
1032 2837 1099 2878 ex
1149 2824 1245 2891 eis,
1302 2823 1520 2894 dignum
1572 2826 1827 2881 memoria

253 2911 477 2967 verbum
524 2912 591 2966 ad
645 2913 999 2985 patriarcham
1053 2914 1258 2970 locutus
1304 2924 1406 2979 est,
1437 2915 1658 2970 dicens:
1722 2917 1828 2985 Ego

252 3002 357 3058 hoc
385 3018 488 3057 non
539 3004 765 3074 postulo,
800 3004 1044 3071 domine;
1077 3005 1368 3060 monachus
1406 3006 1547 3060 enim
1580 3007 1625 3062 si
1667 3006 1825 3063 fidem

258 3095 437 3159 habet,
471 3095 657 3149 horum
690 3113 793 3152 non
826 3097 1048 3166 indiget.
1081 3096 1137 3152 Si
1164 3106 1339 3151 autem
1383 3097 1569 3151 horum
1598 3107 1739 3167 eget,
1774 3100 1829 3151 fi-

256 3185 377 3239 dem
424 3202 527 3240 non
582 3186 758 3241 habet.
814 3187 963 3254 Quod
1012 3188 1241 3243 maxime
1289 3187 1517 3256 amplius
1572 3188 1827 3243 satisfecit

1934 2009 2145 2055 nentem
2175 2002 2291 2071 ejus
2321 2013 2374 2058 et
2400 2003 2796 2061 inscrutabilem
2841 2010 2983 2064 circa
3029 2021 3213 2079 gentes
3257 2029 3498 2080 compas-

1929 2090 2157 2158 sionem,
2190 2094 2539 2150 movebantur
2578 2098 2848 2155 multoties
2891 2101 2957 2155 ad
3005 2103 3279 2158 vendenda
3310 2109 3498 2162 inulta

1930 2185 1996 2239 de
2024 2185 2332 2239 substantiis
2354 2185 2500 2251 suis;
2531 2197 2583 2241 et
2626 2188 2878 2256 ferentes,
2909 2194 3217 2261 praebebant
3240 2197 3353 2252 ~Dei
3401 2200 3496 2254 de-

1930 2285 2053 2329 voto
2080 2276 2341 2330 ministro.
2382 2277 2531 2333 Unde
2560 2286 2614 2333 et
2642 2280 2855 2348 quidam
2884 2284 3101 2337 veniens
3141 2300 3243 2339 una
3269 2286 3499 2350 dierum,

1928 2365 2186 2419 offerebat
2210 2369 2256 2419 ei
2284 2378 2487 2436 septem
2529 2370 2691 2423 libras
2715 2371 2828 2425 auri
2857 2380 2911 2426 et
2950 2373 3497 2438 diniidiam,~sat‘i.~fa-

1929 2457 2075 2509 ciens
2098 2467 2301 2523 sancto,
2348 2458 2484 2526 quod
2537 2476 2641 2512 non
2672 2462 2965 2529 possideret
3001 2465 3144 2518 aliud
3192 2466 3389 2536 aliquid
3449 2470 3500 2523 in

1928 2560 2081 2601 auro.
2114 2546 2329 2601 Petebat
2360 2560 2535 2602 autem
2557 2551 2622 2603 ab
2653 2564 2718 2604 eo
2747 2566 2867 2605 cum
2910 2554 3088 2608 multis
3113 2556 3497 2624 genuﬁexioni-

1930 2639 2031 2692 bus
2077 2648 2136 2692 ut
2164 2650 2341 2693 oraret
2370 2652 2632 2710 quatenus
2686 2643 2939 2697 Dominus
2986 2643 3339 2699 Deus'ﬁlium
3385 2652 3501 2715 ejus

1929 2730 2179 2785 salvaret.
2201 2730 2590 2787 Habebateuim
2619 2748 2777 2787 unum
2803 2734 3138 2790 solummodo
3167 2734 3332 2790 ﬁlium
3349 2738 3500 2806 quasi

1930 2835 2186 2875 annorum
2217 2821 2543 2891 quindecim,
2578 2834 2633 2877 ut
2661 2823 2942 2880 reduceret
2991 2825 3167 2878 navim
3215 2825 3329 2894 ejus
3376 2842 3496 2882 cum

1930 2915 2071 2972 bono
2094 2917 2162 2971 ab
2188 2917 2385 2984 Africa,
2428 2919 2553 2975 illuc
2582 2920 2725 2975 enim
2756 2921 2980 2977 abierat.
3023 2921 3305 2991 Accipiens
3341 2921 3499 2990 igitur

1929 3022 2167 3063 summus
2195 3009 2449 3065 sacerdos
2497 3013 2844 3081 quantitatem
2884 3012 3316 3067 auri-demanu
3362 3012 3499 3080 ejus,

1934 3097 2161 3154 miratus
2226 3108 2309 3156 est
2380 3114 2505 3158 eum
2608 3111 2711 3156 tam
2743 3118 2861 3159 esse
2892 3105 3284 3176 magnanimum
3314 3106 3381 3159 ad
3410 3105 3493 3159 of-

1930 3185 2203 3244 ferendam
2238 3198 2400 3246 totam
2438 3194 2783 3261 quantitatem
2824 3197 2941 3251 auri
2976 3204 3147 3266 quam
3177 3198 3499 3268 possidebat.

256 3281 499 3335 omnibus
542 3284 628 3352 qui
656 3282 936 3336 audierant
975 3282 1114 3350 quod
1163 3294 1348 3337 servus
1393 3282 1484 3337 Dei
1514 3282 1612 3337 iste
1643 3296 1827 3335 mona-
1854 3279 1898 3340 C
1931 3279 2115 3333 Oravit
2140 3280 2351 3349 quidem
2374 3282 2422 3336 ei
2451 3282 2563 3355 (68)
2594 3292 2645 3338 et
2677 3284 2729 3339 in
2760 3284 2895 3341 facie
2920 3285 3170 3352 multum,
3199 3294 3255 3341 et
3280 3288 3357 3341 sic
3378 3291 3498 3342 eum

259 3373 391 3427 chus
435 3381 601 3428 esset.
640 3371 942 3428 Genuﬂexit
973 3372 1129 3443 igitur
1160 3372 1494 3442 patriarchae,
1526 3380 1581 3427 et
1607 3372 1745 3427 exiit
1774 3374 1823 3425 in

238 3476 409 3543 pace.
443 3467 650 3522 Extunc
678 3469 835 3536 igitur
866 3470 983 3539 plus
1028 3468 1323 3523 honorabat
1350 3473 1406 3523 et
1432 3465 1665 3534 hospitio
1694 3466 1829 3520 reci-

258 3557 436 3627 piebat
460 3560 771 3627 monachos,
816 3569 869 3616 et
897 3560 1065 3615 bonos
1093 3562 1384 3614 aestimatos
1412 3566 1467 3613 et
1498 3557 1680 3611 malos
1712 3574 1725 3609 :
1776 3566 1830 3612 et

259 3644 550 3701 aediﬁcabat
585 3663 706 3701 mox
736 3648 1122 3703 xenodochium
1154 3662 1416 3713 seorsum,
1458 3657 1512 3701 et
1539 3646 1829 3715 appellavit

261 3738 365 3794 hoc
393 3739 805 3809 Receptaculum
849 3743 1085 3795 omnium
1110 3740 1509 3796 monachorum.

308 3818 466 3887 ’Cxp.
515 3831 707 3888 XXIV.
736 3862 803 3872 —
852 3831 1172 3887 Mortalitate
1220 3831 1504 3900 aliquando
1560 3830 1827 3885 civitatem

268 3922 780 3991 comprehendente,
814 3923 920 3977 ibat
972 3931 1024 3977 et
1072 3923 1185 3992 ipse
1237 3932 1472 3988 sanctus,
1526 3931 1583 3975 ut
1626 3920 1833 3976 videret

264 4012 509 4068 funerum
532 4014 805 4082 obsequia.
839 4012 1004 4069 Valde
1033 4016 1172 4068 enim
1202 4014 1410 4069 dicebat
1434 4014 1533 4067 hoc
1561 4027 1682 4067 esse
1709 4028 1830 4082 pro-

261 4101 477 4167 ﬁcuum,
510 4115 562 4159 et
605 4105 968 4173 sepulcrorum
1016 4106 1514 4162 considerationem.
1568 4106 1829 4161 Multoties

262 4208 391 4248 vero
420 4195 685 4250 assidebat
725 4204 780 4251 et
819 4196 900 4251 his
928 4196 1039 4266 qui,
1093 4197 1350 4261 morituri,
1385 4198 1724 4252 vexationem
1776 4198 1828 4251 in

262 4285 405 4340 exitu
436 4287 627 4340 anima:
655 4287 1016 4355 patiebantur;
1054 4297 1106 4342 et
1136 4288 1249 4357 ipse
1276 4302 1461 4341 eorum
1490 4288 1674 4342 oculos
1707 4303 1831 4356 pro-

261 4375 391 4444 priis
420 4377 663 4431 manibus
707 4377 1003 4441 claudebat,
1037 4378 1346 4433 memoriam
1393 4378 1591 4433 habere
1633 4394 1695 4432 ex
1729 4377 1829 4431 hoc

260 4467 637 4536 sempiternam
663 4466 865 4535 volens,
899 4477 951 4522 et
972 4484 1151 4522 curam
1180 4468 1377 4537 proprii
1404 4469 1598 4523 exitus.
1635 4468 1828 4522 Praeci-

262 4556 442 4623 piebat
466 4567 642 4611 autem
668 4565 721 4611 et
765 4558 1109 4613 collectiones
1155 4574 1249 4626 pro
1299 4557 1561 4612 defunctis
1608 4561 1827 4628 impigre

1934 3368 2155 3423 dimisit.
2187 3369 2384 3425 Tamen
2423 3382 2637 3441 propter
2677 3373 2792 3442 ejus
2837 3375 3055 3428 multam
3102 3374 3282 3443 ﬁdem,
3310 3378 3501 3444 posuit

1932 3459 2124 3513 subtus
2166 3470 2403 3515 sanctam
2444 3476 2681 3517 mensam
2723 3463 2996 3533 ligaturam
3032 3466 3342 3535 quantitatis
3384 3468 3499 3522 auri

1934 3550 2234 3616 patriarcha
2270 3550 2323 3605 in
2354 3555 2589 3607 oratorio
2617 3554 2840 3609 cubiculi
2873 3555 2976 3621 sui,
3011 3564 3064 3610 et
3103 3558 3343 3627 synaxim
3375 3556 3499 3613 fecit

1933 3643 2113 3695 statim
2144 3644 2432 3711 perfectam
2456 3661 2616 3714 super
2637 3663 2752 3703 eam
2783 3663 2878 3717 pro
2902 3648 2991 3703 illo
3016 3651 3104 3719 qui
3137 3650 3271 3704 hanc
3296 3650 3500 3705 obtule-

1933 3740 2033 3797 rat,
2069 3734 2198 3788 satis
2219 3735 2534 3806 abundeque
2564 3737 2730 3793 Deum
2760 3753 2951 3808 rogans
2978 3748 3241 3809 quatenus
3261 3750 3313 3793 et
3335 3740 3499 3794 ﬁlium

1933 3825 1980 3895 ej
1993 3842 2050 3881 us
2080 3826 2330 3893 salvaret,
2359 3838 2410 3883 et
2439 3844 2623 3884 navem
2649 3845 2765 3884 cum
2796 3830 2964 3886 salute
2986 3831 3283 3897 reduceret,
3312 3846 3500 3886 secun—

1932 3916 2059 3971 dum
2089 3918 2230 3987 quod
2264 3918 2435 3973 fuerat
2467 3920 2762 3988 postulatus
2815 3922 2882 3976 ab
2922 3921 3036 3975 illo.
3089 3920 3321 3976 Necdum
3371 3928 3503 3990 ergo

1935 4010 2146 4079 triginta
2181 4011 2462 4065 transactis
2489 4011 2696 4079 diebus,
2731 4012 3009 4066 defunctus
3046 4021 3128 4067 est
3156 4014 3303 4067 ﬁlius
3325 4013 3500 4067 humi-

1934 4100 2016 4154 nis
2059 4100 2199 4155 illius
2237 4101 2326 4169 qui
2364 4101 2623 4155 obtulerat
2662 4111 2867 4169 septem
2917 4101 3078 4155 libras
3126 4110 3180 4156 et
3206 4101 3501 4156 dimidiam

1934 4190 2279 4257 patriarchae;
2312 4199 2364 4244 et
2401 4192 2451 4243 in
2496 4189 2647 4244 tertia
2678 4190 2765 4243 die
2794 4191 2981 4243 [hortis
3026 4190 3193 4257 pueri,
3229 4192 3425 4257 ret-epit
3450 4201 3501 4245 et

1934 4283 2109 4335 navim
2131 4295 2278 4334 suam
2302 4280 2369 4332 ab
2392 4278 2588 4344 Africa,
2611 4280 2663 4333 in
2687 4291 2916 4348 quaerat
2938 4287 2991 4332 et
3016 4278 3173 4332 frater
3193 4295 3501 4347 germanus.

1931 4371 2171 4438 ejusdem
2204 4370 2300 4423 viri
2332 4370 2582 4424 creditor.
2613 4370 2679 4424 Et
2709 4372 2924 4424 veniens
2952 4370 3100 4439 juxta
3129 4369 3382 4434 Pharum,
3408 4387 3501 4424 re—

1932 4460 2050 4516 tulit
2072 4460 2336 4530 quomodo
2355 4461 2503 4516 navis
2523 4460 2848 4531 naufragium
2880 4461 3113 4531 pertulit,
3138 4470 3191 4516 et
3213 4461 3501 4529 perdiderit

1935 4559 2106 4606 totum
2128 4566 2231 4622 quo
2258 4560 2374 4608 erat
2398 4554 2571 4620 plena,
2596 4562 2649 4607 et
2671 4553 2807 4622 quod
2832 4568 2936 4607 non
2958 4562 3136 4607 essent
3156 4552 3371 4606 salvataa
3400 4553 3498 4603 nisi

263 4642 382 4717 (66)
408 4653 462 4699 et
486 4646 601 4700 sine
646 4646 809 4700 dubio
854 4650 1134 4716 perficere.
1192 4648 1401 4702 Etenim
1452 4649 1661 4704 dicebat
1707 4651 1825 4719 quia
1858 4648 1905 4705 ο
1932 4646 2141 4711 animae,
2163 4654 2217 4701 et
2236 4661 2339 4700 una
2357 4646 2550 4714 scapha
2569 4659 2749 4699 vacua.
2776 4645 2904 4699 Cum
2926 4658 3055 4713 ergo
3076 4654 3130 4699 et
3156 4642 3295 4697 hunc
3313 4655 3498 4696 casum

262 4743 385 4788 ante
430 4748 653 4803 paucum
686 4745 893 4805 tempus
922 4736 1164 4805 captivus
1194 4738 1383 4793 ductus
1410 4747 1491 4793 est
1528 4739 1593 4792 ad
1637 4739 1824 4793 Persas

260 4825 498 4895 quidam,
528 4834 582 4879 et
628 4824 955 4881 descendens
986 4828 1037 4881 in
1064 4827 1353 4893 Persidam,
1384 4837 1624 4883 retrusus
1663 4842 1745 4884 εει
1771 4830 1824 4883 in

260 4930 528 4971 carcerem
559 4919 648 4987 qui
696 4920 1058 4988 appellabatur
1097 4921 1285 4985 Lethe,
1320 4922 1418 4976 hoc
1461 4932 1563 4987 est,
1610 4923 1822 4978 oblivio.

260 5007 483 5075 Quidam
530 5022 660 5078 ergo
709 5009 969 5078 fugientes
1010 5010 1177 5075 illinc,
1214 5013 1589 5080 venientesque
1639 5012 1692 5066 in
1723 5014 1824 5083 Cy—

260 5114 436 5168 prum,
466 5108 520 5153 et
546 5099 851 5171 interrogati
891 5117 920 5155 a
954 5102 1262 5170 parentibus
1287 5102 1449 5169 illius,
1494 5104 1539 5157 si
1584 5103 1720 5159 forte
1750 5110 1827 5158 vi»

259 5189 460 5245 dissent
503 5205 647 5250 eum,
694 5191 1074 5260 respondentes
1122 5192 1369 5248 dixerunt
1414 5195 1513 5259 eis,
1565 5195 1688 5263 quia
1730 5210 1828 5249 nos

262 5281 495 5351 propriis
523 5283 766 5336 manibus
793 5284 1132 5352 sepelivimus
1160 5300 1304 5340 eum.
1351 5285 1464 5340 Non
1493 5296 1669 5341 autem
1712 5297 1829 5341 erat

261 5372 361 5426 iste
380 5370 447 5425 de
474 5386 580 5440 quo
605 5369 1000 5440 interrogabant
1025 5389 1139 5441 eos,
1170 5375 1262 5429 sed
1284 5375 1417 5430 alius
1441 5375 1827 5430 indissimiliter

260 5477 381 5517 eum
410 5462 669 5517 similans.
692 5462 956 5527 Dixerunt
982 5480 1106 5519 vero
1133 5468 1209 5521 eis
1238 5476 1290 5522 et
1320 5482 1577 5535 mensem,
1605 5480 1657 5523 et
1685 5469 1823 5523 diem

263 5553 437 5608 obitus
465 5554 649 5623 ipsius.
681 5554 758 5609 Illi
786 5570 914 5611 vero
935 5566 1180 5625 tanquam
1206 5575 1301 5628 pro
1324 5570 1532 5615 mortuo
1562 5560 1827 5616 faciebant

258 5650 309 5703 ei
339 5656 448 5703 tres
490 5648 741 5704 collectas
778 5663 874 5718 per
902 5648 1137 5719 singulos
1188 5666 1378 5708 annos.
1429 5654 1557 5708 Post
1600 5662 1824 5720 quatuor

261 5738 438 5811 itaque
463 5755 633 5796 annos
658 5742 805 5796 venit
834 5742 884 5796 in
908 5743 1161 5813 Cyprum,
1190 5743 1307 5812 fuga
1347 5745 1527 5814 lapsus
1556 5759 1583 5796 a
1622 5744 1822 5799 Persis.

270 5829 513 5886 Dixerunt
544 5845 670 5901 ergo
699 5833 746 5887 ei
800 5834 919 5889 sui:
956 5834 1109 5900 Vere,
1150 5832 1334 5901 frater,
1385 5849 1481 5889 nos
1529 5834 1823 5889 audivimus

1932 4737 2217 4793 didicisset
2245 4736 2488 4791 evenisse
2514 4736 2612 4790 sibi
2636 4735 2882 4789 dominus
2906 4733 3053 4788 navis
3076 4742 3129 4788 et
3156 4742 3299 4802 pater
3325 4732 3497 4799 pueri,

1933 4827 2219 4883 secundum
2247 4828 2463 4882 verbum
2488 4825 2786 4896 Prophetas,
2829 4826 2985 4893 paulo
3004 4823 3179 4878 minus
3205 4823 3260 4877 in
3289 4822 3500 4876 inferno

1932 4920 2187 4975 habitavit
2230 4919 2403 4973 anima
2459 4919 2573 4984 ejus
2628 4916 2795 4988 (Paal.
2830 4915 3008 4987 xcm);
3067 4914 3301 4970 nondum
3334 4914 3497 4969 enim

1933 5011 2273 5064 tribulatione
2316 5009 2405 5062 ﬁlii
2447 5008 2529 5062 sui
2559 5010 2839 5073 exstincta,
2869 5006 3269 5072 comprehendit
3296 5019 3415 5058 eum
3445 5013 3499 5058 et

1934 5100 2123 5161 navis;
2158 5098 2321 5151 relata
2354 5105 2477 5149 sunt
2523 5098 2698 5163 itaque
2739 5096 2914 5148 omnia
2956 5110 3078 5163 quae
3114 5092 3414 5147 acciderant
3448 5092 3499 5145 ei

1934 5186 2271 5255 patriarchae,
2303 5195 2355 5240 et
2384 5200 2519 5254 pene
2550 5184 2667 5254 plus
2695 5199 2852 5253 quam
2885 5184 2928 5237 is
2957 5184 3045 5252 qui
3078 5182 3190 5235 ha:c
3217 5195 3498 5250 perpessus

1934 5280 2107 5331 fuerat
2134 5278 2184 5330 in
2216 5276 2428 5330 tristitia
2460 5276 2783 5341 morabatur,
2830 5274 3057 5329 maxime
3087 5272 3303 5341 propter
3330 5273 3497 5325 tilium

1932 5369 2045 5439 ejus
2073 5370 2304 5423 unicum.
2331 5368 2583 5423 Nescicns
2611 5383 2737 5437 ergo
2764 5368 2889 5437 quid
2920 5365 3136 5432 faceret,
3165 5372 3313 5432 rogat
3340 5361 3499 5416 mise-

1932 5460 2352 5513 ricordissimum
2383 5460 2569 5525 Deum,
2594 5468 2649 5513 ut
2667 5458 3035 5514 consolaretur
3048 5457 3213 5511 virum
3236 5454 3496 5510 immensa

1934 5552 2128 5622 pietate
2158 5568 2273 5606 sua.
2300 5553 2608 5607 Convocare
2637 5555 2778 5608 enim
2801 5568 2948 5617 eum,
2980 5561 3032 5604 et
3053 5548 3313 5603 consolari
3345 5549 3395 5602 in
3422 5548 3495 5602 fa-

1931 5646 2011 5700 cie
2052 5655 2266 5700 sanctus
2314 5646 2703 5700 erubescebat:
2736 5651 3095 5699 verumtamen
3145 5640 3412 5695 mandavit
3448 5640 3497 5694 ei

1932 5744 1990 5789 ut
2015 5736 2317 5789 nullatenus
2344 5736 2686 5804 desperaret;
2713 5749 2881 5804 neque
2902 5734 3041 5788 enim
3066 5735 3178 5787 sine
3195 5730 3342 5803 justo
3363 5731 3490 5803 judi-

1933 5831 2016 5885 cio
2042 5830 2209 5885 Deum
2242 5831 2415 5887 facere
2443 5831 2658 5899 aliquid,
2695 5830 2787 5885 sed
2818 5828 3069 5885 omniain
3101 5829 3199 5882 hoc
3235 5827 3375 5898 quod
3399 5842 3492 5883 cx-
