4058 6422
591 374 728 432 1659

1657 367 1932 427 LEONTII
1962 366 2775 426 NEAPOLITANI'EPISCOPI

3712 368 3853 426 1640

600 479 766 548 pedit,
816 478 954 546 quod
1007 491 1101 531 nos
1158 477 1479 546 ignoramus.
1523 475 1661 546 Ergo
1708 486 1766 530 ut
1818 492 1923 532 non
1980 477 2163 547 perdat
2192 480 2402 537 Asam.
2431 480 2549 545 quia
2574 479 3212 550 propterexitumvrginti
3238 481 3514 547 librarum,
3540 482 3839 538 inﬁrmatus

599 571 919 635 mercedem,
941 586 1095 640 quam
1119 570 1243 625 fecit
1258 570 1310 624 in
1333 578 1532 637 septem
1554 581 1605 623 et
1626 569 1840 624 dimidia
1867 570 1999 622 libra
2022 570 2159 631 auri,

597 671 652 717 et
676 662 831 716 ﬁdem
854 676 1010 729 quam
1037 661 1337 729 possidebat
1361 660 1499 713 circa
1521 668 1756 713 sanctum
1780 660 2159 727 patriarcham;

598 753 705 822 jam
736 768 862 809 vero
892 762 948 806 ut
971 761 1024 806 et
1051 767 1147 805 nos
1174 751 1225 804 in
1258 751 1651 815 tentationibus,
1700 766 1815 819 qum
1856 752 2007 807 nobis
2038 767 2162 807 eve-

602 846 775 913 niunt,
819 846 1030 913 quando
1071 844 1267 913 aliquid
1309 845 1430 898 boni
1463 844 1768 908 fecerimus,
1800 845 2165 913 imperturbati

607 946 661 991 et
682 938 880 1005 gratias
901 935 1195 990 referentes
1220 936 1286 990 ad
1314 935 1478 990 Deum
1502 950 1934 1005 permaneamus;
1964 937 2092 991 vidit
2114 938 2166 991 in

604 1029 804 1083 somnis
841 1026 949 1096 jam
999 1027 1171 1081 dictus
1200 1028 1282 1081 vir
1325 1028 1704 1093 philochristus
1753 1038 1958 1094 postera
2014 1040 2169 1085 noete

605 1117 910 1185 quemdam,
956 1118 1103 1183 quasi
1148 1118 1197 1172 in
1245 1118 1422 1172 habitu
1467 1119 1785 1173 sanctissimi
1835 1120 2165 1187 patriarchae,

602 1206 870 1261 dicentem
902 1207 1000 1261 sibi
1037 1224 1051 1260 :
1086 1207 1151 1263 Ut
1172 1209 1295 1277 quid
1330 1209 1616 1273 tribularis,
1646 1211 1827 1271 frater,
1860 1219 1912 1264 et
1942 1226 2171 1265 interere

604 1295 952 1351 dissolveris?
982 1297 1164 1352 Nonne
1193 1307 1249 1352 tu
1276 1315 1362 1353 me
1392 1300 1583 1369 rogasti
1616 1308 1675 1353 ut
1712 1309 1943 1367 peterem
1975 1315 2003 1352 a
2040 1301 2169 1364 Deo,

604 1393 666 1440 ut
703 1386 882 1441 salvus
926 1386 1079 1443 ﬁeret
1118 1388 1255 1443 ﬁlius
1303 1390 1464 1443 tuus?
1508 1390 1644 1444 Ecce
1670 1391 1845 1443 salvus
1876 1392 2043 1445 factus
2068 1398 2168 1444 est.

602 1477 775 1531 Crede
805 1479 959 1546 mihi,
992 1481 1036 1534 si
1065 1480 1287 1545 viveret,
1336 1496 1526 1547 pravus
1578 1492 1632 1536 et
1674 1482 1973 1535 immundus
2015 1483 2173 1537 homo

606 1570 776 1625 ﬁeret.
806 1572 871 1624 Et
898 1571 965 1626 de
994 1574 1113 1626 navi
1138 1585 1246 1637 tua,
1273 1588 1417 1636 vere,
1447 1574 1545 1627 nisi
1580 1574 1720 1627 Deus
1750 1575 2050 1641 placaretur
2081 1586 2174 1640 pro

609 1660 750 1714 bono
778 1661 915 1729 quod
945 1659 1116 1717 fecisti
1145 1663 1383 1731 parvitati
1414 1677 1569 1725 mea},
1599 1664 1858 1717 sententia
1888 1674 2001 1717 erat
2030 1665 2170 1727 data,

606 1760 870 1817 quatenus
900 1762 1026 1819 tota,
1059 1761 1115 1807 ut
1138 1754 1300 1822 jacet,
1325 1769 1445 1808 cum
1477 1755 1755 1808 animabus
1781 1755 1830 1807 in
1857 1753 2174 1822 profundum

2264 577 2347 620 est
2380 568 2472 622 ille
2513 571 2705 623 invitus
2734 570 3180 641 eleemosynator.
3216 573 3344 627 Erat
3370 572 3510 628 enim
3541 575 3620 643 (ut
3648 576 3838 644 praedi.

2264 667 2404 711 ctum
2452 660 2557 727 est)
2590 662 2738 715 valde
2778 662 3179 728 imntisericors,
3237 676 3289 719 et
3344 675 3550 720 amator
3578 668 3836 735 pecunia.

2263 745 2376 807 Non
2403 747 2664 803 sulferens
2693 764 2820 819 ergo
2849 751 3033 807 beatus
3062 768 3122 807 se
3151 754 3364 821 quidem
3394 770 3557 822 super
3597 772 3838 811 mensam

2271 840 2509 904 reﬁcere,
2544 842 2692 896 illum
2723 854 2897 900 autem
2930 847 3306 916 superiectum
3331 850 3558 905 cruciari
3588 853 3839 921 graviter.

2270 930 2510 996 pervenit
2534 932 2783 986 celeriter
2834 930 2900 986 ad
2964 948 3084 990 eum
3141 936 3229 993 ille
3287 954 3413 994 vere
3510 944 3627 995 s‘ne
3657 957 3839 1012 super:

2272 1017 2378 1082 hia,
2404 1030 2457 1072 et
2476 1018 2615 1073 dixit
2639 1020 2705 1074 ad
2735 1036 2854 1075 eum
2885 1021 3035 1077 hilari
3060 1028 3203 1080 vultu
3232 1043 3245 1080 :
3273 1026 3373 1082 Fac
3398 1029 3735 1097 eharitatem,
3767 1032 3840 1084 ﬁli

2268 1108 2463 1164 Troile.
2488 1110 2740 1167 Estimas
2768 1114 2909 1182 quod
2942 1116 2993 1170 in
3034 1118 3256 1173 veritate
3286 1120 3518 1176 dixerim
3550 1121 3645 1175 tibi
3668 1124 3843 1176 fratri—

2273 1199 2370 1252 bus
2396 1200 2755 1267 hujuscemodi
2797 1205 2969 1258 dare?
3013 1208 3172 1263 crede
3202 1209 3349 1275 mihi,
3395 1225 3489 1279 per
3514 1214 3691 1278 jocum
3732 1215 3841 1267 dixi

2272 1289 2366 1341 tibi
2397 1290 2543 1344 dare.
2580 1292 2687 1360 Ego
2713 1295 2853 1346 enim
2887 1296 3027 1350 volui
3056 1309 3311 1367 praestare
3358 1301 3439 1354 eis
3487 1302 3697 1371 singula
3747 1320 3843 1355 nu-

2274 1382 2514 1433 mismata
2547 1392 2762 1451 propter
2790 1395 3028 1440 sanctam
3060 1388 3429 1456 festivitatem;
3463 1392 3560 1446 sed
3589 1394 3710 1462 quia
3737 1410 3839 1447 non

2274 1469 2497 1524 habebat
2524 1473 2839 1530 distributor
2860 1492 3009 1533 meus
3046 1494 3225 1535 secum
3252 1483 3605 1537 sufﬁcientem
3638 1489 3843 1554 quanti-

2276 1571 2458 1627 tatem,
2490 1562 2642 1633 hujus
2673 1569 2749 1620 rei
2779 1568 2943 1637 gratia
2971 1579 3205 1625 mutuam
3235 1572 3427 1626 dedisti
3454 1588 3575 1628 eam
3608 1576 3762 1639 mihi,
3791 1588 3843 1629 et

2274 1668 2401 1707 ecce
2450 1658 2599 1709 attuli
2654 1656 2746 1711 tibi
2806 1660 2924 1713 illas
2974 1661 3189 1731 triginta
3240 1662 3421 1719 libras.
3464 1663 3533 1718 Ut
3558 1680 3689 1719 vero
3717 1666 3843 1719 vidit

2280 1747 2625 1821 quantitatem
2657 1749 2937 1817 episcopus
2970 1752 3020 1804 in
3056 1753 3350 1807 honorabili
3391 1769 3550 1808 manu
3588 1756 3842 1820 sapientis

605 1852 873 1911 pergeret,
912 1852 966 1899 et
994 1845 1244 1913 perderes
1270 1842 1487 1899 fratrem
1538 1854 1706 1899 tuum.
1748 1846 1851 1900 Sed
1904 1860 2079 1913 surge,
2121 1853 2176 1900 et
2206 1842 2251 1901 B
2276 1836 2553 1889 existcntis
2583 1840 2770 1892 medici
2811 1850 2863 1893 et
2894 1842 3145 1909 pastoris,
3197 1844 3357 1898 febris
3402 1846 3617 1913 quidem
3671 1849 3843 1901 subito

606 1934 838 2001 gluriﬁca
871 1934 1058 1999 Deum,
1092 1936 1179 2004 qui
1208 1936 1352 1989 dedit
1378 1936 1471 1990 tibi
1496 1952 1638 2001 eum,
1665 1947 1717 1991 et
1746 1937 1969 1991 salvavit
2006 1937 2169 1990 ﬁlium

607 2032 755 2077 tuum
787 2025 1039 2078 mundum
1064 2026 1130 2079 de
1159 2026 1261 2080 hoc
1289 2028 1485 2080 saeculo
1511 2042 1665 2082 vano.
1703 2029 1971 2098 Evigilans
1999 2029 2174 2097 itaque

568 2168 569 2173 η
606 2116 707 2179 vir,
735 2112 935 2169 invenit
963 2130 1055 2170 cor
1083 2131 1234 2170 suum
1264 2119 1616 2184 consulatum,
1661 2127 1715 2172 et
1748 2120 2047 2173 universam
2080 2120 2177 2172 tri-

562 2233 569 2240 ο
607 2202 801 2257 stitiam
827 2204 942 2274 ejus
969 2206 1222 2274 ejectam;
1253 2216 1306 2260 et
1334 2206 1548 2262 indutus
1576 2209 1887 2262 vestimenta
1923 2222 2039 2274 sua,
2081 2223 2177 2264 ve-

608 2293 689 2347 nit
717 2295 909 2349 cursim
953 2296 1017 2348 ad
1052 2294 1567 2352 houorabilissimum
1600 2299 1974 2366 patriarcham,
2008 2309 2060 2353 et
2093 2299 2177 2368 ja-

566 2431 569 2435 ,
609 2394 718 2439 ctat
760 2400 819 2439 se
858 2384 923 2440 ad
969 2386 1132 2454 pedes
1177 2386 1313 2455 ejus,
1356 2390 1552 2457 gratias
1597 2401 1759 2454 agens
1788 2389 1898 2442 Deo
1927 2389 2073 2454 etei,
2124 2399 2179 2443 et

612 2492 835 2531 narrans
867 2476 1124 2532 visionem
1155 2494 1311 2547 quam
1343 2479 1568 2534 viderat.
1618 2480 1786 2545 Quam
1835 2480 2056 2535 audiens
2092 2480 2178 2549 ju-

608 2567 895 2631 stissimus,
928 2567 1068 2622 dixit
1098 2584 1111 2620 :
1143 2567 1322 2622 Gloria
1354 2569 1466 2633 tibi,
1514 2569 1739 2637 benigne
1784 2577 1837 2623 et
1876 2569 2179 2625 misericors

611 2657 791 2723 Deus,
848 2657 937 2726 qui
987 2666 1042 2711 et
1084 2658 1510 2727 deprecationem
1558 2669 1893 2726 peccatorum
1933 2660 2173 2715 exaudis.

610 2749 911 2818 lterumquc
959 2750 1023 2803 ad
1074 2751 1338 2805 hominem
1390 2750 1564 2805 dixit:
1596 2749 1953 2819 Nequaquam,
2007 2765 2040 2803 ο
2081 2750 2175 2816 ﬁli,

607 2843 829 2910 gratiam
865 2844 1000 2897 hanc
1023 2843 1249 2897 orationi
1274 2857 1404 2897 mea;
1431 2842 1684 2907 ascribas,
1710 2842 1803 2895 sed
1835 2842 1943 2896 Deo
1972 2850 2026 2896 et
2056 2842 2175 2897 ﬁdei

608 2939 734 2999 tute,
767 2933 877 2986 haec
899 2933 1039 2987 enim
1062 2935 1236 2987 omnia
1264 2932 1361 2987 ista
1383 2933 1666 3000 impetrare
1680 2932 1862 2985 valuit.
1888 2931 2015 2984 Erat
2035 2932 2177 2986 enim

610 3023 765 3077 valde
788 3023 1058 3078 humiliter
1075 3024 1309 3081 sentiens
1334 3032 1571 3090 sanctus,
1595 3023 1772 3078 verbis
1797 3022 2000 3078 scilicet
2018 3030 2177 3091 atque

611 3112 906 3183 prudentia.

2272 1925 2596 1993 disparebat,
2628 1928 2790 1999 frigus
2831 1933 2988 1985 etiam
3018 1934 3323 2000 recedebat,
3357 1935 3611 1991 fortitudo
3638 1953 3844 2006 quoque

2272 2027 2326 2072 et
2354 2020 2592 2089 corporis
2621 2020 2738 2087 ejus
2772 2023 2918 2075 calor
2964 2023 3030 2077 ad
3071 2039 3191 2078 eum
3231 2027 3633 2080 revertebantur
3660 2044 3675 2091 ;
3702 2038 3758 2081 ut
3781 2043 3841 2083 ex

2276 2112 2378 2167 huc
2424 2127 2527 2166 non
2580 2123 2757 2181 posset
2810 2115 2974 2170 latere
3024 2117 3161 2172 hanc
3207 2131 3327 2172 esse
3366 2132 3579 2172 causam
3628 2129 3843 2186 repente

2276 2204 2782 2274 cutnpreheuilentis
2835 2222 2956 2262 eum
3014 2209 3464 2264 c0tnmutat?onis.
3536 2209 3843 2279 Suscipiens

2277 2310 2405 2364 ergo
2427 2309 2615 2349 aurum
2648 2297 2714 2351 ab
2754 2297 3078 2352 honorandis
3116 2298 3360 2353 manibus
3410 2300 3744 2365 patriarchae,
3794 2309 3844 2355 et

2281 2387 2410 2440 nihil
2464 2388 2682 2441 omnino
2726 2390 3118 2456 contradicens,
3175 2391 3526 2460 exspectabat
3565 2394 3632 2447 ab
3660 2406 3726 2447 eo
3754 2408 3841 2461 pa-

2282 2476 2514 2530 triarcha
2572 2479 3013 2548 conscriptionem
3059 2482 3541 2536 abrenuntiationis
3588 2484 3840 2538 mercedis

2281 2579 2463 2619 earum
2490 2581 2607 2636 qua:
2635 2568 2773 2622 data:
2802 2575 2925 2623 sunt
2958 2571 3173 2640 triginta
3216 2573 3330 2626 auri
3374 2571 3654 2625 librarum.
3706 2570 3840 2627 γεω

2278 2666 2453 2710 autem
2483 2657 2581 2711 hoc
2626 2673 2744 2712 cum
2777 2659 2970 2729 gaudio
3009 2660 3223 2715 Troilus
3252 2662 3554 2731 cpiscopus.
3612 2664 3841 2716 scribens

2279 2752 2506 2819 propriis
2529 2753 2768 2805 manibus
2800 2754 2868 2806 ita
2900 2770 2914 2805 :
2938 2753 3100 2822 Deus,
3124 2754 3338 2807 domino
3361 2769 3479 2807 meo
3509 2754 3705 2808 Joanni
3729 2755 3839 2807 bea-

2282 2842 2486 2897 tissimo
2536 2844 2849 2911 patriarchae
2898 2845 3051 2913 hujus
3105 2846 3595 2901 Alexandrinorum
3652 2862 3841 2917 magna:

2278 2929 2526 2994 civitatis,
2574 2933 2640 2985 da
2681 2935 2980 2989 mercedem
3013 2936 3224 3003 triginta
3268 2936 3524 2989 librarum
3573 2951 3694 3004 qua:
3730 2937 3840 2989 data

2277 3028 2403 3073 sunt
2439 3020 2552 3084 tibi,
2592 3021 2841 3089 quoniam
2890 3037 2989 3093 ego
3028 3024 3206 3092 recepi
3245 3039 3382 3079 mea.
3430 3024 3545 3078 Hoc
3595 3026 3836 3092 scriptum

2279 3108 2460 3180 itaque
2497 3124 2713 3167 sanctus
2741 3114 3027 3183 accipiens,
3058 3120 3285 3186 sumpsit
3312 3132 3495 3171 secum
3526 3127 3585 3171 et
3608 3118 3841 3172 eumdem

680 3204 809 3259 CAP.
851 3204 1040 3259 XXVI.
1070 3234 1139 3246 -—
1169 3205 1429 3273 Pergebat
1450 3205 1735 3276 aliquando
1782 3206 1868 3261 hic
1902 3207 2085 3261 beatus
2110 3205 2175 3260 ad
2205 3198 2251 3260 C
2282 3204 2590 3273 episcopum
2636 3204 2703 3259 ad
2749 3207 3051 3274 prandium.
3098 3219 3153 3262 ut
3182 3209 3321 3263 enim
3353 3208 3463 3277 jam
3507 3210 3711 3264 dictum
3745 3219 3842 3274 est,

614 3293 906 3349 visitandos
934 3309 1218 3366 pauperes,
1249 3297 1301 3351 in
1330 3297 1503 3351 locum
1527 3298 1615 3366 qui
1643 3297 1835 3353 dicitur
1855 3297 2178 3364 Ctesarium;

620 3386 732 3443 illic
761 3388 901 3441 enim
927 3388 1005 3442 eis
1032 3390 1228 3443 fecerat
1255 3389 1403 3458 quasi
1436 3388 1613 3443 tholos
1633 3385 1749 3458 (69)
1775 3388 2028 3457 quosdam
2057 3404 2182 3458 pro-

614 3473 774 3543 lixos,
806 3477 991 3546 ligneis
1022 3477 1214 3533 tabulis
1242 3480 1544 3547 pavimento
1567 3489 1735 3533 strato
1755 3479 1821 3532 ad
1847 3480 2185 3547 requiescen-

613 3569 712 3624 dos
756 3584 871 3634 eos,
920 3578 975 3624 et
1025 3572 1183 3626 simul
1214 3586 1332 3626 cum
1360 3572 1551 3627 storeis
1582 3582 1635 3627 et
1675 3572 1918 3625 rachanis
1946 3572 2060 3642 (70)
2092 3587 2184 3640 per

615 3667 779 3712 totam
812 3659 1061 3724 hiemem,
1092 3676 1210 3714 cum
1237 3661 1467 3729 quodam
1494 3651 1864 3730 episc0pornm
1889 3676 2070 3713 eorum
2093 3660 2183 3728 qui

615 3763 736 3803 cum
781 3764 847 3804 eo
906 3759 1076 3816 erant,
1132 3761 1367 3806 amatore
1420 3752 1677 3819 pecunias,
1738 3752 1970 3819 passibili
2026 3751 2184 3805 modo

616 3852 823 3907 presso.
857 3840 1101 3907 Dixitque
1127 3841 1313 3894 beatus
1349 3842 1642 3907 patriarcha
1675 3841 1739 3894 ad
1766 3857 1883 3896 eum
1922 3859 1935 3895 :
1966 3845 2093 3897 Ama
2122 3857 2183 3896 ac

616 3929 841 3996 honora,
884 3928 1048 3984 frater
1082 3932 1279 3993 Troile,
1329 3931 1516 3985 fratres
1545 3933 1738 3987 Christi
1766 3950 1779 3998 ;
1831 3933 1928 3987 hoc
1962 3935 2103 3987 enim
2135 3934 2181 3987 ei

616 4027 732 4072 erat
772 4034 988 4072 nomen.
1029 4020 1417 4073 Nuntiaverunt
1460 4022 1599 4075 enim
1628 4024 1842 4090 quidam
1870 4023 2182 4092 patriarcha:

616 4110 756 4179 quod
786 4111 994 4180 triginta
1023 4112 1184 4168 libras
1216 4116 1326 4167 auri
1363 4124 1595 4183 portaret
1626 4117 1675 4170 in
1701 4118 1811 4186 ipsa
1842 4119 1970 4172 hora
2002 4120 2184 4174 dome-

618 4202 781 4257 5ticus
800 4203 1036 4273 ejusdem
1066 4206 1298 4275 episcopi
1323 4208 1506 4273 Troili,
1536 4216 1590 4263 ut
1610 4220 1812 4264 emeret
1838 4211 2070 4280 speciem
2094 4228 2185 4266 ar-

618 4297 761 4365 genti
784 4298 1092 4370 anaglyphi,
1122 4300 1286 4368 gratia
1322 4317 1518 4355 mensae
1540 4318 1669 4356 suae.
1697 4304 1987 4372 Episcopus
2006 4315 2183 4358 autem

619 4395 868 4458 tanquam
889 4389 1090 4444 veritus
1114 4403 1410 4444 sermonem
1434 4392 1765 4459 patriarchae,
1788 4396 1891 4446 imo
1914 4394 1977 4447 ad
2001 4394 2183 4448 horam

619 4479 924 4542 calefactus,
959 4479 1161 4547 singula
1191 4479 1307 4533 dari
1356 4480 1600 4535 omnibus
1645 4481 1894 4536 fratribus
1937 4486 2185 4553 prmcepit

2285 3295 2462 3349 statim
2495 3309 2654 3350 sanus
2680 3295 2850 3351 factus
2880 3307 2980 3352 est.
3012 3297 3209 3353 Volens
3238 3314 3365 3370 ergo
3394 3300 3663 3355 mercedis
3688 3301 3841 3356 reddi-

2285 3392 2369 3438 tor
2394 3384 2535 3439 Deus
2564 3386 2835 3456 corripere
2865 3402 3008 3453 eum,
3038 3389 3197 3444 simul
3224 3398 3401 3445 autent
3438 3401 3492 3446 et
3535 3390 3607 3446 ad
3637 3393 3842 3449 misen-

2286 3476 2483 3530 tionem
2528 3478 3004 3533 contribulatorum
3048 3490 3103 3536 et
3150 3483 3575 3552 compassionem
3628 3482 3841 3552 erigere,

2284 3566 2515 3622 ostendit
2541 3567 2589 3622 ei
2618 3568 2805 3623 eadem
2836 3570 2923 3625 die
2966 3570 3252 3627 dormienti
3283 3582 3396 3642 post
3443 3572 3729 3640 prandium
3760 3588 3844 3641 pa.

2286 3656 2529 3713 triarcliae
2549 3657 2602 3711 in
2623 3659 2848 3725 somnis,
2878 3675 2979 3729 qua
3011 3661 3255 3717 mercede
3282 3662 3517 3731 privatus
3543 3660 3845 3716 esseL‘ﬁdit

2287 3746 2425 3801 enim
2474 3748 2553 3817 (ut
2597 3749 2691 3815 ait)
2725 3749 2964 3813 dumum,
3005 3752 3155 3823 cujus
3204 3751 3655 3821 pulchritudinem
3700 3760 3845 3821 atque

2287 3837 2701 3906 magnitudinem
2750 3854 2853 3892 non
2902 3851 3071 3907 potest
3096 3856 3182 3895 ars
3214 3843 3483 3895 hominum
3536 3842 3755 3906 imitari,
3799 3850 3844 3894 et

2282 3924 2497 3994 januam
2522 3926 2675 3995 hujus
2702 3936 2864 3982 totam
2894 3945 3127 3994 auream,
3152 3941 3205 3984 et
3227 3947 3389 3998 super
3404 3932 3626 3999 januam
3652 3930 3841 3984 titulum

2287 4018 2651 4085 consrriptum
2687 4035 2702 4073 :
2735 4020 2935 4074 MANSIO
2988 4038 3232 4085 areum,
3288 4038 3354 4076 ετ
3403 4038 3625 4085 ιιερωες
3676 4023 3841 4076 Tuom

2288 4122 2538 4161 sciscam.
2581 4107 2712 4161 Cum
2760 4125 2887 4182 ergo
2932 4110 3050 4176 hoc,
3099 4111 3289 4181 inquit,
3323 4112 3591 4181 legissem,
3644 4113 3844 4181 gavisus

2287 4215 2427 4259 sum.
2474 4200 2706 4279 sciebam
2735 4204 2873 4256 enim
2906 4203 3200 4256 donandam
3249 4204 3375 4257 mihi
3425 4204 3492 4256 ab
3536 4204 3845 4271 imperatam

2288 4293 2407 4345 talis
2430 4293 2622 4349 domus
2651 4295 3028 4361 epulationem.
3070 4294 3313 4348 Nondum
3342 4305 3520 4349 autem
3557 4293 3844 4363 bujusmodi

2290 4386 2425 4440 tituli
2456 4388 2957 4455 superscriptiouem
3001 4388 3350 4459 perlegeram,
3390 4395 3445 4441 et
3472 4401 3599 4441 ecce
3642 4388 3844 4455 quidam

2296 4480 2473 4544 regius
2515 4476 2891 4541 cubicularius,
2922 4478 3120 4531 habens
3155 4492 3335 4531 secum
3365 4485 3417 4529 et
3444 4476 3580 4529 alios
3612 4478 3843 4545 obsequii

620 4568 670 4623 ei
700 4568 789 4638 qui
817 4569 1029 4638 triginta
1074 4569 1236 4623 libras
1281 4569 1397 4624 illas
1438 4572 1697 4639 portabat.
1755 4573 2010 4628 Celeriter
2055 4589 2183 4644 ergo
2215 4565 2263 4623 Ι.)
2287 4565 2483 4630 divini;
2530 4572 2585 4620 et
2623 4580 2745 4620 cum
2778 4567 3104 4634 pervenisset
3128 4564 3195 4619 ad
3222 4565 3380 4619 talem
3426 4563 3645 4618 nitentis
3672 4567 3848 4619 domu

620 4660 921 4731 hujusmodi
948 4661 1061 4716 auri
1090 4660 1357 4731 quantitas
1384 4672 1598 4734 erogata
1641 4672 1740 4718 est.
1796 4665 2180 4721 Recedrntibus

621 4752 801 4821 itaque
848 4752 1102 4820 utrisque,
1153 4752 1447 4819 patriarcha
1495 4754 1715 4819 scilicet,
1748 4765 1797 4807 et
1827 4754 1914 4824 qui
1963 4755 2182 4809 invitam

620 4842 704 4911 (ut
732 4841 799 4895 ita
831 4841 1025 4911 dicam)
1057 4841 1451 4913 eleemosynam
1485 4842 1703 4907 fecerat,
1732 4844 1981 4913 episc0po
2006 4846 2184 4900 Troilo

623 4933 676 4986 in
704 4932 932 5002 propriis
960 4934 1242 5000 episcOpiis
1270 4934 1414 4987 velut
1444 4934 1685 5003 qumdam
1714 4950 1897 4990 amens
1919 4944 1973 4990 et
1996 4937 2186 4991 anima:

625 5026 921 5094 periculosa
950 5026 1002 5079 in
1032 5040 1150 5080 eum
1183 5026 1436 5096 cogitatio
1470 5026 1644 5091 irruit,
1693 5037 1909 5095 propter
1940 5030 2188 5096 pecunia-

624 5129 742 5171 rum
772 5114 1071 5178 dationem;
1117 5114 1350 5168 horroris
1377 5124 1430 5169 et
1458 5118 1658 5170 amoris
1689 5117 1944 5184 pecuniae,
1979 5128 2033 5172 et
2070 5132 2191 5172 eru-

624 5208 856 5264 delitatis
892 5216 945 5262 et
993 5206 1324 5275 negligentia!
1366 5208 1611 5275 genimen
1656 5223 1777 5263 eum
1823 5210 2143 5279 sequebatur
2172 5254 2187 5279 ,

625 5301 773 5356 febre
802 5309 949 5354 extra
974 5307 1214 5351 naturam
1243 5299 1417 5364 mista,
1454 5309 1669 5368 propter
1697 5301 1835 5369 quod
1863 5312 2091 5370 aegrotus
2115 5304 2194 5356 in-

628 5390 765 5445 vitus
810 5389 861 5442 in
905 5388 1097 5441 lectum
1139 5386 1351 5440 cecidit.
1398 5386 1820 5443 llebdomadario
1854 5405 1982 5459 ergo
2011 5406 2037 5442 a
2068 5406 2189 5444 san-

625 5481 864 5535 ctissimo
891 5478 1191 5548 patriarcha
1236 5478 1302 5531 ad
1332 5493 1451 5532 eum
1481 5481 1744 5543 veniente,
1777 5492 1830 5535 et
1859 5481 1921 5534 ad
1953 5497 2186 5536 mensam

628 5572 867 5643 ejusdem
898 5571 1212 5640 patriarchae
1237 5586 1355 5626 eum
1388 5570 1660 5641 invitante,
1686 5576 1967 5640 recusavit,
1997 5574 2188 5643 frigore

629 5664 773 5719 enim
803 5675 856 5720 et
885 5664 1029 5719 febre
1066 5678 1124 5718 se
1154 5664 1335 5718 vexari
1364 5678 1460 5733 pro
1499 5664 1724 5734 quadam
1764 5679 1922 5719 causa
1964 5665 2190 5719 dicebat.

630 5754 791 5826 igitur
813 5770 931 5811 cum
954 5756 1054 5811 hoc
1077 5756 1312 5810 audisset
1338 5755 1654 5825 patriarcha,
1685 5770 1804 5813 mox
1838 5758 2053 5828 agnovit
2077 5771 2194 5810 cau-

2286 4658 2519 4727 januam,
2569 4658 2701 4713 dixit
2728 4658 2794 4712 ad
2821 4657 3061 4728 proprios
3091 4656 3345 4713 ofﬁciales
3377 4675 3391 4711 :
3436 4659 3701 4726 Deponite
3728 4659 3847 4712 mihi

2289 4751 2519 4805 titulum.
2545 4751 2612 4806 Et
2640 4766 2759 4807 eum
2788 4753 3179 4822 deposuissent.
3229 4753 3414 4810 iterum
3442 4751 3623 4807 dixit:
3664 4753 3847 4806 Iutate

2289 4857 2433 4905 cum,
2480 4851 2536 4896 et
2582 4843 2761 4911 ponite
2788 4859 2943 4913 quem
2975 4844 3116 4898 misit
3146 4842 3292 4898 orbis
3322 4851 3586 4897 terrarum
3636 4857 3749 4897 rex.
3793 4841 3847 4896 Et

2290 4934 2583 4988 attulerunt.
2610 4944 2663 4988 et
2690 4934 2970 4988 affixerunt
2998 4935 3137 4988 aliud
3179 4933 3468 5002 aspiciente
3514 4950 3623 5001 me,
3670 4950 3844 5003 super-

2294 5025 2544 5091 scriptum
2600 5024 2669 5078 ita
2707 5041 2719 5076 :
2761 5024 2964 5079 qumo
2996 5039 3217 5078 ETERNA
3262 5038 3324 5077 xc
3370 5038 3593 5085 ancones
3644 5024 3848 5077 Joannis

2297 5128 2693 5169 ARCHIEPISCOPI
2737 5118 3120 5178 Αιειιλιωιιιιε,
3169 5130 3341 5168 ΕΙΙΡΪΑ
3385 5130 3551 5168 ιιβκιε
3591 5129 3845 5170 τιυωιετι.

2298 5207 2511 5261 Etcum
2553 5206 2654 5259 hoc
2685 5207 2928 5272 vidisset,
2972 5205 3203 5259 surrexit
3243 5219 3272 5258 a
3302 5219 3513 5270 somno,
3565 5215 3623 5259 et
3670 5218 3848 5272 magno

2297 5311 2609 5364 summoque
2633 5296 2824 5363 pastori
2846 5311 2964 5364 quae
2980 5297 3090 5348 visa
3117 5303 3239 5349 sunt
3259 5294 3309 5349 ei
3338 5295 3390 5349 in
3414 5295 3620 5348 somnis
3640 5306 3845 5349 enarra-

2298 5391 2393 5442 vit.
2436 5386 2727 5442 Pruﬁciens
2747 5401 2808 5442 ea
2835 5387 2902 5441 de
2928 5401 3084 5441 causa
3114 5386 3323 5440 Troilus
3350 5384 3656 5454 episcopus,
3688 5384 3848 5439 factus

2294 5496 2357 5537 ex
2380 5489 2507 5534 tunc
2533 5480 2956 5548 elucmosynator
2983 5478 3308 5547 magniﬁcus.

2365 5572 2491 5625 Cir.
2536 5568 2745 5623 XXVII.
2783 5597 2854 5609 ——
2895 5569 3149 5623 Dominus
3173 5569 3259 5638 qui
3287 5568 3500 5625 divitias
3525 5568 3581 5623 in
3624 5576 3848 5635 tempore

2296 5666 2524 5735 quodam
2552 5665 2707 5719 beato
2728 5662 2831 5719 Job
2854 5664 3088 5729 abstulit,
3122 5662 3246 5719 fecit
3270 5663 3443 5718 simile
3475 5674 3527 5718 et
3568 5664 3689 5718 huic
3715 5662 3850 5716 omni

2300 5758 2536 5814 bonitate
2581 5756 2761 5831 pleno,
2806 5765 2993 5812 sancto
3031 5753 3340 5825 patriarchae
3382 5754 3596 5811 Joanni.
3628 5751 3851 5810 Navita-'1
