4058 6426
166 393 298 451 “iii

1121 390 1278 445 VlTA
1314 382 1555 443 SANCTI
1593 379 1869 438 JOANNIS
1911 374 2491 459 ELEEMOSYNABII.

3268 363 3406 419 1642

169 517 312 576 enim
347 512 699 571 sanctissima:
735 508 975 565 ecclesiae
1021 499 1591 572 comprehendentibus
1621 495 1734 548 vio-
1763 493 1813 553 Α
1839 490 2105 549 mandavit
2151 491 2279 544 milii
2316 488 2568 544 Dominus
2622 499 2771 542 meus
2800 490 2852 538 et
2896 482 3131 537 omnium
3169 480 3413 537 Christus

168 608 368 663 lentam
415 604 667 667 hiemem,
713 602 765 655 in
806 601 922 653 loco
950 597 1036 667 qui
1076 594 1352 649 dicebatur
1388 588 1544 645 Adria
1598 580 1734 655 (7i),

170 699 511 770 projecerunt
538 695 715 749 omnia
745 707 863 755 sua,
908 706 1023 759 quae
1056 701 1218 743 naves
1251 683 1557 753 portabant;
1590 684 1740 733 erant

174 768 305 845 vero
333 803 520 844 omnes
549 801 709 841 naves
729 784 905 839 simul.
951 782 1077 836 Erat
1115 788 1292 832 autem
1341 786 1548 830 summa
1578 768 1739 822 multa

174 882 328 936 valde
349 880 697 936 enthecarum
728 889 978 938 suarum;
1032 870 1298 926 habebant
1341 866 1485 922 enim
1540 872 1741 916 tantum

177 972 493 1028 vestimenta
539 978 593 1024 et
640 975 940 1038 argentum.
989 972 1043 1018 et
1090 962 1224 1016 alias
1269 972 1356 1013 res
1400 955 1641 1016 altiores,
1691 960 1747 1004 ut

176 1070 573 1131 computare-tur
604 1059 807 1129 pondus
840 1055 980 1126 quod
1012 1053 1106 1108 ivit
1135 1053 1185 1105 in
1216 1047 1566 1119 perditionem
1586 1057 1749 1112 quan-

177 1158 346 1211 titatis
361 1152 782 1208 centenariorum
803 1147 1011 1217 triginta
1037 1152 1282 1214 quatuor.
1308 1139 1427 1193 Plus
1444 1136 1584 1191 enim
1600 1140 1751 1189 erant

182 1263 343 1319 quiem
375 1244 628 1301 tredecim
660 1256 840 1306 naves,
869 1239 1138 1309 capientes
1168 1250 1262 1304 per
1300 1230 1535 1301 singulas
1564 1228 1749 1282 decem

183 1341 345 1395 millia
368 1338 688 1393 modiorum.
731 1330 1074 1388 Venientibus
1104 1342 1233 1383 vero
1274 1319 1652 1378 Alexandriam
1701 1324 1756 1370 et

185 1430 550 1503 pergentibus,
582 1425 760 1481 statim
793 1423 978 1491 reliqui
1006 1419 1296 1474 creditores
1318 1422 1375 1469 et
1403 1410 1555 1478 pruni
1584 1415 1755 1462 uautze

184 1500 239 1577 in
260 1500 552 1579 ecclesiam
582 1516 953 1584 confugerunt.
989 1510 1214 1564 Sanctus
1244 1518 1368 1559 vero
1392 1502 1493 1555 hoc
1514 1500 1754 1560 audiens,

182 1624 245 1671 et
265 1628 477 1669 causam
517 1622 731 1678 propter
752 1620 908 1675 quam
938 1602 1203 1671 fugerant,
1234 1596 1395 1651 mittit
1422 1594 1502 1653 eis
1534 1589 1758 1645 verbum

188 1703 433 1758 manibus
475 1702 586 1754 suis
634 1696 1013 1762 Conscriptum,
1060 1689 1261 1743 habens
1292 1686 1361 1739 ita
1397 1701 1412 1736 :
1457 1700 1476 1733 ι
1511 1678 1762 1734 Dominus

166 1796 367 1857 «tellit,
404 1795 614 1855 fratres;
668 1786 944 1850 Dominus,
990 1790 1049 1836 ut
1093 1778 1278 1843 voluit,
1328 1773 1581 1839 abstulit;
1628 1770 1765 1824 sicut

1840 580 1978 635 Deus
2008 576 2187 651 (Joan.
2217 580 2291 649 Χ).

1913 671 2039 726 Car.
2064 670 2256 725 XXIX.
2278 669 2629 725 —Districtus
2658 665 2870 738 quidam
2904 664 2971 719 ab
3003 662 3184 733 bisqui
3204 665 3415 734 pensio-

1844 780 1966 820 nem
1997 763 2301 833 exigebaut,
2344 778 2464 818 cum
2509 776 2615 816 non
2657 760 2877 816 haberet
2914 758 3053 829 quod
3096 758 3247 812 daret
3278 758 3416 828 (erat

1845 854 1987 915 enim
2006 854 2153 924 regio
2172 854 2222 909 iu
2246 868 2434 922 magna
2457 850 2788 916 difﬁcultate,
2809 865 2873 904 eo
2892 847 3031 917 quod
3058 847 3247 903 ﬂuvius
3268 846 3416 904 Nilus

1848 945 2140 1002 secundum
2163 943 2594 999 consuetudinem
2619 955 2720 996 non
2744 940 2985 1010 irrigaret
3007 939 3155 1009 aquis
3176 939 3420 1009 terram),

1851 1036 1965 1110 ipse
2006 1036 2190 1090 abiens
2229 1034 2537 1104 deprecatus
2561 1041 2649 1087 est
2676 1031 2863 1085 ducem
2894 1031 3173 1100 quemdam
3202 1045 3424 1100 magna-

1855 1138 2049 1194 torum,
2077 1136 2135 1182 ut
2161 1138 2366 1181 mutuas
2390 1126 2490 1181 sibi
2522 1126 2673 1181 daret
2719 1125 3096 1196 quinquaginta
3123 1123 3290 1179 libras
3317 1140 3419 1179 au-

1856 1219 1930 1283 ri;
1960 1229 2011 1272 et
2039 1219 2248 1272 dicebat
2277 1233 2335 1274 se
2363 1218 2490 1272 dare
2520 1218 2737 1288 pignora
2758 1258 2773 1282 ,
2805 1218 2847 1269 si
2895 1217 3072 1280 vellet,
3105 1216 3287 1287 dupla.
3320 1216 3425 1271 Re-

1859 1311 2099 1379 promisit
2126 1325 2254 1380 ergo
2297 1309 2399 1363 dux
2432 1310 2558 1363 dare
2583 1308 2653 1375 ei,
2698 1307 2762 1361 ad
2793 1322 3021 1375 praesens
3052 1322 3177 1361 vero
3203 1305 3426 1361 distulit.

1861 1403 2208 1458 Exactoribus
2236 1417 2360 1471 ergo
2403 1400 2887 1472 constringentibus
2915 1416 3058 1465 eum,
3090 1401 3234 1455 valit
3281 1400 3418 1468 ipse,

1860 1504 1918 1550 ut
1940 1496 2113 1548 omnis
2141 1494 2205 1548 ad
2237 1505 2443 1564 portum
2473 1512 2502 1549 a
2526 1510 2628 1565 quo
2673 1495 2847 1549 cuneti
2890 1495 3233 1562 recipiuntur,
3281 1495 3428 1548 vide-

1864 1586 1985 1640 licet
2017 1585 2080 1639 ad
2112 1584 2447 1640 mitissimum
2477 1594 2531 1640 et
2557 1585 2768 1654 dignum
2813 1584 3163 1640 admiratione
3206 1586 3430 1652 patriar-

1864 1675 2039 1730 cham.
2088 1676 2150 1729 Et
2198 1674 2428 1729 nondum
2478 1688 2611 1741 pene
2662 1674 2925 1743 propriam
2974 1674 3341 1730 necessitatem
3384 1674 3433 1730 ei

1868 1775 2190 1832 narraverat,
2224 1765 2355 1818 dixit
2372 1773 2583 1818 sanctus
2605 1765 2667 1817 ad
2698 1779 2817 1818 eum
2841 1780 2855 1818 :
2882 1765 2974 1829 Do,
3001 1765 3092 1829 fili,
3114 1766 3158 1818 si
3183 1765 3433 1833 volueris,

194 1854 416 1942 Domino
458 1884 672 1953 placuit,
723 1881 792 1932 ita
822 1877 1017 1931 factum
1058 1884 1141 1927 est
1176 1873 1283 1926 :sit
1329 1881 1520 1923 nomen
1554 1861 1765 1919 Domini
1797 1865 1843 1925 Β
1869 1870 1920 1913 et
1947 1873 2052 1929 quo
2098 1857 2316 1922 vestior,
2350 1856 2745 1913 vestimentum.
2790 1854 2995 1908 Etenim
3039 1869 3159 1908 cum
3204 1854 3436 1908 admira-

193 1951 528 2031 benedictum
559 1970 700 2042 (Job.
733 1971 797 2037 ι).
831 1967 1004 2031 Exite,
1046 1962 1159 2028 filii,
1192 1960 1323 2015 nihil
1352 1973 1417 2013 ex
1447 1959 1547 2009 hoc
1566 1951 1763 2007 veriti:

195 2070 452 2124 Dominus
480 2066 620 2120 enim
645 2060 908 2116 sollicitus
928 2056 1029 2111 erit
1052 2056 1118 2110 de
1148 2052 1402 2108 crastino.
1442 2067 1463 2103 ι
1515 2042 1771 2102 Ascendit

196 2165 374 2232 itaque
413 2174 546 2229 pene
573 2154 849 2210 dimidium
879 2136 1107 2206 civitatis
1145 2147 1198 2200 in
1226 2149 1491 2199 secretum
1519 2154 1534 2194 :
1565 2137 1651 2192 die
1677 2150 1774 2191 au-

196 2228 305 2308 tem
349 2228 515 2304 altero
540 2239 779 2301 volentes
823 2238 938 2309 (7Q)
984 2233 1253 2292 consiliari
1306 2228 1537 2286 nobilem
1580 2228 1766 2291 istum;

197 2345 314 2411 ipse
344 2355 470 2394 vero
514 2346 916 2406 przenccupans,
947 2328 1107 2397 cmpit
1145 2324 1389 2379 omnibus
1417 2320 1598 2376 dicere
1627 2334 1640 2370 :
1668 2315 1775 2370 Ne-

201 2406 484 2504 quaquam,
511 2445 544 2482 o
573 2427 665 2482 lilii
696 2434 753 2481 et.
777 2421 992 2483 fratres,
1022 2431 1180 2474 causa
1205 2415 1417 2469 navium
1448 2406 1776 2466 difficultatis

204 2503 525 2585 tristemiui;
572 2534 693 2583 nam
732 2514 948 2569 humilis
977 2510 1231 2573 Joannes,
1279 2503 1503 2568 credite,
1532 2503 1777 2555 inventus

205 2626 292 2673 est
335 2612 645 2685 culpabilis;
694 2610 888 2679 quippe
938 2603 1041 2659 nisi
1087 2598 1451 2657 extollentiam
1500 2593 1774 2655 haberem,

207 2712 356 2767 nullo
380 2712 539 2765 modo
568 2711 669 2763 hoc
698 2707 912 2765 ferrem.
957 2700 1064 2756 Sed
1103 2697 1223 2767 quia
1262 2691 1558 2750 extollebar
1595 2689 1648 2743 in
1696 2686 1779 2740 his

208 2819 329 2872 quae
359 2803 449 2856 Dei
478 2810 653 2863 erant,
680 2806 734 2851 et
758 2793 1083 2851 aestimabam
1110 2790 1252 2858 quod
1282 2798 1470 2855 magna
1499 2795 1661 2850 opera
1706 2776 1782 2872 la-

208 2870 410 2957 cerem,
445 2892 579 2946 dans
621 2903 738 2959 qua:
769 2885 1043 2941 hominum
1071 2890 1242 2944 erant,
1278 2877 1379 2932 hoc
1409 2874 1535 2929 mihi
1567 2870 1779 2933 evenit;

210 2985 401 3040 volens
427 2997 555 3053 ergo
584 2981 728 3036 Deus
754 2988 808 3033 ut
840 2978 941 3031 hoc
979 2973 1355 3041 iutelligerem,
1389 2968 1489 3021 ista
1522 2959 1780 3033 permisit.

212 3082 563 3148 Eleemosyna
592 3077 732 3130 enim
757 3088 860 3126 non
881 3070 1185 3142 vigilantem
1210 3065 1519 3135 plerumque
1541 3061 1593 3113 in
1615 3055 1789 3111 extole

211 3172 429 3230 tentiam
453 3171 627 3226 elevat
658 3183 674 3222 :
705 3165 898 3220 invitus
922 3176 1049 3218 vero
1078 3174 1232 3215 casus
1258 3154 1504 3209 humiliat
1521 3151 1787 3206 sustinen-

1871 1950 2061 2003 bilibus
2082 1947 2192 2002 suis
2212 1947 2362 2001 bonis
2384 1946 2556 2000 ethoc
2578 1945 2878 2013 possidebat
2896 1984 2911 2008 ,
2942 1944 3082 2015 quod
3113 1959 3217 1999 non
3246 1955 3431 2013 posset

1872 2040 2058 2095 videre
2108 2038 2338 2106 aliquem
2371 2035 2439 2089 de
2485 2036 2888 2091 necessitatibus
2933 2036 3334 2109 lacrymautem,
3386 2047 3440 2090 et

1872 2146 1977 2187 non
2005 2130 2182 2184 statim
2213 2143 2271 2182 se
2303 2128 2527 2197 prepriis
2549 2128 2739 2193 rigaret
2765 2127 3008 2197 lacrymis
3033 2144 3045 2180 :
3072 2128 3208 2182 unde
3235 2134 3290 2181 et
3316 2142 3440 2189 mox

1873 2220 2186 2291 petitionem
2231 2218 2458 2275 volentis
2486 2216 2553 2275 ab
2592 2231 2658 2271 eo
2706 2229 2942 2271 mutuum
2990 2217 3236 2287 accipere
3275 2216 3443 2271 adim-

1878 2312 2064 2381 plevit.
2096 2310 2160 2363 Et
2187 2307 2427 2378 sequenti
2460 2316 2612 2360 nocte
2638 2305 2781 2360 videt
2812 2306 2914 2360 dux
2936 2306 3072 2375 quod
3095 2315 3262 2361 staret
3286 2321 3447 2375 super

1876 2400 2043 2454 altare
2090 2400 2324 2470 quidam,
2366 2397 2451 2451 cui
2496 2395 2789 2451 offerebant
2840 2396 2988 2450 multi
3037 2393 3362 2463 oblationes;
3395 2406 3449 2452 et

1882 2506 1973 2556 per
1996 2504 2151 2543 unam
2202 2503 2359 2558 quam
2392 2487 2684 2556 ponebant,
2714 2487 3040 2555 accipiebant
3086 2495 3300 2543 centum
3350 2502 3450 2558 pro

1879 2581 1993 2650 ipsa
2021 2579 2088 2635 de
2113 2581 2286 2635 altari.
2324 2579 2448 2635 Erat
2484 2587 2658 2633 autem
2689 2588 2742 2633 et
2773 2579 3065 2646 patriarcha
3098 2587 3216 2649 post
3245 2588 3450 2652 tergum

1882 2670 2019 2739 ejus.
2071 2668 2291 2725 Jacebat
2316 2684 2445 2737 ergo
2475 2684 2573 2722 una
2614 2668 2818 2722 oblatio
2850 2678 2971 2724 ante
3000 2684 3091 2724 eos
3120 2672 3170 2724 in
3201 2686 3307 2725 uno
3336 2685 3452 2726 sca-

1885 2775 2029 2827 nuto,
2076 2769 2130 2814 et
2154 2759 2280 2813 dicit
2313 2760 2525 2828 quidam
2557 2758 2677 2813 duci
2713 2776 2726 2811 :
2764 2758 2926 2825 Vade,
2956 2760 3169 2815 domine
3199 2761 3333 2828 dux,
3359 2777 3452 2816 ac-

1884 2852 2001 2919 cipe
2041 2851 2361 2907 oblationem
2404 2851 2571 2916 illam,
2623 2862 2675 2907 et
2725 2852 2855 2907 offer
2897 2854 2962 2908 ad
3007 2857 3194 2921 altare,
3226 2864 3281 2910 et
3327 2856 3452 2911 tolle

1886 2959 1983 3013 pro
2018 2958 2079 2996 ea
2111 2955 2322 2997 centum
2353 2942 2669 2998 oblationes.
2716 2944 2810 2997 illo
2840 2960 2964 3017 vero
3010 2946 3309 3017 pigritaute,
3359 2961 3457 3000 cu-

1888 3036 2052 3091 currit
2083 3036 2399 3105 patriarcha,
2432 3034 2547 3091 licet
2580 3048 2697 3103 post
2726 3048 2845 3092 eum
2876 3046 3060 3102 Staret,
3090 3047 3143 3092 et
3170 3039 3286 3097 tulit
3316 3037 3454 3093 hanc

1890 3138 2015 3183 ante
2044 3144 2187 3191 eum,
2222 3136 2275 3182 et
2302 3130 2508 3194 obtulit,
2557 3139 2611 3185 et
2639 3131 2864 3205 accepit,
2918 3131 3052 3185 sicut
3082 3146 3289 3200 omnes,
3340 3147 3460 3188 cen-

723 3256 899 3310 divina
945 3251 1216 3320 Scriptura
1251 3265 1262 3299 :
1300 3246 1589 3314 Paupertas
1618 3238 1785 3293 virum
1817 3243 1866 3308 ι]
1898 3231 2006 3275 ιυιη
2034 3222 2098 3276 de
2140 3222 2309 3320 θηξπί·
2349 3221 2619 3291 Ενίὲηειηε
2649 3224 2845 3293 “illi”.
2892 3241 2997 3280 ηοη
3031 3235 3237 3294 Poterat
3265 3227 3464 3283 (“5061‘-

221 3353 482 3411 humiliat.
520 3351 585 3405 Et
609 3350 803 3405 iterum
834 3344 997 3400 David
1022 3345 1123 3398 hoc
1150 3340 1347 3403 sciens,
1396 3336 1608 3391 dicebat
1636 3348 1652 3386 :
1690 3332 1792 3387 Bo.

221 3461 348 3502 num
379 3444 505 3499 mihi
530 3440 670 3511 quod
698 3451 750 3494 tu
773 3436 1062 3492 hutniliasti
1094 3448 1199 3500 me,
1227 3444 1284 3487 ut
1312 3429 1513 3485 discam
1540 3426 1797 3496 iustiﬁca-

221 3541 401 3595 tiones
418 3553 539 3593 tuas
558 3534 732 3607 (Paul.
759 3536 965 3600 cxvut).
992 3533 1122 3585 Dum
1142 3530 1286 3584 enim
1310 3526 1464 3580 malis
1486 3523 1656 3578 factus
1680 3536 1797 3576 sum

221 3628 511 3695 obnoxius,
551 3627 675 3694 quia
722 3626 985 3697 dationem
1026 3636 1120 3689 per
1147 3632 1335 3673 vanam
1361 3616 1581 3687 gloriam
1613 3613 1802 3682 perde-

228 3722 375 3785 bam,
428 3730 486 3773 et
532 3717 778 3786 quoniam
821 3728 913 3783 per
956 3712 1141 3767 vitium
1192 3723 1368 3762 meum
1409 3705 1635 3776 perditae
1680 3712 1802 3757 sunt

230 3818 393 3865 tantae
425 3806 681 3877 pecuniae,
713 3804 883 3858 habeo
908 3816 1049 3855 nunc
1072 3798 1330 3869 judicium
1359 3796 1660 3857 animarum
1686 3808 1803 3863 quae

230 3902 284 3955 in
316 3908 464 3959 arcto
494 3906 633 3959 sunt.
668 3896 883 3960 Verum,
919 3887 1271 3953 dilectissimi,
1300 3888 1386 3961 qui
1415 3896 1540 3941 tunc
1568 3897 1805 3953 tempore

226 3990 360 4062 justi
388 3989 530 4051 illius
554 3989 654 4046 Job
681 3985 782 4047 fuit
808 3984 971 4051 Deus,
1001 3991 1055 4037 et
1082 3996 1220 4036 nunc
1252 3980 1391 4034 idem
1422 3979 1535 4047 ipse
1573 3986 1676 4042 est,
1717 3975 1805 4045 qui

239 4099 344 4137 non
378 4090 591 4151 propter
626 4086 923 4148 egestatem
970 4089 1165 4143 meam,
1208 4072 1301 4128 sed
1341 4071 1412 4127 ob
1460 4069 1807 4138 indigentium

232 4172 633 4238 necessitatem,
664 4184 771 4233 non
800 4168 1136 4238 derelinquet
1162 4179 1279 4221 nos.
1315 4163 1429 4235 ipse
1458 4163 1598 4215 enim
1628 4160 1759 4215 dixit
1793 4176 1805 4211 :

236 4264 707 4326 monledeseram,
791 4260 965 4329 deque
1016 4254 1384 4324 uerelinquam
1441 4248 1618 4320 (Hebr.
1656 4249 1798 4318 xm).

238 4354 307 4411 Et
335 4368 519 4414 rursus
545 4369 557 4404 :
580 4350 816 4418 Qtimrite
840 4351 1067 4416 primum
1098 4360 1316 4415 regnum
1341 4344 1453 4408 Dei,
1480 4354 1531 4397 et
1551 4341 1811 4412 justitiam

246 4447 384 4516 ejus,
425 4454 480 4498 et
506 4445 619 4499 haec
642 4444 820 4496 omnia
842 4439 1155 4508 adjicientur
1178 4437 1327 4491 vobis
1351 4435 1563 4508 (Matth.
1599 4439 1689 4503 vi).
1718 4434 1808 4490 να

238 4539 411 4599 lentes
452 4552 579 4605 ergo
615 4533 884 4591 consolari
930 4547 1053 4586 eum
1099 4530 1329 4585 civitatis
1378 4528 1724 4593 habitatores,
1754 4538 1815 4582 ut

1898 3329 2028 3368 nere
2058 3314 2343 3369 somnium.
2376 3315 2513 3369 Misit
2538 3324 2712 3369 autem
2739 3326 2792 3370 et
2817 3316 3031 3371 adduxit
3055 3332 3177 3371 eum
3207 3317 3295 3391 qui
3323 3319 3465 3373 vole—

1894 3406 1989 3469 bat
2037 3416 2275 3460 mutuum
2326 3408 2588 3476 accipere,
2629 3416 2685 3462 ut
2713 3409 3084 3477 priestaretei.
3122 3409 3331 3465 Etcum
3381 3427 3468 3465 νεα

1901 3496 2100 3562 uisset,
2133 3496 2257 3552 dicit
2285 3498 2332 3551 ei
2381 3500 2747 3568 duszccipe
2795 3499 2934 3568 quod
2982 3502 3155 3569 petisti
3209 3511 3469 3556 mutuum.

1901 3588 2248 3657 Respondens
2275 3588 2383 3655 ille,
2415 3588 2545 3642 dixit
2574 3590 2621 3642 ei
2646 3606 2661 3642 :
2687 3593 2824 3645 Ante
2851 3590 2969 3644 tulit
2996 3591 3295 3653 mercedem
3324 3601 3464 3645 tuam

1902 3684 2148 3737 dominus
2179 3682 2499 3751 patriarcha.
2529 3681 2732 3736 Etenim
2760 3693 2809 3736 te
2831 3683 3045 3738 domino
3067 3684 3345 3741 dilferente
3367 3700 3472 3748 me,

1902 3776 2207 3843 compulsus
2237 3787 2351 3828 sum
2395 3774 2460 3827 ad
2494 3775 2641 3829 illum
2674 3785 2920 3845 tauquam
2948 3777 3015 3832 ad
3048 3788 3253 3847 portum
3293 3781 3474 3833 confu-

1904 3882 2062 3938 gere,
2096 3867 2259 3921 multa
2287 3869 2429 3920 enim
2459 3875 2575 3921 erat
2606 3868 2683 3923 vis
2715 3850 3090 3937 inquietudinis
3137 3877 3470 3924 exactorum.

1906 3962 2034 4013 Cum
2061 3974 2186 4026 ergo
2207 3959 2440 4013 audisset
2463 3960 2582 4023 hoc,
2616 3960 2789 4012 statim
2821 3959 3129 4016 recordatus
3157 3972 3234 4014 est
3259 3960 3473 4025 somnii,

1907 4059 1963 4105 et
1989 4050 2121 4104 dixit
2147 4066 2160 4103 :
2187 4048 2323 4103 Vere
2340 4051 2476 4104 bene
2497 4050 2673 4103 dixisti
2702 4068 2713 4102 :
2741 4052 2869 4117 Quia
2893 4062 3014 4106 ante
3034 4052 3155 4106 tulit
3176 4050 3478 4106 mercedem

1909 4150 2075 4197 tuam.
2106 4142 2241 4195 Ante
2270 4140 2393 4193 tulit
2421 4140 2582 4205 enim,
2634 4148 2689 4195 et
2718 4156 2795 4194 vae
2822 4142 2896 4194 illi
2922 4142 3008 4211 qui
3034 4142 3143 4199 vult
3173 4141 3348 4197 facere
3382 4143 3481 4197 bo-

1910 4249 2058 4297 num,
2091 4241 2144 4286 et
2173 4231 2368 4286 differt.
2405 4230 2471 4291 Et
2498 4230 2766 4286 enarravit
2785 4232 2834 4285 ei
2856 4239 2912 4286 et
2939 4234 3185 4297 omnibus
3216 4234 3480 4287 somnium

1910 4308 2053 4397 quod.
2082 4324 2303 4378 viderat.

1983 4438 2111 4491 CAP.
2144 4435 2312 4491 XXX.
2341 4464 2411 4477 —-
2430 4435 2690 4504 Pergente
2718 4433 2996 4505 aliquando
3034 4445 3220 4495 sancto
3246 4436 3311 4493 ad
3343 4444 3483 4491 tem-

1917 4530 2059 4599 plum
2105 4541 2408 4585 sanctorum
2471 4528 2873 4585 victoriosorum
2921 4540 3213 4599 martyrum
3264 4530 3387 4598 Cyri
3432 4537 3485 4585 et

241 4630 441 4686 dictum
471 4637 574 4691 est,
604 4626 704 4694 ipsi
737 4624 901 4693 magis
932 4622 1127 4683 inventi
1168 4629 1295 4675 sunt
1322 4631 1532 4673 econtra
1562 4620 1807 4672 c’oosMa-
1837 4608 1890 4669 D
1920 4624 2139 4681 ,ιυειιιηίε
2159 4666 2173 4690 ,
2206 4624 2259 4678 in
2279 4625 2508 4692 gloriosa
2530 4638 2713 4689 eorum
2736 4624 2992 4678 memoria
3015 4621 3271 4683 orationis
3284 4622 3483 4692 gratia,

245 4720 442 4775 tionem
466 4717 532 4771 ab
553 4716 669 4785 ejus
688 4712 1012 4775 beatitudine
1038 4711 1320 4779 recepisse.
1340 4709 1506 4763 Nimis
1518 4722 1644 4776 ergo
1659 4707 1816 4762 breve

243 4824 454 4883 tempus
494 4811 767 4879 praeteriit,
798 4816 855 4863 et
890 4808 941 4861 in
971 4806 1188 4875 duplum
1217 4804 1446 4860 restituit
1493 4804 1634 4859 Deus
1681 4817 1818 4857 novo

245 4918 430 4960 nostro
447 4904 545 4959 Job
564 4903 872 4966 facultates;
899 4908 952 4953 et
972 4901 1159 4954 iterum
1180 4908 1295 4953 erat
1315 4899 1425 4965 ipse
1449 4897 1819 4964 magnanimus

245 4998 390 5055 circa
448 4993 890 5056 misericordiam,
945 4990 1168 5055 fortasse
1208 4999 1382 5044 autem
1414 4996 1467 5043 et
1517 4986 1819 5056 [BilglOsiOl'

245 5103 407 5159 quam
434 5096 587 5140 antea
619 5085 806 5138 fuerat.
1260 5118 1264 5123 -

320 5178 453 5237 ΕΜ).
474 5177 708 5237 XXVlil.
737 5175 901 5229 —Ad
932 5184 1225 5230 extremam
1250 5184 1608 5244 paupertatem
1634 5189 1822 5244 perve-

252 5269 423 5326 nienti
447 5268 653 5323 cuidam
684 5268 751 5321 de
772 5267 1076 5320 domesticis
1104 5266 1393 5333 ministris,
1425 5268 1636 5336 propria
1666 5282 1825 5324 manu

251 5363 351 5418 iste
379 5370 627 5425 sanctus,
661 5368 717 5414 ut
749 5359 919 5412 nullus
943 5359 1133 5423 sciret,
1164 5359 1297 5421 duas
1325 5359 1486 5412 libras
1506 5359 1618 5414 auri
1649 5359 1826 5425 dedzt;

253 5440 309 5510 et
339 5453 560 5508 audiens
601 5451 668 5505 ab
712 5449 1046 5518 accipiente:
1077 5450 1338 5515 Quoniam
1385 5449 1498 5504 ηερε
1536 5451 1823 5518 accipiens,

254 5546 492 5612 domine,
523 5543 743 5596 ulterius
768 5555 870 5594 non
903 5540 1073 5595 habeo
1101 5542 1299 5596 vultum
1323 5539 1623 5595 iuteudendi
1655 5542 1705 5593 in
1729 5541 1828 5593 ho-

260 5638 557 5695 uorabilem
586 5643 642 5690 et.
686 5634 976 5703 angelicam
1008 5632 1191 5687 faciem
1241 5643 1408 5699 tuam,
1443 5650 1566 5687 vere
1612 5634 1828 5702 dignum

256 5729 439 5797 laude,
468 5738 523 5784 ut
554 5727 787 5796 sapiens,
819 5726 1025 5781 locutus
1052 5733 1134 5779 est
1163 5727 1380 5780 verbum
1406 5742 1420 5780 :
1446 5725 1713 5793 Nondum,
1742 5727 1826 5787 iu-

260 5824 471 5895 quiens,
498 5820 808 5891 sanguinem
831 5833 1007 5872 meum
1029 5832 1124 5887 pro
1149 5829 1197 5872 te
1215 5855 1231 5881 ,
1261 5817 1445 5888 frater,
1475 5818 1663 5887 effudi,
1696 5820 1835 5875 sicut

570 5949 846 6014 Ρηειοι.
891 5946 1012 6015 ea.
1056 5952 1284 6017 XCIII.

1923 4730 2151 4773 exeunte
2177 4728 2381 4786 portam
2413 4714 2671 4781 civitatis,
2703 4715 2941 4783 suscepit
2967 4730 3088 4768 eum
3132 4703 3321 4769 mulier
3366 4730 3488 4781 pro-

1923 4808 2128 4870 cidens,
2152 4815 2206 4860 et
2225 4806 2444 4861 dicens:
2467 4804 2687 4860 Viudica
2711 4820 2817 4869 me,
2840 4803 3086 4874 quoniam
3116 4804 3359 4873 injuriam
3392 4819 3486 4874 pa-

1928 4899 2028 4953 tior
2056 4914 2084 4952 a
2107 4913 2306 4968 genero
2330 4912 2470 4952 meo.
2494 4896 2817 4962 Quibusdam
2837 4911 2959 4965 ergo
2980 4894 3048 4951 de
3068 4895 3323 4963 obsequio
3352 4894 3488 4964 ejus,

1926 4995 2013 5061 qui
2062 4992 2322 5051 habebant
2360 4988 2735 5045 confidentiam
2783 4986 2921 5055 apud
2963 5002 3109 5053 eum,
3153 4987 3489 5041 dicentibus:

1900 5073 1907 5077 ’
1931 5084 2061 5150 Quia
2075 5098 2193 5137 cum
2210 5096 2456 5137 reversus
2470 5079 2656 5146 fueris,
2675 5094 2887 5139 causam
2909 5077 3024 5148 ejus
3034 5074 3217 5132 facies.
3243 5077 3489 5146 Respon-

1930 5174 2006 5229 dit
2059 5173 2534 5243 sapientissimus:
2569 5172 2633 5225 Et
2674 5170 2942 5238 quomodo
2986 5168 3130 5224 Deus
3193 5169 3491 5224 orationem

1932 5276 2172 5318 nostram
2217 5262 2492 5331 suscipiet,
2539 5262 2583 5315 si
2607 5275 2706 5330 ego
2752 5262 2903 5315 istam
2952 5260 3339 5331 postposuero?
3366 5260 3496 5327 Quis

1933 5357 2061 5412 mihi
2092 5357 2380 5426 spopondit
2411 5364 2468 5409 ut
2499 5356 2670 5409 vivam
2699 5370 2799 5424 ego
2820 5354 2872 5408 in
2894 5350 3222 5409 crastinum?
3249 5361 3301 5407 et
3321 5351 3408 5406 ibo
3431 5352 3495 5404 ad

1935 5448 2227 5514 Christum,
2246 5462 2338 5517 pro
2354 5463 2412 5501 ea
2432 5448 2691 5502 rationem
2705 5443 3041 5502 redditurus?
3060 5444 3124 5499 Et
3141 5457 3244 5498 non
3274 5441 3498 5496 recessit

1932 5538 1998 5593 de
2020 5540 2135 5591 loco
2157 5538 2267 5597 illo.
2288 5553 2454 5606 usque
2474 5537 2598 5595 dum
2621 5536 2760 5604 quod
2782 5536 2910 5593 satis
2930 5536 2983 5589 ei
3006 5543 3120 5589 erat
3143 5534 3253 5599 fieri
3274 5532 3495 5597 faceret.

2002 5628 2130 5683 Car.
2159 5627 2349 5683 XXXI.
2392 5657 2462 5668 —
2484 5629 2562 5682 Ad
2592 5627 2917 5682 voluntatem
2949 5626 3104 5696 igitur
3143 5624 3501 5689 nimorabilis

1935 5720 2114 5790 hujus,
2149 5734 2267 5789 quae
2299 5730 2409 5775 tota
2439 5719 2496 5774 in
2522 5719 2633 5775 Deo
2658 5727 2795 5781 erat,
2826 5718 2967 5775 misit
2994 5718 3043 5771 ei
3075 5716 3215 5771 Deus
3244 5717 3385 5777 viros
3408 5730 3499 5771 σε·

1938 5816 2142 5884 pientes
2171 5823 2223 5868 et
2249 5827 2460 5884 semper
2495 5812 2892 5880 memorandus,
2920 5811 3175 5873 Joannem
3194 5811 3496 5873 etSopbroc

3119 5925 3196 5987 52
