4034 6408
576 388 714 445 1645

1648 376 1930 434 LEONTII
1965 371 2430 431 NEAPOLITANI
2468 369 2777 428 EPISCOPI

3702 370 3845 425 εδει

582 509 749 562 nimii.
779 502 1078 563 Consiliarii
1109 505 1251 561 enim
1289 512 1441 560 erant
1471 503 1737 559 veraciter
1765 501 1922 568 boni,
1956 500 2146 569 quibus
2175 500 2223 556 Α
2250 495 2450 550 versari
2502 495 2675 559 hunc;
2728 492 2975 548 dicebant
3002 494 3142 546 enlm
3194 491 3245 547 hi
3290 490 3378 561 qui
3410 490 3462 545 In
3499 498 3826 545 testamento

524 586 529 589 ’
580 609 633 653 et
664 609 911 668 tanquam
944 597 1181 669 patribus
1208 595 1494 651 indiscrete
1521 594 1823 659 obediebat,
1857 600 1911 646 et
1938 591 2136 660 gratias

576 691 786 759 agebat,
841 700 1088 760 tanquam
1138 688 1506 744 constantibus
1553 687 1785 741 maxime
1826 692 1880 739 et
1926 683 2149 737 viriliter

577 784 855 854 agentibus
906 783 1161 838 militibus
1213 796 1307 851 pro
1359 783 1555 850 pietate
1597 778 1889 849 religionis.
1939 776 2147 831 Etenim

577 875 747 930 sancti
774 874 998 943 Spiritus
1027 873 1220 928 virtute
1251 872 1393 935 freti,
1427 881 1479 925 et
1507 886 1628 926 cum
1658 868 2003 925 Severianitis
2027 867 2142 937 (75)

579 982 642 1022 ac
670 968 875 1022 caeteris
902 969 1038 1021 circa
1067 969 1335 1037 regionem
1358 965 1706 1020 existentibus
1728 962 2014 1017 immundis
2041 961 2151 1014 ha:-

578 1061 755 1115 reticis
786 1060 1040 1127 sapientia
1082 1074 1177 1113 sua
1217 1074 1280 1114 ac
1323 1056 1766 1126 diSputationibus
1799 1069 2024 1124 pugnam
2054 1052 2151 1107 Ita-

579 1152 763 1207 bentes
785 1161 838 1205 et
881 1150 1209 1217 conflictum,
1252 1150 1410 1203 multa
1457 1147 1666 1218 quidem
1693 1147 1934 1212 castella,
1960 1144 2151 1213 plures-

577 1259 682 1313 que
708 1242 980 1308 ecclesias,
1012 1242 1259 1297 similiter
1297 1252 1349 1295 et
1379 1240 1697 1294 monasteria
1745 1240 1811 1291 ab
1840 1252 1933 1292 ore
1964 1236 2145 1289 talium

580 1334 889 1397 beStiarum.
927 1343 1176 1402 tauquam
1211 1333 1333 1387 boui
1366 1341 1638 1399 pastores,
1673 1329 1902 1383 evellere
1933 1328 2149 1381 studue-

578 1432 721 1490 runt,
755 1431 969 1491 propter
991 1422 1128 1491 quod
1159 1429 1212 1475 et
1238 1422 1465 1473 maxime
1513 1418 1799 1488 plurimum
1848 1417 2143 1471 honorabat

579 1512 794 1569 sanctos
822 1513 919 1566 hos
950 1512 1037 1566 ille
1065 1525 1192 1566 vere
1222 1510 1607 1565 sanctissimus.

647 1607 777 1659 Car.
810 1602 1022 1658 XXXII.
1053 1602 1177 1657 —Si
1193 1616 1319 1655 vero
1340 1600 1527 1655 alicubi
1546 1600 1773 1668 aliquem
1791 1598 1981 1652 durum
2002 1605 2056 1651 et
2078 1596 2150 1650 in-

583 1696 868 1751 humanum
895 1704 948 1749 et
988 1707 1357 1763 percussorem
1380 1692 1518 1746 circa
1543 1690 1785 1759 proprios
1806 1704 1991 1745 servos
2027 1704 2150 1744 sen-

583 1788 748 1842 tiebat
765 1785 853 1841 ille
873 1786 1081 1849 beatus,
1099 1784 1240 1838 hunc
1255 1784 1423 1850 pritno
1442 1782 1789 1849 convocabat,
1812 1790 1997 1836 etcum
2026 1779 2150 1834 mul-

2253 586 2415 653 patris
2444 584 2560 654 ejus
2589 584 2788 639 inventi
2825 593 2949 637 sunt
2988 591 3173 648 testes,
3209 582 3333 650 quia
3377 595 3483 633 non
3514 578 3718 633 dimisit
3746 578 3824 643 ei,

2250 676 2482 741 domine,
2532 685 2682 745 pater
2728 678 2843 744 ejus
2874 676 3108 729 moriens
3138 688 3305 742 usque
3332 673 3399 725 ad
3431 686 3597 724 unum
3644 685 3825 723 numi-

2250 779 2400 833 sma;
2452 766 2545 819 sed
2596 766 2794 819 habens
2841 764 3023 819 decem
3076 763 3236 816 libras
3267 761 3403 823 auri,
3452 760 3670 813 adducit
3698 774 3827 812 eum

2248 858 2361 928 ipsa
2392 857 2517 911 hora
2547 858 2756 925 quando
2780 864 3151 909 testamentum
3177 853 3464 914 scribebat,
3488 860 3544 905 et
3563 850 3688 902 dicit
3723 850 3777 902 ei
3810 867 3825 903 :

2251 948 2358 1001 Has
2386 947 2568 1001 decem
2603 947 2761 999 libras
2793 946 2949 1006 habe,
2983 943 3055 996 fili
3096 942 3185 995 mi.
3221 940 3380 1007 Quid.
3430 940 3513 993 vis
3557 939 3827 992 dimittam

2250 1038 2343 1095 tibi
2374 1039 2523 1103 istas,
2552 1051 2617 1090 an
2648 1037 2727 1090 vis
2757 1035 3036 1089 Dominam
3067 1047 3236 1087 meam
3267 1032 3358 1085 Dei
3390 1029 3707 1098 genitricem
3728 1044 3803 1081 cu

2250 1138 2481 1183 ratorem
2503 1136 2557 1181 et
2582 1124 2945 1195 prov:soremi
2976 1123 3151 1177 Puero
3174 1135 3301 1175 vero
3321 1120 3558 1189 eligente
3579 1126 3823 1171 sanctam

2252 1221 2345 1275 Dei
2375 1218 2708 1289 genitricem,
2765 1217 3015 1285 prrecepit
3065 1215 3191 1268 dare
3240 1222 3427 1266 cuncta
3482 1210 3829 1279 pauperibus.

2252 1310 2315 1363 Et
2342 1324 2484 1372 ecce,
2520 1308 2785 1376 inquiunt,
2814 1304 3169 1367 sanctissimo,
3205 1302 3255 1356 in
3286 1301 3454 1355 multa
3485 1301 3662 1367 inopia
3693 1314 3829 1351 con-

2251 1401 2412 1465 sistit,
2458 1410 2613 1453 nocte
2638 1412 2699 1452 ac
2725 1397 2811 1451 die
2836 1397 3050 1450 domum
3094 1394 3333 1447 Domina:
3364 1402 3567 1446 nostra:
3598 1406 3702 1443 non
3736 1391 3833 1442 de-

2250 1509 2454 1550 serens.
2484 1493 2618 1546 Ctun
2662 1505 2789 1560 ergo
2817 1489 2931 1543 haec
2960 1487 3189 1541 audisse:
3224 1500 3253 1538 a
3284 1483 3584 1538 scientibus
3613 1491 3837 1536 sanctus

2252 1585 2359 1653 hic,
2392 1583 2588 1637 nemini
2630 1582 2829 1652 aliquid
2860 1580 3064 1642 dicens,
3098 1576 3315 1631 adducit
3342 1572 3634 1645 quemdam
3665 1571 3836 1625 tabel-

2252 1676 2490 1739 lionem;
2542 1682 2595 1729 et
2643 1673 2893 1728 narrabat
2938 1673 2986 1726 ei
3024 1684 3156 1731 rem,
3205 1671 3337 1722 dans
3366 1668 3417 1721 ei
3459 1666 3751 1719 terminum
3779 1672 3839 1716 ut

2252 1766 2383 1822 nulli
2413 1767 2658 1821 crederet
2688 1779 2845 1834 quam
2890 1764 3142 1832 praecepit
3180 1762 3228 1814 ei
3272 1760 3446 1813 facere
3475 1772 3615 1821 rem,
3648 1756 3865 1810 dicens.

581 1888 629 1932 ta
654 1878 868 1932 lenitate
887 1876 1124 1945 rogabat,
1142 1873 1491 1936 dicenstili,
1509 1873 1655 1927 venit
1675 1871 1884 1942 quidem
1902 1871 1970 1926 ad
1993 1885 2148 1925 aures
2182 1871 2225 1930 Β
2256 1860 2304 1915 ei
2332 1877 2345 1912 :
2373 1858 2537 1923 Vade,
2562 1868 2615 1911 et
2634 1858 2685 1910 in
2707 1855 2974 1911 veteribus
2991 1852 3249 1945 chartulis
3262 1851 3436 1945 scribe
3449 1856 3837 1903 testamentum

584 1971 908 2039 peecatrices
924 1983 1070 2023 meas
1096 1967 1233 2036 quod
1258 1982 1321 2021 es
1340 1967 1648 2035 operatione
1662 1964 1861 2019 inimici
1885 1964 2148 2018 modicum

581 2062 764 2116 durius
798 2061 937 2114 circa
968 2058 1212 2129 proprios
1239 2071 1431 2126 pueros
1458 2065 1576 2112 tuos
1607 2054 1817 2122 feraris;
1851 2055 1965 2123 sed,
1994 2069 2146 2125 rogo,

581 2151 677 2206 des
717 2151 890 2205 locum
924 2150 1037 2204 iraa.
1068 2149 1183 2203 Non
1212 2149 1352 2202 enim
1387 2156 1440 2202 ut
1469 2146 1831 2216 percutiamus
1860 2160 1974 2213 eos,
2006 2145 2151 2201 dedit

582 2244 738 2300 nobis
782 2242 878 2298 hos
904 2242 1063 2307 Deus,
1094 2241 1188 2295 sed
1234 2247 1288 2294 ut
1317 2240 1570 2295 serviant.
1605 2237 1855 2293 Fortasse
1884 2252 2009 2292 vero
2050 2252 2150 2292 nec

582 2346 799 2405 propter
821 2337 948 2399 hoc,
991 2333 1086 2389 sed
1114 2340 1551 2388 utsustententur
1577 2346 1607 2385 a
1646 2330 1821 2397 nobis,
1851 2346 1918 2386 ex
1956 2329 2149 2401 quibus

573 2426 715 2483 licus
802 2429 1053 2500 praestitit
1139 2425 1317 2482 nobis.
1393 2421 1535 2490 Quid
1632 2421 1773 2476 enim
1803 2421 1947 2493 (edic
1995 2420 2148 2492 mihi)

582 2524 635 2570 et
664 2515 812 2569 dedit
841 2516 1033 2579 homo,
1073 2521 1127 2567 et
1158 2512 1285 2567 emit
1316 2527 1435 2568 eum
1466 2511 1556 2581 qui
1584 2511 1649 2564 ad
1674 2512 1958 2581 imaginem
1988 2520 2042 2566 et
2072 2510 2148 2564 sio

580 2604 933 2660 militudinem
966 2603 1059 2659 Dei
1100 2614 1310 2657 creatus
1341 2611 1395 2657 et
1442 2603 1730 2656 honoratus
1762 2601 1875 2656 est?
1903 2601 2149 2671 Nunquid

579 2697 722 2754 enim
779 2705 859 2764 tu,
914 2695 1159 2750 dominus
1211 2692 1346 2762 ejus,
1406 2692 1604 2763 aliquid
1659 2693 1773 2760 plus
1827 2692 2065 2760 possides
2098 2693 2147 2746 in

578 2788 792 2859 proprio
834 2800 1078 2854 corpore,
1121 2799 1335 2839 manum
1378 2794 1467 2838 aut
1511 2785 1719 2853 pedem,
1769 2783 1851 2837 vel
1892 2783 2148 2850 auditum,

580 2888 671 2934 aut
692 2877 958 2933 animam?
988 2875 1231 2944 Nunquid
1257 2889 1360 2930 non
1385 2875 1578 2928 similis
1600 2880 1684 2928 est
1709 2873 1801 2928 tibi
1826 2888 1919 2942 per
1941 2874 2149 2927 omnia?

579 2974 716 3029 Audi
747 2974 927 3028 lumen
953 2971 1270 3040 gloriosum,
1303 2966 1524 3022 Paulum
1555 2967 1820 3022 dicentem
1847 2984 1858 3019 :
1883 2968 2152 3036 Quotquot

582 3064 634 3115 in
658 3060 872 3115 Christo
894 3058 1145 3128 baptizati
1167 3058 1316 3121 estis,
1336 3057 1606 3111 Christum
1631 3056 1873 3111 induistis
1894 3054 2146 3124 (Gal.m).

576 3150 693 3207 Non
719 3161 801 3207 est
821 3151 1035 3206 Indicus
1056 3164 1229 3217 neque
1253 3146 1488 3213 Grzecus,
1522 3164 1624 3201 non
1653 3156 1734 3200 est
1762 3162 1947 3202 servus
1976 3161 2150 3216 neque

2249 1949 2525 2019 cujusdam
2548 1946 2762 2001 nomine
2787 1944 3112 2014 Tbeopenti;
3144 1952 3196 1995 et
3225 1939 3307 1995 fac
3329 1940 3385 1994 in
3413 1940 3609 1995 eadem
3640 1940 3833 1991 charta

2250 2056 2335 2094 me
2375 2048 2429 2093 et
2477 2045 2678 2106 patrem
2711 2036 2856 2104 pueri
2911 2033 3257 2088 consobrinos
3308 2031 3501 2084 fratres
3525 2070 3541 2094 ,
3572 2037 3630 2082 et
3662 2029 3835 2091 vade,

2249 2139 2303 2186 et
2331 2130 2418 2185 dic
2453 2126 2631 2199 juveni
2659 2146 2670 2179 :
2700 2126 2841 2195 Scis,
2885 2125 3069 2193 frater,
3100 2124 3239 2194 quod
3270 2136 3440 2192 genus
3469 2122 3711 2175 existens
3746 2133 3839 2187 pa-

2250 2221 2521 2287 triarchae,
2548 2235 2655 2275 non
2682 2218 2947 2273 debueras
2974 2218 3046 2271 ita
3077 2216 3129 2270 in
3159 2221 3476 2284 paupertate
3506 2211 3761 2266 versari?
3782 2220 3838 2265 et

2250 2314 2474 2371 ostende
2501 2312 2550 2367 ei
2581 2312 2824 2369 chartam
2851 2351 2867 2376 ,
2918 2321 2974 2364 et
3002 2308 3090 2363 dic
3119 2324 3133 2362 :
3158 2307 3423 2375 Quoniam
3453 2306 3501 2359 si
3528 2303 3837 2367 erubescis,

2251 2420 2348 2477 ego
2377 2403 2570 2459 ordino
2596 2416 2811 2457 causam
2860 2411 3002 2454 tuam
3032 2398 3167 2467 apud
3202 2394 3585 2467 patriarcham,
3615 2404 3673 2449 et
3715 2392 3841 2447 vide

2250 2496 2375 2567 quid
2400 2495 2495 2551 tibi
2522 2494 2677 2549 dicet.
2709 2493 2839 2547 Cum
2871 2505 2999 2559 ergo
3025 2490 3199 2545 omnia
3231 2504 3347 2557 quae
3375 2487 3522 2557 jussa
3554 2496 3686 2540 sunt
3717 2488 3771 2541 ei
3803 2502 3835 2539 a

2252 2583 2779 2657 patriarcbatabellio
2801 2581 3035 2647 fecisset,
3060 2578 3204 2635 venit
3226 2578 3289 2632 ad
3312 2594 3434 2633 eum
3460 2578 3681 2632 dicens:
3700 2578 3837 2642 Quia

2252 2686 2438 2746 pactus
2488 2685 2566 2730 est
2597 2690 2725 2743 puer
2757 2673 2911 2740 inihi,
2945 2682 3000 2726 ut
3042 2686 3140 2741 ego
3172 2672 3356 2741 loquar
3407 2685 3627 2725 causam
3681 2684 3837 2723 suam

2252 2768 2488 2837 domino,
2508 2777 2560 2821 et
2583 2782 2801 2835 magnas
2823 2766 3111 2836 gratiarum
3134 2765 3367 2818 actiones
3384 2764 3659 2817 referebat
3678 2763 3835 2817 mihi.

2254 2860 2395 2914 Dixit
2426 2860 2607 2928 itaque
2653 2866 2908 2912 sanctus:
2940 2850 3083 2909 Vade
3105 2867 3159 2909 et
3185 2854 3271 2909 dic
3318 2854 3368 2908 ei
3395 2872 3407 2906 :
3433 2854 3569 2918 Quia
3620 2854 3835 2908 locutus

2253 2964 2369 3005 sum
2400 2948 2739 3019 patriarchae.
2774 2949 2836 3001 Et
2874 2947 2984 3000 dixi
3011 2963 3024 2998 ε
3047 2944 3307 3013 Quoniam
3348 2954 3402 2999 et
3428 2960 3529 3013 ego
3559 2946 3677 2997 scio
3706 2946 3835 3011 quia

2253 3038 2435 3093 habuit
2477 3038 2826 3092 consobrinus
2855 3051 3002 3090 meus
3051 3035 3248 3098 lilium,
3282 3033 3376 3088 sed
3409 3049 3477 3087 ex
3507 3034 3661 3087 vultu
3693 3033 3840 3093 hunc

2258 3149 2362 3188 non
2396 3146 2743 3201 recognosco.
2774 3131 2916 3185 Bene
2944 3143 3070 3199 ergo
3103 3130 3253 3192 facis,
3285 3127 3559 3181 adducens
3591 3127 3742 3183 hunc
3772 3128 3839 3180 ad

578 3245 735 3306 liber,
764 3257 950 3298 omnes
970 3242 1110 3297 enim
1136 3255 1231 3295 vos
1257 3256 1415 3293 unum
1447 3241 1580 3295 estis
1605 3240 1656 3293 in
1686 3239 1918 3293 Christo.
1943 3239 1996 3294 Si
2021 3255 2147 3310 ergo
2173 3244 2223 3307 ς
2255 3243 2360 3282 me-
2412 3226 2695 3281 Adducens
2737 3240 2865 3296 ergo
2906 3240 3050 3288 eum,
3098 3232 3249 3293 porta
3276 3230 3330 3277 et
3359 3222 3601 3277 chartam
3635 3233 3839 3277 tecum.

579 3336 717 3405 apud
741 3335 1011 3389 Christum
1039 3333 1270 3402 :equalcs
1297 3346 1501 3397 sumus,
1533 3343 1583 3385 et
1612 3330 1677 3385 ad
1709 3332 1935 3385 invicem
1963 3345 2146 3399 aequa-

578 3430 655 3484 les
723 3428 1036 3484 efficiamur.
1118 3424 1323 3479 Etenim
1397 3422 1641 3477 Christus
1712 3421 1938 3475 formam
2007 3419 2147 3475 servi

580 3518 896 3587 assumpsit,
953 3519 1153 3572 docens
1210 3530 1306 3568 nos
1350 3528 1452 3567 non
1502 3513 1776 3582 superbire
1826 3522 2008 3567 contra
2035 3526 2148 3567 ser-

579 3626 675 3665 vos
729 3619 955 3665 nostros.
1019 3608 1163 3663 Unus
1212 3606 1351 3660 enim
1383 3614 1464 3660 est
1505 3605 1761 3661 Dominus
1808 3606 2065 3670 omnium,
2096 3605 2148 3660 in

580 3706 735 3761 cmlis
772 3704 1046 3769 habitans,
1081 3713 1138 3757 et
1166 3701 1396 3756 humilia
1429 3701 1733 3768 reSpieiens
1776 3698 1943 3769 (Psal.
1984 3698 2153 3771 cxn);

580 3812 690 3850 non
729 3795 868 3850 dixit
905 3793 1189 3859 sublimia,
1241 3792 1336 3847 sed
1385 3791 1637 3845 humilia.
1681 3789 1958 3855 Quantum
2009 3792 2158 3847 enim

577 3897 763 3937 aurum
794 3882 1062 3947 dedimus,
1094 3890 1153 3933 ut
1182 3880 1581 3932 honorificatum
1623 3886 1678 3932 et
1709 3889 1940 3947 emptum
1967 3879 2148 3934 nobis-

577 3988 697 4026 cum
726 3987 849 4025 eum
887 3970 1143 4040 sanguine
1180 3968 1359 4022 divino
1389 3976 1440 4024 et
1468 3969 1740 4023 Dominieo
1761 4009 1775 4033 ,
1808 3970 1960 4025 nobis
1983 3971 2151 4025 servi-

582 4062 678 4115 tuti
710 4059 1079 4127 subjiciamus?
1126 4058 1349 4128 Propter
1370 4074 1491 4115 eum
1530 4059 1744 4127 cmlum,
1770 4074 1985 4130 propter
2027 4077 2145 4117 eum

578 4164 740 4219 terra,
762 4165 979 4225 propter
1007 4171 1126 4212 eum
1163 4156 1349 4224 stellae,
1399 4166 1614 4226 propter
1639 4171 1759 4211 eum
1791 4159 1866 4211 sol
1893 4198 1908 4221 ,
1937 4170 2149 4227 prOpter

577 4260 697 4301 eum
747 4262 892 4302 mare
916 4254 971 4301 et
998 4263 1115 4317 quae
1143 4246 1196 4302 in
1226 4262 1291 4303 eo
1308 4257 1449 4303 sunt.
1474 4247 1568 4302 Est
1582 4258 1757 4302 autem
1786 4264 1992 4315 verum,
2024 4250 2147 4318 quia

578 4348 631 4393 et
673 4338 848 4408 angeli
874 4337 927 4395 ei
960 4338 1286 4407 ministrant,
1317 4347 1535 4410 propter
1554 4354 1673 4395 eum
1722 4339 1963 4395 Christus
1987 4341 2148 4410 pedes

577 4449 852 4490 servorum
919 4434 1073 4497 lavit.
1147 4445 1364 4505 propter
1411 4451 1531 4491 eum
1580 4438 1865 4494 cruciﬁxus
1920 4448 2038 4505 est,
2092 4449 2147 4496 et

573 4534 766 4583 caetera
790 4526 965 4581 omnia
994 4536 1210 4595 propter
1232 4542 1352 4581 eum
1381 4541 1566 4597 passus
1583 4538 1684 4584 est.
1714 4529 1791 4583 Tu
1815 4538 1990 4584 autem
2024 4545 2144 4586 eum

2253 3322 2382 3376 Cum
2415 3336 2540 3375 vero
2567 3321 2954 3389 pervenissent,
2986 3318 3106 3373 tulit
3129 3334 3251 3373 eum
3277 3326 3487 3372 secreto
3519 3318 3611 3372 ille
3629 3318 3836 3385 justus,

2254 3421 2308 3468 et
2332 3414 2494 3481 coepit
2522 3411 2821 3466 deosculari
2849 3426 2993 3476 eum,
3021 3419 3075 3465 et
3103 3410 3320 3465 dicere:
3350 3409 3494 3464 Bene
3516 3412 3669 3463 venit
3689 3410 3836 3463 filius

2253 3504 2557 3559 consobrini
2593 3503 2717 3558 mei.
2752 3500 2951 3557 Ditavit
2980 3501 3140 3573 igitur
3166 3516 3310 3569 eum,
3337 3508 3395 3555 et
3419 3500 3575 3554 uxori
3613 3500 3839 3554 tradidit

2253 3596 2308 3651 in
2338 3594 2660 3650 Alexandria
2685 3636 2699 3659 ,
2730 3602 2785 3650 et
2810 3594 3023 3648 domum
3055 3601 3110 3648 et
3137 3592 3312 3647 omnia
3342 3591 3536 3659 quibus
3564 3606 3704 3660 opus
3738 3592 3839 3645 ha-

2255 3685 2365 3741 buit
2388 3685 2604 3740 donavit
2636 3685 2683 3739 ei
2705 3725 2719 3749 ,
2751 3684 3120 3739 demonstrare
3147 3681 3402 3738 festinans
3430 3682 3690 3751 quoniam
3724 3697 3833 3735 non

2254 3777 2591 3848 derelinquet
2642 3777 2896 3832 Dominus
2942 3787 3221 3845 sperantes
3264 3777 3314 3829 in
3346 3790 3407 3830 se
3474 3773 3701 3846 (Iudith.
3735 3772 3835 3842 vi).

2325 3890 2452 3945 Car.
2484 3888 2724 3945 XXXIV.
2756 3887 3283 3959 —lmpra:termisse
3330 3895 3507 3941 autem
3563 3895 3621 3941 et
3676 3886 3838 3956 hujus

2254 3980 2487 4036 mandati
2519 3995 2702 4034 curam
2729 3979 2911 4033 habuit
2938 3979 3022 4033 hic
3050 3976 3398 4043 admirabilis,
3426 3977 3604 4048 legem
3629 3991 3837 4047 ponen-

2256 4071 2323 4127 tis
2349 4088 2363 4126 :
2391 4072 2597 4127 Volenti
2618 4082 2858 4126 mutuare
2881 4085 2910 4125 a
2937 4081 2990 4125 te
3012 4084 3077 4124 ne
3100 4078 3309 4123 avertas
3332 4068 3623 4138 aliquando
3648 4067 3835 4138 (Deut.

2255 4180 2354 4229 xv;
2384 4164 2515 4218 Luc.
2563 4161 2659 4233 vi),
2691 4178 2799 4217 non
2846 4162 3116 4231 prohibuit
3145 4161 3377 4228 aliquem
3424 4159 3733 4227 bujusmodi
3766 4159 3838 4211 ab

2253 4269 2317 4308 eo
2346 4252 2650 4322 suffragium
2682 4253 3057 4322 postulantem.
3093 4251 3243 4307 Unde
3272 4250 3373 4305 hoc
3404 4250 3583 4305 sciens
3613 4248 3839 4320 quidam

2255 4344 2513 4413 malignus
2536 4352 2591 4398 et
2614 4343 2891 4411 impostor,
2917 4343 3065 4411 petiit
3093 4340 3158 4394 ab
3188 4355 3251 4396 eo
3281 4348 3337 4395 ut
3364 4339 3467 4393 sibi
3498 4349 3709 4395 mutuas
3738 4339 3839 4394 da-

2255 4444 2337 4490 ret
2363 4434 2545 4504 viginti
2590 4433 2755 4488 libras
2782 4434 2917 4487 auri.
2954 4432 3081 4487 Erat
3107 4442 3282 4487 autem
3315 4433 3383 4488 de
3411 4433 3497 4487 his
3526 4433 3616 4502 qui
3642 4432 3838 4487 dicun-

2254 4535 2338 4580 tur
2362 4525 2688 4580 Gallodromi
2708 4524 2846 4595 (Η).
2867 4525 3225 4580 Contemnens
3241 4538 3367 4593 ergo
3388 4533 3636 4579 sanetum
3656 4540 3836 4593 quem-

574 4619 664 4687 qui
692 4634 722 4673 a
743 4618 856 4674 Deo
882 4618 1173 4673 honoratur
1200 4619 1518 4686 inhonoras,
1550 4629 1605 4676 et
1623 4622 1771 4692 quasi
1795 4638 1896 4677 non
1919 4624 1993 4679 sis
2016 4624 2150 4693 ejus-
2176 4620 2230 4682 D
2254 4620 2539 4675 admodum
2570 4629 2623 4674 et
2669 4618 2799 4673 alios
2829 4618 3042 4685 multos,
3087 4618 3297 4672 dicebat
3322 4634 3335 4670 :
3359 4619 3492 4685 Quia
3526 4618 3662 4672 nihil
3692 4618 3833 4671 mihi

575 4710 697 4766 dem
725 4718 947 4775 naturae,
973 4724 1075 4763 non
1098 4723 1319 4778 parcens
1341 4709 1500 4765 feris?
1525 4711 1615 4765 Die
1636 4751 1651 4778 ,
1680 4712 1903 4767 obsecro
1919 4754 1934 4778 ,
1957 4715 2142 4779 velles,

572 4802 782 4870 quoties
810 4801 1023 4870 culpam
1054 4799 1313 4868 admittis,
1348 4809 1403 4854 ut
1426 4816 1546 4855 mox
1575 4802 1823 4856 redderet
1849 4804 1942 4858 tibi
1974 4805 2144 4859 Deus?

576 4891 937 4962 Nequaquam.
971 4891 1085 4960 Dic,
1138 4892 1402 4960 quomodo
1446 4907 1568 4946 oras
1614 4893 1869 4961 quotidie,
1918 4894 2143 4949 dicens:

581 4979 794 5038 Dimitte
824 4983 975 5037 nobis
1003 4983 1185 5038 debita
1215 4992 1413 5047 nostra,
1443 4984 1581 5037 sicut
1623 4994 1676 5038 et
1707 5000 1804 5039 nos
1832 4985 2147 5041 dimittimus

578 5076 906 5132 debitoribus
934 5078 1131 5132 nostris
1159 5077 1372 5147 (Matth.
1396 5078 1506 5145 vr)?
1554 5077 1646 5131 llis
1683 5087 1734 5132 et
1761 5077 1840 5133 his
1885 5079 2143 5134 similibus

574 5167 751 5222 verbis
805 5167 871 5221 de
920 5167 1191 5221 habitante
1220 5169 1270 5221 in
1316 5182 1375 5223 se
1425 5169 1674 5223 thesauro
1725 5184 1953 5223 monens
2000 5170 2143 5224 hunc

583 5257 844 5321 absolvit;
877 5265 931 5311 et
960 5258 1058 5311 nisi
1105 5257 1380 5312 didicisset
1408 5259 1563 5311 istum
1609 5259 1968 5325 emendatum,
2002 5276 2140 5327 prie-

575 5348 857 5419 parabatet
880 5349 1171 5404 instruebat
1194 5364 1402 5404 servum
1432 5351 1687 5406 afflictum
1713 5392 1729 5418 ,
1762 5362 1819 5406 ut
1847 5353 2021 5423 fugam
2053 5370 2137 5406 ar-

574 5442 795 5512 riperet,
827 5453 878 5499 et
905 5441 1262 5497 venditionem
1295 5451 1534 5511 peteret;
1564 5453 1618 5498 et
1662 5443 1801 5498 hunc
1828 5458 2141 5513 comparans

570 5532 766 5604 justus,
785 5532 970 5586 statim
1003 5531 1222 5587 liberum
1252 5532 1537 5587 statuebat.

647 5624 777 5681 Car.
807 5623 1046 5679 XXXIII.
1072 5654 1142 5665 —-
1163 5625 1399 5682 Audiens
1427 5625 1710 5695 aliquando
1739 5624 2013 5695 cujusdam
2042 5626 2147 5682 ele-

576 5714 964 5784 emosynatoris
992 5728 1211 5782 puerum
1242 5716 1540 5786 orphanum
1573 5716 1882 5771 derelictum
1906 5757 1921 5782 ,
1953 5730 2143 5785 paren-

580 5805 719 5860 tibus
745 5804 858 5860 suis
886 5804 1253 5874 morientibus,
1282 5816 1337 5863 et
1368 5810 1419 5863 in
1468 5808 1634 5865 multa
1666 5818 1981 5879 paupertate
2010 5822 2145 5865 con-

2254 4710 2418 4764 dedit.
2463 4708 2797 4776 Quaesierunt
2826 4708 3003 4778 itaque
3034 4707 3284 4763 Ecclesia:
3314 4720 3561 4777 pastores
3591 4717 3647 4763 et
3675 4708 3834 4762 ordi-

2255 4811 2468 4854 natores
2496 4808 2554 4853 ut
2580 4800 2631 4853 in
2663 4813 2929 4854 carcerem
2964 4799 3105 4853 hunc
3136 4799 3439 4864 mitterent,
3491 4810 3545 4854 et
3574 4800 3827 4868 publica-

2256 4901 2376 4946 rent
2420 4891 2535 4961 ejus
2564 4891 2933 4945 substantiam.
2967 4892 3039 4945 At
3066 4892 3298 4945 imitator
3326 4892 3579 4959 dicentis,
3640 4893 3836 4946 Estote

2256 4981 2646 5047 misericordes,
2704 4980 2840 5036 sicut
2870 4993 2922 5036 et
2966 4982 3123 5039 Pater
3170 4993 3346 5037 vester
3391 4985 3704 5039 misericors
3753 4997 3840 5039 est

2257 5073 2432 5140 (Luca:
2454 5072 2550 5143 vr),
2583 5072 2673 5141 qui
2701 5073 2866 5128 solem
2898 5088 3051 5129 suum
3074 5075 3205 5129 oriri
3234 5076 3357 5131 facit
3383 5090 3545 5145 super
3572 5077 3752 5131 bonos
3780 5090 3839 5133 et

2251 5169 2441 5232 malos,
2469 5176 2523 5221 et
2551 5164 2681 5234 pluit
2709 5181 2869 5236 super
2890 5167 3063 5236 justos
3091 5177 3145 5223 et
3188 5167 3435 5238 iniustos,
3487 5184 3836 5239 nequaquam

2250 5260 2354 5313 illis
2382 5259 2672 5323 consensit,
2705 5269 2763 5313 ut
2782 5274 2902 5313 eum
2931 5258 3248 5330 afﬂigerent.
3286 5261 3378 5315 His
3401 5271 3582 5317 autem
3609 5264 3839 5319 turban-

2250 5350 2390 5405 tibus
2416 5357 2599 5404 contra
2630 5364 2771 5413 eum,
2806 5358 2986 5418 utpote
3011 5353 3098 5419 qui
3131 5351 3445 5420 patriarchae
3475 5352 3747 5420 illuserat,
3783 5366 3843 5411 et

2248 5441 2546 5496 dicentibus
2571 5440 2636 5494 ad
2662 5442 2906 5495 eumdem
2929 5450 3171 5496 sanctum
3199 5460 3210 5494 :
3236 5441 3349 5496 Non
3370 5443 3577 5512 justum
3603 5454 3717 5510 est,
3750 5448 3844 5501 do-

2251 5534 2413 5596 mine,
2446 5542 2504 5585 ut
2535 5531 2674 5600 quod
2706 5547 2970 5601 pauperes
3006 5534 3331 5600 acciperent,
3374 5533 3462 5589 hic
3515 5536 3845 5593 luxuriosus

2251 5624 2499 5696 accipiat,
2550 5625 2829 5693 respondit
2856 5635 3077 5679 econtra
3108 5626 3198 5681 ille
3227 5635 3308 5681 ter
3338 5626 3548 5694 beatus,
3598 5630 3799 5689 dicens
3824 5650 3840 5687 :

2249 5716 2484 5783 Credite,
2528 5715 2743 5784 fratres,
2788 5720 2908 5787 quia
2950 5719 2994 5772 si
3024 5730 3176 5773 extra
3204 5720 3528 5775 voluntatem
3552 5723 3845 5790 accipere-

2253 5808 2323 5867 tis
2351 5808 2547 5879 aliquid
2572 5809 2639 5866 ab
2666 5823 2751 5877 eo,
2784 5810 2893 5866 duo
2922 5811 3171 5867 mandata
3212 5813 3753 5884 transgrederemiui,
3785 5829 3846 5875 et
