4034 6398
196 398 334 456 1645

1117 417 1273 471 VITA
1312 416 1559 471 SANCTI
1600 414 1879 472 JUANNIS
1925 415 2495 473 ELEEMOSYNARH.

3274 410 3406 465 1646

179 549 346 588 unum
412 531 765 601 adimplebitis
819 531 1031 601 quando
1102 540 1155 584 et
1200 531 1264 584 ad
1315 546 1578 599 pauperes
1626 530 1745 583 data
1776 528 1821 584 Α
1854 543 1989 593 runt,
2015 529 2326 597 dicebatque
2360 543 2418 581 se
2444 528 2815 581 tlemonstrans
2843 521 2991 590 quasi
3022 522 3210 575 iratum
3238 544 3251 573 ι
3284 520 3417 575 Vere

182 618 344 678 fuerit
435 624 803 694 hujuscemodi
890 628 1183 697 quantitas.
1291 624 1461 677 Unum
1506 624 1744 690 quidem,

181 713 306 783 quia
353 715 679 784 apparebitis
710 714 1045 782 impatientes
1072 717 1210 768 circa
1241 716 1515 777 damnum,
1546 725 1598 768 et
1633 715 1745 767 effi-

182 806 397 861 ciemini
425 806 544 861 aliis
586 806 753 861 forma
786 808 921 860 mala
948 825 961 870 ;
992 808 1214 861 alterum
1247 815 1445 870 autem,
1497 808 1745 876 quoniam

181 916 290 957 non
319 900 625 955 obedientes
652 901 802 954 eritis
851 898 1078 952 Domino
1124 897 1254 964 Deo,
1309 897 1501 952 dicenti
1531 914 1543 950 :
1577 897 1656 950 Ab
1685 911 1749 951 eo

182 996 271 1064 qui
301 994 578 1049 abstulerit
608 1004 693 1046 tua
722 1008 787 1047 ne
818 1001 1025 1061 repetas
1053 991 1201 1061 (Luc.
1233 990 1331 1059 vt).
1357 990 1580 1060 Expedit
1601 1004 1747 1059 ergo,

182 1100 218 1138 ο
262 1084 377 1149 lilii,
407 1092 462 1138 ut
502 1082 798 1138 efﬁciamur
825 1083 1070 1136 omnibus
1113 1080 1414 1149 exemplum
1449 1080 1740 1146 patientim.

188 1176 399 1229 Etenim
444 1176 728 1241 Apostolus
759 1173 886 1227 dicit
916 1190 931 1228 :
963 1174 1137 1239 Quare
1170 1187 1274 1227 non
1303 1173 1469 1241 magis
1499 1170 1747 1240 injuriam

184 1265 494 1320 sustinetis?
522 1279 685 1333 quare
711 1280 813 1318 non
840 1267 1004 1333 magis
1025 1264 1264 1318 fraudem
1292 1263 1532 1332 patimini
1564 1262 1604 1333 (l
1630 1263 1746 1317 Cor.

185 1356 302 1427 vr)?
349 1358 413 1411 Et
456 1357 650 1410 bonum
696 1365 779 1411 est
807 1356 1018 1425 quidem
1061 1357 1338 1420 veraciter,
1372 1355 1578 1417 fratres,
1608 1354 1750 1408 omni

186 1447 390 1517 petenti
419 1447 564 1512 dare,
591 1448 853 1503 excelsius
881 1459 1059 1502 autem
1090 1457 1143 1501 et
1174 1446 1537 1500 bonorabilius
1568 1455 1622 1500 et
1649 1460 1750 1498 non

187 1540 387 1608 petenti
410 1556 424 1604 ;
452 1538 498 1594 ei
531 1550 704 1593 autem
728 1540 816 1608 qui
843 1538 1016 1593 aufert
1038 1539 1409 1593 vestimentum
1432 1537 1545 1591 sine
1568 1538 1753 1589 νυΙιιη·

186 1638 297 1684 tate
335 1643 363 1680 a
395 1628 547 1682 nobis
576 1628 702 1683 dare
728 1638 781 1682 et
813 1629 1065 1692 tunicam,
1096 1628 1348 1696 angelice
1381 1642 1507 1681 vere
1553 1638 1752 1680 natura:

197 1720 449 1783 imitatio,
483 1719 589 1775 imo
616 1719 807 1774 divina:
832 1728 935 1773 est.
970 1720 1044 1773 Ex
1072 1718 1154 1772 his
1180 1718 1321 1773 enim
1352 1733 1471 1787 quae
1500 1718 1754 1772 habemus

186 1809 443 1866 Dominus
476 1810 725 1880 prrecepit
754 1810 1071 1865 benefacere
1102 1810 1390 1877 proximo:
1419 1809 1641 1875 Bonum,
1674 1808 1754 1861 in—

1852 637 1956 673 non
1987 622 2265 673 obaudiam
2298 621 2466 684 vobis,
2499 620 2570 673 ite
2596 634 2624 671 a
2652 632 2758 671 me.
2802 614 2955 670 Modo
2987 614 3115 667 nihil
3145 613 3285 666 aliud
3337 612 3417 665 fa-

1850 711 2008 774 ciatn,
2040 719 2095 761 ttt
2119 725 2211 763 vos
2239 725 2341 762 non
2375 707 2827 771 scandalizemini,
2860 704 2960 758 nisi
3002 704 3251 771 accipiam
3302 720 3416 755 tnu-

1854 801 2062 862 lieretn,
2105 808 2365 867 quatenus
2410 812 2589 853 curam
2633 797 2854 852 habeam
2902 796 3111 855 domus,
3144 803 3193 847 et
3228 793 3412 846 faciam

1850 890 2020 944 malos
2044 889 2178 944 dies.
2227 890 2323 956 Qui
2366 892 2475 943 vult
2514 886 2878 949 scandalizari,
2924 885 3332 946 scandalizatur,
3364 895 3417 935 et

1850 982 1937 1036 det
1966 981 2191 1037 frontem
2225 983 2275 1036 in
2325 983 2597 1049 parietem.
2647 980 2779 1046 Quid
2833 978 2991 1033 vultis
3020 992 3086 1030 ex
3118 991 3201 1028 me
3225 974 3247 1027 ?
3274 973 3415 1026 Nun-

1850 1072 1974 1142 quid
2006 1073 2212 1141 judices
2248 1074 2518 1128 constituti
2548 1073 2673 1127 estis
2701 1087 2857 1138 super
2883 1085 2965 1122 me
2996 1084 3023 1121 a
3056 1066 3195 1121 Deo?
3225 1066 3319 1131 lte,
3348 1064 3416 1116 de

1852 1163 2000 1216 vobis
2030 1177 2209 1217 curam
2248 1162 2511 1223 habetote,
2542 1175 2634 1213 vos
2663 1173 2756 1226 pro
2788 1172 2872 1211 me
2910 1158 3018 1210 Deo
3049 1170 3153 1206 non
3184 1152 3416 1207 reddens

1852 1252 2131 1317 rationem.
2173 1251 2318 1307 Unus
2346 1261 2426 1305 est
2453 1251 2628 1319 juch,
2662 1258 2714 1303 et
2747 1255 2925 1301 sancta
2957 1245 3072 1299 dies
3095 1241 3297 1311 judicii,
3326 1240 3417 1306 qtti

1851 1345 2071 1412 singulis
2098 1343 2284 1398 reddet
2308 1343 2595 1397 secundum
2626 1354 2785 1409 opera
2816 1354 3021 1391 eorum.
3074 1334 3289 1388 Dicebat
3321 1348 3416 1385 an-

1855 1445 1958 1489 tem
2003 1435 2115 1489 haec
2152 1436 2406 1491 clamans.
2456 1434 2677 1501 Quidam
2718 1447 2844 1500 ergo
2885 1430 3127 1485 ecclesiae
3168 1425 3415 1480 defenso-

1853 1540 1995 1587 rum,
2030 1525 2142 1579 haae
2171 1526 2435 1578 multoties
2463 1525 2738 1577 audientes
2772 1523 2837 1575 ab
2873 1536 2954 1585 eo,
2987 1518 3288 1573 referebant
3325 1529 3417 1583 pa-

1855 1617 2097 1672 triarcha:
2141 1618 2278 1686 quod
2326 1617 2501 1670 flebat.
2534 1616 2674 1669 Deus
2701 1629 2827 1668 vero
2868 1615 3042 1667 sciens
3084 1609 3221 1680 quod
3256 1606 3419 1662 nollet

1856 1710 1942 1764 ille
1984 1720 2197 1763 sanctus
2240 1708 2509 1763 offendere
2556 1708 2796 1761 abbatem
2849 1705 3112 1767 Vitalium,
3154 1697 3419 1756 induravit

1855 1817 1947 1856 cor
1977 1802 2112 1871 ejus,
2159 1819 2225 1857 ne
2262 1802 2504 1857 crederet
2538 1802 2635 1854 eis.
2681 1798 3075 1853 Recordabatur
3116 1795 3256 1848 enim
3298 1799 3422 1844 ante

184 1906 322 1976 quit,
355 1905 511 1960 facies
533 1904 678 1959 fratri
709 1914 818 1970 tuo,
840 1904 986 1973 juxta
1011 1904 1151 1972 quod
1175 1902 1410 1971 possidet
1431 1917 1615 1955 manus
1638 1911 1747 1963 tua,
1784 1902 1829 1960 Β
1858 1892 2132 1946 memorati
2173 1894 2397 1947 eunuchi
2423 1911 2436 1959 ;
2481 1892 2573 1946 sed
2618 1890 2910 1958 increpavit
2948 1888 3298 1976 vehementer
3326 1897 3421 1937 eos

188 2012 294 2051 non
326 2010 390 2050 ex
421 1996 503 2049 his
532 2010 647 2062 qnze
673 2010 741 2049 ex
777 1995 869 2049 lite
889 2004 943 2048 et
971 1993 1318 2048 contentione
1345 2000 1400 2046 et
1424 1991 1489 2045 ab
1512 1991 1755 2059 injuriam

186 2102 346 2158 passo
370 2086 698 2140 auferuntur.

255 2181 385 2236 CAP.
429 2179 646 2234 XXXV.
685 2209 753 2219 —
793 2178 966 2235 Senex
1017 2179 1226 2249 quidam
1277 2192 1538 2248 magnus,
1606 2176 1756 2247 quasi

183 2289 444 2327 annorum
475 2272 767 2343 sexaginta,
814 2271 1034 2325 audiens
1082 2271 1213 2325 tales
1254 2285 1341 2325 res
1388 2269 1543 2337 beati,
1596 2267 1759 2323 voluit

186 2374 394 2421 tentare
420 2380 560 2429 eum,
591 2364 635 2418 si
664 2371 844 2432 posset
873 2363 1048 2417 verbis
1078 2362 1313 2425 suaderi,
1342 2370 1399 2417 et
1435 2364 1498 2415 ad
1530 2361 1756 2417 scanda-

187 2453 300 2507 lum
342 2454 493 2509 facile
540 2454 815 2519 inclinari,
845 2463 899 2508 et
930 2462 985 2507 ut
1025 2452 1277 2523 contigit,
1308 2455 1352 2509 si
1382 2455 1759 2508 condemnaret

185 2547 440 2614 aliquem.
506 2549 570 2601 Et
617 2547 862 2602 habitans
901 2548 1048 2617 prius
1092 2549 1145 2602 in
1189 2548 1512 2603 monasterio
1551 2548 1757 2603 abbatis

187 2638 460 2693 Seridonis
489 2637 627 2708 (75),
657 2639 785 2693 exiit
814 2646 867 2693 et
893 2638 1038 2693 venit
1066 2639 1435 2694 Alexandriam
1459 2657 1471 2704 ;
1519 2649 1574 2694 et
1596 2640 1760 2701 sumit

183 2731 644 2787 conversationem
677 2729 978 2786 hominibus
1005 2730 1216 2800 quidem
1259 2730 1756 2801 reprehensibilem,

185 2820 285 2877 sed
315 2822 423 2877 Deo
455 2832 678 2891 gratam,
710 2822 797 2893 qui
836 2822 925 2876 dat
957 2822 1037 2893 (ut
1073 2822 1150 2877 ait
1181 2822 1366 2892 David)
1412 2823 1633 2891 singulis
1675 2837 1759 2878 se-

186 2914 419 2968 rundum
466 2928 559 2969 cor
604 2928 787 2969 eorum
835 2912 1003 2984 (Paul.
1050 2915 1187 2983 ιιι).
1231 2914 1538 2984 Ingrediens
1584 2915 1760 2984 itaque

182 3004 479 3071 civitatein,
516 3006 699 3061 scribit
724 3020 912 3061 omnes
936 3021 1053 3073 quae
1084 3014 1222 3061 nota:
1252 3014 1406 3062 erant
1432 3006 1759 3070 meretrices,

184 3107 246 3152 et
276 3097 437 3165 coepit
464 3097 701 3153 laborare
737 3098 1012 3166 epuscula,
1040 3106 1095 3152 et
1128 3098 1370 3164 accipere
1403 3112 1498 3165 per
1526 3097 1761 3167 singulos

186 3188 307 3243 dies
335 3186 577 3257 siliquam
604 3202 781 3241 uuam.
807 3176 937 3242 Cum
968 3203 1096 3257 ergo
1126 3188 1465 3243 occumberet
1485 3187 1586 3253 sol,
1619 3204 1763 3245 man-

1861 1983 1949 2048 qui
1980 1991 2161 2035 contra
2187 1982 2432 2037 Vitalium
2462 1984 2703 2037 abbatem
2735 1979 3118 2035 accusationem
3149 1976 3197 2030 ei
3231 1975 3420 2028 aff‘re-

1858 2075 2004 2141 bant,
2038 2076 2221 2129 dicens
2256 2076 2320 2129 ad
2348 2089 2439 2129 eos
2471 2092 2484 2127 :
2519 2076 2786 2141 Quiescite
2820 2085 3071 2126 accusare
3112 2068 3419 2121 monachos.

1855 2171 1937 2223 An
1980 2169 2193 2222 nescitis
2218 2166 2357 2235 quod
2398 2167 2535 2220 circa
2576 2174 2772 2219 sanctae
2812 2163 3081 2217 memorias
3122 2156 3425 2213 Constanti-

1858 2276 1981 2315 num
2013 2262 2124 2331 (77)
2154 2261 2524 2329 imperatorem
2571 2265 2746 2310 actum
2784 2255 2970 2319 fuisse,
3001 2249 3426 2318 conscriptiones

1856 2369 1975 2425 qute
1999 2355 2063 2407 de
2094 2368 2158 2408 eo
2194 2353 2439 2420 leguntur
2481 2347 2823 2403 contineant?
2867 2342 3149 2410 Quoniam,
3180 2340 3273 2402 ait,
3310 2337 3425 2405 qui-

1856 2447 1977 2501 datu
2008 2460 2110 2499 non
2152 2446 2396 2497 timentes
2428 2441 2611 2505 Deum,
2645 2453 2763 2492 eum
2805 2435 3166 2505 celebraretur
3192 2426 3424 2484 secunda

1855 2536 2101 2609 Synodus
2130 2536 2181 2590 iu
2208 2534 2382 2589 Niczea
2412 2529 2548 2604 (78),
2590 2534 2867 2598 coeperunt
2894 2533 3077 2579 contra
3119 2536 3177 2575 se
3206 2520 3334 2574 dare
3374 2518 3427 2572 iu

1856 2631 2069 2699 scriptis
2109 2628 2276 2682 famas
2330 2636 2509 2693 turpes
2550 2624 2703 2678 beato
2732 2621 2804 2675 illi
2848 2615 3179 2686 imperatori,
3209 2611 3424 2683 quidam

1858 2722 2037 2777 clerici
2064 2721 2276 2791 quidem
2306 2718 2623 2782 existentes,
2654 2713 2865 2785 quidam
2896 2708 3163 2769 monachi,
3186 2715 3239 2761 et
3263 2705 3327 2759 ad
3356 2704 3429 2755 fa-

1858 2815 1993 2870 ciem
2017 2813 2285 2868 adducens
2315 2818 2527 2867 sanctus
2548 2808 2640 2863 Dei
2662 2804 3033 2861 Constantinus
3063 2808 3426 2855 accusatorem

1860 2914 1914 2960 et
1940 2912 2266 2968 accusatum,
2295 2910 2574 2968 utrumque
2619 2896 2839 2953 audivit.
2891 2894 3097 2949 Etcum
3142 2888 3431 2944 invenisset

1860 2995 2054 3050 multas
2092 2993 2274 3048 talium
2303 2990 2734 3046 criminationum
2792 3001 2943 3041 veras
2996 2996 3147 3045 esse,
3205 2976 3431 3031 afferens

1860 3088 2133 3142 ardentem
2172 3099 2384 3139 cereum
2407 3123 2423 3149 ,
2456 3081 2689 3136 incendit
2709 3091 2894 3133 omnes
2921 3091 3036 3145 quae
3058 3074 3192 3127 datae
3215 3078 3337 3123 sunt
3379 3067 3431 3119 ia

1862 3180 2076 3248 scriptis
2118 3176 2288 3230 malas
2327 3175 2635 3242 opiniones,
2687 3171 2909 3225 dicens:
2936 3166 3075 3221 Vere
3115 3165 3159 3218 si
3206 3160 3432 3231 propriis

187 3280 421 3336 ducabat
446 3282 597 3335 unius
625 3280 749 3336 terei
780 3281 985 3349 lupinus
1011 3280 1147 3349 (76),
1170 3290 1223 3334 et
1252 3279 1481 3336 intrabat
1510 3280 1575 3335 ad
1603 3296 1761 3335 unam
1790 3268 1838 3329 Ο
1868 3271 2036 3325 oculis
2064 3266 2312 3322 Vidissem
2354 3264 2682 3320 Sacerdotem
2707 3260 2823 3327 θεῖ,
2851 3259 2933 3338 δἐι
2974 3259 3199 3325 aliquem
3248 3267 3431 3307 εοτυιη

190 3372 554 3439 meretricum,
583 3382 635 3427 et
662 3372 821 3427 dabat
854 3375 901 3427 ei
938 3388 1106 3428 aereus
1137 3388 1400 3440 nummos,
1441 3383 1495 3428 et
1523 3372 1760 3427 dicebat:

192 3462 343 3517 Dooa
372 3463 497 3516 mihi
526 3472 733 3517 noctem
766 3464 941 3527 istam,
976 3473 1030 3519 et
1058 3464 1163 3519 noli
1197 3465 1465 3521 fornicari.
1497 3465 1561 3519 Et
1587 3480 1768 3520 mane-

193 3557 286 3610 bat
312 3555 458 3625 jnxta
487 3569 603 3609 eam
642 3566 796 3611 nocte
825 3559 931 3623 illa,
968 3559 1257 3614 observans
1285 3576 1401 3614 eam
1434 3576 1501 3615 ne
1533 3559 1764 3614 fornica-

194 3656 367 3702 retur.
422 3647 608 3702 Stabat
636 3663 759 3717 ergo
802 3663 831 3701 a
859 3664 1078 3719 vespere
1119 3651 1172 3705 in
1210 3667 1314 3706 uno
1343 3653 1536 3722 angulo
1564 3653 1768 3708 cellulae

196 3737 290 3792 ubi
314 3737 613 3792 dormiebat
655 3738 865 3801 mulier,
911 3741 1140 3808 psallens
1183 3753 1235 3796 et
1263 3758 1421 3797 orans
1461 3759 1555 3811 pro
1592 3760 1675 3807 ea,
1718 3753 1771 3800 et

197 3827 418 3881 mittens
443 3828 840 3898 gennllexiones
879 3845 1042 3899 usque
1071 3832 1136 3886 ad
1177 3847 1455 3899 auroram;
1486 3843 1539 3887 et
1565 3839 1768 3897 exiens,

198 3918 497 3987 accipiebat
521 3919 739 3976 verbum
771 3921 838 3975 ab
861 3922 946 3976 illa
970 3923 1107 3989 quod
1134 3923 1262 3977 nulli
1285 3923 1486 3979 diceret
1510 3927 1770 3980 actionem

198 4007 340 4077 ejus.
376 4008 447 4063 lta
491 4010 676 4080 agebat
702 4026 933 4080 semper,
963 4027 1237 4082 quousque
1270 4025 1374 4067 una
1402 4028 1581 4068 earum
1607 4017 1775 4068 mani-

202 4102 416 4156 festavit
455 4105 611 4157 vitam
657 4102 794 4174 ejus,
825 4108 965 4176 quod
1015 4123 1141 4172 non,
1188 4118 1244 4163 ut
1277 4108 1644 4177 fornicaretur,
1695 4110 1778 4164 in-

206 4200 371 4247 traret
397 4193 461 4247 ad
488 4208 600 4257 eas,
625 4195 717 4250 sed
752 4204 808 4250 ut
832 4197 1081 4252 salvaret.
1111 4199 1293 4253 Oravit
1321 4214 1505 4265 senex,
1532 4208 1583 4252 et
1613 4200 1777 4267 erepit

206 4284 401 4338 mulier
431 4299 459 4337 a
488 4284 752 4339 daemonio
782 4289 981 4353 vexari,
1012 4299 1065 4343 ut
1098 4305 1189 4357 per
1219 4289 1359 4344 illaut
1390 4302 1596 4345 uetera:
1624 4290 1777 4347 time-

208 4386 364 4441 rent,
398 4385 451 4431 et
478 4391 582 4430 non
614 4378 1012 4435 manifestarent
1044 4397 1163 4435 eum
1207 4384 1348 4436 omni
1392 4392 1628 4451 tempore
1660 4385 1779 4437 vitae

208 4467 345 4537 ejus.
371 4467 628 4524 Dicebant
653 4485 779 4539 ergo
799 4472 1013 4540 quidam
1044 4473 1092 4527 ei
1123 4488 1240 4543 quae
1270 4489 1297 4526 a
1329 4473 1591 4528 dwmonio
1615 4490 1779 4530 vexa-

214 4546 565 4624 batur:Quid
593 4560 711 4614 est?
742 4560 992 4615 Reddidit
1033 4563 1123 4616 tibi
1154 4563 1291 4619 Deus
1338 4564 1585 4634 quoniam
1636 4580 1783 4619 men-

212 4651 307 4703 tita
341 4663 419 4703 es.
450 4649 519 4704 Ut
547 4649 838 4706 fornicetnr
872 4656 1010 4707 enim
1053 4653 1345 4724 ingreditur
1375 4655 1635 4721 pessimus
1661 4657 1780 4721 iste,

212 4752 267 4800 et
298 4756 400 4795 non
435 4752 515 4796 est
559 4742 701 4797 aliud
744 4744 962 4812 aliquid.
995 4744 1117 4807 Jarn
1142 4745 1283 4798 enim
1315 4755 1367 4799 et
1397 4758 1608 4800 sanctus
1636 4747 1785 4801 Vita-

215 4838 319 4892 lius
363 4838 487 4909 (hoc
532 4839 727 4906 quippe
776 4850 967 4888 nomen
1016 4842 1131 4887 erat
1170 4836 1241 4903 ei)
1289 4836 1474 4889 volens
1516 4837 1785 4890 hominum

214 4929 435 4999 gloriam
466 4927 664 4996 fugere,
697 4936 749 4981 et
776 4927 981 4980 animas
1019 4940 1047 4979 a
1081 4927 1309 4981 tenebris
1338 4942 1613 4993 revocare,
1645 4927 1790 4982 dice-

219 5022 311 5074 bat
338 5020 673 5074 audientibus
713 5020 937 5084 cunctis,
969 5034 1087 5072 cum
1120 5019 1381 5073 laboraret
1426 5021 1478 5073 in
1505 5035 1691 5088 Opere,
1734 5028 1792 5075 et

218 5112 450 5166 solveret
479 5110 686 5179 vesperi
712 5125 725 5163 :
754 5110 945 5164 Eamus
977 5110 1155 5173 modo,
1184 5110 1397 5163 domina
1445 5112 1561 5164 talis
1603 5126 1793 5180 exspe-

219 5212 329 5259 ctat
358 5217 471 5259 nos.
506 5201 603 5256 Ubi
640 5215 766 5271 ergo
789 5210 903 5254 erat
929 5201 1060 5255 ordo
1094 5201 1301 5269 ipsius?
1331 5201 1507 5256 Multis
1535 5216 1662 5267 ergo
1689 5201 1794 5255 cri-

221 5291 547 5348 minantibus
581 5303 635 5348 et
673 5293 1014 5348 illudentibus
1042 5293 1110 5359 ei,
1143 5292 1348 5347 dicebat
1383 5292 1667 5361 :Nunqnid
1696 5307 1795 5360 ego

225 5400 331 5441 non
374 5386 541 5440 vestio
581 5399 773 5453 corpus
824 5393 881 5437 ut
928 5387 1152 5440 omnes?
1201 5387 1301 5441 Aut
1349 5386 1621 5439 monachis
1667 5386 1796 5440 solis

224 5476 395 5531 iratus
420 5486 501 5531 est
526 5475 698 5529 Drusi
732 5475 865 5530 Vere
888 5483 941 5529 et
969 5475 1066 5541 ipsi
1094 5477 1334 5531 homines
1360 5485 1485 5531 sunt
1510 5486 1565 5530 ut
1591 5492 1795 5532 omnes.

226 5568 449 5623 Dicebat
476 5570 649 5635 itaque
676 5568 723 5621 ei
753 5567 964 5637 quidam
1007 5586 1019 5620 :
1065 5569 1259 5639 Accipe
1288 5570 1383 5624 tibi
1415 5584 1569 5624 unam
1604 5570 1797 5624 mulie-

226 5676 364 5725 rem,
396 5662 548 5725 abha,
578 5670 630 5715 et
660 5671 801 5714 muta
834 5660 1090 5715 vestimen
1120 5677 1204 5713 um
1248 5671 1415 5728 tuum,
1447 5673 1496 5716 ut
1530 5678 1633 5716 non
1665 5663 1800 5717 blas-

230 5752 513 5819 phemetur
558 5753 695 5807 Deus
740 5767 833 5821 per
880 5759 971 5812 te,
1026 5762 1080 5806 et
1126 5752 1344 5807 habebis
1384 5754 1637 5823 judicium
1684 5770 1799 5823 qum

230 5844 657 5901 scandalizentur
677 5847 992 5900 animarum.
1020 5849 1085 5900 At
1115 5845 1201 5901 ille
1224 5846 1570 5915 respondebat
1594 5847 1672 5901 eis
1699 5850 1799 5902 ite-

1867 3359 1958 3430 qui
1987 3356 2296 3412 monachico
2327 3355 2507 3408 habitu
2539 3349 2917 3406 circumatnicti
2940 3356 3081 3410 sunt,
3101 3352 3429 3414 peccantem,

1867 3448 2202 3519 chlamydem
2228 3460 2397 3501 meam
2419 3441 2759 3510 explicarem,
2782 3447 2835 3494 et
2854 3438 3179 3507 cooperirem
3200 3448 3344 3496 eum,
3369 3446 3436 3483 ne

1870 3542 1938 3596 ab
1964 3542 2144 3610 aliquo
2170 3537 2459 3592 videretur.
2492 3534 2621 3589 Nam
2647 3544 2699 3587 et
2721 3533 2774 3586 in
2801 3545 3010 3585 servum
3039 3527 3129 3581 Dei
3161 3525 3332 3591 illum,
3361 3524 3437 3573 vi-

1870 3636 2061 3691 delicet
2103 3631 2433 3694 eunuchum,
2477 3628 2545 3682 ita
2568 3628 2807 3695 putastis,
2845 3633 2898 3678 et
2922 3622 3139 3677 misistis
3162 3632 3247 3672 me
3286 3625 3437 3670 extra

1870 3728 2029 3789 viam,
2056 3733 2112 3779 et
2141 3723 2239 3776 feci
2280 3723 2467 3775 anima:
2509 3734 2640 3773 mere
2678 3724 2949 3786 peccatum
2992 3725 3258 3781 maguum.
3298 3710 3439 3761 Con-

1873 3820 2097 3875 fundens
2138 3833 2265 3887 ergo
2304 3831 2396 3872 eos
2437 3814 2679 3877 multum,
2724 3808 2972 3864 absolvit.
3022 3807 3215 3861 Servus
3260 3811 3438 3855 autem

1878 3912 1969 3965 Dei
1998 3910 2221 3964 Vitalius
2249 3924 2279 3962 a
2307 3907 2515 3976 propria
2556 3903 2863 3973 operatione
2891 3914 2995 3953 non
3035 3896 3295 3950 cessabat.
3339 3892 3439 3945 De-

1876 4001 2192 4068 precabatur
2253 4013 2379 4067 ergo
2422 4006 2481 4049 ut
2523 3994 2836 4064 quibusdam
2889 3998 3007 4059 post
3057 3998 3277 4042 mortem
3326 3982 3441 4050 ejus

1870 4087 1926 4145 in
2000 4091 2207 4146 somnis
2274 4089 2643 4145 manifestaret
2710 4086 2886 4148 Deus,
2989 4089 3173 4133 utnon
3219 4077 3441 4143 imputa-

1878 4191 2022 4237 retur
2060 4181 2112 4234 in
2142 4188 2412 4249 peccatum
2446 4178 2527 4231 his
2556 4177 2643 4246 qui
2675 4174 3165 4233 scandalizabantur
3206 4172 3256 4223 in
3300 4184 3443 4228 eum.

1878 4285 1943 4328 eo
1981 4269 2121 4341 quod
2165 4283 2278 4323 rem
2319 4282 2475 4334 quam
2519 4266 2708 4334 agebat
2749 4263 2986 4317 dicerent
3034 4258 3284 4313 seandalo
3328 4271 3448 4311 esse

1884 4364 2135 4433 plenam,
2195 4369 2249 4415 et
2299 4374 2402 4413 non
2452 4357 2674 4411 haberet
2725 4354 2882 4406 homo
2927 4349 3128 4422 peccati
3189 4346 3442 4413 judicium

1883 4470 1950 4510 ex
1977 4471 2062 4519 ea,
2086 4451 2337 4523 quidquid
2367 4452 2571 4504 locutus
2600 4446 2800 4501 fuisset.
2836 4444 3027 4498 Multas
3055 4441 3210 4508 igitur
3236 4437 3301 4491 de
3333 4436 3450 4489 tali-

1887 4550 1985 4600 bus
2014 4543 2321 4599 mulieribus
2360 4541 2413 4595 in
2444 4536 2901 4607 compunctionem
2944 4530 3150 4586 induxit
3180 4537 3292 4582 haec
3317 4542 3449 4593 ope-

1810 4627 1864 4688 D
1888 4635 2022 4693 ratio
2060 4635 2194 4704 ejus,
2237 4643 2291 4688 et
2334 4632 2569 4686 maxime
2606 4627 2817 4697 quando
2848 4623 3096 4678 videbant
3133 4635 3253 4673 eum
3299 4626 3453 4672 nocte

1888 4726 2259 4783 extendentem
2302 4734 2487 4775 manus
2530 4728 2584 4773 et
2623 4730 2860 4771 orantem
2891 4730 2987 4785 pro
3017 4725 3327 4780 unaquaque
3356 4721 3449 4761 ea-

1889 4834 2051 4873 rum:
2084 4828 2294 4886 propter
2339 4815 2475 4885 quod
2522 4814 2760 4882 qumdam
2808 4823 2989 4862 earum
3036 4820 3065 4857 a
3114 4802 3454 4859 fornicatione

1890 4910 2200 4972 cessabant;
2222 4906 2464 4977 quaedam
2491 4917 2618 4957 vero
2646 4899 2974 4968 accipiebant
3002 4896 3167 4958 viros,
3193 4902 3247 4947 et
3270 4890 3458 4959 pudice

1893 5002 2374 5062 conversabantur;
2437 4996 2675 5064 quaedam
2720 5006 2846 5045 vero
2895 4998 2950 5044 et
2993 4986 3166 5041 modis
3213 4982 3457 5038 omnibus

1898 5093 2151 5149 mundum
2191 5091 2571 5157 relinquentes,
2621 5084 2941 5154 singularem
2973 5081 3133 5133 vitam
3171 5075 3455 5132 ducebant.

1896 5189 2081 5244 Nullus
2113 5196 2288 5250 tamen
2319 5181 2473 5237 scivit
2498 5194 2664 5247 usque
2689 5178 2753 5232 ad
2775 5177 2890 5246 ejus
2914 5174 3290 5229 dormitionem
3317 5167 3455 5237 quod

1898 5280 2067 5351 ipsius
2096 5275 2452 5332 admonitione
2478 5283 2532 5328 et
2560 5272 2798 5327 oratione
2839 5267 3117 5338 impudica:
3145 5261 3463 5319 muliercula:

1898 5384 1930 5424 a
1960 5368 2310 5425 fornicatione
2336 5373 2627 5420 cessarent.

1977 5478 2128 5534 Unde
2148 5474 2375 5546 quodam
2415 5474 2501 5529 die
2532 5482 2762 5527 exeunte
2787 5483 2852 5523 eo
2882 5482 2911 5522 a
2941 5465 3107 5537 prima
3141 5460 3320 5515 talium
3352 5472 3469 5511 mu-

1906 5568 2093 5623 lierum
2119 5567 2374 5630 diluculo,
2414 5564 2591 5619 obviat
2628 5561 2674 5615 ei
2702 5561 2913 5628 quidam
2943 5558 3100 5609 homo
3140 5550 3467 5609 immundus,

1906 5660 2110 5712 intrans
2155 5656 2219 5711 ad
2266 5652 2629 5711 fornicandum
2677 5665 2798 5705 cum
2846 5662 2944 5708 ea;
2988 5653 3041 5701 et
3087 5657 3204 5697 cum
3251 5638 3472 5695 vidisset

1906 5763 2145 5806 sanctum
2180 5749 2424 5803 Vitalium
2457 5761 2521 5800 ex
2564 5759 2623 5799 ea
2670 5741 3053 5813 egredientem,
3085 5736 3229 5792 dedit
3267 5734 3317 5787 ei
3364 5732 3472 5784 ala-

1906 5859 2028 5914 pam
2059 5842 2112 5896 in
2149 5840 2357 5905 faciem,
2402 5838 2583 5894 dicens
2628 5836 2692 5891 ad
2715 5849 2833 5890 eum
2863 5848 2876 5886 :
2911 5830 3218 5901 Usquequo,
3246 5822 3474 5891 pessime
