  <div class='ocr_page' id='page_1' title='image "/cluster/home/n/w/nwhite01/storage/ocr_20150623/93/hvd.32044019208040/831.png"; bbox 0 0 4034 6406; ppageno 0'>
   <div class='ocr_carea' id='block_1_1' title="bbox 548 399 687 456">
    <p class='ocr_par' dir='ltr' id='par_1_1' title="bbox 548 399 687 456">
     <span class='ocr_line' id='line_1_1' title="bbox 548 399 687 456; baseline -0.014 -1"><span class='ocrx_word' id='word_1_1' title='bbox 548 399 687 456; x_wconf 71' lang='grc'><strong>1647</strong></span> 
     </span>
    </p>
   </div>
   <div class='ocr_carea' id='block_1_2' title="bbox 1618 401 2751 463">
    <p class='ocr_par' dir='ltr' id='par_1_2' title="bbox 1618 401 2751 463">
     <span class='ocr_line' id='line_1_2' title="bbox 1618 401 2751 463; baseline -0.002 -3"><span class='ocrx_word' id='word_1_2' title='bbox 1618 401 1895 460; x_wconf 79' lang='lat' dir='ltr'><strong>LEONTII</strong></span> <span class='ocrx_word' id='word_1_3' title='bbox 1935 403 1977 457; x_wconf 85' lang='lat' dir='ltr'><strong>N</strong></span> <span class='ocrx_word' id='word_1_4' title='bbox 1990 402 2398 461; x_wconf 78' lang='lat' dir='ltr'><strong>EAPOLITANI</strong></span> <span class='ocrx_word' id='word_1_5' title='bbox 2441 403 2751 463; x_wconf 64' lang='lat' dir='ltr'><strong>EPISCOI’I</strong></span> 
     </span>
    </p>
   </div>
   <div class='ocr_carea' id='block_1_3' title="bbox 3676 409 3823 464">
    <p class='ocr_par' dir='ltr' id='par_1_3' title="bbox 3676 409 3823 464">
     <span class='ocr_line' id='line_1_3' title="bbox 3676 409 3823 464; baseline 0.007 -1"><span class='ocrx_word' id='word_1_6' title='bbox 3676 409 3823 464; x_wconf 75' lang='lat' dir='ltr'><strong>IGIS</strong></span> 
     </span>
    </p>
   </div>
   <div class='ocr_carea' id='block_1_4' title="bbox 562 514 3796 591">
    <p class='ocr_par' dir='ltr' id='par_1_4' title="bbox 562 514 3796 591">
     <span class='ocr_line' id='line_1_4' title="bbox 562 514 3796 591; baseline 0.006 -29"><span class='ocrx_word' id='word_1_7' title='bbox 562 514 744 571; x_wconf 75' lang='lat' dir='ltr'><strong>inusor</strong></span> <span class='ocrx_word' id='word_1_8' title='bbox 763 514 986 584; x_wconf 75' lang='lat' dir='ltr'><strong>Christi,</strong></span> <span class='ocrx_word' id='word_1_9' title='bbox 1018 534 1124 575; x_wconf 89' lang='lat' dir='ltr'><strong>non</strong></span> <span class='ocrx_word' id='word_1_10' title='bbox 1148 522 1397 576; x_wconf 86' lang='lat' dir='ltr'><strong>emendas</strong></span> <span class='ocrx_word' id='word_1_11' title='bbox 1430 530 1478 574; x_wconf 91' lang='lat' dir='ltr'><strong>te</strong></span> <span class='ocrx_word' id='word_1_12' title='bbox 1505 520 1570 574; x_wconf 88' lang='lat' dir='ltr'><strong>ab</strong></span> <span class='ocrx_word' id='word_1_13' title='bbox 1600 523 1680 577; x_wconf 90' lang='lat' dir='ltr'><strong>his</strong></span> <span class='ocrx_word' id='word_1_14' title='bbox 1708 524 1953 591; x_wconf 78' lang='lat' dir='ltr'><strong>nequitiis</strong></span> <span class='ocrx_word' id='word_1_15' title='bbox 1984 523 2123 578; x_wconf 84' lang='lat' dir='ltr'><strong>tuis?</strong></span> <span class='ocrx_word' id='word_1_16' title='bbox 2150 520 2201 580; x_wconf 77' lang='grc' dir='ltr'><strong>Δ</strong></span> <span class='ocrx_word' id='word_1_17' title='bbox 2228 519 2387 581; x_wconf 86' lang='lat' dir='ltr'><strong>Gaza,</strong></span> <span class='ocrx_word' id='word_1_18' title='bbox 2419 531 2468 575; x_wconf 89' lang='lat' dir='ltr'><strong>et</strong></span> <span class='ocrx_word' id='word_1_19' title='bbox 2492 524 2733 590; x_wconf 74' lang='lat' dir='ltr'><strong>suscepit</strong></span> <span class='ocrx_word' id='word_1_20' title='bbox 2773 524 3017 576; x_wconf 78' lang='lat' dir='ltr'><strong>cellulam</strong></span> <span class='ocrx_word' id='word_1_21' title='bbox 3066 525 3269 578; x_wconf 76' lang='lat' dir='ltr'><strong>abbatis</strong></span> <span class='ocrx_word' id='word_1_22' title='bbox 3298 525 3470 579; x_wconf 66' lang='lat' dir='ltr'><strong>Vitalii</strong></span> <span class='ocrx_word' id='word_1_23' title='bbox 3499 530 3796 581; x_wconf 77' lang='lat' dir='ltr'><strong>secundum</strong></span> 
     </span>
    </p>
   </div>
   <div class='ocr_carea' id='block_1_5' title="bbox 557 607 2114 683">
    <p class='ocr_par' dir='ltr' id='par_1_5' title="bbox 557 607 2114 683">
     <span class='ocr_line' id='line_1_5' title="bbox 557 607 2114 683; baseline 0.006 -23"><span class='ocrx_word' id='word_1_24' title='bbox 557 608 654 675; x_wconf 79' lang='lat' dir='ltr'><strong>Qui</strong></span> <span class='ocrx_word' id='word_1_25' title='bbox 706 607 840 664; x_wconf 81' lang='lat' dir='ltr'><strong>dixit</strong></span> <span class='ocrx_word' id='word_1_26' title='bbox 884 607 949 663; x_wconf 81' lang='lat' dir='ltr'><strong>ad</strong></span> <span class='ocrx_word' id='word_1_27' title='bbox 994 624 1163 664; x_wconf 88' lang='lat' dir='ltr'><strong>eum:</strong></span> <span class='ocrx_word' id='word_1_28' title='bbox 1205 610 1373 665; x_wconf 83' lang='lat' dir='ltr'><strong>Crede</strong></span> <span class='ocrx_word' id='word_1_29' title='bbox 1416 612 1579 677; x_wconf 87' lang='lat' dir='ltr'><strong>tnihi,</strong></span> <span class='ocrx_word' id='word_1_30' title='bbox 1635 614 1862 681; x_wconf 83' lang='lat' dir='ltr'><strong>accipies</strong></span> <span class='ocrx_word' id='word_1_31' title='bbox 1908 616 2114 683; x_wconf 83' lang='lat' dir='ltr'><strong>alapam</strong></span> 
     </span>
    </p>
   </div>
   <div class='ocr_carea' id='block_1_6' title="bbox 555 699 2119 775">
    <p class='ocr_par' dir='ltr' id='par_1_6' title="bbox 555 699 2119 775">
     <span class='ocr_line' id='line_1_6' title="bbox 555 699 2119 775; baseline 0.006 -23"><span class='ocrx_word' id='word_1_32' title='bbox 555 712 584 750; x_wconf 81' lang='lat' dir='ltr'><strong>a</strong></span> <span class='ocrx_word' id='word_1_33' title='bbox 620 715 705 754; x_wconf 88' lang='lat' dir='ltr'><strong>me</strong></span> <span class='ocrx_word' id='word_1_34' title='bbox 729 699 933 764; x_wconf 81' lang='lat' dir='ltr'><strong>humili,</strong></span> <span class='ocrx_word' id='word_1_35' title='bbox 971 709 1027 755; x_wconf 90' lang='lat' dir='ltr'><strong>ut</strong></span> <span class='ocrx_word' id='word_1_36' title='bbox 1056 710 1161 756; x_wconf 87' lang='lat' dir='ltr'><strong>tota</strong></span> <span class='ocrx_word' id='word_1_37' title='bbox 1186 702 1501 757; x_wconf 80' lang='lat' dir='ltr'><strong>Alexandria</strong></span> <span class='ocrx_word' id='word_1_38' title='bbox 1533 706 1805 775; x_wconf 81' lang='lat' dir='ltr'><strong>colligatur</strong></span> <span class='ocrx_word' id='word_1_39' title='bbox 1834 707 1898 759; x_wconf 89' lang='lat' dir='ltr'><strong>ad</strong></span> <span class='ocrx_word' id='word_1_40' title='bbox 1920 707 2119 761; x_wconf 89' lang='lat' dir='ltr'><strong>clamo-</strong></span> 
     </span>
    </p>
   </div>
   <div class='ocr_carea' id='block_1_7' title="bbox 560 794 2117 865">
    <p class='ocr_par' dir='ltr' id='par_1_7' title="bbox 560 794 2117 865">
     <span class='ocr_line' id='line_1_7' title="bbox 560 794 2117 865; baseline 0.006 -20"><span class='ocrx_word' id='word_1_41' title='bbox 560 807 647 848; x_wconf 87' lang='lat' dir='ltr'><strong>res</strong></span> <span class='ocrx_word' id='word_1_42' title='bbox 671 801 807 849; x_wconf 90' lang='lat' dir='ltr'><strong>tuos.</strong></span> <span class='ocrx_word' id='word_1_43' title='bbox 839 794 1077 850; x_wconf 73' lang='lat' dir='ltr'><strong>Nondum</strong></span> <span class='ocrx_word' id='word_1_44' title='bbox 1104 797 1247 851; x_wconf 89' lang='lat' dir='ltr'><strong>brch</strong></span> <span class='ocrx_word' id='word_1_45' title='bbox 1280 807 1514 864; x_wconf 87' lang='lat' dir='ltr'><strong>tempore</strong></span> <span class='ocrx_word' id='word_1_46' title='bbox 1556 805 1841 865; x_wconf 77' lang='lat' dir='ltr'><strong>transacto,</strong></span> <span class='ocrx_word' id='word_1_47' title='bbox 1868 800 2117 854; x_wconf 72' lang='lat' dir='ltr'><strong>dormivit</strong></span> 
     </span>
    </p>
   </div>
   <div class='ocr_carea' id='block_1_8' title="bbox 562 886 2116 955">
    <p class='ocr_par' dir='ltr' id='par_1_8' title="bbox 562 886 2116 955">
     <span class='ocr_line' id='line_1_8' title="bbox 562 886 2116 955; baseline 0.006 -19"><span class='ocrx_word' id='word_1_48' title='bbox 562 896 682 938; x_wconf 88' lang='lat' dir='ltr'><strong>cum</strong></span> <span class='ocrx_word' id='word_1_49' title='bbox 725 901 851 953; x_wconf 75' lang='lat' dir='ltr'><strong>pace</strong></span> <span class='ocrx_word' id='word_1_50' title='bbox 893 886 944 940; x_wconf 93' lang='lat' dir='ltr'><strong>in</strong></span> <span class='ocrx_word' id='word_1_51' title='bbox 987 889 1173 941; x_wconf 86' lang='lat' dir='ltr'><strong>cellula</strong></span> <span class='ocrx_word' id='word_1_52' title='bbox 1215 904 1307 943; x_wconf 90' lang='lat' dir='ltr'><strong>sua</strong></span> <span class='ocrx_word' id='word_1_53' title='bbox 1350 900 1566 945; x_wconf 81' lang='lat' dir='ltr'><strong>sanctus</strong></span> <span class='ocrx_word' id='word_1_54' title='bbox 1603 891 1843 955; x_wconf 83' lang='lat' dir='ltr'><strong>Vitalius,</strong></span> <span class='ocrx_word' id='word_1_55' title='bbox 1903 895 2116 945; x_wconf 87' lang='lat' dir='ltr'><strong>nemine</strong></span> 
     </span>
    </p>
   </div>
   <div class='ocr_carea' id='block_1_9' title="bbox 560 974 2117 1049">
    <p class='ocr_par' dir='ltr' id='par_1_9' title="bbox 560 974 2117 1049">
     <span class='ocr_line' id='line_1_9' title="bbox 560 974 2117 1049; baseline 0.004 -22"><span class='ocrx_word' id='word_1_56' title='bbox 560 974 761 1029; x_wconf 77' lang='lat' dir='ltr'><strong>sciente</strong></span> <span class='ocrx_word' id='word_1_57' title='bbox 788 976 1020 1031; x_wconf 87' lang='lat' dir='ltr'><strong>omnino.</strong></span> <span class='ocrx_word' id='word_1_58' title='bbox 1053 976 1286 1033; x_wconf 81' lang='lat' dir='ltr'><strong>Habebat</strong></span> <span class='ocrx_word' id='word_1_59' title='bbox 1321 979 1459 1033; x_wconf 91' lang='lat' dir='ltr'><strong>enim</strong></span> <span class='ocrx_word' id='word_1_60' title='bbox 1488 981 1639 1035; x_wconf 85' lang='lat' dir='ltr'><strong>valde</strong></span> <span class='ocrx_word' id='word_1_61' title='bbox 1668 981 1911 1049; x_wconf 84' lang='lat' dir='ltr'><strong>pusillam</strong></span> <span class='ocrx_word' id='word_1_62' title='bbox 1953 981 2117 1035; x_wconf 85' lang='lat' dir='ltr'><strong>cellu-</strong></span> 
     </span>
    </p>
   </div>
   <div class='ocr_carea' id='block_1_10' title="bbox 564 1064 2116 1140">
    <p class='ocr_par' dir='ltr' id='par_1_10' title="bbox 564 1064 2116 1140">
     <span class='ocr_line' id='line_1_10' title="bbox 564 1064 2116 1140; baseline 0.006 -23"><span class='ocrx_word' id='word_1_63' title='bbox 564 1064 687 1128; x_wconf 84' lang='lat' dir='ltr'><strong>lam,</strong></span> <span class='ocrx_word' id='word_1_64' title='bbox 717 1080 872 1132; x_wconf 81' lang='lat' dir='ltr'><strong>super</strong></span> <span class='ocrx_word' id='word_1_65' title='bbox 906 1066 1076 1120; x_wconf 88' lang='lat' dir='ltr'><strong>locum</strong></span> <span class='ocrx_word' id='word_1_66' title='bbox 1102 1070 1188 1136; x_wconf 89' lang='lat' dir='ltr'><strong>qui</strong></span> <span class='ocrx_word' id='word_1_67' title='bbox 1226 1070 1416 1124; x_wconf 88' lang='lat' dir='ltr'><strong>dicitur</strong></span> <span class='ocrx_word' id='word_1_68' title='bbox 1444 1071 1599 1125; x_wconf 81' lang='lat' dir='ltr'><strong>Porta</strong></span> <span class='ocrx_word' id='word_1_69' title='bbox 1643 1071 1768 1125; x_wconf 90' lang='lat' dir='ltr'><strong>solis</strong></span> <span class='ocrx_word' id='word_1_70' title='bbox 1797 1070 1933 1140; x_wconf 86' lang='lat'><strong>(79).</strong></span> <span class='ocrx_word' id='word_1_71' title='bbox 1966 1072 2116 1127; x_wconf 87' lang='lat' dir='ltr'><strong>Unde</strong></span> 
     </span>
    </p>
   </div>
   <div class='ocr_carea' id='block_1_11' title="bbox 561 1154 2116 1230">
    <p class='ocr_par' dir='ltr' id='par_1_11' title="bbox 561 1154 2116 1230">
     <span class='ocr_line' id='line_1_11' title="bbox 561 1154 2116 1230; baseline 0.006 -23"><span class='ocrx_word' id='word_1_72' title='bbox 561 1162 616 1208; x_wconf 87' lang='lat' dir='ltr'><strong>et</strong></span> <span class='ocrx_word' id='word_1_73' title='bbox 643 1154 968 1223; x_wconf 88' lang='lat' dir='ltr'><strong>plerumque,</strong></span> <span class='ocrx_word' id='word_1_74' title='bbox 1002 1172 1120 1211; x_wconf 90' lang='lat' dir='ltr'><strong>cum</strong></span> <span class='ocrx_word' id='word_1_75' title='bbox 1149 1160 1366 1214; x_wconf 90' lang='lat' dir='ltr'><strong>collecta</strong></span> <span class='ocrx_word' id='word_1_76' title='bbox 1396 1162 1754 1216; x_wconf 82' lang='lat' dir='ltr'><strong>celebraretur</strong></span> <span class='ocrx_word' id='word_1_77' title='bbox 1779 1162 1926 1230; x_wconf 90' lang='lat' dir='ltr'><strong>juxta</strong></span> <span class='ocrx_word' id='word_1_78' title='bbox 1954 1164 2116 1217; x_wconf 83' lang='lat' dir='ltr'><strong>cellu-</strong></span> 
     </span>
    </p>
   </div>
   <div class='ocr_carea' id='block_1_12' title="bbox 562 1244 2113 1326">
    <p class='ocr_par' dir='ltr' id='par_1_12' title="bbox 562 1244 2113 1326">
     <span class='ocr_line' id='line_1_12' title="bbox 562 1244 2113 1326; baseline 0.006 -27"><span class='ocrx_word' id='word_1_79' title='bbox 562 1244 664 1300; x_wconf 86' lang='lat' dir='ltr'><strong>lam</strong></span> <span class='ocrx_word' id='word_1_80' title='bbox 693 1247 807 1314; x_wconf 88' lang='lat' dir='ltr'><strong>ejus</strong></span> <span class='ocrx_word' id='word_1_81' title='bbox 842 1247 893 1299; x_wconf 91' lang='lat' dir='ltr'><strong>in</strong></span> <span class='ocrx_word' id='word_1_82' title='bbox 922 1251 1145 1305; x_wconf 89' lang='lat' dir='ltr'><strong>ecclesia</strong></span> <span class='ocrx_word' id='word_1_83' title='bbox 1186 1251 1363 1306; x_wconf 70' lang='lat' dir='ltr'><strong>Metra:</strong></span> <span class='ocrx_word' id='word_1_84' title='bbox 1391 1253 1523 1326; x_wconf 86' lang='lat'><strong>(80),</strong></span> <span class='ocrx_word' id='word_1_85' title='bbox 1567 1254 1938 1309; x_wconf 74' lang='lat' dir='ltr'><strong>convenientes</strong></span> <span class='ocrx_word' id='word_1_86' title='bbox 1967 1271 2113 1325; x_wconf 72' lang='lat' dir='ltr'><strong>qure—</strong></span> 
     </span>
    </p>
   </div>
   <div class='ocr_carea' id='block_1_13' title="bbox 559 1339 2112 1406">
    <p class='ocr_par' dir='ltr' id='par_1_13' title="bbox 559 1339 2112 1406">
     <span class='ocr_line' id='line_1_13' title="bbox 559 1339 2112 1406; baseline 0.006 -13"><span class='ocrx_word' id='word_1_87' title='bbox 559 1339 682 1395; x_wconf 86' lang='lat' dir='ltr'><strong>dam</strong></span> <span class='ocrx_word' id='word_1_88' title='bbox 722 1341 1147 1398; x_wconf 83' lang='lat' dir='ltr'><strong>muliercularum</strong></span> <span class='ocrx_word' id='word_1_89' title='bbox 1180 1344 1383 1406; x_wconf 87' lang='lat' dir='ltr'><strong>harum.</strong></span> <span class='ocrx_word' id='word_1_90' title='bbox 1415 1347 1477 1399; x_wconf 92' lang='lat' dir='ltr'><strong>ad</strong></span> <span class='ocrx_word' id='word_1_91' title='bbox 1516 1348 1794 1401; x_wconf 82' lang='lat' dir='ltr'><strong>alterutras</strong></span> <span class='ocrx_word' id='word_1_92' title='bbox 1836 1348 2112 1402; x_wconf 78' lang='lat' dir='ltr'><strong>dicebant:</strong></span> 
     </span>
    </p>
   </div>
   <div class='ocr_carea' id='block_1_14' title="bbox 560 1432 2114 1502">
    <p class='ocr_par' dir='ltr' id='par_1_14' title="bbox 560 1432 2114 1502">
     <span class='ocr_line' id='line_1_14' title="bbox 560 1432 2114 1502; baseline 0.004 -17"><span class='ocrx_word' id='word_1_93' title='bbox 560 1432 773 1500; x_wconf 78' lang='lat' dir='ltr'><strong>Eamus,</strong></span> <span class='ocrx_word' id='word_1_94' title='bbox 804 1449 1005 1502; x_wconf 88' lang='lat' dir='ltr'><strong>eamus,</strong></span> <span class='ocrx_word' id='word_1_95' title='bbox 1037 1437 1226 1491; x_wconf 88' lang='lat' dir='ltr'><strong>iterum</strong></span> <span class='ocrx_word' id='word_1_96' title='bbox 1266 1437 1426 1491; x_wconf 87' lang='lat' dir='ltr'><strong>abbas</strong></span> <span class='ocrx_word' id='word_1_97' title='bbox 1453 1437 1670 1491; x_wconf 85' lang='lat' dir='ltr'><strong>Vitalius</strong></span> <span class='ocrx_word' id='word_1_98' title='bbox 1698 1440 1972 1493; x_wconf 84' lang='lat' dir='ltr'><strong>collectam</strong></span> <span class='ocrx_word' id='word_1_99' title='bbox 2017 1439 2114 1491; x_wconf 89' lang='lat' dir='ltr'><strong>ha-</strong></span> 
     </span>
    </p>
   </div>
   <div class='ocr_carea' id='block_1_15' title="bbox 559 1523 2115 1596">
    <p class='ocr_par' dir='ltr' id='par_1_15' title="bbox 559 1523 2115 1596">
     <span class='ocr_line' id='line_1_15' title="bbox 559 1523 2115 1596; baseline 0.003 -19"><span class='ocrx_word' id='word_1_100' title='bbox 559 1523 664 1577; x_wconf 88' lang='lat' dir='ltr'><strong>bet.</strong></span> <span class='ocrx_word' id='word_1_101' title='bbox 692 1525 756 1577; x_wconf 87' lang='lat' dir='ltr'><strong>Et</strong></span> <span class='ocrx_word' id='word_1_102' title='bbox 776 1527 1106 1581; x_wconf 88' lang='lat' dir='ltr'><strong>venientibus</strong></span> <span class='ocrx_word' id='word_1_103' title='bbox 1133 1527 1230 1593; x_wconf 85' lang='lat' dir='ltr'><strong>eis,</strong></span> <span class='ocrx_word' id='word_1_104' title='bbox 1255 1528 1470 1581; x_wconf 86' lang='lat' dir='ltr'><strong>curabat</strong></span> <span class='ocrx_word' id='word_1_105' title='bbox 1494 1542 1602 1581; x_wconf 90' lang='lat' dir='ltr'><strong>eas.</strong></span> <span class='ocrx_word' id='word_1_106' title='bbox 1637 1528 1796 1596; x_wconf 90' lang='lat' dir='ltr'><strong>Igitur</strong></span> <span class='ocrx_word' id='word_1_107' title='bbox 1820 1527 2115 1583; x_wconf 85' lang='lat' dir='ltr'><strong>dormiente</strong></span> 
     </span>
    </p>
   </div>
   <div class='ocr_carea' id='block_1_16' title="bbox 555 1617 2115 1686">
    <p class='ocr_par' dir='ltr' id='par_1_16' title="bbox 555 1617 2115 1686">
     <span class='ocr_line' id='line_1_16' title="bbox 555 1617 2115 1686; baseline 0.002 -19"><span class='ocrx_word' id='word_1_108' title='bbox 555 1630 642 1678; x_wconf 87' lang='lat' dir='ltr'><strong>eo,</strong></span> <span class='ocrx_word' id='word_1_109' title='bbox 679 1625 735 1669; x_wconf 92' lang='lat' dir='ltr'><strong>nt</strong></span> <span class='ocrx_word' id='word_1_110' title='bbox 777 1618 1083 1685; x_wconf 67' lang='lat' dir='ltr'><strong>praedictum</strong></span> <span class='ocrx_word' id='word_1_111' title='bbox 1126 1627 1229 1683; x_wconf 89' lang='lat' dir='ltr'><strong>est,</strong></span> <span class='ocrx_word' id='word_1_112' title='bbox 1271 1618 1320 1671; x_wconf 88' lang='lat' dir='ltr'><strong>in</strong></span> <span class='ocrx_word' id='word_1_113' title='bbox 1369 1618 1576 1686; x_wconf 84' lang='lat' dir='ltr'><strong>propria</strong></span> <span class='ocrx_word' id='word_1_114' title='bbox 1624 1618 1829 1679; x_wconf 88' lang='lat' dir='ltr'><strong>cellula,</strong></span> <span class='ocrx_word' id='word_1_115' title='bbox 1878 1624 1931 1671; x_wconf 89' lang='lat' dir='ltr'><strong>et</strong></span> <span class='ocrx_word' id='word_1_116' title='bbox 1972 1617 2115 1670; x_wconf 91' lang='lat' dir='ltr'><strong>nullo</strong></span> 
     </span>
    </p>
   </div>
   <div class='ocr_carea' id='block_1_17' title="bbox 556 1707 2113 1778">
    <p class='ocr_par' dir='ltr' id='par_1_17' title="bbox 556 1707 2113 1778">
     <span class='ocr_line' id='line_1_17' title="bbox 556 1707 2113 1778; baseline 0.001 -19"><span class='ocrx_word' id='word_1_117' title='bbox 556 1708 775 1772; x_wconf 89' lang='lat' dir='ltr'><strong>sciente,</strong></span> <span class='ocrx_word' id='word_1_118' title='bbox 810 1724 925 1763; x_wconf 79' lang='lat' dir='ltr'><strong>mox</strong></span> <span class='ocrx_word' id='word_1_119' title='bbox 965 1708 1178 1778; x_wconf 62' lang='lat' dir='ltr'><strong>quidam</strong></span> <span class='ocrx_word' id='word_1_120' title='bbox 1231 1709 1435 1762; x_wconf 81' lang='lat' dir='ltr'><strong>daemon</strong></span> <span class='ocrx_word' id='word_1_121' title='bbox 1480 1718 1725 1777; x_wconf 86' lang='lat' dir='ltr'><strong>tanquam</strong></span> <span class='ocrx_word' id='word_1_122' title='bbox 1750 1708 1994 1775; x_wconf 62' lang='lat' dir='ltr'><strong>Ethiops</strong></span> <span class='ocrx_word' id='word_1_123' title='bbox 2022 1707 2113 1762; x_wconf 83' lang='lat' dir='ltr'><strong>de-</strong></span> 
     </span>
    </p>
   </div>
   <div class='ocr_carea' id='block_1_18' title="bbox 555 1796 2107 1867">
    <p class='ocr_par' dir='ltr' id='par_1_18' title="bbox 555 1796 2107 1867">
     <span class='ocr_line' id='line_1_18' title="bbox 555 1796 2107 1867; baseline 0.003 -18"><span class='ocrx_word' id='word_1_124' title='bbox 555 1796 757 1862; x_wconf 81' lang='lat' dir='ltr'><strong>formis,</strong></span> <span class='ocrx_word' id='word_1_125' title='bbox 791 1808 926 1852; x_wconf 80' lang='lat' dir='ltr'><strong>aStat</strong></span> <span class='ocrx_word' id='word_1_126' title='bbox 966 1800 1014 1853; x_wconf 86' lang='lat' dir='ltr'><strong>ei</strong></span> <span class='ocrx_word' id='word_1_127' title='bbox 1052 1800 1138 1867; x_wconf 88' lang='lat' dir='ltr'><strong>qui</strong></span> <span class='ocrx_word' id='word_1_128' title='bbox 1182 1800 1397 1854; x_wconf 87' lang='lat' dir='ltr'><strong>dederat</strong></span> <span class='ocrx_word' id='word_1_129' title='bbox 1433 1801 1638 1865; x_wconf 82' lang='lat' dir='ltr'><strong>alapam</strong></span> <span class='ocrx_word' id='word_1_130' title='bbox 1678 1799 1851 1853; x_wconf 86' lang='lat' dir='ltr'><strong>abbati</strong></span> <span class='ocrx_word' id='word_1_131' title='bbox 1893 1798 2107 1866; x_wconf 84' lang='lat' dir='ltr'><strong>Vitalio,</strong></span> 
     </span>
    </p>
   </div>
   <div class='ocr_carea' id='block_1_19' title="bbox 2222 612 3791 682">
    <p class='ocr_par' dir='ltr' id='par_1_19' title="bbox 2222 612 3791 682">
     <span class='ocr_line' id='line_1_19' title="bbox 2222 612 3791 682; baseline 0.006 -19"><span class='ocrx_word' id='word_1_132' title='bbox 2222 612 2399 677; x_wconf 84' lang='lat' dir='ltr'><strong>Iidem,</strong></span> <span class='ocrx_word' id='word_1_133' title='bbox 2441 624 2493 665; x_wconf 90' lang='lat' dir='ltr'><strong>et</strong></span> <span class='ocrx_word' id='word_1_134' title='bbox 2538 613 2589 665; x_wconf 92' lang='lat' dir='ltr'><strong>in</strong></span> <span class='ocrx_word' id='word_1_135' title='bbox 2630 627 2690 664; x_wconf 90' lang='lat' dir='ltr'><strong>ea</strong></span> <span class='ocrx_word' id='word_1_136' title='bbox 2724 620 3011 680; x_wconf 78' lang='lat' dir='ltr'><strong>permansit</strong></span> <span class='ocrx_word' id='word_1_137' title='bbox 3050 630 3215 682; x_wconf 91' lang='lat' dir='ltr'><strong>usque</strong></span> <span class='ocrx_word' id='word_1_138' title='bbox 3243 616 3305 667; x_wconf 88' lang='lat' dir='ltr'><strong>ad</strong></span> <span class='ocrx_word' id='word_1_139' title='bbox 3346 628 3571 671; x_wconf 86' lang='lat' dir='ltr'><strong>mortem</strong></span> <span class='ocrx_word' id='word_1_140' title='bbox 3615 634 3791 673; x_wconf 83' lang='lat' dir='ltr'><strong>suam.</strong></span> 
     </span>
    </p>
   </div>
   <div class='ocr_carea' id='block_1_20' title="bbox 2219 702 3794 778">
    <p class='ocr_par' dir='ltr' id='par_1_20' title="bbox 2219 702 3794 778">
     <span class='ocr_line' id='line_1_20' title="bbox 2219 702 3794 778; baseline 0.006 -25"><span class='ocrx_word' id='word_1_141' title='bbox 2219 702 2283 754; x_wconf 83' lang='lat' dir='ltr'><strong>Et</strong></span> <span class='ocrx_word' id='word_1_142' title='bbox 2306 704 2669 757; x_wconf 85' lang='lat' dir='ltr'><strong>sanetissimus</strong></span> <span class='ocrx_word' id='word_1_143' title='bbox 2704 706 3002 773; x_wconf 77' lang='lat' dir='ltr'><strong>patriarcha</strong></span> <span class='ocrx_word' id='word_1_144' title='bbox 3050 707 3236 759; x_wconf 85' lang='lat' dir='ltr'><strong>multas</strong></span> <span class='ocrx_word' id='word_1_145' title='bbox 3282 708 3481 775; x_wconf 71' lang='lat' dir='ltr'><strong>gratias</strong></span> <span class='ocrx_word' id='word_1_146' title='bbox 3516 710 3629 778; x_wconf 87' lang='lat' dir='ltr'><strong>egit</strong></span> <span class='ocrx_word' id='word_1_147' title='bbox 3660 716 3794 772; x_wconf 82' lang='lat' dir='ltr'><strong>Deo,</strong></span> 
     </span>
    </p>
   </div>
   <div class='ocr_carea' id='block_1_21' title="bbox 2217 794 3794 863">
    <p class='ocr_par' dir='ltr' id='par_1_21' title="bbox 2217 794 3794 863">
     <span class='ocr_line' id='line_1_21' title="bbox 2217 794 3794 863; baseline 0.005 -20"><span class='ocrx_word' id='word_1_148' title='bbox 2217 794 2334 858; x_wconf 80' lang='lat' dir='ltr'><strong>quia</strong></span> <span class='ocrx_word' id='word_1_149' title='bbox 2369 810 2469 847; x_wconf 91' lang='lat' dir='ltr'><strong>non</strong></span> <span class='ocrx_word' id='word_1_150' title='bbox 2500 794 2737 861; x_wconf 86' lang='lat' dir='ltr'><strong>permisit</strong></span> <span class='ocrx_word' id='word_1_151' title='bbox 2772 810 2894 850; x_wconf 81' lang='lat' dir='ltr'><strong>eum</strong></span> <span class='ocrx_word' id='word_1_152' title='bbox 2928 811 3145 863; x_wconf 85' lang='lat' dir='ltr'><strong>peccare</strong></span> <span class='ocrx_word' id='word_1_153' title='bbox 3178 798 3228 850; x_wconf 91' lang='lat' dir='ltr'><strong>in</strong></span> <span class='ocrx_word' id='word_1_154' title='bbox 3261 813 3474 851; x_wconf 72' lang='lat' dir='ltr'><strong>sertum</strong></span> <span class='ocrx_word' id='word_1_155' title='bbox 3516 816 3669 853; x_wconf 82' lang='lat' dir='ltr'><strong>suum</strong></span> <span class='ocrx_word' id='word_1_156' title='bbox 3705 802 3794 851; x_wconf 79' lang='lat' dir='ltr'><strong>\‘i-</strong></span> 
     </span>
    </p>
   </div>
   <div class='ocr_carea' id='block_1_22' title="bbox 2218 885 3790 945">
    <p class='ocr_par' dir='ltr' id='par_1_22' title="bbox 2218 885 3790 945">
     <span class='ocr_line' id='line_1_22' title="bbox 2218 885 3790 945; baseline 0.006 -10"><span class='ocrx_word' id='word_1_157' title='bbox 2218 885 2417 937; x_wconf 85' lang='lat' dir='ltr'><strong>talium.</strong></span> <span class='ocrx_word' id='word_1_158' title='bbox 2461 885 2609 939; x_wconf 80' lang='lat' dir='ltr'><strong>Multi</strong></span> <span class='ocrx_word' id='word_1_159' title='bbox 2647 896 2819 941; x_wconf 87' lang='lat' dir='ltr'><strong>autem</strong></span> <span class='ocrx_word' id='word_1_160' title='bbox 2866 888 3172 942; x_wconf 86' lang='lat' dir='ltr'><strong>multutnex</strong></span> <span class='ocrx_word' id='word_1_161' title='bbox 3209 898 3332 943; x_wconf 89' lang='lat' dir='ltr'><strong>tunc</strong></span> <span class='ocrx_word' id='word_1_162' title='bbox 3374 890 3426 942; x_wconf 90' lang='lat' dir='ltr'><strong>in</strong></span> <span class='ocrx_word' id='word_1_163' title='bbox 3463 891 3790 945; x_wconf 78' lang='lat' dir='ltr'><strong>Alexandria</strong></span> 
     </span>
    </p>
   </div>
   <div class='ocr_carea' id='block_1_23' title="bbox 2218 979 3784 1049">
    <p class='ocr_par' dir='ltr' id='par_1_23' title="bbox 2218 979 3784 1049">
     <span class='ocr_line' id='line_1_23' title="bbox 2218 979 3784 1049; baseline 0.004 -19"><span class='ocrx_word' id='word_1_164' title='bbox 2218 979 2524 1046; x_wconf 83' lang='lat' dir='ltr'><strong>profuerunt</strong></span> <span class='ocrx_word' id='word_1_165' title='bbox 2563 979 2682 1043; x_wconf 89' lang='lat' dir='ltr'><strong>sibi,</strong></span> <span class='ocrx_word' id='word_1_166' title='bbox 2716 989 2767 1032; x_wconf 90' lang='lat' dir='ltr'><strong>et</strong></span> <span class='ocrx_word' id='word_1_167' title='bbox 2806 980 3035 1049; x_wconf 84' lang='lat' dir='ltr'><strong>hospitio</strong></span> <span class='ocrx_word' id='word_1_168' title='bbox 3080 983 3405 1049; x_wconf 74' lang='lat' dir='ltr'><strong>recipiebant</strong></span> <span class='ocrx_word' id='word_1_169' title='bbox 3454 986 3784 1037; x_wconf 80' lang='lat' dir='ltr'><strong>mortachos:</strong></span> 
     </span>
    </p>
   </div>
   <div class='ocr_carea' id='block_1_24' title="bbox 2216 1070 3792 1144">
    <p class='ocr_par' dir='ltr' id='par_1_24' title="bbox 2216 1070 3792 1144">
     <span class='ocr_line' id='line_1_24' title="bbox 2216 1070 3792 1144; baseline 0.006 -22"><span class='ocrx_word' id='word_1_170' title='bbox 2216 1077 2271 1123; x_wconf 89' lang='lat' dir='ltr'><strong>et</strong></span> <span class='ocrx_word' id='word_1_171' title='bbox 2297 1070 2648 1124; x_wconf 87' lang='lat' dir='ltr'><strong>mouebantur</strong></span> <span class='ocrx_word' id='word_1_172' title='bbox 2691 1082 2745 1123; x_wconf 87' lang='lat' dir='ltr'><strong>ttt</strong></span> <span class='ocrx_word' id='word_1_173' title='bbox 2769 1088 2870 1125; x_wconf 89' lang='lat' dir='ltr'><strong>non</strong></span> <span class='ocrx_word' id='word_1_174' title='bbox 2895 1071 3339 1127; x_wconf 82' lang='lat' dir='ltr'><strong>condemnaretur</strong></span> <span class='ocrx_word' id='word_1_175' title='bbox 3376 1074 3567 1144; x_wconf 87' lang='lat' dir='ltr'><strong>aliquis</strong></span> <span class='ocrx_word' id='word_1_176' title='bbox 3612 1077 3677 1129; x_wconf 86' lang='lat' dir='ltr'><strong>ab</strong></span> <span class='ocrx_word' id='word_1_177' title='bbox 3706 1080 3792 1132; x_wconf 81' lang='lat' dir='ltr'><strong>eis</strong></span> 
     </span>
    </p>
   </div>
   <div class='ocr_carea' id='block_1_25' title="bbox 2216 1163 3787 1235">
    <p class='ocr_par' dir='ltr' id='par_1_25' title="bbox 2216 1163 3787 1235">
     <span class='ocr_line' id='line_1_25' title="bbox 2216 1163 3787 1235; baseline 0.004 -20"><span class='ocrx_word' id='word_1_178' title='bbox 2216 1163 2351 1215; x_wconf 91' lang='lat' dir='ltr'><strong>sicut</strong></span> <span class='ocrx_word' id='word_1_179' title='bbox 2378 1172 2645 1217; x_wconf 86' lang='lat' dir='ltr'><strong>evenerat.</strong></span> <span class='ocrx_word' id='word_1_180' title='bbox 2673 1164 2817 1218; x_wconf 83' lang='lat' dir='ltr'><strong>Fecit</strong></span> <span class='ocrx_word' id='word_1_181' title='bbox 2843 1174 3017 1219; x_wconf 90' lang='lat' dir='ltr'><strong>autem</strong></span> <span class='ocrx_word' id='word_1_182' title='bbox 3046 1176 3096 1219; x_wconf 88' lang='lat' dir='ltr'><strong>et</strong></span> <span class='ocrx_word' id='word_1_183' title='bbox 3128 1165 3381 1219; x_wconf 85' lang='lat' dir='ltr'><strong>sanitates</strong></span> <span class='ocrx_word' id='word_1_184' title='bbox 3410 1177 3528 1235; x_wconf 89' lang='lat' dir='ltr'><strong>post</strong></span> <span class='ocrx_word' id='word_1_185' title='bbox 3555 1178 3787 1221; x_wconf 79' lang='lat' dir='ltr'><strong>mortem</strong></span> 
     </span>
    </p>
   </div>
   <div class='ocr_carea' id='block_1_26' title="bbox 2218 1250 3793 1323">
    <p class='ocr_par' dir='ltr' id='par_1_26' title="bbox 2218 1250 3793 1323">
     <span class='ocr_line' id='line_1_26' title="bbox 2218 1250 3793 1323; baseline 0.003 -20"><span class='ocrx_word' id='word_1_186' title='bbox 2218 1250 2529 1305; x_wconf 89' lang='lat' dir='ltr'><strong>honorabile</strong></span> <span class='ocrx_word' id='word_1_187' title='bbox 2579 1266 2768 1306; x_wconf 90' lang='lat' dir='ltr'><strong>nomen</strong></span> <span class='ocrx_word' id='word_1_188' title='bbox 2818 1254 2985 1307; x_wconf 88' lang='lat' dir='ltr'><strong>sancti</strong></span> <span class='ocrx_word' id='word_1_189' title='bbox 3032 1253 3214 1307; x_wconf 91' lang='lat' dir='ltr'><strong>Vitalii</strong></span> <span class='ocrx_word' id='word_1_190' title='bbox 3262 1270 3357 1322; x_wconf 88' lang='lat' dir='ltr'><strong>per</strong></span> <span class='ocrx_word' id='word_1_191' title='bbox 3400 1256 3632 1307; x_wconf 80' lang='lat' dir='ltr'><strong>divinam</strong></span> <span class='ocrx_word' id='word_1_192' title='bbox 3671 1272 3793 1323; x_wconf 68' lang='lat' dir='ltr'><strong>gra-</strong></span> 
     </span>
    </p>
   </div>
   <div class='ocr_carea' id='block_1_27' title="bbox 2217 1344 3787 1412">
    <p class='ocr_par' dir='ltr' id='par_1_27' title="bbox 2217 1344 3787 1412">
     <span class='ocr_line' id='line_1_27' title="bbox 2217 1344 3787 1412; baseline 0.001 -14"><span class='ocrx_word' id='word_1_193' title='bbox 2217 1345 2339 1398; x_wconf 88' lang='lat' dir='ltr'><strong>tiam</strong></span> <span class='ocrx_word' id='word_1_194' title='bbox 2370 1362 2383 1397; x_wconf 88' lang='lat'><strong>:</strong></span> <span class='ocrx_word' id='word_1_195' title='bbox 2412 1344 2563 1412; x_wconf 78' lang='lat' dir='ltr'><strong>cuius</strong></span> <span class='ocrx_word' id='word_1_196' title='bbox 2592 1344 2918 1399; x_wconf 88' lang='lat' dir='ltr'><strong>oratiOnibus</strong></span> <span class='ocrx_word' id='word_1_197' title='bbox 2963 1346 3052 1399; x_wconf 89' lang='lat' dir='ltr'><strong>det</strong></span> <span class='ocrx_word' id='word_1_198' title='bbox 3100 1345 3249 1398; x_wconf 86' lang='lat' dir='ltr'><strong>nobis</strong></span> <span class='ocrx_word' id='word_1_199' title='bbox 3284 1344 3540 1398; x_wconf 86' lang='lat' dir='ltr'><strong>Dominus</strong></span> <span class='ocrx_word' id='word_1_200' title='bbox 3589 1346 3787 1399; x_wconf 83' lang='lat' dir='ltr'><strong>bonam</strong></span> 
     </span>
    </p>
   </div>
   <div class='ocr_carea' id='block_1_28' title="bbox 2213 1435 3790 1504">
    <p class='ocr_par' dir='ltr' id='par_1_28' title="bbox 2213 1435 3790 1504">
     <span class='ocr_line' id='line_1_28' title="bbox 2213 1435 3790 1504; baseline -0.002 -14"><span class='ocrx_word' id='word_1_201' title='bbox 2213 1435 2705 1499; x_wconf 83' lang='lat' dir='ltr'><strong>cenversationem,</strong></span> <span class='ocrx_word' id='word_1_202' title='bbox 2748 1446 2799 1488; x_wconf 90' lang='lat' dir='ltr'><strong>et</strong></span> <span class='ocrx_word' id='word_1_203' title='bbox 2845 1436 3259 1489; x_wconf 81' lang='lat' dir='ltr'><strong>misericordiam</strong></span> <span class='ocrx_word' id='word_1_204' title='bbox 3303 1436 3353 1488; x_wconf 86' lang='lat' dir='ltr'><strong>in</strong></span> <span class='ocrx_word' id='word_1_205' title='bbox 3396 1435 3521 1500; x_wconf 91' lang='lat' dir='ltr'><strong>die,</strong></span> <span class='ocrx_word' id='word_1_206' title='bbox 3567 1438 3790 1504; x_wconf 80' lang='lat' dir='ltr'><strong>quando</strong></span> 
     </span>
    </p>
   </div>
   <div class='ocr_carea' id='block_1_29' title="bbox 2215 1512 3787 1594">
    <p class='ocr_par' dir='ltr' id='par_1_29' title="bbox 2215 1512 3787 1594">
     <span class='ocr_line' id='line_1_29' title="bbox 2215 1512 3787 1594; baseline 0.002 -14"><span class='ocrx_word' id='word_1_207' title='bbox 2215 1527 2575 1581; x_wconf 86' lang='lat' dir='ltr'><strong>manifestabit</strong></span> <span class='ocrx_word' id='word_1_208' title='bbox 2621 1528 2928 1582; x_wconf 86' lang='lat' dir='ltr'><strong>abscondita</strong></span> <span class='ocrx_word' id='word_1_209' title='bbox 2983 1512 3285 1594; x_wconf 84' lang='lat' dir='ltr'><strong>hominum,</strong></span> <span class='ocrx_word' id='word_1_210' title='bbox 3331 1539 3387 1582; x_wconf 90' lang='lat' dir='ltr'><strong>ct</strong></span> <span class='ocrx_word' id='word_1_211' title='bbox 3431 1529 3568 1582; x_wconf 89' lang='lat' dir='ltr'><strong>nuda</strong></span> <span class='ocrx_word' id='word_1_212' title='bbox 3622 1530 3787 1583; x_wconf 83' lang='lat' dir='ltr'><strong>faciet</strong></span> 
     </span>
    </p>
   </div>
   <div class='ocr_carea' id='block_1_30' title="bbox 2213 1615 3040 1689">
    <p class='ocr_par' dir='ltr' id='par_1_30' title="bbox 2213 1615 3040 1689">
     <span class='ocr_line' id='line_1_30' title="bbox 2213 1615 3040 1689; baseline -0.005 -16"><span class='ocrx_word' id='word_1_213' title='bbox 2213 1617 2431 1673; x_wconf 89' lang='lat' dir='ltr'><strong>consilia</strong></span> <span class='ocrx_word' id='word_1_214' title='bbox 2455 1618 2693 1671; x_wconf 89' lang='lat' dir='ltr'><strong>cordium</strong></span> <span class='ocrx_word' id='word_1_215' title='bbox 2718 1615 2771 1689; x_wconf 90' lang='grc'><strong>(1</strong></span> <span class='ocrx_word' id='word_1_216' title='bbox 2794 1616 2912 1672; x_wconf 87' lang='lat' dir='ltr'><strong>Cor.</strong></span> <span class='ocrx_word' id='word_1_217' title='bbox 2946 1619 3040 1682; x_wconf 89' lang='lat' dir='ltr'><strong>tv).</strong></span> 
     </span>
    </p>
   </div>
   <div class='ocr_carea' id='block_1_31' title="bbox 2283 1704 3793 1776">
    <p class='ocr_par' dir='ltr' id='par_1_31' title="bbox 2283 1704 3793 1776">
     <span class='ocr_line' id='line_1_31' title="bbox 2283 1704 3793 1776; baseline -0.005 -13"><span class='ocrx_word' id='word_1_218' title='bbox 2283 1707 2412 1763; x_wconf 64' lang='lat' dir='ltr'><strong>Car.</strong></span> <span class='ocrx_word' id='word_1_219' title='bbox 2454 1706 2690 1761; x_wconf 86' lang='lat' dir='ltr'><strong>XXXVI.</strong></span> <span class='ocrx_word' id='word_1_220' title='bbox 2723 1738 2791 1747; x_wconf 97' lang='lat'><strong>—</strong></span> <span class='ocrx_word' id='word_1_221' title='bbox 2823 1708 3140 1776; x_wconf 64' lang='lat' dir='ltr'><strong>Praecipiens</strong></span> <span class='ocrx_word' id='word_1_222' title='bbox 3187 1704 3475 1774; x_wconf 84' lang='lat' dir='ltr'><strong>aliquando</strong></span> <span class='ocrx_word' id='word_1_223' title='bbox 3511 1704 3633 1757; x_wconf 87' lang='lat' dir='ltr'><strong>dari</strong></span> <span class='ocrx_word' id='word_1_224' title='bbox 3673 1706 3793 1757; x_wconf 79' lang='lat' dir='ltr'><strong>cui-</strong></span> 
     </span>
    </p>
   </div>
   <div class='ocr_carea' id='block_1_32' title="bbox 2214 1799 3791 1870">
    <p class='ocr_par' dir='ltr' id='par_1_32' title="bbox 2214 1799 3791 1870">
     <span class='ocr_line' id='line_1_32' title="bbox 2214 1799 3791 1870; baseline -0.003 -16"><span class='ocrx_word' id='word_1_225' title='bbox 2214 1801 2334 1854; x_wconf 91' lang='lat' dir='ltr'><strong>dam</strong></span> <span class='ocrx_word' id='word_1_226' title='bbox 2388 1801 2581 1868; x_wconf 88' lang='lat' dir='ltr'><strong>petenti</strong></span> <span class='ocrx_word' id='word_1_227' title='bbox 2630 1800 3045 1870; x_wconf 85' lang='lat' dir='ltr'><strong>eleemosynam,</strong></span> <span class='ocrx_word' id='word_1_228' title='bbox 3097 1799 3279 1852; x_wconf 88' lang='lat' dir='ltr'><strong>decem</strong></span> <span class='ocrx_word' id='word_1_229' title='bbox 3321 1810 3570 1850; x_wconf 87' lang='lat' dir='ltr'><strong>nummos</strong></span> <span class='ocrx_word' id='word_1_230' title='bbox 3615 1811 3791 1849; x_wconf 69' lang='lat' dir='ltr'><strong>aereos</strong></span> 
     </span>
    </p>
   </div>
   <div class='ocr_carea' id='block_1_33' title="bbox 553 1883 3793 1961">
    <p class='ocr_par' dir='ltr' id='par_1_33' title="bbox 553 1883 3793 1961">
     <span class='ocr_line' id='line_1_33' title="bbox 553 1883 3793 1961; baseline -0.001 -19"><span class='ocrx_word' id='word_1_231' title='bbox 553 1899 604 1942; x_wconf 91' lang='lat' dir='ltr'><strong>et</strong></span> <span class='ocrx_word' id='word_1_232' title='bbox 636 1887 724 1943; x_wconf 91' lang='lat' dir='ltr'><strong>dat</strong></span> <span class='ocrx_word' id='word_1_233' title='bbox 758 1889 803 1944; x_wconf 87' lang='lat' dir='ltr'><strong>ei</strong></span> <span class='ocrx_word' id='word_1_234' title='bbox 831 1890 1058 1958; x_wconf 86' lang='lat' dir='ltr'><strong>alapam,</strong></span> <span class='ocrx_word' id='word_1_235' title='bbox 1085 1890 1263 1944; x_wconf 90' lang='lat' dir='ltr'><strong>dicens</strong></span> <span class='ocrx_word' id='word_1_236' title='bbox 1293 1907 1305 1942; x_wconf 91' lang='lat'><strong>:</strong></span> <span class='ocrx_word' id='word_1_237' title='bbox 1347 1891 1565 1959; x_wconf 85' lang='lat' dir='ltr'><strong>Suscipe</strong></span> <span class='ocrx_word' id='word_1_238' title='bbox 1593 1892 1797 1956; x_wconf 85' lang='lat' dir='ltr'><strong>alapam</strong></span> <span class='ocrx_word' id='word_1_239' title='bbox 1828 1905 1982 1957; x_wconf 88' lang='lat' dir='ltr'><strong>quam</strong></span> <span class='ocrx_word' id='word_1_240' title='bbox 2015 1892 2112 1944; x_wconf 88' lang='lat' dir='ltr'><strong>mi-</strong></span> <span class='ocrx_word' id='word_1_241' title='bbox 2144 1883 2189 1941; x_wconf 90' lang='lat' dir='ltr'><strong>B</strong></span> <span class='ocrx_word' id='word_1_242' title='bbox 2216 1904 2435 1959; x_wconf 87' lang='lat' dir='ltr'><strong>tantum,</strong></span> <span class='ocrx_word' id='word_1_243' title='bbox 2469 1893 2713 1949; x_wconf 87' lang='lat' dir='ltr'><strong>convicia</strong></span> <span class='ocrx_word' id='word_1_244' title='bbox 2744 1897 2809 1947; x_wconf 89' lang='lat' dir='ltr'><strong>ab</strong></span> <span class='ocrx_word' id='word_1_245' title='bbox 2848 1909 2911 1947; x_wconf 85' lang='lat' dir='ltr'><strong>eo</strong></span> <span class='ocrx_word' id='word_1_246' title='bbox 2949 1893 3244 1961; x_wconf 84' lang='lat' dir='ltr'><strong>patiebatur</strong></span> <span class='ocrx_word' id='word_1_247' title='bbox 3286 1891 3340 1945; x_wconf 90' lang='lat' dir='ltr'><strong>in</strong></span> <span class='ocrx_word' id='word_1_248' title='bbox 3372 1890 3506 1943; x_wconf 86' lang='lat' dir='ltr'><strong>facie</strong></span> <span class='ocrx_word' id='word_1_249' title='bbox 3532 1889 3793 1942; x_wconf 77' lang='lat' dir='ltr'><strong>atrociter</strong></span> 
     </span>
    </p>
   </div>
   <div class='ocr_carea' id='block_1_34' title="bbox 553 1980 2112 2049">
    <p class='ocr_par' dir='ltr' id='par_1_34' title="bbox 553 1980 2112 2049">
     <span class='ocr_line' id='line_1_34' title="bbox 553 1980 2112 2049; baseline 0.002 -17"><span class='ocrx_word' id='word_1_250' title='bbox 553 1982 617 2033; x_wconf 86' lang='lat' dir='ltr'><strong>sit</strong></span> <span class='ocrx_word' id='word_1_251' title='bbox 659 1981 748 2033; x_wconf 91' lang='lat' dir='ltr'><strong>tibi</strong></span> <span class='ocrx_word' id='word_1_252' title='bbox 780 1982 943 2035; x_wconf 83' lang='lat' dir='ltr'><strong>abbas</strong></span> <span class='ocrx_word' id='word_1_253' title='bbox 973 1980 1215 2035; x_wconf 85' lang='lat' dir='ltr'><strong>Vitalius.</strong></span> <span class='ocrx_word' id='word_1_254' title='bbox 1253 1982 1317 2035; x_wconf 86' lang='lat' dir='ltr'><strong>Et</strong></span> <span class='ocrx_word' id='word_1_255' title='bbox 1345 1982 1567 2045; x_wconf 87' lang='lat' dir='ltr'><strong>cadens,</strong></span> <span class='ocrx_word' id='word_1_256' title='bbox 1597 1982 1773 2035; x_wconf 88' lang='lat' dir='ltr'><strong>statim</strong></span> <span class='ocrx_word' id='word_1_257' title='bbox 1805 1983 1964 2049; x_wconf 66' lang='lat' dir='ltr'><strong>cepit</strong></span> <span class='ocrx_word' id='word_1_258' title='bbox 1990 1996 2112 2049; x_wconf 85' lang='lat' dir='ltr'><strong>spu-</strong></span> 
     </span>
    </p>
   </div>
   <div class='ocr_carea' id='block_1_35' title="bbox 556 2072 2110 2144">
    <p class='ocr_par' dir='ltr' id='par_1_35' title="bbox 556 2072 2110 2144">
     <span class='ocr_line' id='line_1_35' title="bbox 556 2072 2110 2144; baseline 0.003 -21"><span class='ocrx_word' id='word_1_259' title='bbox 556 2087 719 2125; x_wconf 86' lang='lat' dir='ltr'><strong>mare.</strong></span> <span class='ocrx_word' id='word_1_260' title='bbox 764 2072 1091 2143; x_wconf 83' lang='lat' dir='ltr'><strong>Congregata</strong></span> <span class='ocrx_word' id='word_1_261' title='bbox 1122 2082 1202 2128; x_wconf 90' lang='lat' dir='ltr'><strong>est</strong></span> <span class='ocrx_word' id='word_1_262' title='bbox 1238 2074 1417 2141; x_wconf 79' lang='lat' dir='ltr'><strong>igitur,</strong></span> <span class='ocrx_word' id='word_1_263' title='bbox 1462 2075 1751 2129; x_wconf 79' lang='lat' dir='ltr'><strong>secundum</strong></span> <span class='ocrx_word' id='word_1_264' title='bbox 1780 2074 2110 2144; x_wconf 86' lang='lat' dir='ltr'><strong>prephetiam</strong></span> 
     </span>
    </p>
   </div>
   <div class='ocr_carea' id='block_1_36' title="bbox 556 2160 2107 2235">
    <p class='ocr_par' dir='ltr' id='par_1_36' title="bbox 556 2160 2107 2235">
     <span class='ocr_line' id='line_1_36' title="bbox 556 2160 2107 2235; baseline 0.005 -23"><span class='ocrx_word' id='word_1_265' title='bbox 556 2160 760 2225; x_wconf 88' lang='lat' dir='ltr'><strong>Vitalii,</strong></span> <span class='ocrx_word' id='word_1_266' title='bbox 809 2178 940 2231; x_wconf 80' lang='lat' dir='ltr'><strong>pene</strong></span> <span class='ocrx_word' id='word_1_267' title='bbox 986 2173 1092 2217; x_wconf 91' lang='lat' dir='ltr'><strong>tota</strong></span> <span class='ocrx_word' id='word_1_268' title='bbox 1139 2164 1457 2219; x_wconf 85' lang='lat' dir='ltr'><strong>Alexandria</strong></span> <span class='ocrx_word' id='word_1_269' title='bbox 1513 2166 1563 2219; x_wconf 92' lang='lat' dir='ltr'><strong>in</strong></span> <span class='ocrx_word' id='word_1_270' title='bbox 1604 2166 1907 2220; x_wconf 86' lang='lat' dir='ltr'><strong>violentiam</strong></span> <span class='ocrx_word' id='word_1_271' title='bbox 1950 2180 2107 2235; x_wconf 90' lang='lat' dir='ltr'><strong>quam</strong></span> 
     </span>
    </p>
   </div>
   <div class='ocr_carea' id='block_1_37' title="bbox 554 2250 2109 2324">
    <p class='ocr_par' dir='ltr' id='par_1_37' title="bbox 554 2250 2109 2324">
     <span class='ocr_line' id='line_1_37' title="bbox 554 2250 2109 2324; baseline 0.005 -21"><span class='ocrx_word' id='word_1_272' title='bbox 554 2250 849 2317; x_wconf 84' lang='lat' dir='ltr'><strong>patiebatur</strong></span> <span class='ocrx_word' id='word_1_273' title='bbox 874 2268 900 2303; x_wconf 86' lang='lat' dir='ltr'><strong>a</strong></span> <span class='ocrx_word' id='word_1_274' title='bbox 932 2252 1173 2309; x_wconf 63' lang='lat' dir='ltr'><strong>dwmone</strong></span> <span class='ocrx_word' id='word_1_275' title='bbox 1197 2270 1210 2314; x_wconf 83' lang='lat'><strong>;</strong></span> <span class='ocrx_word' id='word_1_276' title='bbox 1242 2264 1295 2308; x_wconf 88' lang='lat' dir='ltr'><strong>et</strong></span> <span class='ocrx_word' id='word_1_277' title='bbox 1323 2255 1549 2310; x_wconf 82' lang='lat' dir='ltr'><strong>maxime</strong></span> <span class='ocrx_word' id='word_1_278' title='bbox 1573 2257 1693 2324; x_wconf 90' lang='lat' dir='ltr'><strong>quia</strong></span> <span class='ocrx_word' id='word_1_279' title='bbox 1715 2257 1944 2309; x_wconf 87' lang='lat' dir='ltr'><strong>sonitum</strong></span> <span class='ocrx_word' id='word_1_280' title='bbox 1971 2257 2109 2311; x_wconf 69' lang='lat' dir='ltr'><strong>data:</strong></span> 
     </span>
    </p>
   </div>
   <div class='ocr_carea' id='block_1_38' title="bbox 552 2342 2108 2415">
    <p class='ocr_par' dir='ltr' id='par_1_38' title="bbox 552 2342 2108 2415">
     <span class='ocr_line' id='line_1_38' title="bbox 552 2342 2108 2415; baseline 0.003 -19"><span class='ocrx_word' id='word_1_281' title='bbox 552 2342 601 2396; x_wconf 89' lang='lat' dir='ltr'><strong>ei</strong></span> <span class='ocrx_word' id='word_1_282' title='bbox 631 2343 795 2411; x_wconf 76' lang='lat' dir='ltr'><strong>alapa.-</strong></span> <span class='ocrx_word' id='word_1_283' title='bbox 836 2345 1117 2399; x_wconf 89' lang='lat' dir='ltr'><strong>audierunt</strong></span> <span class='ocrx_word' id='word_1_284' title='bbox 1145 2346 1356 2413; x_wconf 82' lang='lat' dir='ltr'><strong>quidam</strong></span> <span class='ocrx_word' id='word_1_285' title='bbox 1379 2388 1393 2411; x_wconf 90' lang='lat'><strong>,</strong></span> <span class='ocrx_word' id='word_1_286' title='bbox 1426 2348 1571 2415; x_wconf 88' lang='lat' dir='ltr'><strong>quasi</strong></span> <span class='ocrx_word' id='word_1_287' title='bbox 1610 2346 1674 2400; x_wconf 89' lang='lat' dir='ltr'><strong>ad</strong></span> <span class='ocrx_word' id='word_1_288' title='bbox 1719 2348 1873 2401; x_wconf 90' lang='lat' dir='ltr'><strong>unius</strong></span> <span class='ocrx_word' id='word_1_289' title='bbox 1914 2346 2108 2415; x_wconf 75' lang='lat' dir='ltr'><strong>iactum</strong></span> 
     </span>
    </p>
   </div>
   <div class='ocr_carea' id='block_1_39' title="bbox 552 2432 2113 2504">
    <p class='ocr_par' dir='ltr' id='par_1_39' title="bbox 552 2432 2113 2504">
     <span class='ocr_line' id='line_1_39' title="bbox 552 2432 2113 2504; baseline 0.004 -19"><span class='ocrx_word' id='word_1_290' title='bbox 552 2432 774 2500; x_wconf 82' lang='lat' dir='ltr'><strong>sagittae.</strong></span> <span class='ocrx_word' id='word_1_291' title='bbox 812 2432 934 2500; x_wconf 67' lang='lat' dir='ltr'><strong>Ppst</strong></span> <span class='ocrx_word' id='word_1_292' title='bbox 961 2434 1256 2504; x_wconf 88' lang='lat' dir='ltr'><strong>aliquantas</strong></span> <span class='ocrx_word' id='word_1_293' title='bbox 1287 2449 1411 2489; x_wconf 91' lang='lat' dir='ltr'><strong>vero</strong></span> <span class='ocrx_word' id='word_1_294' title='bbox 1458 2432 1616 2488; x_wconf 87' lang='lat' dir='ltr'><strong>horas</strong></span> <span class='ocrx_word' id='word_1_295' title='bbox 1660 2435 1711 2488; x_wconf 90' lang='lat' dir='ltr'><strong>in</strong></span> <span class='ocrx_word' id='word_1_296' title='bbox 1754 2444 1981 2490; x_wconf 85' lang='lat' dir='ltr'><strong>mentem</strong></span> <span class='ocrx_word' id='word_1_297' title='bbox 2028 2451 2113 2491; x_wconf 92' lang='lat' dir='ltr'><strong>re-</strong></span> 
     </span>
    </p>
   </div>
   <div class='ocr_carea' id='block_1_40' title="bbox 551 2525 2111 2597">
    <p class='ocr_par' dir='ltr' id='par_1_40' title="bbox 551 2525 2111 2597">
     <span class='ocr_line' id='line_1_40' title="bbox 551 2525 2111 2597; baseline 0.006 -21"><span class='ocrx_word' id='word_1_298' title='bbox 551 2525 702 2578; x_wconf 87' lang='lat' dir='ltr'><strong>diens</strong></span> <span class='ocrx_word' id='word_1_299' title='bbox 750 2527 791 2579; x_wconf 88' lang='lat' dir='ltr'><strong>is</strong></span> <span class='ocrx_word' id='word_1_300' title='bbox 834 2526 923 2595; x_wconf 88' lang='lat' dir='ltr'><strong>qui</strong></span> <span class='ocrx_word' id='word_1_301' title='bbox 966 2529 1280 2596; x_wconf 79' lang='lat' dir='ltr'><strong>patiebatur,</strong></span> <span class='ocrx_word' id='word_1_302' title='bbox 1324 2528 1481 2584; x_wconf 77' lang='lat' dir='ltr'><strong>scidit</strong></span> <span class='ocrx_word' id='word_1_303' title='bbox 1526 2530 1832 2583; x_wconf 87' lang='lat' dir='ltr'><strong>vestimenta</strong></span> <span class='ocrx_word' id='word_1_304' title='bbox 1883 2531 2111 2597; x_wconf 76' lang='lat' dir='ltr'><strong>pectoris</strong></span> 
     </span>
    </p>
   </div>
   <div class='ocr_carea' id='block_1_41' title="bbox 549 2615 2107 2681">
    <p class='ocr_par' dir='ltr' id='par_1_41' title="bbox 549 2615 2107 2681">
     <span class='ocr_line' id='line_1_41' title="bbox 549 2615 2107 2681; baseline 0.005 -14"><span class='ocrx_word' id='word_1_305' title='bbox 549 2615 659 2677; x_wconf 87' lang='lat' dir='ltr'><strong>sui,</strong></span> <span class='ocrx_word' id='word_1_306' title='bbox 710 2624 765 2671; x_wconf 91' lang='lat' dir='ltr'><strong>et</strong></span> <span class='ocrx_word' id='word_1_307' title='bbox 808 2616 1040 2671; x_wconf 87' lang='lat' dir='ltr'><strong>cucurrit</strong></span> <span class='ocrx_word' id='word_1_308' title='bbox 1081 2619 1144 2671; x_wconf 78' lang='lat' dir='ltr'><strong>ad</strong></span> <span class='ocrx_word' id='word_1_309' title='bbox 1192 2619 1476 2681; x_wconf 85' lang='lat' dir='ltr'><strong>cellulam,</strong></span> <span class='ocrx_word' id='word_1_310' title='bbox 1520 2619 1756 2673; x_wconf 84' lang='lat' dir='ltr'><strong>clamans</strong></span> <span class='ocrx_word' id='word_1_311' title='bbox 1796 2629 1849 2674; x_wconf 91' lang='lat' dir='ltr'><strong>et</strong></span> <span class='ocrx_word' id='word_1_312' title='bbox 1887 2619 2107 2675; x_wconf 88' lang='lat' dir='ltr'><strong>dicens:</strong></span> 
     </span>
    </p>
   </div>
   <div class='ocr_carea' id='block_1_42' title="bbox 548 2705 2106 2776">
    <p class='ocr_par' dir='ltr' id='par_1_42' title="bbox 548 2705 2106 2776">
     <span class='ocr_line' id='line_1_42' title="bbox 548 2705 2106 2776; baseline 0.003 -16"><span class='ocrx_word' id='word_1_313' title='bbox 548 2705 767 2776; x_wconf 89' lang='lat' dir='ltr'><strong>Culpam</strong></span> <span class='ocrx_word' id='word_1_314' title='bbox 815 2707 911 2762; x_wconf 85' lang='lat' dir='ltr'><strong>feci</strong></span> <span class='ocrx_word' id='word_1_315' title='bbox 962 2709 1076 2774; x_wconf 90' lang='lat' dir='ltr'><strong>tibi,</strong></span> <span class='ocrx_word' id='word_1_316' title='bbox 1125 2723 1276 2765; x_wconf 90' lang='lat' dir='ltr'><strong>serve</strong></span> <span class='ocrx_word' id='word_1_317' title='bbox 1324 2710 1414 2764; x_wconf 85' lang='lat' dir='ltr'><strong>Dei</strong></span> <span class='ocrx_word' id='word_1_318' title='bbox 1462 2709 1637 2776; x_wconf 84' lang='lat' dir='ltr'><strong>Vilali,</strong></span> <span class='ocrx_word' id='word_1_319' title='bbox 1687 2711 1939 2765; x_wconf 87' lang='lat' dir='ltr'><strong>miserere</strong></span> <span class='ocrx_word' id='word_1_320' title='bbox 1982 2708 2106 2766; x_wconf 52' lang='lat' dir='ltr'><strong>misi.</strong></span> 
     </span>
    </p>
   </div>
   <div class='ocr_carea' id='block_1_43' title="bbox 550 2797 2108 2858">
    <p class='ocr_par' dir='ltr' id='par_1_43' title="bbox 550 2797 2108 2858">
     <span class='ocr_line' id='line_1_43' title="bbox 550 2797 2108 2858; baseline 0.004 -6"><span class='ocrx_word' id='word_1_321' title='bbox 550 2797 908 2856; x_wconf 89' lang='lat' dir='ltr'><strong>Cucurrerunt</strong></span> <span class='ocrx_word' id='word_1_322' title='bbox 944 2818 1071 2857; x_wconf 86' lang='lat' dir='ltr'><strong>vero</strong></span> <span class='ocrx_word' id='word_1_323' title='bbox 1106 2818 1228 2857; x_wconf 88' lang='lat' dir='ltr'><strong>cum</strong></span> <span class='ocrx_word' id='word_1_324' title='bbox 1291 2818 1357 2857; x_wconf 91' lang='lat' dir='ltr'><strong>eo</strong></span> <span class='ocrx_word' id='word_1_325' title='bbox 1406 2818 1591 2857; x_wconf 90' lang='lat' dir='ltr'><strong>omnes</strong></span> <span class='ocrx_word' id='word_1_326' title='bbox 1638 2803 1931 2858; x_wconf 88' lang='lat' dir='ltr'><strong>audientes.</strong></span> <span class='ocrx_word' id='word_1_327' title='bbox 1977 2803 2108 2858; x_wconf 89' lang='lat' dir='ltr'><strong>Cum</strong></span> 
     </span>
    </p>
   </div>
   <div class='ocr_carea' id='block_1_44' title="bbox 548 2890 2108 2960">
    <p class='ocr_par' dir='ltr' id='par_1_44' title="bbox 548 2890 2108 2960">
     <span class='ocr_line' id='line_1_44' title="bbox 548 2890 2108 2960; baseline 0.003 -16"><span class='ocrx_word' id='word_1_328' title='bbox 548 2890 873 2960; x_wconf 86' lang='lat' dir='ltr'><strong>pervenisset</strong></span> <span class='ocrx_word' id='word_1_329' title='bbox 915 2893 979 2948; x_wconf 90' lang='lat' dir='ltr'><strong>ad</strong></span> <span class='ocrx_word' id='word_1_330' title='bbox 1011 2893 1255 2948; x_wconf 82' lang='lat' dir='ltr'><strong>cellulam</strong></span> <span class='ocrx_word' id='word_1_331' title='bbox 1288 2895 1477 2959; x_wconf 84' lang='lat' dir='ltr'><strong>sancti,</strong></span> <span class='ocrx_word' id='word_1_332' title='bbox 1523 2894 1649 2948; x_wconf 83' lang='lat' dir='ltr'><strong>exiit</strong></span> <span class='ocrx_word' id='word_1_333' title='bbox 1694 2895 1883 2948; x_wconf 89' lang='lat' dir='ltr'><strong>iterum</strong></span> <span class='ocrx_word' id='word_1_334' title='bbox 1911 2894 2108 2948; x_wconf 57' lang='lat' dir='ltr'><strong>daemo-</strong></span> 
     </span>
    </p>
   </div>
   <div class='ocr_carea' id='block_1_45' title="bbox 548 2983 2106 3055">
    <p class='ocr_par' dir='ltr' id='par_1_45' title="bbox 548 2983 2106 3055">
     <span class='ocr_line' id='line_1_45' title="bbox 548 2983 2106 3055; baseline 0.003 -20"><span class='ocrx_word' id='word_1_335' title='bbox 548 2984 726 3050; x_wconf 89' lang='lat' dir='ltr'><strong>niutn,</strong></span> <span class='ocrx_word' id='word_1_336' title='bbox 763 2983 969 3053; x_wconf 85' lang='lat' dir='ltr'><strong>jactans</strong></span> <span class='ocrx_word' id='word_1_337' title='bbox 1006 3000 1125 3039; x_wconf 91' lang='lat' dir='ltr'><strong>eum</strong></span> <span class='ocrx_word' id='word_1_338' title='bbox 1158 2986 1401 3040; x_wconf 86' lang='lat' dir='ltr'><strong>omnibus</strong></span> <span class='ocrx_word' id='word_1_339' title='bbox 1440 2985 1835 3055; x_wconf 83' lang='lat' dir='ltr'><strong>aspicientibus.</strong></span> <span class='ocrx_word' id='word_1_340' title='bbox 1878 2986 1946 3040; x_wconf 92' lang='lat' dir='ltr'><strong>Et</strong></span> <span class='ocrx_word' id='word_1_341' title='bbox 1987 3001 2106 3040; x_wconf 88' lang='lat' dir='ltr'><strong>cum</strong></span> 
     </span>
    </p>
   </div>
   <div class='ocr_carea' id='block_1_46' title="bbox 547 3074 2108 3147">
    <p class='ocr_par' dir='ltr' id='par_1_46' title="bbox 547 3074 2108 3147">
     <span class='ocr_line' id='line_1_46' title="bbox 547 3074 2108 3147; baseline 0.003 -18"><span class='ocrx_word' id='word_1_342' title='bbox 547 3074 947 3145; x_wconf 76' lang='lat' dir='ltr'><strong>ingrederentur</strong></span> <span class='ocrx_word' id='word_1_343' title='bbox 991 3078 1130 3133; x_wconf 91' lang='lat' dir='ltr'><strong>intro</strong></span> <span class='ocrx_word' id='word_1_344' title='bbox 1164 3078 1217 3132; x_wconf 81' lang='lat' dir='ltr'><strong>hi</strong></span> <span class='ocrx_word' id='word_1_345' title='bbox 1257 3080 1345 3147; x_wconf 89' lang='lat' dir='ltr'><strong>qui</strong></span> <span class='ocrx_word' id='word_1_346' title='bbox 1387 3094 1505 3132; x_wconf 90' lang='lat' dir='ltr'><strong>cum</strong></span> <span class='ocrx_word' id='word_1_347' title='bbox 1537 3094 1601 3132; x_wconf 90' lang='lat' dir='ltr'><strong>eo</strong></span> <span class='ocrx_word' id='word_1_348' title='bbox 1630 3087 1996 3146; x_wconf 84' lang='lat' dir='ltr'><strong>cucurrerunt,</strong></span> <span class='ocrx_word' id='word_1_349' title='bbox 2028 3080 2108 3133; x_wconf 88' lang='lat' dir='ltr'><strong>in-</strong></span> 
     </span>
    </p>
   </div>
   <div class='ocr_carea' id='block_1_47' title="bbox 546 3169 2108 3239">
    <p class='ocr_par' dir='ltr' id='par_1_47' title="bbox 546 3169 2108 3239">
     <span class='ocr_line' id='line_1_47' title="bbox 546 3169 2108 3239; baseline 0.003 -19"><span class='ocrx_word' id='word_1_350' title='bbox 546 3176 805 3223; x_wconf 89' lang='lat' dir='ltr'><strong>venerunt</strong></span> <span class='ocrx_word' id='word_1_351' title='bbox 832 3179 1069 3223; x_wconf 84' lang='lat' dir='ltr'><strong>sanctum</strong></span> <span class='ocrx_word' id='word_1_352' title='bbox 1101 3178 1326 3224; x_wconf 90' lang='lat' dir='ltr'><strong>stantem</strong></span> <span class='ocrx_word' id='word_1_353' title='bbox 1354 3169 1405 3222; x_wconf 85' lang='lat' dir='ltr'><strong>in</strong></span> <span class='ocrx_word' id='word_1_354' title='bbox 1430 3170 1687 3238; x_wconf 78' lang='lat' dir='ltr'><strong>geniculis</strong></span> <span class='ocrx_word' id='word_1_355' title='bbox 1712 3171 1840 3239; x_wconf 89' lang='lat' dir='ltr'><strong>suis,</strong></span> <span class='ocrx_word' id='word_1_356' title='bbox 1870 3180 1921 3225; x_wconf 91' lang='lat' dir='ltr'><strong>et</strong></span> <span class='ocrx_word' id='word_1_357' title='bbox 1952 3185 2108 3224; x_wconf 81' lang='lat' dir='ltr'><strong>oran-</strong></span> 
     </span>
    </p>
   </div>
   <div class='ocr_carea' id='block_1_48' title="bbox 546 3244 2180 3328">
    <p class='ocr_par' dir='ltr' id='par_1_48' title="bbox 546 3244 2180 3328">
     <span class='ocr_line' id='line_1_48' title="bbox 546 3244 2180 3328; baseline 0.002 -16"><span class='ocrx_word' id='word_1_358' title='bbox 546 3267 676 3322; x_wconf 88' lang='lat' dir='ltr'><strong>tem,</strong></span> <span class='ocrx_word' id='word_1_359' title='bbox 702 3269 756 3315; x_wconf 89' lang='lat' dir='ltr'><strong>et</strong></span> <span class='ocrx_word' id='word_1_360' title='bbox 780 3260 1011 3314; x_wconf 72' lang='lat' dir='ltr'><strong>animum</strong></span> <span class='ocrx_word' id='word_1_361' title='bbox 1042 3261 1263 3315; x_wconf 90' lang='lat' dir='ltr'><strong>Domino</strong></span> <span class='ocrx_word' id='word_1_362' title='bbox 1294 3263 1609 3324; x_wconf 89' lang='lat' dir='ltr'><strong>tradentem,</strong></span> <span class='ocrx_word' id='word_1_363' title='bbox 1642 3270 1695 3315; x_wconf 89' lang='lat' dir='ltr'><strong>et</strong></span> <span class='ocrx_word' id='word_1_364' title='bbox 1724 3261 1776 3316; x_wconf 89' lang='lat' dir='ltr'><strong>in</strong></span> <span class='ocrx_word' id='word_1_365' title='bbox 1809 3263 2108 3328; x_wconf 90' lang='lat' dir='ltr'><strong>pavimento</strong></span> <span class='ocrx_word' id='word_1_366' title='bbox 2133 3244 2180 3307; x_wconf 71' lang='grc' dir='ltr'>ο</span> 
     </span>
    </p>
   </div>
   <div class='ocr_carea' id='block_1_49' title="bbox 546 3350 2111 3420">
    <p class='ocr_par' dir='ltr' id='par_1_49' title="bbox 546 3350 2111 3420">
     <span class='ocr_line' id='line_1_49' title="bbox 546 3350 2111 3420; baseline 0.003 -17"><span class='ocrx_word' id='word_1_367' title='bbox 546 3350 859 3418; x_wconf 84' lang='lat' dir='ltr'><strong>scripturam</strong></span> <span class='ocrx_word' id='word_1_368' title='bbox 889 3350 1229 3420; x_wconf 88' lang='lat' dir='ltr'><strong>hujusmodi:</strong></span> <span class='ocrx_word' id='word_1_369' title='bbox 1268 3350 1378 3404; x_wconf 78' lang='lat' dir='ltr'><strong>Viri</strong></span> <span class='ocrx_word' id='word_1_370' title='bbox 1398 3351 1753 3417; x_wconf 73' lang='lat' dir='ltr'><strong>Alexandrini,</strong></span> <span class='ocrx_word' id='word_1_371' title='bbox 1798 3351 1953 3405; x_wconf 84' lang='lat' dir='ltr'><strong>nalile</strong></span> <span class='ocrx_word' id='word_1_372' title='bbox 1995 3361 2111 3407; x_wconf 78' lang='lat' dir='ltr'><strong>ante</strong></span> 
     </span>
    </p>
   </div>
   <div class='ocr_carea' id='block_1_50' title="bbox 546 3441 2111 3513">
    <p class='ocr_par' dir='ltr' id='par_1_50' title="bbox 546 3441 2111 3513">
     <span class='ocr_line' id='line_1_50' title="bbox 546 3441 2111 3513; baseline 0.001 -20"><span class='ocrx_word' id='word_1_373' title='bbox 546 3449 741 3508; x_wconf 79' lang='lat' dir='ltr'><strong>tempus</strong></span> <span class='ocrx_word' id='word_1_374' title='bbox 782 3442 975 3509; x_wconf 78' lang='lat' dir='ltr'><strong>aliquid</strong></span> <span class='ocrx_word' id='word_1_375' title='bbox 1009 3442 1270 3513; x_wconf 82' lang='lat' dir='ltr'><strong>judicare,</strong></span> <span class='ocrx_word' id='word_1_376' title='bbox 1311 3444 1637 3513; x_wconf 81' lang='lat' dir='ltr'><strong>quoadusque</strong></span> <span class='ocrx_word' id='word_1_377' title='bbox 1674 3444 1840 3496; x_wconf 72' lang='lat' dir='ltr'><strong>veniat</strong></span> <span class='ocrx_word' id='word_1_378' title='bbox 1862 3441 2111 3496; x_wconf 77' lang='lat' dir='ltr'><strong>Dominus</strong></span> 
     </span>
    </p>
   </div>
   <div class='ocr_carea' id='block_1_51' title="bbox 546 3528 2109 3601">
    <p class='ocr_par' dir='ltr' id='par_1_51' title="bbox 546 3528 2109 3601">
     <span class='ocr_line' id='line_1_51' title="bbox 546 3528 2109 3601; baseline 0.001 -20"><span class='ocrx_word' id='word_1_379' title='bbox 546 3528 596 3600; x_wconf 87' lang='grc' dir='ltr'><strong>(Ι</strong></span> <span class='ocrx_word' id='word_1_380' title='bbox 623 3528 738 3585; x_wconf 83' lang='lat' dir='ltr'><strong>Car.</strong></span> <span class='ocrx_word' id='word_1_381' title='bbox 774 3533 869 3601; x_wconf 85' lang='lat' dir='ltr'><strong>tv).</strong></span> <span class='ocrx_word' id='word_1_382' title='bbox 898 3530 1255 3588; x_wconf 86' lang='lat' dir='ltr'><strong>Confitebatur</strong></span> <span class='ocrx_word' id='word_1_383' title='bbox 1282 3548 1410 3588; x_wconf 90' lang='lat' dir='ltr'><strong>vero</strong></span> <span class='ocrx_word' id='word_1_384' title='bbox 1450 3542 1504 3588; x_wconf 90' lang='lat' dir='ltr'><strong>et</strong></span> <span class='ocrx_word' id='word_1_385' title='bbox 1529 3533 1710 3599; x_wconf 91' lang='lat' dir='ltr'><strong>homo,</strong></span> <span class='ocrx_word' id='word_1_386' title='bbox 1734 3534 1819 3601; x_wconf 87' lang='lat' dir='ltr'><strong>qui</strong></span> <span class='ocrx_word' id='word_1_387' title='bbox 1851 3548 1879 3586; x_wconf 91' lang='lat' dir='ltr'><strong>a</strong></span> <span class='ocrx_word' id='word_1_388' title='bbox 1908 3532 2109 3587; x_wconf 69' lang='lat' dir='ltr'><strong>daemo-</strong></span> 
     </span>
    </p>
   </div>
   <div class='ocr_carea' id='block_1_52' title="bbox 546 3621 2114 3695">
    <p class='ocr_par' dir='ltr' id='par_1_52' title="bbox 546 3621 2114 3695">
     <span class='ocr_line' id='line_1_52' title="bbox 546 3621 2114 3695; baseline 0.004 -22"><span class='ocrx_word' id='word_1_389' title='bbox 546 3621 634 3674; x_wconf 88' lang='lat' dir='ltr'><strong>nio</strong></span> <span class='ocrx_word' id='word_1_390' title='bbox 670 3623 977 3685; x_wconf 83' lang='lat' dir='ltr'><strong>vexabatur,</strong></span> <span class='ocrx_word' id='word_1_391' title='bbox 1009 3623 1147 3691; x_wconf 89' lang='lat' dir='ltr'><strong>quod</strong></span> <span class='ocrx_word' id='word_1_392' title='bbox 1191 3635 1376 3680; x_wconf 86' lang='lat' dir='ltr'><strong>sancto</strong></span> <span class='ocrx_word' id='word_1_393' title='bbox 1409 3625 1627 3691; x_wconf 83' lang='lat' dir='ltr'><strong>fecerat,</strong></span> <span class='ocrx_word' id='word_1_394' title='bbox 1657 3635 1710 3679; x_wconf 91' lang='lat' dir='ltr'><strong>et</strong></span> <span class='ocrx_word' id='word_1_395' title='bbox 1738 3626 1875 3695; x_wconf 89' lang='lat' dir='ltr'><strong>quod</strong></span> <span class='ocrx_word' id='word_1_396' title='bbox 1904 3626 2114 3680; x_wconf 83' lang='lat' dir='ltr'><strong>dixerat</strong></span> 
     </span>
    </p>
   </div>
   <div class='ocr_carea' id='block_1_53' title="bbox 546 3714 2107 3787">
    <p class='ocr_par' dir='ltr' id='par_1_53' title="bbox 546 3714 2107 3787">
     <span class='ocr_line' id='line_1_53' title="bbox 546 3714 2107 3787; baseline 0.003 -20"><span class='ocrx_word' id='word_1_397' title='bbox 546 3724 760 3769; x_wconf 89' lang='lat' dir='ltr'><strong>sanctus</strong></span> <span class='ocrx_word' id='word_1_398' title='bbox 800 3714 870 3770; x_wconf 87' lang='lat' dir='ltr'><strong>ei.</strong></span> <span class='ocrx_word' id='word_1_399' title='bbox 942 3716 1176 3771; x_wconf 74' lang='lat' dir='ltr'><strong>Recitata</strong></span> <span class='ocrx_word' id='word_1_400' title='bbox 1233 3726 1355 3771; x_wconf 91' lang='lat' dir='ltr'><strong>sunt</strong></span> <span class='ocrx_word' id='word_1_401' title='bbox 1399 3732 1524 3787; x_wconf 88' lang='lat' dir='ltr'><strong>ergo</strong></span> <span class='ocrx_word' id='word_1_402' title='bbox 1568 3717 1872 3771; x_wconf 88' lang='lat' dir='ltr'><strong>beatissimo</strong></span> <span class='ocrx_word' id='word_1_403' title='bbox 1919 3717 2107 3773; x_wconf 85' lang='lat' dir='ltr'><strong>Joauni</strong></span> 
     </span>
    </p>
   </div>
   <div class='ocr_carea' id='block_1_54' title="bbox 546 3804 2108 3875">
    <p class='ocr_par' dir='ltr' id='par_1_54' title="bbox 546 3804 2108 3875">
     <span class='ocr_line' id='line_1_54' title="bbox 546 3804 2108 3875; baseline 0.002 -19"><span class='ocrx_word' id='word_1_404' title='bbox 546 3804 859 3872; x_wconf 69' lang='lat' dir='ltr'><strong>patriarcha:</strong></span> <span class='ocrx_word' id='word_1_405' title='bbox 904 3804 1077 3859; x_wconf 89' lang='lat' dir='ltr'><strong>omnia</strong></span> <span class='ocrx_word' id='word_1_406' title='bbox 1105 3822 1221 3875; x_wconf 71' lang='lat' dir='ltr'><strong>qure</strong></span> <span class='ocrx_word' id='word_1_407' title='bbox 1267 3808 1408 3861; x_wconf 87' lang='lat' dir='ltr'><strong>circa</strong></span> <span class='ocrx_word' id='word_1_408' title='bbox 1450 3818 1690 3861; x_wconf 87' lang='lat' dir='ltr'><strong>sanctum</strong></span> <span class='ocrx_word' id='word_1_409' title='bbox 1714 3807 1962 3861; x_wconf 87' lang='lat' dir='ltr'><strong>Vitalium</strong></span> <span class='ocrx_word' id='word_1_410' title='bbox 1995 3818 2108 3863; x_wconf 75' lang='lat' dir='ltr'><strong>acti</strong></span> 
     </span>
    </p>
   </div>
   <div class='ocr_carea' id='block_1_55' title="bbox 546 3895 2112 3965">
    <p class='ocr_par' dir='ltr' id='par_1_55' title="bbox 546 3895 2112 3965">
     <span class='ocr_line' id='line_1_55' title="bbox 546 3895 2112 3965; baseline 0.004 -19"><span class='ocrx_word' id='word_1_411' title='bbox 546 3904 699 3959; x_wconf 87' lang='lat' dir='ltr'><strong>sunt;</strong></span> <span class='ocrx_word' id='word_1_412' title='bbox 746 3903 800 3949; x_wconf 89' lang='lat' dir='ltr'><strong>et</strong></span> <span class='ocrx_word' id='word_1_413' title='bbox 847 3895 1176 3951; x_wconf 89' lang='lat' dir='ltr'><strong>descendens</strong></span> <span class='ocrx_word' id='word_1_414' title='bbox 1221 3910 1338 3950; x_wconf 90' lang='lat' dir='ltr'><strong>cum</strong></span> <span class='ocrx_word' id='word_1_415' title='bbox 1379 3896 1558 3962; x_wconf 90' lang='lat' dir='ltr'><strong>clero,</strong></span> <span class='ocrx_word' id='word_1_416' title='bbox 1611 3898 1757 3951; x_wconf 87' lang='lat' dir='ltr'><strong>venit</strong></span> <span class='ocrx_word' id='word_1_417' title='bbox 1805 3898 1869 3952; x_wconf 86' lang='lat' dir='ltr'><strong>ad</strong></span> <span class='ocrx_word' id='word_1_418' title='bbox 1916 3913 2112 3965; x_wconf 87' lang='lat' dir='ltr'><strong>corpus</strong></span> 
     </span>
    </p>
   </div>
   <div class='ocr_carea' id='block_1_56' title="bbox 547 3986 2109 4057">
    <p class='ocr_par' dir='ltr' id='par_1_56' title="bbox 547 3986 2109 4057">
     <span class='ocr_line' id='line_1_56' title="bbox 547 3986 2109 4057; baseline 0.007 -21"><span class='ocrx_word' id='word_1_419' title='bbox 547 3988 713 4040; x_wconf 80' lang='lat' dir='ltr'><strong>sancti</strong></span> <span class='ocrx_word' id='word_1_420' title='bbox 762 3986 972 4052; x_wconf 84' lang='lat' dir='ltr'><strong>Vitalii;</strong></span> <span class='ocrx_word' id='word_1_421' title='bbox 1032 3994 1089 4040; x_wconf 91' lang='lat' dir='ltr'><strong>et</strong></span> <span class='ocrx_word' id='word_1_422' title='bbox 1139 4002 1257 4040; x_wconf 81' lang='lat' dir='ltr'><strong>cum</strong></span> <span class='ocrx_word' id='word_1_423' title='bbox 1303 3986 1523 4042; x_wconf 87' lang='lat' dir='ltr'><strong>vidisset</strong></span> <span class='ocrx_word' id='word_1_424' title='bbox 1566 3988 2109 4057; x_wconf 87' lang='lat' dir='ltr'><strong>superscriptiunem,</strong></span> 
     </span>
    </p>
   </div>
   <div class='ocr_carea' id='block_1_57' title="bbox 549 4076 2108 4148">
    <p class='ocr_par' dir='ltr' id='par_1_57' title="bbox 549 4076 2108 4148">
     <span class='ocr_line' id='line_1_57' title="bbox 549 4076 2108 4148; baseline 0.006 -21"><span class='ocrx_word' id='word_1_425' title='bbox 549 4076 679 4128; x_wconf 86' lang='lat' dir='ltr'><strong>dixit</strong></span> <span class='ocrx_word' id='word_1_426' title='bbox 713 4090 728 4129; x_wconf 89' lang='lat'><strong>:</strong></span> <span class='ocrx_word' id='word_1_427' title='bbox 761 4076 896 4130; x_wconf 89' lang='lat' dir='ltr'><strong>Vere</strong></span> <span class='ocrx_word' id='word_1_428' title='bbox 926 4077 1062 4131; x_wconf 90' lang='lat' dir='ltr'><strong>hanc</strong></span> <span class='ocrx_word' id='word_1_429' title='bbox 1102 4077 1314 4131; x_wconf 88' lang='lat' dir='ltr'><strong>humilis</strong></span> <span class='ocrx_word' id='word_1_430' title='bbox 1340 4076 1572 4132; x_wconf 71' lang='lat' dir='ltr'><strong>Joannes</strong></span> <span class='ocrx_word' id='word_1_431' title='bbox 1600 4093 1693 4147; x_wconf 87' lang='lat' dir='ltr'><strong>per</strong></span> <span class='ocrx_word' id='word_1_432' title='bbox 1726 4079 1890 4134; x_wconf 91' lang='lat' dir='ltr'><strong>Deum</strong></span> <span class='ocrx_word' id='word_1_433' title='bbox 1920 4084 2108 4148; x_wconf 85' lang='lat' dir='ltr'><strong>evasit,</strong></span> 
     </span>
    </p>
   </div>
   <div class='ocr_carea' id='block_1_58' title="bbox 549 4168 2116 4243">
    <p class='ocr_par' dir='ltr' id='par_1_58' title="bbox 549 4168 2116 4243">
     <span class='ocr_line' id='line_1_58' title="bbox 549 4168 2116 4243; baseline 0.004 -25"><span class='ocrx_word' id='word_1_434' title='bbox 549 4180 669 4219; x_wconf 90' lang='lat' dir='ltr'><strong>nam</strong></span> <span class='ocrx_word' id='word_1_435' title='bbox 708 4168 909 4236; x_wconf 88' lang='lat' dir='ltr'><strong>alapam</strong></span> <span class='ocrx_word' id='word_1_436' title='bbox 952 4181 1108 4236; x_wconf 87' lang='lat' dir='ltr'><strong>quam</strong></span> <span class='ocrx_word' id='word_1_437' title='bbox 1149 4169 1355 4238; x_wconf 85' lang='lat' dir='ltr'><strong>accepit</strong></span> <span class='ocrx_word' id='word_1_438' title='bbox 1397 4170 1489 4238; x_wconf 87' lang='lat' dir='ltr'><strong>qui</strong></span> <span class='ocrx_word' id='word_1_439' title='bbox 1538 4172 1733 4243; x_wconf 83' lang='lat' dir='ltr'><strong>patitur</strong></span> <span class='ocrx_word' id='word_1_440' title='bbox 1774 4187 1872 4242; x_wconf 88' lang='lat' dir='ltr'><strong>ego</strong></span> <span class='ocrx_word' id='word_1_441' title='bbox 1908 4174 2116 4242; x_wconf 87' lang='lat' dir='ltr'><strong>accipe-</strong></span> 
     </span>
    </p>
   </div>
   <div class='ocr_carea' id='block_1_59' title="bbox 549 4271 682 4311">
    <p class='ocr_par' dir='ltr' id='par_1_59' title="bbox 549 4271 682 4311">
     <span class='ocr_line' id='line_1_59' title="bbox 549 4271 682 4311; baseline -0.008 0"><span class='ocrx_word' id='word_1_442' title='bbox 549 4271 682 4311; x_wconf 87' lang='lat' dir='ltr'><strong>rem.</strong></span> 
     </span>
    </p>
   </div>
   <div class='ocr_carea' id='block_1_60' title="bbox 617 4347 2114 4425">
    <p class='ocr_par' dir='ltr' id='par_1_60' title="bbox 617 4347 2114 4425">
     <span class='ocr_line' id='line_1_60' title="bbox 617 4347 2114 4425; baseline 0.003 -22"><span class='ocrx_word' id='word_1_443' title='bbox 617 4347 765 4403; x_wconf 88' lang='lat' dir='ltr'><strong>&#39;I‘unc</strong></span> <span class='ocrx_word' id='word_1_444' title='bbox 812 4352 988 4421; x_wconf 84' lang='lat' dir='ltr'><strong>itaque</strong></span> <span class='ocrx_word' id='word_1_445' title='bbox 1033 4367 1216 4408; x_wconf 88' lang='lat' dir='ltr'><strong>omnes</strong></span> <span class='ocrx_word' id='word_1_446' title='bbox 1257 4353 1576 4421; x_wconf 73' lang='lat' dir='ltr'><strong>fornicarize,</strong></span> <span class='ocrx_word' id='word_1_447' title='bbox 1609 4360 1663 4407; x_wconf 90' lang='lat' dir='ltr'><strong>et</strong></span> <span class='ocrx_word' id='word_1_448' title='bbox 1686 4367 1805 4425; x_wconf 62' lang='lat' dir='ltr'><strong>quae</strong></span> <span class='ocrx_word' id='word_1_449' title='bbox 1850 4353 2114 4408; x_wconf 80' lang='lat' dir='ltr'><strong>abrenun-</strong></span> 
     </span>
    </p>
   </div>
   <div class='ocr_carea' id='block_1_61' title="bbox 548 4438 2113 4510">
    <p class='ocr_par' dir='ltr' id='par_1_61' title="bbox 548 4438 2113 4510">
     <span class='ocr_line' id='line_1_61' title="bbox 548 4438 2113 4510; baseline 0.003 -18"><span class='ocrx_word' id='word_1_450' title='bbox 548 4438 808 4494; x_wconf 88' lang='lat' dir='ltr'><strong>tiaverunt</strong></span> <span class='ocrx_word' id='word_1_451' title='bbox 841 4456 908 4495; x_wconf 85' lang='lat' dir='ltr'><strong>ex</strong></span> <span class='ocrx_word' id='word_1_452' title='bbox 936 4443 1039 4508; x_wconf 86' lang='lat' dir='ltr'><strong>eis,</strong></span> <span class='ocrx_word' id='word_1_453' title='bbox 1068 4452 1124 4498; x_wconf 91' lang='lat' dir='ltr'><strong>et</strong></span> <span class='ocrx_word' id='word_1_454' title='bbox 1150 4442 1294 4497; x_wconf 91' lang='lat' dir='ltr'><strong>viros</strong></span> <span class='ocrx_word' id='word_1_455' title='bbox 1319 4452 1684 4510; x_wconf 88' lang='lat' dir='ltr'><strong>susceperant,</strong></span> <span class='ocrx_word' id='word_1_456' title='bbox 1714 4456 1832 4497; x_wconf 91' lang='lat' dir='ltr'><strong>eum</strong></span> <span class='ocrx_word' id='word_1_457' title='bbox 1864 4442 2032 4497; x_wconf 85' lang='lat' dir='ltr'><strong>cereis</strong></span> <span class='ocrx_word' id='word_1_458' title='bbox 2058 4451 2113 4498; x_wconf 89' lang='lat' dir='ltr'><strong>et</strong></span> 
     </span>
    </p>
   </div>
   <div class='ocr_carea' id='block_1_62' title="bbox 549 4528 2111 4600">
    <p class='ocr_par' dir='ltr' id='par_1_62' title="bbox 549 4528 2111 4600">
     <span class='ocr_line' id='line_1_62' title="bbox 549 4528 2111 4600; baseline 0.004 -19"><span class='ocrx_word' id='word_1_459' title='bbox 549 4528 878 4598; x_wconf 88' lang='lat' dir='ltr'><strong>lampadibus</strong></span> <span class='ocrx_word' id='word_1_460' title='bbox 908 4533 1166 4600; x_wconf 69' lang='lat' dir='ltr'><strong>prmibant</strong></span> <span class='ocrx_word' id='word_1_461' title='bbox 1194 4546 1315 4586; x_wconf 90' lang='lat' dir='ltr'><strong>eum</strong></span> <span class='ocrx_word' id='word_1_462' title='bbox 1352 4533 1559 4597; x_wconf 86' lang='lat' dir='ltr'><strong>ﬂentes,</strong></span> <span class='ocrx_word' id='word_1_463' title='bbox 1587 4540 1641 4587; x_wconf 87' lang='lat' dir='ltr'><strong>et</strong></span> <span class='ocrx_word' id='word_1_464' title='bbox 1664 4532 1901 4588; x_wconf 91' lang='lat' dir='ltr'><strong>dicentes</strong></span> <span class='ocrx_word' id='word_1_465' title='bbox 1931 4549 1945 4587; x_wconf 91' lang='lat'><strong>:</strong></span> <span class='ocrx_word' id='word_1_466' title='bbox 1979 4531 2111 4588; x_wconf 84' lang='lat' dir='ltr'><strong>Per-</strong></span> 
     </span>
    </p>
   </div>
   <div class='ocr_carea' id='block_1_63' title="bbox 2214 1977 3792 2053">
    <p class='ocr_par' dir='ltr' id='par_1_63' title="bbox 2214 1977 3792 2053">
     <span class='ocr_line' id='line_1_63' title="bbox 2214 1977 3792 2053; baseline -0.006 -13"><span class='ocrx_word' id='word_1_467' title='bbox 2214 1986 2304 2040; x_wconf 82' lang='lat' dir='ltr'><strong>ille</strong></span> <span class='ocrx_word' id='word_1_468' title='bbox 2331 1987 2536 2049; x_wconf 86' lang='lat' dir='ltr'><strong>beatus,</strong></span> <span class='ocrx_word' id='word_1_469' title='bbox 2563 1987 2682 2053; x_wconf 90' lang='lat' dir='ltr'><strong>quia</strong></span> <span class='ocrx_word' id='word_1_470' title='bbox 2724 2001 2830 2038; x_wconf 92' lang='lat' dir='ltr'><strong>non</strong></span> <span class='ocrx_word' id='word_1_471' title='bbox 2859 1977 3076 2037; x_wconf 82' lang='lat' dir='ltr'><strong>dederat</strong></span> <span class='ocrx_word' id='word_1_472' title='bbox 3115 1984 3160 2036; x_wconf 90' lang='lat' dir='ltr'><strong>ei</strong></span> <span class='ocrx_word' id='word_1_473' title='bbox 3187 1988 3443 2050; x_wconf 89' lang='lat' dir='ltr'><strong>quotquot</strong></span> <span class='ocrx_word' id='word_1_474' title='bbox 3469 1978 3655 2031; x_wconf 85' lang='lat' dir='ltr'><strong>voluit.</strong></span> <span class='ocrx_word' id='word_1_475' title='bbox 3692 1977 3792 2031; x_wconf 85' lang='lat' dir='ltr'><strong>His</strong></span> 
     </span>
    </p>
   </div>
   <div class='ocr_carea' id='block_1_64' title="bbox 2213 2068 3792 2145">
    <p class='ocr_par' dir='ltr' id='par_1_64' title="bbox 2213 2068 3792 2145">
     <span class='ocr_line' id='line_1_64' title="bbox 2213 2068 3792 2145; baseline -0.005 -17"><span class='ocrx_word' id='word_1_476' title='bbox 2213 2090 2388 2131; x_wconf 82' lang='lat' dir='ltr'><strong>autem</strong></span> <span class='ocrx_word' id='word_1_477' title='bbox 2417 2076 2507 2145; x_wconf 88' lang='lat' dir='ltr'><strong>qui</strong></span> <span class='ocrx_word' id='word_1_478' title='bbox 2552 2077 2619 2130; x_wconf 90' lang='lat' dir='ltr'><strong>de</strong></span> <span class='ocrx_word' id='word_1_479' title='bbox 2649 2075 2902 2143; x_wconf 87' lang='lat' dir='ltr'><strong>obsequio</strong></span> <span class='ocrx_word' id='word_1_480' title='bbox 2951 2085 3123 2141; x_wconf 81' lang='lat' dir='ltr'><strong>erant,</strong></span> <span class='ocrx_word' id='word_1_481' title='bbox 3167 2070 3529 2139; x_wconf 66' lang='lat' dir='ltr'><strong>quaerentibus</strong></span> <span class='ocrx_word' id='word_1_482' title='bbox 3576 2068 3792 2121; x_wconf 57' lang='lat' dir='ltr'><strong>cedere</strong></span> 
     </span>
    </p>
   </div>
   <div class='ocr_carea' id='block_1_65' title="bbox 2212 2161 3790 2238">
    <p class='ocr_par' dir='ltr' id='par_1_65' title="bbox 2212 2161 3790 2238">
     <span class='ocr_line' id='line_1_65' title="bbox 2212 2161 3790 2238; baseline -0.008 -14"><span class='ocrx_word' id='word_1_483' title='bbox 2212 2184 2331 2224; x_wconf 89' lang='lat' dir='ltr'><strong>eum</strong></span> <span class='ocrx_word' id='word_1_484' title='bbox 2360 2170 2447 2238; x_wconf 86' lang='lat' dir='ltr'><strong>qui</strong></span> <span class='ocrx_word' id='word_1_485' title='bbox 2496 2168 2907 2229; x_wconf 87' lang='lat' dir='ltr'><strong>conviciabatur,</strong></span> <span class='ocrx_word' id='word_1_486' title='bbox 2953 2164 3247 2234; x_wconf 82' lang='lat' dir='ltr'><strong>increpavit</strong></span> <span class='ocrx_word' id='word_1_487' title='bbox 3288 2178 3385 2217; x_wconf 82' lang='lat' dir='ltr'><strong>eos</strong></span> <span class='ocrx_word' id='word_1_488' title='bbox 3430 2161 3790 2215; x_wconf 79' lang='lat' dir='ltr'><strong>vehementer</strong></span> 
     </span>
    </p>
   </div>
   <div class='ocr_carea' id='block_1_66' title="bbox 2213 2250 3789 2329">
    <p class='ocr_par' dir='ltr' id='par_1_66' title="bbox 2213 2250 3789 2329">
     <span class='ocr_line' id='line_1_66' title="bbox 2213 2250 3789 2329; baseline -0.006 -17"><span class='ocrx_word' id='word_1_489' title='bbox 2213 2261 2508 2329; x_wconf 90' lang='lat' dir='ltr'><strong>patriarcha</strong></span> <span class='ocrx_word' id='word_1_490' title='bbox 2536 2302 2550 2325; x_wconf 93' lang='lat'><strong>,</strong></span> <span class='ocrx_word' id='word_1_491' title='bbox 2594 2260 2774 2312; x_wconf 87' lang='lat' dir='ltr'><strong>dicens</strong></span> <span class='ocrx_word' id='word_1_492' title='bbox 2822 2276 2835 2309; x_wconf 89' lang='lat'>:</span> <span class='ocrx_word' id='word_1_493' title='bbox 2884 2258 3053 2312; x_wconf 86' lang='lat' dir='ltr'><strong>Sinite</strong></span> <span class='ocrx_word' id='word_1_494' title='bbox 3116 2271 3260 2317; x_wconf 84' lang='lat' dir='ltr'><strong>eum,</strong></span> <span class='ocrx_word' id='word_1_495' title='bbox 3297 2253 3493 2307; x_wconf 85' lang='lat' dir='ltr'><strong>fratres</strong></span> <span class='ocrx_word' id='word_1_496' title='bbox 3538 2267 3555 2305; x_wconf 85' lang='lat'><strong>:</strong></span> <span class='ocrx_word' id='word_1_497' title='bbox 3609 2250 3789 2303; x_wconf 74' lang='lat' dir='ltr'><strong>habeo</strong></span> 
     </span>
    </p>
   </div>
   <div class='ocr_carea' id='block_1_67' title="bbox 2216 2346 3789 2419">
    <p class='ocr_par' dir='ltr' id='par_1_67' title="bbox 2216 2346 3789 2419">
     <span class='ocr_line' id='line_1_67' title="bbox 2216 2346 3789 2419; baseline -0.009 -14"><span class='ocrx_word' id='word_1_498' title='bbox 2216 2358 2320 2414; x_wconf 75' lang='lat' dir='ltr'><strong>ego</strong></span> <span class='ocrx_word' id='word_1_499' title='bbox 2389 2348 2664 2419; x_wconf 78' lang='lat' dir='ltr'><strong>sexaginta</strong></span> <span class='ocrx_word' id='word_1_500' title='bbox 2739 2362 2949 2412; x_wconf 88' lang='lat' dir='ltr'><strong>annos,</strong></span> <span class='ocrx_word' id='word_1_501' title='bbox 3079 2346 3459 2412; x_wconf 85' lang='lat' dir='ltr'><strong>blasphemans</strong></span> <span class='ocrx_word' id='word_1_502' title='bbox 3499 2356 3592 2408; x_wconf 91' lang='lat' dir='ltr'><strong>per</strong></span> <span class='ocrx_word' id='word_1_503' title='bbox 3620 2354 3789 2408; x_wconf 82' lang='lat' dir='ltr'><strong>opera</strong></span> 
     </span>
    </p>
   </div>
   <div class='ocr_carea' id='block_1_68' title="bbox 2212 2428 3784 2504">
    <p class='ocr_par' dir='ltr' id='par_1_68' title="bbox 2212 2428 3784 2504">
     <span class='ocr_line' id='line_1_68' title="bbox 2212 2428 3784 2504; baseline -0.01 -8"><span class='ocrx_word' id='word_1_504' title='bbox 2212 2441 2658 2504; x_wconf 83' lang='lat' dir='ltr'><strong>mea&#39;Christum,</strong></span> <span class='ocrx_word' id='word_1_505' title='bbox 2691 2447 2742 2491; x_wconf 88' lang='lat' dir='ltr'><strong>et</strong></span> <span class='ocrx_word' id='word_1_506' title='bbox 2787 2453 2944 2490; x_wconf 89' lang='lat' dir='ltr'><strong>unum</strong></span> <span class='ocrx_word' id='word_1_507' title='bbox 2976 2436 3271 2489; x_wconf 85' lang='lat' dir='ltr'><strong>convicium</strong></span> <span class='ocrx_word' id='word_1_508' title='bbox 3312 2448 3415 2487; x_wconf 92' lang='lat' dir='ltr'><strong>non</strong></span> <span class='ocrx_word' id='word_1_509' title='bbox 3443 2430 3667 2498; x_wconf 85' lang='lat' dir='ltr'><strong>portabo</strong></span> <span class='ocrx_word' id='word_1_510' title='bbox 3708 2428 3784 2482; x_wconf 83' lang='lat' dir='ltr'><strong>ab</strong></span> 
     </span>
    </p>
   </div>
   <div class='ocr_carea' id='block_1_69' title="bbox 2212 2523 3786 2600">
    <p class='ocr_par' dir='ltr' id='par_1_69' title="bbox 2212 2523 3786 2600">
     <span class='ocr_line' id='line_1_69' title="bbox 2212 2523 3786 2600; baseline -0.009 -13"><span class='ocrx_word' id='word_1_511' title='bbox 2212 2533 2350 2588; x_wconf 75' lang='lat' dir='ltr'><strong>isto?</strong></span> <span class='ocrx_word' id='word_1_512' title='bbox 2390 2533 2455 2586; x_wconf 86' lang='lat' dir='ltr'><strong>Et</strong></span> <span class='ocrx_word' id='word_1_513' title='bbox 2481 2532 2731 2600; x_wconf 66' lang='lat' dir='ltr'><strong>praecepit</strong></span> <span class='ocrx_word' id='word_1_514' title='bbox 2759 2529 2930 2583; x_wconf 89' lang='lat' dir='ltr'><strong>datori</strong></span> <span class='ocrx_word' id='word_1_515' title='bbox 2977 2528 3184 2582; x_wconf 89' lang='lat' dir='ltr'><strong>solvere</strong></span> <span class='ocrx_word' id='word_1_516' title='bbox 3215 2526 3506 2589; x_wconf 87' lang='lat' dir='ltr'><strong>sacculum,</strong></span> <span class='ocrx_word' id='word_1_517' title='bbox 3546 2532 3607 2577; x_wconf 91' lang='lat' dir='ltr'><strong>ut</strong></span> <span class='ocrx_word' id='word_1_518' title='bbox 3635 2523 3786 2575; x_wconf 85' lang='lat' dir='ltr'><strong>sine-</strong></span> 
     </span>
    </p>
   </div>
   <div class='ocr_carea' id='block_1_70' title="bbox 2211 2615 3561 2693">
    <p class='ocr_par' dir='ltr' id='par_1_70' title="bbox 2211 2615 3561 2693">
     <span class='ocr_line' id='line_1_70' title="bbox 2211 2615 3561 2693; baseline -0.01 -13"><span class='ocrx_word' id='word_1_519' title='bbox 2211 2632 2294 2680; x_wconf 86' lang='lat' dir='ltr'><strong>ret</strong></span> <span class='ocrx_word' id='word_1_520' title='bbox 2322 2637 2602 2693; x_wconf 88' lang='lat' dir='ltr'><strong>pauperem</strong></span> <span class='ocrx_word' id='word_1_521' title='bbox 2634 2622 2823 2676; x_wconf 88' lang='lat' dir='ltr'><strong>tollere</strong></span> <span class='ocrx_word' id='word_1_522' title='bbox 2851 2629 3101 2689; x_wconf 82' lang='lat' dir='ltr'><strong>quantuni</strong></span> <span class='ocrx_word' id='word_1_523' title='bbox 3132 2618 3289 2673; x_wconf 88' lang='lat' dir='ltr'><strong>vellet</strong></span> <span class='ocrx_word' id='word_1_524' title='bbox 3313 2615 3561 2684; x_wconf 87' lang='lat' dir='ltr'><strong>pretium.</strong></span> 
     </span>
    </p>
   </div>
   <div class='ocr_carea' id='block_1_71' title="bbox 2280 2704 3779 2777">
    <p class='ocr_par' dir='ltr' id='par_1_71' title="bbox 2280 2704 3779 2777">
     <span class='ocr_line' id='line_1_71' title="bbox 2280 2704 3779 2777; baseline -0.009 -9"><span class='ocrx_word' id='word_1_525' title='bbox 2280 2716 2406 2770; x_wconf 65' lang='lat' dir='ltr'><strong>Car.</strong></span> <span class='ocrx_word' id='word_1_526' title='bbox 2443 2714 2704 2769; x_wconf 85' lang='lat' dir='ltr'><strong>XXXVII.</strong></span> <span class='ocrx_word' id='word_1_527' title='bbox 2734 2713 2789 2767; x_wconf 93' lang='lat' dir='ltr'><strong>Si</strong></span> <span class='ocrx_word' id='word_1_528' title='bbox 2820 2726 2946 2766; x_wconf 86' lang='lat' dir='ltr'><strong>vero</strong></span> <span class='ocrx_word' id='word_1_529' title='bbox 2966 2710 3250 2777; x_wconf 88' lang='lat' dir='ltr'><strong>aliquando</strong></span> <span class='ocrx_word' id='word_1_530' title='bbox 3278 2707 3529 2760; x_wconf 88' lang='lat' dir='ltr'><strong>audiebat</strong></span> <span class='ocrx_word' id='word_1_531' title='bbox 3553 2704 3779 2769; x_wconf 82' lang='lat' dir='ltr'><strong>sapien-</strong></span> 
     </span>
    </p>
   </div>
   <div class='ocr_carea' id='block_1_72' title="bbox 2209 2794 3785 2875">
    <p class='ocr_par' dir='ltr' id='par_1_72' title="bbox 2209 2794 3785 2875">
     <span class='ocr_line' id='line_1_72' title="bbox 2209 2794 3785 2875; baseline -0.011 -11"><span class='ocrx_word' id='word_1_532' title='bbox 2209 2809 2468 2871; x_wconf 87' lang='lat' dir='ltr'><strong>tissimus,</strong></span> <span class='ocrx_word' id='word_1_533' title='bbox 2498 2806 2748 2875; x_wconf 88' lang='lat' dir='ltr'><strong>quoniam</strong></span> <span class='ocrx_word' id='word_1_534' title='bbox 2775 2804 3201 2872; x_wconf 80' lang='lat' dir='ltr'><strong>eleetuosynator</strong></span> <span class='ocrx_word' id='word_1_535' title='bbox 3226 2807 3308 2853; x_wconf 89' lang='lat' dir='ltr'><strong>est</strong></span> <span class='ocrx_word' id='word_1_536' title='bbox 3365 2798 3507 2860; x_wconf 84' lang='lat' dir='ltr'><strong>talis,</strong></span> <span class='ocrx_word' id='word_1_537' title='bbox 3535 2794 3785 2848; x_wconf 81' lang='lat' dir='ltr'><strong>adduce—</strong></span> 
     </span>
    </p>
   </div>
   <div class='ocr_carea' id='block_1_73' title="bbox 2210 2884 3788 2957">
    <p class='ocr_par' dir='ltr' id='par_1_73' title="bbox 2210 2884 3788 2957">
     <span class='ocr_line' id='line_1_73' title="bbox 2210 2884 3788 2957; baseline -0.013 -2"><span class='ocrx_word' id='word_1_538' title='bbox 2210 2899 2300 2955; x_wconf 89' lang='lat' dir='ltr'><strong>bat</strong></span> <span class='ocrx_word' id='word_1_539' title='bbox 2339 2913 2460 2953; x_wconf 92' lang='lat' dir='ltr'><strong>eum</strong></span> <span class='ocrx_word' id='word_1_540' title='bbox 2511 2898 2563 2951; x_wconf 91' lang='lat' dir='ltr'><strong>iu</strong></span> <span class='ocrx_word' id='word_1_541' title='bbox 2607 2896 2872 2950; x_wconf 86' lang='lat' dir='ltr'><strong>hilaritate</strong></span> <span class='ocrx_word' id='word_1_542' title='bbox 2899 2906 3159 2957; x_wconf 80' lang='lat' dir='ltr'><strong>seorsum,</strong></span> <span class='ocrx_word' id='word_1_543' title='bbox 3192 2899 3244 2943; x_wconf 89' lang='lat' dir='ltr'><strong>et</strong></span> <span class='ocrx_word' id='word_1_544' title='bbox 3271 2888 3481 2942; x_wconf 87' lang='lat' dir='ltr'><strong>dicebat</strong></span> <span class='ocrx_word' id='word_1_545' title='bbox 3507 2887 3556 2940; x_wconf 87' lang='lat' dir='ltr'><strong>ei</strong></span> <span class='ocrx_word' id='word_1_546' title='bbox 3583 2903 3598 2937; x_wconf 90' lang='lat'>:</span> <span class='ocrx_word' id='word_1_547' title='bbox 3631 2884 3788 2947; x_wconf 72' lang='lat' dir='ltr'><strong>Ono-</strong></span> 
     </span>
    </p>
   </div>
   <div class='ocr_carea' id='block_1_74' title="bbox 2210 2977 3788 3054">
    <p class='ocr_par' dir='ltr' id='par_1_74' title="bbox 2210 2977 3788 3054">
     <span class='ocr_line' id='line_1_74' title="bbox 2210 2977 3788 3054; baseline -0.008 -11"><span class='ocrx_word' id='word_1_548' title='bbox 2210 2988 2368 3043; x_wconf 90' lang='lat' dir='ltr'><strong>modo</strong></span> <span class='ocrx_word' id='word_1_549' title='bbox 2395 2988 2559 3041; x_wconf 89' lang='lat' dir='ltr'><strong>factus</strong></span> <span class='ocrx_word' id='word_1_550' title='bbox 2575 3001 2632 3041; x_wconf 87' lang='lat' dir='ltr'><strong>es</strong></span> <span class='ocrx_word' id='word_1_551' title='bbox 2646 2983 3102 3054; x_wconf 77' lang='lat' dir='ltr'><strong>eleemosynator?</strong></span> <span class='ocrx_word' id='word_1_552' title='bbox 3118 2980 3336 3035; x_wconf 85' lang='lat' dir='ltr'><strong>naturali</strong></span> <span class='ocrx_word' id='word_1_553' title='bbox 3347 2989 3446 3043; x_wconf 90' lang='lat' dir='ltr'><strong>ter,</strong></span> <span class='ocrx_word' id='word_1_554' title='bbox 3458 2993 3524 3030; x_wconf 90' lang='lat' dir='ltr'><strong>an</strong></span> <span class='ocrx_word' id='word_1_555' title='bbox 3548 2977 3788 3044; x_wconf 86' lang='lat' dir='ltr'><strong>teipsum</strong></span> 
     </span>
    </p>
   </div>
   <div class='ocr_carea' id='block_1_75' title="bbox 2210 3070 3791 3147">
    <p class='ocr_par' dir='ltr' id='par_1_75' title="bbox 2210 3070 3791 3147">
     <span class='ocr_line' id='line_1_75' title="bbox 2210 3070 3791 3147; baseline -0.006 -14"><span class='ocrx_word' id='word_1_556' title='bbox 2210 3080 2470 3135; x_wconf 88' lang='lat' dir='ltr'><strong>violenter</strong></span> <span class='ocrx_word' id='word_1_557' title='bbox 2500 3077 2731 3147; x_wconf 81' lang='lat' dir='ltr'><strong>cogens?</strong></span> <span class='ocrx_word' id='word_1_558' title='bbox 2763 3075 2912 3130; x_wconf 86' lang='lat' dir='ltr'><strong>Unde</strong></span> <span class='ocrx_word' id='word_1_559' title='bbox 2939 3073 3152 3143; x_wconf 87' lang='lat' dir='ltr'><strong>quidam</strong></span> <span class='ocrx_word' id='word_1_560' title='bbox 3203 3072 3292 3140; x_wconf 91' lang='lat' dir='ltr'><strong>qui</strong></span> <span class='ocrx_word' id='word_1_561' title='bbox 3321 3072 3388 3126; x_wconf 87' lang='lat' dir='ltr'><strong>ab</strong></span> <span class='ocrx_word' id='word_1_562' title='bbox 3429 3085 3498 3126; x_wconf 87' lang='lat' dir='ltr'><strong>eo</strong></span> <span class='ocrx_word' id='word_1_563' title='bbox 3548 3070 3791 3125; x_wconf 87' lang='lat' dir='ltr'><strong>interro-</strong></span> 
     </span>
    </p>
   </div>
   <div class='ocr_carea' id='block_1_76' title="bbox 2210 3161 3790 3241">
    <p class='ocr_par' dir='ltr' id='par_1_76' title="bbox 2210 3161 3790 3241">
     <span class='ocr_line' id='line_1_76' title="bbox 2210 3161 3790 3241; baseline -0.006 -17"><span class='ocrx_word' id='word_1_564' title='bbox 2210 3170 2465 3241; x_wconf 83' lang='lat' dir='ltr'><strong>gabatttur</strong></span> <span class='ocrx_word' id='word_1_565' title='bbox 2486 3212 2501 3234; x_wconf 86' lang='lat'><strong>,</strong></span> <span class='ocrx_word' id='word_1_566' title='bbox 2534 3165 2893 3231; x_wconf 88' lang='lat' dir='ltr'><strong>verecundati,</strong></span> <span class='ocrx_word' id='word_1_567' title='bbox 2919 3164 3251 3218; x_wconf 88' lang='lat' dir='ltr'><strong>occultabant</strong></span> <span class='ocrx_word' id='word_1_568' title='bbox 3280 3161 3493 3231; x_wconf 87' lang='lat' dir='ltr'><strong>quidem</strong></span> <span class='ocrx_word' id='word_1_569' title='bbox 3511 3202 3527 3226; x_wconf 90' lang='lat'><strong>,</strong></span> <span class='ocrx_word' id='word_1_570' title='bbox 3562 3161 3790 3227; x_wconf 75' lang='lat' dir='ltr'><strong>quidam</strong></span> 
     </span>
    </p>
   </div>
   <div class='ocr_carea' id='block_1_77' title="bbox 2214 3253 3797 3325">
    <p class='ocr_par' dir='ltr' id='par_1_77' title="bbox 2214 3253 3797 3325">
     <span class='ocr_line' id='line_1_77' title="bbox 2214 3253 3797 3325; baseline -0.006 -10"><span class='ocrx_word' id='word_1_571' title='bbox 2214 3272 2390 3316; x_wconf 90' lang='lat' dir='ltr'><strong>autem</strong></span> <span class='ocrx_word' id='word_1_572' title='bbox 2421 3260 2667 3315; x_wconf 88' lang='lat' dir='ltr'><strong>dicebant</strong></span> <span class='ocrx_word' id='word_1_573' title='bbox 2698 3257 2767 3311; x_wconf 91' lang='lat' dir='ltr'><strong>ei.</strong></span> <span class='ocrx_word' id='word_1_574' title='bbox 2823 3257 3045 3325; x_wconf 85' lang='lat' dir='ltr'><strong>Propter</strong></span> <span class='ocrx_word' id='word_1_575' title='bbox 3074 3255 3212 3323; x_wconf 88' lang='lat' dir='ltr'><strong>quod</strong></span> <span class='ocrx_word' id='word_1_576' title='bbox 3242 3268 3376 3307; x_wconf 86' lang='lat' dir='ltr'><strong>unus</strong></span> <span class='ocrx_word' id='word_1_577' title='bbox 3423 3253 3797 3321; x_wconf 72' lang='lat' dir='ltr'><strong>interrogatus</strong></span> 
     </span>
    </p>
   </div>
   <div class='ocr_carea' id='block_1_78' title="bbox 2212 3342 3793 3417">
    <p class='ocr_par' dir='ltr' id='par_1_78' title="bbox 2212 3342 3793 3417">
     <span class='ocr_line' id='line_1_78' title="bbox 2212 3342 3793 3417; baseline -0.009 -9"><span class='ocrx_word' id='word_1_578' title='bbox 2212 3368 2242 3408; x_wconf 89' lang='lat' dir='ltr'><strong>a</strong></span> <span class='ocrx_word' id='word_1_579' title='bbox 2269 3362 2472 3415; x_wconf 86' lang='lat' dir='ltr'><strong>sancto,</strong></span> <span class='ocrx_word' id='word_1_580' title='bbox 2501 3349 2773 3417; x_wconf 80' lang='lat' dir='ltr'><strong>respondit</strong></span> <span class='ocrx_word' id='word_1_581' title='bbox 2822 3349 2890 3401; x_wconf 89' lang='lat' dir='ltr'><strong>ita</strong></span> <span class='ocrx_word' id='word_1_582' title='bbox 2916 3363 2929 3400; x_wconf 91' lang='lat'>:</span> <span class='ocrx_word' id='word_1_583' title='bbox 2983 3345 3156 3401; x_wconf 83' lang='lat' dir='ltr'><strong>Crede</strong></span> <span class='ocrx_word' id='word_1_584' title='bbox 3213 3344 3361 3408; x_wconf 86' lang='lat' dir='ltr'><strong>mihi,</strong></span> <span class='ocrx_word' id='word_1_585' title='bbox 3391 3344 3629 3405; x_wconf 85' lang='lat' dir='ltr'><strong>domine,</strong></span> <span class='ocrx_word' id='word_1_586' title='bbox 3659 3342 3793 3410; x_wconf 85' lang='lat' dir='ltr'><strong>quia</strong></span> 
     </span>
    </p>
   </div>
   <div class='ocr_carea' id='block_1_79' title="bbox 2214 3429 3783 3500">
    <p class='ocr_par' dir='ltr' id='par_1_79' title="bbox 2214 3429 3783 3500">
     <span class='ocr_line' id='line_1_79' title="bbox 2214 3429 3783 3500; baseline -0.009 -4"><span class='ocrx_word' id='word_1_587' title='bbox 2214 3441 2345 3496; x_wconf 80' lang='lat' dir='ltr'><strong>nihEl</strong></span> <span class='ocrx_word' id='word_1_588' title='bbox 2367 3441 2435 3494; x_wconf 92' lang='lat' dir='ltr'><strong>do</strong></span> <span class='ocrx_word' id='word_1_589' title='bbox 2457 3447 2546 3492; x_wconf 92' lang='lat' dir='ltr'><strong>aut</strong></span> <span class='ocrx_word' id='word_1_590' title='bbox 2576 3436 2713 3491; x_wconf 85' lang='lat' dir='ltr'><strong>facio</strong></span> <span class='ocrx_word' id='word_1_591' title='bbox 2740 3434 2895 3500; x_wconf 90' lang='lat' dir='ltr'><strong>boni;</strong></span> <span class='ocrx_word' id='word_1_592' title='bbox 2927 3440 3290 3488; x_wconf 84' lang='lat' dir='ltr'><strong>verumtamen</strong></span> <span class='ocrx_word' id='word_1_593' title='bbox 3321 3431 3490 3500; x_wconf 86' lang='lat' dir='ltr'><strong>ipsum</strong></span> <span class='ocrx_word' id='word_1_594' title='bbox 3521 3429 3667 3497; x_wconf 87' lang='lat' dir='ltr'><strong>quod</strong></span> <span class='ocrx_word' id='word_1_595' title='bbox 3694 3430 3783 3482; x_wconf 85' lang='lat' dir='ltr'><strong>fa-</strong></span> 
     </span>
    </p>
   </div>
   <div class='ocr_carea' id='block_1_80' title="bbox 2215 3518 3789 3598">
    <p class='ocr_par' dir='ltr' id='par_1_80' title="bbox 2215 3518 3789 3598">
     <span class='ocr_line' id='line_1_80' title="bbox 2215 3518 3789 3598; baseline -0.012 -10"><span class='ocrx_word' id='word_1_596' title='bbox 2215 3533 2298 3589; x_wconf 86' lang='lat' dir='ltr'><strong>cio</strong></span> <span class='ocrx_word' id='word_1_597' title='bbox 2326 3540 2380 3586; x_wconf 87' lang='lat' dir='ltr'><strong>et</strong></span> <span class='ocrx_word' id='word_1_598' title='bbox 2432 3529 2661 3598; x_wconf 65' lang='lat' dir='ltr'><strong>praebeo,</strong></span> <span class='ocrx_word' id='word_1_599' title='bbox 2688 3542 2755 3581; x_wconf 87' lang='lat' dir='ltr'><strong>ex</strong></span> <span class='ocrx_word' id='word_1_600' title='bbox 2798 3526 2988 3593; x_wconf 86' lang='lat' dir='ltr'><strong>quibus</strong></span> <span class='ocrx_word' id='word_1_601' title='bbox 3042 3523 3180 3577; x_wconf 88' lang='lat' dir='ltr'><strong>Deus</strong></span> <span class='ocrx_word' id='word_1_602' title='bbox 3234 3531 3289 3576; x_wconf 89' lang='lat' dir='ltr'><strong>et</strong></span> <span class='ocrx_word' id='word_1_603' title='bbox 3338 3518 3609 3575; x_wconf 86' lang='lat' dir='ltr'><strong>orationes</strong></span> <span class='ocrx_word' id='word_1_604' title='bbox 3668 3528 3789 3570; x_wconf 75' lang='lat' dir='ltr'><strong>tua:</strong></span> 
     </span>
    </p>
   </div>
   <div class='ocr_carea' id='block_1_81' title="bbox 2214 3609 3792 3693">
    <p class='ocr_par' dir='ltr' id='par_1_81' title="bbox 2214 3609 3792 3693">
     <span class='ocr_line' id='line_1_81' title="bbox 2214 3609 3792 3693; baseline -0.01 -15"><span class='ocrx_word' id='word_1_605' title='bbox 2214 3623 2528 3693; x_wconf 88' lang='lat' dir='ltr'><strong>largiuntur,</strong></span> <span class='ocrx_word' id='word_1_606' title='bbox 2546 3620 2615 3672; x_wconf 91' lang='lat' dir='ltr'><strong>ita</strong></span> <span class='ocrx_word' id='word_1_607' title='bbox 2639 3617 2811 3671; x_wconf 84' lang='lat' dir='ltr'><strong>facere</strong></span> <span class='ocrx_word' id='word_1_608' title='bbox 2827 3615 3053 3670; x_wconf 83' lang='lat' dir='ltr'><strong>assuevi.</strong></span> <span class='ocrx_word' id='word_1_609' title='bbox 3090 3614 3244 3667; x_wconf 88' lang='lat' dir='ltr'><strong>Eram</strong></span> <span class='ocrx_word' id='word_1_610' title='bbox 3270 3609 3577 3681; x_wconf 85' lang='lat' dir='ltr'><strong>priusvalde</strong></span> <span class='ocrx_word' id='word_1_611' title='bbox 3598 3610 3792 3663; x_wconf 83' lang='lat' dir='ltr'><strong>immi-</strong></span> 
     </span>
    </p>
   </div>
   <div class='ocr_carea' id='block_1_82' title="bbox 2214 3700 3792 3772">
    <p class='ocr_par' dir='ltr' id='par_1_82' title="bbox 2214 3700 3792 3772">
     <span class='ocr_line' id='line_1_82' title="bbox 2214 3700 3792 3772; baseline -0.011 -3"><span class='ocrx_word' id='word_1_612' title='bbox 2214 3714 2444 3769; x_wconf 87' lang='lat' dir='ltr'><strong>sericors</strong></span> <span class='ocrx_word' id='word_1_613' title='bbox 2485 3719 2541 3765; x_wconf 92' lang='lat' dir='ltr'><strong>et</strong></span> <span class='ocrx_word' id='word_1_614' title='bbox 2582 3708 2832 3772; x_wconf 88' lang='lat' dir='ltr'><strong>crudelis,</strong></span> <span class='ocrx_word' id='word_1_615' title='bbox 2864 3716 2917 3761; x_wconf 91' lang='lat' dir='ltr'><strong>et</strong></span> <span class='ocrx_word' id='word_1_616' title='bbox 2979 3704 3141 3760; x_wconf 79' lang='lat' dir='ltr'><strong>semel</strong></span> <span class='ocrx_word' id='word_1_617' title='bbox 3174 3704 3362 3757; x_wconf 87' lang='lat' dir='ltr'><strong>damna</strong></span> <span class='ocrx_word' id='word_1_618' title='bbox 3411 3700 3704 3770; x_wconf 87' lang='lat' dir='ltr'><strong>pertuli.et</strong></span> <span class='ocrx_word' id='word_1_619' title='bbox 3735 3701 3792 3752; x_wconf 87' lang='lat' dir='ltr'><strong>in</strong></span> 
     </span>
    </p>
   </div>
   <div class='ocr_carea' id='block_1_83' title="bbox 2215 3792 3793 3866">
    <p class='ocr_par' dir='ltr' id='par_1_83' title="bbox 2215 3792 3793 3866">
     <span class='ocr_line' id='line_1_83' title="bbox 2215 3792 3793 3866; baseline -0.011 -4"><span class='ocrx_word' id='word_1_620' title='bbox 2215 3805 2555 3862; x_wconf 83' lang='lat' dir='ltr'><strong>subtilitatem</strong></span> <span class='ocrx_word' id='word_1_621' title='bbox 2620 3800 2854 3857; x_wconf 88' lang='lat' dir='ltr'><strong>deveni:</strong></span> <span class='ocrx_word' id='word_1_622' title='bbox 2912 3800 3073 3866; x_wconf 68' lang='lat' dir='ltr'><strong>coepit</strong></span> <span class='ocrx_word' id='word_1_623' title='bbox 3119 3795 3365 3864; x_wconf 76' lang='lat' dir='ltr'><strong>cogitatio</strong></span> <span class='ocrx_word' id='word_1_624' title='bbox 3419 3807 3533 3847; x_wconf 85' lang='lat' dir='ltr'><strong>mea</strong></span> <span class='ocrx_word' id='word_1_625' title='bbox 3597 3792 3793 3847; x_wconf 77' lang='lat' dir='ltr'><strong>dicere</strong></span> 
     </span>
    </p>
   </div>
   <div class='ocr_carea' id='block_1_84' title="bbox 2217 3886 3787 3960">
    <p class='ocr_par' dir='ltr' id='par_1_84' title="bbox 2217 3886 3787 3960">
     <span class='ocr_line' id='line_1_84' title="bbox 2217 3886 3787 3960; baseline -0.009 -8"><span class='ocrx_word' id='word_1_626' title='bbox 2217 3898 2344 3952; x_wconf 87' lang='lat' dir='ltr'><strong>mihi</strong></span> <span class='ocrx_word' id='word_1_627' title='bbox 2377 3914 2391 3951; x_wconf 91' lang='lat'><strong>:</strong></span> <span class='ocrx_word' id='word_1_628' title='bbox 2423 3896 2556 3950; x_wconf 86' lang='lat' dir='ltr'><strong>Vere</strong></span> <span class='ocrx_word' id='word_1_629' title='bbox 2587 3896 2629 3949; x_wconf 89' lang='lat' dir='ltr'><strong>si</strong></span> <span class='ocrx_word' id='word_1_630' title='bbox 2660 3907 2804 3948; x_wconf 87' lang='lat' dir='ltr'><strong>esses</strong></span> <span class='ocrx_word' id='word_1_631' title='bbox 2830 3891 3273 3960; x_wconf 82' lang='lat' dir='ltr'><strong>eleemosynator,</strong></span> <span class='ocrx_word' id='word_1_632' title='bbox 3304 3902 3408 3942; x_wconf 87' lang='lat' dir='ltr'><strong>non</strong></span> <span class='ocrx_word' id='word_1_633' title='bbox 3450 3886 3787 3955; x_wconf 80' lang='lat' dir='ltr'><strong>relinqueret</strong></span> 
     </span>
    </p>
   </div>
   <div class='ocr_carea' id='block_1_85' title="bbox 2217 3979 3789 4054">
    <p class='ocr_par' dir='ltr' id='par_1_85' title="bbox 2217 3979 3789 4054">
     <span class='ocr_line' id='line_1_85' title="bbox 2217 3979 3789 4054; baseline -0.01 -7"><span class='ocrx_word' id='word_1_634' title='bbox 2217 4001 2270 4047; x_wconf 89' lang='lat' dir='ltr'><strong>te</strong></span> <span class='ocrx_word' id='word_1_635' title='bbox 2292 3992 2448 4045; x_wconf 88' lang='lat' dir='ltr'><strong>Deus.</strong></span> <span class='ocrx_word' id='word_1_636' title='bbox 2474 3987 2647 4044; x_wconf 79' lang='lat' dir='ltr'><strong>Statili</strong></span> <span class='ocrx_word' id='word_1_637' title='bbox 2690 4001 2815 4054; x_wconf 84' lang='lat' dir='ltr'><strong>ergo</strong></span> <span class='ocrx_word' id='word_1_638' title='bbox 2844 3999 2939 4053; x_wconf 90' lang='lat' dir='ltr'><strong>per</strong></span> <span class='ocrx_word' id='word_1_639' title='bbox 2971 3981 3206 4051; x_wconf 84' lang='lat' dir='ltr'><strong>singulos</strong></span> <span class='ocrx_word' id='word_1_640' title='bbox 3251 3979 3366 4034; x_wconf 86' lang='lat' dir='ltr'><strong>dies</strong></span> <span class='ocrx_word' id='word_1_641' title='bbox 3389 3980 3514 4032; x_wconf 83' lang='lat' dir='ltr'><strong>dare</strong></span> <span class='ocrx_word' id='word_1_642' title='bbox 3540 3980 3789 4045; x_wconf 82' lang='lat' dir='ltr'><strong>quinque</strong></span> 
     </span>
    </p>
   </div>
   <div class='ocr_carea' id='block_1_86' title="bbox 2217 4069 3789 4147">
    <p class='ocr_par' dir='ltr' id='par_1_86' title="bbox 2217 4069 3789 4147">
     <span class='ocr_line' id='line_1_86' title="bbox 2217 4069 3789 4147; baseline -0.011 -11"><span class='ocrx_word' id='word_1_643' title='bbox 2217 4096 2383 4136; x_wconf 68' lang='lat' dir='ltr'><strong>aereos</strong></span> <span class='ocrx_word' id='word_1_644' title='bbox 2403 4094 2648 4133; x_wconf 91' lang='lat' dir='ltr'><strong>nummos</strong></span> <span class='ocrx_word' id='word_1_645' title='bbox 2676 4076 2993 4147; x_wconf 89' lang='lat' dir='ltr'><strong>pauperibus</strong></span> <span class='ocrx_word' id='word_1_646' title='bbox 3018 4089 3033 4137; x_wconf 85' lang='lat'><strong>;</strong></span> <span class='ocrx_word' id='word_1_647' title='bbox 3063 4080 3254 4127; x_wconf 88' lang='lat' dir='ltr'><strong>etcum</strong></span> <span class='ocrx_word' id='word_1_648' title='bbox 3294 4069 3575 4139; x_wconf 65' lang='lat' dir='ltr'><strong>coepissem</strong></span> <span class='ocrx_word' id='word_1_649' title='bbox 3624 4069 3789 4131; x_wconf 77' lang='lat' dir='ltr'><strong>dare.</strong></span> 
     </span>
    </p>
   </div>
   <div class='ocr_carea' id='block_1_87' title="bbox 2216 4158 3793 4237">
    <p class='ocr_par' dir='ltr' id='par_1_87' title="bbox 2216 4158 3793 4237">
     <span class='ocr_line' id='line_1_87' title="bbox 2216 4158 3793 4237; baseline -0.01 -9"><span class='ocrx_word' id='word_1_650' title='bbox 2216 4174 2393 4229; x_wconf 77' lang='lat' dir='ltr'><strong>Statim</strong></span> <span class='ocrx_word' id='word_1_651' title='bbox 2421 4172 2643 4227; x_wconf 80' lang='lat' dir='ltr'><strong>Satanas</strong></span> <span class='ocrx_word' id='word_1_652' title='bbox 2669 4167 2977 4237; x_wconf 84' lang='lat' dir='ltr'><strong>prohibebat</strong></span> <span class='ocrx_word' id='word_1_653' title='bbox 3001 4179 3100 4229; x_wconf 88' lang='lat' dir='ltr'><strong>me,</strong></span> <span class='ocrx_word' id='word_1_654' title='bbox 3135 4164 3316 4217; x_wconf 88' lang='lat' dir='ltr'><strong>dicens</strong></span> <span class='ocrx_word' id='word_1_655' title='bbox 3342 4178 3354 4214; x_wconf 92' lang='lat'>:</span> <span class='ocrx_word' id='word_1_656' title='bbox 3386 4160 3517 4214; x_wconf 86' lang='lat' dir='ltr'><strong>Vere</strong></span> <span class='ocrx_word' id='word_1_657' title='bbox 3538 4158 3793 4227; x_wconf 84' lang='lat' dir='ltr'><strong>quiaque</strong></span> 
     </span>
    </p>
   </div>
   <div class='ocr_carea' id='block_1_88' title="bbox 2218 4250 3791 4321">
    <p class='ocr_par' dir='ltr' id='par_1_88' title="bbox 2218 4250 3791 4321">
     <span class='ocr_line' id='line_1_88' title="bbox 2218 4250 3791 4321; baseline -0.011 0"><span class='ocrx_word' id='word_1_658' title='bbox 2218 4265 2422 4321; x_wconf 84' lang='lat' dir='ltr'><strong>nummi</strong></span> <span class='ocrx_word' id='word_1_659' title='bbox 2471 4262 2559 4318; x_wconf 89' lang='lat' dir='ltr'><strong>isti</strong></span> <span class='ocrx_word' id='word_1_660' title='bbox 2613 4258 2884 4315; x_wconf 79' lang='lat' dir='ltr'><strong>sufficiunt</strong></span> <span class='ocrx_word' id='word_1_661' title='bbox 2917 4257 3096 4311; x_wconf 89' lang='lat' dir='ltr'><strong>domui</strong></span> <span class='ocrx_word' id='word_1_662' title='bbox 3148 4253 3214 4309; x_wconf 88' lang='lat' dir='ltr'><strong>ad</strong></span> <span class='ocrx_word' id='word_1_663' title='bbox 3254 4252 3418 4320; x_wconf 89' lang='lat' dir='ltr'><strong>olera,</strong></span> <span class='ocrx_word' id='word_1_664' title='bbox 3447 4262 3534 4304; x_wconf 86' lang='lat' dir='ltr'><strong>aut</strong></span> <span class='ocrx_word' id='word_1_665' title='bbox 3566 4250 3635 4303; x_wconf 88' lang='lat' dir='ltr'><strong>ad</strong></span> <span class='ocrx_word' id='word_1_666' title='bbox 3664 4250 3791 4305; x_wconf 78' lang='lat' dir='ltr'><strong>hal-</strong></span> 
     </span>
    </p>
   </div>
   <div class='ocr_carea' id='block_1_89' title="bbox 2217 4341 3793 4423">
    <p class='ocr_par' dir='ltr' id='par_1_89' title="bbox 2217 4341 3793 4423">
     <span class='ocr_line' id='line_1_89' title="bbox 2217 4341 3793 4423; baseline -0.01 -12"><span class='ocrx_word' id='word_1_667' title='bbox 2217 4370 2376 4411; x_wconf 91' lang='lat' dir='ltr'><strong>neum</strong></span> <span class='ocrx_word' id='word_1_668' title='bbox 2433 4350 2864 4423; x_wconf 88' lang='lat' dir='ltr'><strong>percipiendum;</strong></span> <span class='ocrx_word' id='word_1_669' title='bbox 2924 4357 2978 4402; x_wconf 89' lang='lat' dir='ltr'><strong>et</strong></span> <span class='ocrx_word' id='word_1_670' title='bbox 3042 4346 3239 4409; x_wconf 88' lang='lat' dir='ltr'><strong>statim,</strong></span> <span class='ocrx_word' id='word_1_671' title='bbox 3299 4352 3547 4411; x_wconf 83' lang='lat' dir='ltr'><strong>tanquam</strong></span> <span class='ocrx_word' id='word_1_672' title='bbox 3615 4341 3661 4395; x_wconf 88' lang='lat' dir='ltr'><strong>si</strong></span> <span class='ocrx_word' id='word_1_673' title='bbox 3717 4341 3793 4395; x_wconf 86' lang='lat' dir='ltr'><strong>de</strong></span> 
     </span>
    </p>
   </div>
   <div class='ocr_carea' id='block_1_90' title="bbox 2219 4432 3787 4503">
    <p class='ocr_par' dir='ltr' id='par_1_90' title="bbox 2219 4432 3787 4503">
     <span class='ocr_line' id='line_1_90' title="bbox 2219 4432 3787 4503; baseline -0.01 -3"><span class='ocrx_word' id='word_1_674' title='bbox 2219 4445 2461 4501; x_wconf 87' lang='lat' dir='ltr'><strong>faucibus</strong></span> <span class='ocrx_word' id='word_1_675' title='bbox 2505 4453 2748 4497; x_wconf 90' lang='lat' dir='ltr'><strong>natorum</strong></span> <span class='ocrx_word' id='word_1_676' title='bbox 2825 4451 3063 4492; x_wconf 88' lang='lat' dir='ltr'><strong>meorum</strong></span> <span class='ocrx_word' id='word_1_677' title='bbox 3132 4435 3388 4503; x_wconf 78' lang='lat' dir='ltr'><strong>privarem</strong></span> <span class='ocrx_word' id='word_1_678' title='bbox 3439 4446 3531 4486; x_wconf 84' lang='lat' dir='ltr'><strong>eos</strong></span> <span class='ocrx_word' id='word_1_679' title='bbox 3563 4471 3579 4495; x_wconf 88' lang='lat'><strong>,</strong></span> <span class='ocrx_word' id='word_1_680' title='bbox 3644 4432 3787 4485; x_wconf 87' lang='lat' dir='ltr'><strong>nihil</strong></span> 
     </span>
    </p>
   </div>
   <div class='ocr_carea' id='block_1_91' title="bbox 2216 4521 3783 4600">
    <p class='ocr_par' dir='ltr' id='par_1_91' title="bbox 2216 4521 3783 4600">
     <span class='ocr_line' id='line_1_91' title="bbox 2216 4521 3783 4600; baseline -0.012 -8"><span class='ocrx_word' id='word_1_681' title='bbox 2216 4536 2429 4592; x_wconf 79' lang='lat' dir='ltr'><strong>dabam.</strong></span> <span class='ocrx_word' id='word_1_682' title='bbox 2457 4534 2584 4588; x_wconf 89' lang='lat' dir='ltr'><strong>Cum</strong></span> <span class='ocrx_word' id='word_1_683' title='bbox 2613 4545 2740 4600; x_wconf 86' lang='lat' dir='ltr'><strong>ergo</strong></span> <span class='ocrx_word' id='word_1_684' title='bbox 2783 4528 3032 4583; x_wconf 88' lang='lat' dir='ltr'><strong>vidissem</strong></span> <span class='ocrx_word' id='word_1_685' title='bbox 3080 4523 3218 4592; x_wconf 88' lang='lat' dir='ltr'><strong>quod</strong></span> <span class='ocrx_word' id='word_1_686' title='bbox 3261 4534 3539 4591; x_wconf 86' lang='lat' dir='ltr'><strong>superarer</strong></span> <span class='ocrx_word' id='word_1_687' title='bbox 3570 4535 3601 4573; x_wconf 87' lang='lat' dir='ltr'><strong>a</strong></span> <span class='ocrx_word' id='word_1_688' title='bbox 3623 4521 3783 4583; x_wconf 83' lang='lat' dir='ltr'><strong>vitio.</strong></span> 
     </span>
    </p>
   </div>
   <div class='ocr_carea' id='block_1_92' title="bbox 548 4611 3793 4692">
    <p class='ocr_par' dir='ltr' id='par_1_92' title="bbox 548 4611 3793 4692">
     <span class='ocr_line' id='line_1_92' title="bbox 548 4611 3793 4692; baseline -0.003 -19"><span class='ocrx_word' id='word_1_689' title='bbox 548 4619 799 4675; x_wconf 87' lang='lat' dir='ltr'><strong>didimus&#39;</strong></span> <span class='ocrx_word' id='word_1_690' title='bbox 825 4623 1045 4677; x_wconf 87' lang='lat' dir='ltr'><strong>salutem</strong></span> <span class='ocrx_word' id='word_1_691' title='bbox 1085 4632 1318 4677; x_wconf 89' lang='lat' dir='ltr'><strong>nostram</strong></span> <span class='ocrx_word' id='word_1_692' title='bbox 1351 4632 1403 4678; x_wconf 88' lang='lat' dir='ltr'><strong>et</strong></span> <span class='ocrx_word' id='word_1_693' title='bbox 1432 4623 1748 4679; x_wconf 89' lang='lat' dir='ltr'><strong>doctrinam.</strong></span> <span class='ocrx_word' id='word_1_694' title='bbox 1782 4624 2113 4681; x_wconf 87' lang='lat' dir='ltr'><strong>Enarrabant</strong></span> <span class='ocrx_word' id='word_1_695' title='bbox 2142 4616 2191 4676; x_wconf 77' lang='grc' dir='ltr'><strong>Β</strong></span> <span class='ocrx_word' id='word_1_696' title='bbox 2215 4626 2334 4680; x_wconf 90' lang='lat' dir='ltr'><strong>dico</strong></span> <span class='ocrx_word' id='word_1_697' title='bbox 2387 4636 2551 4692; x_wconf 90' lang='lat' dir='ltr'><strong>puero</strong></span> <span class='ocrx_word' id='word_1_698' title='bbox 2606 4635 2724 4675; x_wconf 89' lang='lat' dir='ltr'><strong>meo</strong></span> <span class='ocrx_word' id='word_1_699' title='bbox 2754 4636 2767 4672; x_wconf 89' lang='lat'><strong>:</strong></span> <span class='ocrx_word' id='word_1_700' title='bbox 2797 4619 2894 4672; x_wconf 87' lang='lat' dir='ltr'><strong>Per</strong></span> <span class='ocrx_word' id='word_1_701' title='bbox 2933 4616 3167 4685; x_wconf 83' lang='lat' dir='ltr'><strong>singulos</strong></span> <span class='ocrx_word' id='word_1_702' title='bbox 3197 4613 3310 4667; x_wconf 88' lang='lat' dir='ltr'><strong>dies</strong></span> <span class='ocrx_word' id='word_1_703' title='bbox 3362 4611 3558 4675; x_wconf 88' lang='lat' dir='ltr'><strong>furare,</strong></span> <span class='ocrx_word' id='word_1_704' title='bbox 3586 4626 3671 4664; x_wconf 88' lang='lat' dir='ltr'><strong>me</strong></span> <span class='ocrx_word' id='word_1_705' title='bbox 3690 4624 3793 4663; x_wconf 84' lang='lat' dir='ltr'><strong>ne-</strong></span> 
     </span>
    </p>
   </div>
   <div class='ocr_carea' id='block_1_93' title="bbox 547 4714 2110 4785">
    <p class='ocr_par' dir='ltr' id='par_1_93' title="bbox 547 4714 2110 4785">
     <span class='ocr_line' id='line_1_93' title="bbox 547 4714 2110 4785; baseline 0.003 -18"><span class='ocrx_word' id='word_1_706' title='bbox 547 4714 688 4768; x_wconf 87' lang='lat' dir='ltr'><strong>enim</strong></span> <span class='ocrx_word' id='word_1_707' title='bbox 708 4715 813 4781; x_wconf 86' lang='lat' dir='ltr'><strong>jam</strong></span> <span class='ocrx_word' id='word_1_708' title='bbox 846 4716 1300 4771; x_wconf 89' lang='lat' dir='ltr'><strong>conversationem</strong></span> <span class='ocrx_word' id='word_1_709' title='bbox 1329 4717 1444 4785; x_wconf 82' lang='lat' dir='ltr'><strong>ejus</strong></span> <span class='ocrx_word' id='word_1_710' title='bbox 1466 4718 1735 4783; x_wconf 90' lang='lat' dir='ltr'><strong>omnibus,</strong></span> <span class='ocrx_word' id='word_1_711' title='bbox 1756 4727 1830 4784; x_wconf 87' lang='lat' dir='ltr'><strong>et,</strong></span> <span class='ocrx_word' id='word_1_712' title='bbox 1848 4716 2110 4783; x_wconf 86' lang='lat' dir='ltr'><strong>Quoniam</strong></span> 
     </span>
    </p>
   </div>
   <div class='ocr_carea' id='block_1_94' title="bbox 551 4808 2112 4874">
    <p class='ocr_par' dir='ltr' id='par_1_94' title="bbox 551 4808 2112 4874">
     <span class='ocr_line' id='line_1_94' title="bbox 551 4808 2112 4874; baseline 0.004 -19"><span class='ocrx_word' id='word_1_713' title='bbox 551 4820 654 4859; x_wconf 92' lang='lat' dir='ltr'><strong>non</strong></span> <span class='ocrx_word' id='word_1_714' title='bbox 712 4817 925 4874; x_wconf 83' lang='lat' dir='ltr'><strong>propter</strong></span> <span class='ocrx_word' id='word_1_715' title='bbox 983 4814 1189 4874; x_wconf 89' lang='lat' dir='ltr'><strong>turpem</strong></span> <span class='ocrx_word' id='word_1_716' title='bbox 1260 4822 1371 4861; x_wconf 91' lang='lat' dir='ltr'><strong>rem</strong></span> <span class='ocrx_word' id='word_1_717' title='bbox 1436 4809 1500 4860; x_wconf 86' lang='lat' dir='ltr'><strong>ad</strong></span> <span class='ocrx_word' id='word_1_718' title='bbox 1563 4820 1658 4862; x_wconf 89' lang='lat' dir='ltr'><strong>nos</strong></span> <span class='ocrx_word' id='word_1_719' title='bbox 1723 4808 1991 4873; x_wconf 83' lang='lat' dir='ltr'><strong>intrabat;</strong></span> <span class='ocrx_word' id='word_1_720' title='bbox 2059 4816 2112 4862; x_wconf 90' lang='lat' dir='ltr'><strong>ct</strong></span> 
     </span>
    </p>
   </div>
   <div class='ocr_carea' id='block_1_95' title="bbox 548 4886 2110 4967">
    <p class='ocr_par' dir='ltr' id='par_1_95' title="bbox 548 4886 2110 4967">
     <span class='ocr_line' id='line_1_95' title="bbox 548 4886 2110 4967; baseline 0.003 -19"><span class='ocrx_word' id='word_1_721' title='bbox 548 4896 671 4964; x_wconf 86' lang='lat' dir='ltr'><strong>quia</strong></span> <span class='ocrx_word' id='word_1_722' title='bbox 713 4912 975 4965; x_wconf 80' lang='lat' dir='ltr'><strong>nunquam</strong></span> <span class='ocrx_word' id='word_1_723' title='bbox 1015 4886 1299 4967; x_wconf 88' lang='lat' dir='ltr'><strong>aliquando</strong></span> <span class='ocrx_word' id='word_1_724' title='bbox 1342 4896 1569 4951; x_wconf 89' lang='lat' dir='ltr'><strong>vidimus</strong></span> <span class='ocrx_word' id='word_1_725' title='bbox 1607 4913 1726 4951; x_wconf 85' lang='lat' dir='ltr'><strong>eum</strong></span> <span class='ocrx_word' id='word_1_726' title='bbox 1768 4913 1929 4967; x_wconf 89' lang='lat' dir='ltr'><strong>super</strong></span> <span class='ocrx_word' id='word_1_727' title='bbox 1972 4898 2110 4953; x_wconf 83' lang='lat' dir='ltr'><strong>latus</strong></span> 
     </span>
    </p>
   </div>
   <div class='ocr_carea' id='block_1_96' title="bbox 549 4984 2109 5056">
    <p class='ocr_par' dir='ltr' id='par_1_96' title="bbox 549 4984 2109 5056">
     <span class='ocr_line' id='line_1_96' title="bbox 549 4984 2109 5056; baseline 0.001 -15"><span class='ocrx_word' id='word_1_728' title='bbox 549 4984 927 5056; x_wconf 76' lang='lat' dir='ltr'><strong>dormientem,</strong></span> <span class='ocrx_word' id='word_1_729' title='bbox 977 4996 1068 5042; x_wconf 91' lang='lat' dir='ltr'><strong>aut</strong></span> <span class='ocrx_word' id='word_1_730' title='bbox 1112 5001 1271 5041; x_wconf 88' lang='lat' dir='ltr'><strong>unam</strong></span> <span class='ocrx_word' id='word_1_731' title='bbox 1320 5002 1384 5043; x_wconf 89' lang='lat' dir='ltr'><strong>ex</strong></span> <span class='ocrx_word' id='word_1_732' title='bbox 1434 4988 1586 5041; x_wconf 88' lang='lat' dir='ltr'><strong>nobis</strong></span> <span class='ocrx_word' id='word_1_733' title='bbox 1630 4996 1900 5043; x_wconf 86' lang='lat' dir='ltr'><strong>tenentem</strong></span> <span class='ocrx_word' id='word_1_734' title='bbox 1949 5004 2109 5043; x_wconf 84' lang='lat' dir='ltr'><strong>manu</strong></span> 
     </span>
    </p>
   </div>
   <div class='ocr_carea' id='block_1_97' title="bbox 548 5079 2109 5151">
    <p class='ocr_par' dir='ltr' id='par_1_97' title="bbox 548 5079 2109 5151">
     <span class='ocr_line' id='line_1_97' title="bbox 548 5079 2109 5151; baseline 0.002 -19"><span class='ocrx_word' id='word_1_735' title='bbox 548 5092 660 5132; x_wconf 89' lang='lat' dir='ltr'><strong>sua.</strong></span> <span class='ocrx_word' id='word_1_736' title='bbox 699 5079 764 5132; x_wconf 82' lang='lat' dir='ltr'><strong>Et</strong></span> <span class='ocrx_word' id='word_1_737' title='bbox 791 5080 1301 5147; x_wconf 86' lang='lat' dir='ltr'><strong>reprehendentibus</strong></span> <span class='ocrx_word' id='word_1_738' title='bbox 1338 5096 1432 5135; x_wconf 88' lang='lat' dir='ltr'><strong>eas</strong></span> <span class='ocrx_word' id='word_1_739' title='bbox 1459 5082 1775 5151; x_wconf 81' lang='lat' dir='ltr'><strong>quibusdam</strong></span> <span class='ocrx_word' id='word_1_740' title='bbox 1811 5090 1867 5136; x_wconf 91' lang='lat' dir='ltr'><strong>et</strong></span> <span class='ocrx_word' id='word_1_741' title='bbox 1890 5081 2109 5136; x_wconf 87' lang='lat' dir='ltr'><strong>dicenti-</strong></span> 
     </span>
    </p>
   </div>
   <div class='ocr_carea' id='block_1_98' title="bbox 549 5170 2109 5238">
    <p class='ocr_par' dir='ltr' id='par_1_98' title="bbox 549 5170 2109 5238">
     <span class='ocr_line' id='line_1_98' title="bbox 549 5170 2109 5238; baseline -0.001 -12"><span class='ocrx_word' id='word_1_742' title='bbox 549 5170 652 5226; x_wconf 88' lang='lat' dir='ltr'><strong>bus</strong></span> <span class='ocrx_word' id='word_1_743' title='bbox 681 5188 693 5225; x_wconf 89' lang='lat'><strong>:</strong></span> <span class='ocrx_word' id='word_1_744' title='bbox 715 5172 894 5238; x_wconf 77' lang='lat' dir='ltr'><strong>Quare</strong></span> <span class='ocrx_word' id='word_1_745' title='bbox 920 5172 1032 5226; x_wconf 67' lang='lat' dir='ltr'><strong>haec</strong></span> <span class='ocrx_word' id='word_1_746' title='bbox 1060 5188 1165 5228; x_wconf 89' lang='lat' dir='ltr'><strong>non</strong></span> <span class='ocrx_word' id='word_1_747' title='bbox 1192 5174 1435 5227; x_wconf 85' lang='lat' dir='ltr'><strong>omnibus</strong></span> <span class='ocrx_word' id='word_1_748' title='bbox 1459 5172 1739 5237; x_wconf 78' lang='lat' dir='ltr'><strong>dicebatis,</strong></span> <span class='ocrx_word' id='word_1_749' title='bbox 1763 5172 1857 5226; x_wconf 90' lang='lat' dir='ltr'><strong>sed</strong></span> <span class='ocrx_word' id='word_1_750' title='bbox 1884 5173 2109 5226; x_wconf 84' lang='lat' dir='ltr'><strong>scanda-</strong></span> 
     </span>
    </p>
   </div>
   <div class='ocr_carea' id='block_1_99' title="bbox 549 5261 2110 5330">
    <p class='ocr_par' dir='ltr' id='par_1_99' title="bbox 549 5261 2110 5330">
     <span class='ocr_line' id='line_1_99' title="bbox 549 5261 2110 5330; baseline -0.002 -12"><span class='ocrx_word' id='word_1_751' title='bbox 549 5261 808 5319; x_wconf 77' lang='lat' dir='ltr'><strong>lizabatur</strong></span> <span class='ocrx_word' id='word_1_752' title='bbox 842 5263 892 5316; x_wconf 89' lang='lat' dir='ltr'><strong>itt</strong></span> <span class='ocrx_word' id='word_1_753' title='bbox 932 5277 997 5316; x_wconf 90' lang='lat' dir='ltr'><strong>eo</strong></span> <span class='ocrx_word' id='word_1_754' title='bbox 1038 5272 1143 5317; x_wconf 90' lang='lat' dir='ltr'><strong>tota</strong></span> <span class='ocrx_word' id='word_1_755' title='bbox 1188 5263 1410 5317; x_wconf 86' lang='lat' dir='ltr'><strong>civitas?</strong></span> <span class='ocrx_word' id='word_1_756' title='bbox 1438 5262 1754 5318; x_wconf 88' lang='lat' dir='ltr'><strong>euarrabant</strong></span> <span class='ocrx_word' id='word_1_757' title='bbox 1775 5262 1883 5330; x_wconf 89' lang='lat' dir='ltr'><strong>jam</strong></span> <span class='ocrx_word' id='word_1_758' title='bbox 1911 5262 2110 5328; x_wconf 87' lang='lat' dir='ltr'><strong>capitu-</strong></span> 
     </span>
    </p>
   </div>
   <div class='ocr_carea' id='block_1_100' title="bbox 546 5352 2110 5424">
    <p class='ocr_par' dir='ltr' id='par_1_100' title="bbox 546 5352 2110 5424">
     <span class='ocr_line' id='line_1_100' title="bbox 546 5352 2110 5424; baseline -0.003 -13"><span class='ocrx_word' id='word_1_759' title='bbox 546 5356 677 5422; x_wconf 88' lang='lat' dir='ltr'><strong>lum,</strong></span> <span class='ocrx_word' id='word_1_760' title='bbox 721 5354 859 5424; x_wconf 91' lang='lat' dir='ltr'><strong>quod</strong></span> <span class='ocrx_word' id='word_1_761' title='bbox 908 5355 1046 5409; x_wconf 86' lang='lat' dir='ltr'><strong>circa</strong></span> <span class='ocrx_word' id='word_1_762' title='bbox 1093 5369 1209 5408; x_wconf 91' lang='lat' dir='ltr'><strong>eam</strong></span> <span class='ocrx_word' id='word_1_763' title='bbox 1256 5366 1460 5424; x_wconf 82' lang='lat' dir='ltr'><strong>gesmm</strong></span> <span class='ocrx_word' id='word_1_764' title='bbox 1491 5361 1593 5421; x_wconf 90' lang='lat' dir='ltr'><strong>est,</strong></span> <span class='ocrx_word' id='word_1_765' title='bbox 1622 5368 1739 5422; x_wconf 70' lang='lat' dir='ltr'><strong>quae</strong></span> <span class='ocrx_word' id='word_1_766' title='bbox 1785 5368 1815 5406; x_wconf 92' lang='lat' dir='ltr'><strong>a</strong></span> <span class='ocrx_word' id='word_1_767' title='bbox 1847 5352 2110 5407; x_wconf 66' lang='lat' dir='ltr'><strong>daemonio</strong></span> 
     </span>
    </p>
   </div>
   <div class='ocr_carea' id='block_1_101' title="bbox 547 5443 2111 5514">
    <p class='ocr_par' dir='ltr' id='par_1_101' title="bbox 547 5443 2111 5514">
     <span class='ocr_line' id='line_1_101' title="bbox 547 5443 2111 5514; baseline -0.004 -12"><span class='ocrx_word' id='word_1_768' title='bbox 547 5448 878 5502; x_wconf 86' lang='lat' dir='ltr'><strong>vexationem</strong></span> <span class='ocrx_word' id='word_1_769' title='bbox 922 5446 1187 5509; x_wconf 89' lang='lat' dir='ltr'><strong>sustinuit,</strong></span> <span class='ocrx_word' id='word_1_770' title='bbox 1221 5454 1275 5500; x_wconf 93' lang='lat' dir='ltr'><strong>et</strong></span> <span class='ocrx_word' id='word_1_771' title='bbox 1308 5446 1428 5514; x_wconf 84' lang='lat' dir='ltr'><strong>quia</strong></span> <span class='ocrx_word' id='word_1_772' title='bbox 1456 5443 1558 5499; x_wconf 87' lang='lat' dir='ltr'><strong>hoc</strong></span> <span class='ocrx_word' id='word_1_773' title='bbox 1607 5445 1853 5498; x_wconf 88' lang='lat' dir='ltr'><strong>timentes</strong></span> <span class='ocrx_word' id='word_1_774' title='bbox 1898 5443 2111 5496; x_wconf 88' lang='lat' dir='ltr'><strong>taceba-</strong></span> 
     </span>
    </p>
   </div>
   <div class='ocr_carea' id='block_1_102' title="bbox 546 5530 2110 5606">
    <p class='ocr_par' dir='ltr' id='par_1_102' title="bbox 546 5530 2110 5606">
     <span class='ocr_line' id='line_1_102' title="bbox 546 5530 2110 5606; baseline -0.006 -14"><span class='ocrx_word' id='word_1_775' title='bbox 546 5550 685 5592; x_wconf 86' lang='lat' dir='ltr'><strong>mus.</strong></span> <span class='ocrx_word' id='word_1_776' title='bbox 712 5536 927 5606; x_wconf 82' lang='lat' dir='ltr'><strong>Sepulto</strong></span> <span class='ocrx_word' id='word_1_777' title='bbox 962 5550 1093 5605; x_wconf 88' lang='lat' dir='ltr'><strong>ergo</strong></span> <span class='ocrx_word' id='word_1_778' title='bbox 1119 5551 1183 5591; x_wconf 91' lang='lat' dir='ltr'><strong>eo</strong></span> <span class='ocrx_word' id='word_1_779' title='bbox 1218 5537 1269 5589; x_wconf 88' lang='lat' dir='ltr'><strong>in</strong></span> <span class='ocrx_word' id='word_1_780' title='bbox 1300 5534 1468 5589; x_wconf 90' lang='lat' dir='ltr'><strong>multo</strong></span> <span class='ocrx_word' id='word_1_781' title='bbox 1496 5534 1717 5593; x_wconf 89' lang='lat' dir='ltr'><strong>honore,</strong></span> <span class='ocrx_word' id='word_1_782' title='bbox 1750 5532 2035 5601; x_wconf 89' lang='lat' dir='ltr'><strong>permansit</strong></span> <span class='ocrx_word' id='word_1_783' title='bbox 2066 5530 2110 5583; x_wconf 91' lang='lat' dir='ltr'><strong>is</strong></span> 
     </span>
    </p>
   </div>
   <div class='ocr_carea' id='block_1_103' title="bbox 544 5622 2109 5696">
    <p class='ocr_par' dir='ltr' id='par_1_103' title="bbox 544 5622 2109 5696">
     <span class='ocr_line' id='line_1_103' title="bbox 544 5622 2109 5696; baseline -0.003 -16"><span class='ocrx_word' id='word_1_784' title='bbox 544 5627 639 5696; x_wconf 89' lang='lat' dir='ltr'><strong>qui</strong></span> <span class='ocrx_word' id='word_1_785' title='bbox 665 5625 734 5680; x_wconf 87' lang='lat' dir='ltr'><strong>ab</strong></span> <span class='ocrx_word' id='word_1_786' title='bbox 757 5640 823 5680; x_wconf 89' lang='lat' dir='ltr'><strong>eo</strong></span> <span class='ocrx_word' id='word_1_787' title='bbox 843 5635 1119 5681; x_wconf 87' lang='lat' dir='ltr'><strong>correctus</strong></span> <span class='ocrx_word' id='word_1_788' title='bbox 1146 5635 1199 5680; x_wconf 86' lang='lat' dir='ltr'><strong>et</strong></span> <span class='ocrx_word' id='word_1_789' title='bbox 1227 5640 1388 5679; x_wconf 88' lang='lat' dir='ltr'><strong>sanus</strong></span> <span class='ocrx_word' id='word_1_790' title='bbox 1417 5625 1588 5678; x_wconf 84' lang='lat' dir='ltr'><strong>factus</strong></span> <span class='ocrx_word' id='word_1_791' title='bbox 1619 5631 1733 5687; x_wconf 86' lang='lat' dir='ltr'><strong>est,</strong></span> <span class='ocrx_word' id='word_1_792' title='bbox 1767 5622 1962 5675; x_wconf 84' lang='lat' dir='ltr'><strong>faciens</strong></span> <span class='ocrx_word' id='word_1_793' title='bbox 1994 5636 2109 5675; x_wconf 88' lang='lat' dir='ltr'><strong>me-</strong></span> 
     </span>
    </p>
   </div>
   <div class='ocr_carea' id='block_1_104' title="bbox 544 5712 2113 5787">
    <p class='ocr_par' dir='ltr' id='par_1_104' title="bbox 544 5712 2113 5787">
     <span class='ocr_line' id='line_1_104' title="bbox 544 5712 2113 5787; baseline -0.003 -16"><span class='ocrx_word' id='word_1_794' title='bbox 544 5713 773 5772; x_wconf 66' lang='lat' dir='ltr'><strong>moriam</strong></span> <span class='ocrx_word' id='word_1_795' title='bbox 801 5715 937 5787; x_wconf 87' lang='lat' dir='ltr'><strong>ejus.</strong></span> <span class='ocrx_word' id='word_1_796' title='bbox 970 5716 1308 5771; x_wconf 85' lang='lat' dir='ltr'><strong>Postmudum</strong></span> <span class='ocrx_word' id='word_1_797' title='bbox 1355 5727 1529 5771; x_wconf 89' lang='lat' dir='ltr'><strong>autem</strong></span> <span class='ocrx_word' id='word_1_798' title='bbox 1566 5724 1620 5769; x_wconf 91' lang='lat' dir='ltr'><strong>ct</strong></span> <span class='ocrx_word' id='word_1_799' title='bbox 1665 5712 1986 5769; x_wconf 86' lang='lat' dir='ltr'><strong>renuntiavit</strong></span> <span class='ocrx_word' id='word_1_800' title='bbox 2012 5726 2113 5767; x_wconf 77' lang='lat' dir='ltr'><strong>ste-</strong></span> 
     </span>
    </p>
   </div>
   <div class='ocr_carea' id='block_1_105' title="bbox 546 5806 2108 5879">
    <p class='ocr_par' dir='ltr' id='par_1_105' title="bbox 546 5806 2108 5879">
     <span class='ocr_line' id='line_1_105' title="bbox 546 5806 2108 5879; baseline 0.001 -18"><span class='ocrx_word' id='word_1_801' title='bbox 546 5809 699 5876; x_wconf 69' lang='lat' dir='ltr'><strong>culo,</strong></span> <span class='ocrx_word' id='word_1_802' title='bbox 745 5809 1013 5879; x_wconf 77' lang='lat' dir='ltr'><strong>ingressus</strong></span> <span class='ocrx_word' id='word_1_803' title='bbox 1057 5809 1436 5866; x_wconf 84' lang='lat' dir='ltr'><strong>monasterium</strong></span> <span class='ocrx_word' id='word_1_804' title='bbox 1481 5808 1685 5865; x_wconf 84' lang='lat' dir='ltr'><strong>abbatis</strong></span> <span class='ocrx_word' id='word_1_805' title='bbox 1731 5806 2007 5864; x_wconf 86' lang='lat' dir='ltr'><strong>Seridonis</strong></span> <span class='ocrx_word' id='word_1_806' title='bbox 2054 5806 2108 5862; x_wconf 85' lang='lat' dir='ltr'><strong>in</strong></span> 
     </span>
    </p>
   </div>
   <div class='ocr_carea' id='block_1_106' title="bbox 2215 4698 3789 4784">
    <p class='ocr_par' dir='ltr' id='par_1_106' title="bbox 2215 4698 3789 4784">
     <span class='ocr_line' id='line_1_106' title="bbox 2215 4698 3789 4784; baseline -0.014 -11"><span class='ocrx_word' id='word_1_807' title='bbox 2215 4718 2435 4782; x_wconf 87' lang='lat' dir='ltr'><strong>sciente,</strong></span> <span class='ocrx_word' id='word_1_808' title='bbox 2459 4714 2693 4784; x_wconf 88' lang='lat' dir='ltr'><strong>quinque</strong></span> <span class='ocrx_word' id='word_1_809' title='bbox 2736 4722 3003 4770; x_wconf 89' lang='lat' dir='ltr'><strong>nummos,</strong></span> <span class='ocrx_word' id='word_1_810' title='bbox 3029 4715 3082 4759; x_wconf 86' lang='lat' dir='ltr'><strong>et</strong></span> <span class='ocrx_word' id='word_1_811' title='bbox 3108 4703 3173 4757; x_wconf 90' lang='lat' dir='ltr'><strong>da</strong></span> <span class='ocrx_word' id='word_1_812' title='bbox 3204 4702 3618 4769; x_wconf 82' lang='lat' dir='ltr'><strong>eleetnosynam.</strong></span> <span class='ocrx_word' id='word_1_813' title='bbox 3648 4698 3789 4753; x_wconf 85' lang='lat' dir='ltr'><strong>Sum</strong></span> 
     </span>
    </p>
   </div>
   <div class='ocr_carea' id='block_1_107' title="bbox 2213 4790 3791 4877">
    <p class='ocr_par' dir='ltr' id='par_1_107' title="bbox 2213 4790 3791 4877">
     <span class='ocr_line' id='line_1_107' title="bbox 2213 4790 3791 4877; baseline -0.014 -13"><span class='ocrx_word' id='word_1_814' title='bbox 2213 4823 2313 4877; x_wconf 87' lang='lat' dir='ltr'><strong>ego</strong></span> <span class='ocrx_word' id='word_1_815' title='bbox 2360 4806 2501 4861; x_wconf 89' lang='lat' dir='ltr'><strong>enim</strong></span> <span class='ocrx_word' id='word_1_816' title='bbox 2550 4802 2823 4870; x_wconf 70' lang='lat' dir='ltr'><strong>trapezita,</strong></span> <span class='ocrx_word' id='word_1_817' title='bbox 2873 4797 3104 4853; x_wconf 89' lang='lat' dir='ltr'><strong>domine.</strong></span> <span class='ocrx_word' id='word_1_818' title='bbox 3142 4794 3231 4849; x_wconf 88' lang='lat' dir='ltr'><strong>Ille</strong></span> <span class='ocrx_word' id='word_1_819' title='bbox 3260 4809 3389 4848; x_wconf 87' lang='lat' dir='ltr'><strong>vero</strong></span> <span class='ocrx_word' id='word_1_820' title='bbox 3417 4790 3791 4852; x_wconf 69' lang='lat' dir='ltr'><strong>bene-faciens.</strong></span> 
     </span>
    </p>
   </div>
   <div class='ocr_carea' id='block_1_108' title="bbox 2213 4885 3793 4971">
    <p class='ocr_par' dir='ltr' id='par_1_108' title="bbox 2213 4885 3793 4971">
     <span class='ocr_line' id='line_1_108' title="bbox 2213 4885 3793 4971; baseline -0.014 -13"><span class='ocrx_word' id='word_1_821' title='bbox 2213 4902 2374 4971; x_wconf 68' lang='lat' dir='ltr'><strong>erepit</strong></span> <span class='ocrx_word' id='word_1_822' title='bbox 2402 4897 2563 4954; x_wconf 87' lang='lat' dir='ltr'><strong>furari</strong></span> <span class='ocrx_word' id='word_1_823' title='bbox 2593 4897 2759 4951; x_wconf 88' lang='lat' dir='ltr'><strong>denos</strong></span> <span class='ocrx_word' id='word_1_824' title='bbox 2784 4892 2919 4963; x_wconf 88' lang='lat' dir='ltr'><strong>(8t).</strong></span> <span class='ocrx_word' id='word_1_825' title='bbox 2956 4890 3282 4944; x_wconf 79' lang='lat' dir='ltr'><strong>Eratautem</strong></span> <span class='ocrx_word' id='word_1_826' title='bbox 3332 4885 3539 4956; x_wconf 88' lang='lat' dir='ltr'><strong>quando</strong></span> <span class='ocrx_word' id='word_1_827' title='bbox 3584 4895 3640 4937; x_wconf 90' lang='lat' dir='ltr'><strong>et</strong></span> <span class='ocrx_word' id='word_1_828' title='bbox 3666 4885 3793 4937; x_wconf 81' lang='lat' dir='ltr'><strong>sili-</strong></span> 
     </span>
    </p>
   </div>
   <div class='ocr_carea' id='block_1_109' title="bbox 2212 4976 3796 5063">
    <p class='ocr_par' dir='ltr' id='par_1_109' title="bbox 2212 4976 3796 5063">
     <span class='ocr_line' id='line_1_109' title="bbox 2212 4976 3796 5063; baseline -0.015 -14"><span class='ocrx_word' id='word_1_829' title='bbox 2212 5008 2389 5063; x_wconf 83' lang='lat' dir='ltr'><strong>quam.</strong></span> <span class='ocrx_word' id='word_1_830' title='bbox 2439 4990 2572 5044; x_wconf 88' lang='lat' dir='ltr'><strong>Cum</strong></span> <span class='ocrx_word' id='word_1_831' title='bbox 2610 5001 2735 5054; x_wconf 85' lang='lat' dir='ltr'><strong>ergo</strong></span> <span class='ocrx_word' id='word_1_832' title='bbox 2762 4984 2981 5037; x_wconf 85' lang='lat' dir='ltr'><strong>vidisset</strong></span> <span class='ocrx_word' id='word_1_833' title='bbox 3031 4980 3154 5048; x_wconf 88' lang='lat' dir='ltr'><strong>quia</strong></span> <span class='ocrx_word' id='word_1_834' title='bbox 3211 4976 3659 5032; x_wconf 85' lang='lat' dir='ltr'><strong>benedicebamnr</strong></span> <span class='ocrx_word' id='word_1_835' title='bbox 3684 5014 3702 5037; x_wconf 88' lang='lat'><strong>,</strong></span> <span class='ocrx_word' id='word_1_836' title='bbox 3733 4983 3796 5028; x_wconf 85' lang='lat' dir='ltr'><strong>et</strong></span> 
     </span>
    </p>
   </div>
   <div class='ocr_carea' id='block_1_110' title="bbox 2213 5066 3796 5138">
    <p class='ocr_par' dir='ltr' id='par_1_110' title="bbox 2213 5066 3796 5138">
     <span class='ocr_line' id='line_1_110' title="bbox 2213 5066 3796 5138; baseline -0.013 -1"><span class='ocrx_word' id='word_1_837' title='bbox 2213 5082 2409 5137; x_wconf 88' lang='lat' dir='ltr'><strong>divitiis</strong></span> <span class='ocrx_word' id='word_1_838' title='bbox 2448 5077 2878 5137; x_wconf 84' lang='lat' dir='ltr'><strong>abundahamus,</strong></span> <span class='ocrx_word' id='word_1_839' title='bbox 2913 5072 3072 5138; x_wconf 72' lang='lat' dir='ltr'><strong>coepit</strong></span> <span class='ocrx_word' id='word_1_840' title='bbox 3122 5079 3174 5124; x_wconf 91' lang='lat' dir='ltr'><strong>et</strong></span> <span class='ocrx_word' id='word_1_841' title='bbox 3228 5068 3496 5121; x_wconf 88' lang='lat' dir='ltr'><strong>tremisses</strong></span> <span class='ocrx_word' id='word_1_842' title='bbox 3520 5066 3796 5128; x_wconf 76' lang='lat' dir='ltr'><strong>furari,ct</strong></span> 
     </span>
    </p>
   </div>
   <div class='ocr_carea' id='block_1_111' title="bbox 2214 5153 3792 5235">
    <p class='ocr_par' dir='ltr' id='par_1_111' title="bbox 2214 5153 3792 5235">
     <span class='ocr_line' id='line_1_111' title="bbox 2214 5153 3792 5235; baseline -0.013 -9"><span class='ocrx_word' id='word_1_843' title='bbox 2214 5175 2359 5227; x_wconf 86' lang='lat' dir='ltr'><strong>dare.</strong></span> <span class='ocrx_word' id='word_1_844' title='bbox 2379 5169 2550 5227; x_wconf 89' lang='lat' dir='ltr'><strong>Semel</strong></span> <span class='ocrx_word' id='word_1_845' title='bbox 2567 5169 2743 5235; x_wconf 89' lang='lat' dir='ltr'><strong>itaque</strong></span> <span class='ocrx_word' id='word_1_846' title='bbox 2753 5162 3020 5217; x_wconf 87' lang='lat' dir='ltr'><strong>admirans</strong></span> <span class='ocrx_word' id='word_1_847' title='bbox 3033 5156 3423 5213; x_wconf 87' lang='lat' dir='ltr'><strong>benedictiones</strong></span> <span class='ocrx_word' id='word_1_848' title='bbox 3440 5153 3551 5215; x_wconf 83' lang='lat' dir='ltr'><strong>Dei,</strong></span> <span class='ocrx_word' id='word_1_849' title='bbox 3569 5154 3682 5205; x_wconf 85' lang='lat' dir='ltr'><strong>dixi</strong></span> <span class='ocrx_word' id='word_1_850' title='bbox 3698 5156 3756 5205; x_wconf 88' lang='lat' dir='ltr'><strong>ei</strong></span> <span class='ocrx_word' id='word_1_851' title='bbox 3776 5171 3792 5205; x_wconf 89' lang='lat'>:</span> 
     </span>
    </p>
   </div>
   <div class='ocr_carea' id='block_1_112' title="bbox 2214 5244 3797 5326">
    <p class='ocr_par' dir='ltr' id='par_1_112' title="bbox 2214 5244 3797 5326">
     <span class='ocr_line' id='line_1_112' title="bbox 2214 5244 3797 5326; baseline -0.013 -8"><span class='ocrx_word' id='word_1_852' title='bbox 2214 5263 2352 5317; x_wconf 87' lang='lat' dir='ltr'><strong>Vere</strong></span> <span class='ocrx_word' id='word_1_853' title='bbox 2394 5261 2612 5314; x_wconf 90' lang='lat' dir='ltr'><strong>multum</strong></span> <span class='ocrx_word' id='word_1_854' title='bbox 2659 5253 2988 5326; x_wconf 83' lang='lat' dir='ltr'><strong>profuerunt,</strong></span> <span class='ocrx_word' id='word_1_855' title='bbox 3041 5249 3135 5317; x_wconf 85' lang='lat' dir='ltr'><strong>fili,</strong></span> <span class='ocrx_word' id='word_1_856' title='bbox 3181 5248 3411 5317; x_wconf 73' lang='lat' dir='ltr'><strong>quintjue</strong></span> <span class='ocrx_word' id='word_1_857' title='bbox 3454 5244 3659 5297; x_wconf 85' lang='lat' dir='ltr'><strong>nummi</strong></span> <span class='ocrx_word' id='word_1_858' title='bbox 3690 5244 3797 5309; x_wconf 87' lang='lat' dir='ltr'><strong>illi,</strong></span> 
     </span>
    </p>
   </div>
   <div class='ocr_carea' id='block_1_113' title="bbox 2216 5338 3803 5421">
    <p class='ocr_par' dir='ltr' id='par_1_113' title="bbox 2216 5338 3803 5421">
     <span class='ocr_line' id='line_1_113' title="bbox 2216 5338 3803 5421; baseline -0.011 -16"><span class='ocrx_word' id='word_1_859' title='bbox 2216 5356 2335 5409; x_wconf 92' lang='lat' dir='ltr'><strong>volo</strong></span> <span class='ocrx_word' id='word_1_860' title='bbox 2365 5368 2491 5421; x_wconf 78' lang='lat' dir='ltr'><strong>ergo</strong></span> <span class='ocrx_word' id='word_1_861' title='bbox 2520 5360 2574 5404; x_wconf 89' lang='lat' dir='ltr'><strong>ut</strong></span> <span class='ocrx_word' id='word_1_862' title='bbox 2600 5350 2695 5403; x_wconf 87' lang='lat' dir='ltr'><strong>des</strong></span> <span class='ocrx_word' id='word_1_863' title='bbox 2724 5348 2931 5401; x_wconf 85' lang='lat' dir='ltr'><strong>decem.</strong></span> <span class='ocrx_word' id='word_1_864' title='bbox 2964 5343 3113 5396; x_wconf 91' lang='lat' dir='ltr'><strong>Tunc</strong></span> <span class='ocrx_word' id='word_1_865' title='bbox 3135 5341 3263 5394; x_wconf 84' lang='lat' dir='ltr'><strong>dicit</strong></span> <span class='ocrx_word' id='word_1_866' title='bbox 3286 5338 3412 5392; x_wconf 89' lang='lat' dir='ltr'><strong>tuihi</strong></span> <span class='ocrx_word' id='word_1_867' title='bbox 3437 5346 3491 5392; x_wconf 89' lang='lat' dir='ltr'><strong>et</strong></span> <span class='ocrx_word' id='word_1_868' title='bbox 3520 5351 3655 5403; x_wconf 79' lang='lat' dir='ltr'><strong>puer</strong></span> <span class='ocrx_word' id='word_1_869' title='bbox 3701 5352 3803 5389; x_wconf 75' lang='lat' dir='ltr'><strong>sa-</strong></span> 
     </span>
    </p>
   </div>
   <div class='ocr_carea' id='block_1_114' title="bbox 2218 5430 3804 5504">
    <p class='ocr_par' dir='ltr' id='par_1_114' title="bbox 2218 5430 3804 5504">
     <span class='ocr_line' id='line_1_114' title="bbox 2218 5430 3804 5504; baseline -0.011 -2"><span class='ocrx_word' id='word_1_870' title='bbox 2218 5447 2474 5502; x_wconf 90' lang='lat' dir='ltr'><strong>bridendo</strong></span> <span class='ocrx_word' id='word_1_871' title='bbox 2508 5462 2521 5497; x_wconf 90' lang='lat'><strong>:</strong></span> <span class='ocrx_word' id='word_1_872' title='bbox 2554 5442 2719 5504; x_wconf 84' lang='lat' dir='ltr'><strong>Vade,</strong></span> <span class='ocrx_word' id='word_1_873' title='bbox 2746 5456 2841 5494; x_wconf 85' lang='lat' dir='ltr'><strong>ora</strong></span> <span class='ocrx_word' id='word_1_874' title='bbox 2886 5437 3037 5491; x_wconf 89' lang='lat' dir='ltr'><strong>furtis</strong></span> <span class='ocrx_word' id='word_1_875' title='bbox 3075 5435 3228 5489; x_wconf 88' lang='lat' dir='ltr'><strong>meis.</strong></span> <span class='ocrx_word' id='word_1_876' title='bbox 3280 5432 3409 5486; x_wconf 84' lang='lat' dir='ltr'><strong>Nam</strong></span> <span class='ocrx_word' id='word_1_877' title='bbox 3455 5446 3581 5485; x_wconf 86' lang='lat' dir='ltr'><strong>vere</strong></span> <span class='ocrx_word' id='word_1_878' title='bbox 3628 5430 3804 5485; x_wconf 79' lang='lat' dir='ltr'><strong>hodie</strong></span> 
     </span>
    </p>
   </div>
   <div class='ocr_carea' id='block_1_115' title="bbox 2217 5520 3802 5599">
    <p class='ocr_par' dir='ltr' id='par_1_115' title="bbox 2217 5520 3802 5599">
     <span class='ocr_line' id='line_1_115' title="bbox 2217 5520 3802 5599; baseline -0.011 -7"><span class='ocrx_word' id='word_1_879' title='bbox 2217 5553 2320 5592; x_wconf 86' lang='lat' dir='ltr'><strong>non</strong></span> <span class='ocrx_word' id='word_1_880' title='bbox 2353 5537 2667 5589; x_wconf 86' lang='lat' dir='ltr'><strong>haberemus</strong></span> <span class='ocrx_word' id='word_1_881' title='bbox 2694 5544 2850 5599; x_wconf 83' lang='lat' dir='ltr'><strong>quem</strong></span> <span class='ocrx_word' id='word_1_882' title='bbox 2877 5525 3343 5582; x_wconf 85' lang='lat' dir='ltr'><strong>manducassemus</strong></span> <span class='ocrx_word' id='word_1_883' title='bbox 3369 5535 3582 5589; x_wconf 87' lang='lat' dir='ltr'><strong>panem.</strong></span> <span class='ocrx_word' id='word_1_884' title='bbox 3600 5520 3713 5575; x_wconf 87' lang='lat' dir='ltr'><strong>Sed</strong></span> <span class='ocrx_word' id='word_1_885' title='bbox 3748 5520 3802 5575; x_wconf 89' lang='lat' dir='ltr'><strong>si</strong></span> 
     </span>
    </p>
   </div>
   <div class='ocr_carea' id='block_1_116' title="bbox 2214 5613 3801 5694">
    <p class='ocr_par' dir='ltr' id='par_1_116' title="bbox 2214 5613 3801 5694">
     <span class='ocr_line' id='line_1_116' title="bbox 2214 5613 3801 5694; baseline -0.01 -11"><span class='ocrx_word' id='word_1_886' title='bbox 2214 5639 2297 5683; x_wconf 87' lang='lat' dir='ltr'><strong>est</strong></span> <span class='ocrx_word' id='word_1_887' title='bbox 2342 5626 2423 5681; x_wconf 92' lang='lat' dir='ltr'><strong>fur</strong></span> <span class='ocrx_word' id='word_1_888' title='bbox 2463 5627 2659 5694; x_wconf 85' lang='lat' dir='ltr'><strong>justus,</strong></span> <span class='ocrx_word' id='word_1_889' title='bbox 2690 5638 2789 5691; x_wconf 83' lang='lat' dir='ltr'><strong>ego</strong></span> <span class='ocrx_word' id='word_1_890' title='bbox 2818 5634 2957 5674; x_wconf 89' lang='lat' dir='ltr'><strong>sum.</strong></span> <span class='ocrx_word' id='word_1_891' title='bbox 2986 5617 3136 5671; x_wconf 85' lang='lat' dir='ltr'><strong>Tune</strong></span> <span class='ocrx_word' id='word_1_892' title='bbox 3161 5630 3287 5684; x_wconf 81' lang='lat' dir='ltr'><strong>ergo</strong></span> <span class='ocrx_word' id='word_1_893' title='bbox 3331 5614 3496 5675; x_wconf 86' lang='lat' dir='ltr'><strong>dixit,</strong></span> <span class='ocrx_word' id='word_1_894' title='bbox 3528 5613 3801 5680; x_wconf 79' lang='lat' dir='ltr'><strong>quoniam</strong></span> 
     </span>
    </p>
   </div>
   <div class='ocr_carea' id='block_1_117' title="bbox 2217 5703 3806 5777">
    <p class='ocr_par' dir='ltr' id='par_1_117' title="bbox 2217 5703 3806 5777">
     <span class='ocr_line' id='line_1_117' title="bbox 2217 5703 3806 5777; baseline -0.011 -4"><span class='ocrx_word' id='word_1_895' title='bbox 2217 5718 2481 5774; x_wconf 79' lang='lat' dir='ltr'><strong>tremissia</strong></span> <span class='ocrx_word' id='word_1_896' title='bbox 2508 5714 2669 5769; x_wconf 86' lang='lat' dir='ltr'><strong>dabat</strong></span> <span class='ocrx_word' id='word_1_897' title='bbox 2714 5722 2768 5767; x_wconf 91' lang='lat' dir='ltr'><strong>et</strong></span> <span class='ocrx_word' id='word_1_898' title='bbox 2791 5712 3016 5777; x_wconf 83' lang='lat' dir='ltr'><strong>siliquas</strong></span> <span class='ocrx_word' id='word_1_899' title='bbox 3059 5707 3244 5770; x_wconf 65' lang='lat' dir='ltr'><strong>etiam:</strong></span> <span class='ocrx_word' id='word_1_900' title='bbox 3271 5719 3335 5758; x_wconf 86' lang='lat' dir='ltr'><strong>ex</strong></span> <span class='ocrx_word' id='word_1_901' title='bbox 3371 5703 3472 5757; x_wconf 81' lang='lat' dir='ltr'><strong>fide</strong></span> <span class='ocrx_word' id='word_1_902' title='bbox 3504 5704 3668 5766; x_wconf 84' lang='lat' dir='ltr'><strong>illius,</strong></span> <span class='ocrx_word' id='word_1_903' title='bbox 3705 5718 3806 5757; x_wconf 77' lang='lat' dir='ltr'><strong>as-</strong></span> 
     </span>
    </p>
   </div>
   <div class='ocr_carea' id='block_1_118' title="bbox 2216 5796 3805 5881">
    <p class='ocr_par' dir='ltr' id='par_1_118' title="bbox 2216 5796 3805 5881">
     <span class='ocr_line' id='line_1_118' title="bbox 2216 5796 3805 5881; baseline -0.009 -16"><span class='ocrx_word' id='word_1_904' title='bbox 2216 5808 2389 5875; x_wconf 85' lang='lat' dir='ltr'><strong>suevi,</strong></span> <span class='ocrx_word' id='word_1_905' title='bbox 2411 5808 2646 5867; x_wconf 85' lang='lat' dir='ltr'><strong>domine.</strong></span> <span class='ocrx_word' id='word_1_906' title='bbox 2676 5804 2745 5861; x_wconf 88' lang='lat' dir='ltr'><strong>de</strong></span> <span class='ocrx_word' id='word_1_907' title='bbox 2770 5803 2950 5857; x_wconf 86' lang='lat' dir='ltr'><strong>animo</strong></span> <span class='ocrx_word' id='word_1_908' title='bbox 2975 5798 3123 5855; x_wconf 87' lang='lat' dir='ltr'><strong>dare.</strong></span> <span class='ocrx_word' id='word_1_909' title='bbox 3152 5796 3465 5881; x_wconf 63' lang='lat' dir='ltr'><strong>Editicatus</strong></span> <span class='ocrx_word' id='word_1_910' title='bbox 3509 5810 3640 5866; x_wconf 76' lang='lat' dir='ltr'><strong>ergo</strong></span> <span class='ocrx_word' id='word_1_911' title='bbox 3666 5808 3805 5850; x_wconf 83' lang='lat' dir='ltr'><strong>san-</strong></span> 
     </span>
    </p>
   </div>
  </div>
