4034 6412
211 382 349 442 1649

1134 392 1289 448 γιτΑ
1333 390 1575 446 SANCTI
1617 386 1904 446 JO'ANNIS
1945 390 2523 449 ELEEMOSYNARII.

3319 402 3340 457 l
3354 402 3459 462 650

200 520 319 565 ctus
349 505 527 571 valde,
552 505 687 561 dixit
733 505 797 561 ad
827 520 951 562 eum
980 523 995 566 :
1027 507 1200 562 Crede
1232 506 1384 571 mihi,
1418 507 1610 560 multas
1651 518 1780 558 cou-
1808 506 1858 561 A
1887 518 1983 556 uos
2027 505 2196 568 ﬁelor,
2228 515 2282 558 et
2336 514 2552 575 peccato
2583 512 2638 559 et
2688 502 3047 560 inobedientia
3070 503 3323 574 deceptos
3351 505 3459 562 ite-

202 602 532 655 versationes
593 598 803 652 Patrum
829 602 951 667 legi,
986 598 1090 652 tale
1115 597 1311 666 aliquid
1343 612 1445 650 non
1470 595 1672 651 audivi.

272 691 405 746 CAP.
437 687 1053 743 XXXVlll.-—Malitiatn
1079 696 1442 743 reservantem
1496 684 1779 754 quemdam

202 780 513 844 illustrium,
549 786 737 831 contra
765 778 923 831 alium
957 778 1276 846 principem,
1304 776 1525 831 audiens
1554 775 1642 830 hic
1670 789 1781 827 ma-

200 889 339 946 gnus
369 872 621 933 Joannes,
654 870 861 924 monuit
909 886 1028 925 eum
1059 886 1222 938 szepe,
1252 878 1307 925 et
1335 869 1502 923 suasit
1538 867 1602 921 ad
1648 882 1780 921 con-

197 966 463 1032 cordiam,
491 976 546 1021 et
606 980 709 1019 non
760 964 929 1031 potuit
956 979 1075 1016 eum
1134 970 1448 1016 convertere
1479 960 1541 1013 ad
1572 974 1778 1028 pacem.

200 1057 379 1110 Semel
407 1073 533 1126 ergo
554 1057 717 1111 mittit
747 1065 800 1110 et
827 1054 1043 1109 adducit
1072 1068 1194 1106 eum
1243 1059 1480 1114 sanctus,
1512 1048 1659 1118 quasi
1684 1063 1779 1116 pro

201 1162 266 1202 re
305 1148 510 1217 publica
538 1166 550 1200 :
576 1157 629 1203 et
661 1146 789 1201 facit
841 1147 1031 1199 missas
1077 1143 1129 1196 in
1171 1142 1405 1197 oratorio
1427 1155 1542 1204 suo,
1575 1140 1777 1193 nullum

202 1237 409 1292 habens
434 1238 533 1291 nisi
579 1239 880 1292 ministrum
912 1249 1065 1289 suum
1098 1230 1237 1301 (82).
1270 1232 1401 1286 Cum
1432 1244 1562 1300 ergo
1593 1238 1778 1283 sancta

202 1333 567 1386 benedixisset
592 1329 910 1400 patriarcha,
939 1336 992 1382 et
1021 1326 1313 1380 orationem
1345 1323 1675 1378 Dominieam
1699 1322 1780 1377 in-

199 1424 471 1486 clinasset,
500 1430 776 1491 emperunt
803 1421 980 1476 dicere
1002 1430 1108 1474 tres
1142 1428 1342 1473 tantum
1374 1417 1468 1483 illi,
1503 1416 1661 1470 Pater
1685 1429 1779 1469 no-

200 1525 336 1566 ster.
367 1513 431 1566 Et
458 1529 577 1567 cum
608 1510 945 1580 pervenisset
972 1509 1037 1563 ad
1068 1521 1391 1573 sermonem,
1423 1521 1529 1575 quo
1556 1504 1774 1571 dicitur,

201 1603 423 1660 Dimitte
455 1603 606 1659 nobis
633 1603 806 1657 debita
833 1609 1034 1661 nostra,
1063 1602 1200 1653 sicut
1233 1606 1288 1652 et
1314 1610 1411 1651 nos
1462 1594 1780 1649 dimittimus

200 1694 533 1749 debitoribus
559 1693 775 1757 nostris,
807 1691 978 1747 innuit
1026 1689 1322 1744 domestico
1377 1686 1697 1758 patriarcha,
1725 1695 1784 1742 ut

200 1796 424 1843 taceret.
451 1787 607 1842 Siluit
649 1801 778 1854 ergo
799 1795 853 1839 et
895 1783 1219 1853 patriarcha,
1246 1788 1301 1835 et
1328 1780 1586 1834 remansit
1636 1779 1780 1848 prin-

1886 611 2001 648 rum
2089 597 2411 669 vivificavit,
2469 610 2525 656 et
2584 602 2808 673 proprio
2881 596 3140 665 sanguine
3167 596 3457 653 redemit:

1886 700 2077 752 morte,
2108 696 2163 742 et
2191 704 2402 743 omnem
2462 697 2659 742 terram
2691 697 2743 742 et
2773 688 2944 757 ipsum
2974 688 3168 743 ctelum
3196 688 3249 741 iu
3278 688 3456 745 obse—

1882 783 2064 849 quium
2106 780 2375 835 hominum
2429 779 2683 848 subdidit,
2707 780 2800 835 sed
2822 789 2878 834 et
2903 794 3041 835 nunc
3078 779 3307 847 qualiter
3337 795 3464 848 pec-

1881 882 2064 925 cantes
2083 889 2184 926 non
2204 872 2445 941 dissipat,
2462 871 2555 926 sed
2586 869 2955 941 longanimiter
2984 870 3150 939 magis
3176 879 3458 939 eXSpectat

1883 961 2169 1016 immobilis
2192 962 2278 1017 illa
2309 974 2517 1029 natura,
2539 971 2596 1018 et
2622 962 2828 1031 patiens
2855 963 2945 1017 ille
2978 961 3186 1024 oculos.
3210 971 3264 1017 et
3290 961 3458 1018 nobis.

1884 1054 2192 1124 plerumque
2221 1055 2712 1125 blasphemantibus
2729 1055 2843 1127 ipse
2862 1056 3169 1111 consolatur
3196 1065 3251 1111 et
3301 1055 3457 1124 blan-

1881 1144 2023 1198 ditur
2052 1159 2143 1212 per
2172 1146 2565 1202 miserationem
2596 1147 3061 1212 sitam.deSl"‘5“m
3090 1146 3294 1217 Ριυνίθε
3326 1162 3457 1215 Ρτυ·

1882 1244 2000 1302 pter
2030 1237 2190 1290 vitam
2248 1246 2482 1292 nostram
2515 1238 2773 1303 tribuens,
2801 1247 3028 1308 quantos
3073 1237 3243 1291 malos
3269 1250 3448 1306 operat

1881 1327 2012 1390 rios,
2046 1338 2324 1396 pergentes
2347 1339 2403 1384 ut
2431 1330 2677 1385 occidant
2698 1339 2787 1383 aut
2816 1329 3077 1392 furentur,
3108 1328 3239 1398 tegit
3273 1336 3328 1383 et
3354 1343 3459 1382 non

1882 1417 2066 1484 tradit,
2096 1433 2162 1473 ne
2191 1421 2468 1488 capiantur
2491 1428 2546 1474 et
2572 1420 2892 1489 puniantur?
2922 1427 3148 1488 quantos
3168 1418 3473 1473 existentes.

1883 1510 1936 1567 in
1960 1512 2180 1567 navibus
2212 1514 2262 1567 in
2289 1515 2495 1585 pelago,
2528 1524 2587 1569 ut
2610 1514 2915 1585 prtedentur
2933 1515 3212 1571 obviautes
3235 1514 3334 1570 sibi
3365 1530 3459 1567 na-

1882 1618 1998 1671 ves,
2041 1613 2094 1658 et
2139 1604 2384 1660 occidant
2421 1606 2510 1676 qui
2560 1606 2613 1661 in
2651 1606 2731 1661 eis
2786 1615 2933 1673 sunt,
2967 1620 3071 1661 non
3119 1605 3376 1674 permittit
3406 1606 3458 1658 in

1884 1696 2198 1764 profundum
2230 1696 2489 1764 demergi,
2520 1695 2613 1751 sed
2656 1696 2883 1765 imperat
2913 1696 3044 1751 mari
3071 1711 3137 1751 ne
3178 1694 3480 1749 absorbeat.

1883 1798 2016 1851 eos,
2072 1796 2391 1855 exspectans
2451 1786 2855 1841 conversionem
2920 1787 3138 1842 malitia:
3184 1784 3485 1855 ipsorum?“

198 1893 330 1947 ceps
372 1881 537 1943 solus,
569 1878 753 1931 dicens
780 1889 991 1930 versum
1026 1889 1041 1927 :
1073 1873 1285 1927 Dimitte
1331 1871 1679 1937 nobis,sicut
1726 1879 1781 1927 et
1812 1879 1859 1939 Β
1889 1874 2072 1942 quanti
2122 1874 2365 1944 pejorant
2428 1889 2624 1945 corpus
2688 1873 2802 1946 (83)
2851 1882 2908 1930 et
2968 1875 3277 1945 sanguinem
3346 1875 3464 1943 ejus

200 1988 302 2028 nos
331 1972 663 2026 dimittimus.
695 1969 760 2023 Et
785 1967 964 2022 statim
994 1981 1284 2022 conversus
1306 1974 1543 2032 sanctus,
1576 1964 1707 2018 dicit
1726 1963 1778 2019 ei

201 2073 480 2119 mansueta
506 2077 636 2117 voce
661 2076 674 2113 :
702 2060 831 2114 Vide
852 2059 904 2113 in
926 2060 1066 2129 quali
1095 2058 1315 2114 terr.bili
1342 2057 1471 2110 liora
1525 2056 1651 2126 quid
1699 2056 1778 2111 di-

200 2170 293 2210 cas
326 2156 472 2208 Deo:
501 2153 757 2221 Quoniam
811 2151 946 2204 sicut
1002 2164 1100 2218 ego
1148 2149 1377 2211 dimitto,
1413 2148 1483 2201 ita
1515 2156 1569 2200 et
1617 2156 1671 2201 tu
1701 2147 1781 2201 di-

201 2248 355 2301 mitte
402 2246 551 2303 mibi.
581 2245 853 2314 Tanquam
907 2243 974 2298 ab
1026 2243 1149 2312 igne
1174 2242 1353 2296 statim
1385 2241 1679 2296 cruciatum
1701 2239 1780 2293 fe-

200 2353 328 2392 reus
357 2336 639 2406 prtedictus
687 2335 952 2404 princeps,
976 2334 1164 2389 cecidit
1186 2336 1240 2387 in
1289 2334 1474 2388 faciem
1505 2334 1570 2387 ad
1620 2331 1782 2400 pedes

201 2430 395 2494 sancti,
441 2427 625 2482 dicens
658 2443 672 2481 :
702 2425 1039 2492 Qutccunque
1069 2424 1315 2493 jusseris,
1349 2424 1587 2489 domine,
1621 2423 1782 2480 faciet

201 2533 390 2572 servus
421 2528 560 2572 tuus.
592 2516 657 2570 Et
685 2515 1056 2571 reconciliatus
1076 2525 1158 2570 est
1187 2517 1402 2571 inimico
1432 2531 1530 2571 suo
1554 2531 1619 2569 ex
1651 2526 1775 2571 tunc

202 2626 326 2661 rum
360 2609 504 2662 omni
531 2607 773 2661 veritate.

273 2720 399 2775 CAP.
420 2718 1028 2790 XXXIX—Superbum
1059 2728 1231 2773 autem
1256 2720 1297 2773 si
1313 2718 1522 2774 videbat
1545 2719 1776 2789 aliquem

205 2816 416 2880 beatus,
449 2817 588 2867 hunc
612 2815 823 2883 quidem
855 2830 960 2867 non
988 2818 1239 2884 arguebat
1271 2814 1323 2867 in
1355 2812 1491 2868 facie
1523 2831 1536 2867 :
1567 2814 1779 2884 quando

202 2918 381 2959 autem
407 2921 527 2958 eum
552 2905 602 2957 in
633 2912 841 2959 secreto
872 2919 970 2958 suo
1001 2906 1277 2959 sedentem
1318 2904 1550 2969 videbat,
1584 2905 1779 2960 affere-

204 2995 297 3049 bat
325 2996 391 3049 de
415 2995 713 3050 humilitate
740 3009 1039 3059 sermones,
1063 3005 1121 3048 ut
1143 3010 1235 3063 per
1280 2998 1381 3050 tale
1409 2997 1777 3065 magisterium

203 3086 410 3141 sensim
468 3096 775 3155 percuteret
803 3086 1115 3154 superbum.
1144 3096 1194 3140 et
1224 3087 1519 3141 modestum
1560 3089 1778 3155 faceret,

203 3180 391 3231 dicens
422 3178 489 3231 ita
517 3196 532 3234 :
566 3178 743 3245 Miror,
776 3179 975 3232 domini
997 3179 1123 3243 mei,
1154 3179 1420 3245 quomodo
1452 3196 1553 3233 non
1606 3196 1781 3234 recor-

1884 1975 2324 2033 sacrosanctum,
2372 1976 2430 2022 et
2500 1968 2698 2037 patitur
2756 1976 2810 2023 et
2874 1967 3249 2039 longanimiter
3313 1968 3461 2037 ag‘t,

1884 2072 1989 2112 non
2044 2058 2272 2113 reddens
2323 2060 2402 2113 eis
2432 2058 2521 2113 hic
2562 2059 2760 2128 aliquid
2802 2059 3055 2117 difﬁcile?
3117 2068 3343 2129 quantos
3410 2060 3462 2112 in

1883 2147 2076 2203 itinere
2122 2150 2519 2213 latrocinantes,
2549 2164 2653 2203 non
2686 2150 2848 2204 tradit
2900 2152 2953 2204 in
3008 2151 3183 2205 cibum
3242 2149 3462 2204 obvian-

1885 2240 2028 2294 tibus
2097 2240 2198 2295 sibi
2256 2240 2478 2295 bestiis?
2543 2253 2773 2310 quantos
2847 2250 3037 2298 euntes
3108 2241 3163 2295 in
3228 2255 3463 2296 concava

1885 2345 2169 2399 terrarum,
2195 2345 2248 2389 et
2270 2334 2518 2389 itinerum
2543 2333 2838 2390 seditiones
2859 2340 3175 2403 operantes,
3208 2333 3467 2402 protegit,

1883 2439 2077 2481 utnon
2116 2434 2503 2481 consumantur
2548 2440 2578 2478 a
2621 2424 3042 2480 custodientibus
3099 2424 3342 2490 canibus,
3373 2424 3462 2478 vel

1883 2523 2042 2573 etiam
2067 2517 2409 2572 hominibus?
2434 2516 2499 2571 Et
2523 2516 2889 2571 meinterdum
2921 2525 3151 2570 autcum
3176 2515 3459 2570 meretrice

1826 2650 1829 2651 ν
1885 2610 2244 2678 recumbente,
2267 2622 2356 2664 aut
2382 2625 2504 2664 cum
2559 2609 2642 2665 his
2670 2610 2763 2681 qui
2804 2624 2864 2666 se
2894 2609 3188 2678 inebriant,
3218 2619 3310 2663 aut
3338 2624 3461 2664 curn

1886 2707 2057 2773 turpia
2100 2704 2436 2773 loquentibus
2456 2712 2836 2770 conversante,
2863 2712 2956 2759 aut
2994 2712 3190 2761 caetero
3219 2703 3461 2773 quolibet

1882 2798 2061 2853 smculi
2089 2798 2244 2867 hujus
2274 2796 2542 2868 implicato
2570 2808 2807 2868 peccato,
2836 2799 2954 2868 apis
2978 2797 3193 2868 quidem
3215 2800 3455 2853 circum-

1883 2890 2074 2957 fertur,
2102 2898 2157 2945 et
2186 2891 2350 2945 valles
2376 2899 2429 2944 et
2458 2891 2639 2944 alveos
2666 2891 2876 2955 circuit,
2907 2905 3153 2962 quaerens
3195 2891 3463 2958 colligere

1885 2984 2137 3049 fructum,
2162 2993 2217 3037 ut
2243 2983 2401 3039 dulce
2451 2981 2614 3039 faciat
2660 2984 2788 3038 mihi
2837 2993 3039 3053 guttur,
3068 2988 3210 3055 quod
3237 2984 3377 3040 fteda
3403 2990 3471 3039 et.

1884 3076 2063 3145 iniqua
2113 3077 2453 3142 pronuntiat;
2485 3091 2587 3131 uva
2630 3086 2809 3131 autem
2843 3077 3061 3132 festinat
3086 3092 3181 3148 per
3222 3079 3461 3134 calorem

1888 3167 2161 3233 maturari,
2193 3177 2250 3222 ut
2294 3168 2498 3237 repleat
2522 3183 2583 3223 os
2614 3179 2668 3223 et
2712 3170 2945 3225 lzetilicet
2971 3186 3084 3239 cor,
3115 3171 3257 3241 quod
3293 3170 3458 3227 facto-

204 3271 361 3325 datur
391 3275 583 3327 misera
613 3274 784 3326 anima
810 3287 926 3327 mea
951 3272 1262 3326 humilitatis
1290 3288 1407 3341 quze
1439 3272 1781 3327 demonstra-

1890 3275 2003 3315 rem
2066 3275 2220 3315 suum
2273 3261 2683 3330 praevaricatum
2728 3272 2826 3316 est.
2878 3260 3065 3317 Flores
3120 3262 3345 3318 invicem
3399 3278 3459 3318 se

204 3364 282 3418 vit
311 3365 464 3419 nobis
493 3379 655 3433 super
678 3374 875 3419 terram
909 3379 1168 3433 apparere
1217 3364 1409 3418 Filium
1438 3364 1551 3424 Dei,
1578 3365 1668 3417 sed
1704 3363 1784 3415 iu-

205 3467 453 3511 tumesco
503 3466 556 3509 et
606 3457 836 3512 extollor
882 3470 1042 3526 super
1073 3456 1290 3510 fratrem
1336 3470 1531 3518 meum,
1564 3455 1609 3507 si
1640 3454 1787 3507 fuero

206 3547 480 3603 modicum
511 3555 598 3599 aut
624 3547 895 3614 pulchrior
926 3556 1123 3611 eo,aut
1143 3546 1325 3611 ditior,
1360 3556 1451 3599 aut
1473 3546 1782 3615 gloriosior,

206 3649 304 3695 aut
331 3639 683 3710 principatum
707 3638 865 3692 officii
893 3639 1258 3707 cujuscunque
1282 3639 1539 3700 habuero.
1576 3656 1677 3693 non
1704 3640 1784 3693 in-

210 3733 459 3801 telligens
507 3732 739 3787 divinam
784 3745 992 3793 vocem,
1018 3746 1135 3798 qua:
1183 3731 1350 3784 dicit:
1386 3732 1580 3787 Discite
1628 3747 1655 3784 a
1705 3747 1788 3786 me

210 3826 334 3893 quia
354 3825 493 3876 mitis
515 3838 633 3876 sum
662 3831 715 3875 et
741 3820 953 3875 humilis
966 3821 1147 3885 corde,
1167 3829 1223 3875 et
1243 3822 1522 3874 invenietis
1550 3823 1787 3889 requiem

211 3919 493 3971 animabus
520 3917 711 3971 vestris
742 3914 959 3986 (Matth.
982 3912 1086 3981 XI);
1112 3928 1284 3981 neque
1305 3928 1607 3968 sanetorum
1633 3929 1791 3969 voces

212 4008 475 4075 cogitans,
499 4005 746 4074 quoniam
802 4004 1016 4074 quidam
1048 4014 1241 4057 terrain
1285 4002 1438 4072 (Gen.
1473 4003 1652 4070 xvut),
1675 4005 1792 4072 qui-

215 4105 340 4152 dam
393 4098 669 4162 cinerem,
703 4096 917 4167 quidam
973 4110 1207 4149 vermem
1261 4104 1315 4149 et
1366 4110 1469 4148 uou
1524 4094 1790 4148 hominem

217 4187 390 4259 (Paul.
440 4188 826 4258 xu),quidam
888 4196 978 4241 aut
1025 4186 1374 4253 impeditioris
1438 4196 1494 4241 et
1550 4187 1794 4241 tardioris

218 4280 406 4347 linguae
455 4279 653 4349 (Exod.
706 4280 779 4350 tv)
828 4294 887 4334 se
937 4278 1321 4333 nominabant:
1353 4287 1408 4333 et
1455 4280 1574 4346 quia
1608 4278 1793 4345 Isaias,

216 4374 432 4443 quando
468 4373 630 4426 Deum
652 4373 835 4427 videre
861 4373 1073 4439 meruit,
1092 4382 1143 4424 ut
1172 4373 1312 4439 capit
1345 4372 1524 4434 homo,
1552 4380 1677 4425 tunc
1698 4371 1797 4425 im-

218 4466 413 4520 munda
444 4464 575 4518 labia
627 4478 686 4518 se
715 4464 911 4519 habere
955 4463 1318 4532 pronuntiavit
1363 4463 1499 4531 (Ira.
1528 4462 1628 4531 vt).
1657 4463 1793 4530 Quid

218 4556 359 4609 enim
390 4567 445 4610 et
472 4570 586 4608 sum
618 4553 869 4608 humilis?
888 4554 1074 4608 Nonne
1091 4554 1158 4608 de
1185 4555 1296 4608 luto
1317 4556 1469 4608 lictus
1490 4570 1628 4621 sum,
1657 4556 1796 4610 unde

1889 3361 2286 3422 praeoccupant,
2312 3362 2370 3407 ut
2418 3352 2683 3408 delectent
2732 3354 2937 3419 oculos,
2968 3354 3058 3422 qui
3090 3352 3464 3411 fornicationi-

1891 3442 1989 3497 bus
2016 3452 2072 3497 et
2094 3444 2281 3499 alienis
2322 3444 2631 3499 mulieribus
2663 3445 2727 3499 ad
2749 3447 3281 3504 luxuriaminnuunt.
3305 3448 3461 3503 Ficus
3512 3466 3519 3471 '

1891 3536 2130 3591 turbatur
2151 3538 2290 3606 (84),
2317 3545 2582 3606 quatenus
2611 3538 2905 3606 perveniat,
2932 3550 2989 3594 ut
3018 3540 3218 3608 repleat
3249 3555 3473 3593 manum

1892 3643 1986 3697 per
2009 3628 2446 3697 magnitudinem,
2471 3636 2526 3684 et
2555 3644 2616 3682 os
2647 3643 2742 3697 per
2771 3628 3125 3692 dulcedinem,
3153 3629 3292 3697 quod
3319 3638 3463 3683 tenet

1892 3730 1947 3774 et
2004 3720 2173 3774 basiat
2216 3721 2442 3775 alienam
2505 3720 2807 3775 mulierem.
2858 3721 3008 3775 Talia
3055 3736 3222 3789 ergo,
3272 3723 3466 3792 inquit,

1891 3828 2052 3882 opera
2072 3813 2267 3867 fratres
2294 3822 2531 3883 agentes,
2558 3822 2612 3868 et
2644 3814 2777 3869 tales
2808 3814 3186 3869 retributiones
3205 3817 3465 3883 recipien-

1895 3914 1975 3959 tes
2000 3920 2030 3957 a
2058 3906 2283 3975 benigno
2312 3905 2421 3961 Deo
2440 3944 2455 3970 ,
2487 3905 2699 3975 qualem
2730 3905 3085 3961 debiteramus
3116 3907 3313 3962 habere
3342 3922 3465 3976 pru-

1893 3996 2150 4064 dentiam,
2170 3999 2570 4055 considerantes
2615 3999 2956 4055 novissimam
2987 4010 3220 4055 nostram
3259 4008 3314 4055 et
3344 4001 3468 4054 hor-

1896 4090 2115 4144 rendam
2140 4091 2359 4145 horam?
2381 4093 2597 4147 Multum
2628 4095 2768 4147 enim
2798 4094 2865 4148 de
2892 4096 3144 4150 memoria
3179 4095 3365 4149 mortis
3415 4105 3469 4150 et

1898 4184 2044 4238 exitu
2100 4184 2290 4236 anima:
2343 4183 2647 4251 disiiutabat
2685 4199 2899 4252 semper
2944 4186 3032 4241 ille
3078 4187 3284 4253 beatus,
3311 4190 3382 4241 ita
3416 4198 3472 4243 ut

1900 4274 2207 4344 frequenter
2237 4275 2448 4344 quidam
2471 4275 2538 4328 ad
2570 4290 2689 4329 eum
2719 4275 2952 4346 superbo
2996 4277 3271 4333 schemate
3307 4280 3472 4333 iuu-a-

1901 4376 2018 4423 rent
2037 4379 2089 4422 et
2110 4366 2303 4422 ridenti
2334 4368 2509 4433 vultu,
2536 4378 2590 4423 et
2631 4368 3027 4423 inconsiderato
3050 4371 3236 4436 oculo;
3283 4380 3338 4425 et
3366 4372 3473 4425 exi-

1901 4470 2022 4515 rent
2052 4460 2236 4515 humili
2264 4475 2433 4527 more,
2461 4469 2514 4517 et
2541 4470 2854 4529 compuncta
2886 4459 3114 4527 facie,et
3135 4461 3473 4533 lacrymauti-

1903 4553 2001 4607 bus
2018 4553 2208 4607 oculis.
2234 4552 2456 4621 Propter
2476 4552 2615 4621 quod
2645 4560 2699 4608 et
2726 4552 2935 4607 dicebat
2967 4553 3133 4619 :Quia
3160 4554 3240 4625 (ut
3267 4554 3478 4611 aestimo

222 4656 350 4703 sunt
392 4660 443 4701 et
493 4646 724 4701 lateres?
753 4646 940 4701 Nonne
989 4661 1204 4700 omnem
1248 4662 1402 4715 quam
1437 4657 1562 4715 puto
1595 4648 1791 4701 habere
1831 4636 1874 4692 D
1901 4658 2000 4711 ego
2039 4642 2276 4711 humilis)
2306 4642 2505 4698 sufﬁcit
2533 4641 2599 4698 ad
2648 4644 2875 4697 salutem
2906 4643 3118 4698 assidue
3156 4652 3207 4699 et
3228 4644 3472 4699 dolenter

219 4739 466 4807 gloriam,
491 4748 546 4792 ut
569 4738 666 4791 llos
692 4734 1270 4805 fcenimarcescitUsa.
1302 4737 1427 4805 XL)?
1459 4736 1552 4790 His
1584 4751 1712 4806 ergo
1740 4746 1790 4791 ct

223 4828 547 4898 huiusmodi,
573 4838 627 4883 et
675 4828 792 4882 aliis
834 4828 1070 4897 pluribus
1116 4829 1290 4883 verbis
1339 4828 1790 4895 sapientissimus.

220 4920 371 4990 quasi
397 4920 462 4973 de
487 4933 546 4972 se
567 4918 771 4982 dicens,
797 4924 917 4972 eum
945 4917 1031 4986 qui
1062 4917 1369 4988 languorem
1400 4917 1687 4971 inﬂationis
1743 4927 1796 4972 et

221 5012 483 5078 Superbize
508 5010 733 5065 habebat
756 5010 996 5065 cauterio
1021 5010 1363 5071 comburens,
1398 5010 1644 5076 proderat
1676 5009 1793 5079 ejus

223 5103 435 5156 animat.
464 5101 791 5169 Intelligebat
822 5102 962 5156 enim
1012 5100 1055 5153 is
1085 5102 1171 5169 qui
1196 5100 1345 5154 ulcus
1378 5100 1606 5155 habebat
1655 5100 1795 5170 quod

224 5195 289 5248 de
309 5208 374 5248 eo
404 5192 703 5261 patriarcha
728 5192 840 5247 haec
867 5194 1151 5246 intimaret.

293 5282 423 5336 (utr.
454 5282 563 5345 XL.
591 5313 660 5322 ——
689 5282 753 5336 Et
785 5283 885 5337 hoc
912 5281 1221 5352 frequenter
1252 5281 1341 5336 ille
1367 5297 1395 5336 a
1426 5283 1535 5337 Deo
1560 5283 1795 5336 honora-

226 5387 332 5435 tus.
356 5375 607 5429 afferebat
635 5374 689 5427 in
713 5374 965 5439 medium,
987 5376 1051 5427 ad
1077 5373 1387 5428 humilitatis
1403 5388 1796 5443 argumentum,

226 5469 448 5520 dicens:
479 5464 631 5533 Quod
689 5464 733 5518 si
787 5464 1281 5519 considerassemus
1312 5476 1366 5520 et
1412 5469 1795 5535 cngitassemus

228 5559 321 5613 Dei
342 5574 463 5625 erga
490 5572 586 5611 nos
609 5554 1030 5612 misericordiam
1055 5567 1107 5610 ct
1131 5551 1443 5623 bonitatem,
1468 5573 1566 5611 nec
1597 5558 1649 5612 in
1687 5575 1798 5615 c03-

225 5648 737 5721 los‘sublevaremus
789 5646 971 5701 oculos
994 5657 1231 5715 nostros,
1263 5649 1354 5702 sed
1377 5663 1592 5718 semper
1620 5650 1669 5703 in
1700 5652 1799 5704 hu-

224 5742 335 5795 mili
364 5740 546 5796 babitu
574 5754 636 5795 ac
656 5739 931 5810 prudentia
960 5740 1295 5810 degeremus.
1321 5741 1387 5797 Ut
1408 5744 1549 5797 enim
1576 5754 1795 5812 praetur-

224 5846 367 5898 ειη),
412 5830 643 5897 qualiter
692 5845 798 5888 non
849 5832 1140 5888 existentes
1182 5844 1235 5889 ut
1279 5849 1521 5891 essemus
1550 5838 1799 5904 produxit

1900 4735 2155 4806 cogitare,
2176 4742 2229 4788 et
2252 4730 2887 4789 sollicitudinem‘habere
2914 4734 2981 4788 de
3006 4742 3195 4800 morte,
3221 4735 3470 4803 quoniam

1902 4842 2059 4883 nemo
2098 4827 2253 4882 nobis
2284 4827 2335 4881 in
2382 4826 2471 4882 illa
2500 4826 2627 4881 hora
2662 4827 3037 4896 compatietur,
3054 4837 3143 4881 aut
3195 4826 3476 4882 comitabi-

1901 4928 1989 4973 tur
2014 4935 2078 4975 ex
2099 4921 2204 4973 vita
2232 4919 2357 4983 ista,
2384 4918 2483 4972 nisi
2512 4932 2673 4987 opera
2704 4918 2843 4972 bona
2871 4926 3069 4972 nostra.
3106 4916 3170 4971 Et
3208 4919 3473 4987 quomodo

1903 5011 2107 5079 angelis
2138 5010 2469 5064 venientibus
2498 5019 2551 5064 et
2603 5009 3013 5078 properantibus
3062 5011 3303 5065 turbatur
3349 5018 3475 5064 tunc

1905 5102 2103 5167 anima,
2130 5101 2175 5154 si
2208 5099 2419 5155 inventa
2470 5114 2576 5153 non
2626 5098 2789 5153 fuerit
2826 5101 3157 5169 praeparata?
3208 5101 3479 5171 quomodo

1903 5191 2361 5261 rogatutaddatur
2382 5192 2481 5246 sibi
2507 5191 2773 5245 modicum
2804 5200 3014 5261 tempus
3029 5193 3167 5256 vitze,
3188 5195 3428 5248 etaudiet
3457 5208 3472 5249 :

1900 5284 2035 5350 Quid
2090 5287 2280 5340 enim?
2325 5286 2555 5355 Tempus
2602 5283 2745 5354 quod
2797 5286 3014 5352 vixisti,
3047 5287 3183 5341 bene
3228 5302 3477 5342 consum-

1901 5378 2091 5445 psisti?
2143 5378 2205 5432 Et
2235 5378 2425 5433 iterum
2472 5377 2683 5432 dicebat
2731 5388 2978 5447 tanquam
3032 5377 3100 5432 de
3146 5377 3473 5447 semetipSo:

1901 5468 2196 5534 Quomodo,
2230 5468 2444 5522 humilis
2472 5468 2735 5536 Joannes,
2762 5469 2989 5524 transire
3038 5473 3235 5538 poteris
3278 5470 3478 5525 bestias

1899 5560 2195 5615 arundineti
2232 5560 2405 5628 (Psal.
2439 5562 2621 5629 vatt),
2649 5560 2861 5629 quando
2891 5560 3181 5614 obviabuut
3224 5561 3316 5616 tibi
3343 5577 3471 5617 exa-

1899 5652 2114 5706 ctores?
2146 5651 2236 5705 Vze
2260 5651 2434 5718 qualis
2466 5651 2623 5704 timor
2650 5659 2703 5705 et
2732 5659 2932 5706 tremor
2987 5649 3194 5706 obtinet
3239 5652 3473 5706 animam

1903 5753 2027 5798 tunc
2079 5743 2338 5797 rationem
2370 5752 2676 5811 ponentem,
2707 5742 2867 5796 tantis
2915 5742 3328 5812 exquisitoribus
3368 5754 3475 5799 tam

1902 5835 2098 5891 amaris
2127 5847 2179 5890 et
2206 5834 2751 5890 immisericondibus?
2792 5835 3000 5891 Etenim
3052 5844 3266 5892 sanctus
3293 5836 3478 5894 istoin;
