4034 6422
525 435 657 491 1631

1583 423 1857 481 LEONTII
1902 420 2359 478 NEAI'ULITANI
2419 415 2724 473 I‘LPISCOI’I

3656 410 3676 461 1
3692 406 3809 460 652

552 536 802 589 meunuria
826 552 1031 605 Semper
1072 527 1495 603 retiuebat'quod
1523 543 1707 585 sancto
1761 532 1984 597 Simoni,
2018 530 2104 599 qui
2136 534 2180 590 Α
2211 527 2413 594 scopio.
2456 524 2631 579 Semel
2662 537 2792 590 ergo
2818 531 2871 577 et
2914 522 2996 575 bis
3036 521 3159 576 fecit
3209 520 3309 574 hoc
3348 520 3517 587 ipsum
3557 519 3792 572 sebum

555 633 607 681 in
638 629 895 682 columnis
923 629 1066 681 stetit
1106 627 1245 698 (85),
1273 643 1364 695 per
1395 627 1771 680 revelationem
1803 624 1996 677 factum
2026 634 2107 678 est

556 728 737 773 notum
773 734 787 770 :
817 718 945 783 Quia
979 717 1055 789 (ut
1081 717 1173 787 ait)
1224 726 1449 770 exeunte
1477 716 1650 768 anima
1681 729 1712 768 e
1742 728 1983 781 corpore,
2008 713 2106 764 ob-

555 810 699 861 vian:
726 810 771 862 ei
801 822 917 861 cum
947 807 1243 861 ascenderit
1268 823 1297 859 a
1328 818 1465 859 terra
1495 807 1544 858 in
1575 807 1789 867 cmlum,
1817 805 1965 858 chori
1997 804 2029 855 d
2050 821 2107 855 c-

555 916 791 963 ntonum,
807 900 992 968 singuli
1008 901 1057 952 in
1078 899 1287 967 pmprio
1304 898 1507 952 ordine.
1527 897 1716 951 Obviat
1738 896 1782 950 ei
1797 896 1987 950 chorus
2002 895 2113 948 da:-

559 994 853 1044 moniorum
882 989 1165 1056 superbim,
1200 990 1477 1057 investigat
1504 1003 1644 1053 eam,
1666 988 1711 1041 si
1742 987 2110 1054 habeat0pera

556 1097 761 1135 eorum.
777 1080 1166 1134 Obviatcborus
1179 1080 1449 1148 spirituum
1463 1078 1830 1132 detractionis:
1852 1078 2112 1145 aspiciunt

556 1175 601 1227 si
632 1173 837 1242 quando
884 1174 1123 1227 oblocuta
1155 1173 1241 1236 sit,
1272 1182 1325 1226 et
1372 1172 1736 1241 pmuiteutiam
1788 1187 1890 1224 non
1924 1170 2107 1238 egerit.

560 1266 785 1319 Ohviant
848 1266 1036 1319 iterum
1086 1265 1329 1331 superius
1383 1265 1649 1317 dacmoiies
1697 1260 2103 1315 fornicationis:

559 1365 859 1408 scrutantur
883 1356 923 1407 si
947 1360 1320 1423 recognoscant
1378 1354 1427 1406 iu
1452 1369 1510 1407 ea
1544 1354 1841 1418 voluptates
1870 1365 2011 1403 suas.
2049 1348 2113 1401 Et

556 1445 764 1512 quando
786 1460 813 1497 a
844 1454 978 1498 terra
1008 1460 1171 1511 usque
1212 1444 1275 1497 ad
1302 1444 1491 1497 cmlum
1525 1442 1716 1495 misera
1766 1442 1938 1493 anima
1970 1439 2113 1505 posi-

558 1547 671 1586 tura
704 1535 955 1587 rationem
990 1533 1307 1598 pervenerit,
1351 1546 1587 1585 seorsum
1619 1532 1683 1583 ab
1709 1545 1770 1584 ea
1820 1528 1987 1581 sancti
2019 1543 2113 1580 an-

557 1624 657 1691 geli
683 1623 912 1689 stabunt,
946 1633 1000 1676 et
1046 1638 1146 1677 non
1200 1620 1522 1691 adjuvabunt
1567 1636 1683 1674 eam
1713 1620 1813 1673 nisi
1855 1622 2116 1672 bonitates

558 1728 685 1767 suae.
720 1713 842 1767 llmc
889 1714 1228 1767 considerans
1278 1713 1360 1765 hic
1410 1713 1616 1775 nobilis,
1676 1712 1983 1779 perterritus
2022 1725 2115 1777 pro

560 1801 650 1854 tali
684 1802 808 1854 hora
840 1810 893 1854 et
922 1802 1175 1855 sollicitus
1198 1801 1361 1855 factus
1391 1810 1491 1863 est,
1522 1802 1698 1853 ferens
1725 1800 1776 1853 in
1802 1801 2112 1853 memoniam

2209 617 2295 671 ille
2326 618 2532 670 beatus.
2568 613 2805 666 Erudivit
2832 620 2886 666 et
2926 614 2978 665 in
3018 613 3117 665 hoc
3153 612 3358 679 plebem
3383 610 3661 677 magnifice
3683 648 3701 671 ,
3732 615 3795 660 α

2208 709 2546 772 emendavit;
2578 707 2829 761 timebant
2854 707 3027 771 enim,
3057 722 3121 760 ne
3151 706 3344 760 iterum
3368 704 3596 771 idipsum
3621 704 3793 755 sche-

2214 818 2297 857 ma
2325 802 2523 855 faceret
2554 802 2630 854 eis
2661 800 2750 853 ille
2779 815 2991 867 semper
3018 798 3412 853 memorandus.

2278 892 2406 945 Car.
2452 890 2607 944 XLII.
2639 919 2710 934 -——
2739 890 2905 958 Loqui
2948 902 3121 945 autem
3170 890 3222 943 in
3272 889 3505 943 sacrario
3558 888 3795 941 omnino

2212 995 2317 1034 non
2373 982 2748 1049 permittebat,
2791 982 2883 1035 sed
2936 980 2987 1034 in
3030 989 3317 1049 conspectu
3357 980 3595 1033 omnium
3638 978 3800 1030 foras

2212 1073 2452 1126 mittebat
2479 1088 2599 1126 eum
2622 1112 2637 1137 ,
2668 1072 2889 1125 dicens:
2925 1072 2986 1126 Si
3016 1071 3227 1141 quidem
3269 1082 3324 1124 ut
3364 1087 3545 1126 orares
3588 1071 3797 1124 renisu

2213 1166 2313 1217 huc
2331 1206 2346 1226 ,
2373 1164 2423 1217 in
2453 1164 2553 1216 hoc
2579 1174 2809 1216 mentem
2836 1172 2977 1215 tuam
3003 1171 3055 1215 ct
3077 1176 3139 1215 os
3166 1171 3309 1215 tuum
3337 1176 3524 1215 vacare
3549 1172 3756 1223 empta
3780 1176 3798 1222 ;

2213 1254 2257 1307 si
2302 1268 2430 1307 vero
2470 1264 2686 1321 prepter
2727 1253 3044 1306 locutionem
3068 1291 3084 1316 ,
3126 1253 3377 1320 scriptum
3416 1261 3492 1304 est
3524 1269 3539 1303 :
3585 1251 3804 1304 Domus

2214 1344 2307 1397 Dei
2353 1345 2543 1395 domus
2584 1342 2841 1396 orationis
2881 1342 3156 1395 vocabitur
3199 1341 3432 1413 (Matth.
3463 1358 3550 1394 ιιι
3578 1348 3643 1410 );
3679 1341 3803 1396 noli

2214 1451 2342 1505 ergo
2376 1434 2551 1487 facere
2581 1448 2696 1486 eam
2727 1435 3032 1498 Speluncam
3066 1433 3349 1485 latronum.

2283 1527 2412 1577 tiae.
2449 1522 2625 1577 XLIII.
2657 1553 2724 1561 —
2755 1522 2865 1576 Hoc
2904 1532 3077 1577 autem
3119 1531 3229 1577 erat
3271 1522 3637 1575 admirabilius
3664 1537 3808 1575 san-

2214 1614 2435 1667 ctissimi
2469 1614 2623 1681 hujus
2650 1613 2964 1682 patriarcha:
2983 1655 2997 1679 ,
3026 1615 3273 1682 quoniam
3301 1629 3396 1667 nec
3419 1614 3807 1667 monachicam

2217 1707 2374 1758 vitam
2417 1704 2619 1759 ducens
2641 1747 2654 1769 ,
2686 1720 2860 1771 neque
2891 1708 2942 1757 in
2969 1708 3112 1759 clero
3150 1714 3382 1758 moratus
3422 1706 3474 1757 in
3509 1706 3751 1758 ecclesia
3781 1744 3802 1767 ,

2216 1798 2309 1849 sed
2340 1806 2394 1851 et
2424 1794 2635 1851 femina:
2676 1797 2909 1864 legitime
2950 1797 3148 1850 dudum
3194 1799 3504 1866 conjunctus
3536 1798 3693 1867 (86),
3732 1800 3808 1849 ita

560 1902 608 1945 et
628 1894 795 1945 sancti
823 1893 1102 1946 Hilarionis
1122 1893 1385 1961 eloquium
1414 1891 1559 1959 (Vita
1591 1890 1894 1955 Hilarionis,
1912 1906 1962 1943 c.
1981 1889 2073 1957 38)
2100 1908 2115 1955 ;
2149 1883 2191 1940 Β
2224 1888 2387 1940 tenuit
2414 1887 2647 1956 vigorem
2675 1888 2916 1941 ecclesia:
2941 1890 3006 1940 ab
3032 1889 3147 1957 ipso
3174 1890 3326 1942 initio
3352 1906 3455 1956 quo
3486 1889 3808 1956 patriarcha

563 1982 683 2049 quia
711 1997 828 2034 cum
857 1997 887 2035 e
912 1983 1016 2034 vita
1045 1996 1351 2049 egressurus
1374 1989 1533 2043 eset,
1558 1978 1856 2034 formidavit
1904 1990 1958 2033 et
1982 1980 2115 2034 dixit

565 2070 752 2123 animm
774 2085 882 2124 sua:
910 2085 926 2125 :
960 2072 1231 2139 Octoginta
1263 2087 1450 2135 annos,
1477 2088 1506 2123 υ
1530 2071 1748 2124 humilis
1796 2071 1994 2136 anima,
2025 2071 2120 2123 ha-

564 2159 657 2213 bes
688 2162 927 2213 servieus
958 2161 1189 2225 Christo,
1221 2171 1274 2215 et
1305 2160 1453 2214 limes
1472 2162 1649 2215 exire?
1676 2160 1791 2221 Exi,
1816 2159 1935 2228 quia
1956 2160 2117 2213 mise-

566 2249 732 2301 ricors
765 2259 861 2302 est.
889 2250 950 2303 Et
973 2251 1179 2304 dicebat
1224 2251 1319 2302 sibi
1354 2251 1645 2318 patriarcha
1672 2268 1684 2303 :
1713 2251 1764 2304 Si
1794 2251 1837 2303 is
1865 2252 1947 2317 qui
1973 2260 2108 2303 octo-

562 2341 703 2406 ginta
735 2357 899 2395 annos
928 2343 1146 2396 servivit
1193 2344 1422 2407 Christo,
1450 2353 1502 2397 et
1550 2353 1784 2397 mortuos
1821 2342 2119 2406 suscitavit,

565 2441 616 2484 et
637 2431 784 2501 signa
817 2432 953 2491 fecit,
984 2432 1157 2485 timuit
1182 2447 1409 2485 amaram
1431 2433 1572 2485 illam
1604 2433 1806 2494 horam,
1840 2432 1964 2501 quid
2024 2431 2118 2483 ha-

567 2524 656 2575 bes
684 2534 757 2585 tu,
784 2522 993 2576 humilis
1021 2522 1275 2587 Joannes,
1307 2524 1485 2578 dicere
1535 2535 1625 2577 aut
1671 2524 1843 2578 facere
1864 2567 1878 2591 ,
1910 2524 2123 2592 quando

567 2611 895 2665 obviaverint
924 2612 973 2665 in
1007 2612 1190 2665 faciem
1215 2622 1354 2665 tuam
1396 2613 1641 2667 crudeles
1672 2613 1746 2666 illi
1776 2623 1829 2666 et
1884 2615 2122 2667 immise-

572 2707 802 2760 ricordes
822 2716 1094 2761 exactores
1117 2717 1169 2761 et
1194 2707 1562 2775 inquisitores?
1585 2707 1663 2761 Ad
1685 2716 1909 2775 quantos
1927 2707 2125 2774 poteris

573 2798 829 2852 rationem
860 2798 1101 2863 reddere,
1120 2798 1183 2850 ad
1205 2813 1295 2853 eos
1318 2799 1402 2866 qui
1432 2798 1718 2867 exquirunt
1741 2801 1804 2851 de
1824 2798 2123 2862 mendacio,

570 2890 633 2941 ad
660 2904 751 2942 eos
771 2889 855 2957 qui
875 2890 939 2942 de
963 2890 1307 2952 detractione,
1326 2892 1388 2943 ad
1411 2906 1501 2945 cos
1516 2890 1603 2957 qui
1626 2889 1692 2944 de
1712 2890 2040 2953 crudelitate,
2059 2889 2123 2943 ad

570 2992 662 3030 eos
690 2979 776 3046 qui
807 2979 872 3032 de
899 2978 1140 3044 avaritia,
1172 2979 1235 3033 ad
1272 2995 1364 3035 eos
1386 2982 1473 3049 qui
1502 2982 1567 3035 de
1594 2982 1845 3035 memoria
1884 2981 2031 3046 mali,
2056 2980 2122 3034 ad

567 3084 660 3122 eos
694 3070 782 3137 qui
834 3070 900 3124 de
929 3072 1070 3136 odio,
1101 3072 1166 3126 ad
1199 3087 1291 3126 eos
1326 3074 1411 3141 qui
1444 3072 1723 3139 exquirunt
1754 3073 1819 3128 de
1861 3072 2125 3142 pet-jurio?

569 3160 635 3214 Et
695 3162 1026 3216 dementatus
1066 3163 1273 3218 dicebat
1322 3181 1334 3214 :
1380 3164 1517 3217 Deus
1548 3203 1564 3229 ,
1616 3172 1669 3218 tu
1730 3178 1821 3219 eos
1885 3164 2120 3230 increpa,

2224 1986 2570 2031 consecratus
2604 1988 2685 2031 est
2706 2018 2720 2042 ,
2750 1988 2803 2033 et
2829 1978 2881 2032 iu
2913 1980 3071 2032 talem
3114 1980 3487 2034 sublimitatem
3527 1982 3810 2034 exaltatns

2220 2078 2301 2123 est
2319 2108 2334 2130 ,
2366 2077 2423 2121 ut
2450 2069 2643 2122 multos
2671 2070 3008 2123 eremitarum
3035 2081 3089 2124 et
3115 2070 3167 2123 in
3190 2080 3333 2125 arcta
3356 2074 3459 2125 vita
3484 2073 3807 2141 degentium

2220 2171 2515 2228 superaret.

2293 2250 2420 2303 CAP.
2456 2250 2636 2303 XLIV.
2668 2279 2737 2291 —
2769 2250 2960 2306 Volens
2989 2260 3163 2305 autem
3195 2267 3293 2307 nec
3320 2252 3478 2321 hujus
3506 2253 3633 2305 boni
3672 2268 3809 2307 esse

2224 2340 2475 2408 inexpers
2496 2379 2510 2403 ,
2564 2339 2818 2395 videlicet
2860 2341 3182 2393 monachica;
3209 2344 3330 2395 vita:
3360 2358 3571 2396 connuw
3597 2345 3809 2396 eratin-

2224 2433 2340 2498 nis,
2389 2432 2567 2485 studet
2610 2445 2721 2486 rem
2771 2432 2973 2485 talem:
3027 2447 3351 2502 congregans
3403 2434 3538 2488 duos
3581 2434 3808 2487 ordines

2224 2534 2524 2578 sanctorum
2554 2523 2965 2585 monachorum,
2996 2526 3177 2578 statuit
3209 2525 3259 2577 in
3285 2525 3362 2579 eis
3401 2539 3616 2577 omnem
3655 2525 3809 2575 utili-

2224 2626 2383 2670 tatem
2414 2615 2566 2669 tribui
2596 2615 2663 2670 de
2693 2615 2833 2669 villis
2860 2616 2969 2669 suis
3000 2615 3052 2668 in
3097 2615 3308 2669 civitate
3335 2630 3429 2669 sua
3458 2632 3471 2667 :
3500 2626 3554 2668 et
3599 2615 3807 2667 faciens

2224 2709 2303 2763 eis
2331 2709 2551 2762 cellulas
2593 2708 2644 2761 in
2676 2706 2882 2761 duobus
2909 2707 3155 2760 oratoriis
3187 2707 3421 2761 Domina.-
3451 2716 3649 2759 nostra:
3675 2721 3807 2758 san-

2224 2811 2324 2852 cta:
2378 2799 2469 2853 Dei
2517 2798 2820 2866 genitricis,
2865 2805 2919 2851 et
2954 2798 3121 2851 sancti
3164 2797 3411 2861 Joannis,
3451 2812 3571 2865 qua:
3612 2796 3736 2865 ipse
3775 2811 3806 2847 τι

2224 2892 2577 2946 fundamentis
2624 2891 3009 2953 aadificarerat,
3041 2890 3223 2943 dicens
3265 2888 3646 2942 amantissimis
3692 2888 3807 2941 Dea

2227 2983 2502 3036 monachis
2534 2984 2603 3034 ita
2631 2998 2643 3034 :
2673 2981 2783 3051 Ego
2810 2990 2930 3049 post
2961 2980 3125 3034 Deum
3156 2979 3433 3033 utilitatem
3462 2979 3807 3046 corporalem

2224 3081 2458 3127 vestram
2497 3072 2827 3140 procuratio,
2869 3086 2966 3124 vos
3002 3081 3177 3123 autem
3217 3069 3506 3138 spiritualis
3550 3069 3813 3122 habetote

2229 3177 2360 3215 mea:
2401 3176 2581 3214 curam
2620 3160 2831 3215 salutis.
2878 3161 3189 3227 Vespertina
3230 3169 3286 3214 et
3323 3170 3579 3213 nocturna
3621 3160 3811 3229 vigilia

571 3264 688 3303 nam
751 3252 922 3304 omnis
961 3248 1211 3308 fortitudo
1271 3254 1540 3308 hominum
1599 3256 1677 3307 eis
1718 3255 1966 3309 resistere
2021 3269 2124 3309 non
2151 3238 2196 3300 C
2230 3249 2510 3319 mihiapud
2530 3248 2692 3303 Deum
2716 3251 3035 3316 imputetur:
3065 3248 3317 3317 quidquid
3346 3263 3473 3301 vero
3502 3248 3558 3301 in
3588 3248 3813 3303 cellulis

570 3343 724 3395 valet.
782 3342 894 3409 Tu,
957 3344 1216 3411 Domine,
1261 3346 1326 3399 da
1390 3346 1541 3400 nobis
1601 3348 1848 3400 ductores
1917 3357 2129 3403 sanctos

568 3433 802 3501 angelos,
847 3434 932 3501 qui
984 3435 1283 3491 custodiant
1346 3448 1396 3493 et
1419 3438 1714 3507 gubernent
1770 3453 1902 3505 nos;
1963 3439 2127 3494 multa

569 3526 707 3578 enim
774 3536 853 3577 est
909 3539 1088 3581 contra
1152 3545 1250 3585 nos
1298 3546 1481 3585 eorum
1523 3532 1746 3596 insania,
1788 3533 1981 3586 multus
2021 3540 2129 3588 tre—

574 3631 708 3679 mur,
739 3617 934 3671 nntltus
984 3619 1158 3682 timor,
1194 3621 1324 3673 mult
1362 3636 1412 3674 m
1446 3621 1733 3689 periculum
1785 3621 1955 3691 pelagi
1988 3622 2128 3677 aeris

576 3705 755 3775 hujus.
785 3706 838 3759 Si
861 3708 1000 3761 enim
1024 3709 1090 3763 de
1111 3710 1323 3765 civitate
1350 3714 1400 3765 in
1433 3714 1701 3767 civitatem
1741 3728 1902 3782 super
1933 3723 2126 3769 terram

572 3796 923 3863 ambulantes,
943 3801 1285 3866 deprecamur
1303 3816 1393 3854 eos
1416 3802 1503 3869 qui
1528 3803 1680 3857 nobis
1704 3804 1951 3859 ductores
1979 3815 2127 3875 sunt,

572 3904 638 3943 ne
667 3890 720 3941 in
744 3888 1031 3956 prmcipitia
1056 3890 1311 3943 cadamus
1337 3930 1352 3956 ,
1383 3900 1473 3945 aut
1500 3892 1550 3945 in
1597 3894 1883 3961 agrestium
1934 3895 2129 3949 bestia-

571 3996 686 4033 rum
713 3981 850 4045 loca,
880 3992 970 4032 aut
1004 3982 1052 4033 in
1086 3981 1300 4035 ﬂumina
1332 3982 1556 4047 infinita,
1587 3994 1678 4037 aut
1708 3985 1759 4038 in
1787 3984 2130 4041 inacceSsibi-

556 4070 636 4124 lcs
689 4078 744 4123 et
795 4069 973 4125 invios
1007 4079 1245 4136 montes,
1289 4078 1386 4125 aut
1412 4086 1470 4125 tn
1506 4078 1784 4125 latronum
1814 4086 2011 4125 manus
2040 4079 2138 4125 aut

557 4163 612 4215 in
666 4177 915 4217 eremum
970 4162 1586 4232 iucomprehensibilem
1650 4171 1745 4217 aut
1795 4162 2138 4233 inaquosam,

571 4256 626 4299 et
654 4261 945 4312 pereamus.
971 4251 1106 4313 Quot
1130 4251 1441 4305 ductoribus
1471 4252 1694 4307 fortibus
1722 4263 1775 4307 et
1802 4254 1997 4308 divinis
2035 4271 2127 4309 cu-

569 4338 804 4392 stodibus
857 4355 988 4405 Opus
1014 4342 1285 4408 habemus,
1318 4354 1596 4413 pergentes
1653 4346 1806 4414 longa
1837 4347 1918 4400 via
1950 4347 2047 4401 hac
2075 4358 2130 4405 et

568 4437 788 4494 acterna,
816 4432 1084 4497 videlicet,
1115 4448 1230 4502 qua:
1255 4448 1320 4490 ex
1350 4449 1573 4503 corpore
1599 4448 1682 4490 est
1697 4440 1955 4506 egressio,
1981 4448 2035 4493 et
2060 4439 2126 4492 ad

569 4519 761 4572 malum
816 4521 1095 4578 ascensio?
1127 4524 1365 4578 “assunt
1402 4526 1661 4593 sapientia
1695 4530 1862 4595 plenae
1892 4530 2030 4583 beati
2059 4530 2123 4583 ad

2234 3345 2425 3398 vestris
2449 3341 2609 3397 officii
2636 3342 2889 3405 feceritis,
2920 3356 3016 3411 pro
3047 3341 3237 3396 vestris
3262 3342 3331 3396 sit
3356 3340 3653 3395 animabus.
3686 3342 3813 3395 Hoc

2233 3445 2411 3490 autem
2440 3435 2595 3501 fecit,
2626 3435 2812 3491 volens
2839 3434 3173 3489 sollicitiores
3213 3433 3427 3489 efﬁcere
3467 3431 3560 3487 Dei
3596 3435 3812 3489 amicos

2231 3528 2546 3583 monachos.
2572 3527 2723 3583 Unde
2747 3537 2799 3581 et
2828 3526 3118 3595 permansit
3147 3526 3257 3580 Deo
3288 3527 3408 3579 talis
3432 3535 3575 3593 grata
3604 3528 3810 3579 consti-

2232 3620 2360 3674 tutio
2388 3619 2630 3673 ordinum
2656 3635 2673 3685 ;
2698 3627 2750 3673 et
2774 3618 2839 3673 ad
2866 3618 3260 3673 similitudinem
3287 3618 3592 3672 monasterii
3618 3633 3681 3672 ex
3718 3619 3809 3672 his

2230 3713 2423 3766 civitas
2463 3725 2596 3779 pene
2622 3710 2786 3775 vivit,
2836 3711 2889 3764 in
2915 3710 3141 3765 diversis
3173 3710 3301 3765 locis
3328 3709 3608 3780 pervigiles
3635 3710 3805 3781 hym-

2230 3803 2416 3858 nodias
2444 3802 2553 3858 Deo
2581 3802 2839 3857 referens.

2301 3893 2430 3948 Car.
2470 3891 2630 3947 XLV.
2662 3921 2730 3933 —
2758 3892 2823 3945 Et
2854 3892 2953 3946 hoc
2980 3890 3167 3946 beatus
3195 3891 3293 3945 iste
3318 3891 3391 3945 ita
3418 3905 3607 3945 omnes
3634 3890 3803 3943 doce-

2232 3982 2353 4049 bat,
2381 3992 2434 4038 et
2463 3983 2859 4037 contestabatur
2901 3982 3082 4035 dicens
3113 3999 3128 4035 :
3156 3980 3465 4036 Nullatenus
3504 3982 3801 4048 aliquando

2231 4077 2601 4133 haereticorum
2627 4077 3011 4131 communionis
3029 4115 3044 4137 ,
3075 4076 3180 4129 imo
3205 4073 3647 4143 coinquinationis
3669 4087 3802 4140 par-

2230 4167 2552 4237 ticipemini,
2579 4168 2737 4221 etiam
2769 4168 2812 4219 si
2865 4166 3008 4219 omni
3037 4168 3141 4218 vita
3170 4176 3342 4219 vestra
3372 4163 3649 4231 ex'aliqua
3687 4164 3799 4216 im-

2228 4262 2471 4330 pulsione
2522 4260 2603 4313 vel
2663 4259 2982 4312 necessitate
3034 4256 3457 4312 communionem
3509 4254 3800 4308 catholica:

2233 4352 2491 4406 Ecclesia;
2536 4365 2639 4405 non
2686 4351 3044 4413 invenientes,
3095 4350 3210 4403 sine
3250 4349 3620 4402 communione
3666 4362 3797 4415 per-

2231 4444 2555 4498 manseritis.
2590 4443 2644 4497 Si
2678 4443 2853 4508 enim,
2885 4442 2997 4502 ait,
3036 4456 3251 4494 uxorem
3296 4440 3622 4505 corporalem
3662 4439 3800 4504 legi-

2234 4537 2357 4587 time
2386 4533 2736 4602 possidentes,
2763 4533 2815 4584 in
2846 4531 3058 4599 regione
3082 4530 3255 4597 aliqua
3283 4529 3555 4596 longinqua
3589 4526 3797 4593 absque

568 4624 625 4662 5°
649 4618 700 4662 θί
727 4609 793 4662 ad
831 4625 1017 4666 οίηηοε
1063 4612 1349 4680 άοοιτίηω;
1394 4615 1474 4669 ba?
1506 4626 1627 4670 sunt
1652 4618 1764 4686 ejus
1809 4620 2125 4687 quatidiana:
2152 4595 2203 4656 D
2228 4624 2327 4677 ista
2357 4634 2593 4689 tempore
2620 4621 2785 4674 multo
2808 4630 3110 4683 morantes,
3138 4620 3432 4687 relinquere
3456 4618 3594 4670 hanc
3621 4625 3675 4668 et
3701 4615 3798 4669 alii

570 4716 709 4755 curae
732 4710 890 4764 atque
922 4704 1309 4760 meditationes.

636 4791 761 4845 CAP.
804 4790 934 4847 XLI.
968 4823 1040 4834 —
1065 4795 1276 4849 Multam
1307 4806 1479 4850 autem
1509 4808 1562 4852 et
1589 4798 1653 4853 de
1683 4810 1861 4853 sancta
1903 4801 2130 4855 statione

567 4899 748 4937 curam
777 4883 1034 4950 habebat,
1059 4895 1113 4941 et
1137 4887 1545 4943 sollicitudinem
1574 4892 1988 4945 demonstrabat.
2017 4892 2131 4947 Una

573 4973 712 5026 enim
743 4974 950 5028 dierum
981 4979 1164 5031 volens
1196 4979 1389 5033 multos
1412 4996 1654 5035 resecare
1673 5021 1689 5045 ,
1713 4991 1768 5034 ut
1792 4998 1893 5035 nott
1917 4985 2131 5048 egrede-

570 5074 754 5116 rentur
783 5076 902 5132 post
928 5068 1241 5122 solutionem
1281 5071 1451 5124 sancti
1492 5070 1756 5138 Evangelii
1786 5072 1852 5125 de
1878 5071 2126 5135 ecclesia,

568 5162 623 5205 et
661 5155 848 5208 otiosis
888 5158 1222 5213 sermonibus
1263 5176 1359 5228 pro
1402 5161 1641 5215 oratione
1679 5169 1957 5226 vacarent,
2001 5161 2125 5229 quid

566 5245 727 5300 fecit?
754 5243 984 5313 Reliquit
1010 5262 1129 5300 mox
1152 5291 1165 5312 ,
1215 5260 1490 5318 postquam
1522 5251 1712 5303 lectum
1762 5260 1844 5303 est
1889 5260 2126 5303 sanctum

567 5339 906 5407 livangelium
927 5376 944 5403 ,
975 5338 1254 5393 ecclesiam
1282 5358 1295 5405 ;
1327 5349 1381 5395 et
1409 5342 1520 5408 ipse
1549 5343 1709 5401 exiit,
1743 5350 1796 5394 et
1834 5343 1972 5394 sedit
2009 5357 2129 5395 cum

566 5431 740 5485 turba.
768 5430 1021 5485 Omnibus
1054 5446 1178 5485 vero
1202 5431 1633 5499 obstupentibus,
1658 5430 1788 5484 dixit
1812 5430 1877 5483 ad
1903 5445 1995 5485 eos
2015 5434 2125 5498 jus-

567 5529 691 5572 tus:
733 5519 939 5585 Filioli,
972 5520 1057 5574 ubi
1088 5536 1249 5586 oves,
1295 5520 1403 5574 illic
1445 5528 1499 5573 et
1540 5532 1736 5588 pastor.
1784 5524 1888 5573 Aut
1936 5521 2127 5574 intrate

572 5610 746 5676 intro,
775 5622 831 5665 et
862 5613 1218 5682 ingrediemur
1243 5628 1257 5677 ;
1287 5620 1376 5665 aut
1405 5622 1613 5666 manete
1644 5612 1758 5675 hic,
1790 5621 1843 5665 et
1885 5611 1969 5664 hic
2010 5626 2125 5663 ma-

572 5704 729 5756 nebo.
764 5704 874 5773 Ego
901 5713 1114 5772 prepter
1151 5719 1245 5759 vos
1285 5703 1551 5759 descendo
1589 5704 1640 5755 in
1679 5709 1914 5754 sanctam
1957 5700 2124 5753 eccle-

575 5793 735 5856 siam,
772 5808 891 5846 nam
932 5803 1169 5863 poteram
1206 5797 1377 5851 facere
1415 5794 1654 5848 mihimet
1695 5792 1882 5848 missas
1924 5793 1975 5847 iu
2015 5792 2125 5860 epi-

2226 4716 2496 4783 copulari,
2535 4728 2565 4767 a
2604 4713 2711 4765 Deo
2743 4721 2797 4766 et
2826 4712 3030 4780 legibus
3060 4710 3417 4779 prohibemur,
3444 4708 3489 4760 si
3520 4722 3651 4760 vero
3689 4706 3799 4760 hoc

2225 4807 2492 4874 egerimus
2514 4842 2529 4867 ,
2580 4802 2829 4871 punimur
2858 4818 2872 4866 ;
2911 4799 3176 4870 quomodo
3217 4808 3400 4867 putas,
3441 4796 3548 4850 Deo
3580 4810 3679 4864 per
3711 4810 3801 4850 re-

2230 4906 2367 4950 ctam
2412 4894 2565 4949 fidem
2605 4903 2660 4947 et
2693 4892 3005 4946 catholicam
3052 4891 3339 4945 Ecclesiam
3388 4888 3702 4956 conjuncti,
3739 4899 3803 4941 ut

2231 4987 2304 5039 ait
2334 4984 2654 5054 Apostolus:
2688 4982 2876 5051 Aptavi
2905 4996 2999 5035 vos
3026 4982 3115 5035 uui
3142 4982 3256 5034 viro
3297 4980 3550 5050 virginem
3589 4988 3805 5033 castam

2231 5075 2483 5131 exhibere
2511 5072 2724 5127 Christo
2755 5072 2823 5144 (ll
2843 5071 2962 5126 Cor.
2986 5071 3067 5142 ιι)
3088 5114 3104 5140 ,
3135 5071 3179 5123 si
3208 5070 3554 5123 orthodoxam
3582 5078 3639 5121 et
3670 5082 3805 5121 san-

2234 5175 2337 5218 tam
2369 5162 2522 5216 fidem
2561 5162 2987 5215 adulteraveritis
3029 5177 3123 5229 per
3165 5160 3588 5214 communionem
3623 5157 3809 5212 here-

2234 5257 2477 5320 ticorum,
2505 5268 2609 5306 non
2638 5251 2690 5305 in
2723 5254 2895 5305 futuro
2924 5250 3121 5305 saeculo
3152 5251 3420 5313 tormenti,
3444 5250 3583 5317 quod
3604 5263 3807 5317 exspe.

2232 5351 2340 5396 ctat
2386 5342 2698 5407 haereticos,
2736 5344 2937 5396 erimus
2976 5341 3096 5394 facti
3126 5340 3444 5409 participes?
3472 5339 3809 5395 Communia

2235 5436 2374 5489 enim
2398 5479 2411 5502 ,
2441 5434 2543 5498 ait,
2576 5434 2695 5488 ideo
2724 5434 2939 5500 dicitur,
2974 5448 3038 5487 eo
3066 5432 3205 5501 quod
3232 5446 3563 5486 communem
3596 5429 3805 5497 faciat,

2232 5536 2281 5579 et
2330 5526 2503 5578 firmet
2546 5524 3025 5577 communicautem
3076 5522 3262 5589 quibus
3302 5521 3675 5577 communicat.
3725 5522 3811 5579 ﬂe

2233 5616 2408 5684 igitur,
2441 5629 2652 5683 qumso,
2694 5614 2799 5680 ait,
2835 5630 2869 5669 υ
2908 5612 3037 5681 filii,
3079 5613 3379 5682 ltujusmodi
3417 5614 3667 5669 oratoriis
3710 5630 3814 5685 ap-

2234 5692 2455 5773 plice’tis.

2305 5796 2430 5849 Car.
2478 5792 2654 5847 XLVI.
2702 5823 2765 5832 —
2806 5791 2936 5849 Cum
2977 5796 3222 5852 omnibus
3260 5795 3413 5851 bonis
3448 5796 3557 5852 suis
3595 5806 3652 5853 et
3700 5796 3812 5854 hoc
