4058 6440
242 387 378 449 1655

1183 392 1339 447 \‘ITA
1383 390 1623 445 SANCTI
1663 386 1934 444 JOANNIS
1973 387 2546 444 ELEEMOSYNAIHI.

3320 398 3474 455 16ὕῷ

238 509 424 564 beatus
459 506 546 562 hic
584 504 918 575 possidebat,
959 504 1096 573 quod
1139 507 1156 574 (
1187 515 1241 558 ut
1281 507 1476 560 dictum
1519 517 1601 561 est
1631 506 1649 574 )
1691 520 1794 558 non
1823 505 1874 565 Α
1899 514 2020 556 sunt
2045 518 2190 569 eam,
2211 482 2652 558 abrenuntiantes
2681 504 2910 570 mundo,
2944 519 3063 560 cum
3091 519 3150 560 ea
3180 520 3474 580 pergentes.

235 602 623 657 condemnaret
655 601 948 668 proximum
970 639 983 661 ,
1018 614 1113 652 nec
1143 598 1557 653 condemnantes
1599 598 1800 664 recipe-

239 701 342 748 ret.
380 690 563 744 Dicam
596 704 723 744 vero
750 701 802 743 et
833 689 947 758 ejus
981 689 1273 742 doctrinam
1315 689 1381 742 de
1420 689 1520 741 hoc
1556 689 1803 742 omnibus

239 787 577 853 prolicuam:
637 784 855 836 Juvenis
911 783 1122 849 quidam
1178 783 1387 848 rapiens
1441 781 1752 835 monacham
1785 821 1800 844 ,

240 877 370 943 fugit
421 873 962 942 Constantinopolim.
1006 871 1345 929 Hocdiscens
1385 870 1588 939 justus,
1639 870 1802 923 tristis

239 966 410 1020 factus
445 974 528 1020 est
566 979 735 1031 usque
770 964 835 1017 ad
882 973 1122 1017 mortem.
1161 963 1422 1030 Tempore
1465 975 1590 1014 vero
1629 959 1803 1024 aliquo

240 1065 537 1121 transacto,
568 1054 891 1108 consedente
920 1071 986 1110 eo
1016 1070 1114 1108 una
1159 1055 1360 1108 dierum
1403 1053 1454 1105 in
1505 1051 1800 1104 honorabili

243 1149 592 1205 cimiliarchio
630 1163 750 1203 cum
789 1147 1101 1216 quibusdam
1141 1146 1382 1205 clericis.
1414 1153 1468 1197 et
1505 1157 1801 1195 sermonem

239 1249 435 1304 animae
463 1248 643 1301 utilem
675 1256 920 1302 movente
940 1287 953 1308 ,
984 1245 1128 1299 venit
1157 1244 1209 1298 in
1241 1244 1469 1296 medium
1510 1251 1564 1295 et
1605 1253 1804 1294 memo-

243 1342 325 1395 ria
353 1344 560 1408 juvenis
589 1340 676 1408 qui
704 1339 944 1392 ancillam
977 1336 1068 1390 Dei
1116 1344 1392 1403 rapuerat,
1436 1344 1488 1388 et
1529 1340 1804 1400 coenerunt

244 1433 334 1496 qui
375 1439 560 1484 sancto
596 1429 940 1483 considebant
974 1426 1424 1480 anathematizare
1466 1425 1619 1478 talem
1657 1425 1805 1492 juve-

243 1537 406 1586 nem,
453 1530 699 1588 tanquam
745 1519 831 1587 qui
873 1518 1003 1572 duas
1053 1518 1258 1571 animas
1290 1517 1622 1586 perdiderat,
1653 1531 1802 1570 suam

243 1613 492 1666 videlicet
525 1619 578 1664 et
607 1610 1044 1664 sanctimonialis.
1073 1608 1408 1675 Compescuit
1430 1621 1554 1672 ergo
1582 1615 1632 1658 et
1662 1620 1806 1659 rese-

249 1704 388 1760 cavit
415 1719 508 1757 eos
537 1703 749 1766 beatus,
783 1702 964 1755 dicens
991 1719 1004 1755 :
1035 1699 1110 1754 Ne
1140 1699 1216 1753 sic
1237 1741 1250 1764 ,
1286 1699 1375 1751 lilii
1396 1737 1410 1760 ,
1444 1712 1508 1751 ne
1537 1697 1612 1749 sic
1638 1713 1651 1761 ;
1684 1710 1802 1748 nam
1848 1765 1853 1771 _

245 1795 525 1849 ostendam
573 1792 723 1847 vobis
770 1797 890 1858 quia
937 1801 991 1845 et
1041 1806 1133 1844 vos
1181 1790 1287 1843 duo
1339 1797 1549 1857 peccata
1594 1787 1800 1841 facitis:

1909 594 1959 647 in
1991 595 2367 648 monasterium
2407 595 2541 663 ejus.
2583 594 2781 650 Servus
2818 596 2958 650 enim
2999 596 3094 651 Dei
3138 600 3476 668 monachus,.

1904 686 1989 754 qui
2021 687 2319 740 totonderat
2368 702 2521 754 eam,
2565 697 2840 756 postquam
2880 688 3144 744 satisfecit.
3177 694 3455 756 omnibus.

1905 779 2117 832 tradidit
2143 780 2249 833 Deo
2277 779 2516 848 spiritum
2549 781 2600 833 in
2633 796 2778 848 pace.
2813 781 2966 848 Ideo,
2997 781 3190 850 inquit,
3223 783 3343 838 dico
3369 801 3463 838 vo-

1905 871 2019 934 bis,
2063 871 2192 937 filii,
2239 886 2305 924 ne
2346 871 2641 939 praecipites
2683 871 2750 925 ad
2790 873 3191 926 condemnanda
3231 882 3283 927 et
3323 874 3463 941 judi-

1903 959 2068 1012 canda
2097 962 2212 1014 sitis
2241 962 2433 1015 aliena.
2468 961 2731 1015 Multoties
2756 963 2897 1016 enim
2930 974 3203 1032 peccaturo
3232 961 3460 1020 fornica-

1907 1049 2069 1104 tionis
2098 1051 2356 1118 vidimus,
2399 1052 2761 1119 paenitentiam
2792 1068 2918 1107 vero
2955 1053 3107 1122 ejus,
3149 1068 3306 1121 quam
3347 1055 3466 1110 fecit

1904 1144 2111 1197 occulte
2131 1183 2145 1206 ,
2181 1159 2284 1198 non
2315 1145 2636 1213 aspeximus.
2670 1147 2736 1200 Et
2765 1155 2846 1201 est
2874 1147 2998 1217 quia
3037 1149 3233 1202 furtum
3273 1149 3466 1204 facien-

1906 1242 2008 1287 tem
2051 1236 2328 1302 quemdam
2368 1236 2627 1302 vidimus,
2663 1238 2887 1306 suspiria
2937 1253 3063 1293 vero
3110 1250 3166 1295 et
3205 1242 3468 1310 lacrymas

1905 1339 2035 1392 quas
2065 1327 2313 1394 produxit
2343 1328 2452 1383 Deo
2480 1331 2765 1384 nescimus.
2809 1329 2874 1384 Et
2917 1347 3014 1386 nos
3053 1333 3267 1402 quidem
3305 1333 3469 1388 habe-

1905 1430 2022 1468 mus
2051 1431 2172 1469 eum
2204 1418 2414 1485 qualem
2446 1419 2674 1474 vidimus
2704 1420 2853 1474 illum
2878 1464 2894 1490 ,
2936 1421 3105 1476 furem
3127 1463 3143 1488 ,
3183 1433 3271 1478 aut
3306 1423 3469 1478 forni-

1904 1513 2137 1560 catorem
2157 1546 2173 1572 ,
2207 1516 2299 1561 aut
2327 1509 2626 1577 perjurnm;
2653 1512 2788 1580 apud
2814 1513 2979 1568 Deum
3007 1528 3132 1570 vero
3155 1526 3361 1584 recepta
3384 1524 3467 1569 est

1904 1599 2104 1652 occulta
2134 1598 2247 1668 ejus
2273 1600 2538 1656 confessio
2565 1614 2619 1657 et
2645 1605 2956 1672 paenitentia
2981 1647 2995 1672 ,
3039 1616 3092 1662 et
3131 1617 3214 1662 est
3251 1608 3330 1661 ab.
3355 1608 3470 1675 ipso

1909 1694 2194 1760 pretiosus.
2221 1693 2419 1747 Omnes
2444 1693 2601 1763 igitur
2629 1696 3031 1752 admirabantur.
3054 1713 3214 1769 super
3233 1701 3470 1756 doctrina

1906 1784 2151 1838 industrii
2180 1786 2410 1852 pastoris
2439 1786 2593 1853 hujus
2618 1797 2777 1856 atque
2805 1791 3060 1857 magism.

238 1900 442 1948 unum,
501 1885 626 1952 quia
682 1882 1114 1950 transgredimiui
1168 1880 1470 1934 mandatum
1524 1879 1794 1932 dicentis:
1835 1876 1878 1935 Β
1975 1873 2102 1929 Car.
2143 1876 2348 1930 XLVII.
2394 1907 2465 1918 —
2507 1877 2721 1931 Duobus
2757 1878 2966 1932 clericis
3007 1880 3359 1935 calceamenta
3391 1881 3468 1933 fa-

234 1977 412 2032 Nolite
434 1977 690 2043 judicare,
716 1984 772 2028 ut
797 1990 901 2028 non
928 1972 1235 2042 judicemini
1257 1971 1468 2042 (Matth.
1495 1972 1584 2038 vn)
1611 1986 1625 2036 ;
1650 1969 1802 2023 dein-

233 2069 304 2122 de
327 2110 341 2132 ,
373 2068 494 2135 quia
525 2066 740 2119 nescitis
770 2065 967 2118 certius
995 2064 1042 2118 si
1073 2079 1238 2132 usque
1269 2062 1424 2116 hodie
1469 2067 1721 2130 peccent,
1751 2068 1806 2113 et

234 2174 343 2212 non
373 2157 680 2224 pteniteaut.

308 2247 432 2316 Legi
482 2249 620 2300 enim
665 2249 823 2300 vitam
871 2245 1044 2300 Patris
1090 2244 1288 2314 aliquid
1334 2244 1436 2300 tale
1480 2243 1802 2298 habentem:

233 2340 359 2407 quia
413 2339 465 2393 in
512 2339 726 2393 civitate
766 2340 993 2407 quadam
1039 2339 1144 2391 duo
1182 2336 1427 2391 monachi
1468 2334 1711 2389 abierunt
1751 2334 1804 2388 in

237 2431 613 2483 ministerium.
649 2429 711 2482 Et
739 2443 856 2481 cum
891 2428 1141 2481 transiret
1171 2442 1307 2480 unus
1340 2441 1431 2492 per
1461 2426 1663 2487 locum,
1697 2425 1806 2478 cla-

235 2520 415 2573 mabat
441 2521 485 2572 ei
518 2533 618 2572 una
649 2519 956 2583 fornicaria,
987 2518 1203 2571 dicens:
1235 2517 1388 2570 Salva
1413 2531 1516 2580 me,
1545 2515 1720 2578 Pater,
1746 2522 1806 2568 ut

233 2613 485 2664 Christus
525 2611 880 2664 meretricem.
924 2610 1016 2662 Ille
1051 2623 1178 2663 vero
1219 2608 1490 2660 hominum
1534 2605 1801 2659 confusio-

240 2717 364 2754 nem
433 2702 656 2756 omnino
709 2718 818 2758 non
892 2715 1129 2770 curans,
1249 2699 1382 2753 dixit
1425 2699 1519 2751 ei:
1570 2699 1804 2766 Sequere

236 2807 346 2846 me.
380 2793 440 2845 Et
467 2800 651 2845 tenens
695 2806 811 2845 eam
855 2807 949 2856 per
988 2807 1199 2844 manum
1241 2790 1396 2859 ejus,
1431 2791 1558 2844 exiit
1598 2790 1804 2858 publice

235 2880 310 2933 de
335 2881 584 2944 civitate,
626 2880 873 2933 omnibus
913 2879 1310 2948 aspicientibus.
1357 2880 1514 2933 Facta
1556 2891 1636 2933 est
1675 2894 1804 2948 ergo

237 2973 374 3023 fama
422 2972 540 3038 quia
581 2973 744 3025 abbas
790 2973 994 3039 accepit
1037 2973 1313 3025 mulierem
1359 2972 1606 3024 domnam
1667 2970 1801 3025 Por-

239 3065 482 3132 phyriam
515 3065 628 3132 (ita
658 3065 799 3117 enim
840 3065 1127 3118 vocabatur
1165 3063 1413 3132 mulier).
1461 3063 1803 3132 Pergentibus

238 3168 372 3223 ergo
403 3155 510 3217 eis,
540 3163 596 3206 ut
623 3154 858 3207 mitteret
888 3169 1004 3207 eam
1047 3154 1097 3206 in
1145 3155 1524 3206 monasterium
1547 3194 1561 3216 ,
1604 3153 1802 3206 invenit

242 3245 435 3298 mulier
465 3245 515 3295 in
546 3259 645 3296 nua
670 3244 894 3297 ecclesia
926 3259 1145 3311 puerum
1178 3243 1228 3296 in
1264 3254 1457 3298 terram
1489 3244 1804 3310 projectum,

235 3345 291 3390 et
325 3335 540 3389 sustulit
567 3349 682 3387 cum
718 3342 772 3386 nt
802 3334 1025 3386 nutriret
1057 3333 1225 3386 illum.
1259 3333 1437 3400 Itaque
1469 3341 1585 3399 post
1610 3347 1805 3386 annum

243 3423 463 3490 quidam
485 3432 744 3475 venerunt
776 3422 827 3474 in
858 3423 1078 3490 patriam
1098 3463 1112 3488 ,
1147 3423 1232 3476 ubi
1262 3433 1376 3476 erat
1405 3423 1570 3476 abbas
1598 3432 1650 3476 et
1678 3422 1807 3477 Por-

244 3513 466 3580 phyria,
519 3527 635 3579 qua:
684 3513 855 3566 fuetat
902 3514 968 3566 de
1013 3513 1420 3577 meretricibus;
1463 3523 1516 3567 et
1566 3513 1807 3568 videntes

239 3617 360 3657 eam
393 3603 586 3657 habere
612 3603 887 3671 puerulum
907 3643 921 3666 ,
952 3604 1132 3657 dicunt
1159 3605 1205 3658 ei
1235 3621 1248 3656 :
1299 3606 1572 3659 Veraciter
1610 3606 1804 3659 bonum

244 3695 420 3746 albati
453 3694 648 3762 pullum
679 3694 927 3761 genuisti.
957 3693 1195 3748 Nondum
1222 3695 1362 3748 enim
1389 3705 1629 3749 sanctum
1656 3697 1808 3750 sche-

246 3800 335 3839 ma
358 3795 655 3854 accepeiat.
690 3785 888 3840 Euntes
915 3801 1042 3856 ergo
1072 3787 1269 3857 Tyrum
1305 3788 1391 3856 qui
1424 3789 1664 3842 viderant
1691 3804 1805 3843 eam

240 3877 406 3946 (inde
454 3877 592 3930 enim
639 3877 801 3931 abbas
849 3878 1040 3931 tulerat
1079 3877 1300 3946 illam),
1355 3878 1800 3944 dilfamaverunt,

240 3968 360 4033 quia
406 3969 588 4034 genuit
633 3967 698 4022 de
742 3969 933 4022 abbate
978 3969 1297 4038 Porphyria,
1346 3979 1400 4023 et
1438 3984 1535 4022 nos
1577 3971 1803 4024 vidimus

243 4057 518 4122 puerulum
546 4057 718 4110 oculis
749 4058 1288 4113 nostrissimilantem
1317 4061 1386 4113 ei.
1419 4060 1640 4124 Quando
1671 4076 1799 4128 ergo

240 4149 484 4215 cognovit
509 4163 571 4201 ex
606 4148 716 4202 Deo
759 4150 923 4203 abbas
963 4151 1164 4203 obitum
1207 4165 1398 4216 suum;
1442 4151 1572 4204 dicit
1618 4167 1806 4206 nonnae

243 4238 464 4307 Pelagia:
484 4279 508 4304 ι
530 4239 605 4292 sic
633 4240 775 4292 enim
807 4242 1026 4292 mutavit
1058 4255 1247 4294 nomen
1277 4244 1421 4308 ejus,
1455 4243 1664 4310 quando
1696 4253 1804 4295 tra-

241 4330 378 4381 didit
405 4329 450 4380 ei
489 4334 728 4381 sant-tum
763 4331 975 4383 schema
1010 4347 1023 4382 :
1057 4332 1249 4385 Eamus
1289 4332 1520 4402 Tyrum,
1566 4334 1682 4401 quia
1708 4335 1803 4386 ha—

245 4420 349 4473 beo.
375 4419 484 4472 ill.c
512 4434 822 4486 reSponsum
851 4461 865 4486 ,
895 4431 948 4473 et
977 4420 1096 4472 volo
1126 4429 1182 4473 ιιι
1213 4423 1395 4475 venias
1438 4439 1666 4478 mecum.
1710 4424 1802 4476 Illa

242 4527 369 4564 vero
399 4528 500 4562 non
532 4513 710 4564 valens
737 4512 1101 4567 contradicere
1129 4515 1174 4567 ei
1199 4553 1214 4577 ,
1246 4525 1424 4568 secuta
1454 4525 1534 4568 est
1560 4532 1679 4569 eum
1709 4533 1722 4568 :
1754 4525 1806 4568 et

1906 1965 2201 2029 cientibus,
2251 1975 2306 2020 ct
2344 1968 2494 2036 juxta
2543 1981 2601 2022 se
2639 1969 3037 2037 laborantibus,
3083 1986 3220 2026 unus
3257 1972 3467 2040 quidem

1907 2055 2136 2110 habebat
2165 2057 2302 2111 filios
2335 2059 2554 2123 multos,
2579 2068 2631 2112 et
2661 2074 2875 2114 uxorem
2895 2099 2910 2125 ,
2937 2068 2992 2115 et
3021 2070 3252 2129 patrem,
3283 2072 3338 2116 et
3363 2075 3471 2114 ma-

1908 2159 2040 2205 trem
2071 2168 2083 2203 :
2117 2151 2340 2204 vacabat
2373 2165 2498 2205 vero
2526 2151 2768 2206 ecclesia
2801 2152 2922 2206 sine
2959 2153 3380 2216 intermissione,
3421 2163 3472 2206 et

1906 2258 2090 2298 omnes
2139 2253 2259 2313 post
2301 2243 2466 2298 Deum
2509 2243 2682 2297 alebat
2726 2243 2792 2299 de
2833 2254 2950 2300 arte
2995 2259 3108 2298 sua.
3155 2246 3301 2298 Alter
3344 2259 3472 2299 vero

1906 2333 2144 2404 quamvis
2169 2335 2380 2389 doctior
2399 2342 2540 2389 esset
2568 2335 2692 2399 illo,
2721 2349 2786 2389 eo
2815 2334 2954 2402 quod
2992 2348 3096 2388 non
3135 2346 3471 2402 permaneret

1908 2427 1957 2481 in
1993 2429 2249 2491 ecclesia,
2293 2427 2387 2482 sed
2424 2429 2581 2481 etiam
2624 2427 2912 2481 Dominicis
2951 2425 3137 2480 diebus
3169 2426 3467 2489 laboraret,

1907 2533 2005 2573 nec
2033 2519 2265 2587 seipsum
2296 2527 2498 2572 tantum
2529 2519 2732 2572 nutrire
2761 2516 2996 2572 valebat.
3038 2515 3311 2570 Invidebat
3345 2529 3471 2584 ergo

1907 2610 2008 2664 iste
2036 2611 2208 2664 vicino
2234 2625 2351 2664 suo.
2387 2610 2449 2665 Et
2478 2626 2581 2663 una
2614 2610 2729 2664 vice
2756 2625 2860 2662 non
2891 2607 3152 2662 suﬂ‘erens
3178 2607 3428 2660 invidiam
3454 2650 3467 2671 ,

1905 2702 2035 2757 dicit
2062 2702 2111 2758 ei
2144 2717 2264 2756 cum
2298 2701 2372 2756 ira
2399 2717 2413 2756 :
2451 2701 2600 2757 Unde
2631 2710 2685 2755 tu
2714 2702 2790 2755 sic
2820 2702 2970 2754 dives
3012 2699 3180 2754 factus
3221 2699 3320 2752 es?
3361 2697 3471 2766 Ego

1904 2807 2032 2848 vero
2060 2807 2256 2847 vacans
2287 2792 2404 2861 plus
2435 2793 2535 2846 arti
2567 2807 2699 2847 mea:
2729 2807 2885 2861 quam
2914 2802 2966 2845 tu
2988 2832 3003 2856 ,
3029 2790 3080 2844 in
3107 2799 3472 2860 paupertatem

1904 2885 2112 2938 deveni.
2149 2883 2283 2938 Dicit
2311 2898 2436 2939 vero
2464 2884 2548 2947 ei,
2579 2884 2766 2937 volens
2809 2882 2982 2936 facere
3020 2897 3141 2935 eum
3169 2894 3357 2934 vacare
3385 2894 3471 2933 ee-

1906 2975 2122 3029 clesiae:
2157 2975 2376 3028 Invenio
2411 2975 2634 3043 pretium
2669 2975 2718 3027 in
2749 2983 2925 3038 terra,
2968 2980 3025 3028 et
3061 2973 3182 3026 inde
3222 2973 3469 3041 paulatim

1906 3066 2057 3120 dives
2087 3065 2257 3120 factus
2286 3079 2401 3120 sum
2427 3083 2440 3131 ;
2471 3065 2564 3119 sed
2588 3065 2634 3120 si
2655 3066 2765 3129 vis,
2785 3079 2994 3134 semper
3018 3079 3150 3118 voco
3174 3072 3251 3130 te,
3277 3075 3336 3117 et
3351 3064 3469 3116 veni

1907 3172 2113 3212 mecum
2135 3175 2149 3224 ;
2172 3168 2225 3212 et
2251 3157 2502 3227 quidquid
2526 3157 2911 3223 invenerimus,
2932 3156 3160 3224 accipies
3176 3156 3470 3210 dimidium.

1834 3243 1880 3306 C
1908 3248 2040 3302 Cum
2069 3263 2194 3314 ergo
2218 3249 2582 3316 acquiesceret
2615 3248 2730 3313 ille,
2762 3255 2816 3301 et
2850 3255 3160 3315 sequeretur
3195 3262 3314 3301 eum
3344 3260 3471 3299 eun.

1911 3349 2015 3395 tem
2055 3340 2120 3394 ad
2162 3342 2483 3406 ecclesiam,
2528 3341 2642 3395 sine
2679 3341 3077 3394 intermissione
3119 3340 3386 3394 benedixit
3423 3340 3471 3393 ei

1908 3434 2074 3498 Deus,
2108 3441 2162 3488 et
2187 3434 2404 3488 divitem
2440 3432 2568 3488 fecit
2596 3450 2740 3487 eum.
2773 3434 2923 3487 Tunc
2951 3435 3083 3487 dixit
3111 3433 3160 3486 ei
3191 3434 3282 3487 ille
3308 3434 3472 3486 bonus

1905 3524 2273 3578 consiliarius:
2309 3525 2534 3592 Vidisti,
2567 3524 2750 3590 frater,
2783 3540 2943 3578 unum
2976 3524 3308 3578 mendacium
3354 3539 3471 3590 υτο-

1908 3626 2026 3684 pter
2057 3616 2221 3670 Deum
2258 3614 2407 3686 (88),
2438 3627 2687 3686 quantum
2717 3616 2910 3686 profuit
2936 3617 3126 3671 animae
3155 3626 3254 3670 tuae
3275 3626 3328 3670 et
3348 3615 3470 3670 sub-

1905 3706 2116 3760 stantia
2149 3707 2518 3769 tute?Crede,
2548 3706 2677 3760 nihil
2722 3707 3053 3761 inveniebam
3095 3706 3380 3774 aliquando
3418 3706 3468 3758 in

1907 3809 2079 3864 terra,
2107 3807 2166 3853 ut
2189 3800 2656 3869 testimastigratia
2684 3799 2877 3868 pretii;
2917 3799 3007 3854 sed
3048 3799 3299 3866 quoniam
3337 3797 3471 3852 dixit

1906 3888 2162 3943 Dominus
2190 3908 2201 3942 :
2238 3890 2468 3957 Quatrite
2497 3891 2722 3958 primum
2751 3905 2968 3958 regnum
3006 3891 3095 3944 Dei
3130 3899 3182 3944 et
3210 3889 3466 3958 justitiam

1907 3978 2022 4048 ejus
2041 4023 2054 4045 ,
2101 3989 2157 4036 et
2200 3980 2313 4034 haae
2339 3980 2515 4034 omnia
2543 3980 2858 4048 adjiciantur
2888 3979 3038 4034 vobis
3067 3982 3083 4049 (
3111 3978 3298 4032 Matth.
3331 3994 3382 4034 vl
3407 3978 3425 4048 )
3451 3996 3466 4046 ε

1909 4073 2110 4127 idcirco
2158 4071 2492 4125 occasionem
2540 4071 2674 4138 feci,
2706 4079 2908 4124 tantum
2940 4081 3000 4125 ut
3039 4069 3348 4126 seducerem
3380 4080 3470 4135 te;

1907 4176 1963 4220 et
2011 4180 2139 4220 ecce
2179 4181 2282 4219 non
2322 4167 2437 4220 sine
2475 4179 2633 4219 causa
2672 4164 2936 4229 laboravi,
2971 4164 3065 4218 sed
3111 4164 3389 4226 invenisti,
3420 4173 3471 4216 et

1909 4258 2344 4324 superinvenisti.
2392 4258 2502 4312 Hoc
2551 4258 2712 4327 igitur
2755 4257 2967 4311 discens
3002 4267 3214 4310 sanctus
3253 4256 3471 4324 patriar-

1907 4353 2041 4421 cha,
2077 4352 2201 4405 fecit
2242 4351 2386 4404 illum
2434 4351 2628 4404 bonum
2669 4347 3030 4403 consiliarium
3075 4347 3468 4417 presbyterum,

1909 4449 2173 4505 tamquam
2206 4441 2420 4508 dignum
2449 4457 2463 4506 ;
2492 4448 2606 4494 erat
2632 4439 2775 4493 enim
2806 4438 2987 4491 lector.

1977 4531 2107 4584 Car.
2138 4531 2364 4585 XLVIII.
2393 4559 2461 4571 --
2495 4530 2559 4582 Ει
2585 4529 2794 4598 quidem
2825 4527 3080 4582 hactenus
3115 4533 3240 4579 ante
3267 4538 3468 4577 mento.-

241 4612 502 4656 venerunt
530 4603 685 4655 ambo
709 4644 722 4665 ,
768 4604 1021 4659 habentes
1063 4613 1115 4658 ct
1155 4607 1429 4674 puerulum
1468 4619 1669 4674 septem
1708 4623 1802 4661 an-

1912 4630 2055 4676 ratus
2109 4622 2202 4676 Dei
2242 4624 2417 4676 cultor
2467 4621 2714 4685 Mennas,
2763 4620 2851 4688 qui
2899 4617 3069 4672 fuerat
3111 4614 3471 4670 vicedominus

241 4709 431 4747 norum
474 4694 808 4748 existentem.
851 4695 980 4749 Cum
1027 4711 1152 4764 ergo
1195 4707 1501 4766 aegrotasset
1538 4699 1698 4752 abbas
1747 4700 1798 4751 in

240 4784 544 4838 infirmitate
569 4785 632 4838 ad
663 4795 884 4839 mortem
904 4825 920 4851 ,
948 4789 1295 4841 ascenderunt
1341 4789 1404 4841 ad
1449 4790 1798 4843 visitationem

239 4875 354 4941 ejus
381 4875 446 4927 de
470 4875 681 4930 civitate
714 4892 876 4946 usque
903 4879 968 4933 ad
1007 4889 1216 4933 centum
1264 4880 1486 4934 autimas.
1536 4882 1593 4932 Et
1633 4881 1798 4936 dicit:

240 4964 436 5020 AlIerte
479 4982 690 5034 prunas.
723 4969 902 5037 Itaque
930 4985 1046 5023 cum
1077 4971 1304 5025 venisset
1336 4971 1657 5026 thuribulum
1688 4972 1799 5041 (87)

241 5058 454 5126 plenum
495 5062 714 5128 prunis,
750 5063 867 5115 tulit
902 5071 954 5115 et
989 5064 1259 5116 evacuavit
1299 5079 1386 5116 eas
1429 5065 1478 5116 in
1521 5066 1800 5117 vestimen-

241 5159 348 5202 tum
375 5165 546 5215 suum,
580 5161 632 5206 et
658 5152 826 5206 dixit:
855 5152 1084 5216 Credite,
1115 5154 1322 5220 fratres,
1351 5155 1468 5219 quia
1499 5155 1634 5209 sicut
1667 5155 1802 5208 Deus

244 5243 432 5294 rubum
485 5244 764 5297 custodivit
805 5247 1189 5300 iueomhustum
1233 5248 1298 5299 ah
1339 5247 1486 5315 igne,
1530 5249 1664 5299 sicut
1709 5263 1802 5298 nec

242 5334 472 5385 tunicam
517 5334 652 5386 hanc
697 5351 866 5388 meam
913 5338 1260 5391 incenderunt
1309 5353 1488 5405 pruna:
1537 5339 1682 5401 istas,
1733 5338 1797 5389 ita

239 5436 344 5477 nec
393 5438 489 5490 ego
538 5426 726 5491 agnovi
781 5436 1048 5493 peccatum
1091 5429 1358 5493 mulieris,
1399 5443 1462 5482 ex
1503 5444 1606 5497 quo
1647 5439 1788 5481 natus

237 5529 377 5568 sum.
412 5517 474 5569 Et
502 5531 686 5570 omnes
716 5519 888 5571 mirati
926 5530 1081 5585 sunt,
1129 5525 1394 5589 quomodo
1433 5538 1536 5576 non
1579 5524 1796 5576 ardebat

238 5607 609 5662 vestimentum
639 5608 706 5662 ab
735 5610 891 5676 igne;
936 5620 987 5664 et
1023 5612 1453 5678 glorificaverunt
1495 5613 1656 5666 Deum
1704 5614 1794 5665 Int-

240 5695 452 5750 hentem
479 5701 713 5754 occultos
743 5716 948 5756 servos.
982 5703 1056 5756 Ex
1090 5707 1368 5758 occasione
1397 5717 1569 5760 autem
1603 5723 1792 5760 nonum

231 5787 465 5858 Pelagia:
494 5791 755 5862 quondam
784 5793 1079 5849 meretricis
1097 5833 1110 5860 ,
1140 5793 1252 5849 alia:
1282 5794 1572 5849 fornicarizr
1599 5807 1792 5851 secutae

1906 4715 2255 4768 sanctissimae
2298 4715 2536 4768 ecclesiae
2579 4710 3060 4766 Alexandrinorum
3107 4721 3311 4775 magna!
3337 4705 3467 4759 civi-

1905 4807 2057 4866 tatis.
2105 4805 2372 4858 enarravit
2412 4804 2584 4857 nobis.
2617 4801 2897 4870 Sequentia
2928 4808 3106 4854 autem
3137 4799 3308 4852 vilitas
3351 4811 3466 4852 mea

1906 4897 2147 4966 depinxit
2176 4914 2189 4961 ;
2219 4896 2462 4965 quaedam
2494 4911 2620 4949 vero
2649 4909 2683 4947 a
2707 4894 3016 4962 quibusdam
3046 4931 3061 4956 ,
3093 4890 3284 4959 quibus
3312 4889 3470 4956 digne

1903 4988 2228 5043 credendum
2253 4997 2353 5053 est,
2379 4986 2574 5040 audivi.
2603 4984 2906 5039 Dicentibus
2928 4998 3055 5051 ergo
3081 4981 3232 5036 nobis
3259 4981 3308 5034 in
3337 4995 3470 5048 pra:-

1905 5082 2064 5135 dictis
2093 5083 2143 5134 in
2175 5081 2402 5150 quodam
2435 5080 2665 5148 capitqu
2695 5078 2715 5150 (
2749 5097 2887 5149 ,παρη
2911 5095 2957 5132 c.
2987 5079 3040 5132 II
3066 5080 3106 5145 ),
3139 5077 3278 5147 quod
3306 5077 3467 5131 multa

1904 5169 2169 5234 spirituali
2220 5169 2506 5223 dilectione
2549 5170 2847 5236 patriarcha
2893 5179 2947 5222 et
2993 5169 3176 5221 Niceta
3221 5168 3468 5234 patricius

1903 5259 1966 5311 ad
2012 5261 2235 5312 invicem
2277 5259 2505 5328 colligati
2547 5268 2756 5326 essent,
2798 5260 3014 5328 dignum
3059 5259 3307 5312 indicium
3353 5258 3468 5311 talis

1901 5350 2242 5403 cxhibitionis
2275 5365 2506 5417 praseus
2532 5351 2710 5405 existit
2737 5351 3044 5416 capitulum.

1971 5439 2213 5508 Quando,
2231 5441 2566 5509 permittente
2591 5440 2700 5494 Deo
2724 5439 2860 5510 (89),
2882 5455 2978 5510 pro
3001 5440 3230 5506 peccatis
3250 5437 3467 5498 nostris,

1901 5530 2133 5584 futurum
2163 5543 2277 5586 erat
2307 5541 2365 5587 ut
2395 5533 2691 5587 traderetur
2715 5533 3042 5588 Alexandria
3069 5533 3182 5588 sine
3208 5531 3316 5584 Deo
3341 5528 3466 5584 Per.-

1901 5621 2005 5688 sis,
2039 5621 2385 5677 reminiscens
2419 5634 2594 5691 pastor
2618 5623 2881 5677 dicentis:
2913 5623 3044 5676 Cum
3077 5621 3338 5691 persecuti
3369 5635 3464 5674 vos

1899 5714 2093 5766 fuerint
2123 5714 2172 5765 in
2207 5715 2420 5768 civitate
2451 5716 2547 5769 ista
2571 5756 2585 5779 ,
2621 5715 2785 5784 fugite
2812 5714 2864 5769 in
2893 5715 3046 5768 aliam
3091 5715 3110 5766 ί
3139 5712 3325 5768 Matth.
3357 5731 3385 5767 x
3412 5712 3465 5781 ),

1901 5802 2086 5869 fugant
2127 5804 2356 5875 arripuit
2404 5804 2455 5860 in
2505 5805 2772 5875 propriam
2824 5805 3092 5874 patriam,
3136 5804 3388 5862 videlicet.
3414 5804 3465 5858 in
