4034 6422
556 402 702 458 1655

1619 398 1895 456 LEONTII
1936 398 2401 455 NEAPUIJTANI
2442 397 2751 454 EPISCOPI

3680 394 3830 450 1651)

560 520 827 587 Cyprum,
878 514 929 568 in
977 513 1241 569 civitatem
1289 526 1463 567 suam.
1512 511 1665 567 Unde
1710 513 1990 565 occasione
2036 526 2125 563 ac-
2156 513 2205 570 Α
2232 510 2540 576 glorificabo
2569 509 2623 579 (1
2652 511 2773 580 Reg.
2808 511 2887 578 ll).
2935 510 3073 566 Vere
3118 512 3267 569 enim
3300 513 3578 583 magnillee
3605 510 3815 582 gloriﬁ-

561 619 716 677 cepta
742 650 756 674 ,
792 606 1042 676 pra'fatus
1073 606 1249 659 Niceta
1282 604 1533 671 patricius
1563 603 1697 656 dixit
1737 602 1801 655 ad
1845 609 2083 656 sanctum
2113 617 2126 652 :

560 700 828 757 Obsecro,
862 698 906 751 si
950 696 1122 749 inveni
1165 693 1387 762 gratiam
1436 702 1558 747 ante
1598 702 1676 755 te,
1725 705 1793 746 ne
1830 690 2130 760 dedignaris

563 789 775 859 fatigari
825 802 992 857 usque
1040 786 1105 839 ad
1172 785 1370 856 regiam
1436 783 1733 847 civitatem,
1773 791 1826 837 et
1865 782 1998 836 bene
2043 794 2131 833 ac.-

565 890 750 949 ceptas
778 886 962 947 preces
1005 885 1121 931 tuas
1161 876 1361 930 donare
1405 875 1659 944 piissimis
1700 874 2127 942 imperatoribus.

563 971 657 1025 lile
740 972 870 1023 vero
943 970 1125 1026 multm
1197 968 1325 1026 iidei
1394 967 1496 1023 viri
1586 968 1959 1029 consentiens,
2003 964 2131 1019 obe-

570 1063 724 1116 dicns
755 1061 820 1115 ad
850 1062 951 1114 hoc
980 1059 1150 1114 factus
1178 1071 1261 1115 est
1298 1060 1408 1114 Deo
1446 1066 1495 1114 et
1537 1059 1791 1112 voluntati
1829 1059 1975 1124 ejus,
2013 1066 2065 1110 et
2099 1070 2128 1109 a

562 1167 623 1207 se
654 1152 833 1206 datum
861 1154 1116 1205 honerem
1141 1161 1390 1219 quantum
1416 1159 1529 1204 erat
1552 1150 1690 1203 circa
1719 1151 1927 1204 beatum
1954 1158 2133 1202 osten-

564 1243 691 1300 dere
723 1246 951 1299 volente.
987 1245 1225 1313 Fatigata
1256 1243 1418 1313 igitur
1446 1244 1561 1297 navi
1607 1240 1969 1309 multipliciter
2008 1256 2036 1293 a
2080 1241 2128 1293 vi

568 1344 847 1389 ventorum
871 1378 886 1402 ,
921 1336 974 1390 in
1005 1344 1105 1404 qua
1136 1347 1348 1388 sanctus
1376 1346 1494 1388 cum
1540 1335 1759 1402 patricio
1798 1336 1945 1396 erat,
1984 1342 2036 1386 et
2077 1333 2129 1386 in

572 1426 889 1493 profundum
924 1425 1178 1480 mittenda
1208 1466 1221 1488 ,
1254 1426 1397 1479 videt
1437 1439 1579 1495 sarpe
1607 1434 1932 1479 memoratus
1958 1426 2131 1493 patri-

570 1516 716 1579 eius,
747 1526 799 1569 et
826 1517 1111 1583 optimates
1139 1514 1228 1584 qui
1271 1530 1391 1568 cum
1422 1529 1487 1569 eo
1514 1524 1665 1569 erant
1686 1556 1701 1581 ,
1731 1529 1833 1567 una
1865 1523 2046 1576 nocte,
2078 1514 2129 1566 in

566 1622 671 1679 qua
701 1617 989 1677 tempestas
1025 1609 1158 1661 facta
1187 1616 1300 1672 est,
1335 1608 1681 1673 patriarcham
1723 1606 1882 1660 modo
1919 1606 2129 1674 quidem

562 1716 680 1754 cum
727 1700 1045 1768 pauperibus
1098 1710 1196 1767 per
1240 1701 1414 1752 navim
1460 1698 1652 1766 ubique
1699 1698 2130 1751 circumcurren-

563 1798 698 1855 tem,
733 1789 893 1843 modo
919 1799 1094 1842 autem
1122 1792 1310 1842 iterum
1346 1803 1464 1843 cum
1509 1790 1587 1844 eis
1618 1804 1803 1842 manus
1845 1787 1899 1841 in
1937 1788 2129 1841 coelum

2234 605 2373 658 cavit
2401 614 2640 657 sanctum
2672 604 2833 671 hunc,
2864 606 2951 674 qui
2994 606 3046 659 in
3078 605 3187 658 suis
3215 619 3425 673 semper
3460 607 3613 659 lamis
3641 606 3821 675 gluvi-

2234 692 2420 748 iicatus
2454 704 2536 748 est
2577 695 2850 749 Dominus.
2889 695 3000 748 Non
3052 697 3191 749 enim
3237 696 3413 749 ferens
3451 695 3647 748 nobilis
3692 696 3817 754 hic,

2234 785 2508 853 temporali
2533 786 2635 837 vita
2663 800 2755 838 sua
2784 787 3161 853 conquiescere
3182 796 3363 840 sancta
3386 796 3439 839 et
3460 788 3617 854 digna
3648 786 3819 838 laude

2232 875 2391 940 bona,
2417 875 2539 943 quid
2572 876 2720 945 egit?
2763 876 3123 940 Xenodociiia,
3171 877 3589 942 perontoeomia,
3643 886 3822 943 atque

2233 967 2550 1019 monasteria
2581 981 2609 1019 a
2640 966 2995 1021 fundamentis
3023 966 3315 1031 rediiicans,
3344 976 3399 1021 et
3428 966 3629 1021 choros
3673 980 3820 1018 san-

2232 1066 2434 1109 ctorum
2489 1058 2868 1110 monachorum
2929 1064 3199 1119 statuens,
3257 1056 3623 1112 incessabilem
3662 1068 3823 1108 vera

2226 1147 2445 1215 justiti-.9
2473 1147 2783 1200 memoriam
2814 1145 3069 1213 possidet,
3101 1160 3192 1215 per
3214 1162 3273 1201 ea
3313 1163 3434 1216 qua:
3461 1145 3822 1201 celebrantur

2234 1238 2286 1291 in
2309 1238 2387 1291 eis
2417 1237 2550 1291 bona
2573 1250 2757 1306 opera.
2789 1236 2937 1303 Quod
2968 1238 3108 1291 enim
3135 1237 3202 1291 de
3232 1237 3311 1292 his
3338 1239 3427 1307 qui
3450 1238 3589 1291 mala
3617 1245 3821 1303 agunt,

2230 1336 2284 1383 et
2304 1341 2642 1381 successores
2671 1327 3001 1394 propriorum
3038 1328 3295 1381 malorum
3339 1336 3461 1395 post
3488 1335 3725 1381 mortem
3763 1325 3823 1378 in

2238 1420 2344 1470 vita
2378 1416 2478 1472 hac
2503 1418 2830 1485 relinquunt,
2863 1419 2935 1470 ait
2981 1416 3205 1470 Domino
3250 1417 3435 1485 plenus
3467 1416 3770 1485 Apostulus
3804 1432 3819 1467 :

2231 1507 2495 1575 Quoniam
2515 1507 2864 1575 quorumdam
2918 1518 3137 1576 peccata
3193 1507 3470 1561 manifesta
3496 1516 3644 1570 suat,
3672 1520 3823 1575 pta-

2232 1602 2470 1656 eedentia
2498 1601 2563 1655 ad
2580 1601 2871 1670 judicium;
2903 1599 3155 1668 quosdam
3185 1612 3359 1655 autem
3383 1609 3439 1655 et
3466 1602 3825 1667 subsequar».

2234 1703 2338 1748 tur.
2360 1694 2468 1749 Hoc
2486 1704 2700 1749 econtra
2723 1690 2838 1764 (95)
2859 1693 2924 1747 de
2947 1699 3043 1748 hoc
3060 1694 3212 1747 beato
3231 1694 3510 1748 dicendum
3527 1703 3614 1748 est
3635 1710 3650 1745 :
3672 1692 3825 1759 Quo-

2233 1785 2375 1838 niam
2398 1785 2740 1854 quorumdam
2755 1787 2973 1853 justititc
2989 1786 3282 1841 manifestae
3302 1794 3426 1839 sunt
3443 1786 3824 1855 prccedentea

562 1880 978 1944 extendentem,
1008 1887 1061 1933 et
1100 1879 1168 1932 ab
1208 1881 1316 1932 alto
1356 1878 1671 1948 adjutorium
1711 1879 2122 1931 abstrahentetn.
2161 1878 2204 1938 Β
2232 1875 2282 1926 in
2328 1888 2547 1943 regnum
2595 1877 2849 1931 caelorum
2878 1875 2932 1947 (1
2954 1877 3114 1941 Tim.,
3146 1878 3219 1945 v),
3245 1877 3503 1945 quosdam
3548 1886 3739 1929 autem
3769 1884 3826 1930 et

562 1969 799 2038 Cumque
830 1970 881 2023 in
913 1969 1155 2022 Rhodum
1187 1969 1300 2038 (90)
1346 1971 1713 2037 pervenissent
1747 1968 2128 2034 ascendentes,

564 2057 709 2113 videt
733 2062 1137 2127 expergefactus
1166 2072 1194 2109 a
1233 2058 1341 2112 Deo
1370 2068 1589 2111 vocatus
1620 2057 1706 2112 hic
1732 2058 2013 2127 quemdam
2042 2072 2134 2111 eu-

569 2149 802 2203 nuchum
828 2159 1194 2204 coruscantem
1222 2148 1390 2203 l‘ortna
1410 2190 1423 2214 ,
1454 2158 1507 2204 et
1545 2162 1764 2203 aureum
1791 2159 2056 2217 sceptrum
2080 2150 2131 2201 in

570 2238 754 2293 dextra
781 2247 1067 2304 tenentem,
1090 2241 1427 2293 assistentem
1444 2240 1543 2293 sibi
1568 2248 1621 2292 et
1643 2240 1905 2293 dicentem
1934 2257 1945 2291 :
1976 2238 2129 2305 Veni,

568 2330 696 2397 jube
724 2331 868 2400 (9i),
895 2331 1009 2385 Rex
1041 2331 1372 2399 regnantium
1401 2331 1593 2399 quaerit
1621 2340 1693 2387 te.
1720 2330 1855 2384 Nihil
1878 2345 2005 2399 ergo
2028 2339 2133 2385 sta.-

566 2423 659 2475 titn
693 2422 994 2490 negligens,
1023 2420 1247 2474 advocat
1286 2419 1560 2489 patricium
1604 2421 1836 2476 Nicetam
1858 2461 1874 2486 ,
1916 2432 1971 2477 et
2006 2423 2131 2477 dicit

564 2512 613 2566 ei
643 2526 765 2565 cum
799 2513 980 2564 multis
1010 2510 1296 2580 lacrymis;
1329 2510 1405 2564 Tu
1434 2512 1681 2580 quidem,
1723 2528 1756 2566 o
1786 2514 1998 2568 domine
2020 2553 2036 2580 ,
2065 2515 2128 2568 ad

562 2610 834 2655 terrenum
883 2602 1258 2669 imperatorem
1289 2616 1374 2654 me
1401 2602 1599 2655 vocasti
1625 2619 1638 2664 ;
1671 2602 1762 2656 sed
1792 2604 2124 2671 praeveniens

563 2689 832 2757 caelestis,
862 2700 986 2744 ante
1017 2693 1231 2745 vocavit
1261 2692 1606 2759 exiguitatem
1638 2708 1829 2746 meam.
1863 2694 1929 2747 Et
1954 2696 2133 2749 retulit

562 2784 611 2837 ei
650 2782 912 2851 eunuchi,
956 2783 1062 2836 imo
1100 2784 1270 2852 angeli
1315 2784 1613 2848 visionem,
1658 2800 1777 2855 qua:
1816 2794 2133 2855 apparuerat

563 2876 690 2931 sibi.
734 2876 957 2932 Gavisus
993 2893 1121 2949 ergo
1164 2887 1218 2932 et
1245 2879 1410 2934 tristis
1441 2872 1611 2933 factus
1640 2881 1776 2936 idem
1811 2883 2132 2950 gloriosissi¢

568 2984 690 3024 mus
720 2971 818 3035 vir,
849 2969 1109 3039 impedire
1140 2979 1379 3025 sanctum
1410 2985 1514 3026 non
1550 2974 1738 3040 potuit.
1782 2975 2008 3029 Abunde
2037 2977 2133 3046 igi‘

565 3072 650 3114 tur
690 3063 889 3115 sanctis
929 3063 1043 3130 ejus
1085 3063 1316 3132 repletus
1355 3064 1719 3132 orationibus,
1761 3076 1815 3120 et
1850 3068 2130 3136 imperato—

567 3152 713 3205 ribus
743 3153 838 3207 has
866 3150 1114 3208 deferens
1138 3197 1156 3222 ,
1188 3169 1308 3207 cum
1337 3156 1505 3209 multo
1534 3155 1736 3211 honore
1769 3159 1945 3214 redire
1986 3161 2034 3215 ei
2077 3164 2128 3214 in

563 3241 789 3312 Cyprum
818 3242 995 3309 jussit.

630 3333 758 3386 Cu».
798 3331 981 3385 XLIX.
1024 3362 1095 3373 —-
1134 3334 1455 3389 Adveniente
1493 3349 1621 3405 ergo
1649 3350 1716 3390 eo
1760 3336 1813 3390 in
1858 3336 2127 3406 propriam

563 3427 848 3489 civitatem,
880 3442 999 3496 quae
1028 3428 1345 3481 Amathunta
1370 3429 1483 3499 (9Q)
1512 3430 1819 3496 vocabatur,
1845 3439 2127 3488 testamen-

563 3530 675 3573 tutn
703 3520 971 3589 proprium
1012 3520 1246 3575 scribere
1286 3521 1392 3574 cito
1420 3520 1677 3575 ministris
1705 3523 1815 3575 suis
1857 3524 2126 3591 praecepit.

565 3609 828 3665 Velociter
851 3625 979 3665 vero
1005 3619 1059 3664 et
1088 3611 1200 3664 sine
1239 3610 1489 3665 dilatione
1519 3611 1757 3667 chartam
1787 3621 1841 3667 et
1869 3612 2129 3667 calamum
2163 3627 2167 3631 '

565 3701 1029 3771 praesentantibus.
1074 3703 1327 3771 praecepit
1372 3716 1579 3755 sacrum
1624 3701 1748 3755 illud
1795 3716 1855 3755 os
1895 3700 2131 3755 scribere

562 3793 679 3847 sic':
719 3811 738 3845 ‹
774 3792 1004 3848 Joannes
1030 3808 1236 3857 servus,
1278 3803 1493 3862 propter
1518 3805 1636 3847 eam
1668 3806 1795 3845 vero
1836 3804 1956 3859 qua:
2011 3805 2135 3859 sup-

565 3883 730 3951 posita
754 3891 836 3937 est
854 3883 984 3937 mihi
1013 3883 1295 3937 sacerdotii
1316 3883 1646 3952 dignitatem,
1674 3881 1766 3934 Dei
1786 3882 1951 3950 gratia
1975 3881 2127 3935 liber.

565 3972 778 4026 Gratias
803 3986 921 4039 ago,
958 3972 1115 4037 Deus,
1142 3971 1258 4035 tibi,
1287 3970 1533 4039 quoniam
1563 3970 1829 4024 exaudisti
1861 3972 2127 4025 miseriam

565 4076 761 4127 meam,
816 4072 1086 4130 rogantem
1142 4061 1433 4117 bonitatem
1490 4072 1659 4129 tuam,
1706 4077 1773 4117 ne
1804 4064 2133 4117 inveniretur

565 4153 815 4208 morienti
844 4154 972 4208 mihi
1028 4155 1126 4208 nisi
1160 4170 1293 4208 unus
1346 4155 1623 4209 tremissis.
1655 4154 1961 4210 luveniente
1988 4156 2130 4209 enim

566 4257 653 4296 me
702 4244 754 4297 in
808 4242 1105 4299 honorabili
1157 4244 1427 4313 episcopio
1477 4246 1829 4301 sanctissima:
1880 4246 2131 4301 Ecclesia:

564 4334 1051 4389 Alexandrinorum
1085 4350 1286 4404 magna:
1316 4336 1564 4401 civitatis,
1594 4353 1752 4407 quam
1802 4352 1895 4405 per
1947 4336 2133 4390 indul-

564 4425 796 4490 gentiam
832 4425 921 4479 Dei
953 4428 1184 4494 suscepi,
1215 4426 1426 4495 quando
1456 4426 1508 4480 in
1537 4441 1598 4481 ea
1629 4439 1971 4481 consecratus
2013 4441 2128 4481 sum

561 4517 866 4584 episcopus,
897 4515 1108 4571 circiter
1133 4518 1399 4586 octoginta
1428 4521 1731 4572 centenaria
1761 4520 1899 4584 auri,
1928 4528 1984 4573 et
2011 4534 2128 4587 qua:

2234 1966 2643 2036 subsequuntur,
2668 1969 2733 2023 de
2753 1970 2941 2037 quibus
2965 1985 3101 2023 unus
3125 1980 3181 2023 et
3208 1970 3305 2025 iste
3326 1969 3558 2024 exstitit.
3590 1970 3657 2021 Et
3675 1983 3825 2038 quo-

2234 2061 2372 2113 niam
2405 2074 2509 2113 non
2537 2061 2733 2125 tabula,
2760 2075 2931 2131 neque
2958 2061 3024 2115 ad
3050 2061 3274 2130 gratiam
3303 2069 3404 2125 est,
3436 2061 3579 2127 quod
3610 2061 3824 2113 dictum

2231 2160 2459 2217 constat,
2519 2153 2879 2207 testimonium
2934 2154 3088 2207 nobis
3136 2151 3410 2221 perhiheat
3460 2152 3621 2220 plane
3665 2152 3824 2220 quod

2230 2256 2353 2296 mox
2386 2242 2438 2296 in
2475 2242 2705 2311 pretiosa
2760 2244 2877 2310 ejus
2904 2242 3223 2297 dormitione
3251 2249 3461 2310 gestum
3492 2252 3577 2295 est
3627 2240 3825 2309 prodi-

2230 2332 2397 2401 gium.
2432 2332 2695 2388 Tradente
2723 2334 2862 2387 enim
2902 2348 2968 2387 eo
2999 2342 3055 2387 et
3090 2334 3497 2387 commendante
3536 2331 3825 2401 propriam

2232 2425 2465 2476 animam
2488 2424 2540 2477 in
2563 2438 2720 2477 manu
2744 2423 2975 2489 Domini,
3002 2432 3059 2478 ut
3082 2424 3154 2477 ait
3180 2423 3370 2478 alicubi
3396 2437 3545 2477 sacra
3577 2423 3787 2476 Littera
3807 2440 3824 2475 :

2230 2513 2497 2569 Justvrutn
2542 2514 2733 2568 animm
2774 2515 2838 2568 'in
2872 2528 3028 2568 manu
3074 2515 3166 2568 Dei
3226 2522 3351 2568 sunt
3391 2513 3551 2584 (Sap.
3605 2514 3720 2581 tu),
3768 2522 3822 2568 et

2234 2605 2369 2658 hanc
2396 2605 2446 2659 ei
2477 2614 2532 2657 ut
2556 2606 2875 2659 sacriﬁcium
2906 2606 3232 2659 immolatum
3262 2605 3537 2670 oil'erente,
3572 2620 3699 2658 cum
3731 2620 3821 2658 re-

2234 2695 2575 2749 condendum
2606 2706 2749 2750 esset
2773 2696 3087 2751 honorabile
3111 2697 3227 2765 ejus
3247 2710 3444 2763 corpus
3492 2696 3820 2765 honoriﬁce,

2230 2798 2285 2840 et
2310 2801 2428 2840 cum
2453 2802 2688 2857 congruo
2717 2790 3084 2844 sacerdotibus
3115 2791 3216 2843 ritu
3267 2789 3321 2843 in
3366 2791 3598 2858 quodam
3630 2801 3822 2843 orato-

2231 2878 2317 2932 rio
2352 2879 2521 2932 sancti
2576 2880 2952 2934 miraculorum
3007 2881 3223 2935 factoris
3264 2879 3537 2951 'l‘ychonis
3558 2881 3703 2949 (9i),
3757 2880 3822 2936 ﬁt

2230 2968 2493 3037 quoddam
2522 2972 2627 3023 tale
2660 2971 2866 3037 signum
2893 2971 3207 3039 gloriosum.

2301 3060 2427 3114 Car.
2467 3059 2529 3113 L.
2571 3089 2640 3099 -—
2676 3059 2929 3118 Iacebant
2955 3062 3006 3115 in
3024 3061 3256 3131 quodam
3283 3061 3506 3127 tumulo,
3530 3063 3625 3118 ubi
3649 3070 3707 3116 et
3723 3062 3823 3132 ju-

2231 3160 2344 3207 stus
2374 3151 2458 3205 hic
2485 3155 2821 3221 reponendus
2849 3163 2983 3217 erat,
3013 3154 3235 3208 duorum
3285 3155 3553 3224 quon-iam
3587 3155 3824 3221 episco-

2154 3244 2200 3305 C
2234 3256 2444 3311 porum.
2472 3244 2561 3314 qui
2601 3255 2725 3299 ante
2765 3245 3111 3309 dormierant,
3156 3254 3339 3299 sancta
3386 3247 3652 3299 veraciter
3678 3259 3821 3298 eor-

2232 3350 2361 3404 pora
2392 3346 2694 3390 sanctorum
2721 3353 2736 3390 :
2765 3352 2883 3407 qua:
2910 3346 2964 3391 et
3008 3340 3061 3392 in
3094 3347 3278 3391 natura
3308 3336 3537 3392 exanimi
3583 3337 3817 3392 interim

2230 3430 2493 3497 degentia,
2529 3436 2776 3497 tanquam
2831 3429 2876 3483 si
2924 3431 3039 3483 viva
3090 3444 3273 3483 revera
3314 3436 3511 3491 essent,
3540 3430 3822 3497 aequalem

2229 3529 2412 3572 sancto
2437 3518 2694 3572 honorem
2727 3519 3045 3573 tribuerunt.
3079 3517 3210 3573 Cum
3259 3517 3395 3573 enim
3426 3518 3565 3573 beati
3608 3533 3821 3588 corpus

2231 3610 2369 3665 inter
2393 3610 2526 3664 duos
2547 3610 2661 3665 illos
2682 3611 3106 3680 componendum
3130 3618 3294 3675 esset,
3320 3610 3643 3663 honorantes
3666 3625 3821 3664 stun-

2232 3719 2376 3758 mum
2410 3713 2678 3769 pastorem
2723 3715 2985 3772 pastores,
3032 3712 3087 3758 et
3112 3704 3328 3757 multam
3374 3701 3499 3772 ejus
3551 3701 3816 3756 ﬁduciam

2231 3796 2369 3863 apud
2403 3797 2564 3850 Deum
2590 3806 2923 3861 reverentes,
2954 3797 3187 3851 simulet
3226 3797 3503 3857 mirantes.
3546 3796 3645 3849 Dei
3691 3796 3820 3865 jus-
3916 3818 3923 3823 ·

2230 3888 2380 3942 sione
2400 3898 2644 3955 tanquam
2668 3887 2770 3941 vivi
2785 3902 3006 3955 corpora
3026 3902 3119 3940 sua
3133 3896 3442 3955 separantes
3456 3885 3595 3955 (95),
3622 3886 3675 3939 in
3696 3902 3817 3940 me-

2233 3977 2321 4029 dio
2350 3991 2557 4030 sacrum
2607 3975 2748 4030 hunc
2788 3985 3158 4045 susceperunt,
3210 3976 3462 4030 honorem
3510 3985 3565 4029 et
3617 3977 3719 4042 ipsi
3764 3978 3817 4031 ei

2233 4071 2589 4136 praeceptione
2616 4067 2709 4121 Dei
2732 4069 2868 4121 sicut
2900 4082 2928 4120 a
2972 4068 3082 4122 Deo
3111 4068 3371 4122 honorato
3398 4068 3716 4131 oﬂereutes,
3761 4076 3817 4122 et

2232 4160 2477 4213 omnibus
2514 4161 2690 4212 statim
2719 4158 3062 4213 ostendentes
3111 4175 3228 4223 qua:
3269 4173 3298 4212 a
3353 4158 3461 4212 Deo
3507 4158 3556 4213 ei
3608 4159 3817 4212 donata

2234 4261 2315 4306 est
2339 4253 2561 4320 gloriam
2590 4261 2747 4320 atque
2785 4252 3186 4305 sublimitatem.
3215 4249 3366 4317 Quod
3410 4251 3713 4302 maximum
3759 4260 3816 4304 et

2234 4344 2675 4413 gloriosissimum
2707 4342 3037 4408 miraculum,
3070 4356 3173 4394 non
3205 4356 3358 4405 unus,
3392 4355 3559 4408 neque
3589 4340 3819 4405 decem,

2234 4449 2408 4503 neque
2447 4444 2657 4489 centum
2699 4434 2968 4499 viderunt,
2995 4434 3087 4487 sed
3114 4433 3287 4486 omnis
3326 4432 3475 4486 turba
3522 4446 3645 4500 qua
3673 4445 3818 4486 eola-

2234 4528 2379 4581 venit
2408 4524 2474 4578 ad
2506 4525 2786 4591 pretiosam
2812 4524 2927 4592 ejus
2958 4524 3303 4592 sepulturam.

562 4606 893 4661 intraverunt
940 4608 1067 4661 mihi
1120 4607 1189 4661 ab
1216 4607 1400 4661 amicis
1426 4608 1645 4672 Christi,
1686 4623 1817 4677 pene
1848 4623 2122 4661 numerum
2155 4594 2204 4653 1)
2299 4612 2427 4667 CAP.
2481 4604 2568 4661 LI.
2600 4611 2849 4666 -—Aliud
2907 4618 3091 4666 autem
3146 4611 3265 4681 ejus
3337 4610 3812 4682 gloriosius,quod

563 4700 795 4753 hominis
825 4700 1237 4765 transcendunt;
1268 4701 1319 4754 in
1346 4704 1571 4769 seipsam
1597 4711 1825 4756 mentem
1848 4701 2123 4770 coiligens,

562 4797 621 4843 et
645 4804 974 4858 cognoscens
1013 4790 1124 4844 huic
1151 4792 1328 4844 omnia
1350 4791 1697 4846 dominatoris
1724 4792 1957 4846 omnium
1985 4807 2124 4857 esse,

563 4881 807 4936 festinavi
837 4897 899 4936 ea
929 4898 1047 4950 qua:
1077 4882 1166 4936 Dei
1210 4890 1363 4937 erant
1394 4883 1499 4936 Deo
1528 4883 1676 4937 dare.
1728 4883 1877 4937 Unde
1905 4890 1958 4937 et
1988 4882 2127 4950 quod

567 4977 823 5028 remansit
847 4975 974 5027 mihi
1003 4974 1104 5029 hoc
1130 4975 1393 5042 tremisse,
1430 4974 1518 5027 Dei
1549 4982 1604 5029 et
1634 4975 1733 5028 hoc
1763 4975 2021 5042 existens,
2040 4990 2128 5041 ju-

565 5063 666 5119 beo
694 5064 810 5118 dari
838 5064 921 5119 his
949 5067 1036 5133 qui
1068 5076 1191 5120 sunt
1221 5065 1334 5120 Dei.
1372 5082 1391 5116 ι
1420 5068 1463 5119 Ο
1489 5067 1720 5133 gloriosa
1756 5080 1842 5119 res
1867 5066 1879 5117 ε
1909 5079 1943 5119 o
1970 5066 2130 5119 devo-

564 5154 763 5210 tionem
791 5158 957 5210 sancti
990 5160 1003 5210 ι
1036 5159 1148 5210 Non
1180 5156 1425 5223 attendit,
1480 5157 1617 5210 sicut
1638 5154 1937 5221 debuisset,
1984 5156 2127 5221 suis;

570 5246 712 5316 quod
745 5247 945 5301 faciunt
970 5249 1119 5303 multi
1149 5249 1237 5317 qui
1272 5248 1328 5303 in
1354 5249 1552 5303 divitiis
1576 5257 1718 5313 sunt,
1750 5248 1837 5318 qui
1870 5247 1964 5301 Dei
1990 5246 2128 5300 dona

564 5349 657 5393 aut
685 5353 750 5393 ex
781 5337 1038 5407 injustilia
1075 5338 1329 5405 collecta,
1363 5346 1609 5407 tanquam
1650 5339 1880 5406 propria,
1920 5346 1973 5391 et
2017 5346 2130 5389 tan-

562 5445 722 5498 quam
752 5430 798 5486 si
824 5445 885 5485 ea
912 5444 1089 5485 secum
1122 5429 1259 5485 ferre
1288 5439 1523 5499 possunt,
1543 5429 1917 5495 thesaurizant,
1941 5437 1993 5480 et
2023 5440 2127 5479 non

568 5522 713 5591 larg'e
733 5522 917 5592 egenis
941 5522 1206 5589 praebent;
1238 5519 1329 5576 sed
1360 5520 1443 5575 illa
1475 5520 1743 5589 quaerebat
1776 5533 1893 5586 quae
1919 5532 2129 5584 semper

568 5625 806 5682 manent,
827 5628 877 5672 et
899 5617 1179 5682 aliquando
1202 5631 1304 5671 non
1326 5615 1653 5670 minuuntur.
1676 5614 1825 5668 Unde
1847 5615 1962 5667 sine
1982 5629 2129 5666 men-

564 5708 720 5761 dacio
748 5709 1251 5778 rep‘romissionibus
1277 5720 1381 5764 non
1412 5717 1493 5763 est
1519 5708 1808 5772 fraudatus,
1839 5721 1954 5775 qua:
1983 5720 2127 5760 asse-

573 5805 777 5863 verant,
807 5808 870 5854 ex
893 5812 1117 5868 persona
1141 5800 1254 5867 Dei,
1283 5799 1531 5868 quoniam
1562 5800 1646 5867 qui
1676 5797 1971 5869 gloriﬁcant
2019 5812 2127 5863 mc,

2232 4702 2443 4770 quidem
2474 4701 2648 4755 adhuc
2667 4703 2849 4757 vivens
2879 4702 2931 4756 in
2955 4717 3114 4756 carne
3142 4701 3298 4766 οωνίί
3332 4703 3644 4756 miraculum
3666 4742 3683 4767 ,
3710 4703 3815 4756 sed

2234 4802 2511 4861 postquam
2544 4793 2788 4860 migravit
2816 4794 2881 4847 ad
2908 4794 3094 4859 Deum,
3119 4794 3422 4859 complevit,
3448 4807 3627 4846 sermo
3653 4808 3815 4847 eom-

2234 4898 2527 4938 memorare
2554 4883 2794 4939 tentabit.
2818 4885 3003 4939 Mulier
3044 4884 3281 4954 quazdam
3310 4884 3378 4939 de
3418 4898 3480 4937 ea
3524 4898 3645 4952 quae
3671 4898 3816 4938 sau-

2231 4985 2373 5027 ctum
2404 4975 2621 5043 protulit
2663 4976 2879 5029 civitate
2925 4974 3179 5037 existens,
3230 4989 3349 5029 cum
3390 4974 3632 5028 audisset
3677 4990 3815 5029 eum

2234 5069 2444 5121 venisse
2474 5081 2502 5119 a
2534 5067 2720 5120 Rhodo
2753 5065 2891 5136 (96),
2940 5076 2994 5120 et
3028 5067 3270 5136 angelum
3312 5067 3359 5121 ei
3411 5067 3607 5121 ibidem
3641 5081 3818 5135 appa-

2234 5159 2422 5218 ruisse,
2477 5165 2532 5212 et
2583 5157 2909 5212 vocationem
2941 5161 3005 5211 ad
3055 5172 3389 5213 communem
3422 5157 3710 5211 Dominum
3765 5162 3817 5215 ei

2236 5248 2596 5313 denuntiasse,
2636 5263 2919 5316 peccamen
2970 5249 3341 5318 gravissimum
3374 5253 3422 5303 in
3453 5265 3514 5303 se
3540 5265 3817 5319 rect-gno-

2236 5353 2410 5403 scens,
2437 5340 2578 5409 quod
2625 5353 2722 5393 nec
2744 5340 2954 5395 auditus
3000 5340 3269 5395 hominum
3302 5354 3454 5409 posse
3493 5340 3698 5394 intrare
3726 5339 3814 5393 af-

2238 5432 2503 5498 ﬁrmabat,
2546 5432 2700 5486 iidem
2744 5433 3096 5500 inamhiguam
3145 5448 3389 5497 sumens,
3440 5432 3505 5485 ad
3551 5442 3817 5487 sanctum

2235 5525 2431 5578 cursim
2455 5524 2731 5591 pervenit;
2755 5533 2809 5575 et
2831 5524 2992 5590 pedes
3012 5521 3126 5591 eius
3153 5522 3636 5591 comprehendenti,
3674 5534 3818 5576 cum

2236 5612 2484 5682 lacryutis
2512 5613 2692 5665 multis
2720 5612 3002 5677 clamabat,
3030 5623 3083 5665 et
3113 5613 3295 5666 dicens
3327 5623 3538 5667 secreto
3564 5623 3767 5664 sancto
3792 5624 3816 5670 ε

2239 5706 2536 5770 Peccatum,
2568 5719 2602 5758 ο
2629 5714 2707 5758 ter
2736 5704 2912 5771 beate,
2936 5704 3106 5760 habeo
3130 5706 3344 5769 misera,
3373 5704 3514 5773 quod
3542 5704 3609 5757 ad
3640 5718 3819 5760 aures

2238 5796 2506 5851 hominum
2561 5796 2740 5850 venire
2793 5811 2896 5850 non
2951 5798 3146 5863 potest,
3195 5796 3384 5851 etauio
3423 5794 3592 5864 quod,
3620 5793 3669 5849 si
3703 5797 3817 5859 vis,
