4058 6428
290 369 425 431 JH357

1241 382 1396 436 Ἦτῆ
1440 378 1680 436 SANCTI
1719 376 1995 434 JOANNIS
2034 374 2608 434 ELEEMOSYNARII.

3369 328 3520 432 i658.

279 509 434 572 potes
463 498 512 553 id
539 496 668 552 mihi
699 494 1002 562 lndulgere;
1043 492 1175 546 dixit
1203 495 1343 547 enim
1372 494 1519 546 vobis
1550 493 1801 546 Dominus
1830 510 1842 544 :
1875 493 1923 551 Α
1952 495 2041 538 aut
2073 497 2252 552 potum
2281 487 2497 540 omnino
2545 501 2650 541 non
2691 497 2927 556 gustatis,
2960 489 3114 543 tertia
3165 497 3340 556 nocte,
3383 492 3510 547 dum

283 592 542 659 Quoniam
572 602 898 657 quaecumque
941 587 1206 639 solveritis
1243 601 1401 652 super
1433 595 1645 644 terram,
1690 592 1848 637 erunt

278 682 478 744 Saluta,
509 680 640 733 etin
671 677 857 740 cmlis;
912 687 964 729 rt
1008 690 1335 742 quacunque
1377 674 1662 741 ligaveritis
1691 689 1848 740 super

285 780 505 831 terram,
538 779 696 824 erunt
747 769 900 837 ligata
951 776 1004 820 et
1047 767 1096 819 in
1139 766 1286 820 etclis
1331 766 1543 832 (Matth.
1586 764 1849 829 xvttt);et

277 877 504 931 quorum
537 860 848 914 remiseritts
872 869 1109 926 peccata,
1140 858 1476 910 remittuntur
1498 857 1610 921 eis;
1643 865 1696 910 et.
1717 871 1848 924 qun-

281 969 400 1008 tum
435 950 782 1013 retinueritis,
816 958 1018 1002 retenta
1050 957 1171 1000 sunt
1199 948 1378 1010 (Joan.
1410 948 1522 1012 xx).
1545 947 1666 998 lla-c.
1689 950 1844 998 verita

280 1043 503 1096 audiens
533 1059 560 1094 a
593 1042 815 1094 muliere
847 1049 1080 1102 sanctus,
1113 1049 1164 1091 et
1218 1040 1428 1100 timens,
1463 1037 1506 1088 si
1541 1036 1843 1103 petitionem

280 1131 396 1200 ejus
416 1133 690 1196 refutaret,
714 1130 906 1183 u0xius
928 1132 1044 1194 ejus
1059 1129 1303 1181 tormenti
1329 1129 1497 1193 lieret,
1519 1127 1641 1179 dum
1669 1136 1848 1194 posset

280 1222 496 1276 liberari
523 1237 551 1275 a
581 1223 788 1288 proprio
813 1229 1025 1288 peccato
1079 1234 1173 1285 per
1204 1218 1361 1271 ﬁdem
1413 1232 1567 1285 quam
1621 1218 1844 1270 habebat

280 1315 334 1368 iit
357 1331 500 1376 eum,
536 1315 661 1367 dicit
689 1316 752 1368 ad
781 1329 896 1367 eam
937 1313 1206 1366 humiliter
1237 1331 1249 1366 :
1277 1313 1331 1366 Si
1362 1313 1544 1379 utique
1586 1312 1780 1377 credis,
1814 1328 1846 1362 o

284 1406 495 1467 mulier,-
524 1404 654 1469 Deo,
677 1405 814 1475 quod
841 1420 933 1474 per
959 1404 1321 1457 infelicitatem
1347 1418 1516 1455 meam
1547 1404 1847 1470 ignoscatur

279 1495 372 1548 tibi
395 1498 595 1548 crimen
617 1495 751 1561 quod
780 1495 935 1558 dicis,
959 1495 1213 1548 confitere
1238 1495 1363 1546 mihi
1390 1494 1509 1547 hoc.
1530 1494 1657 1559 Qum
1680 1494 1840 1545 dixit:

277 1586 392 1640 Non
422 1601 657 1653 possum,
687 1584 919 1649 domine,
953 1586 1130 1638 dicere
1175 1585 1249 1645 id,
1302 1600 1471 1652 neque
1501 1583 1641 1637 enim
1676 1593 1847 1651 potest

276 1678 489 1730 auditus
523 1676 795 1729 hominum
823 1685 1030 1743 portare
1059 1675 1208 1728 illud.
1241 1674 1374 1728 Dicit
1398 1675 1460 1727 ad
1507 1689 1622 1727 eam
1653 1676 1841 1728 iterum

274 1778 532 1822 sanctus:
568 1767 632 1820 Et
685 1768 730 1820 si
764 1766 1054 1831 erubescis,
1113 1765 1243 1819 vade
1292 1774 1346 1819 et
1391 1766 1566 1820 seribe
1617 1766 1764 1831 illud,
1798 1767 1840 1819 si

1951 592 2135 631 rursus
2163 593 2280 631 cum
2332 580 2579 648 Iaerytnis
2607 579 2820 634 eosdem
2865 582 3028 634 duros
3058 596 3117 633 ac
3166 581 3347 636 fideles
3396 598 3511 637 ser-

1949 683 2132 721 mones
2162 669 2468 722 beatissimo
2487 671 2706 731 diceret,
2729 683 2854 723 ecce
2873 671 3032 740 egred
3058 679 3142 723 tur
3169 672 3258 725 Dei
3286 671 3511 728 famulus

1948 760 2015 813 de
2047 761 2250 812 tumulo
2281 774 2399 824 suo,
2428 761 2674 814 oculatim
2708 775 2970 830 apparens
3008 778 3126 815 cum
3157 762 3360 818 duobus
3401 769 3507 834 epl-

1947 855 2141 917 scopis,
2171 853 2256 918 qui
2285 867 2404 905 cum
2427 868 2490 905 eo
2510 853 2778 922 jacebant,
2804 870 2909 909 uuo
2933 854 3079 920 hinc,
3110 867 3162 909 et
3188 858 3360 910 altero
3389 857 3510 911 ltinc

1947 941 2291 1008 aspitantibus
2321 943 2460 1012 (99),
2489 953 2544 998 et
2571 946 2700 999 dicit
2729 947 2792 1000 ad
2834 963 2951 1001 eam
2977 966 2989 1000 :
3024 963 3296 1018 usquequo
3325 950 3514 1004 mulier

1950 1033 2043 1084 hos
2071 1034 2157 1099 qui
2179 1034 2262 1087 hic
2277 1047 2395 1087 sunt
2411 1052 2731 1102 commoves,
2748 1048 2800 1092 et
2818 1055 2919 1093 non
2945 1041 3162 1094 dimittis
3178 1056 3270 1095 eos
3285 1042 3514 1109 quiesce-

1948 1140 2004 1175 re
2031 1124 2053 1162 ν
2086 1124 2390 1178 lnfuderuot
2419 1127 2556 1179 enim
2589 1129 2751 1180 stolas
2774 1141 2978 1183 nostras
3005 1132 3252 1203 lacrymaa
3281 1143 3403 1185 tuae.
3447 1131 3514 1186 Et

1953 1215 2063 1265 haec
2093 1214 2302 1277 dicens,
2332 1214 2423 1268 dat
2451 1217 2498 1269 ei
2531 1219 2797 1285 proprium
2822 1219 3089 1286 pittacium
3123 1221 3394 1284 bullatum,
3423 1222 3510 1276 di-

1946 1319 2071 1357 cens
2096 1322 2109 1357 :
2142 1306 2384 1376 Suscipe,
2413 1311 2745 1376 recognoscis
2776 1312 2919 1366 hoc?
2949 1315 3113 1380 solve,
3137 1315 3333 1381 aspice.
3369 1314 3432 1369 Et
3456 1315 3509 1368 in

1946 1399 2171 1462 Seipsam
2196 1414 2260 1451 ex
2287 1400 2486 1453 visione
2519 1403 2757 1466 veniens,
2799 1405 2943 1456 vidit'
2963 1406 3148 1458 iterum
3173 1415 3384 1458 sanctos
3427 1405 3510 1459 in-

1945 1488 2249 1552 gredientes
2278 1491 2325 1541 in
2377 1493 2645 1558 proprium
2697 1494 2907 1560 locum;
2951 1504 3004 1549 et
3032 1498 3264 1560 solvens,
3308 1496 3507 1554 invenit

1948 1580 2148 1633 litteras
2177 1595 2298 1634 suas
2322 1581 2542 1644 deletas,
2576 1593 2626 1636 el
2656 1587 3094 1652 subscriptionem
3124 1586 3225 1641 sub
3263 1587 3364 1651 eis,
3414 1587 3505 1642 ha-

1947 1669 2153 1724 bentem
2180 1669 2254 1723 sic
2281 1687 2294 1721 :
2338 1670 2556 1740 Propter
2573 1671 2822 1726 Joannem
2848 1690 3043 1727 servum
3073 1693 3257 1739 meum,
3287 1678 3506 1730 deletum

1943 1770 2016 1812 est
2049 1777 2116 1826 pe.
2136 1773 2304 1813 catum
2335 1771 2493 1814 tuum.
2522 1764 2651 1829 Quis
2694 1765 2936 1832 loquetur
2984 1769 3247 1835 potentias
3277 1769 3503 1835 Domini,

277 1861 416 1913 nosti
463 1861 684 1922 litteras,
734 1869 787 1912 et
831 1858 910 1911 fer
960 1858 1108 1911 mihi.
1143 1857 1232 1910 llla
1289 1860 1477 1912 iterum
1526 1861 1792 1926 respondit
1825 1874 1840 1911 :
1877 1846 1920 1903 Β
1946 1867 1978 1902 0
2002 1852 2153 1906 amici
2185 1864 2237 1906 el
2267 1853 2496 1907 fratres?
2546 1857 2641 1920 Qui
2672 1858 2740 1909 ita
2771 1858 3072 1911 misericors
3101 1868 3380 1913 etamator
3410 1860 3505 1913 ho-

278 1949 439 2012 Vere,
470 1949 702 2014 domine,
738 1965 840 2002 non
873 1964 1110 2017 possum.
1143 1948 1466 2013 Exspectans
1504 1964 1632 2017 ergo
1669 1950 1837 2001 modi-

278 2053 398 2092 cum
423 2035 546 2108 quid
578 2052 775 2103 tacens,
807 2040 935 2093 dixit
966 2040 1011 2093 ei
1039 2058 1052 2093 :
1081 2039 1193 2092 Non
1227 2048 1370 2107 potes
1393 2040 1625 2093 scribere
1651 2049 1705 2094 et
1729 2040 1844 2094 bul-

277 2133 408 2194 lare,
432 2143 484 2185 et
506 2132 696 2186 afferre
727 2131 856 2185 mihi
886 2132 908 2184 ?
941 2132 1088 2186 Tunc
1116 2130 1244 2183 dixit
1271 2133 1316 2186 ei
1345 2150 1356 2184 :
1393 2132 1633 2194 Possum,
1668 2131 1840 2183 domi-

275 2239 366 2288 ne,
403 2225 502 2276 hoc
533 2223 689 2288 facio,
733 2238 923 2292 rogans
966 2223 1328 2278 honorabilem
1382 2234 1436 2279 et
1483 2224 1841 2290 coangelicam

273 2315 504 2366 animam
538 2323 681 2367 tuam
721 2329 787 2367 ne
838 2315 1096 2377 solvatur,
1152 2329 1320 2382 neque
1364 2314 1471 2367 ullo
1503 2316 1658 2366 modo
1699 2313 1843 2367 inve-

277 2402 502 2455 niatura
546 2403 772 2472 quolibet
804 2405 1072 2470 pittacium
1110 2406 1220 2474 (97)
1255 2403 1352 2456 hoc
1380 2403 1680 2470 aliquando.
1707 2405 1830 2457 Ver-

275 2493 399 2546 bum
433 2493 588 2562 igitur
619 2496 883 2562 accipiens
915 2503 942 2547 a
981 2496 1088 2549 Deo
1135 2495 1456 2548 honorabilis
1482 2495 1618 2564 quod
1671 2495 1845 2549 nullus

275 2584 437 2636 homo
485 2584 716 2638 solveret
765 2595 855 2638 aut
915 2579 1113 2654 legeret
1161 2586 1278 2656 ejus
1310 2587 1607 2654 pittacium,
1660 2586 1844 2640 abiens

275 2675 489 2743 sctipsit
515 2677 724 2744 propria
748 2692 904 2730 manu
945 2691 1237 2745 peccatum,
1270 2687 1324 2731 et
1369 2677 1572 2730 bullatis
1621 2679 1845 2745 portavit

279 2768 456 2822 beato.
483 2771 788 2839 Suscipiens
819 2783 945 2838 ergo
971 2780 1184 2825 sanctus
1217 2777 1358 2838 pittat
1380 2771 1509 2834 ium,
1547 2780 1663 2835 post
1691 2771 1844 2838 quin-

275 2877 381 2927 que
407 2861 522 2914 dies
549 2860 612 2913 ad
649 2861 923 2914 Dotttinum
974 2863 1240 2929 profectus
1272 2871 1373 2926 est,
1405 2859 1604 2916 nemini
1649 2860 1841 2928 aliquid

275 2951 346 3006 de
374 2953 676 3018 hujusmodi
736 2954 948 3019 pittacio
991 2964 1079 3006 aut
1107 2955 1418 3022 disponens,
1450 2961 1540 3006 aut
1582 2953 1842 3005 indicans.

276 3042 465 3096 Mulier
495 3044 672 3112 itaque
707 3044 942 3106 fortuitu,
990 3045 1096 3098 imo
1137 3046 1532 3112 dispensatione
1580 3044 1692 3106 Dei,
1740 3055 1844 3096 non

276 3135 512 3186 existens
565 3134 616 3186 iu
649 3135 860 3187 civitate
888 3135 974 3187 die
1003 3135 1054 3187 in
1079 3150 1179 3204 qua
1209 3135 1499 3188 transla'us
1519 3141 1600 3188 est
1621 3135 1670 3185 in
1715 3147 1842 3200 pace

1946 1946 2166 2007 minam,
2197 1947 2392 2000 faciens
2421 1950 2743 2001 voluntatem
2776 1950 3069 2002 timentium
3111 1963 3190 2014 se,
3220 1960 3272 2004 et
3308 1951 3507 2018 glorifi-

1944 2052 2070 2091 cans
2092 2039 2444 2104 glorificantes
2471 2054 2549 2098 se.
2574 2049 2629 2094 et
2660 2057 2751 2108 per
2772 2043 3150 2095 miraculorum
3167 2045 3503 2110 operationes

1944 2130 2286 2193 magnificans
2307 2131 2434 2183 eos?
2461 2131 2570 2183 Non
2599 2142 2771 2184 autem
2803 2132 2852 2184 in
2870 2133 2971 2187 hoc
2999 2132 3503 2201 locosolum.inqun

1945 2223 2170 2288 pretiosa
2201 2221 2451 2274 dormitio
2490 2221 2606 2290 ejus
2638 2221 2772 2275 facta
2795 2231 2876 2274 est
2896 2261 2910 2282 ,
2939 2223 3102 2290 gratia
3129 2238 3286 2290 quam
3328 2221 3506 2276 habuit

1942 2314 2078 2381 apud
2101 2313 2282 2373 Deum,
2300 2312 2629 2364 manifestata
2645 2323 2744 2376 est,
2762 2313 2852 2364 sed
2869 2313 3059 2380 ubique
3075 2314 3278 2382 longius
3292 2314 3503 2368 claruit.

2013 2403 2139 2457 CAP.
2183 2403 2288 2456 LII.
2323 2432 2390 2442 —
2415 2404 2604 2455 Eadem
2637 2406 2775 2456 enim
2807 2405 2890 2456 die
2920 2403 2970 2456 in
3007 2417 3107 2469 qua
3139 2404 3202 2455 ad
3252 2404 3414 2456 Deum
3440 2420 3503 2458 ex

1945 2496 2042 2549 hac
2072 2494 2175 2547 vita
2207 2495 2394 2548 beatus
2426 2495 2522 2549 iste
2549 2495 2816 2564 profectus
2845 2506 2945 2559 est,
2976 2494 3186 2562 quidam
3205 2509 3386 2547 eorum
3415 2495 3505 2563 qui

1943 2585 2232 2650 attgeliC‘ltlt
2264 2583 2423 2636 vitam
2497 2589 2552 2636 et
2641 2578 2858 2637 schema
2952 2577 3329 2636 monachicum
3409 2581 3507 2634 ha-

1945 2674 2090 2736 bent,
2124 2674 2204 2727 vir
2234 2673 2559 2726 admirabilis
2605 2682 2659 2726 et
2689 2673 2997 2733 industrius,
3021 2672 3248 2726 Sabinus
3270 2672 3504 2739 nomine,

1947 2764 2283 2819 Alexandria:
2313 2762 2578 2826 habitans,
2617 2762 2751 2815 vidit
2778 2762 2929 2830 quasi
2969 2762 3019 2814 in
3049 2775 3270 2814 excessu
3313 2762 3505 2814 mentis

1945 2854 2132 2918 factus,
2161 2853 2414 2907 divinitus
2445 2852 2756 2905 honoratum
2785 2849 3040 2906 Joannem
3063 2849 3128 2904 de
3160 2851 3370 2920 proprio
3390 2852 3508 2920 epis

1944 2948 2125 3015 seopio
2151 2947 2506 3015 egredientem
2524 2960 2643 2998 cum
2667 2946 2808 2998 clero
2833 2944 2975 2997 omni
2997 2958 3149 2997 cerea
3192 2951 3510 3012 portantem,

1944 3045 1996 3090 et
2018 3037 2081 3089 ad
2124 3036 2495 3103 imperatorem
2525 3042 2760 3096 euntem,
2796 3044 3042 3102 tanquam
3091 3035 3337 3088 eunucho
3375 3049 3508 3103 quo.

1945 3127 2065 3180 dam
2100 3127 2176 3199 (ut
2208 3127 2322 3195 ipse
2351 3124 2559 3180 dicebat
2604 3123 2850 3192 Sabinus)
2882 3124 3205 3179 cubiculario
3247 3125 3387 3179 hunc
3417 3140 3510 3178 vo-

276 3228 345 3282 de
371 3227 566 3280 saeculo
595 3226 696 3280 isto
735 3229 797 3278 ad
825 3227 964 3280 aliud
996 3200 1314 3293 patriarcha,
1344 3227 1556 3281 volente
1585 3235 1635 3280 et
1663 3225 1716 3278 in
1748 3226 1848 3278 hoc
1873 3200 1920 3261 (ἶ
1949 3229 2120 3282 caute,
2154 3229 2427 3287 postquam
2456 3221 2670 3286 januam
2704 3217 2955 3285 episcopii
2993 3219 3144 3283 exiit,
3176 3219 3314 3286 quod
3344 3217 3512 3286 signi-

277 3317 642 3371 demonstrare
693 3317 800 3370 Deo
845 3326 1093 3386 quantam
1143 3316 1279 3383 apud
1309 3331 1452 3380 eum,
1486 3325 1667 3383 utpote
1719 3329 1845 3384 pro-

277 3399 427 3479 prius
457 3409 699 3473 famulus,
746 3404 987 3462 fiduciun
1025 3409 1347 3477 possidebat.
1387 3408 1489 3462 Sed
1534 3414 1654 3475 post
1690 3421 1844 3460 unam

278 3502 418 3554 diem
456 3498 839 3554 reconditionis
877 3499 1091 3568 pretiosi
1134 3501 1250 3566 ejus
1304 3499 1488 3567 lipsani
1532 3497 1646 3570 (98)
1690 3499 1848 3551 adve-

277 3591 449 3651 niens,
480 3605 602 3642 cum
633 3590 866 3643 audisset
885 3589 1256 3643 dormitioneui
1295 3588 1428 3656 ejus,
1454 3602 1637 3640 amens
1664 3595 1719 3640 et
1746 3587 1849 3640 de-

277 3678 474 3746 sipiens
505 3678 885 3746 propemodum
928 3679 1059 3731 facta
1100 3688 1201 3743 est,
1233 3677 1544 3730 existimans
1575 3677 1845 3744 pittacium

277 3770 415 3838 quod
438 3767 679 3834 dederat,
703 3769 754 3822 iu
781 3770 1052 3838 episcopo
1081 3772 1343 3832 relictum,
1375 3768 1622 3822 omnibus
1651 3769 1848 3822 faceret

277 3861 483 3928 culpam
516 3861 630 3928 ejus
661 3861 1011 3913 manifestam.
1043 3861 1160 3914 Cito
1182 3875 1309 3928 ergo
1337 3861 1596 3918 resiliens.
1625 3870 1679 3914 et
1709 3859 1844 3925 prio-

280 3959 392 4002 rem
425 3950 581 4002 fidem
611 3963 758 4001 suam
803 3949 1198 4001 indubitabilem
1243 3962 1402 4014 Super
1434 3948 1665 4001 animam
1701 3962 1848 4001 resu-

277 4054 450 4104 mens,
476 4055 649 4093 arcam
681 4057 706 4091 a
743 4039 850 4093 Deo
893 4037 1131 4092 honorati
1175 4038 1555 4108 apprehendit;
1595 4049 1670 4104 et,
1711 4039 1848 4092 sicut

278 4131 472 4184 viventi
498 4131 544 4184 ei
590 4133 873 4191 veraciter,
914 4133 982 4183 ita
1039 4132 1243 4184 turbata
1277 4130 1633 4199 perhibebat:
1679 4129 1846 4182 ilomo

276 4221 396 4285 Dei,
429 4220 520 4274 tibi
547 4220 647 4274 hoc
685 4229 958 4287 peccatum
999 4237 1102 4275 non
1136 4222 1277 4289 potui
1303 4235 1576 4285 enarrare,
1611 4235 1675 4273 eo
1703 4218 1843 4287 quod

275 4326 437 4378 supra
468 4310 680 4364 modum
713 4312 971 4366 existeret
997 4327 1178 4379 grave,
1211 4322 1262 4365 et
1285 4326 1409 4365 ecce
1441 4326 1578 4364 nunc
1602 4311 1845 4364 omnibus

275 4401 471 4455 factum
499 4412 579 4454 est
607 4401 822 4454 forsitan
854 4401 1184 4454 manifestum
1228 4411 1281 4455 et
1305 4403 1568 4468 cognitum
1599 4419 1613 4467 ;
1645 4402 1841 4454 utinam

276 4509 382 4546 lltm
415 4492 508 4545 tibi
538 4507 646 4546 rem
679 4507 848 4545 meam
878 4491 1318 4546 mauifestassem.
1353 4491 1464 4545 Heu
1491 4493 1503 4546 l
1539 4496 1639 4546 heu
1673 4493 1797 4545 mihi
1825 4493 1837 4545 !

1951 3311 2068 3364 fleat
2099 3311 2294 3378 praprii
2322 3310 2557 3378 corporis
2583 3309 2991 3376 separationem,
3024 3318 3076 3362 et
3098 3323 3254 3362 unam
3280 3309 3510 3376 puellam

1950 3409 2006 3455 ut
2033 3401 2224 3468 solem,
2255 3401 2634 3469 suscipientem
2663 3414 2808 3464 eum,
2840 3405 2894 3453 et
2943 3411 3098 3453 manu
3144 3407 3431 3462 tenentem,
3459 3409 3511 3452 et

1947 3508 2106 3560 super
2136 3502 2294 3561 caput
2319 3507 2571 3546 coronam
2602 3507 2666 3545 ex
2692 3491 2825 3544 olea:
2855 3491 3015 3544 ramis
3039 3489 3511 3544 circumamictam.

1949 3585 2066 3638 Mox
2093 3598 2220 3650 ergo
2250 3583 2459 3652 agnovit
2498 3592 2714 3637 sanctus
2754 3581 2982 3636 Sabinus
3011 3581 3378 3650 migrationem
3421 3591 3513 3648 pa-

1950 3676 2194 3730 triarcha:
2228 3676 2291 3728 ad
2331 3676 2610 3729 Dominum
2638 3674 2748 3743 ipsa
2781 3674 2907 3728 hora
2940 3673 3101 3726 fuisse
3133 3673 3340 3726 factam.
3373 3672 3512 3738 Qua-

1949 3778 2160 3836 propter
2188 3765 2502 3822 adnotantes
2550 3766 2764 3835 quidem
2819 3780 3056 3821 mensem
3091 3775 3144 3820 et
3191 3765 3355 3831 diem,
3399 3772 3512 3818 erat

1947 3860 2088 3913 enim
2116 3859 2362 3923 celebris,
2387 3858 2633 3913 videlicet
2652 3858 2818 3912 sancti
2843 3856 3090 3927 martyris
3112 3858 3314 3911 Menum
3339 3855 3511 3926 (100).

1946 3948 2261 4016 quibusdam
2285 3949 2616 4003 venientibus
2645 3949 2711 4002 de
2748 3946 2922 4018 Cypro
2977 3955 3376 4016 percunctantes
3405 3945 3512 4015 qui.

1949 4037 2070 4091 dam
2100 4037 2190 4106 qui
2222 4038 2529 4094 habitabant
2553 4037 2889 4092 Alexandriae
2914 4036 2980 4091 de
3005 4036 3317 4105 migratione
3344 4035 3513 4089 sancti

1949 4129 2281 4195 patriarchae,
2325 4137 2651 4197 agnoverunt
2695 4142 2873 4181 veram
2919 4126 3080 4180 fuisse
3123 4125 3398 4186 visionem,
3444 4137 3514 4177 eo

1946 4220 2084 4288 quod
2115 4220 2299 4273 eadem
2330 4220 2458 4273 hora
2490 4221 2640 4274 fieret
2671 4220 2723 4272 in
2750 4233 2848 4286 qua
2879 4218 3010 4272 obiit
3034 4219 3238 4280 beatus,
3268 4227 3323 4271 et
3347 4216 3511 4270 maxi.

1949 4325 2034 4362 tne
2063 4309 2130 4363 de
2153 4310 2398 4377 exemplo
2429 4310 2617 4377 puellae
2646 4324 2764 4378 qua:
2793 4322 2950 4361 manu
2974 4309 3184 4360 tenebat
3222 4319 3365 4360 eum.
3397 4306 3514 4363 Ac-

1945 4410 2162 4470 ceperat
2190 4403 2330 4456 enim
2367 4401 2808 4469 repromiSsiones
2837 4400 2904 4452 ab
2930 4412 2991 4454 ea
3023 4407 3257 4462 sanctus,
3291 4396 3429 4450 sicut
3458 4396 3510 4448 in

1947 4491 2371 4560 praecedentibus
2419 4491 2594 4545 verbis
2646 4490 2700 4542 Vi
2729 4505 2774 4543 te
2819 4489 3051 4542 diximus
3099 4487 3278 4557 (Sup.,
3321 4501 3366 4539 c.
3410 4485 3510 4555 7):

273 4591 469 4651 putans
499 4581 822 4634 confusionis
869 4581 1257 4636 absolutionem
1309 4581 1567 4650 invenire,
1601 4582 1841 4637 confusio
1872 4564 1922 4621 D
1946 4581 2076 4647 Quia
2108 4582 2149 4633 si
2183 4596 2266 4634 me
2296 4581 2533 4651 possides
2561 4580 2809 4644 amicam,
2850 4593 2950 4647 ego
2974 4587 3023 4632 te
3048 4589 3170 4632 ante
3219 4575 3513 4644 imperato-

277 4671 524 4724 omuibus
549 4670 682 4724 facta
708 4686 858 4736 sum;
885 4686 979 4739 pro
1005 4671 1210 4726 medela
1234 4671 1611 4741 blasphemiam
1641 4674 1839 4741 recepi.

278 4761 412 4828 Quid
436 4761 564 4813 mihi
592 4761 655 4814 ad
689 4770 741 4816 te
784 4776 916 4830 Opus
939 4770 1053 4814 erat
1080 4770 1342 4816 secretum
1370 4761 1560 4814 anima:
1598 4777 1729 4816 meae
1752 4777 1844 4830 pa-

278 4848 505 4905 tefacere
526 4851 549 4902 ?
572 4849 768 4904 Tamen
799 4866 902 4904 non
931 4851 1170 4904 deficiam
1201 4865 1370 4919 neque
1391 4850 1648 4912 diffltlam,
1670 4866 1841 4918 neque

275 4944 563 4997 removebo
586 4958 613 4995 a
645 4943 844 4996 tumulo
871 4943 1148 5012 lucrymas,
1182 4956 1346 5009 usque
1374 4945 1497 4996 dum
1525 4941 1842 4996 satisfacto-

275 5047 394 5084 item
423 5032 488 5085 de
529 5033 782 5098 petitione
822 5047 935 5085 mea
966 5046 1241 5098 accepero.
1293 5031 1473 5099 Neque
1513 5032 1655 5085 enim
1702 5047 1843 5086 mor-

275 5131 395 5176 tuus
424 5136 503 5187 es,
554 5133 734 5176 sancte
782 5123 898 5190 Dei,
942 5123 1036 5176 sed
1067 5123 1219 5175 vivis.
1263 5122 1525 5189 Scriptum
1573 5132 1656 5177 est
1702 5123 1840 5177 enim

273 5213 392 5281 quia
416 5211 546 5282 justi
577 5214 626 5264 in
658 5221 968 5281 perpetuum
998 5214 1175 5266 vivent
1223 5213 1380 5283 (Sap.
1412 5213 1485 5282 ν).
1539 5198 1841 5282 lterumque

273 5304 457 5356 eadem
490 5301 644 5356 verba
677 5317 974 5370 assumens,
1002 5303 1248 5357 diccbat:
1299 5304 1459 5369 N.bil,
1517 5304 1677 5357 homo
1723 5305 1836 5371 Dei,

272 5401 396 5460 peto
419 5406 453 5444 a
477 5400 549 5456 te,
581 5391 678 5444 nisi
710 5399 766 5443 ut
816 5401 1021 5445 certum
1053 5391 1220 5446 facias
1249 5407 1341 5445 eor
1378 5407 1552 5446 meum
1585 5393 1835 5462 quidnam

270 5483 336 5536 de
359 5483 482 5537 dato
515 5483 604 5536 tibi
637 5482 855 5551 pittacio
882 5482 1075 5536 factum
1117 5485 1229 5538 sit?
1267 5485 1403 5540 Deus
1432 5497 1559 5555 ergo
1585 5486 1675 5554 qui
1708 5486 1839 5538 dixit

269 5574 555 5643 aliquando
583 5574 647 5628 ad
682 5572 1035 5628 Chananazatn
1063 5589 1077 5626 :
1111 5575 1266 5630 Fides
1293 5586 1376 5630 tua
1408 5587 1457 5631 te
1488 5578 1684 5630 salvam
1713 5577 1839 5632 fecit

268 5662 487 5729 (Matth.
520 5668 638 5732 xv),
666 5664 779 5733 ipse
804 5673 859 5718 et
904 5664 1039 5717 hanc
1065 5674 1264 5719 certam
1305 5667 1449 5721 fecit.
1479 5667 1668 5722 Tribus
1695 5668 1838 5722 enim

270 5757 457 5813 diebus
483 5769 831 5826 perseverans
855 5755 921 5810 ad
970 5755 1268 5824 sepulcrum
1323 5759 1516 5824 sancti,
1562 5768 1616 5814 et
1661 5761 1838 5814 cibum

1943 4685 2055 4724 rem
2082 4670 2436 4736 introducam,
2468 4671 2607 4740 quod
2639 4681 2690 4724 et
2721 4685 2902 4724 revera
2943 4669 3085 4722 fecit.

2013 4764 2140 4817 CAP.
2183 4763 2312 4817 Llll.
2334 4793 2404 4802 —
2423 4764 2538 4817 Non
2568 4773 2740 4817 autem
2761 4777 2822 4816 ex
2850 4763 2946 4814 hoc
2979 4769 3178 4813 tantum
3207 4773 3394 4812 omnes
3419 4772 3511 4811 sa-

1945 4853 2296 4908 tisfactionem
2324 4863 2662 4923 acceperunt,
2690 4853 2827 4922 quod
2857 4854 3195 4922 eleemosyna
3225 4861 3279 4906 et
3305 4852 3511 4906 miseri-

1943 4943 2122 4998 cordia
2151 4957 2307 5012 quam
2356 4945 2537 4998 habuit
2565 4942 2705 4998 circa
2731 4952 2968 5013 egentes,
3008 4958 3128 4997 eum
3155 4943 3206 4996 in
3251 4943 3511 4999 caelorum

1944 5049 2162 5105 regnum
2183 5036 2541 5102 deduxerunt;
2569 5034 2662 5090 sed
2685 5036 2804 5104 quia
2826 5035 2960 5090 alius
2979 5050 3163 5089 eorum
3192 5035 3277 5104 qui
3307 5035 3512 5091 habita-

1945 5126 2034 5180 bat
2057 5127 2323 5182 civitatem
2354 5128 2750 5190 Alexandriam,
2785 5127 2976 5181 timens
3009 5127 3195 5193 Deum,
3225 5127 3353 5180 vidit
3398 5129 3511 5196 ipsa

1943 5227 2097 5269 nocte
2138 5217 2188 5270 in
2215 5232 2316 5286 qua
2341 5225 2395 5271 et
2422 5225 2632 5271 sanctus
2662 5217 2913 5284 Sabinus,
2941 5231 3127 5271 omnes
3156 5232 3411 5286 pauperes
3452 5227 3509 5273 et

1944 5306 2208 5374 orphanos
2228 5315 2385 5376 atque
2406 5307 2612 5373 viduas,
2653 5309 2784 5361 olea:
2825 5321 3000 5360 ramos
3025 5305 3339 5374 bajulantes,
3370 5315 3424 5360 et
3453 5307 3507 5361 in

1943 5398 2258 5467 patriarcha
2282 5399 2534 5468 obsequio
2562 5408 2771 5464 euntes,
2808 5410 2862 5453 et
2888 5398 2953 5450 ad
2976 5398 3255 5452 ecclesiam
3287 5412 3511 5467 pergen-

1937 5497 2037 5543 tes.
2071 5489 2182 5543 Non
2213 5490 2383 5543 solum
2410 5490 2535 5555 duo,
2566 5499 2655 5542 aut
2680 5489 2886 5551 decem,
2932 5496 3024 5541 aut
3053 5497 3263 5540 centum
3294 5488 3504 5543 satisfa-

1935 5581 2138 5636 ctiones
2163 5591 2305 5647 sunt,
2338 5596 2431 5649 per
2472 5597 2602 5649 quas
2626 5580 2823 5634 scimus
2852 5579 2996 5633 clare
3023 5580 3268 5648 quoniam
3292 5589 3507 5634 sancto-

1935 5687 2051 5725 ruut
2082 5686 2357 5724 numerum
2395 5671 2590 5724 meruit
2629 5673 2986 5727 memorabilis
3012 5671 3134 5739 hic;
3163 5671 3257 5728 sed
3281 5685 3408 5727 ecce
3451 5677 3510 5728 et

1936 5761 2070 5826 aliae,
2103 5774 2234 5829 quas
2259 5760 2590 5830 subsequens
2617 5761 2786 5816 forma
2815 5761 3066 5818 ostendit.
