4058 6430
528 396 667 453 1659

1588 400 1866 459 LEONTII
1906 402 2370 463 NEAPOLITANI
2410 407 2720 468 EPISCOPI

3654 424 3791 482 1660

605 517 734 571 Car.
775 514 977 570 LIV.—
992 516 1286 586 Hymuodia
1302 520 1441 573 enim
1459 517 1814 571 anniversaria
1834 527 1950 586 post
1968 520 2102 572 mul-

2206 540 2400 594 bonum
2432 539 2521 607 qui
2554 547 2671 607 post
2702 536 2861 592 tuturi
2889 547 3013 593 sunt
3055 534 3327 592 hominum
3356 557 3368 592 :
3401 548 3659 609 quatenus
3686 557 3772 598 se-

540 617 647 661 tutn
678 610 928 675 temporis
954 608 1285 662 dortuitionis
1310 610 1478 662 sancti
1506 608 1796 676 celebrata,
1821 609 1876 662 in
1905 613 2098 678 templo

535 697 778 763 superius
808 698 1082 751 memorati
1118 699 1282 752 sancti
1316 696 1579 766 Tycbonis
1601 697 1973 767 (Sup.,c.49),
2009 698 2098 752 ubi

538 787 823 852 pretiosum
847 788 1105 854 lipsanutn
1138 788 1423 842 beatissimi
1449 788 1760 856 patriarcha:
1782 787 1993 841 Joannis
2015 802 2101 841 re-

544 878 771 944 positum
801 887 882 932 est
913 895 927 931 :
958 886 1075 939 erat
1100 885 1273 930 autem
1302 892 1421 944 quae
1445 877 1713 930 colebatur
1737 891 1883 929 sacra
1910 875 2101 944 vigilite

538 967 818 1036 liymuodia
866 982 1054 1020 annuae
1093 966 1473 1020 recordationis
1514 964 1681 1019 sancti
1732 964 2098 1017 miraculorum

542 1056 757 1110 factoris
788 1056 1074 1126 Tychonis.
1106 1055 1153 1108 ls
1183 1057 1270 1124 qui
1307 1066 1386 1109 est
1424 1056 1791 1109 miraculorum
1825 1055 2097 1117 Dominus,

536 1144 716 1197 volens
740 1145 1020 1198 ostendere
1039 1145 1286 1199 omnibus
1312 1144 1448 1211 quali
1484 1144 1683 1198 honore
1712 1158 1923 1197 servum
1944 1158 2099 1196 suum

533 1245 773 1287 sanctum
805 1234 1060 1289 Joannem
1091 1234 1305 1302 dignum
1335 1233 1538 1298 fecerit,
1570 1233 1763 1301 placuit
1782 1233 1848 1287 de
1871 1234 2101 1287 honora-

536 1327 625 1380 bili
656 1327 769 1396 ejus
795 1328 996 1394 Iipsano
1027 1328 1277 1395 unguenti
1308 1327 1595 1382 saniferam
1617 1328 1931 1380 suavitatem
1959 1339 2103 1378 ema-

538 1434 687 1483 nare,
714 1434 815 1486 qua
854 1418 1091 1473 universi
1120 1418 1172 1471 in
1202 1420 1382 1472 ltetitia
1410 1417 1526 1472 freti
1556 1417 1777 1487 gloriam
1809 1416 2104 1470 retulerunt

535 1508 680 1561 l’atri
709 1518 761 1562 et
789 1508 918 1562 Filio
959 1520 1011 1563 et
1059 1510 1272 1577 Spiritui
1319 1517 1539 1573 sancto;
1571 1520 1696 1563 vero
1748 1507 1955 1561 scilicet
1996 1507 2103 1560 Deo

537 1608 745 1666 nostro,
773 1600 860 1667 qui
893 1601 1135 1668 proprios
1159 1608 1371 1654 sanctos
1398 1601 1566 1667 gloria
1589 1600 1846 1669 glorificat
1875 1598 2099 1653 infinita.

612 1691 742 1747 Car.
782 1691 893 1746 LV.
920 1720 992 1733 —
1027 1691 1094 1745 Et
1122 1692 1318 1757 nullus,
1345 1708 1378 1743 ο
1405 1692 1559 1745 amici
1592 1690 1808 1758 Christi,
1847 1690 1972 1743 tanti
2000 1690 2101 1743 mi—

544 1782 707 1837 raculi
738 1784 1038 1839 incredulus
1066 1785 1154 1837 sit.
1202 1783 1406 1837 Etenim
1442 1797 1607 1851 usque
1634 1796 1771 1835 nunc
1801 1781 2012 1835 videtur
2050 1781 2101 1835 in

537 1874 705 1928 amica
746 1874 944 1929 Christi
988 1877 1278 1945 Cyprorum
1311 1877 1501 1940 insula,
1545 1875 1596 1928 in
1642 1874 1863 1928 diversis
1907 1874 2103 1928 sanctis
2132 1883 2181 1944 Β
2206 1920 2238 1976 Β

536 1965 696 2018 talem
724 1964 814 2019 Dei
840 1967 1059 2033 gratiam
1082 1975 1416 2034 operantem,
1438 1974 1493 2020 et
1515 1975 1759 2033 tanquam
1783 1980 1848 2018 ex
1870 1963 2102 2019 fontibus

536 2066 924 2125 unguentorum
953 2058 1263 2112 suavitatem
1293 2060 1359 2113 de
1386 2058 1627 2127 pretiosis
1656 2072 1837 2111 eorum
1885 2056 2101 2125 lipsanis

539 2147 906 2214 proﬂuentem,
939 2149 1002 2202 ad
1030 2151 1249 2217 gloriam
1276 2149 1511 2214 ejusdem
1538 2149 1812 2213 bonitatis,
1833 2156 1887 2202 et
1913 2148 1977 2202 ad
2005 2147 2103 2203 ho-

535 2254 719 2295 norem
751 2251 1050 2296 sanctorum
1079 2241 1216 2312 ejus,
1257 2253 1417 2312 atque
1464 2241 1788 2298 alacritatem
1831 2248 1884 2296 et
1920 2240 2092 2296 zelum

2201 630 2432 685 cundum
2469 629 2816 683 imitationem
2844 644 3027 683 eorum
3070 638 3468 696 conversantes,
3496 632 3699 687 eisdem
3724 644 3773 688 et

2202 737 2298 777 nos
2329 722 2620 777 honoribus
2650 723 2792 791 digni
2821 721 3119 776 efﬁciamur
3146 738 3175 775 a
3192 723 3337 791 justo
3362 723 3667 778 mercedum
3693 740 3774 780 re.

2201 813 2457 867 tributore
2486 812 2614 867 Deo.
2644 810 2942 866 Efficiamur
2973 814 3148 881 igitur,
3177 813 3535 876 dilectissimi.
3578 823 3631 867 et
3676 830 3771 868 nos

2202 915 2660 962 consummatores
2692 905 3115 973 prmscriptarum
3148 903 3521 958 rectitudinum
3553 904 3772 959 sanctis-

2202 999 2320 1053 simi
2351 998 2521 1066 .hujus
2566 997 2742 1053 Patris
2784 997 2949 1051 nostri
2979 996 3229 1061 Joannis;
3280 1004 3336 1051 et
3386 997 3543 1067 quasi
3592 994 3771 1051 incola:

2203 1091 2493 1146 existentes
2518 1098 2572 1144 et
2597 1088 2861 1158 peregrini
2895 1089 2946 1142 in
2988 1087 3092 1142 vita
3140 1087 3261 1150 ista,
3293 1085 3347 1140 in
3376 1097 3633 1141 aternum
3660 1086 3772 1142 tbe«

2202 1178 2532 1233 saurizemns
2576 1177 2827 1242 futurum,
2868 1192 2962 1246 per
3002 1177 3198 1246 largam
3246 1190 3364 1245 qua:
3419 1175 3772 1245 indigentibus

2203 1268 2449 1322 tribuitur
2476 1267 2817 1322 donationem
2844 1266 2897 1338 (1
2920 1267 3039 1321 Cor.
3066 1268 3158 1335 ix).
3204 1266 3435 1331 Etenim,
3483 1265 3771 1320 secundum

2201 1358 2452 1414 divinitus
2482 1359 2793 1425 inspiratum
2812 1357 3144 1426 Apostolum,
3168 1357 3254 1425 qui
3277 1358 3508 1411 seminat
3538 1357 3591 1410 in
3615 1356 3771 1410 bene-

2202 1451 2544 1515 dictionibus,
2593 1452 2660 1507 de
2698 1450 3151 1506 benedictionibus
3174 1460 3230 1506 et
3260 1459 3423 1506 metet
3460 1450 3516 1521 (l
3540 1450 3661 1505 Cor.
3684 1452 3766 1521 n);

2203 1552 2257 1597 et
2284 1558 2379 1611 pro
2405 1543 2838 1612 corruptibilibus
2884 1542 3321 1611 incorruptibilia,
3365 1557 3465 1611 pro
3509 1554 3769 1609 tempora-

2204 1634 2342 1690 libus
2370 1642 2587 1700 teterna,
2612 1649 2730 1703 qua:
2757 1634 2940 1689 oculus
2961 1648 3065 1686 non
3090 1633 3242 1697 vidit,
3270 1648 3368 1688 nec
3390 1633 3535 1687 auris
3554 1633 3775 1695 audivit.

2204 1733 2261 1779 et
2291 1724 2341 1777 in
2373 1738 2468 1778 cor
2498 1724 2727 1778 hominis
2765 1738 2870 1777 non
2910 1723 3263 1778 ascenderunt
3299 1738 3417 1793 qua!
3464 1724 3771 1793 preparavit

2207 1812 2346 1866 Deus
2367 1812 2699 1882 diligentibus
2723 1826 2782 1867 se
2804 1829 2817 1865 :
2842 1826 2957 1881 quae
2983 1824 3170 1865 omnes
3191 1826 3288 1866 nos
3317 1813 3658 1879 impetremus
3680 1827 3771 1880 per

2242 1905 2427 1959 ratium
2453 1914 2506 1959 et
2533 1904 2947 1960 misericordiam
2976 1902 3103 1958 Jesu
3122 1902 3321 1957 Christi
3350 1902 3559 1957 Domini
3584 1905 3769 1968 nostri,

2199 2011 2321 2051 cum
2352 2009 2458 2065 quo
2483 2003 2563 2049 est
2609 1993 2750 2050 Patri
2780 2010 2883 2049 una
2909 2009 3028 2048 cum
3057 2002 3243 2049 sancto
3270 1993 3469 2060 Spiritu
3507 1994 3673 2063 gloria
3712 2002 3766 2049 et

2203 2086 2371 2142 honor
2398 2086 2781 2155 et'imperium,
2811 2101 2949 2143 nunc
2975 2095 3032 2143 et
3057 2098 3269 2157 semper
3297 2086 3353 2142 in
3375 2088 3571 2142 saecula
3598 2100 3765 2142 sacu-

2209 2178 2402 2233 lorum.
2441 2178 2633 2233 Amen.

1789 2343 2155 2426 tiosvvs'vot
2191 2369 2509 2429 ΝοτΑτιο.

604 2482 682 2554 (l)
720 2481 989 2556 Joannea.]
1002 2484 1442 2556 Martyrologium
1464 2484 1779 2556 Romanum,
1812 2483 1881 2539 25
1901 2483 2097 2556 Janua-

532 2552 599 2610 rii
650 2552 676 2624 :‘7
726 2552 1114 2624 «Alexandriae
1150 2552 1333 2608 'sancti
1386 2554 1605 2609 Joannis
1656 2553 2093 2624 Eleemosynarii,

532 2623 771 2691 ejusdem
802 2622 945 2677 urbis
972 2624 1223 2693 episcopi,
1256 2624 1614 2678 misericordia
1640 2624 1692 2677 in
1721 2622 1975 2691 pauperes
2005 2637 2096 2678 ce-

533 2693 822 2765 leberrimi.
852 2711 873 2745 ι
921 2693 1270 2765 Menologium
1316 2693 1684 2765 Graecttm,rl2
1733 2693 2091 2765 Novembris;

537 2780 558 2814 ι
605 2762 1050 2817 Cornutctnoratio
1095 2762 1152 2819 ὃ.
1207 2765 1266 2818 Ρ.
1315 2765 1374 2817 Ν.
1424 2763 1641 2819 Joannis
1712 2762 2094 2832 archiepiscopi

532 2833 897 2904 Alexandrini,
914 2845 1270 2904 cegnomento
1294 2834 1610 2904 Eleetuonis.
1640 2832 1732 2887 llic
1758 2832 2093 2904 luitCyprius

532 2918 746 2971 genere,
774 2903 1047 2968 Epiphanii
1073 2904 1210 2958 illius
1236 2903 1464 2971 regionis
1486 2905 1634 2957 ducis
1658 2903 1791 2957 filius
1817 2920 1830 2955 :
1857 2903 1943 2973 qui
1969 2918 2088 2957 cum

533 2988 745 3025 omnem
769 2974 1092 3041 diligentiam
1120 2983 1277 3038 atque
1305 2988 1518 3042 operam
1541 2974 1606 3027 ad
1630 2976 1835 3027 virtutis
1860 2973 2091 3028 studium

534 3052 585 3096 et
613 3042 704 3096 Dei
731 3044 949 3109 gratiam
969 3044 1348 3097 conciliandam
1375 3045 1705 3107 contulisset,
1737 3054 1948 3112 propter
1972 3046 2094 3098 VlliB

534 3112 888 3179 splendorem,
913 3112 1154 3167 Heraclio
1176 3115 1301 3182 imp.
1324 3122 1552 3182 petente,
1584 3114 1750 3168 factus
1777 3123 1859 3168 est
1886 3114 2093 3169 archie-

540 3185 785 3250 pisc0pns
814 3183 1215 3239 Alexandrinus.
1239 3186 1416 3252 Itaque
1442 3193 1498 3236 ut
1528 3184 1739 3236 lucerna
1770 3184 1820 3236 in
1851 3186 2095 3238 candela-

536 3252 633 3305 bro
657 3252 821 3319 posita
842 3253 1005 3306 eluxit
1020 3295 1032 3312 .
1053 3254 1333 3321 multisque
1357 3254 1509 3311 annis
1537 3255 1587 3306 in
1603 3254 1899 3307 sacerdotio
1926 3264 2096 3308 trans-

2199 2488 2511 2563 ·χνωρέςεται.
2531 2480 2752 2563 "guunt:
2764 2482 2833 2563 .ὂέ-
2849 2486 2977 2542 κατᾶ
2989 2486 3107 2545 τοὺς
3122 2484 3355 2563 χρόνους.
3368 2489 3768 2563 Νωρικῶν-τοῦ

2199 2507 2511 2562 γνωριςεται.
2557 2507 2752 2556 uitiante:
2770 2507 2825 2541 οε
2849 2507 2977 2542 κατα
2989 2507 3107 2545 τους
3168 2507 3343 2560 pom:
3370 2507 3655 2563 ωαυρικιθυ
3680 2510 3762 2544 τοι

2198 2555 2469 2625 βασιλέως.
2506 2572 2525 2606 ‹
2549 2553 2643 2609 llic
2687 2555 2775 2623 qui
2819 2554 2986 2609 lectus
3023 2565 3104 2610 est
3122 2507 3313 2619 2£‘ater,
3342 2556 3395 2608 in
3426 2572 3528 2609 una
3561 2557 3762 2611 urbium

2199 2624 2380 2694 Cypri,
2410 2625 2606 2680 decore
2635 2625 2995 2680 sacratissimo
3022 2626 3231 2680 claruit.
3266 2626 3327 2678 Et
3358 2627 3521 2679 multa
3562 2641 3767 2694 praco-

2200 2697 2307 2759 nia,
2339 2706 2394 2749 et
2423 2695 2640 2749 festivos
2667 2708 2943 2765 sermones
2972 2694 3089 2765 ejus
3118 2696 3398 2759 habemus,
3425 2710 3549 2749 cum
3580 2697 3766 2765 quibus

2200 2774 2282 2820 est
2306 2766 2464 2819 etiam
2488 2778 2665 2819 sermo
2694 2763 2808 2833 ejus
2831 2765 2883 2818 in
2907 2763 3454 2827 Transfigurationem
3478 2763 3768 2821 Salv‘atoris

2200 2835 2389 2889 nostri.
2440 2833 2767 2901 Conscripsit
2812 2843 2990 2889 autem
3019 2844 3073 2890 et
3119 2835 3286 2888 Vitam
3329 2836 3500 2888 sancti
3551 2836 3767 2890 Joannis

2200 2904 2584 2973 archiepiscopi
2612 2903 2966 2975 Alexandrize,
2990 2916 3343 2975 cognomento
3354 2905 3691 2975 .Eleemonis,
3716 2907 3765 2960 id

2201 2973 2720 3045 est,blisericordis;
2751 2975 2875 3042 quin
2902 2985 2956 3029 et
2984 2973 3150 3028 sancti
3182 2975 3451 3029 Simeonis
3478 2974 3763 3045 Simplicis,

2201 3052 2255 3099 et
2281 3044 2382 3096 alia
2413 3046 2674 3112 quaedam.
2720 3046 2889 3113 Atque
2920 3045 2973 3098 in
3003 3046 3249 3099 omnibus
3277 3044 3619 3099 sermonibus
3657 3048 3769 3101 suis

2201 3113 2529 3168 orthodoxus
2556 3116 2814 3169 cernitur.
2843 3114 3043 3168 Floruit
3066 3123 3241 3168 autem
3273 3118 3605 3182 temporibus
3626 3115 3766 3170 ﬂau-

2202 3183 2306 3237 ritii
2335 3184 2695 3252 imperatoris.
2724 3202 2742 3235 i
2768 3186 3077 3238 Anastasius
3105 3185 3573 3251 Bibliothecarius,
3600 3186 3652 3238 in
3676 3201 3765 3239 sua

2202 3253 2448 3308 versione
2474 3268 2549 3307 vn
2580 3254 2790 3324 synodi,
2824 3266 2939 3321 post
2977 3255 3281 3308 Simeonem
3309 3254 3463 3309 addit
3490 3270 3610 3308 eum
3640 3258 3766 3309 scri-

537 3316 688 3386 actis,
721 3323 884 3393 multa
938 3324 1173 3378 efficiens
1207 3316 1476 3386 miracula,
1526 3324 1734 3378 abunde
1779 3324 2095 3391 pauperibus
2124 3316 2169 3379 C
2200 3325 2389 3390 psisse,
2445 3342 2465 3375 ‹
2491 3316 2925 3393 turbationesque
2968 3338 3180 3391 propter
3217 3325 3492 3378 Christum
3535 3326 3677 3378 circa
3706 3340 3765 3379 ea

537 3404 589 3463 et
618 3392 798 3460 egenis
827 3395 946 3445 vita:
973 3396 1269 3449 necessaria
1299 3394 1659 3463 suppeditans.
1685 3392 1834 3448 Unde
1858 3393 2097 3463 Eleemo—

539 3461 624 3533 nis
653 3472 1068 3533 cognomentum
1113 3465 1332 3533 accepit,
1374 3461 1638 3526 domibus,
1685 3472 1738 3533 et
1782 3462 1909 3530 ipsis
1939 3463 2096 3518 etiam

537 3530 837 3601 infidelibus
896 3530 1531 3601 venerabilis'migravit
1591 3532 1655 3585 ad
1715 3532 2015 3586 Dominum.
2073 3552 2093 3586 ι

542 3600 737 3722 fatgem
780 3601 969 3656 eodem
1013 3604 1101 3657 die
1150 3604 1485 3672 reperiuntur
1509 3603 1561 3657 in
1594 3602 1826 3670 Menteis,
1863 3605 2100 3672 pauculis

645 3686 655 3722 I
684 3686 696 3721 ι
735 3712 745 3722 .

538 3681 745 3724 8001118.

610 3738 759 3805 Quod
806 3738 1061 3795 Baronius
1104 3741 1169 3794 ad
1221 3740 1417 3796 dictum
1446 3741 1514 3797 25
1541 3739 1776 3795 Januarii
1819 3742 1959 3795 diem
1999 3741 2095 3806 ait,

539 3808 754 3863 Graecos
779 3810 934 3862 etiam
964 3811 1151 3866 eodem
1186 3811 1272 3865 die
1311 3812 1380 3866 de
1420 3826 1484 3865 eo
1520 3825 1696 3879 agere,
1739 3811 1860 3864 licet
1908 3811 2100 3865 natalis

540 3879 651 3933 dies
679 3879 799 3932 sit3
827 3880 1119 3944 Februarii,
1152 3880 1330 3935 nescio
1362 3880 1498 3934 unde
1529 3883 1786 3933 hauserit.
1819 3881 1934 3935 Jam
1966 3882 2104 3935 vidi-

543 3962 659 4018 mus
686 3963 751 4018 ex
777 3948 987 4002 Menaais
1015 3959 1069 4003 et
1098 3951 1411 4018 Meuologio.
1448 3949 1513 4002 12
1539 3948 1852 4018 Novembris
1896 3966 2101 4018 inemp-

542 4016 673 4086 liam
706 4016 820 4085 ejus
848 4018 987 4086 apud
1016 4018 1230 4073 Graecoe
1310 4011 1625 4075 "celebrari.
1696 4016 1765 4071 Et
1832 4011 1969 4068 infra
2042 4012 2096 4069 in

544 4084 682 4150 Vita,
707 4084 823 4153 cap.
848 4084 936 4153 52,
964 4088 1154 4142 dicitur
1178 4087 1407 4142 Joannes
1431 4090 1625 4141 abiisse
1651 4091 1736 4140 die
1758 4096 1928 4141 sancti
1956 4088 2102 4142 Men-

542 4170 645 4217 nte,
675 4155 1125 4227 Mennamautem
1174 4159 1660 4227 Megalomartyrem
1708 4157 1872 4211 habes
1910 4158 1961 4227 in
1995 4159 2104 4211 Me-

544 4227 673 4278 uais
693 4233 747 4279 et
770 4226 1082 4294 Menologio,
1110 4229 1166 4282 ll
1201 4226 1525 4292 Novembris,
1550 4227 1737 4281 eodem
1757 4242 1877 4281 cum
1897 4226 2103 4282 Joanne

545 4309 749 4358 mense,
782 4297 865 4347 die
897 4298 978 4349 vix
1011 4297 1304 4351 tlill‘erente.

614 4364 772 4435 Addit
820 4365 1012 4418 ibidem
1044 4367 1299 4421 Baronius
1332 4384 1343 4418 ε
1376 4366 1505 4419 Puto
1535 4364 1692 4429 hanc,
1722 4364 1909 4435 inquit,
1937 4365 2102 4434 ipsam

544 4431 635 4502 (25
663 4433 805 4494 Jan.)
834 4450 955 4489 esse
980 4436 1118 4489 diem
1149 4437 1494 4489 ordinations
1522 4434 1658 4503 ejus,
1690 4431 1845 4503 quain
1876 4447 1929 4489 et
1958 4431 2107 4489 nata-

545 4504 647 4557 lem
688 4504 794 4558 dici
842 4508 1183 4560 consuevisse
1207 4515 1261 4559 et
1297 4507 1605 4559 solt-niniter
1633 4506 1790 4557 etiam
1820 4506 2103 4568 celehrari,

550 4587 707 4645 supra
737 4574 983 4645 diximus,
1015 4576 1138 4627 dum
1162 4580 1365 4645 egimus
1387 4577 1453 4630 de
1474 4576 1722 4645 cathedra
1750 4576 1912 4645 sancti
1941 4576 2099 4645 Petri.

546 4642 1980 4736 ἓξξέὶιὲηξιιιξιξῖξθηξην.,ιὲέιιο.χιιξι³]ιιι9.οιξεῑεξξέξεδν,
2000 4644 2103 4736 δε·
2136 4676 2184 4736 υ

546 4711 719 4764 nifacii
753 4713 785 4763 ν
837 4728 982 4779 papa:
1032 4712 1087 4776 5,
1136 4714 1358 4767 Heraclii
1408 4715 1535 4779 imp.
1570 4714 1656 4778 ll,
1688 4713 1759 4767 ait
1788 4715 1927 4767 diem
1957 4715 2107 4768 anni-

546 4783 833 4850 versariam
862 4798 961 4850 qua
992 4783 1143 4848 obiit,
1168 4800 1284 4838 esse
1306 4784 1376 4838 25
1404 4784 1657 4837 Januarii.

617 4849 697 4921 (2)
736 4849 988 4922 Leonum]
1037 4853 1360 4923 Sigebettns,
1395 4858 1631 4921 catalogo
1658 4851 1822 4923 illust.
1856 4851 2107 4907 Ecclesiae

548 4920 765 4990 Script.,
797 4938 915 4988 cap.
942 4920 1007 4976 57
1038 4942 1052 4978 :
1083 4920 1120 4975 «⁷
1135 4924 1386 4978 Leontius
1415 4920 1662 4991 Neapolis
1688 4922 1999 4989 Cypriorum
2023 4924 2105 4974 in-

548 4993 677 5062 sulte
706 4993 1004 5060 episcopus,
1059 4994 1268 5062 scrip-it
1298 4992 1469 5047 Vitam
1511 4992 1729 5048 Joannis
1752 4992 2106 5062 Alexandrini

549 5061 804 5128 episcopi,
834 5063 920 5128 qui
949 5062 1019 5115 ob
1042 5061 1284 5116 eximiam
1316 5063 1368 5116 in
1401 5077 1658 5132 pauperes
1690 5061 2109 5132 misericordiam

552 5132 913 5201 agnominatnr
935 5130 1415 5201 Eleemosynarius.
1456 5150 1474 5183 ι
1507 5132 1547 5185 Τ
1553 5130 1849 5195 rithetnins,
1871 5134 2129 5199 eatalogo.

553 5198 713 5251 illust.
745 5200 990 5253 Ecclesia:
1010 5198 1357 5266 Scriptorum,
1391 5202 1458 5256 de
1476 5216 1540 5255 eo
1562 5203 1718 5256 etiam
1748 5202 1877 5269 agit,
1906 5211 1960 5255 et
1983 5198 2110 5253 nihil

556 5280 745 5340 praeter
772 5270 907 5340 hanc
931 5272 1088 5340 vitam
1119 5285 1181 5324 ex
1211 5272 1326 5340 ejus
1352 5272 1561 5339 scriptis
1586 5273 1733 5325 citat.

625 5337 778 5425 Plura
803 5338 1004 5392 Leontii
1053 5354 1210 5425 opera
1228 5337 1527 5425 genumera't
1557 5344 1802 5425 septima
1840 5340 2112 5425 generalis

553 5412 936 5487 sy_t_:odus,_act.
952 5424 1021 5487 ut.
1040 5411 1200 5471 Οὗτος·
1221 5411 1246 5465 ὁ
1267 5413 1597 5487 ἁνειγνωσᾷιὶς
1616 5412 1880 5487 πᾳτὴρλέᾑν
1901 5417 2112 5487 μιᾴλτῶν

552 5479 740 5556 πόλεων
767 5482 964 5553 Κύπρου
984 5482 1294 5556 Δὶιρφςριπῶς
1319 5479 1570 5556 adspexit“
1604 5486 1685 5536 καὶ
1712 5479 1874 5556 πὸλλᾴ
1894 5479 2115 5556 ἐγκῴμςα.

555 5550 635 5603 καὶ
663 5550 1040 5625 πανηγυρικοὺέ
1072 5550 1246 5620 lci/ou;
1273 5550 1436 5606 αὐτοῦ’
1460 5550 1673 5621 ἔχομεν·
1709 5552 1811 5619 μεθ’
1835 5551 1905 5625 {Ly
1928 5550 2012 5625 agi
2038 5555 2111 5609 εἰς·

555 5624 642 5695 τήν
662 5618 1155 5695 μέςταεὶόῥφωσιν-τοῦ-
1173 5630 1393 5695 Σωτῆρος
1416 5618 1946 5695 ἠμῶνίσυνένγρᾴφατρ
1961 5618 2111 5695 δὲλκαὶ

558 5691 640 5740 τὸν
659 5690 766 5778 ῥέεν
785 5688 873 5743 τοῦ
890 5688 1035 5778 enim:
1050 5691 1270 5746 Ἰωάννου
1291 5688 1702 5777 ἇρχιεέπισκόπου
1728 5688 2109 5778 Ἄλεξανδρεκὶας,

2200 3400 2435 3461 tempora
2459 3396 2509 3447 in
2534 3393 2758 3448 ecclesia
2781 3393 2963 3460 factas,
2991 3412 3009 3445 ι
3039 3396 3178 3461 quod
3201 3393 3285 3449 hic
3310 3394 3463 3448 deest
3481 3393 3531 3447 in
3556 3393 3765 3449 Graeco.

2197 3462 2376 3527 Quare
2405 3463 2486 3517 vel
2517 3464 2632 3531 ipse
2662 3462 2947 3531 perfectius
2988 3462 3229 3518 Graecum
3260 3464 3534 3528 exemplar
3581 3473 3767 3518 nactus

2200 3532 2318 3597 fuit,
2338 3535 2413 3587 vel
2438 3543 2582 3592 certe
2597 3540 2685 3588 τοῦ
2708 3533 2883 3595 Σαλοῦ,
2915 3535 3054 3602 quod
3077 3535 3350 3602 epitheton
3373 3545 3460 3588 est
3476 3534 3763 3598 Simeonis,

2198 3618 2305 3671 quo
2330 3602 2549 3673 simplex
2572 3612 2630 3657 et
2656 3605 2850 3656 stultus
2875 3602 3023 3672 Syris
3048 3604 3376 3673 designatur,
3422 3605 3539 3673 ipse
3592 3614 3762 3657 meta—

2199 3672 2466 3794 Ehrastice
2512 3674 2758 3741 explicat.
2806 3674 2881 3726 Ex
2921 3674 3105 3727 Grtecn
3133 3672 3225 3729 τόῡ
3251 3673 3425 3733 σάλος.
3456 3672 3589 3727 Nam
3616 3676 3767 3735 uile:

2250 3742 2395 3794 necis
2426 3744 2648 3794 iactatio.
2681 3744 2917 3794 turbatio.
2949 3745 3122 3794 Ouare
3150 3743 3285 3794 forte
3315 3743 3443 3794 nihil
3468 3743 3623 3794 deest
3650 3754 3762 3794 tex-

2250 3742 2395 3795 rzecis
2414 3744 2648 3811 jactatio,
2681 3744 2917 3796 turbatio.
2949 3745 3122 3807 Quare
3150 3743 3285 3796 forte
3315 3743 3443 3796 nihil
3468 3743 3623 3796 deest
3650 3754 3762 3797 tex-

2203 3812 2272 3864 tui
2315 3811 2528 3883 Grzeco,
2597 3812 2692 3867 sed
2739 3815 3047 3867 Anastasius
3099 3816 3275 3882 lapsus
3314 3814 3472 3867 luerit
3518 3814 3762 3883 ambiguo

2199 3881 2436 3934 vocabuli
2466 3884 2623 3937 σαὶοῡ
2648 3890 2703 3936 et
2723 3883 2906 3937 σάλου.

2269 3953 2397 4016 Qua:
2426 3966 2511 4005 res
2540 3952 2784 4018 Barouio,
2816 3962 2944 4006 tom.
2973 3950 3107 4016 Vill,
3142 3966 3282 4006 anno
3322 3950 3518 4006 Christi
3547 3950 3675 4019 594,
3714 3961 3765 4006 et

2198 4033 2337 4073 anno
2359 4020 2460 4073 620
2488 4021 2695 4075 labendi
2725 4021 3052 4075 oceasionem
3083 4022 3385 4090 prtebuerit,
3418 4030 3474 4074 ut
3495 4022 3767 4076 existima-

2202 4099 2269 4143 rit
2300 4090 2577 4144 Leontium
2610 4093 2677 4144 hu
2704 4105 2749 4145 te
2794 4090 3065 4144 historiam
3101 4092 3179 4143 sui
3212 4093 3467 4159 temporis
3494 4091 3764 4158 scripsisse

2202 4160 2539 4227 incipientem
2570 4176 2599 4213 a
2630 4162 2871 4214 Mauritio
2919 4174 3135 4214 narrare
3176 4176 3267 4215 eas
3295 4175 3415 4229 qua:
3459 4162 3673 4214 fuerunt
3714 4162 3761 4214 in

2203 4229 2439 4282 Ecclesia
2494 4231 2935 4298 perturbationes.
2992 4232 3189 4284 Eadem
3242 4233 3402 4283 habet
3451 4229 3763 4283 Passerinus

2202 4314 2382 4351 noster
2422 4299 2472 4351 in
2507 4303 2770 4367 Apparatu
2800 4299 2981 4354 Sacro.
3012 4300 3188 4366 Quare
3215 4300 3343 4355 liber
3375 4300 3461 4351 ille
3493 4299 3627 4352 forte
3659 4314 3755 4353 non

2201 4370 2422 4431 excidit,
2476 4382 2573 4421 nec
2619 4369 2810 4422 alicubi
2852 4370 3130 4429 delitescit,
3161 4385 3279 4437 quia
3319 4385 3587 4437 nunquam
3634 4369 3759 4423 forte

2201 4443 2429 4504 scriptus
2457 4437 2572 4491 fuit.
2622 4440 2729 4492 Nec
2770 4448 2913 4493 recte
2946 4442 3120 4502 priore
3147 4439 3263 4492 loco
3292 4441 3429 4504 apud
3464 4439 3761 4500 Barciiium,

2201 4515 2256 4561 et
2284 4508 2419 4575 apud
2449 4507 2793 4562 Pesseviuum
2820 4508 3009 4577 dicitur
3038 4508 3285 4563 Leoiitins
3308 4507 3633 4563 Constantia:
3654 4510 3761 4577 epi-

2201 4591 2414 4640 scopus,
2469 4578 2575 4630 iuio
2630 4578 2874 4644 Neapolis
2922 4576 3038 4633 fuit.

2266 4645 2528 4725 liabesmin
2576 4641 2764 4725 eadem
2803 4647 3024 4725 synodo,
3070 4642 3276 4725 actione
3322 4641 3750 4725 calicum-citatos

2194 4714 2392 4783 aliquot
2437 4715 2598 4768 libros
2641 4710 2846 4766 Leontii
2871 4722 3052 4765 contra
3076 4711 3288 4783 Jmtaeos
3314 4725 3406 4783 pro
3427 4710 3751 4783 Christian-i-

2194 4778 2314 4839 rntn
2367 4784 2627 4853 apolugia,
2675 4798 2740 4835 ex
2789 4784 2979 4849 quibus
3030 4782 3191 4853 etiam
3245 4782 3491 4853 quaedam
3541 4778 3749 4832 adducit

2197 4849 2426 4911 Joannes
2458 4849 2813 4906 Damascenus
2840 4859 2977 4905 erat.
3004 4854 3025 4904 ι
3060 4860 3116 4904 et
3144 4851 3200 4913 5,
3226 4851 3290 4903 de
3310 4849 3530 4915 lmagin.

2267 4924 2563 4986 Baronius,
2638 4922 2908 4974 notatione
2959 4921 3024 4973 ad
3078 4916 3753 4989 MartyrologiutmRoma-

2196 5009 2320 5049 num
2358 4991 2430 5044 25
2469 4992 2720 5055 Januarii,
2751 4992 3015 5045 existimat
3044 4986 3304 5055 duplicem
3337 4986 3542 5040 Leontii
3572 4986 3757 5039 editio-

2197 5078 2318 5118 nem
2364 5073 2418 5114 et
2461 5060 2854 5114 translationem
2898 5074 3017 5114 esse
3067 5062 3205 5111 inter
3247 5072 3309 5111 se
3346 5059 3654 5117 diversam;
3708 5055 3758 5106 in

2198 5147 2421 5201 quarum
2447 5131 2612 5203 altera
2640 5130 2814 5203 aliqua
2837 5131 3241 5203 habentur-quae
3271 5129 3320 5178 in
3352 5126 3518 5203 altera
3546 5123 3754 5203 des-ide—

2199 5191 2406 5255 r'antur.
2460 5201 2553 5253 Est
2575 5191 2786 5266 quidem
2819 5199 3011 5268 duplex
3041 5191 3221 5259 editio,
3252 5203 3306 5249 et
3329 5194 3604 5247 translatio
3631 5191 3753 5245 Vita:

2197 5272 2417 5327 Joannis
2435 5270 2878 5343 Eleempsynarii,
2909 5269 3002 5322 sed
3030 5268 3243 5343 diverso
3271 5272 3516 5343 auctore;
3540 5276 3752 5343 unasu-

2200 5352 2402 5395 ctorem
2433 5339 2590 5392 habet
2615 5331 2913 5402 Leontium,
2940 5352 3060 5406 qua:
3082 5337 3336 5406 hactenus
3358 5334 3541 5406 existit
3560 5333 3613 5384 in
3632 5331 3758 5383 Vitis

2202 5411 2437 5475 Patrum,
2469 5419 2522 5463 et
2547 5409 2769 5463 habetur
2799 5403 3016 5462 temo—ll
3044 5403 3339 5475 Lipomani.
3383 5404 3759 5475 Alteraaucto-

2202 5495 2315 5535 rem
2345 5471 2503 5533 habet
2528 5478 2955 5545 Metaphrastem,
2983 5471 3137 5543 quam
3168 5474 3329 5528 babes
3352 5472 3494 5543 apud
3517 5471 3760 5540 Lipoma-

2204 5566 2350 5608 num.
2384 5559 2525 5604 tumo
2555 5547 2594 5600 V
2622 5556 2677 5602 et
2695 5549 2925 5604 Suriutn.
2962 5554 3105 5600 tome
3127 5545 3163 5589 Ι.

2262 5704 2340 5773 (5)
2379 5685 3071 5773 Anas_tasio.]_“Sigebel‘lus
3101 5719 3117 5747 ι
3142 5768 3153 5773 _
3172 5694 3301 5773 Cap:
3351 5676 3752 5773 ξρξξιίη

561 5765 648 5838 τοῨ
669 5758 769 5838 ἰελε
779 5752 972 5838 ’ξμονοξν
1003 5758 1077 5813 ἔτι
1096 5768 1191 5838 μήν
1212 5765 1292 5815 καὶ
1310 5752 1400 5815 τίᾶῧ
1428 5759 1571 5815 ὁσίου
1602 5770 1798 5830 Συμεών
1818 5767 1907 5817 τοῦ
1937 5752 2102 5838 iet-.100,

2201 5752 2912 5838 sta‘sius:jubeute'Nictdao
2937 5776 3107 5838 papa,
3140 5754 3412 5838 transtulit
3437 5752 3753 5838 tnﬂbatiuutn

561 5829 641 5879 καὶ
669 5820 817 5899 ἕτερά
851 5844 980 5888 nvo.’
1012 5820 1158 5886 καῖεν
1186 5837 1317 5887 πᾶσι
1363 5840 1467 5892 τοῖς
1493 5820 1825 5902 λόγοιςάὐτοῦ
1856 5829 2102 5899 ὀρθὸδοξοί

2201 5820 2641 5902 ’.Ιὸξὼὶιίε
2694 5820 3132 5901 Elecmos'yn'arii,
3182 5827 3434 5895 scriptam
3490 5820 3677 5877 Greca
3726 5832 3757 5871 ³
