4058 6430
260 351 399 420 1669

268 543 1316 576 m1

1431 368 1604 430 VITA
1660 372 1722 432 S.
1768 370 2147 436 SYMEONIS
2191 374 2383 435 SAL].

1326 557 2838 589 Μ

1214 728 1851 846 EJUSDEM
1970 736 2550 855 LEONTII

1324 971 1687 1017 NIAPOLEOS
1732 973 2022 1020 CYPRORU
2033 977 2078 1019 δι
2135 976 2421 1025 EPISCOPI

729 1122 1009 1213 VITA
1083 1123 1177 1211 S.
1256 1124 1868 1217 SYMEONIS
1935 1131 2188 1223 SALI
2267 1136 3113 1240 CONFESSORIS.

254 1309 365 1399 (Ea:
395 1313 572 1368 codice
607 1310 889 1381 Vaticano,
925 1315 1135 1385 signato
1165 1332 1310 1370 num.
1347 1316 1474 1381 8l9,
1518 1319 1720 1374 collata
1747 1336 1866 1373 cum
1895 1337 1981 1389 ea,
2033 1342 2153 1395 qum
2191 1339 2271 1384 est
2326 1333 2468 1401 apud
2526 1335 2767 1405 Surium,
2794 1352 2797 1355 λ
2826 1351 2863 1395 t.
2924 1344 3013 1409 Ill,
3075 1362 3127 1417 ρ,
3173 1349 3225 1403 ι,
3280 1350 3504 1408 Eduine

1230 1412 1525 1481 Bonum,
1558 1417 1679 1471 Act.
1704 1414 1914 1486 Summ,
1939 1417 2079 1474 Julii
2104 1432 2146 1478 t.
2172 1422 2213 1490 l,
2247 1442 2302 1498 p.
2338 1429 2495 1499 156.)

1478 1725 1848 1784 PROLOGUS
1881 1731 2253 1793 AUCTORIS.

1848 1872 1912 1885 _

310 1958 383 2006 α’.
412 1950 476 2005 Οί
510 1950 569 2004 τὸ
590 1950 967 2005 διδασκαλικὸν
1016 1952 1152 2022 πρὸς
1184 1952 1445 2026 ἀλλήλους
1487 1956 1808 2019 σπεύδοντες

1982 1962 2032 2016 1.
2076 1962 2174 2029 Qui
2245 1966 2480 2025 docendi
2542 1974 2866 2031 auctoritate
2906 1979 3049 2048 apud
3112 1981 3248 2038 alios
3309 1988 3492 2046 valere

240 2042 598 2113 μεταδιώκειν
626 2043 867 2115 ἀξίωμα,
888 2044 1197 2114 ὀφείλουσιν
1223 2047 1288 2100 ὲκ
1324 2047 1418 2101 τοῦ
1452 2048 1661 2102 ἑαυτῶν
1696 2048 1810 2119 βίου

234 2134 337 2203 τὴν
362 2134 565 2203 ἑτέρων
587 2135 935 2190 διδασκαλίαν
962 2137 1353 2204 ὑποδεικνύειν,
1377 2139 1518 2194 κατά
1544 2141 1642 2212 τὴν
1662 2142 1814 2197 θείαν

236 2226 424 2294 φωνὴν
463 2226 560 2297 τὴν
615 2227 917 2295 λέγουσαν·
961 2246 979 2279 ι
1037 2228 1223 2294 Οὕτως
1261 2231 1532 2302 λαμψάτω
1586 2233 1647 2286 τὸ
1695 2235 1813 2304 φῶς

236 2318 393 2389 ὑμῶν
442 2318 752 2391 ἔμπροσθεν
789 2321 899 2374 τῶν
932 2322 1257 2394 ἀνθρώπων,
1293 2326 1445 2389 ὅπως
1479 2325 1628 2380 ἴδωσι
1660 2327 1815 2399 ὑμῶν

231 2411 303 2464 τὰ
336 2410 475 2466 καλά
500 2413 655 2483 ἔργα,
687 2414 783 2468 καὶ
814 2414 1111 2482 δοξάσωσιν
1136 2417 1225 2471 τὸν
1262 2418 1480 2490 Πατέρα
1509 2419 1685 2490 ὑμῶν,
1721 2421 1815 2476 τὸν

231 2504 295 2557 ἑν
322 2509 435 2568 τοῖς
484 2507 751 2573 οὐρανοῖς.
809 2526 827 2560 ι
864 2509 1077 2579 Μήπως
1140 2510 1360 2581 ἑτέρους
1414 2512 1685 2567 νουθετεῖν
1720 2515 1815 2569 καὶ

235 2596 604 2665 καταρτίζειν,
651 2597 747 2652 καὶ
791 2598 1005 2669 ὁδηγεῖν
1033 2599 1374 2666 σπεύδοντες,
1413 2604 1543 2673 πρὶν
1586 2605 1815 2670 ἑαυτοὺς

232 2684 542 2752 διδάξωσιν,
576 2690 672 2742 καὶ
707 2689 1090 2761 ὲκκαθάρωσιν
1117 2692 1201 2745 διὰ
1223 2692 1323 2762 τῆς
1356 2694 1461 2747 τῶν
1484 2696 1643 2750 θείων
1665 2698 1815 2750 ἐντο-

240 2779 349 2832 λῶν
372 2781 656 2849 ἐργασίας,
710 2781 945 2836 λάθωσιν
998 2784 1102 2854 πρὸ
1146 2784 1351 2839 τούτων
1381 2788 1578 2841 οἰκεῖον
1619 2790 1811 2859 νεκρὸν

236 2871 496 2936 κλαῦσαι,
542 2872 672 2943 περὶ
722 2875 811 2927 τὸν
841 2874 934 2928 τοῦ
999 2877 1189 2945 ἐτέρου
1245 2878 1656 2949 ὰσχοληθέντες,
1716 2882 1812 2936 καὶ

239 2963 505 3035 πληρωθῇ
536 2964 624 3016 ἐπ’
666 2964 846 3026 αὐτοῖς
873 2965 934 3018 τὸ
955 2965 1206 3035 ἀψευδὲς.
1243 2968 1334 3020 καὶ
1377 2969 1613 3039 ἁρμόζον
1634 2971 1817 3034 αὐτοῖς

238 3053 440 3123 λόγιον,
468 3056 529 3107 τὸ
549 3054 785 3123 φάσκονσ
822 3074 843 3107 ι
882 3051 1068 3120 Ὅστις
1098 3059 1173 3126 μὴ
1216 3060 1418 3131 ποιήσῃ
1460 3063 1554 3114 καὶ
1606 3061 1815 3134 διδάξῃ,

239 3140 395 3208 οὗτος
426 3146 707 3217 ἐλάχιστος
732 3147 1062 3219 κληθήσεται
1111 3150 1169 3201 ἐν
1194 3153 1260 3220 τῇ
1309 3149 1557 3224 βασιλείᾳ
1588 3153 1695 3207 τῶν
1721 3155 1811 3207 οὖν

243 3237 444 3308 ρανῶν.
486 3256 503 3289 ι
539 3237 647 3291 Καὶ
676 3238 873 3293 πάλιν·
914 3258 934 3291 ι
989 3240 1310 3311 Ὑποκριτα,
1346 3243 1570 3297 ἔκόαλλε
1601 3245 1817 3313 πρῶτον

238 3328 341 3401 τὴν
366 3330 521 3385 δοκὸν
540 3330 603 3385 ὲκ
631 3330 724 3385 τοῦ
756 3331 1033 3403 ὀφθαλμοῦ
1062 3351 1177 3396 σου,
1200 3336 1293 3388 καὶ
1322 3337 1441 3390 τότε
1472 3337 1813 3408 ὲμὸλέψεις,›
1851 3312 1894 3368 Β

240 3423 338 3477 καὶ
367 3423 436 3476 τά
456 3423 602 3495 ἑξῆς.
635 3424 727 3477 Διὸ
759 3426 854 3478 καὶ
890 3426 918 3477 ὁ
942 3426 1051 3478 τῶν
1076 3426 1334 3497 Πράξεων
1365 3429 1473 3481 τῶν
1510 3430 1822 3484 ἀποστόλων

243 3512 409 3583 σοφὸς
437 3517 785 3585 συγγραφεὺς
814 3517 943 3586 περὶ
988 3516 1082 3569 τοῦ
1134 3517 1371 3586 μεγάλου
1425 3521 1520 3572 καὶ
1563 3520 1820 3589 ἀληθινοῦ

240 3602 401 3674 ἡμῶν
425 3603 559 3658 Θεοῦ
592 3604 687 3658 καὶ
712 3604 1034 3660 διδασκάλου
1068 3607 1240 3673 οὕτως
1267 3610 1430 3681 φησίν
1450 3629 1463 3641 ·
1489 3606 1589 3665 Ὧν
1619 3613 1822 3684 ἤρξατο

240 3693 273 3747 ὁ
309 3694 517 3764 Ἰησοῦς
544 3698 715 3750 ποιεῖν
749 3713 807 3750 τε
846 3699 941 3751 καὶ⁵
991 3698 1285 3754 διδάσκειν.
1316 3721 1335 3754 ι
1371 3702 1541 3757 Τοῦτο
1584 3706 1693 3776 γάρ
1726 3705 1823 3760 καὶ

244 3784 458 3849 Παῦλος
489 3786 549 3838 τὸ
578 3787 721 3856 μέγα
753 3787 944 3854 σκεῦος
973 3790 1073 3859 τῆς
1104 3790 1455 3863 Ἑκκλησίας,
1487 3797 1820 3869 ἐπιπλῆττον

240 3879 356 3940 τοῖς
391 3878 706 3948 Ῥωμαίοις,
729 3880 968 3951 ἔγραφεν
988 3882 1161 3946 οὕτως
1188 3886 1360 3954 λέγων
1388 3905 1398 3916 ·
1438 3905 1456 3938 ι
1502 3884 1636 3943 Εἶτα
1683 3892 1710 3944 ό
1738 3891 1820 3944 δισ-

242 3969 461 4024 δάσκων
491 3971 698 4044 ἕτερον,
725 3974 949 4028 σεαυτὸν
983 3975 1044 4029 οὐ
1075 3976 1379 4047 διδάσκεις;
1414 3998 1432 4031 ι
1460 3981 1554 4033 καὶ
1582 3983 1648 4035 τὰ
1673 3982 1819 4053 ἑξῆς.

258 4062 410 4116 Ἐπεὶ
438 4058 531 4119 οὖν
557 4064 617 4129 ἐξ
644 4066 845 4119 οἰκείου
881 4067 998 4138 βίου
1029 4070 1403 4137 διδασκαλίας,
1441 4074 1534 4127 καὶ
1578 4074 1676 4145 τῆς
1698 4075 1819 4129 κατ’

246 4154 448 4226 ἀρετὴν
482 4157 743 4227 ἐργασίας
764 4160 948 4214 εἰκόνα
972 4161 1067 4215 καὶ
1105 4162 1276 4216 τύπον
1308 4163 1595 4235 προθεῖναι
1620 4167 1819 4221 ἀδυνα-

243 4244 468 4315 τοῦμεν,
492 4245 563 4300 τά
583 4246 731 4318 πάθη
759 4248 859 4319 τῆς
887 4250 1161 4321 ἁμαρτίας
1193 4253 1249 4305 ὲν
1290 4253 1502 4318 ἑαυτοῖς
1542 4255 1818 4326 πανταχοῦ

242 4338 656 4407 περιφέροντες.
693 4339 825 4410 φέρε
861 4342 963 4394 κᾶν
1010 4344 1075 4395 ὲκ
1134 4343 1231 4412 τῆς
1282 4345 1484 4413 ἐτέρων
1536 4347 1819 4417 ἐργασίας,

242 4426 469 4479 καὶτῶν
490 4427 668 4490 ἄλλοις
694 4429 1035 4501 πονηθέντων
1072 4432 1311 4503 ἱδρώτων
1336 4435 1542 4507 τροφὴν
1570 4436 1698 4507 ὑμῖν
1721 4440 1820 4509 σή-

245 4534 415 4589 μερον
449 4519 526 4590 μὴ
563 4519 966 4594 ἀπολλυμένην,
1017 4524 1132 4578 ἀλλ’
1182 4527 1482 4596 ὁδηγοῦσαν
1509 4533 1646 4602 πρὸς
1674 4531 1819 4603 ζωὴν

239 4610 460 4666 αἰώνιον
485 4610 585 4675 τὰς
623 4613 895 4684 ἡμετέρας
919 4614 1118 4686 ψυχὰς,
1158 4619 1601 4692 ἀνακαλύψομεν.

1918 2054 2176 2124 student,
2230 2073 2261 2113 e
2325 2062 2545 2131 propria
2604 2081 2701 2121 sua
2771 2069 2880 2124 vita
2936 2072 3139 2129 debent
3207 2081 3501 2137 ostendere

1918 2145 2242 2217 doctrinam,
2274 2167 2434 2222 quam
2465 2157 2601 2213 alios
2655 2159 2904 2227 doceant,
2932 2166 3088 2234 juxta
3116 2166 3313 2224 divinzt-
3350 2175 3502 2231 vocis

1918 2240 2199 2295 oraculum
2230 2259 2248 2298 :
2284 2266 2303 2298 ι
2344 2248 2434 2304 Sic
2474 2248 2655 2305 luceat
2695 2253 2783 2307 lux
2828 2266 3007 2312 vestra
3043 2276 3224 2318 coram
3261 2268 3501 2322 Immitti-

1918 2329 2041 2397 bus,
2086 2341 2148 2388 ut
2196 2336 2418 2393 videant
2455 2356 2617 2409 opera
2650 2353 2830 2399 vestra
2883 2347 3049 2415 bona,
3090 2363 3146 2406 et
3196 2356 3501 2425 glorificent

1919 2421 2134 2479 Patrem
2166 2438 2430 2495 vestrum,
2457 2432 2551 2501 qui
2586 2433 2637 2487 in
2666 2436 2818 2491 ccelis
2857 2447 2941 2491 est
2969 2438 3007 2494 ⁸.
3052 2459 3071 2491 ι
3109 2421 3336 2499 Nedum
3364 2449 3501 2504 alios

1919 2515 2070 2583 prius
2102 2533 2345 2585 monere,
2397 2520 2688 2588 instruere,
2734 2535 2789 2581 et
2841 2527 2897 2581 in
2945 2530 3088 2584 viam
3127 2533 3332 2590 ducere
3378 2546 3499 2592 stu-

1918 2605 2070 2670 dent,
2101 2625 2263 2677 quam
2294 2611 2393 2681 ipsi
2427 2628 2485 2667 se
2511 2614 2820 2685 docuerint,
2845 2628 2900 2674 et
2932 2628 3360 2693 expurgaverint
3403 2644 3501 2697 per

1918 2696 2228 2754 divinorum
2255 2703 2630 2760 mandatorum
2674 2709 3136 2778 observationem,
3182 2727 3309 2772 ante
3348 2696 3491 2774 obli-

1918 2789 2198 2846 viscantur
2233 2796 2511 2864 proprium
2537 2808 2811 2855 mortuum
2840 2802 2991 2867 ﬂere,
3026 2822 3187 2876 quam
3220 2811 3289 2865 de
3319 2813 3501 2867 alieno

1919 2881 2188 2951 laborent,
2224 2894 2281 2941 et
2307 2888 2361 2941 in
2396 2888 2499 2944 illis
2531 2890 2840 2961 impleatur,
2889 2913 3077 2953 verum
3117 2901 3241 2967 hoc,
3279 2912 3333 2957 et
3367 2905 3501 2975 ipsis

1919 2988 2220 3045 congruum
2248 2978 2547 3048 eloquium,
2574 2984 2717 3052 quod
2753 2986 2883 3040 dicit
2918 3008 2930 3042 :
2961 3009 2977 3040 ‹
3009 2990 3109 3056 Qui
3150 3009 3257 3047 non
3308 2994 3499 3052 fecerit

1919 3070 1975 3119 et
2002 3065 2267 3133 docuerit,
2305 3068 2393 3125 hic
2424 3070 2680 3128 minimus
2708 3078 2990 3132 vocabitur
3030 3080 3081 3133 in
3132 3098 3299 3154 regno
3336 3086 3503 3140 caelo-

1920 3173 2042 3212 rum
2069 3159 2111 3213 '.
2151 3178 2170 3212 ι
2193 3160 2260 3215 Et
2292 3162 2523 3230 iterum;
2558 3183 2577 3218 ι
2606 3166 2914 3238 Hypocrita,
2947 3172 3083 3241 ejice
3116 3175 3351 3244 primum
3390 3186 3501 3232 tra-

1920 3246 2042 3301 bem
2086 3264 2152 3303 ex
2180 3251 2337 3305 oculo
2377 3262 2491 3319 tuo,
2531 3264 2586 3310 et
2628 3265 2757 3313 tunc
2801 3260 3057 3331 inspicies
3089 3265 3132 3327 ³,
3171 3284 3189 3316 ι
3221 3276 3329 3321 etc.
3378 3268 3502 3323 Ideo

1925 3341 2141 3410 sapiens
2186 3358 2403 3413 quoque
2458 3348 2688 3403 Actuum
2742 3355 3107 3421 apostolorum
3164 3359 3401 3427 scriptor
3434 3362 3503 3414 de

1925 3446 2122 3503 magno
2150 3450 2214 3490 ac
2237 3452 2429 3492 verace
2476 3440 2586 3494 Deo
2614 3452 2803 3498 nostro
2832 3454 2888 3500 et
2929 3449 3187 3518 magistro
3218 3451 3296 3505 sic
3326 3453 3505 3521 loqui-

1923 3532 2051 3579 tur:
2092 3546 2111 3580 ι
2150 3527 2281 3593 Qua:
2318 3531 2484 3601 carpit
2514 3532 2673 3590 Jesus
2718 3535 2900 3593 facere
2936 3549 2991 3595 et
3018 3541 3217 3597 docere
3245 3544 3286 3597 ⁸.
3327 3564 3345 3596 ι
3382 3544 3496 3600 lloc

1924 3617 2071 3672 enim
2119 3628 2174 3675 et
2211 3619 2430 3686 Paulus,
2471 3641 2727 3696 magnum
2778 3628 3035 3687 Ecclesiae
3060 3649 3179 3700 vas,
3223 3635 3500 3691 Ronuanos

1925 3708 2234 3781 increpans,
2279 3716 2517 3785 scripsit,
2578 3718 2659 3775 sic
2701 3720 2933 3777 dicens:
2970 3743 2989 3775 ι
3027 3723 3143 3788 Tu,
3192 3728 3282 3796 qui
3331 3730 3497 3783 alium

1922 3798 2106 3867 doces,
2139 3810 2191 3857 te
2228 3803 2403 3873 ipsum
2443 3823 2550 3862 non
2591 3808 2796 3864 doces?
2828 3829 2847 3862 ι
2884 3822 2989 3870 etc.
3012 3813 3279 3880 Quoniam
3312 3833 3442 3888 ergo
3469 3834 3501 3872 e

1922 3890 2032 3945 vita
2061 3902 2266 3961 nostra,
2291 3896 2553 3952 doctrina:
2581 3908 2635 3953 et
2665 3902 3021 3970 Operationis,
3039 3922 3163 3974 quae
3189 3910 3495 3963 secundum

1921 3981 2181 4038 virtutem
2226 3995 2330 4054 est,
2372 3988 2659 4060 imaginem
2700 4000 2756 4046 et
2789 3992 3013 4063 ﬁguram
3055 4011 3361 4068 proponere
3388 4014 3496 4052 non

1922 4088 2232 4143 possumus,
2258 4078 2462 4145 peccati
2495 4079 2812 4137 affectiones
2842 4085 3045 4154 uhiquc
3096 4087 3151 4140 in
3196 4088 3352 4142 nobis
3390 4088 3501 4142 cir-

1920 4166 2320 4234 cumferentes;
2354 4185 2474 4239 age,
2510 4171 2595 4225 vel
2620 4188 2683 4225 ex
2710 4172 2940 4228 aliorum
2973 4178 3313 4245 Operatione,
3354 4188 3409 4234 et
3434 4194 3498 4233 ex

1921 4257 2234 4321 sudoribus,
2259 4260 2350 4329 qui
2386 4262 2454 4316 ah
2493 4263 2614 4318 aliis
2662 4265 2919 4320 exantlati
2966 4277 3113 4332 sunt,
3147 4269 3491 4336 alimentum,

1920 4350 2067 4419 quod
2102 4352 2256 4407 vobis
2302 4353 2462 4408 hodie
2505 4370 2615 4409 non
2665 4366 2873 4426 pereat,
2915 4359 3009 4413 sed
3041 4360 3253 4417 animas
3283 4373 3501 4418 nostras

1920 4442 2155 4499 adducat
2182 4442 2237 4497 in
2262 4443 2427 4499 vitam
2454 4454 2740 4515 aeternam,
2762 4448 3146 4506 revelahimus.

316 4699 381 4773 β’.
414 4703 611 4773 Ἀρτος
644 4676 757 4773 ’μὲν
793 4676 903 4777 γάρ
930 4676 1197 4778 τὺῂσῶμα
1250 4676 1498 4782 στηρίξεί
1528 4730 1541 4743 ο
1572 4713 1728 4783 λόγος
1758 4715 1815 4771 δὲ

1942 4700 1957 4707 ”
1990 4713 2046 4770 2.
2084 4713 2218 4770 Nam
2246 4714 2404 4786 panis
2428 4715 2649 4787 quidem
2697 4717 2987 4775 conﬁrmat
3030 4733 3249 4790 corpus,
3280 4719 3498 4776 divinus

240 4792 379 4846 θεοῦ
418 4797 515 4867 τὴν
560 4794 738 4868 ψυχὴν
769 4798 905 4868 πρὸς
943 4800 1143 4871 ἀρετὴν
1195 4801 1501 4869 σπδυδαίως
1532 4806 1814 4878 διεγείρει,

241 4889 339 4941 καὶ
370 4886 607 4957 μάλιστα
653 4889 762 4943 τῶν
808 4890 1195 4963 ῥᾳθυμοτέρων
1252 4895 1384 4966 περὶ
1430 4896 1529 4967 τὴν
1556 4899 1819 4967 ἐργασίαν

241 4977 353 5032 τῶν
409 4979 568 5033 θείων
621 4981 1096 5052 παραγγελμάτων
1152 4985 1370 5055 ἀμελῶς
1423 4988 1815 5058 διακειμένων·

243 5073 357 5135 τοῖς
397 5071 494 5140 μὲν
524 5072 633 5141 γάρ
663 5073 971 5138 σπουδαίοις
1012 5076 1107 5129 καὶ
1140 5080 1208 5148 τῇ
1247 5078 1457 5150 διανοίᾳ
1500 5082 1635 5151 πρὸς
1687 5082 1819 5137 Θεὸν
1862 5113 1873 5130 .

246 5160 644 5234 ἀνακειμένοις,
674 5166 833 5237 ἱκανὴ
859 5170 951 5221 καὶ
981 5170 1013 5238 ἡ
1064 5172 1368 5243 συνείδησις
1405 5174 1541 5244 πρὸς
1563 5174 1821 5229 διδασκα-

246 5255 367 5318 λίας
392 5255 669 5318 ὑπόθεσιν,
689 5257 869 5311 πάντα
889 5261 957 5313 τὰ
993 5260 1176 5328 ἀγαθὰ
1211 5264 1673 5333 συμϐουλεύουσα,
1726 5269 1820 5322 καὶ

250 5350 465 5402 πάντων
492 5348 599 5401 τῶν
625 5348 877 5420 πονηρῶν
899 5352 1336 5424 ἀποστρέφουσα.
1364 5358 1487 5421 Τοῖς
1507 5359 1563 5411 δὲ
1592 5359 1672 5413 ἔτι
1694 5361 1818 5413 τού-

247 5454 357 5493 των
389 5440 792 5511 ταπεινοτέροις
830 5442 987 5512 χρεία
1016 5446 1164 5499 ἐστὶν
1191 5446 1288 5517 τῆς
1323 5446 1417 5500 τοῦ
1452 5452 1697 5518 γραπτοῦ
1730 5455 1817 5505 νό-

252 5547 356 5602 μου
390 5530 761 5604 παραγγελίας
791 5532 885 5586 καὶ
908 5532 1237 5601 ὑποθέσεως.
1263 5538 1325 5592 Εἰ
1357 5539 1414 5594 δέ
1434 5557 1517 5603 τις
1550 5541 1639 5594 τὸν
1666 5545 1816 5615 πρῶ·

249 5638 343 5678 τον
379 5626 468 5678 καὶ
494 5626 584 5679 τὸν
611 5623 863 5696 δεύτερον
885 5627 1084 5696 τρόπον
1112 5629 1209 5700 τῆς
1244 5631 1378 5701 πρὸς
1399 5634 1608 5705 ἀρετὴν
1623 5636 1815 5706 φερού-

1921 4815 2105 4862 autem
2139 4823 2321 4863 sermo
2351 4810 2585 4865 animam
2622 4810 2825 4865 excitat
2845 4811 2911 4865 ad
2944 4810 3220 4877 virtutem,
3263 4814 3498 4868 maxime

1920 4915 2132 4966 eorum,
2189 4901 2283 4971 qui
2339 4902 2760 4973 negligentiores
2798 4913 2946 4966 sunt,
2992 4913 3048 4957 et
3094 4902 3150 4957 in
3189 4903 3494 4958 divinorum

1920 4994 2301 5049 mandatorum
2362 4996 2765 5050 exsecutionem
2832 4996 3074 5066 segniter
3150 4997 3492 5052 incumbunt.

1919 5086 2053 5141 Nam
2082 5086 2429 5159 diligentibus
2457 5098 2512 5143 et
2539 5088 2867 5159 cogitatione
2924 5089 3036 5143 Deo
3074 5089 3493 5155 inhaerentibus,

1917 5178 2118 5234 suilicit
2148 5180 2500 5244 conscientia,
2535 5179 2601 5234 ad
2643 5180 2905 5235 doctrinae
2945 5181 3357 5236 fundamentum
3404 5182 3492 5251 ja—

1916 5269 2191 5333 ciendum,
2238 5285 2358 5338 qua:
2390 5269 2569 5324 omnia
2600 5270 2741 5324 bona
2783 5271 3059 5336 conciliat,
3110 5281 3165 5326 ct
3194 5271 3392 5326 avertit
3420 5272 3489 5326 ah

1916 5364 2170 5417 omnibus
2200 5362 2375 5416 malis.
2433 5362 2539 5417 Sed
2584 5362 2682 5426 illi,
2733 5363 2825 5432 qui
2891 5364 3039 5418 hisce
3079 5363 3299 5417 viliores
3340 5371 3488 5423 sunt,

1918 5455 2163 5525 indigent
2193 5455 2326 5525 legis
2369 5455 2582 5524 scriptae
2625 5454 3012 5519 declaratione,
3048 5463 3099 5509 et
3142 5464 3485 5524 argumento.

1922 5546 1977 5603 Si
2001 5562 2130 5602 vero
2160 5547 2353 5616 aliquis
2383 5546 2617 5616 primum
2647 5554 2702 5602 et
2746 5545 3046 5600 secundum
3094 5543 3316 5599 modum
3364 5544 3483 5603 vim.

1921 5654 2043 5708 qua:
2063 5639 2212 5695 ducit
2239 5639 2304 5694 ad
2332 5639 2607 5706 virtutem,
2650 5635 2912 5707 repulerit
2930 5677 2944 5705 ,
2978 5652 3203 5693 necesse
3230 5645 3313 5692 est
3342 5636 3489 5691 hunc

328 5799 345 5830 '
374 5799 565 5856 Matth.
608 5818 660 5869 v,
712 5801 799 5858 l6.
878 5805 899 5837 ²
937 5803 1071 5861 ibid.
1096 5805 1181 5863 l9.
1255 5808 1276 5841 ³
1314 5809 1502 5869 Matth.
1534 5828 1630 5880 vn,
1663 5812 1716 5868 5.
1759 5814 1779 5845 ⁸
1820 5814 1936 5869 Act.
1967 5813 2080 5883 1,1.
