4058 6404
594 384 732 452 1671

1626 384 1938 448 LEONTII
1978 382 2490 447 NEAPOLITANI
2519 382 2859 445 EPISCOPI

3742 380 3870 445 1672

596 514 663 552 ex
693 495 874 552 studio
923 495 1088 551 etiam
1119 495 1348 550 aliorum
1379 504 1435 550 et
1474 511 1629 561 cura,
1662 512 1785 565 qua;
1816 511 1911 566 per
1935 496 2182 550 auditum

2290 511 2391 564 σης
2433 494 2555 549 ὁδοῦ
2603 493 3006 565 διακρούσεται,
3045 492 3260 565 ἀνάγκη
3306 492 3499 546 τοῦτον
3549 493 3650 546 κᾶν
3684 494 3749 547 ὲκ
3776 493 3871 559 τῆς

598 599 654 644 et
682 588 1050 643 narrationem
1084 588 1149 642 ad
1192 587 1369 658 ipsum
1399 588 1705 653 devenerit,
1749 589 1935 643 divino
1967 588 2184 642 deside-

598 680 681 734 rio
714 681 960 745 excitari,
1012 695 1263 735 somnum
1304 680 1500 735 anima:
1542 697 1574 734 ιι
1616 695 1676 734 se
1731 680 1849 749 ipso
1891 688 2181 744 excutere,

598 784 828 844 angusta
861 774 1092 843 tritaque
1119 775 1202 829 via
1250 774 1523 837 incedere.
1553 783 1611 830 et
1644 774 1810 829 vitam
1840 784 2101 831 aeternam
2128 774 2182 827 iu

600 877 877 937 posterum
910 867 1200 935 auspicari.
1250 866 1468 921 Etenim
1514 882 1685 935 penes
1737 881 1837 921 nos
1876 874 1980 930 est,
2019 874 2074 919 et
2130 865 2183 918 in

600 968 787 1014 nostra
862 959 1098 1028 positum
1166 967 1458 1028 potestate,
1522 958 1795 1013 desiderio
1853 957 2182 1021 futurorum,

600 1050 910 1120 praesentia,
970 1059 1226 1119 tanquam
1279 1050 1744 1119 pertranseuutia.
1793 1057 2184 1113 contemnere;

598 1151 695 1197 aut
746 1152 937 1197 contra
1004 1142 1281 1197 desiderio
1334 1151 1391 1196 et
1444 1142 1745 1210 cupiditate
1800 1143 2184 1210 praesentium,

599 1235 765 1289 bonis
820 1252 1101 1305 nunquam
1160 1235 1518 1289 terminandis
1561 1235 1832 1289 frustrari.
1886 1234 1950 1288 Et
1996 1252 2186 1289 verum

596 1342 718 1383 esse
754 1327 827 1393 id,
870 1328 1015 1398 quod
1045 1328 1249 1382 dictum
1306 1337 1411 1387 est,
1458 1327 1798 1381 convincunt
1832 1343 1935 1383 nos
1965 1327 2184 1396 quidem

598 1433 792 1472 omnes
822 1418 1092 1483 homines,
1123 1418 1266 1487 quia
1295 1420 1493 1471 smculo
1523 1427 1671 1482 sunt,
1708 1418 1799 1488 qui
1837 1419 1948 1473 Deo
1971 1419 2188 1488 placere

599 1510 952 1573 studuerunt,
998 1509 1211 1564 tametsi
1264 1509 1508 1578 ejusdem
1542 1510 1855 1575 ,nobiscum
1901 1519 2187 1565 consortes

603 1611 790 1656 essent
809 1612 1018 1656 natura:
1042 1618 1057 1668 ;
1091 1602 1325 1656 maxime
1349 1618 1475 1655 vero
1502 1604 1594 1671 qui
1620 1602 1672 1655 iu
1696 1611 1857 1656 actate
1881 1611 2066 1656 nostra
2086 1602 2184 1672 (l),

597 1691 888 1746 luminaria
921 1701 1311 1763 apparuerunt.
1350 1692 1595 1757 Quorum
1639 1707 1781 1745 unus
1828 1692 1919 1746 hic
1964 1691 2187 1761 sapien-

599 1785 843 1840 tissimus
868 1786 1102 1856 Symeon
1129 1784 1338 1838 exstitit
1373 1785 1471 1853 (Ξ),
1496 1785 1791 1838 multorum
1844 1799 1952 1853 prm
2002 1784 2188 1837 multis

598 1877 989 1932 venerabilior.
1039 1876 1115 1930 Eo
1144 1876 1291 1944 quod
1330 1874 1398 1928 ad
1444 1885 1651 1930 tantum
1697 1875 1950 1945 puritatis
1988 1884 2041 1929 et
2080 1876 2183 1929 itu-

598 1968 976 2038 passibilitatis
1009 1967 1283 2037 fastigium
1330 1967 1668 2029 conscendit,
1703 1974 1761 2019 ut
1797 1982 1896 2035 per
1933 1981 2018 2030 ea,
2062 1981 2184 2035 qua“:

605 2060 662 2113 in
702 2060 786 2113 via
822 2060 1038 2115 virtutis
1062 2060 1318 2114 videntur
1343 2058 1539 2112 aﬂ'erre
1572 2058 1867 2127 piaculum,
1897 2059 2180 2123 damnum,

598 2167 665 2207 ac
694 2151 1145 2220 impedimentum
1183 2152 1310 2215 illis,
1363 2152 1454 2219 qui
1486 2150 1665 2219 pravis
1710 2149 2098 2205 affectionibus
2131 2160 2186 2205 et

598 2242 750 2297 carni
812 2241 1151 2296 astrictiores
1211 2250 1362 2305 sunt,
1406 2258 1503 2311 per
1556 2258 1639 2305 ea,
1675 2241 1919 2312 inquam,
1965 2242 2187 2313 purissi-

598 2346 723 2385 mus
750 2332 821 2385 illi
855 2331 1133 2401 Simeyon,
1165 2332 1308 2387 sicut
1338 2332 1649 2403 margarita,
1682 2334 1964 2404 impollute
2000 2344 2183 2389 trans~

599 2423 744 2478 ierit.
790 2424 1009 2495 Loquor
1053 2442 1184 2482 sane
1226 2427 1294 2481 de
1339 2427 1769 2482 connnoratioue
1808 2430 1928 2499 ejus
1956 2429 2014 2484 in
2048 2429 2185 2484 civi-

599 2527 731 2581 tate,
779 2518 1071 2573 mulierum
1118 2519 1501 2586 conversione,
1551 2530 1606 2575 et
1651 2522 1858 2591 reliqua
1905 2523 2028 2577 vita:
2062 2524 2184 2592 ejus

598 2604 792 2659 fraude
815 2622 829 2670 ;
857 2606 1123 2661 festinans
1151 2623 1276 2662 vere
1295 2610 1608 2673 ostendere,
1630 2611 2105 2679 desidiosioribus,
2131 2622 2187 2668 et

600 2696 976 2768 impotentiam
1022 2699 1376 2755 causantibus
1439 2701 1507 2755 ad
1558 2702 1724 2756 vitam
1792 2718 1915 2757 cum
1983 2704 2186 2759 virtute

603 2790 1034 2860 trausigendam,
1072 2791 1303 2861 praeberi
1336 2810 1365 2845 a
1397 2793 1509 2848 Deo
1538 2795 1700 2859 vires,
1736 2796 1951 2850 sincere
1978 2812 2041 2850 ex
2069 2804 2184 2851 tota

600 2882 782 2936 anima
825 2880 928 2953 ipsi
976 2882 1456 2952 ministrantibus,
1528 2896 1721 2940 contra
1785 2887 2008 2958 Spiritus
2070 2902 2186 2942 ma-

602 2974 759 3031 litize.

672 3156 726 3210 5.
768 3153 919 3227 Rogo
945 3165 1129 3212 autem
1161 3172 1377 3222 omnes,
1423 3158 1516 3228 qui
1556 3158 1624 3214 de
1665 3159 1923 3231 angelica!
1956 3177 2186 3218 conver-

599 3246 831 3302 sationis
855 3248 995 3317 eius,
1021 3265 1144 3318 qua:
1176 3266 1289 3320 pra:
1327 3251 1581 3306 manibus
1612 3263 1714 3319 est,
1738 3254 2054 3309 narratione
2085 3271 2186 3309 au-

599 3337 758 3392 diunt
789 3339 874 3392 vel
920 3338 1128 3409 legunt,
1154 3349 1215 3394 ut
1254 3356 1379 3393 cum
1412 3340 1609 3396 timore
1655 3341 1869 3396 Domini
1907 3345 2188 3399 attendant

601 3429 689 3495 iis,
722 3446 843 3499 qua:
865 3430 1149 3495 dicuntur,
1181 3441 1237 3486 et
1257 3447 1470 3499 verace,
1498 3449 1621 3502 quae
1642 3432 1980 3490 Christianos
2006 3437 2183 3499 decet.

598 3514 765 3590 atque
798 3522 1128 3578 inconcussa
1176 3524 1300 3579 lidc.
1348 3523 1612 3579 Novimus
1642 3526 1787 3580 enim
1831 3524 2096 3591 futurum,
2129 3537 2188 3582 ut

603 3611 695 3678 iis,
718 3612 810 3682 qui
837 3614 1073 3667 amentia
1109 3621 1166 3668 et
1194 3624 1514 3685 contemptu
1543 3616 1812 3681 laborant,
1842 3616 2184 3672 incredibilia

601 3702 884 3757 videamur
914 3704 1120 3771 dicere,
1150 3714 1205 3759 et
1231 3706 1345 3761 risu
1386 3706 1567 3778 digna.
1599 3706 1653 3762 Si
1686 3722 1819 3781 vero
1859 3709 2188 3764 audiverunt

597 3793 877 3849 dicentem
908 3811 923 3847 :
968 3813 987 3847 ι
1029 3794 1132 3861 Qui
1168 3796 1286 3851 vult
1321 3799 1541 3867 sapiens
1584 3814 1707 3852 esse
1751 3799 1805 3853 in
1835 3799 1939 3854 hoc
1965 3800 2183 3865 saeculo,

595 3885 802 3941 stultus
849 3884 964 3951 ﬁat,
1018 3896 1078 3941 ut
1118 3888 1191 3941 sit
1238 3888 1458 3957 sapiens
1490 3890 1531 3942 '.
1572 3908 1594 3940 ι
1622 3889 1687 3943 Et
1731 3890 1964 3944 iterum:
2001 3910 2021 3942 ι
2078 3891 2186 3946 Nos

595 3977 750 4031 stulti
828 3986 1054 4046 propter
1106 3977 1387 4033 Christum
1416 3980 1462 4033 ⁸.
1517 3999 1535 4031 ι
1588 3978 1655 4035 Et
1714 3981 1960 4036 iterum:
1994 4002 2013 4034 ι
2048 3981 2183 4048 Quia

593 4068 747 4138 quod
781 4067 1007 4122 stultum
1040 4078 1126 4123 est
1160 4069 1276 4137 Dei,
1309 4070 1607 4142 sapientius
1629 4081 1713 4129 est
1750 4074 2062 4130 hominibus
2090 4076 2134 4140 ’ς
2161 4095 2179 4127 ι

598 4174 712 4213 non
741 4160 907 4213 rebus
927 4159 996 4214 ab
1024 4158 1118 4215 illo
1142 4176 1272 4215 vero
1306 4163 1483 4233 pugile
1524 4164 1719 4234 gestis,
1766 4176 2020 4235 tanquam
2051 4169 2178 4222 ridi-

586 4250 755 4312 culis.
778 4251 1065 4306 attendant
1087 4269 1102 4319 ;
1128 4253 1223 4307 sed
1256 4254 1438 4324 potius
1458 4265 1516 4310 et
1542 4255 1662 4325 plus
1701 4257 1985 4319 mirentur,
2022 4275 2184 4328 quam

593 4358 715 4408 eos,
751 4344 843 4413 qui
889 4344 946 4397 in
990 4353 1312 4399 ceterarum
1359 4346 1624 4401 virtutum
1671 4349 1943 4404 curricqu
1984 4353 2181 4407 versati

2285 588 2392 641 τῶν
2422 588 2598 642 ἄλλων
2651 586 2887 649 σπουδῆς
2944 587 3040 639 καὶ
3094 587 3376 655 φροντίδος
3402 628 3418 650 ,
3484 586 3585 650 τῆς
3630 603 3690 638 τε
3752 584 3869 638 κατ’

2285 680 2596 752 ὀφθαλμοὺς
2645 678 2839 742 αὑτοῦ,
2870 679 2971 747 τῆς
3026 695 3086 730 τε
3114 677 3181 730 δι’
3209 677 3382 745 ἀκοῆς
3440 677 3535 729 καὶ
3566 676 3869 745 διηγήσεως

2287 771 2425 842 πρὸς
2447 770 2610 825 αὐτὸν
2639 768 3013 837 καταντώσης,
3043 768 3194 839 πόθῳ
3221 767 3349 837 θείῳ
3378 766 3754 835 διεγερθῆναι,
3784 765 3867 817 καὶ

2285 864 2378 917 τὸν
2409 863 2504 931 τῆς
2526 862 2708 932 ψυχῆς
2749 861 2919 914 ὕπνον
2946 862 3003 926 ἐξ
3051 858 3248 913 ἑαυτοῦ
3290 855 3742 921 ἁποτινάξασθαι,
3778 853 3866 906 καὶ

2286 951 2385 1022 τὴν
2411 952 2606 1019 πενὴν
2628 968 2724 1004 κα.
2770 949 3143 1018 τεθλιμμένην
3191 947 3401 1000 ὁδεῦσαι
3436 947 3578 1006 ὁδὸν,
3632 946 3725 997 καὶ
3769 939 3864 1013 τῆς

2286 1042 2507 1097 αἰωνίου
2533 1043 2718 1095 λοιπὸν
2738 1040 3091 1113 ἀπάρξασθαι
3122 1039 3289 1108 ζωῆς.
3329 1039 3440 1092 Καὶ
3474 1039 3586 1107 γὰρ
3618 1037 3703 1103 ἐφ’
3740 1036 3863 1105 ἡμῖν

2288 1135 2459 1197 ἐστιν,
2491 1132 2582 1186 καὶ
2610 1135 2669 1187 ὲν
2698 1136 2765 1205 τῇ
2797 1132 3047 1203 ἡμετέρᾳ
3071 1129 3290 1205 ἐξουσίᾳ
3330 1132 3509 1182 κεῖται
3536 1169 3552 1190 ,
3593 1126 3673 1196 τῷ
3724 1126 3863 1195 πόθῳ

2288 1228 2396 1280 τῶν
2453 1227 2774 1296 μελλόντων,
2826 1224 2935 1277 τῶν
2993 1223 3275 1291 παρόντων
3312 1222 3385 1283 ὡς
3440 1237 3711 1290 παρερχοε
3739 1220 3862 1272 ἐνων

2289 1319 2723 1390 καταφρονῆσαι,
2746 1319 2777 1390 ἣ
2817 1318 2980 1372 πάλιν
3006 1316 3157 1384 πόθῳ
3184 1316 3277 1368 καὶ⁵
3310 1314 3585 1384 ἐπιθυμίᾳ
3607 1306 3717 1364 τῶν
3741 1330 3864 1382 παρ-

2286 1417 2480 1477 όντων,
2507 1414 2616 1465 τὼν
2646 1412 2967 1483 ἀπεράντων
3006 1408 3227 1478 ἀγαθῶν
3278 1409 3578 1476 ἀποτυχεῖν
3602 1422 3613 1433 ’
3672 1406 3763 1457 καὶ
3788 1406 3860 1457 ὅτι

2290 1509 2486 1580 ἀληθὲς
2506 1509 2565 1562 τὸ
2594 1508 2925 1578 λεγόμενον,
2959 1504 3274 1574 ἐλέγχουσιν
3302 1503 3449 1573 ἡμᾶς
3467 1543 3481 1561 ,
3523 1501 3730 1562 πάντες
3773 1500 3863 1567 μὲν

2288 1605 2337 1655 οί
2368 1602 2459 1655 ἀπ’
2490 1602 2682 1664 αἰῶνος
2713 1600 3013 1670 ἄνθρωποι,
3042 1600 3089 1652 οί
3129 1597 3205 1668 τῷ
3244 1596 3363 1664 Θεῴ
3404 1595 3865 1663 εὐαρεστησαντες

2289 1695 2387 1763 τῆς
2410 1694 2686 1765 ἡμετέρας
2715 1693 2811 1746 καὶ
2841 1691 2997 1745 αὐτοὶ
3042 1689 3258 1759 φύσεως
3304 1687 3668 1757 ὑπάρχοντες,
3715 1682 3863 1752 μάλι-

2294 1805 2390 1840 στα
2411 1787 2465 1840 δὲ
2487 1788 2535 1839 οἱ
2561 1787 2618 1839 ὲν
2655 1788 2719 1856 τῇ
2744 1786 2993 1858 ἡμετέρᾳ
3026 1784 3187 1853 γενεᾷ
3220 1784 3504 1851 φωστῆρες
3528 1778 3864 1845 ἁναδειχθένο

2287 1898 2407 1945 τες⁶
2440 1864 2623 1943 ὧνέἷς
2648 1880 2743 1933 καὶ⁸
2762 1873 2919 1942 οὗτος
2947 1880 2975 1932 ὁ
3010 1878 3288 1945 πάνσοφος
3328 1874 3560 1943 Συμεὼν
3605 1871 3868 1937 καθέττῃ-

2288 1992 2404 2037 κεν,
2438 1974 2530 2026 καὶ
2567 1971 2701 2024 πολύ
2731 1989 2797 2038 γε
2847 1972 2956 2023 τῶν
3006 1968 3218 2022 πολλῶν
3260 1965 3709 2036 αἱδεσιμώτερος,
3737 1964 3863 2015 διότι

2286 2066 2369 2128 είς
2409 2064 2662 2117 τοσοῦτον
2714 2061 3110 2132 καθαρότητος,
3170 2060 3265 2112 καὶ
3293 2057 3566 2120 ἀπαθείας
3613 2055 3744 2123 Mp0;
3778 2056 3867 2107 ἀν-

2285 2158 2544 2230 έδραμεν,
2580 2156 2718 2209 ὥστε
2750 2156 2837 2209 διὰ
2877 2153 2986 2207 τῶν
3034 2152 3340 2207 δοκούντων
3372 2153 3489 2213 τοῖς
3527 2148 3867 2219 ἐμπαθεστέο

2287 2267 2403 2322 ροις
2447 2250 2541 2302 καὶ
2570 2247 3044 2317 σαρκωδεστέροις
3100 2243 3374 2314 μολυσμὸν
3401 2243 3498 2296 καὶ¹
3546 2241 3750 2312 βλάϐην
3776 2241 3868 2292 καὶ

2284 2333 2540 2404 ἐμπόδιον
2566 2333 2664 2386 τοῦ
2692 2333 2827 2405 πρὸς
2854 2334 3056 2404 ἀρετὴν
3089 2333 3206 2403 βίου
3244 2332 3432 2394 αὐτοῖς
3460 2333 3731 2402 ἐμποιεῖν,
3782 2329 3866 2381 Eii

2282 2425 2490 2479 τούτων
2524 2420 2679 2490 οὗτος
2713 2428 2741 2479 ό
2794 2423 3219 2497 καθαρώτατος,
3274 2422 3465 2493 ὥσπερ
3517 2420 3865 2492 μαργαρίτης

2284 2518 2371 2571 διά
2397 2518 2662 2591 βορϐόρου
2693 2518 3009 2589 ἀμολύντως
3048 2515 3325 2570 διώδευσε.
3354 2518 3516 2583 Λέγω
3562 2515 3650 2567 διὰ
3674 2513 3775 2582 τῆς
3808 2514 3861 2563 ἐν

2284 2611 2439 2663 πόλει
2459 2610 2764 2682 διατριϐῆς,
2794 2613 2889 2664 καὶ
2922 2611 3024 2679 τῆς
3049 2609 3158 2663 τῶν
3194 2609 3472 2677 γυναικῶν
3498 2606 3860 2675 ἀναστροφῆς,

2287 2703 2499 2773 καὶτῆς
2526 2702 2715 2772 λοιπῆς
2742 2702 2858 2773 βίου
2892 2702 3132 2771 ἀπάτης,
3168 2702 3342 2769 δεῖξαι
3382 2703 3626 2759 σπεύσας
3651 2700 3861 2765 ἀληθῶς

2279 2796 2397 2859 τοῖς
2427 2792 2822 2865 ῥᾳθυμοτέρως
2877 2793 2974 2847 καὶ⁵
3019 2792 3516 2864 προφασιζομένοις
3563 2789 3860 2858 ἀδυναμίαν

2286 2885 2421 2957 πρὸς
2460 2885 2553 2938 τὸν
2585 2885 2705 2939 κατ’
2739 2884 2943 2956 ἀρετὴν
2968 2884 3102 2955 βίον,
3146 2888 3244 2955 τὴν
3277 2887 3343 2936 ὲκ
3376 2882 3514 2936 Θεοῦ
3552 2882 3861 2952 παμχομέ-

2286 2993 2386 3047 νην
2421 2974 2647 3045 δύναμιν
2677 2978 2791 3039 τοῖς
2845 2975 3086 3048 γνησίως
3108 2976 3174 3028 ἐκ
3222 2975 3405 3045 ψυχῆς
3449 2974 3671 3043 ἀπάσης
3720 2970 3861 3041 αὐτῷ

2211 3092 2256 3154 C
2287 3065 2695 3139 λειτουργοῦσιν
2723 3108 2738 3133 ,
2767 3069 2906 3121 κατά
2929 3066 3038 3121 τῶν
3065 3066 3390 3137 πνευμάτων
3418 3066 3518 3133 τῆς
3552 3065 3834 3135 πονηρίας.

2358 3164 2425 3228 γ.
2465 3159 2612 3212 Αίτῶ
2645 3159 2700 3212 δὲ
2722 3160 2951 3221 πάντας,
2999 3159 3128 3220 τοὺς
3178 3157 3277 3226 τῆς
3330 3156 3705 3226 προκειμένης
3737 3156 3863 3225 ημῖν

2286 3251 2417 3320 περὶ⁴
2468 3249 2570 3320 τῆς
2618 3249 2917 3321 ἀγγελικῆς
2972 3247 3142 3302 αὑτοῦ
3215 3248 3494 3310 πολιτείας
3562 3248 3865 3317 διηγήσεως

2286 3342 2670 3412 ἀκροωμένους
2707 3342 2741 3412 ἢ
2770 3342 3213 3411 ἐντυγχάνοντας,
3249 3342 3388 3411 μετά
3431 3341 3602 3409 φόὸου
3629 3342 3727 3395 τοῦ
3759 3345 3866 3396 Ku-

2289 3434 2404 3505 ρίου
2428 3436 2541 3495 τοῖς
2570 3433 2880 3503 λεγομένοις
2914 3434 3227 3505 προσέχειν,
3258 3436 3352 3488 καὶ
3396 3434 3499 3503 τῆς
3547 3435 3864 3505 πρεπούσης

2287 3522 2547 3593 ἀληθινῆς
2578 3524 2621 3575 Χ
2631 3527 2924 3593 ριστιανοῖς
2958 3524 3192 3587 πίστεως
3219 3524 3608 3615 ἀδιρστάκτου.
3632 3526 3867 3593 Οἴδαμεν

2286 3617 2394 3686 γὰρ
2420 3617 2502 3669 ὅτι
2520 3619 2631 3680 τοῖς
2662 3618 3080 3689 ἀφρονεστέροις
3100 3620 3194 3671 καὶ
3224 3623 3671 3690 καταφρονηταῖς
3689 3661 3706 3686 ,
3738 3622 3868 3674 ἀπι-

2288 3726 2386 3763 στα
2410 3708 2633 3780 δόξομεν
2654 3712 2748 3763 καὶ
2767 3704 2965 3778 λέγειν,
2988 3714 3083 3764 καὶ
3114 3711 3339 3780 γελοίων
3363 3713 3507 3777 ἀξια.
3539 3714 3603 3765 Εἰ
3632 3713 3691 3767 δὲ
3713 3714 3868 3783 ἤκουε

2288 3819 2386 3855 σαν
2414 3801 2508 3856 τοῦ
2566 3804 2843 3867 εἰπόντος’
2900 3822 2921 3855 ι
2980 3805 3038 3857 ’0
3095 3804 3264 3858 θέλων
3317 3806 3479 3874 σοφὸς
3519 3801 3665 3859 εἶναι
3709 3805 3865 3875 ὲντῷ

2286 3894 2443 3948 αἰῶνι
2479 3894 2673 3966 τούτῳ,
2709 3895 2891 3966 μωρὸς
2919 3895 3191 3965 γενέσθω,
3233 3896 3319 3951 ἵνα
3363 3899 3593 3967 γένηται
3623 3899 3807 3967 σοφός.
3838 3917 3857 3949 ι

2288 3988 2396 4040 Καὶ
2429 3988 2591 4043 πάλιν
2615 4004 2629 4017 ·
2668 4008 2686 4040 ι
2735 3990 2926 4059 Ἡμεῖς
2960 3990 3132 4059 μωροὶ
3159 3990 3247 4044 διά
3279 3991 3535 4061 Χριστόν.
3575 4011 3595 4043 ι
3633 3992 3743 4045 Καὶ
3766 3991 3867 4044 πάι

2286 4079 2405 4131 λιν*
2448 4098 2468 4131 ι
2513 4081 2634 4132 Ὅτι
2662 4079 2722 4132 τδ
2751 4081 2932 4151 μωρὸν
2963 4080 3057 4134 τοῦ
3084 4080 3227 4134 Θεοῦ
3290 4079 3602 4149 σοφώτερον
3638 4081 3747 4133 τῶν
3773 4082 3866 4133 άν-

2287 4172 2519 4245 θρώπων
2549 4174 2717 4240 ἐστὶν,
2761 4174 2861 4227 οὐκ
2902 4174 2968 4227 ἂν
3004 4177 3116 4238 τοῖς
3145 4175 3249 4227 ὑπὸ
3296 4173 3493 4227 τούτου
3540 4173 3641 4229 τοῦ
3697 4174 3864 4237 ὅπως

2286 4264 2520 4335 ἀθλητοῦ
2567 4265 3013 4337 κατεργασθείσιν
3060 4267 3135 4330 ὡς
3201 4267 3428 4335 γελοίοις
3483 4270 3793 4338 προσεῖχον.
3837 4286 3857 4319 ι

2298 4357 2439 4409 Ἀλλ’
2461 4357 2493 4428 ἢ
2523 4357 2723 4427 μᾶλλον
2757 4359 2851 4411 καὶ
2881 4358 3041 4410 πλέον
3062 4358 3169 4411 τῶν
3194 4360 3291 4422 τάς
3317 4358 3509 4420 λοιπάς
3534 4357 3637 4427 τῆς
3663 4358 3862 4427 ἀρετῆς

595 4446 752 4492 sunt.
786 4434 898 4492 Nec
950 4437 1233 4492 enimvero
1279 4438 1459 4494 adhuc
1498 4440 1889 4496 inexercitatus
1915 4444 2183 4499 exsisteus

2286 4435 2561 4512 πολιτείας
2595 4448 2959 4519 μετελθόντων
3013 4449 3339 4520 ἐθαύμαζον.
3413 4450 3550 4502 Οὐδὲ
3585 4452 3694 4519 γὰρ
3726 4448 3855 4516 ἀγύ-

593 4538 654 4584 α
682 4529 918 4599 pnefecti
942 4529 1178 4601 indigus,
1211 4529 1265 4585 in
1295 4531 1560 4585 mundum
1586 4533 1766 4599 venit;
1804 4534 1899 4588 sed
1922 4537 2180 4602 quemad-

595 4618 822 4673 modum
878 4619 934 4672 in
987 4618 1201 4672 bellicis
1249 4618 1533 4673 ordinibus
1586 4620 1699 4674 fieri
1744 4620 2012 4686 videmus,
2051 4623 2178 4677 dum

595 4707 891 4763 universus
929 4708 1205 4763 exercitus
1230 4708 1395 4762 simul
1420 4710 1608 4775 stetit;
1641 4711 1765 4766 alibi
1803 4714 2056 4783 pmprine,
2083 4730 2179 4769 seu

597 4802 782 4873 potius
810 4801 899 4855 Dei
938 4801 1149 4867 virtuti,
1168 4801 1451 4857 etbellicis
1480 4803 1664 4870 armis,
1690 4820 1812 4874 qua:
1839 4806 1894 4859 in
1926 4816 2181 4877 promptu

596 4901 747 4957 sunt,
779 4900 835 4944 et
862 4891 1094 4946 diversa:
1142 4892 1196 4945 in
1230 4892 1443 4946 bellicis
1473 4893 1656 4959 rebus,
1692 4909 1759 4948 ac
1796 4895 2073 4950 diuturnae
2094 4914 2187 4951 ex-

598 4981 879 5050 perientia:
916 4982 1221 5047 conﬁdunt,
1252 4983 1305 5038 bi
1333 4983 1420 5037 vel
1457 4985 1555 5038 soli
1596 4985 1663 5040 ad
1709 4985 1981 5057 singulare
2005 4998 2186 5042 certa-

598 5085 724 5122 men
754 5085 787 5124 e
810 5072 1159 5128 multitudine
1182 5083 1374 5128 contra
1405 5076 1746 5131 adversarios
1781 5078 2059 5136 exsiliunt.
2095 5078 2185 5134 Sic

597 5166 654 5213 et
676 5159 763 5214 ille
791 5161 936 5226 fecit,
967 5165 1185 5232 quando
1210 5166 1351 5221 belle
1387 5176 1443 5221 et
1477 5167 1715 5237 legitime
1747 5170 2037 5239 pulchrum
2062 5186 2180 5226 cer-

597 5260 779 5306 tamen
819 5255 1079 5320 certavit;
1130 5257 1351 5325 quando
1400 5258 1604 5312 virtute
1649 5260 1875 5329 spiritus
1920 5271 2177 5331 tanquam

597 5345 822 5402 thorace
851 5346 1100 5401 indutum
1139 5364 1197 5404 se
1237 5349 1408 5415 vidit;
1441 5352 1659 5419 quando
1693 5353 1949 5407 virtutem
1972 5354 2041 5408 ab
2064 5355 2180 5425 ipso

592 5438 806 5507 accepit
861 5439 1105 5494 calcandi
1160 5455 1324 5511 supra
1377 5452 1660 5511 serpentes
1713 5453 1767 5497 et
1814 5446 2169 5515 scorpiones;

676 5568 875 5625 ⁸Ιὶοιιι.
910 5587 972 5636 ιι,
1005 5573 1096 5629 21.
1171 5573 1192 5605 ⁶
1223 5572 1243 5627 l
1278 5572 1406 5629 Cor.
1437 5590 1519 5639 ιιι,
1554 5575 1640 5629 18.
1716 5574 1781 5627 "l
1817 5574 1944 5631 Cor.
1990 5576 2062 5646 tv,
2102 5580 2183 5633 10.

2309 5580 2326 5633 l
2365 5581 2491 5637 Cor.
2525 5599 2565 5651 ι,
2587 5583 2679 5639 25.

2284 4557 2523 4611 ημναστος
2554 4540 2633 4594 ἔτι
2666 4539 2761 4605 ὢν,
2794 4542 2891 4594 τοῦ
2922 4543 3338 4605 ἐπιστατοῦντος
3359 4541 3616 4611 δεόμενος
3649 4542 3743 4594 ἐπὶ
3764 4540 3854 4591 τὸν

2287 4629 2489 4699 κόσμον
2522 4629 2828 4700 ἐχώρησεν
2866 4629 2981 4683 ἀλλ’
3022 4630 3217 4702 ὥσπερ
3259 4631 3358 4684 ἐπὶ
3401 4632 3511 4683 τῶν
3550 4629 3853 4700 πολεμικῶν

2290 4723 2640 4793 παρατάξεων
2672 4722 2885 4792 ὁρῶμεν
2909 4722 3213 4791 γινόμενον,
3246 4722 3323 4774 ὅτ’
3360 4722 3426 4775 ἂν
3468 4724 3615 4784 ἆπας
3638 4723 3669 4773 ὁ
3694 4739 3854 4792 στρα-

2287 4814 2376 4874 τῖς
2409 4811 2751 4881 ὁμοθυμαδὸν
2775 4810 3029 4881 ἕστηκεν,
3062 4812 3260 4875 οἶτινες
3290 4815 3358 4883 τῇ
3395 4812 3491 4865 τοῦ
3526 4812 3664 4865 Θεοῦ
3698 4812 3852 4865 δυνά-

2286 4918 2397 4971 μει,
2454 4904 2547 4955 καὶ
2605 4905 2717 4964 τοῖς
2772 4904 3140 4971 ἐπικειμένοις
3213 4905 3397 4968 αὐτοῖς
3451 4906 3854 4974 στρατιωτικοῖς

2281 4995 2484 5059 ὅπλοις,
2534 4994 2628 5049 καὶ
2677 4997 2743 5065 τῇ
2773 4994 3015 5066 διαφόρῳ
3063 4985 3335 5069 πολεμικῇ
3388 5000 3484 5051 καὶ
3520 4999 3853 5069 πολυχρονίῳ

2281 5084 2541 5156 ἐμπειρίᾳ
2574 5085 3035 5156 καταθαρροῦσιν,
3084 5083 3230 5140 οὗτοι
3254 5090 3348 5141 καὶ
3382 5089 3537 5157 μόνοι
3586 5094 3665 5154 εἰς
3707 5107 3856 5160 μονο-

2289 5176 2489 5248 μαχίαν
2520 5179 2583 5228 ὲκ
2618 5176 2711 5229 τοῦ
2737 5177 2971 5248 πλήθους
2999 5180 3139 5232 κατά
3172 5181 3281 5234 τῶν
3330 5182 3644 5235 ἀντιπάλων
3685 5186 3855 5252 ἐκπη-

2286 5267 2477 5320 δῶσινο
2522 5266 2665 5320 οὕτω
2693 5269 2787 5320 καὶ
2823 5268 2984 5331 αὐτὸς
3015 5274 3175 5334 ποιεί,
3202 5271 3281 5323 ὅτ’
3325 5272 3393 5325 ἂν
3430 5273 3615 5337 καλῶς
3652 5277 3748 5327 καὶ
3771 5291 3858 5325 νο-

2293 5358 2475 5430 μίμως
2498 5359 2588 5412 τὸν
2616 5359 2777 5413 καλὸν
2810 5360 2997 5428 ἀγῶνα
3019 5362 3374 5417 ὲπύκτευσεν.
3422 5366 3543 5419 ’οτ“
3576 5369 3643 5419 ἂν
3672 5370 3740 5437 τῇ
3765 5365 3861 5419 τοῦ

2280 5449 2591 5520 πνεύματος
2626 5448 2852 5519 δυνάμει
2886 5450 3078 5504 ἑαυτὸν
3105 5452 3588 5526 τεθωρακισμένον
3618 5457 3752 5522 ἰδεν,
3783 5454 3863 5509 ὅτ’

2756 5584 2777 5617 ⁹
2809 5583 2966 5641 Cant.
2994 5602 3064 5653 tv,
3107 5587 3160 5641 7.

2154 5671 2384 5731 ΝΟΤΑΩ.

664 5753 745 5830 (ξ)
784 5754 1044 5830 Leontius
1080 5759 1261 5830 itaque
1283 5769 1476 5830 sancto
1498 5759 1752 5830 Symeoni
1786 5775 2020 5819 cotevus.

666 5822 743 5893 (‘2)
784 5824 868 5879 Ab
901 5824 1126 5897 Evagrio
1159 5822 1249 5885 lib.
1277 5845 1329 5885 tv
1353 5829 1495 5884 Eccl.
1534 5822 1674 5885 Hist.
1703 5847 1823 5901 cap.
1857 5833 1958 5901 33;
1986 5844 2038 5889 et
2071 5833 2166 5889 Ni-

2272 5770 2512 5857 cephoro
2536 5770 2630 5857 lib.
2659 5788 2767 5857 avri
2801 5770 2946 5857 Eget.
2983 5774 3180 5833 "lator.
3232 5777 3493 5835 scribitur
3540 5779 3866 5857 Συμεὼνης,

2274 5850 2330 5895 et
2358 5842 2550 5897 Latine
2575 5843 2823 5898 redditur
2846 5842 3150 5915 Symewtes.
