4058 6402
164 400 187 461 1
200 400 303 466 673

1434 393 1612 456 VITA
1645 396 1705 454 S.
1747 392 2146 457 SYMEONIS.

3292 392 3428 457 1674

166 518 234 570 ἂν
269 513 368 585 τὴν
398 509 627 582 δύναμιν
663 510 783 564 κατ’
820 508 1023 573 αὑτοῦ,
1074 509 1167 561 καὶ
1199 508 1292 562 τοῦ
1330 512 1521 561 πατεῖν
1558 510 1744 563 ἐπάνω

1864 509 2066 579 ιιιιιηόο
2097 506 2277 563 carnis
2308 504 2795 560 inﬂammationem
2828 519 2951 559 rore
2976 503 3214 575 Spiritus
3251 512 3430 564 sancti

151 608 347 673 εφεων,
379 603 472 655 καὶ
494 601 795 671 σκορπίων,
822 601 1064 671 εἴληφεν,
1089 601 1166 654 ὅτ’
1190 600 1256 654 ἂν
1279 601 1375 671 τὴν
1398 602 1497 671 τῆς
1523 603 1726 671 σαρκὸς

155 697 425 767 πύρωσιν,
465 697 529 765 τῇ
567 694 659 746 τοῦ
695 693 852 761 ἁγίου
901 690 1223 763 Πνεύματος
1264 693 1446 764 «δρόσῳ
1490 694 1743 747 κατέσϐε-

157 805 269 851 σεν,
296 786 373 839 ὅτ’
412 786 478 840 ἂν
509 786 728 855 ἁπάσης
762 785 867 854 τῆς
894 785 989 838 τοῦ
1023 785 1139 855 βίου
1176 784 1341 838 αὐτοῦ
1380 785 1590 854 τρυφῆς
1650 786 1742 837 καὶ

152 881 328 949 δόξης,
363 878 728 947 ώςάράχνης,
759 876 1130 929 κατέπτυσεν.

220 972 281 1025 δ’.
321 973 428 1024 Καὶ
457 970 509 1022 τί
534 970 614 1021 δεῖ
662 969 828 1021 πλέον
854 960 1077 1036 λέγειν;
1122 968 1198 1021 ὅτ’
1244 966 1311 1020 ἂν
1341 967 1439 1037 τὴν
1469 966 1745 1019 ἀπάθειαν

156 1066 230 1127 ὼς
262 1064 481 1134 ἱμάτιον
509 1059 711 1115 ἔσωθεν
752 1062 845 1114 καὶ
894 1060 1091 1125 ἔξωθεν
1132 1060 1222 1113 διὰ
1241 1060 1745 1131 ταπεινοφροσύνης

157 1158 293 1226 πρὶς
350 1154 545 1207 ἑαυτὸν
593 1154 969 1213 ἐπεσπάσατο,
1010 1151 1106 1204 καί
1150 1151 1252 1221 τῆς
1301 1141 1575 1214 υἰὸθεσίας
1616 1168 1748 1204 κατ-

153 1247 387 1315 ηξιώθη,
415 1245 556 1300 κατὰ
590 1246 687 1315 τὴν
734 1243 938 1313 φωνὴν,
989 1241 1086 1311 τὴν
1138 1244 1195 1294 ὲν
1227 1242 1304 1309 τῷ
1338 1244 1583 1313 ’ᾼσματι
1636 1241 1746 1295 τῶν

164 1336 449 1406 ᾀσμάτων,
476 1336 605 1404 περὶ
631 1335 731 1401 τῆς
757 1332 1005 1401 καθαρᾶς
1028 1332 1123 1384 καὶ
1156 1331 1400 1394 ἀπαθοῦς
1449 1331 1625 1401 ψυχῆς
1667 1332 1744 1384 εἰ·

160 1428 404 1497 ρημένην
429 1441 442 1457 ·
480 1444 500 1475 ι
540 1426 663 1477 Ὅτι
700 1423 796 1493 ὅλη
854 1422 1019 1492 καλὴ,
1064 1422 1232 1491 φησὶν
1269 1424 1297 1474 ὁ
1345 1421 1581 1490 Χριστὸς
1612 1420 1748 1489 πρὸς

160 1519 255 1588 τὴν
279 1519 482 1588 ψυχὴν,
522 1517 618 1587 ὅλη
651 1514 792 1585 καλὴ
823 1516 856 1585 ὴ
898 1512 1131 1583 πλησίον
1177 1530 1301 1583 μου,
1340 1515 1435 1565 καὶ
1467 1511 1657 1583 μῶμος
1687 1512 1749 1564 ὲν

159 1613 293 1681 αὐτῇ
323 1612 423 1663 οὐκ
468 1611 636 1662 ἔστιν.
673 1627 692 1659 ι
749 1608 883 1660 Τότε
919 1606 1014 1659 καὶ
1061 1604 1227 1667 αὐτὸς
1260 1605 1354 1656 ἐπὶ
1383 1604 1475 1656 τὸν
1501 1604 1747 1671 κόσμον,

158 1704 346 1774 ὣσπερ
373 1706 451 1765 είς
485 1700 843 1772 μονομαχίαν,
869 1700 934 1752 ἐκ
963 1699 1063 1768 τῆς
1097 1699 1309 1769 ἐρήμου
1345 1695 1489 1750 κατὰ
1512 1698 1606 1748 τοῦ
1631 1696 1749 1749 δια-

160 1798 318 1849 δόλου
371 1793 655 1856 Θεόλεκτος
719 1790 1080 1861 ἐξεπήδησεν*
1131 1790 1192 1841 οὐ
1234 1789 1443 1841 δίκαιον
1474 1787 1580 1856 γὰρ
1617 1786 1751 1858 ᾤετο

1845 600 2139 663 exstinxit;
2200 598 2417 668 quando
2450 598 2734 652 universas
2768 596 2893 650 vita:
2936 595 3101 666 hujus
3134 597 3356 654 delicias
3378 609 3432 654 et

1846 690 2096 761 gloriam,
2120 689 2267 744 sicut
2289 700 2569 755 araueam,
2601 688 2950 758 contempsit.

1916 959 1968 1012 4.
2013 960 2079 1015 Εἰ
2109 961 2238 1030 quid
2278 961 2459 1016 verbis
2484 976 2624 1033 Opus
2660 958 2779 1017 est?
2812 950 3033 1031 quando
3061 960 3435 1030 impatibilita-
3511 962 3517 1022 ζ

1850 1061 1978 1116 tem,
2014 1060 2270 1121 tanquam
2319 1053 2708 1109 vestimentum
2743 1054 2885 1107 intra
2915 1063 2970 1107 et
3006 1062 3159 1108 extra
3194 1068 3294 1124 per
3334 1054 3436 1107 hu-
3518 1054 3524 1130 ξ

1849 1144 2135 1198 militatem
2161 1145 2226 1199 ad
2260 1161 2318 1202 se
2352 1146 2599 1211 attraxit,
2627 1156 2681 1201 et
2706 1146 2800 1200 ﬁlii
2841 1146 3082 1215 adoptivi
3116 1146 3437 1218 dignitatem

1852 1240 1939 1284 est
1966 1243 2312 1298 consecutus,
2340 1234 2493 1302 juxta
2518 1250 2732 1299 vocem,
2765 1251 2886 1304 quae
2926 1234 2980 1288 in
3012 1236 3237 1290 Cantico
3259 1235 3438 1290 canti-

1849 1336 2061 1387 corum,
2109 1324 2174 1378 de
2224 1340 2358 1393 pura
2419 1334 2475 1380 et
2520 1325 2786 1395 passionis
2831 1335 3055 1394 experte
3100 1327 3302 1393 anima,
3355 1340 3441 1382 est

1850 1407 2033 1463 dicta:
2074 1429 2092 1461 ‹
2125 1410 2260 1476 Quia
2310 1421 2422 1467 tota
2472 1413 2721 1481 pulchra,
2769 1412 2901 1467 dicit
2945 1412 3192 1467 Christus
3224 1416 3289 1467 ad
3320 1412 3439 1468 ani-

1850 1515 2017 1567 mam,
2053 1511 2163 1557 tota
2197 1504 2445 1573 pulchra,
2473 1520 2592 1575 quae
2621 1505 2752 1559 mihi
2778 1506 3084 1575 propinqua
3112 1516 3214 1572 est,
3253 1518 3309 1563 et
3329 1523 3443 1562 ma-

1848 1593 1973 1645 cula
2004 1607 2113 1645 non
2143 1602 2226 1647 est
2263 1594 2316 1646 in
2361 1610 2423 1649 ea
2450 1595 2494 1649 ‘.
2530 1614 2547 1645 ι
2590 1593 2746 1649 Tunc
2787 1596 2875 1649 ille
2917 1581 3271 1652 in'mundum
3322 1607 3442 1653 tan-

1854 1699 2014 1752 quam
2049 1684 2103 1737 in
2145 1685 2417 1755 singulare
2463 1695 2743 1740 certamen
2794 1703 2862 1742 ex
2907 1689 3203 1743 solitudine
3249 1700 3440 1746 contra

1855 1775 2132 1829 diabolum
2164 1792 2193 1829 a
2226 1776 2337 1830 Deo
2380 1761 2588 1831 electus
2618 1778 2841 1833 exsiliit.
2872 1776 2990 1834 Non
3035 1784 3179 1836 enim
3216 1786 3445 1854 putabat

159 1889 252 1940 τὺν
278 1886 419 1939 οὕτω
456 1886 605 1956 παρὰ
634 1882 770 1937 Θεοῦ
804 1882 1109 1954 τιμηθέντα
1156 1882 1251 1933 καὶ⁵
1298 1879 1580 1950 ὑψωθὼτα
1602 1922 1617 1944 ,
1656 1879 1755 1949 τῆς

1864 1881 2075 1935 aequum
2103 1881 2242 1932 esse,
2281 1875 2360 1933 ut,
2386 1869 2475 1938 qui
2511 1868 2581 1922 ita
2610 1883 2640 1922 a
2679 1867 2785 1923 Deo
2811 1870 3109 1926 honoratus
3137 1884 3191 1928 et
3231 1877 3443 1931 exalta-

167 1982 278 2035 τῶν
308 1978 599 2049 ὁμοφύλων
639 1971 1055 2046 καταφρονῆσαι
1087 1972 1364 2042 σωτηρίας
1385 2012 1399 2036 ,
1437 1969 1573 2025 ἀλλὰ
1621 1990 1756 2042 μνη-

168 2072 441 2142 μονεύσας
465 2069 558 2124 τοῦ
590 2071 856 2132 εἰπόντος·
882 2088 901 2120 ι
925 2066 1262 2135 Ἀγαπήσεις
1288 2064 1378 2116 τὸν
1405 2062 1634 2132 πλησίον
1660 2079 1752 2115 σου

163 2164 238 2225 ὡς
268 2162 485 2224 ἑαυτὸν,
517 2180 533 2211 ι
564 2161 621 2225 ὃς
657 2160 752 2212 καὶ
786 2157 1003 2229 μορφὴν
1036 2156 1227 2210 δούλου
1249 2154 1571 2209 ἐνδύσασθαι
1593 2154 1755 2223 ἀτρέ-

166 2271 337 2316 πτως,
367 2252 455 2305 διὰ
484 2252 584 2323 τὴν
608 2250 703 2305 τοῦ
736 2250 924 2304 δούλου
962 2247 1390 2318 σωτηρίαν,ὀύκ
1420 2246 1754 2314 ἀπηξίωσεν,

168 2348 417 2415 μιμεῖται
448 2346 544 2397 καὶ
580 2344 745 2406 αὐτὸς
793 2342 885 2394 τὸν
935 2342 1213 2408 Δέσπότην
1268 2339 1359 2392 τὸν
1406 2340 1627 2402 οἰκεῖον,
1658 2337 1757 2408 τὴν

163 2436 378 2490 οἰκείαν
407 2436 625 2506 ἀληθῶς
647 2435 827 2505 ψυχὴν
855 2434 954 2487 καὶ
984 2433 1145 2502 σῶμα
1185 2431 1319 2497 θεὶς,
1356 2431 1443 2483 ἵνα
1478 2428 1632 2494 τινὰς
1658 2431 1758 2483 σώ-

167 2544 272 2583 σει.
313 2526 633 2595 Ἀναγκαῖον
654 2526 746 2577 καὶ
782 2522 888 2595 πρὸ
916 2523 1135 2576 πάντων
1163 2521 1251 2573 τὸν
1278 2521 1480 2589 τρόπον
1521 2521 1621 2590 τῆς
1678 2522 1758 2583 εἰς

164 2621 258 2671 τὸν
283 2620 490 2688 κόσμον
518 2620 581 2671 ὲκ
606 2618 706 2686 τῆς
740 2617 947 2687 ἐρήμου
1002 2606 1167 2666 αὑτοῦ
1199 2612 1464 2675 ἐλεύσεως
1514 2612 1644 2681 ὑμῖν
1682 2612 1759 2665 δί·

166 2709 479 2779 ηγήσασθαι
498 2727 511 2739 ο
560 2705 660 2760 εἶθ’
684 2706 856 2770 οὕτως
884 2707 955 2760 τὰ
980 2700 1258 2775 παράδοξα
1282 2703 1447 2755 αὐτοῦ
1481 2704 1575 2756 καὶ
1606 2702 1759 2766 κάξιοο

168 2800 475 2870 θαύμαστα»
487 2799 812 2869 πράγματαδ

1853 1966 1943 2010 tus
1969 1966 2135 2020 esset,
2164 1958 2393 2027 proximi
2428 1961 2727 2031 negligeret
2776 1962 3044 2027 salutem;
3086 1966 3183 2019 sed
3232 1984 3443 2022 memor

1857 2047 2001 2102 illius
2031 2049 2120 2117 qui
2154 2049 2289 2102 dixit
2335 2068 2348 2102 :
2400 2070 2419 2101 ι
2459 2050 2657 2121 Diliges
2696 2054 3005 2122 proximum
3038 2063 3194 2110 tuum
3220 2059 3364 2113 sicut
3395 2070 3446 2115 te

1858 2138 2034 2209 ipsum
2070 2141 2141 2208 ";
2177 2160 2195 2191 ι
2248 2141 2339 2211 qui
2378 2150 2433 2195 et
2466 2142 2694 2197 formam
2738 2146 2878 2198 servi
2930 2146 3158 2202 induere
3195 2148 3447 2207 immuta-

1859 2232 2059 2295 biliter,
2091 2242 2313 2302 propter
2350 2234 2492 2288 servi
2530 2233 2784 2300 salutem,
2820 2253 2928 2291 non
2962 2249 3045 2292 est
3079 2240 3444 2311 dedignatus;

1866 2320 1982 2391 ipse
2008 2321 2172 2375 etiam
2204 2321 2448 2376 imitatur
2469 2324 2761 2379 Dominum
2795 2342 2978 2391 suum,
3011 2331 3285 2399 pr0priam
3318 2349 3447 2390 vere

1863 2413 2100 2467 animam
2149 2423 2203 2468 et
2248 2431 2446 2484 corpus
2488 2432 2732 2485 ponens,
2776 2429 2835 2473 ut
2888 2419 3115 2476 haberet
3158 2439 3296 2493 quos
3342 2428 3451 2479 sal-

1864 2518 2038 2562 varet.
2059 2504 2438 2562 Necessarium
2470 2524 2600 2563 vero
2631 2520 2733 2575 est,
2771 2521 2895 2566 ante
2923 2514 3103 2567 omnia
3139 2516 3295 2570 vobis
3323 2532 3451 2571 nar-

1866 2614 1988 2654 rare
2018 2616 2127 2669 quo
2158 2608 2316 2670 pacto
2350 2616 2381 2654 e
2428 2601 2723 2657 solitudine
2748 2604 2800 2656 in
2828 2606 3105 2674 publicum
3137 2608 3401 2677 prodierit
3429 2627 3441 2662 :

1814 2742 1818 2745 Α
1866 2699 2055 2761 postea
2081 2692 2149 2745 de
2178 2693 2339 2746 rebus
2376 2693 2444 2747 ab
2470 2694 2588 2762 ipso
2626 2697 2814 2765 gestis,
2866 2714 2987 2767 quae
3006 2696 3330 2770 Opinionem
3359 2717 3453 2756 su-

1866 2791 2079 2851 perant,
2111 2794 2168 2837 et
2205 2784 2568 2839 admiratione
2596 2786 2773 2858 dignae
2806 2798 2956 2855 sunt,
2998 2789 3287 2847 habiturus
3322 2806 3446 2846 sum

1863 2888 2194 2931 sermonem.

1524 3010 1754 3066 CAPUT
1793 2992 2087 3070 ramum.

720 3152 992 3223 Symeonis
1030 3160 1078 3205 et
1101 3150 1325 3205 Joannis
1353 3149 1708 3219 peregrinatio
1737 3150 1808 3202 ad
1844 3150 1957 3205 loca
1990 3167 2203 3217 sancta,
2234 3157 2437 3209 occasio
2471 3156 2701 3210 melioris
2731 3158 2868 3213 vitae.

241 3276 304 3325 ε’.
350 3270 439 3322 Ἐν
486 3268 599 3331 τοῖς
646 3266 861 3337 χρόνοις
909 3265 1009 3334 τῆς
1038 3263 1315 3335 βασιλείας
1339 3262 1431 3314 τοῦ
1462 3263 1521 3314 ὲν
1574 3261 1753 3326 ἁγίοις

1928 3265 1981 3320 5.
2022 3266 2141 3333 Quo
2168 3277 2412 3337 tempore
2450 3269 2709 3338 regnabat
2738 3278 2962 3324 sanctus
2997 3270 3073 3342 (5)
3103 3271 3451 3329 Justinianus

181 3360 562 3419 Ἰουστινιανοῦ
623 3356 719 3412 τοῦ
777 3357 1081 3429 βασιλέως,
1134 3353 1589 3425 παραγινομένων
1646 3353 1754 3406 τῶν

171 3452 558 3524 φιλοχρίστων,
596 3450 690 3503 καὶ
729 3452 856 3511 τοὺς
893 3448 1083 3517 ἁγίους
1128 3446 1224 3499 τοῦ
1272 3445 1508 3517 Χριστοῦ
1560 3444 1758 3508 τόπους

171 3544 644 3620 προθυμουμένων
677 3543 1025 3613 προσκυνεῖν,
1077 3540 1205 3602 τοὺς
1238 3540 1295 3591 ὲ⁴ν
1326 3540 1393 3606 τῇ
1428 3537 1559 3607 ἁγίᾳ
1604 3536 1757 3590 πόλει

171 3640 317 3693 κατὰ
353 3635 663 3706 συνήθειαν,
696 3635 755 3685 ἐν
779 3636 847 3702 τῇ
869 3630 1083 3700 ὑψώσει
1129 3631 1224 3683 τοῦ
1274 3630 1460 3698 τιμίου
1496 3630 1588 3681 καὶ
1619 3626 1758 3690 ζωο-

170 3729 332 3783 ποιοῦ
373 3726 608 3798 σταυροῦ
643 3721 1036 3795 (γινώσκουσιν
1059 3721 1114 3774 δὲ
1139 3714 1341 3779 πάντες
1368 3721 1417 3772 οἰ
1446 3720 1625 3771 ἐκεῖσε
1657 3730 1762 3769 παι

176 3820 505 3892 ραγενέσθαι
535 3817 790 3879 εἰωθότες
816 3816 875 3868 ὲν
897 3817 1073 3887 ταύτῃ
1098 3817 1162 3884 τῇ
1200 3814 1334 3884 ἁγία
1363 3812 1459 3865 καὶ
1487 3811 1764 3881 πανυμνὴ-

172 3935 251 3987 τῳ
281 3917 463 3986 ἑορτῇ,
495 3915 579 3987 ὅτι
617 3911 802 3983 σχεδὸν
826 3912 890 3964 ὲκ
919 3909 1101 3980 πάσης
1129 3909 1227 3978 τῆς
1266 3908 1594 3976 οἰκουμένης
1636 3922 1761 3957 συν-

172 3986 428 4079 τρέχουσι
452 3986 562 4059 τών
597 4003 745 4057 λαῶν
775 4004 842 4057 τὰ
896 4002 1230 4072 φιλόσταυρα
1278 4000 1371 4053 καὶ
1413 3998 1762 4069 Χριστοφόρα

175 4097 383 4169 πλήθη)
406 4113 420 4127 '
458 4099 516 4152 ὲν
538 4098 605 4168 τῇ
639 4096 776 4165 αὐτῇ
816 4095 1049 4163 ἀοιδίμῳ
1086 4093 1246 4162 ἑορτῇ
1306 4089 1504 4159 συνέϐη
1538 4131 1553 4155 ,
1609 4088 1763 4151 τινὰς

173 4193 273 4245 δύο
295 4190 614 4261 νεωτέρους,
656 4190 767 4244 ἀπὸ
804 4188 1001 4258 Συρίας
1056 4186 1233 4249 ὄντας,
1267 4186 1545 4253 συντυχεῖν
1597 4182 1762 4254 ἀλλή-

175 4285 293 4346 λοις
315 4282 438 4336 κατ’
466 4282 791 4350 οἰκονομίαν
829 4277 988 4330 Θεοῦ.
1019 4276 1230 4344 Ὄνομα
1264 4273 1342 4343 τῷ
1376 4274 1455 4326 ἑνὶ
1484 4272 1760 4341 Ἰωάννης,

177 4376 277 4430 καὶ
333 4374 502 4443 ὅνομα
536 4371 614 4443 τῷ
670 4372 839 4441 ἑτέρῳ
888 4366 1134 4438 Συμεών.
1207 4367 1295 4430 Ὦς
1349 4361 1441 4420 οὖν
1482 4365 1762 4436 διέτριψαν

178 4468 362 4520 ἐκεῖσε
391 4465 602 4535 ἡμέρας
633 4461 841 4528 ὀλίγας,
873 4459 970 4514 καὶ
1008 4461 1107 4529 τῆς
1147 4458 1309 4526 ἁγίας
1348 4448 1442 4510 τοῦ
1472 4454 1608 4510 Θεοῦ
1641 4456 1763 4528 ἑορ-

176 4560 281 4629 τῆς
308 4556 706 4624 τελειωθείσης,
748 4552 1011 4621 ἀνεχώρει
1056 4551 1240 4603 λοιπὸν
1285 4551 1516 4612 ἕκαστος
1550 4550 1631 4612 εἰς
1662 4549 1762 4619 τὴν

1864 3355 2180 3426 imperator,
2224 3356 2569 3413 Christicolis
2627 3360 3122 3428 convenientibus,
3155 3372 3210 3417 et
3263 3374 3450 3421 sancta

1864 3442 2065 3499 Christi
2136 3445 2255 3500 loca
2307 3445 2535 3500 adorare
2608 3444 3090 3512 desiderantibus,
3152 3464 3272 3518 quae
3322 3461 3450 3507 sunt

1866 3534 1923 3587 in
1965 3543 2151 3589 sancta
2194 3530 2434 3599 civitate,
2493 3534 2798 3590 secundum
2857 3539 3349 3605 consuetudinem,
3392 3541 3445 3595 in

1866 3623 2195 3678 exaltatione
2253 3624 2506 3694 pretiosae
2555 3639 2619 3679 ac
2667 3624 2896 3680 vivifij
2953 3626 3031 3697 (4)
3062 3629 3240 3684 crucis
3286 3632 3450 3701 (nos-

1866 3725 1998 3772 cunt
2027 3725 2205 3771 autem
2234 3732 2425 3771 omnes
2458 3717 2551 3787 qui
2577 3718 2874 3772 convenire
2908 3719 2979 3773 ibi
3018 3720 3195 3776 solent
3247 3722 3300 3777 in
3344 3722 3449 3779 hoc

1868 3815 2059 3861 sancto
2090 3815 2146 3861 et
2182 3806 2543 3861 celeberrimo
2573 3808 2738 3873 festo,
2769 3809 2913 3878 quod
2945 3809 3060 3865 fere
3099 3826 3163 3866 ex
3193 3814 3449 3871 universo

1871 3908 2137 3953 terrarum
2164 3900 2298 3953 orbe
2328 3909 2664 3954 concurrant
2705 3902 3034 3971 populorum
3082 3905 3276 3970 turbas,
3321 3907 3447 3976 qui-

1869 3991 1972 4045 bus
1996 4006 2128 4045 crux
2177 4000 2231 4055 et
2269 3990 2523 4046 Christus
2561 3992 2616 4045 in
2657 3993 2935 4047 amoribus
2982 3994 3116 4063 est);
3152 3995 3205 4049 in
3254 4000 3445 4053 eodem

1870 4080 1974 4137 hoc
2003 4082 2203 4137 celebri
2234 4082 2373 4137 festo
2411 4083 2640 4154 contigit
2680 4085 2820 4139 duos
2855 4086 3121 4154 quosdam
3172 4087 3447 4157 iuniores,

1870 4188 1901 4228 e
1933 4172 2085 4246 Syria
2131 4174 2205 4245 (5)
2264 4175 2548 4240 oriundos,
2597 4174 2704 4230 sibi
2751 4183 2946 4231 mutuo
2993 4192 3301 4244 occurrere,
3338 4180 3450 4235 Deo

1870 4269 1951 4322 sic
1979 4270 2325 4338 disponente.
2358 4267 2566 4322 Nomen
2602 4268 2696 4321 uni
2721 4276 2840 4323 erat
2868 4268 3125 4333 Joannes,
3156 4280 3211 4325 et
3245 4288 3446 4327 nomen

1870 4361 2028 4415 alteri
2068 4355 2324 4429 Symeon.
2366 4358 2723 4427 Consumptis
2778 4358 2981 4413 ibidem
3021 4362 3209 4431 paucis
3232 4361 3448 4424 diebus.

1871 4464 1926 4509 et
1955 4460 2145 4508 sancto
2174 4451 2267 4506 Dei
2301 4450 2439 4504 festo
2473 4449 2649 4514 linito,
2697 4450 2927 4505 recessit
2964 4451 3230 4522 deinceps
3276 4470 3451 4510 unus-

1871 4547 2102 4618 quisque
2142 4544 2209 4598 ad
2265 4543 2542 4614 propriam
2597 4542 2893 4597 civitatem.
2924 4545 2967 4598 A
3018 4560 3125 4615 quo
3183 4553 3448 4616 tempore.

183 4650 322 4703 ἰδίαν
354 4648 512 4700 πόλιν
536 4662 551 4676 ο
606 4644 745 4697 ’ἐπεὶ
770 4686 783 4709 ,
817 4645 936 4695 κατ’
968 4641 1219 4694 εὐδοκίαν
1265 4640 1359 4693 τοῦ
1387 4637 1757 4710 φιλανθρώποι

1873 4642 2025 4712 juxta
2072 4636 2291 4707 benigni
2337 4634 2433 4689 Dei
2482 4634 2910 4705 beneplacitum,
2944 4635 3053 4691 duo
3100 4638 3155 4691 hi
3204 4636 3453 4707 juniorcs

179 4741 341 4807 Θεοῦ,
372 4739 529 4810 ἔσχον
558 4742 605 4791 οἰ
636 4734 730 4790 δύο
757 4730 902 4790 οὗτοι
932 4732 1189 4804 νεώτεροι
1216 4732 1317 4803 τὴν
1341 4733 1627 4802 συντυχίαν
1649 4731 1770 4815 ,καὶ

176 4837 281 4907 τὴν
302 4834 523 4904 ἀγάπην
554 4831 671 4902 μετ’
702 4828 972 4898 ἀλλήλων,
1005 4826 1107 4879 οὐκ
1136 4825 1219 4879 ἔτι
1258 4824 1642 4897 ἐχωρίσθησαν
1671 4823 1766 4877 ἀπ’

253 5013 277 5044 ⁹
314 5009 471 5066 Cant.
510 5025 584 5073 IV,
615 5008 670 5063 7.
742 5005 786 5036 ¹⁹
822 5002 1013 5057 Matth.
1055 5000 1281 5065 xu,19.

1866 4726 2153 4802 Coeperunt
2177 4726 2692 4799 agerefamiliariter
2714 4738 2769 4781 et
2790 4727 3017 4797 diligere
3055 4730 3201 4785 inter
3239 4745 3318 4797 se,
3340 4746 3449 4784 non

1867 4820 2100 4891 amplius
2125 4834 2153 4871 a
2186 4832 2246 4872 se
2277 4825 2469 4871 mutuo
2497 4817 2735 4887 separati
2767 4826 2915 4873 sunt.
2959 4819 3108 4887 Ideo,
3145 4820 3274 4875 dum
3304 4818 3453 4877 redi-

1707 5113 1939 5169 NOTAE.

257 5222 335 5292 (5)
374 5221 542 5276 Multo
576 5217 738 5292 latius
769 5215 896 5292 olim
932 5212 1127 5292 _sancti
1171 5224 1373 5292 nomen
1414 5225 1574 5279 quam
1612 5208 1775 5292 hodie

182 5280 361 5365 paiuit
380 5335 394 5359 ,
421 5300 561 5365 teste
587 5288 809 5365 Velsero
842 5287 894 5339 in
924 5284 1136 5365 Comm.
1182 5282 1248 5365 ad
1288 5280 1551 5365 C_on_ve_rs.
1572 5288 1774 5365 sancta;

183 5350 330 5418 λίνω
352 5350 641 5431 {episcopi
666 5359 827 5431 vulgo
852 5355 1046 5431 sancti,
1076 5352 1426 5431 sanctissimi,
1470 5350 1771 5431 beatissimi

185 5421 510 5488 dicebantur
545 5469 559 5483 .
584 5421 605 5482 ξ
627 5469 638 5481 .
666 5421 878 5495 Reliqui
910 5426 1074 5479 etiam
1117 5421 1437 5495 Christiani,
1469 5430 1773 5495 certepro-

185 5502 327 5559 bane
357 5506 499 5566 vitaz,
534 5499 729 5559 sancti,
758 5490 1069 5567 quanquam
1102 5490 1770 5567 adhuc_m_ortales.__(lon-

185 5574 462 5629 stantinus
487 5559 824 5629 orationem,
873 5559 1034 5633 quam
1064 5565 1130 5617 ad
1171 5563 1536 5633 Christianam
1569 5559 1770 5633 Εοείθ-

189 5646 325 5698 siam
358 5641 598 5711 scripsit,
619 5639 703 5711 ‘ad
740 5630 1052 5711 sanctorum
1079 5642 1280 5711 cretum
1327 5632 1642 5711 inscripsit;
1685 5630 1770 5711 ita

189 5701 485 5784 Stengelius
515 5701 998 5784 in'Co‘mmentario
1037 5703 1104 5756 ad
1141 5702 1311 5755 Vitam
1344 5703 1482 5756 beati
1512 5701 1773 5756 Wilhelmi

188 5781 604 5851 Hirsaugiensis.

264 5854 337 5924 (4)
377 5839 600 5907 Ostendi
648 5847 852 5918 populo
900 5844 1072 5905 Crux,
1108 5851 1164 5919 et
1211 5839 1445 5912 proferri
1493 5840 1771 5899 adoranda

468 5945 740 6004 ΡΑἰτιυι..
783 5941 901 6002 Gn.
944 5936 1148 5998 XCIII.

1879 5207 2109 5271 solebat,
2141 5203 2485 5276 non__solu_m
2530 5203 2584 5276 in
2636 5204 2888 5276 contigua
2940 5205 3166 5264 Pascha
3211 5209 3320 5276 die,
3365 5215 3459 5268 sed

1876 5278 2041 5349 etiam
2073 5277 2142 5349 in_
2164 5274 2343 5349 media
2369 5274 2703 5349 jejuniqrum
2735 5274 3098 5349 hebdomade,
3145 5294 3270 5349 quae
3300 5274 3461 5337 nobis

1878 5358 1959 5402 est
1993 5343 2433 5415 Quadragesimae
2469 5344 2648 5404 tertia,
2684 5356 2849 5413 prout
2887 5348 3090 5403 dicitur
3121 5343 3189 5405 ad
3220 5350 3365 5408 diem
3400 5369 3462 5407 III

1878 5418 2059 5505 Μοῖίκ.
2084 5414 2253 5505 lieni-
2270 5414 2924 5505 ἓεξδξιρὲηίῖῐξεξὶτῐιεξιιξῑίὲο.
2945 5419 3167 5505 maiore.
3185 5434 3458 5505 οοξιρυεειι

1876 5486 2172 5558 ροριιιίνίη
2209 5483 2347 5558 festo
2365 5482 2736 5558 _E§xaltationis
2776 5496 2977 5558 sancta:
3010 5482 3202 5544 Crucis
3250 5491 3315 5544 Η
3361 5493 3461 5547 Se-

1879 5552 2165 5629 ptembris,
2198 5556 2269 5608 uti
2298 5554 2572 5623 colligitur
2600 5552 2782 5629 e_Vita
2804 5554 2860 5610 S.
2894 5556 3081 5629 Maria:
3101 5559 3458 5629 {Egyptiacm

1881 5623 1942 5683 ea
1969 5627 2588 5699 occasioneconversm,
2621 5623 2689 5677 de
2715 5640 2821 5699 qua
2860 5627 3006 5699 die"
3037 5623 3260 5699 Aprilis.

1953 5698 2030 5765 (5)
2071 5695 2184 5750 Orti
2209 5695 2413 5750 Edessa
2445 5694 2846 5767 Mesopotamim
2875 5697 3028 5763 urbe,
3048 5694 3170 5767 quae
3194 5716 3224 5754 a
3244 5700 3462 5757 Justino

1880 5763 2211 5837 imperatore
2257 5773 2605 5840 restaurata,
2644 5763 3005 5840 Justinopolis
3043 5763 3263 5840 quoque
3315 5773 3459 5828 dicta

1882 5833 2003 5905 fuit,
2036 5834 2516 5912 auctoregEvagrio
2554 5833 2715 5889 lib.1v
2747 5834 2889 5890 Eccl.
2915 5833 3139 5905 "istan,
3174 5833 3297 5913 cap.
3335 5841 3388 5898 8.

3022 5928 3099 5991 53
