  <div class='ocr_page' id='page_1' title='image "/cluster/home/n/w/nwhite01/storage/ocr_20150623/93/hvd.32044019208040/846.png"; bbox 0 0 4034 6408; ppageno 0'>
   <div class='ocr_carea' id='block_1_1' title="bbox 203 448 339 512">
    <p class='ocr_par' dir='ltr' id='par_1_1' title="bbox 203 448 339 512">
     <span class='ocr_line' id='line_1_1' title="bbox 203 448 339 512; baseline 0.022 -3"><span class='ocrx_word' id='word_1_1' title='bbox 203 448 339 512; x_wconf 80' lang='grc'>1677</span> 
     </span>
    </p>
   </div>
   <div class='ocr_carea' id='block_1_2' title="bbox 1465 434 2154 505">
    <p class='ocr_par' dir='ltr' id='par_1_2' title="bbox 1465 434 2154 505">
     <span class='ocr_line' id='line_1_2' title="bbox 1465 434 2154 505; baseline -0.001 0"><span class='ocrx_word' id='word_1_2' title='bbox 1465 434 1641 505; x_wconf 82' lang='lat' dir='ltr'><strong>VITA</strong></span> <span class='ocrx_word' id='word_1_3' title='bbox 1666 443 1728 503; x_wconf 88' lang='lat' dir='ltr'><strong>S.</strong></span> <span class='ocrx_word' id='word_1_4' title='bbox 1748 440 2154 504; x_wconf 26' lang='lat' dir='ltr'><strong>‘SYMEONIS.</strong></span> 
     </span>
    </p>
   </div>
   <div class='ocr_carea' id='block_1_3' title="bbox 3301 435 3435 501">
    <p class='ocr_par' dir='ltr' id='par_1_3' title="bbox 3301 435 3435 501">
     <span class='ocr_line' id='line_1_3' title="bbox 3301 435 3435 501; baseline 0.03 -4"><span class='ocrx_word' id='word_1_5' title='bbox 3301 435 3435 501; x_wconf 72' lang='grc'><strong>1678</strong></span> 
     </span>
    </p>
   </div>
   <div class='ocr_carea' id='block_1_4' title="bbox 196 543 1778 630">
    <p class='ocr_par' dir='ltr' id='par_1_4' title="bbox 196 544 1767 630">
     <span class='ocr_line' id='line_1_4' title="bbox 196 544 1767 630; baseline -0.004 -19"><span class='ocrx_word' id='word_1_6' title='bbox 196 559 278 630; x_wconf 82' lang='grc' dir='ltr'>τῷ</span> <span class='ocrx_word' id='word_1_7' title='bbox 303 558 419 625; x_wconf 84' lang='grc' dir='ltr'>ίδίῳ</span> <span class='ocrx_word' id='word_1_8' title='bbox 441 556 587 626; x_wconf 77' lang='grc' dir='ltr'>τόπῳ</span> <span class='ocrx_word' id='word_1_9' title='bbox 623 554 1085 627; x_wconf 75' lang='grc' dir='ltr'><strong>μνημονεύσομεν.</strong></span> <span class='ocrx_word' id='word_1_10' title='bbox 1119 544 1286 615; x_wconf 74' lang='grc' dir='ltr'>Οὗτος</span> <span class='ocrx_word' id='word_1_11' title='bbox 1311 544 1403 605; x_wconf 75' lang='grc' dir='ltr'><strong>οὖν</strong></span> <span class='ocrx_word' id='word_1_12' title='bbox 1428 551 1458 603; x_wconf 98' lang='lat'><strong>6</strong></span> <span class='ocrx_word' id='word_1_13' title='bbox 1480 549 1767 623; x_wconf 73' lang='grc' dir='ltr'><strong>εἰρημένος</strong></span> 
     </span>
    </p>
   </div>
   <div class='ocr_carea' id='block_1_5' title="bbox 1882 543 3433 630">
    <p class='ocr_par' dir='ltr' id='par_1_5' title="bbox 1882 543 3433 619">
     <span class='ocr_line' id='line_1_5' title="bbox 1882 543 3433 619; baseline -0.001 -16"><span class='ocrx_word' id='word_1_14' title='bbox 1882 564 1969 603; x_wconf 74' lang='lat' dir='ltr'><strong>suo</strong></span> <span class='ocrx_word' id='word_1_15' title='bbox 2009 548 2128 604; x_wconf 92' lang='lat' dir='ltr'><strong>loco</strong></span> <span class='ocrx_word' id='word_1_16' title='bbox 2169 546 2300 619; x_wconf 83' lang='grc'><strong>(10).</strong></span> <span class='ocrx_word' id='word_1_17' title='bbox 2337 546 2481 602; x_wconf 92' lang='lat' dir='ltr'><strong>ldem</strong></span> <span class='ocrx_word' id='word_1_18' title='bbox 2515 547 2693 616; x_wconf 79' lang='lat' dir='ltr'><strong>itaque</strong></span> <span class='ocrx_word' id='word_1_19' title='bbox 2731 545 3042 615; x_wconf 58' lang='lat' dir='ltr'><strong>praedictus,</strong></span> <span class='ocrx_word' id='word_1_20' title='bbox 3079 543 3175 599; x_wconf 91' lang='lat' dir='ltr'><strong>Dei</strong></span> <span class='ocrx_word' id='word_1_21' title='bbox 3225 560 3433 601; x_wconf 81' lang='lat' dir='ltr'><strong>amans.</strong></span> 
     </span>
    </p>
   </div>
   <div class='ocr_carea' id='block_1_6' title="bbox 198 637 1778 720">
    <p class='ocr_par' dir='ltr' id='par_1_6' title="bbox 198 642 1763 720">
     <span class='ocr_line' id='line_1_6' title="bbox 198 642 1763 720; baseline -0.006 -18"><span class='ocrx_word' id='word_1_22' title='bbox 198 650 452 720; x_wconf 76' lang='grc' dir='ltr'>θεοφιλὴς</span> <span class='ocrx_word' id='word_1_23' title='bbox 478 650 751 718; x_wconf 86' lang='grc' dir='ltr'>Ἰωάννης,</span> <span class='ocrx_word' id='word_1_24' title='bbox 788 650 815 701; x_wconf 89' lang='lat'><strong>6</strong></span> <span class='ocrx_word' id='word_1_25' title='bbox 842 647 1094 716; x_wconf 74' lang='grc' dir='ltr'><strong>ἐνάρετος</strong></span> <span class='ocrx_word' id='word_1_26' title='bbox 1129 646 1395 707; x_wconf 85' lang='grc' dir='ltr'>διάκονος,</span> <span class='ocrx_word' id='word_1_27' title='bbox 1444 642 1602 705; x_wconf 75' lang='grc' dir='ltr'>αὐτὸς</span> <span class='ocrx_word' id='word_1_28' title='bbox 1632 643 1763 711; x_wconf 84' lang='grc' dir='ltr'>ἡμῖν</span> 
     </span>
    </p>
   </div>
   <div class='ocr_carea' id='block_1_7' title="bbox 1882 637 3438 720">
    <p class='ocr_par' dir='ltr' id='par_1_7' title="bbox 1882 637 3438 707">
     <span class='ocr_line' id='line_1_7' title="bbox 1882 637 3438 707; baseline -0.002 -15"><span class='ocrx_word' id='word_1_29' title='bbox 1882 648 1925 693; x_wconf 72' lang='lat' dir='ltr'><strong>at</strong></span> <span class='ocrx_word' id='word_1_30' title='bbox 1944 639 2144 692; x_wconf 88' lang='lat' dir='ltr'><strong>virtute</strong></span> <span class='ocrx_word' id='word_1_31' title='bbox 2192 639 2389 707; x_wconf 80' lang='lat' dir='ltr'><strong>insigni</strong></span> <span class='ocrx_word' id='word_1_32' title='bbox 2434 637 2668 692; x_wconf 82' lang='lat' dir='ltr'><strong>Joannes</strong></span> <span class='ocrx_word' id='word_1_33' title='bbox 2712 638 3010 701; x_wconf 82' lang='lat' dir='ltr'><strong>diaconus,</strong></span> <span class='ocrx_word' id='word_1_34' title='bbox 3042 646 3263 691; x_wconf 85' lang='lat' dir='ltr'><strong>omnem</strong></span> <span class='ocrx_word' id='word_1_35' title='bbox 3297 654 3438 706; x_wconf 85' lang='lat' dir='ltr'><strong>pene.</strong></span> 
     </span>
    </p>
   </div>
   <div class='ocr_carea' id='block_1_8' title="bbox 82 733 1765 807">
    <p class='ocr_par' dir='ltr' id='par_1_8' title="bbox 82 733 1765 807">
     <span class='ocr_line' id='line_1_8' title="bbox 82 733 1765 807; baseline -0.005 -14"><span class='ocrx_word' id='word_1_36' title='bbox 82 744 93 752; x_wconf 83' lang='lat'><strong>&#39;</strong></span> <span class='ocrx_word' id='word_1_37' title='bbox 196 740 289 792; x_wconf 83' lang='grc' dir='ltr'><strong>τὸν</strong></span> <span class='ocrx_word' id='word_1_38' title='bbox 322 740 534 792; x_wconf 76' lang='grc' dir='ltr'>ἅπαντα</span> <span class='ocrx_word' id='word_1_39' title='bbox 566 738 677 806; x_wconf 86' lang='grc' dir='ltr'>βίον</span> <span class='ocrx_word' id='word_1_40' title='bbox 701 737 885 807; x_wconf 80' lang='grc' dir='ltr'>σχεδὸν</span> <span class='ocrx_word' id='word_1_41' title='bbox 911 736 1006 789; x_wconf 76' lang='grc' dir='ltr'>τοῦ</span> <span class='ocrx_word' id='word_1_42' title='bbox 1028 736 1304 805; x_wconf 84' lang='grc' dir='ltr'>πανσόφου</span> <span class='ocrx_word' id='word_1_43' title='bbox 1328 735 1643 805; x_wconf 81' lang='grc' dir='ltr'>διηγήσατο,</span> <span class='ocrx_word' id='word_1_44' title='bbox 1673 733 1765 785; x_wconf 76' lang='grc' dir='ltr'><strong>τὸν</strong></span> 
     </span>
    </p>
   </div>
   <div class='ocr_carea' id='block_1_9' title="bbox 200 823 1765 900">
    <p class='ocr_par' dir='ltr' id='par_1_9' title="bbox 200 823 1765 900">
     <span class='ocr_line' id='line_1_9' title="bbox 200 823 1765 900; baseline -0.004 -17"><span class='ocrx_word' id='word_1_45' title='bbox 200 831 404 900; x_wconf 82' lang='grc' dir='ltr'>Κύριον</span> <span class='ocrx_word' id='word_1_46' title='bbox 430 829 867 899; x_wconf 74' lang='grc' dir='ltr'>προϐαλλόμενος</span> <span class='ocrx_word' id='word_1_47' title='bbox 895 827 1003 880; x_wconf 83' lang='grc' dir='ltr'><strong>τῶν</strong></span> <span class='ocrx_word' id='word_1_48' title='bbox 1025 826 1333 895; x_wconf 83' lang='grc' dir='ltr'>λεγομένων</span> <span class='ocrx_word' id='word_1_49' title='bbox 1384 826 1655 894; x_wconf 88' lang='grc' dir='ltr'>μάρτυρα,</span> <span class='ocrx_word' id='word_1_50' title='bbox 1690 823 1765 885; x_wconf 83' lang='grc' dir='ltr'>ὡς</span> 
     </span>
    </p>
   </div>
   <div class='ocr_carea' id='block_1_10' title="bbox 195 916 1763 991">
    <p class='ocr_par' dir='ltr' id='par_1_10' title="bbox 195 916 1763 991">
     <span class='ocr_line' id='line_1_10' title="bbox 195 916 1763 991; baseline -0.006 -17"><span class='ocrx_word' id='word_1_51' title='bbox 195 924 279 974; x_wconf 80' lang='grc' dir='ltr'><strong>ὅτι</strong></span> <span class='ocrx_word' id='word_1_52' title='bbox 304 922 453 974; x_wconf 74' lang='grc' dir='ltr'>οὐδὲν</span> <span class='ocrx_word' id='word_1_53' title='bbox 480 922 621 973; x_wconf 81' lang='grc' dir='ltr'>κατὰ</span> <span class='ocrx_word' id='word_1_54' title='bbox 647 921 966 991; x_wconf 81' lang='grc' dir='ltr'><strong>προσθήκην</strong></span> <span class='ocrx_word' id='word_1_55' title='bbox 1008 917 1284 988; x_wconf 73' lang='grc' dir='ltr'>ἐπέγραψε</span> <span class='ocrx_word' id='word_1_56' title='bbox 1321 916 1399 986; x_wconf 81' lang='grc' dir='ltr'>τῷ</span> <span class='ocrx_word' id='word_1_57' title='bbox 1445 916 1763 984; x_wconf 85' lang='grc' dir='ltr'>διηγήματι,</span> 
     </span>
    </p>
   </div>
   <div class='ocr_carea' id='block_1_11' title="bbox 197 998 1767 1078">
    <p class='ocr_par' dir='ltr' id='par_1_11' title="bbox 197 998 1767 1078">
     <span class='ocr_line' id='line_1_11' title="bbox 197 998 1767 1078; baseline -0.003 -18"><span class='ocrx_word' id='word_1_58' title='bbox 197 998 336 1060; x_wconf 66' lang='lat' dir='ltr'><strong>am</strong></span> <span class='ocrx_word' id='word_1_59' title='bbox 362 1009 561 1078; x_wconf 84' lang='grc' dir='ltr'>μᾶλλον</span> <span class='ocrx_word' id='word_1_60' title='bbox 611 1010 705 1061; x_wconf 79' lang='grc' dir='ltr'><strong>καὶ</strong></span> <span class='ocrx_word' id='word_1_61' title='bbox 732 1009 800 1060; x_wconf 71' lang='grc' dir='ltr'><strong>τά</strong></span> <span class='ocrx_word' id='word_1_62' title='bbox 842 1008 1072 1059; x_wconf 78' lang='grc' dir='ltr'>πλεῖστα</span> <span class='ocrx_word' id='word_1_63' title='bbox 1100 1009 1164 1056; x_wconf 85' lang='grc' dir='ltr'><strong>ἐκ</strong></span> <span class='ocrx_word' id='word_1_64' title='bbox 1208 1003 1303 1055; x_wconf 79' lang='grc' dir='ltr'><strong>τοῦ</strong></span> <span class='ocrx_word' id='word_1_65' title='bbox 1335 1003 1529 1072; x_wconf 86' lang='grc' dir='ltr'>χρόνου</span> <span class='ocrx_word' id='word_1_66' title='bbox 1572 1003 1767 1056; x_wconf 86' lang='grc' dir='ltr'>ἐπελά-</span> 
     </span>
    </p>
   </div>
   <div class='ocr_carea' id='block_1_12' title="bbox 198 1099 343 1151">
    <p class='ocr_par' dir='ltr' id='par_1_12' title="bbox 198 1099 343 1151">
     <span class='ocr_line' id='line_1_12' title="bbox 198 1099 343 1151; baseline 0.014 -2"><span class='ocrx_word' id='word_1_67' title='bbox 198 1099 343 1151; x_wconf 89' lang='grc' dir='ltr'>θετο.</span> 
     </span>
    </p>
   </div>
   <div class='ocr_carea' id='block_1_13' title="bbox 270 1185 1768 1260">
    <p class='ocr_par' dir='ltr' id='par_1_13' title="bbox 270 1185 1768 1260">
     <span class='ocr_line' id='line_1_13' title="bbox 270 1185 1768 1260; baseline -0.002 -19"><span class='ocrx_word' id='word_1_68' title='bbox 270 1189 336 1252; x_wconf 76' lang='grc' dir='ltr'><strong>ζ’.</strong></span> <span class='ocrx_word' id='word_1_69' title='bbox 370 1190 797 1260; x_wconf 77' lang='grc' dir='ltr'>Κατερχομένων</span> <span class='ocrx_word' id='word_1_70' title='bbox 834 1190 928 1243; x_wconf 79' lang='grc' dir='ltr'>οὖν</span> <span class='ocrx_word' id='word_1_71' title='bbox 953 1188 1152 1248; x_wconf 83' lang='grc' dir='ltr'>αὐτῶν,</span> <span class='ocrx_word' id='word_1_72' title='bbox 1183 1187 1348 1256; x_wconf 72' lang='grc' dir='ltr'>φημὶ,</span> <span class='ocrx_word' id='word_1_73' title='bbox 1397 1185 1494 1256; x_wconf 82' lang='grc' dir='ltr'>τὴν</span> <span class='ocrx_word' id='word_1_74' title='bbox 1525 1186 1642 1239; x_wconf 80' lang='grc' dir='ltr'>ὁδὸν</span> <span class='ocrx_word' id='word_1_75' title='bbox 1669 1186 1768 1257; x_wconf 86' lang='grc' dir='ltr'>τήν</span> 
     </span>
    </p>
   </div>
   <div class='ocr_carea' id='block_1_14' title="bbox 195 1274 1769 1349">
    <p class='ocr_par' dir='ltr' id='par_1_14' title="bbox 195 1274 1769 1349">
     <span class='ocr_line' id='line_1_14' title="bbox 195 1274 1769 1349; baseline -0.001 -20"><span class='ocrx_word' id='word_1_76' title='bbox 195 1278 413 1347; x_wconf 84' lang='grc' dir='ltr'>ἀληθῶς</span> <span class='ocrx_word' id='word_1_77' title='bbox 438 1281 517 1341; x_wconf 88' lang='grc' dir='ltr'><strong>είς</strong></span> <span class='ocrx_word' id='word_1_78' title='bbox 546 1280 644 1349; x_wconf 80' lang='grc' dir='ltr'>τὴν</span> <span class='ocrx_word' id='word_1_79' title='bbox 684 1279 829 1348; x_wconf 79' lang='grc' dir='ltr'>ζωὴν</span> <span class='ocrx_word' id='word_1_80' title='bbox 884 1280 1082 1343; x_wconf 79' lang='grc' dir='ltr'>αὐτοὺς</span> <span class='ocrx_word' id='word_1_81' title='bbox 1127 1280 1494 1348; x_wconf 83' lang='grc' dir='ltr'>ὁδηγήσασαν,</span> <span class='ocrx_word' id='word_1_82' title='bbox 1543 1274 1610 1349; x_wconf 73' lang='grc' dir='ltr'>ἦν</span> <span class='ocrx_word' id='word_1_83' title='bbox 1644 1279 1769 1331; x_wconf 85' lang='grc' dir='ltr'>ἰδεῖν</span> 
     </span>
    </p>
   </div>
   <div class='ocr_carea' id='block_1_15' title="bbox 195 1370 1771 1442">
    <p class='ocr_par' dir='ltr' id='par_1_15' title="bbox 195 1370 1771 1442">
     <span class='ocr_line' id='line_1_15' title="bbox 195 1370 1771 1442; baseline -0.001 -19"><span class='ocrx_word' id='word_1_84' title='bbox 195 1371 396 1433; x_wconf 78' lang='grc' dir='ltr'>αὐτοὺς</span> <span class='ocrx_word' id='word_1_85' title='bbox 424 1371 869 1438; x_wconf 85' lang='grc' dir='ltr'>άγαλλιωμένους</span> <span class='ocrx_word' id='word_1_86' title='bbox 894 1373 986 1424; x_wconf 72' lang='grc' dir='ltr'><strong>καὶ</strong></span> <span class='ocrx_word' id='word_1_87' title='bbox 1014 1372 1325 1441; x_wconf 81' lang='grc' dir='ltr'><strong>τρέχοντας,</strong></span> <span class='ocrx_word' id='word_1_88' title='bbox 1351 1370 1425 1433; x_wconf 82' lang='grc' dir='ltr'>ὼς</span> <span class='ocrx_word' id='word_1_89' title='bbox 1450 1370 1653 1442; x_wconf 78' lang='grc' dir='ltr'>Πέτρον</span> <span class='ocrx_word' id='word_1_90' title='bbox 1676 1370 1771 1423; x_wconf 73' lang='grc' dir='ltr'><strong>καὶ</strong></span> 
     </span>
    </p>
   </div>
   <div class='ocr_carea' id='block_1_16' title="bbox 209 1460 1771 1532">
    <p class='ocr_par' dir='ltr' id='par_1_16' title="bbox 209 1460 1771 1532">
     <span class='ocr_line' id='line_1_16' title="bbox 209 1460 1771 1532; baseline 0 -20"><span class='ocrx_word' id='word_1_91' title='bbox 209 1460 462 1531; x_wconf 79' lang='grc' dir='ltr'>Ἰωάννην</span> <span class='ocrx_word' id='word_1_92' title='bbox 488 1463 580 1514; x_wconf 75' lang='grc' dir='ltr'>ἐπὶ</span> <span class='ocrx_word' id='word_1_93' title='bbox 617 1465 708 1513; x_wconf 85' lang='grc' dir='ltr'>τὸν</span> <span class='ocrx_word' id='word_1_94' title='bbox 748 1462 1009 1526; x_wconf 84' lang='grc' dir='ltr'>ζωοποιὸν</span> <span class='ocrx_word' id='word_1_95' title='bbox 1058 1462 1152 1514; x_wconf 81' lang='grc' dir='ltr'>τοῦ</span> <span class='ocrx_word' id='word_1_96' title='bbox 1198 1462 1403 1532; x_wconf 81' lang='grc' dir='ltr'>Κυρίου</span> <span class='ocrx_word' id='word_1_97' title='bbox 1456 1462 1646 1531; x_wconf 79' lang='grc' dir='ltr'>τάφον,</span> <span class='ocrx_word' id='word_1_98' title='bbox 1677 1461 1771 1513; x_wconf 73' lang='grc' dir='ltr'><strong>καὶ</strong></span> 
     </span>
    </p>
   </div>
   <div class='ocr_carea' id='block_1_17' title="bbox 198 1544 1771 1624">
    <p class='ocr_par' dir='ltr' id='par_1_17' title="bbox 198 1544 1771 1624">
     <span class='ocr_line' id='line_1_17' title="bbox 198 1544 1771 1624; baseline -0.002 -20"><span class='ocrx_word' id='word_1_99' title='bbox 198 1553 463 1622; x_wconf 78' lang='grc' dir='ltr'><strong>ἀλλήλους</strong></span> <span class='ocrx_word' id='word_1_100' title='bbox 483 1557 547 1623; x_wconf 82' lang='grc' dir='ltr'>τῇ</span> <span class='ocrx_word' id='word_1_101' title='bbox 582 1553 859 1624; x_wconf 78' lang='grc' dir='ltr'><strong>προθυμίᾳ</strong></span> <span class='ocrx_word' id='word_1_102' title='bbox 912 1552 1273 1620; x_wconf 84' lang='grc' dir='ltr'>διεγείροντας</span> <span class='ocrx_word' id='word_1_103' title='bbox 1299 1593 1314 1613; x_wconf 91' lang='grc'><strong>,</strong></span> <span class='ocrx_word' id='word_1_104' title='bbox 1346 1552 1440 1603; x_wconf 77' lang='grc' dir='ltr'><strong>καὶ</strong></span> <span class='ocrx_word' id='word_1_105' title='bbox 1494 1544 1771 1620; x_wconf 82' lang='grc' dir='ltr'>προθυμο-</span> 
     </span>
    </p>
   </div>
   <div class='ocr_carea' id='block_1_18' title="bbox 197 1638 1768 1710">
    <p class='ocr_par' dir='ltr' id='par_1_18' title="bbox 197 1638 1768 1710">
     <span class='ocr_line' id='line_1_18' title="bbox 197 1638 1768 1710; baseline -0.002 -17"><span class='ocrx_word' id='word_1_106' title='bbox 197 1643 509 1705; x_wconf 84' lang='grc' dir='ltr'>ποιοῦντας.</span> <span class='ocrx_word' id='word_1_107' title='bbox 555 1642 611 1694; x_wconf 85' lang='grc'><strong>’0</strong></span> <span class='ocrx_word' id='word_1_108' title='bbox 655 1643 752 1710; x_wconf 79' lang='grc' dir='ltr'>μὲν</span> <span class='ocrx_word' id='word_1_109' title='bbox 784 1642 891 1710; x_wconf 85' lang='grc' dir='ltr'>γὰρ</span> <span class='ocrx_word' id='word_1_110' title='bbox 920 1640 1174 1707; x_wconf 83' lang='grc' dir='ltr'><strong>Ἰωάννης</strong></span> <span class='ocrx_word' id='word_1_111' title='bbox 1208 1638 1475 1706; x_wconf 74' lang='grc' dir='ltr'>ἐφοϐεῖτο,</span> <span class='ocrx_word' id='word_1_112' title='bbox 1512 1638 1768 1706; x_wconf 78' lang='grc' dir='ltr'>μήπωςὴ</span> 
     </span>
    </p>
   </div>
   <div class='ocr_carea' id='block_1_19' title="bbox 199 1728 1774 1802">
    <p class='ocr_par' dir='ltr' id='par_1_19' title="bbox 199 1728 1774 1802">
     <span class='ocr_line' id='line_1_19' title="bbox 199 1728 1774 1802; baseline -0.003 -17"><span class='ocrx_word' id='word_1_113' title='bbox 199 1733 513 1802; x_wconf 79' lang='grc' dir='ltr'>συμπάθεια</span> <span class='ocrx_word' id='word_1_114' title='bbox 539 1735 637 1799; x_wconf 73' lang='grc' dir='ltr'><strong>τῆς</strong></span> <span class='ocrx_word' id='word_1_115' title='bbox 684 1732 889 1801; x_wconf 83' lang='grc' dir='ltr'>μητρὸς</span> <span class='ocrx_word' id='word_1_116' title='bbox 942 1731 1187 1799; x_wconf 59' lang='grc' dir='ltr'>ἀνακάμψῃ</span> <span class='ocrx_word' id='word_1_117' title='bbox 1215 1729 1304 1781; x_wconf 77' lang='grc' dir='ltr'>τὸν</span> <span class='ocrx_word' id='word_1_118' title='bbox 1339 1728 1584 1797; x_wconf 86' lang='grc' dir='ltr'>Συμεών.</span> <span class='ocrx_word' id='word_1_119' title='bbox 1634 1728 1691 1781; x_wconf 85' lang='grc' dir='ltr'><strong>Ὀ</strong></span> <span class='ocrx_word' id='word_1_120' title='bbox 1718 1729 1774 1781; x_wconf 76' lang='grc' dir='ltr'>δὲ</span> 
     </span>
    </p>
   </div>
   <div class='ocr_carea' id='block_1_20' title="bbox 199 1820 1775 1891">
    <p class='ocr_par' dir='ltr' id='par_1_20' title="bbox 199 1820 1775 1891">
     <span class='ocr_line' id='line_1_20' title="bbox 199 1820 1775 1891; baseline -0.003 -16"><span class='ocrx_word' id='word_1_121' title='bbox 199 1825 365 1875; x_wconf 83' lang='grc' dir='ltr'>πάλιν</span> <span class='ocrx_word' id='word_1_122' title='bbox 393 1822 654 1886; x_wconf 78' lang='grc' dir='ltr'>ὲδίσταζε,</span> <span class='ocrx_word' id='word_1_123' title='bbox 680 1822 753 1891; x_wconf 80' lang='grc' dir='ltr'><strong>μὴ</strong></span> <span class='ocrx_word' id='word_1_124' title='bbox 775 1824 807 1891; x_wconf 87' lang='grc' dir='ltr'><strong>ἡ</strong></span> <span class='ocrx_word' id='word_1_125' title='bbox 830 1822 1174 1891; x_wconf 87' lang='grc' dir='ltr'>προσπάθεια</span> <span class='ocrx_word' id='word_1_126' title='bbox 1188 1821 1284 1889; x_wconf 84' lang='grc' dir='ltr'><strong>τῆς</strong></span> <span class='ocrx_word' id='word_1_127' title='bbox 1302 1820 1570 1889; x_wconf 85' lang='grc' dir='ltr'>νεογάμου</span> <span class='ocrx_word' id='word_1_128' title='bbox 1587 1836 1775 1887; x_wconf 85' lang='grc' dir='ltr'>γυναι-</span> 
     </span>
    </p>
   </div>
   <div class='ocr_carea' id='block_1_21' title="bbox 1871 727 3437 799">
    <p class='ocr_par' dir='ltr' id='par_1_21' title="bbox 1871 727 3437 799">
     <span class='ocr_line' id='line_1_21' title="bbox 1871 727 3437 799; baseline -0.003 -15"><span class='ocrx_word' id='word_1_129' title='bbox 1871 730 2039 784; x_wconf 89' lang='lat' dir='ltr'><strong>vitam</strong></span> <span class='ocrx_word' id='word_1_130' title='bbox 2098 730 2490 798; x_wconf 79' lang='lat' dir='ltr'><strong>sapientissimi</strong></span> <span class='ocrx_word' id='word_1_131' title='bbox 2568 730 2857 799; x_wconf 85' lang='lat' dir='ltr'><strong>Symeonis</strong></span> <span class='ocrx_word' id='word_1_132' title='bbox 2919 728 3077 782; x_wconf 87' lang='lat' dir='ltr'><strong>nobis</strong></span> <span class='ocrx_word' id='word_1_133' title='bbox 3149 727 3437 798; x_wconf 80' lang='lat' dir='ltr'><strong>exposuit;</strong></span> 
     </span>
    </p>
   </div>
   <div class='ocr_carea' id='block_1_22' title="bbox 1874 820 3443 890">
    <p class='ocr_par' dir='ltr' id='par_1_22' title="bbox 1874 820 3443 890">
     <span class='ocr_line' id='line_1_22' title="bbox 1874 820 3443 890; baseline -0.003 -14"><span class='ocrx_word' id='word_1_134' title='bbox 1874 823 2043 877; x_wconf 91' lang='lat' dir='ltr'><strong>Deum</strong></span> <span class='ocrx_word' id='word_1_135' title='bbox 2095 829 2326 879; x_wconf 89' lang='lat' dir='ltr'><strong>testatus</strong></span> <span class='ocrx_word' id='word_1_136' title='bbox 2380 823 2447 877; x_wconf 88' lang='lat' dir='ltr'><strong>de</strong></span> <span class='ocrx_word' id='word_1_137' title='bbox 2512 822 2578 875; x_wconf 88' lang='lat' dir='ltr'><strong>iis</strong></span> <span class='ocrx_word' id='word_1_138' title='bbox 2632 837 2752 890; x_wconf 71' lang='lat' dir='ltr'><strong>quae</strong></span> <span class='ocrx_word' id='word_1_139' title='bbox 2822 820 3065 886; x_wconf 86' lang='lat' dir='ltr'><strong>dicebat,</strong></span> <span class='ocrx_word' id='word_1_140' title='bbox 3122 828 3443 889; x_wconf 79' lang='lat' dir='ltr'><strong>tantumque</strong></span> 
     </span>
    </p>
   </div>
   <div class='ocr_carea' id='block_1_23' title="bbox 1872 912 3440 984">
    <p class='ocr_par' dir='ltr' id='par_1_23' title="bbox 1872 912 3440 984">
     <span class='ocr_line' id='line_1_23' title="bbox 1872 912 3440 984; baseline -0.003 -14"><span class='ocrx_word' id='word_1_141' title='bbox 1872 917 2080 980; x_wconf 87' lang='lat' dir='ltr'><strong>abesse,</strong></span> <span class='ocrx_word' id='word_1_142' title='bbox 2140 923 2201 969; x_wconf 93' lang='lat' dir='ltr'><strong>ut</strong></span> <span class='ocrx_word' id='word_1_143' title='bbox 2249 912 2451 984; x_wconf 84' lang='lat' dir='ltr'><strong>aliquid</strong></span> <span class='ocrx_word' id='word_1_144' title='bbox 2494 913 2739 969; x_wconf 82' lang='lat' dir='ltr'><strong>addendo</strong></span> <span class='ocrx_word' id='word_1_145' title='bbox 2784 912 3107 977; x_wconf 79' lang='lat' dir='ltr'><strong>narrationi,</strong></span> <span class='ocrx_word' id='word_1_146' title='bbox 3155 912 3440 966; x_wconf 89' lang='lat' dir='ltr'><strong>veritatem</strong></span> 
     </span>
    </p>
   </div>
   <div class='ocr_carea' id='block_1_24' title="bbox 1872 1003 3442 1077">
    <p class='ocr_par' dir='ltr' id='par_1_24' title="bbox 1872 1003 3442 1077">
     <span class='ocr_line' id='line_1_24' title="bbox 1872 1003 3442 1077; baseline -0.003 -17"><span class='ocrx_word' id='word_1_147' title='bbox 1872 1008 2115 1077; x_wconf 78' lang='lat' dir='ltr'><strong>ejusdem</strong></span> <span class='ocrx_word' id='word_1_148' title='bbox 2158 1009 2603 1068; x_wconf 75' lang='lat' dir='ltr'><strong>ctnltaminasset,</strong></span> <span class='ocrx_word' id='word_1_149' title='bbox 2656 1004 2791 1075; x_wconf 88' lang='lat' dir='ltr'><strong>quin</strong></span> <span class='ocrx_word' id='word_1_150' title='bbox 2842 1003 3023 1075; x_wconf 85' lang='lat' dir='ltr'><strong>potius</strong></span> <span class='ocrx_word' id='word_1_151' title='bbox 3067 1005 3237 1059; x_wconf 88' lang='lat' dir='ltr'><strong>multa</strong></span> <span class='ocrx_word' id='word_1_152' title='bbox 3288 1003 3442 1073; x_wconf 76' lang='lat' dir='ltr'><strong>lapsu</strong></span> 
     </span>
    </p>
   </div>
   <div class='ocr_carea' id='block_1_25' title="bbox 1874 1096 2559 1166">
    <p class='ocr_par' dir='ltr' id='par_1_25' title="bbox 1874 1096 2559 1166">
     <span class='ocr_line' id='line_1_25' title="bbox 1874 1096 2559 1166; baseline -0.004 -16"><span class='ocrx_word' id='word_1_153' title='bbox 1874 1098 2137 1166; x_wconf 84' lang='lat' dir='ltr'><strong>temporis</strong></span> <span class='ocrx_word' id='word_1_154' title='bbox 2168 1104 2311 1150; x_wconf 87' lang='lat' dir='ltr'><strong>esset</strong></span> <span class='ocrx_word' id='word_1_155' title='bbox 2340 1096 2559 1149; x_wconf 90' lang='lat' dir='ltr'><strong>oblitus.</strong></span> 
     </span>
    </p>
   </div>
   <div class='ocr_carea' id='block_1_26' title="bbox 1947 1182 3441 1258">
    <p class='ocr_par' dir='ltr' id='par_1_26' title="bbox 1947 1182 3441 1258">
     <span class='ocr_line' id='line_1_26' title="bbox 1947 1182 3441 1258; baseline -0.005 -16"><span class='ocrx_word' id='word_1_156' title='bbox 1947 1190 1997 1242; x_wconf 87' lang='lat'><strong>7.</strong></span> <span class='ocrx_word' id='word_1_157' title='bbox 2043 1191 2176 1243; x_wconf 88' lang='lat' dir='ltr'><strong>Dum</strong></span> <span class='ocrx_word' id='word_1_158' title='bbox 2211 1188 2393 1258; x_wconf 82' lang='lat' dir='ltr'><strong>itaque</strong></span> <span class='ocrx_word' id='word_1_159' title='bbox 2428 1188 2509 1257; x_wconf 92' lang='lat' dir='ltr'><strong>(ut</strong></span> <span class='ocrx_word' id='word_1_160' title='bbox 2542 1184 2809 1256; x_wconf 86' lang='lat' dir='ltr'><strong>dicebam)</strong></span> <span class='ocrx_word' id='word_1_161' title='bbox 2840 1184 2982 1240; x_wconf 88' lang='lat' dir='ltr'><strong>viam</strong></span> <span class='ocrx_word' id='word_1_162' title='bbox 3011 1182 3441 1254; x_wconf 82' lang='lat' dir='ltr'><strong>ingrederentur,</strong></span> 
     </span>
    </p>
   </div>
   <div class='ocr_carea' id='block_1_27' title="bbox 1874 1275 3448 1351">
    <p class='ocr_par' dir='ltr' id='par_1_27' title="bbox 1874 1275 3448 1351">
     <span class='ocr_line' id='line_1_27' title="bbox 1874 1275 3448 1351; baseline -0.005 -18"><span class='ocrx_word' id='word_1_163' title='bbox 1874 1297 1995 1351; x_wconf 77' lang='lat' dir='ltr'><strong>qua:</strong></span> <span class='ocrx_word' id='word_1_164' title='bbox 2025 1296 2151 1334; x_wconf 88' lang='lat' dir='ltr'><strong>vere</strong></span> <span class='ocrx_word' id='word_1_165' title='bbox 2178 1280 2412 1334; x_wconf 85' lang='lat' dir='ltr'><strong>ducebat</strong></span> <span class='ocrx_word' id='word_1_166' title='bbox 2458 1294 2551 1333; x_wconf 90' lang='lat' dir='ltr'><strong>eos</strong></span> <span class='ocrx_word' id='word_1_167' title='bbox 2604 1278 2669 1333; x_wconf 90' lang='lat' dir='ltr'><strong>ad</strong></span> <span class='ocrx_word' id='word_1_168' title='bbox 2716 1278 2904 1341; x_wconf 87' lang='lat' dir='ltr'><strong>vitam,</strong></span> <span class='ocrx_word' id='word_1_169' title='bbox 2940 1276 3122 1332; x_wconf 85' lang='lat' dir='ltr'><strong>videre</strong></span> <span class='ocrx_word' id='word_1_170' title='bbox 3155 1275 3302 1343; x_wconf 90' lang='lat' dir='ltr'><strong>ipsos</strong></span> <span class='ocrx_word' id='word_1_171' title='bbox 3329 1282 3448 1327; x_wconf 79' lang='lat' dir='ltr'><strong>erat</strong></span> 
     </span>
    </p>
   </div>
   <div class='ocr_carea' id='block_1_28' title="bbox 1876 1365 3447 1437">
    <p class='ocr_par' dir='ltr' id='par_1_28' title="bbox 1876 1365 3447 1437">
     <span class='ocr_line' id='line_1_28' title="bbox 1876 1365 3447 1437; baseline -0.006 -10"><span class='ocrx_word' id='word_1_172' title='bbox 1876 1374 2212 1427; x_wconf 78' lang='lat' dir='ltr'><strong>exsultantes</strong></span> <span class='ocrx_word' id='word_1_173' title='bbox 2258 1378 2313 1427; x_wconf 81' lang='lat' dir='ltr'><strong>et</strong></span> <span class='ocrx_word' id='word_1_174' title='bbox 2365 1380 2648 1425; x_wconf 86' lang='lat' dir='ltr'><strong>currentes</strong></span> <span class='ocrx_word' id='word_1_175' title='bbox 2679 1368 2810 1437; x_wconf 89' lang='lat' dir='ltr'><strong>(non</strong></span> <span class='ocrx_word' id='word_1_176' title='bbox 2857 1382 3015 1421; x_wconf 87' lang='lat' dir='ltr'><strong>secus</strong></span> <span class='ocrx_word' id='word_1_177' title='bbox 3051 1381 3114 1419; x_wconf 90' lang='lat' dir='ltr'><strong>ac</strong></span> <span class='ocrx_word' id='word_1_178' title='bbox 3140 1365 3354 1420; x_wconf 81' lang='lat' dir='ltr'><strong>Petrum</strong></span> <span class='ocrx_word' id='word_1_179' title='bbox 3391 1374 3447 1418; x_wconf 87' lang='lat' dir='ltr'><strong>et</strong></span> 
     </span>
    </p>
   </div>
   <div class='ocr_carea' id='block_1_29' title="bbox 1876 1459 3447 1530">
    <p class='ocr_par' dir='ltr' id='par_1_29' title="bbox 1876 1459 3447 1530">
     <span class='ocr_line' id='line_1_29' title="bbox 1876 1459 3447 1530; baseline -0.006 -10"><span class='ocrx_word' id='word_1_180' title='bbox 1876 1465 2140 1520; x_wconf 82' lang='lat' dir='ltr'><strong>Joannem</strong></span> <span class='ocrx_word' id='word_1_181' title='bbox 2173 1466 2237 1518; x_wconf 92' lang='lat' dir='ltr'><strong>ad</strong></span> <span class='ocrx_word' id='word_1_182' title='bbox 2267 1464 2536 1519; x_wconf 82' lang='lat' dir='ltr'><strong>vivificum</strong></span> <span class='ocrx_word' id='word_1_183' title='bbox 2566 1463 2775 1515; x_wconf 88' lang='lat' dir='ltr'><strong>Domini</strong></span> <span class='ocrx_word' id='word_1_184' title='bbox 2806 1459 3230 1530; x_wconf 84' lang='lat' dir='ltr'><strong>sepulcrum),et</strong></span> <span class='ocrx_word' id='word_1_185' title='bbox 3254 1464 3447 1512; x_wconf 88' lang='lat' dir='ltr'><strong>mutuo</strong></span> 
     </span>
    </p>
   </div>
   <div class='ocr_carea' id='block_1_30' title="bbox 1878 1549 3444 1610">
    <p class='ocr_par' dir='ltr' id='par_1_30' title="bbox 1878 1549 3444 1610">
     <span class='ocr_line' id='line_1_30' title="bbox 1878 1549 3444 1610; baseline -0.006 0"><span class='ocrx_word' id='word_1_186' title='bbox 1878 1557 2012 1610; x_wconf 89' lang='lat' dir='ltr'><strong>alter</strong></span> <span class='ocrx_word' id='word_1_187' title='bbox 2032 1556 2259 1609; x_wconf 87' lang='lat' dir='ltr'><strong>alterum</strong></span> <span class='ocrx_word' id='word_1_188' title='bbox 2290 1554 2559 1608; x_wconf 88' lang='lat' dir='ltr'><strong>desiderio</strong></span> <span class='ocrx_word' id='word_1_189' title='bbox 2581 1562 2634 1607; x_wconf 90' lang='lat' dir='ltr'><strong>et</strong></span> <span class='ocrx_word' id='word_1_190' title='bbox 2656 1552 2933 1606; x_wconf 81' lang='lat' dir='ltr'><strong>alacritate</strong></span> <span class='ocrx_word' id='word_1_191' title='bbox 2959 1550 3285 1605; x_wconf 76' lang='lat' dir='ltr'><strong>excitabant.</strong></span> <span class='ocrx_word' id='word_1_192' title='bbox 3312 1549 3444 1603; x_wconf 81' lang='lat' dir='ltr'><strong>Nam</strong></span> 
     </span>
    </p>
   </div>
   <div class='ocr_carea' id='block_1_31' title="bbox 1877 1643 3445 1713">
    <p class='ocr_par' dir='ltr' id='par_1_31' title="bbox 1877 1643 3445 1713">
     <span class='ocr_line' id='line_1_31' title="bbox 1877 1643 3445 1713; baseline -0.005 -10"><span class='ocrx_word' id='word_1_193' title='bbox 1877 1649 2116 1703; x_wconf 83' lang='lat' dir='ltr'><strong>Joannes</strong></span> <span class='ocrx_word' id='word_1_194' title='bbox 2163 1647 2439 1701; x_wconf 82' lang='lat' dir='ltr'><strong>metuebat</strong></span> <span class='ocrx_word' id='word_1_195' title='bbox 2487 1661 2560 1699; x_wconf 90' lang='lat' dir='ltr'><strong>ne</strong></span> <span class='ocrx_word' id='word_1_196' title='bbox 2604 1646 2830 1699; x_wconf 78' lang='lat' dir='ltr'><strong>affectus</strong></span> <span class='ocrx_word' id='word_1_197' title='bbox 2880 1643 3070 1697; x_wconf 87' lang='lat' dir='ltr'><strong>matris</strong></span> <span class='ocrx_word' id='word_1_198' title='bbox 3118 1644 3445 1713; x_wconf 86' lang='lat' dir='ltr'><strong>Symeonem</strong></span> 
     </span>
    </p>
   </div>
   <div class='ocr_carea' id='block_1_32' title="bbox 1881 1734 3444 1794">
    <p class='ocr_par' dir='ltr' id='par_1_32' title="bbox 1881 1734 3444 1794">
     <span class='ocr_line' id='line_1_32' title="bbox 1881 1734 3444 1794; baseline -0.004 -3"><span class='ocrx_word' id='word_1_199' title='bbox 1881 1738 2201 1792; x_wconf 86' lang='lat' dir='ltr'><strong>retardaret.</strong></span> <span class='ocrx_word' id='word_1_200' title='bbox 2273 1737 2371 1791; x_wconf 82' lang='lat' dir='ltr'><strong>Hic</strong></span> <span class='ocrx_word' id='word_1_201' title='bbox 2446 1750 2662 1789; x_wconf 83' lang='lat' dir='ltr'><strong>rursum</strong></span> <span class='ocrx_word' id='word_1_202' title='bbox 2713 1736 2952 1788; x_wconf 65' lang='lat' dir='ltr'><strong>haerebat</strong></span> <span class='ocrx_word' id='word_1_203' title='bbox 2998 1734 3216 1794; x_wconf 86' lang='lat' dir='ltr'><strong>dubius.</strong></span> <span class='ocrx_word' id='word_1_204' title='bbox 3266 1747 3444 1786; x_wconf 88' lang='lat' dir='ltr'><strong>annon</strong></span> 
     </span>
    </p>
   </div>
   <div class='ocr_carea' id='block_1_33' title="bbox 1882 1824 3448 1900">
    <p class='ocr_par' dir='ltr' id='par_1_33' title="bbox 1882 1824 3448 1900">
     <span class='ocr_line' id='line_1_33' title="bbox 1882 1824 3448 1900; baseline -0.005 -17"><span class='ocrx_word' id='word_1_205' title='bbox 1882 1830 2173 1900; x_wconf 84' lang='lat' dir='ltr'><strong>propensio</strong></span> <span class='ocrx_word' id='word_1_206' title='bbox 2201 1844 2357 1883; x_wconf 79' lang='lat' dir='ltr'><strong>novze</strong></span> <span class='ocrx_word' id='word_1_207' title='bbox 2400 1836 2604 1897; x_wconf 61' lang='lat' dir='ltr'><strong>nuptae,</strong></span> <span class='ocrx_word' id='word_1_208' title='bbox 2632 1827 2790 1880; x_wconf 83' lang='lat' dir='ltr'><strong>sicut</strong></span> <span class='ocrx_word' id='word_1_209' title='bbox 2830 1841 3051 1895; x_wconf 81' lang='lat' dir='ltr'><strong>magnes</strong></span> <span class='ocrx_word' id='word_1_210' title='bbox 3086 1825 3239 1895; x_wconf 89' lang='lat' dir='ltr'><strong>lapis,</strong></span> <span class='ocrx_word' id='word_1_211' title='bbox 3271 1824 3337 1879; x_wconf 90' lang='lat' dir='ltr'><strong>ad</strong></span> <span class='ocrx_word' id='word_1_212' title='bbox 3388 1839 3448 1877; x_wconf 82' lang='lat' dir='ltr'><strong>se</strong></span> 
     </span>
    </p>
   </div>
   <div class='ocr_carea' id='block_1_34' title="bbox 199 1904 1778 1985">
    <p class='ocr_par' dir='ltr' id='par_1_34' title="bbox 199 1904 1774 1981">
     <span class='ocr_line' id='line_1_34' title="bbox 199 1904 1774 1981; baseline -0.005 -17"><span class='ocrx_word' id='word_1_213' title='bbox 199 1914 319 1974; x_wconf 68' lang='grc' dir='ltr'>κὸς,</span> <span class='ocrx_word' id='word_1_214' title='bbox 341 1912 528 1981; x_wconf 77' lang='grc' dir='ltr'>ὥσπερ</span> <span class='ocrx_word' id='word_1_215' title='bbox 556 1910 829 1981; x_wconf 85' lang='grc' dir='ltr'>μαγνῆτις</span> <span class='ocrx_word' id='word_1_216' title='bbox 878 1908 1044 1972; x_wconf 85' lang='grc' dir='ltr'>λίθος,</span> <span class='ocrx_word' id='word_1_217' title='bbox 1072 1909 1209 1978; x_wconf 84' lang='grc' dir='ltr'>πρὸς</span> <span class='ocrx_word' id='word_1_218' title='bbox 1244 1907 1439 1976; x_wconf 79' lang='grc' dir='ltr'>ἑαυτὴν</span> <span class='ocrx_word' id='word_1_219' title='bbox 1473 1904 1774 1975; x_wconf 74' lang='grc' dir='ltr'>ἐπιστρέψῃ</span> 
     </span>
    </p>
   </div>
   <div class='ocr_carea' id='block_1_35' title="bbox 1882 1904 3450 1985">
    <p class='ocr_par' dir='ltr' id='par_1_35' title="bbox 1882 1914 3450 1985">
     <span class='ocr_line' id='line_1_35' title="bbox 1882 1914 3450 1985; baseline -0.006 -10"><span class='ocrx_word' id='word_1_220' title='bbox 1882 1921 2237 1975; x_wconf 80' lang='lat' dir='ltr'><strong>convertisset</strong></span> <span class='ocrx_word' id='word_1_221' title='bbox 2263 1919 2550 1973; x_wconf 81' lang='lat' dir='ltr'><strong>Joannem.</strong></span> <span class='ocrx_word' id='word_1_222' title='bbox 2582 1916 2646 1971; x_wconf 83' lang='lat' dir='ltr'><strong>Et</strong></span> <span class='ocrx_word' id='word_1_223' title='bbox 2687 1916 2738 1969; x_wconf 91' lang='lat' dir='ltr'><strong>in</strong></span> <span class='ocrx_word' id='word_1_224' title='bbox 2780 1923 3055 1985; x_wconf 87' lang='lat' dir='ltr'><strong>posterum</strong></span> <span class='ocrx_word' id='word_1_225' title='bbox 3105 1930 3166 1967; x_wconf 80' lang='lat' dir='ltr'><strong>ex</strong></span> <span class='ocrx_word' id='word_1_226' title='bbox 3197 1914 3287 1968; x_wconf 90' lang='lat' dir='ltr'><strong>illo</strong></span> <span class='ocrx_word' id='word_1_227' title='bbox 3313 1922 3450 1968; x_wconf 85' lang='lat' dir='ltr'><strong>tem-</strong></span> 
     </span>
    </p>
   </div>
   <div class='ocr_carea' id='block_1_36' title="bbox 197 1994 1775 2071">
    <p class='ocr_par' dir='ltr' id='par_1_36' title="bbox 197 1994 1775 2071">
     <span class='ocr_line' id='line_1_36' title="bbox 197 1994 1775 2071; baseline -0.004 -18"><span class='ocrx_word' id='word_1_228' title='bbox 197 2003 295 2055; x_wconf 64' lang='grc' dir='ltr'>τὸν</span> <span class='ocrx_word' id='word_1_229' title='bbox 322 2002 598 2071; x_wconf 85' lang='grc' dir='ltr'>Ἰωάννην.</span> <span class='ocrx_word' id='word_1_230' title='bbox 623 2002 731 2053; x_wconf 73' lang='grc' dir='ltr'>Καὶ</span> <span class='ocrx_word' id='word_1_231' title='bbox 772 1999 957 2053; x_wconf 82' lang='grc' dir='ltr'>λοιπὸν</span> <span class='ocrx_word' id='word_1_232' title='bbox 989 2001 1053 2051; x_wconf 85' lang='grc' dir='ltr'><strong>ἐκ</strong></span> <span class='ocrx_word' id='word_1_233' title='bbox 1082 1998 1271 2051; x_wconf 74' lang='grc' dir='ltr'>τούτου</span> <span class='ocrx_word' id='word_1_234' title='bbox 1302 1998 1489 2065; x_wconf 74' lang='grc' dir='ltr'>ἔτερος</span> <span class='ocrx_word' id='word_1_235' title='bbox 1524 1995 1658 2065; x_wconf 81' lang='grc' dir='ltr'>πρὸς</span> <span class='ocrx_word' id='word_1_236' title='bbox 1683 1994 1775 2047; x_wconf 72' lang='grc' dir='ltr'>τὸν</span> 
     </span>
    </p>
   </div>
   <div class='ocr_carea' id='block_1_37' title="bbox 198 2088 1777 2163">
    <p class='ocr_par' dir='ltr' id='par_1_37' title="bbox 198 2088 1777 2163">
     <span class='ocr_line' id='line_1_37' title="bbox 198 2088 1777 2163; baseline -0.004 -18"><span class='ocrx_word' id='word_1_237' title='bbox 198 2095 393 2163; x_wconf 83' lang='grc' dir='ltr'>ἓτερον</span> <span class='ocrx_word' id='word_1_238' title='bbox 417 2091 814 2161; x_wconf 85' lang='grc' dir='ltr'>νουθετητικοῖς</span> <span class='ocrx_word' id='word_1_239' title='bbox 858 2092 953 2144; x_wconf 75' lang='grc' dir='ltr'>καὶ</span> <span class='ocrx_word' id='word_1_240' title='bbox 998 2090 1428 2159; x_wconf 80' lang='grc' dir='ltr'>παρακλητικοίς</span> <span class='ocrx_word' id='word_1_241' title='bbox 1482 2088 1777 2157; x_wconf 72' lang='grc' dir='ltr'>ἐκέχρηντο</span> 
     </span>
    </p>
   </div>
   <div class='ocr_carea' id='block_1_38' title="bbox 199 2178 1777 2254">
    <p class='ocr_par' dir='ltr' id='par_1_38' title="bbox 199 2178 1777 2254">
     <span class='ocr_line' id='line_1_38' title="bbox 199 2178 1777 2254; baseline -0.005 -17"><span class='ocrx_word' id='word_1_242' title='bbox 199 2183 384 2251; x_wconf 74' lang='grc' dir='ltr'>λόγοις</span> <span class='ocrx_word' id='word_1_243' title='bbox 404 2202 418 2216; x_wconf 89' lang='grc'><strong>·</strong></span> <span class='ocrx_word' id='word_1_244' title='bbox 451 2184 543 2237; x_wconf 76' lang='grc' dir='ltr'><strong>καὶ</strong></span> <span class='ocrx_word' id='word_1_245' title='bbox 580 2184 607 2236; x_wconf 86' lang='lat'><strong>6</strong></span> <span class='ocrx_word' id='word_1_246' title='bbox 639 2183 736 2254; x_wconf 81' lang='grc' dir='ltr'>μὲν</span> <span class='ocrx_word' id='word_1_247' title='bbox 769 2182 975 2249; x_wconf 76' lang='grc' dir='ltr'>ἔλεγεν·</span> <span class='ocrx_word' id='word_1_248' title='bbox 1010 2183 1190 2250; x_wconf 78' lang='grc' dir='ltr'>Μηδὲν</span> <span class='ocrx_word' id='word_1_249' title='bbox 1214 2181 1555 2252; x_wconf 72' lang='grc' dir='ltr'>ρᾳθυμὴσῃς,</span> <span class='ocrx_word' id='word_1_250' title='bbox 1584 2178 1777 2245; x_wconf 80' lang='grc' dir='ltr'>ἁδελφέ</span> 
     </span>
    </p>
   </div>
   <div class='ocr_carea' id='block_1_39' title="bbox 204 2271 1778 2345">
    <p class='ocr_par' dir='ltr' id='par_1_39' title="bbox 204 2271 1778 2345">
     <span class='ocr_line' id='line_1_39' title="bbox 204 2271 1778 2345; baseline -0.003 -20"><span class='ocrx_word' id='word_1_251' title='bbox 204 2274 449 2344; x_wconf 85' lang='grc' dir='ltr'>Συμεών.</span> <span class='ocrx_word' id='word_1_252' title='bbox 491 2273 811 2344; x_wconf 75' lang='grc' dir='ltr'>Ἐλπίζομεν</span> <span class='ocrx_word' id='word_1_253' title='bbox 846 2274 955 2345; x_wconf 66' lang='grc' dir='ltr'>γὰρ</span> <span class='ocrx_word' id='word_1_254' title='bbox 980 2274 1060 2335; x_wconf 78' lang='grc' dir='ltr'><strong>εἰς</strong></span> <span class='ocrx_word' id='word_1_255' title='bbox 1084 2272 1174 2325; x_wconf 83' lang='grc' dir='ltr'><strong>τὸν</strong></span> <span class='ocrx_word' id='word_1_256' title='bbox 1199 2271 1358 2335; x_wconf 78' lang='grc' dir='ltr'>Θεὸν,</span> <span class='ocrx_word' id='word_1_257' title='bbox 1385 2271 1468 2323; x_wconf 82' lang='grc' dir='ltr'><strong>ὅτι</strong></span> <span class='ocrx_word' id='word_1_258' title='bbox 1498 2273 1564 2342; x_wconf 78' lang='grc' dir='ltr'>τῇ</span> <span class='ocrx_word' id='word_1_259' title='bbox 1607 2287 1778 2342; x_wconf 85' lang='grc' dir='ltr'>σημε-</span> 
     </span>
    </p>
   </div>
   <div class='ocr_carea' id='block_1_40' title="bbox 203 2362 1776 2434">
    <p class='ocr_par' dir='ltr' id='par_1_40' title="bbox 203 2362 1776 2434">
     <span class='ocr_line' id='line_1_40' title="bbox 203 2362 1776 2434; baseline 0.001 -21"><span class='ocrx_word' id='word_1_260' title='bbox 203 2364 328 2431; x_wconf 82' lang='grc' dir='ltr'>ρινῇ</span> <span class='ocrx_word' id='word_1_261' title='bbox 356 2362 539 2434; x_wconf 77' lang='grc' dir='ltr'>ἡμέρᾳ</span> <span class='ocrx_word' id='word_1_262' title='bbox 566 2363 1001 2434; x_wconf 80' lang='grc' dir='ltr'>άνεγεννὴθημεν</span> <span class='ocrx_word' id='word_1_263' title='bbox 1022 2379 1034 2391; x_wconf 90' lang='grc'><strong>·</strong></span> <span class='ocrx_word' id='word_1_264' title='bbox 1067 2362 1121 2415; x_wconf 86' lang='grc' dir='ltr'><strong>τί</strong></span> <span class='ocrx_word' id='word_1_265' title='bbox 1152 2362 1260 2433; x_wconf 79' lang='grc' dir='ltr'>γὰρ</span> <span class='ocrx_word' id='word_1_266' title='bbox 1291 2364 1440 2433; x_wconf 79' lang='grc' dir='ltr'>ἡμᾶς</span> <span class='ocrx_word' id='word_1_267' title='bbox 1475 2365 1543 2415; x_wconf 74' lang='grc' dir='ltr'>τὰ</span> <span class='ocrx_word' id='word_1_268' title='bbox 1574 2365 1776 2432; x_wconf 86' lang='grc' dir='ltr'>μάταια</span> 
     </span>
    </p>
   </div>
   <div class='ocr_carea' id='block_1_41' title="bbox 203 2453 1775 2525">
    <p class='ocr_par' dir='ltr' id='par_1_41' title="bbox 203 2453 1775 2525">
     <span class='ocr_line' id='line_1_41' title="bbox 203 2453 1775 2525; baseline 0.002 -21"><span class='ocrx_word' id='word_1_269' title='bbox 203 2454 390 2505; x_wconf 78' lang='grc' dir='ltr'>ἐκεῖνα</span> <span class='ocrx_word' id='word_1_270' title='bbox 422 2453 515 2506; x_wconf 86' lang='grc' dir='ltr'>τοῦ</span> <span class='ocrx_word' id='word_1_271' title='bbox 555 2453 671 2523; x_wconf 86' lang='grc' dir='ltr'>βίου</span> <span class='ocrx_word' id='word_1_272' title='bbox 710 2456 1031 2525; x_wconf 85' lang='grc' dir='ltr'>πράγματα,</span> <span class='ocrx_word' id='word_1_273' title='bbox 1058 2456 1155 2508; x_wconf 74' lang='grc' dir='ltr'>καὶ</span> <span class='ocrx_word' id='word_1_274' title='bbox 1181 2459 1208 2509; x_wconf 91' lang='lat'><strong>6</strong></span> <span class='ocrx_word' id='word_1_275' title='bbox 1227 2454 1457 2518; x_wconf 75' lang='grc' dir='ltr'>πλοῦτος</span> <span class='ocrx_word' id='word_1_276' title='bbox 1496 2455 1775 2525; x_wconf 68' lang='grc' dir='ltr'>ὠφελῆσαι</span> 
     </span>
    </p>
   </div>
   <div class='ocr_carea' id='block_1_42' title="bbox 204 2546 1777 2617">
    <p class='ocr_par' dir='ltr' id='par_1_42' title="bbox 204 2546 1777 2617">
     <span class='ocr_line' id='line_1_42' title="bbox 204 2546 1777 2617; baseline 0.003 -21"><span class='ocrx_word' id='word_1_277' title='bbox 204 2549 268 2597; x_wconf 78' lang='grc' dir='ltr'><strong>ἐν</strong></span> <span class='ocrx_word' id='word_1_278' title='bbox 298 2546 479 2617; x_wconf 80' lang='grc' dir='ltr'>ἡμέρᾳ</span> <span class='ocrx_word' id='word_1_279' title='bbox 507 2548 741 2616; x_wconf 84' lang='grc' dir='ltr'>κρίσεως</span> <span class='ocrx_word' id='word_1_280' title='bbox 792 2548 1042 2600; x_wconf 88' lang='grc' dir='ltr'>ἐδύναντο</span> <span class='ocrx_word' id='word_1_281' title='bbox 1069 2588 1082 2610; x_wconf 92' lang='grc'><strong>,</strong></span> <span class='ocrx_word' id='word_1_282' title='bbox 1123 2548 1259 2601; x_wconf 76' lang='grc' dir='ltr'>ἀλλὰ</span> <span class='ocrx_word' id='word_1_283' title='bbox 1301 2548 1499 2617; x_wconf 78' lang='grc' dir='ltr'>μᾶλλον</span> <span class='ocrx_word' id='word_1_284' title='bbox 1525 2547 1621 2600; x_wconf 77' lang='grc' dir='ltr'><strong>καὶ</strong></span> <span class='ocrx_word' id='word_1_285' title='bbox 1653 2547 1777 2616; x_wconf 84' lang='grc' dir='ltr'>βλά-</span> 
     </span>
    </p>
   </div>
   <div class='ocr_carea' id='block_1_43' title="bbox 205 2636 1780 2709">
    <p class='ocr_par' dir='ltr' id='par_1_43' title="bbox 205 2636 1780 2709">
     <span class='ocr_line' id='line_1_43' title="bbox 205 2636 1780 2709; baseline 0.002 -22"><span class='ocrx_word' id='word_1_286' title='bbox 205 2636 310 2702; x_wconf 75' lang='grc' dir='ltr'><strong>ψαι</strong></span> <span class='ocrx_word' id='word_1_287' title='bbox 336 2653 351 2701; x_wconf 85' lang='lat'><strong>;</strong></span> <span class='ocrx_word' id='word_1_288' title='bbox 387 2637 507 2689; x_wconf 79' lang='grc' dir='ltr'><strong>οὐδὲ</strong></span> <span class='ocrx_word' id='word_1_289' title='bbox 534 2639 567 2707; x_wconf 92' lang='grc' dir='ltr'><strong>ἡ</strong></span> <span class='ocrx_word' id='word_1_290' title='bbox 598 2639 785 2708; x_wconf 79' lang='grc' dir='ltr'>νεότης</span> <span class='ocrx_word' id='word_1_291' title='bbox 807 2640 989 2705; x_wconf 86' lang='grc' dir='ltr'>πάλιν,</span> <span class='ocrx_word' id='word_1_292' title='bbox 1022 2641 1118 2693; x_wconf 78' lang='grc' dir='ltr'>καὶ</span> <span class='ocrx_word' id='word_1_293' title='bbox 1144 2641 1203 2693; x_wconf 83' lang='grc' dir='ltr'><strong>τὸ</strong></span> <span class='ocrx_word' id='word_1_294' title='bbox 1232 2639 1447 2704; x_wconf 83' lang='grc' dir='ltr'>κάλλος,</span> <span class='ocrx_word' id='word_1_295' title='bbox 1472 2640 1534 2693; x_wconf 75' lang='grc' dir='ltr'>τὸ</span> <span class='ocrx_word' id='word_1_296' title='bbox 1558 2638 1780 2709; x_wconf 86' lang='grc' dir='ltr'>προκεί-</span> 
     </span>
    </p>
   </div>
   <div class='ocr_carea' id='block_1_44' title="bbox 212 2715 1780 2803">
    <p class='ocr_par' dir='ltr' id='par_1_44' title="bbox 212 2715 1780 2803">
     <span class='ocr_line' id='line_1_44' title="bbox 212 2715 1780 2803; baseline 0.003 -24"><span class='ocrx_word' id='word_1_297' title='bbox 212 2744 374 2796; x_wconf 77' lang='grc' dir='ltr'>μενον</span> <span class='ocrx_word' id='word_1_298' title='bbox 410 2715 488 2798; x_wconf 81' lang='grc' dir='ltr'>τῷ</span> <span class='ocrx_word' id='word_1_299' title='bbox 523 2729 731 2798; x_wconf 82' lang='grc' dir='ltr'>σώματι</span> <span class='ocrx_word' id='word_1_300' title='bbox 755 2731 933 2801; x_wconf 83' lang='grc' dir='ltr'>ἡμῶν,</span> <span class='ocrx_word' id='word_1_301' title='bbox 969 2734 1046 2795; x_wconf 82' lang='grc' dir='ltr'><strong>είς</strong></span> <span class='ocrx_word' id='word_1_302' title='bbox 1069 2734 1221 2795; x_wconf 81' lang='grc' dir='ltr'>τέλος</span> <span class='ocrx_word' id='word_1_303' title='bbox 1256 2734 1570 2803; x_wconf 75' lang='grc' dir='ltr'>ἀμάραντον</span> <span class='ocrx_word' id='word_1_304' title='bbox 1589 2732 1780 2802; x_wconf 87' lang='grc' dir='ltr'>διαμέ-</span> 
     </span>
    </p>
   </div>
   <div class='ocr_carea' id='block_1_45' title="bbox 209 2819 1781 2895">
    <p class='ocr_par' dir='ltr' id='par_1_45' title="bbox 209 2819 1781 2895">
     <span class='ocr_line' id='line_1_45' title="bbox 209 2819 1781 2895; baseline 0.003 -25"><span class='ocrx_word' id='word_1_305' title='bbox 209 2836 315 2872; x_wconf 73' lang='grc' dir='ltr'>νει.</span> <span class='ocrx_word' id='word_1_306' title='bbox 358 2819 495 2873; x_wconf 83' lang='grc' dir='ltr'>Ἀλλ’</span> <span class='ocrx_word' id='word_1_307' title='bbox 523 2820 555 2890; x_wconf 75' lang='grc' dir='ltr'><strong>ἢ</strong></span> <span class='ocrx_word' id='word_1_308' title='bbox 594 2820 698 2874; x_wconf 79' lang='grc' dir='ltr'>ὑπὸ</span> <span class='ocrx_word' id='word_1_309' title='bbox 727 2822 819 2875; x_wconf 78' lang='grc' dir='ltr'><strong>τοῦ</strong></span> <span class='ocrx_word' id='word_1_310' title='bbox 853 2824 1056 2893; x_wconf 84' lang='grc' dir='ltr'>γήρους</span> <span class='ocrx_word' id='word_1_311' title='bbox 1080 2824 1157 2893; x_wconf 85' lang='grc' dir='ltr'>τῷ</span> <span class='ocrx_word' id='word_1_312' title='bbox 1187 2824 1385 2895; x_wconf 81' lang='grc' dir='ltr'>καιρῷ,</span> <span class='ocrx_word' id='word_1_313' title='bbox 1417 2823 1450 2893; x_wconf 82' lang='grc' dir='ltr'><strong>ἢ</strong></span> <span class='ocrx_word' id='word_1_314' title='bbox 1481 2824 1587 2876; x_wconf 81' lang='grc' dir='ltr'><strong>ὑπὸ</strong></span> <span class='ocrx_word' id='word_1_315' title='bbox 1617 2821 1781 2875; x_wconf 78' lang='grc' dir='ltr'>θανάο</span> 
     </span>
    </p>
   </div>
   <div class='ocr_carea' id='block_1_46' title="bbox 210 2910 1783 2983">
    <p class='ocr_par' dir='ltr' id='par_1_46' title="bbox 210 2910 1783 2983">
     <span class='ocr_line' id='line_1_46' title="bbox 210 2910 1783 2983; baseline 0.001 -20"><span class='ocrx_word' id='word_1_316' title='bbox 210 2927 307 2963; x_wconf 79' lang='grc' dir='ltr'><strong>του</strong></span> <span class='ocrx_word' id='word_1_317' title='bbox 354 2910 448 2963; x_wconf 83' lang='grc' dir='ltr'><strong>τοῦ</strong></span> <span class='ocrx_word' id='word_1_318' title='bbox 497 2914 828 2983; x_wconf 81' lang='grc' dir='ltr'>προσκαίρου</span> <span class='ocrx_word' id='word_1_319' title='bbox 878 2915 1205 2967; x_wconf 67' lang='grc' dir='ltr'>ἀπόλλυται·</span> <span class='ocrx_word' id='word_1_320' title='bbox 1236 2915 1329 2967; x_wconf 78' lang='grc' dir='ltr'>καὶ</span> <span class='ocrx_word' id='word_1_321' title='bbox 1360 2914 1435 2977; x_wconf 84' lang='grc' dir='ltr'>ὼς</span> <span class='ocrx_word' id='word_1_322' title='bbox 1485 2912 1656 2966; x_wconf 79' lang='grc' dir='ltr'>ταῦτα</span> <span class='ocrx_word' id='word_1_323' title='bbox 1687 2912 1783 2965; x_wconf 78' lang='grc' dir='ltr'>καὶ</span> 
     </span>
    </p>
   </div>
   <div class='ocr_carea' id='block_1_47' title="bbox 213 3003 1780 3076">
    <p class='ocr_par' dir='ltr' id='par_1_47' title="bbox 213 3003 1780 3076">
     <span class='ocr_line' id='line_1_47' title="bbox 213 3003 1780 3076; baseline 0.001 -22"><span class='ocrx_word' id='word_1_324' title='bbox 213 3003 395 3074; x_wconf 77' lang='grc' dir='ltr'>πολλῷ</span> <span class='ocrx_word' id='word_1_325' title='bbox 446 3004 669 3058; x_wconf 81' lang='grc' dir='ltr'>πλείονα</span> <span class='ocrx_word' id='word_1_326' title='bbox 716 3005 901 3073; x_wconf 78' lang='grc' dir='ltr'>ἔλεγεν</span> <span class='ocrx_word' id='word_1_327' title='bbox 932 3006 1067 3076; x_wconf 75' lang='grc' dir='ltr'>πρὸς</span> <span class='ocrx_word' id='word_1_328' title='bbox 1125 3005 1388 3075; x_wconf 82' lang='grc' dir='ltr'>Συμεῶνα</span> <span class='ocrx_word' id='word_1_329' title='bbox 1430 3007 1458 3058; x_wconf 92' lang='lat'><strong>6</strong></span> <span class='ocrx_word' id='word_1_330' title='bbox 1509 3006 1780 3074; x_wconf 80' lang='grc' dir='ltr'>Ἰωάννης,</span> 
     </span>
    </p>
   </div>
   <div class='ocr_carea' id='block_1_48' title="bbox 214 3094 1783 3167">
    <p class='ocr_par' dir='ltr' id='par_1_48' title="bbox 214 3094 1783 3167">
     <span class='ocr_line' id='line_1_48' title="bbox 214 3094 1783 3167; baseline 0.003 -21"><span class='ocrx_word' id='word_1_331' title='bbox 214 3094 375 3147; x_wconf 86' lang='grc' dir='ltr'>πάλιν</span> <span class='ocrx_word' id='word_1_332' title='bbox 405 3094 803 3163; x_wconf 68' lang='grc' dir='ltr'>ἀντεφθέγγετο</span> <span class='ocrx_word' id='word_1_333' title='bbox 831 3098 1059 3160; x_wconf 80' lang='grc' dir='ltr'>ἐκεῖνος,</span> <span class='ocrx_word' id='word_1_334' title='bbox 1096 3098 1191 3149; x_wconf 73' lang='grc' dir='ltr'>καὶ</span> <span class='ocrx_word' id='word_1_335' title='bbox 1221 3098 1288 3150; x_wconf 80' lang='grc' dir='ltr'><strong>τά</strong></span> <span class='ocrx_word' id='word_1_336' title='bbox 1319 3098 1480 3167; x_wconf 83' lang='grc' dir='ltr'>ὅμοια</span> <span class='ocrx_word' id='word_1_337' title='bbox 1513 3096 1783 3150; x_wconf 74' lang='grc' dir='ltr'><strong>ἐδυσώπει</strong></span> 
     </span>
    </p>
   </div>
   <div class='ocr_carea' id='block_1_49' title="bbox 1878 2006 3451 2082">
    <p class='ocr_par' dir='ltr' id='par_1_49' title="bbox 1878 2006 3451 2082">
     <span class='ocr_line' id='line_1_49' title="bbox 1878 2006 3451 2082; baseline -0.004 -17"><span class='ocrx_word' id='word_1_338' title='bbox 1878 2027 2029 2082; x_wconf 87' lang='lat' dir='ltr'><strong>pore,</strong></span> <span class='ocrx_word' id='word_1_339' title='bbox 2063 2010 2368 2065; x_wconf 90' lang='lat' dir='ltr'><strong>monitoriis</strong></span> <span class='ocrx_word' id='word_1_340' title='bbox 2398 2020 2452 2063; x_wconf 90' lang='lat' dir='ltr'><strong>et</strong></span> <span class='ocrx_word' id='word_1_341' title='bbox 2478 2008 2861 2063; x_wconf 77' lang='lat' dir='ltr'><strong>consolatoriis</strong></span> <span class='ocrx_word' id='word_1_342' title='bbox 2896 2008 3037 2060; x_wconf 90' lang='lat' dir='ltr'><strong>inter</strong></span> <span class='ocrx_word' id='word_1_343' title='bbox 3068 2020 3125 2060; x_wconf 88' lang='lat' dir='ltr'><strong>se</strong></span> <span class='ocrx_word' id='word_1_344' title='bbox 3157 2006 3451 2060; x_wconf 79' lang='lat' dir='ltr'><strong>utebantur</strong></span> 
     </span>
    </p>
   </div>
   <div class='ocr_carea' id='block_1_50' title="bbox 1879 2098 3448 2168">
    <p class='ocr_par' dir='ltr' id='par_1_50' title="bbox 1879 2098 3448 2168">
     <span class='ocr_line' id='line_1_50' title="bbox 1879 2098 3448 2168; baseline -0.005 -11"><span class='ocrx_word' id='word_1_345' title='bbox 1879 2103 2238 2158; x_wconf 88' lang='lat' dir='ltr'><strong>sermonibus.</strong></span> <span class='ocrx_word' id='word_1_346' title='bbox 2272 2100 2340 2155; x_wconf 86' lang='lat' dir='ltr'><strong>Et</strong></span> <span class='ocrx_word' id='word_1_347' title='bbox 2369 2101 2457 2154; x_wconf 92' lang='lat' dir='ltr'><strong>hic</strong></span> <span class='ocrx_word' id='word_1_348' title='bbox 2506 2100 2725 2168; x_wconf 81' lang='lat' dir='ltr'><strong>quidem</strong></span> <span class='ocrx_word' id='word_1_349' title='bbox 2765 2099 2939 2153; x_wconf 80' lang='lat' dir='ltr'><strong>dixit:</strong></span> <span class='ocrx_word' id='word_1_350' title='bbox 2975 2098 3300 2166; x_wconf 83' lang='lat' dir='ltr'><strong>Neutiquam</strong></span> <span class='ocrx_word' id='word_1_351' title='bbox 3333 2104 3448 2151; x_wconf 86' lang='lat' dir='ltr'><strong>tor-</strong></span> 
     </span>
    </p>
   </div>
   <div class='ocr_carea' id='block_1_51' title="bbox 1879 2188 3449 2264">
    <p class='ocr_par' dir='ltr' id='par_1_51' title="bbox 1879 2188 3449 2264">
     <span class='ocr_line' id='line_1_51' title="bbox 1879 2188 3449 2264; baseline -0.002 -19"><span class='ocrx_word' id='word_1_352' title='bbox 1879 2209 2027 2264; x_wconf 84' lang='lat' dir='ltr'><strong>peas,</strong></span> <span class='ocrx_word' id='word_1_353' title='bbox 2055 2194 2221 2247; x_wconf 85' lang='lat' dir='ltr'><strong>frater</strong></span> <span class='ocrx_word' id='word_1_354' title='bbox 2249 2192 2516 2263; x_wconf 82' lang='lat' dir='ltr'><strong>Symeon;</strong></span> <span class='ocrx_word' id='word_1_355' title='bbox 2550 2206 2835 2260; x_wconf 89' lang='lat' dir='ltr'><strong>speramus</strong></span> <span class='ocrx_word' id='word_1_356' title='bbox 2860 2190 3006 2243; x_wconf 87' lang='lat' dir='ltr'><strong>enim</strong></span> <span class='ocrx_word' id='word_1_357' title='bbox 3042 2191 3096 2243; x_wconf 80' lang='lat' dir='ltr'><strong>in</strong></span> <span class='ocrx_word' id='word_1_358' title='bbox 3120 2189 3310 2255; x_wconf 91' lang='lat' dir='ltr'><strong>Deum,</strong></span> <span class='ocrx_word' id='word_1_359' title='bbox 3348 2188 3449 2243; x_wconf 86' lang='lat' dir='ltr'><strong>ho-</strong></span> 
     </span>
    </p>
   </div>
   <div class='ocr_carea' id='block_1_52' title="bbox 1880 2280 3452 2353">
    <p class='ocr_par' dir='ltr' id='par_1_52' title="bbox 1880 2280 3452 2353">
     <span class='ocr_line' id='line_1_52' title="bbox 1880 2280 3452 2353; baseline -0.004 -13"><span class='ocrx_word' id='word_1_360' title='bbox 1880 2285 2066 2340; x_wconf 71' lang='lat' dir='ltr'><strong>dierna</strong></span> <span class='ocrx_word' id='word_1_361' title='bbox 2098 2284 2185 2339; x_wconf 88' lang='lat' dir='ltr'><strong>die</strong></span> <span class='ocrx_word' id='word_1_362' title='bbox 2222 2298 2324 2336; x_wconf 91' lang='lat' dir='ltr'><strong>nos</strong></span> <span class='ocrx_word' id='word_1_363' title='bbox 2353 2297 2475 2336; x_wconf 88' lang='lat' dir='ltr'><strong>esse</strong></span> <span class='ocrx_word' id='word_1_364' title='bbox 2522 2289 2891 2353; x_wconf 77' lang='lat' dir='ltr'><strong>regeneratus.</strong></span> <span class='ocrx_word' id='word_1_365' title='bbox 2927 2282 3067 2347; x_wconf 86' lang='lat' dir='ltr'><strong>Quid</strong></span> <span class='ocrx_word' id='word_1_366' title='bbox 3106 2280 3253 2334; x_wconf 85' lang='lat' dir='ltr'><strong>enim</strong></span> <span class='ocrx_word' id='word_1_367' title='bbox 3292 2280 3452 2335; x_wconf 91' lang='lat' dir='ltr'><strong>nobis</strong></span> 
     </span>
    </p>
   </div>
   <div class='ocr_carea' id='block_1_53' title="bbox 1880 2372 3452 2443">
    <p class='ocr_par' dir='ltr' id='par_1_53' title="bbox 1880 2372 3452 2443">
     <span class='ocr_line' id='line_1_53' title="bbox 1880 2372 3452 2443; baseline -0.004 -12"><span class='ocrx_word' id='word_1_368' title='bbox 1880 2379 2059 2432; x_wconf 66' lang='lat' dir='ltr'><strong>stultae</strong></span> <span class='ocrx_word' id='word_1_369' title='bbox 2116 2378 2216 2430; x_wconf 71' lang='lat' dir='ltr'><strong>illa:</strong></span> <span class='ocrx_word' id='word_1_370' title='bbox 2277 2374 2401 2430; x_wconf 71' lang='lat' dir='ltr'><strong>vitae</strong></span> <span class='ocrx_word' id='word_1_371' title='bbox 2457 2391 2544 2429; x_wconf 89' lang='lat' dir='ltr'><strong>res</strong></span> <span class='ocrx_word' id='word_1_372' title='bbox 2582 2384 2637 2428; x_wconf 90' lang='lat' dir='ltr'><strong>et</strong></span> <span class='ocrx_word' id='word_1_373' title='bbox 2694 2374 2895 2428; x_wconf 71' lang='lat' dir='ltr'><strong>divitia:</strong></span> <span class='ocrx_word' id='word_1_374' title='bbox 2964 2373 3221 2443; x_wconf 87' lang='lat' dir='ltr'><strong>prodesse</strong></span> <span class='ocrx_word' id='word_1_375' title='bbox 3270 2373 3324 2427; x_wconf 89' lang='lat' dir='ltr'><strong>in</strong></span> <span class='ocrx_word' id='word_1_376' title='bbox 3364 2372 3452 2425; x_wconf 91' lang='lat' dir='ltr'><strong>die</strong></span> 
     </span>
    </p>
   </div>
   <div class='ocr_carea' id='block_1_54' title="bbox 1877 2463 3455 2539">
    <p class='ocr_par' dir='ltr' id='par_1_54' title="bbox 1877 2463 3455 2539">
     <span class='ocr_line' id='line_1_54' title="bbox 1877 2463 3455 2539; baseline -0.004 -18"><span class='ocrx_word' id='word_1_377' title='bbox 1877 2468 2069 2539; x_wconf 86' lang='lat' dir='ltr'><strong>jndicii</strong></span> <span class='ocrx_word' id='word_1_378' title='bbox 2092 2468 2335 2538; x_wconf 85' lang='lat' dir='ltr'><strong>possint;</strong></span> <span class='ocrx_word' id='word_1_379' title='bbox 2361 2468 2469 2521; x_wconf 88' lang='lat' dir='ltr'><strong>imo</strong></span> <span class='ocrx_word' id='word_1_380' title='bbox 2496 2464 2681 2536; x_wconf 87' lang='lat' dir='ltr'><strong>potius</strong></span> <span class='ocrx_word' id='word_1_381' title='bbox 2704 2466 2833 2536; x_wconf 92' lang='lat' dir='ltr'><strong>quid</strong></span> <span class='ocrx_word' id='word_1_382' title='bbox 2859 2465 3068 2535; x_wconf 91' lang='lat' dir='ltr'><strong>possint</strong></span> <span class='ocrx_word' id='word_1_383' title='bbox 3094 2463 3200 2519; x_wconf 90' lang='lat' dir='ltr'><strong>nisi</strong></span> <span class='ocrx_word' id='word_1_384' title='bbox 3232 2464 3455 2518; x_wconf 77' lang='lat' dir='ltr'><strong>nocere?</strong></span> 
     </span>
    </p>
   </div>
   <div class='ocr_carea' id='block_1_55' title="bbox 1882 2554 3450 2628">
    <p class='ocr_par' dir='ltr' id='par_1_55' title="bbox 1882 2554 3450 2628">
     <span class='ocr_line' id='line_1_55' title="bbox 1882 2554 3450 2628; baseline -0.004 -15"><span class='ocrx_word' id='word_1_385' title='bbox 1882 2559 1992 2614; x_wconf 77' lang='lat' dir='ltr'><strong>Nec</strong></span> <span class='ocrx_word' id='word_1_386' title='bbox 2051 2572 2266 2612; x_wconf 90' lang='lat' dir='ltr'><strong>rursum</strong></span> <span class='ocrx_word' id='word_1_387' title='bbox 2314 2559 2594 2628; x_wconf 74' lang='lat' dir='ltr'><strong>juventus.</strong></span> <span class='ocrx_word' id='word_1_388' title='bbox 2624 2572 2725 2611; x_wconf 90' lang='lat' dir='ltr'><strong>nec</strong></span> <span class='ocrx_word' id='word_1_389' title='bbox 2755 2556 3125 2627; x_wconf 86' lang='lat' dir='ltr'><strong>pulchritudo,</strong></span> <span class='ocrx_word' id='word_1_390' title='bbox 3174 2554 3450 2610; x_wconf 58' lang='lat' dir='ltr'><strong>inhaerens</strong></span> 
     </span>
    </p>
   </div>
   <div class='ocr_carea' id='block_1_56' title="bbox 1882 2646 3449 2719">
    <p class='ocr_par' dir='ltr' id='par_1_56' title="bbox 1882 2646 3449 2719">
     <span class='ocr_line' id='line_1_56' title="bbox 1882 2646 3449 2719; baseline -0.004 -15"><span class='ocrx_word' id='word_1_391' title='bbox 1882 2660 2067 2704; x_wconf 89' lang='lat' dir='ltr'><strong>nostro</strong></span> <span class='ocrx_word' id='word_1_392' title='bbox 2096 2650 2330 2719; x_wconf 89' lang='lat' dir='ltr'><strong>corpori,</strong></span> <span class='ocrx_word' id='word_1_393' title='bbox 2367 2647 2833 2701; x_wconf 82' lang='lat' dir='ltr'><strong>immarceseibilis</strong></span> <span class='ocrx_word' id='word_1_394' title='bbox 2872 2655 3155 2716; x_wconf 86' lang='lat' dir='ltr'><strong>permanet</strong></span> <span class='ocrx_word' id='word_1_395' title='bbox 3194 2661 3366 2715; x_wconf 85' lang='lat' dir='ltr'><strong>usque</strong></span> <span class='ocrx_word' id='word_1_396' title='bbox 3396 2646 3449 2698; x_wconf 91' lang='lat' dir='ltr'><strong>in</strong></span> 
     </span>
    </p>
   </div>
   <div class='ocr_carea' id='block_1_57' title="bbox 1883 2737 3448 2809">
    <p class='ocr_par' dir='ltr' id='par_1_57' title="bbox 1883 2737 3448 2809">
     <span class='ocr_line' id='line_1_57' title="bbox 1883 2737 3448 2809; baseline -0.003 -14"><span class='ocrx_word' id='word_1_397' title='bbox 1883 2742 2074 2807; x_wconf 83' lang='lat' dir='ltr'><strong>finem;</strong></span> <span class='ocrx_word' id='word_1_398' title='bbox 2108 2742 2202 2795; x_wconf 90' lang='lat' dir='ltr'><strong>sed</strong></span> <span class='ocrx_word' id='word_1_399' title='bbox 2225 2742 2308 2793; x_wconf 87' lang='lat' dir='ltr'><strong>vel</strong></span> <span class='ocrx_word' id='word_1_400' title='bbox 2338 2748 2582 2808; x_wconf 78' lang='lat' dir='ltr'><strong>tempore</strong></span> <span class='ocrx_word' id='word_1_401' title='bbox 2606 2754 2699 2809; x_wconf 91' lang='lat' dir='ltr'><strong>per</strong></span> <span class='ocrx_word' id='word_1_402' title='bbox 2729 2745 3064 2792; x_wconf 86' lang='lat' dir='ltr'><strong>senectutem</strong></span> <span class='ocrx_word' id='word_1_403' title='bbox 3096 2737 3182 2792; x_wconf 86' lang='lat' dir='ltr'><strong>vel</strong></span> <span class='ocrx_word' id='word_1_404' title='bbox 3219 2747 3448 2792; x_wconf 87' lang='lat' dir='ltr'><strong>mortem</strong></span> 
     </span>
    </p>
   </div>
   <div class='ocr_carea' id='block_1_58' title="bbox 1885 2820 3451 2902">
    <p class='ocr_par' dir='ltr' id='par_1_58' title="bbox 1885 2820 3451 2902">
     <span class='ocr_line' id='line_1_58' title="bbox 1885 2820 3451 2902; baseline -0.004 -17"><span class='ocrx_word' id='word_1_405' title='bbox 1885 2833 2320 2902; x_wconf 81' lang='lat' dir='ltr'><strong>intempestivam</strong></span> <span class='ocrx_word' id='word_1_406' title='bbox 2345 2832 2503 2899; x_wconf 85' lang='lat' dir='ltr'><strong>perit.</strong></span> <span class='ocrx_word' id='word_1_407' title='bbox 2540 2829 2605 2883; x_wconf 81' lang='lat' dir='ltr'><strong>Et</strong></span> <span class='ocrx_word' id='word_1_408' title='bbox 2652 2820 2778 2883; x_wconf 68' lang='lat' dir='ltr'><strong>du&#39;m</strong></span> <span class='ocrx_word' id='word_1_409' title='bbox 2821 2828 2936 2882; x_wconf 60' lang='lat' dir='ltr'><strong>haec</strong></span> <span class='ocrx_word' id='word_1_410' title='bbox 2980 2836 3033 2881; x_wconf 87' lang='lat' dir='ltr'><strong>et</strong></span> <span class='ocrx_word' id='word_1_411' title='bbox 3082 2827 3253 2881; x_wconf 90' lang='lat' dir='ltr'><strong>multo</strong></span> <span class='ocrx_word' id='word_1_412' title='bbox 3298 2826 3451 2897; x_wconf 79' lang='lat' dir='ltr'><strong>plura</strong></span> 
     </span>
    </p>
   </div>
   <div class='ocr_carea' id='block_1_59' title="bbox 1884 2919 3453 2991">
    <p class='ocr_par' dir='ltr' id='par_1_59' title="bbox 1884 2919 3453 2991">
     <span class='ocr_line' id='line_1_59' title="bbox 1884 2919 3453 2991; baseline -0.004 -15"><span class='ocrx_word' id='word_1_413' title='bbox 1884 2923 2109 2977; x_wconf 82' lang='lat' dir='ltr'><strong>dixisset</strong></span> <span class='ocrx_word' id='word_1_414' title='bbox 2135 2923 2199 2975; x_wconf 90' lang='lat' dir='ltr'><strong>ad</strong></span> <span class='ocrx_word' id='word_1_415' title='bbox 2233 2920 2556 2991; x_wconf 77' lang='lat' dir='ltr'><strong>Synieonem</strong></span> <span class='ocrx_word' id='word_1_416' title='bbox 2586 2920 2853 2985; x_wconf 89' lang='lat' dir='ltr'><strong>Joannes;</strong></span> <span class='ocrx_word' id='word_1_417' title='bbox 2884 2919 3078 2972; x_wconf 89' lang='lat' dir='ltr'><strong>iterum</strong></span> <span class='ocrx_word' id='word_1_418' title='bbox 3110 2919 3199 2973; x_wconf 87' lang='lat' dir='ltr'><strong>hic</strong></span> <span class='ocrx_word' id='word_1_419' title='bbox 3226 2934 3453 2989; x_wconf 83' lang='lat' dir='ltr'><strong>respon-</strong></span> 
     </span>
    </p>
   </div>
   <div class='ocr_carea' id='block_1_60' title="bbox 1886 3012 3450 3082">
    <p class='ocr_par' dir='ltr' id='par_1_60' title="bbox 1886 3012 3450 3082">
     <span class='ocr_line' id='line_1_60' title="bbox 1886 3012 3450 3082; baseline -0.001 -17"><span class='ocrx_word' id='word_1_420' title='bbox 1886 3013 1984 3077; x_wconf 89' lang='lat' dir='ltr'><strong>dit,</strong></span> <span class='ocrx_word' id='word_1_421' title='bbox 2013 3023 2068 3067; x_wconf 89' lang='lat' dir='ltr'><strong>et</strong></span> <span class='ocrx_word' id='word_1_422' title='bbox 2106 3013 2298 3068; x_wconf 86' lang='lat' dir='ltr'><strong>similia</strong></span> <span class='ocrx_word' id='word_1_423' title='bbox 2332 3012 2641 3073; x_wconf 83' lang='lat' dir='ltr'><strong>verebatur.</strong></span> <span class='ocrx_word' id='word_1_424' title='bbox 2673 3022 2727 3065; x_wconf 86' lang='lat' dir='ltr'><strong>et</strong></span> <span class='ocrx_word' id='word_1_425' title='bbox 2756 3013 2971 3066; x_wconf 83' lang='lat' dir='ltr'><strong>dicebat</strong></span> <span class='ocrx_word' id='word_1_426' title='bbox 3013 3026 3026 3065; x_wconf 83' lang='lat'><strong>:</strong></span> <span class='ocrx_word' id='word_1_427' title='bbox 3067 3014 3174 3082; x_wconf 78' lang='lat' dir='ltr'><strong>Ego</strong></span> <span class='ocrx_word' id='word_1_428' title='bbox 3207 3013 3450 3082; x_wconf 88' lang='lat' dir='ltr'><strong>quidem.</strong></span> 
     </span>
    </p>
   </div>
   <div class='ocr_carea' id='block_1_61' title="bbox 1886 3101 3453 3174">
    <p class='ocr_par' dir='ltr' id='par_1_61' title="bbox 1886 3101 3453 3174">
     <span class='ocr_line' id='line_1_61' title="bbox 1886 3101 3453 3174; baseline 0.001 -18"><span class='ocrx_word' id='word_1_429' title='bbox 1886 3103 2123 3157; x_wconf 85' lang='lat' dir='ltr'><strong>Joannes</strong></span> <span class='ocrx_word' id='word_1_430' title='bbox 2150 3104 2334 3165; x_wconf 78' lang='lat' dir='ltr'><strong>frater,</strong></span> <span class='ocrx_word' id='word_1_431' title='bbox 2358 3118 2536 3172; x_wconf 84' lang='lat' dir='ltr'><strong>neque</strong></span> <span class='ocrx_word' id='word_1_432' title='bbox 2569 3112 2801 3173; x_wconf 82' lang='lat' dir='ltr'><strong>patrem,</strong></span> <span class='ocrx_word' id='word_1_433' title='bbox 2832 3116 3008 3172; x_wconf 84' lang='lat' dir='ltr'><strong>neque</strong></span> <span class='ocrx_word' id='word_1_434' title='bbox 3031 3101 3246 3166; x_wconf 79' lang='lat' dir='ltr'><strong>fratres,</strong></span> <span class='ocrx_word' id='word_1_435' title='bbox 3277 3118 3453 3174; x_wconf 88' lang='lat' dir='ltr'><strong>neque</strong></span> 
     </span>
    </p>
   </div>
   <div class='ocr_carea' id='block_1_62' title="bbox 215 3184 1778 3266">
    <p class='ocr_par' dir='ltr' id='par_1_62' title="bbox 215 3184 1778 3257">
     <span class='ocr_line' id='line_1_62' title="bbox 215 3184 1778 3257; baseline 0.001 -20"><span class='ocrx_word' id='word_1_436' title='bbox 215 3186 311 3237; x_wconf 75' lang='grc' dir='ltr'>καὶ</span> <span class='ocrx_word' id='word_1_437' title='bbox 338 3184 546 3251; x_wconf 74' lang='grc' dir='ltr'>ἔλεγενσ</span> <span class='ocrx_word' id='word_1_438' title='bbox 586 3184 727 3253; x_wconf 86' lang='grc' dir='ltr'><strong>Ἐγὼ</strong></span> <span class='ocrx_word' id='word_1_439' title='bbox 760 3187 878 3255; x_wconf 84' lang='grc' dir='ltr'>μὲν,</span> <span class='ocrx_word' id='word_1_440' title='bbox 902 3186 1096 3254; x_wconf 84' lang='grc' dir='ltr'>άδελφὲ</span> <span class='ocrx_word' id='word_1_441' title='bbox 1128 3186 1369 3257; x_wconf 86' lang='grc' dir='ltr'>Ἰωάννη,</span> <span class='ocrx_word' id='word_1_442' title='bbox 1402 3185 1527 3239; x_wconf 79' lang='grc' dir='ltr'>οὔτε</span> <span class='ocrx_word' id='word_1_443' title='bbox 1573 3188 1778 3257; x_wconf 81' lang='grc' dir='ltr'>πατέρα</span> 
     </span>
    </p>
   </div>
   <div class='ocr_carea' id='block_1_63' title="bbox 1882 3184 3456 3266">
    <p class='ocr_par' dir='ltr' id='par_1_63' title="bbox 1885 3192 3456 3266">
     <span class='ocr_line' id='line_1_63' title="bbox 1885 3192 3456 3266; baseline 0.003 -22"><span class='ocrx_word' id='word_1_444' title='bbox 1885 3205 2099 3245; x_wconf 89' lang='lat' dir='ltr'><strong>sorores</strong></span> <span class='ocrx_word' id='word_1_445' title='bbox 2131 3192 2322 3256; x_wconf 87' lang='lat' dir='ltr'><strong>habeo,</strong></span> <span class='ocrx_word' id='word_1_446' title='bbox 2369 3200 2565 3260; x_wconf 73' lang='lat' dir='ltr'><strong>przcter</strong></span> <span class='ocrx_word' id='word_1_447' title='bbox 2614 3192 2874 3245; x_wconf 90' lang='lat' dir='ltr'><strong>humilem</strong></span> <span class='ocrx_word' id='word_1_448' title='bbox 2917 3206 3081 3247; x_wconf 84' lang='lat' dir='ltr'><strong>anum</strong></span> <span class='ocrx_word' id='word_1_449' title='bbox 3120 3192 3287 3262; x_wconf 80' lang='lat' dir='ltr'><strong>illam,</strong></span> <span class='ocrx_word' id='word_1_450' title='bbox 3334 3212 3456 3266; x_wconf 68' lang='lat' dir='ltr'><strong>qua:</strong></span> 
     </span>
    </p>
   </div>
   <div class='ocr_carea' id='block_1_64' title="bbox 212 3274 1783 3347">
    <p class='ocr_par' dir='ltr' id='par_1_64' title="bbox 212 3274 1783 3347">
     <span class='ocr_line' id='line_1_64' title="bbox 212 3274 1783 3347; baseline 0.003 -22"><span class='ocrx_word' id='word_1_451' title='bbox 212 3274 340 3327; x_wconf 78' lang='grc' dir='ltr'>οὔτε</span> <span class='ocrx_word' id='word_1_452' title='bbox 391 3275 671 3344; x_wconf 79' lang='grc' dir='ltr'>ἀδελφοὺς,</span> <span class='ocrx_word' id='word_1_453' title='bbox 725 3274 849 3329; x_wconf 74' lang='grc' dir='ltr'>οὔτε</span> <span class='ocrx_word' id='word_1_454' title='bbox 883 3276 1114 3343; x_wconf 77' lang='grc' dir='ltr'>ἀδελφάς</span> <span class='ocrx_word' id='word_1_455' title='bbox 1168 3277 1465 3346; x_wconf 83' lang='grc' dir='ltr'>κέκτημαι,</span> <span class='ocrx_word' id='word_1_456' title='bbox 1496 3277 1545 3329; x_wconf 80' lang='grc' dir='ltr'><strong>εί</strong></span> <span class='ocrx_word' id='word_1_457' title='bbox 1586 3276 1660 3347; x_wconf 84' lang='grc' dir='ltr'>μὴ</span> <span class='ocrx_word' id='word_1_458' title='bbox 1686 3277 1783 3345; x_wconf 81' lang='grc' dir='ltr'>τὴν</span> 
     </span>
    </p>
   </div>
   <div class='ocr_carea' id='block_1_65' title="bbox 216 3365 1781 3438">
    <p class='ocr_par' dir='ltr' id='par_1_65' title="bbox 216 3365 1781 3438">
     <span class='ocr_line' id='line_1_65' title="bbox 216 3365 1781 3438; baseline -0.001 -19"><span class='ocrx_word' id='word_1_459' title='bbox 216 3365 478 3436; x_wconf 75' lang='grc' dir='ltr'>ταπεινὴν</span> <span class='ocrx_word' id='word_1_460' title='bbox 518 3365 713 3436; x_wconf 88' lang='grc' dir='ltr'>γραίαν</span> <span class='ocrx_word' id='word_1_461' title='bbox 757 3367 993 3437; x_wconf 77' lang='grc' dir='ltr'>ἐκείνην,</span> <span class='ocrx_word' id='word_1_462' title='bbox 1038 3366 1137 3437; x_wconf 80' lang='grc' dir='ltr'>τὴν</span> <span class='ocrx_word' id='word_1_463' title='bbox 1186 3368 1285 3437; x_wconf 79' lang='grc' dir='ltr'><strong>ἐμὲ</strong></span> <span class='ocrx_word' id='word_1_464' title='bbox 1334 3368 1690 3438; x_wconf 79' lang='grc' dir='ltr'>γεννήσασαν⁶</span> <span class='ocrx_word' id='word_1_465' title='bbox 1721 3366 1781 3419; x_wconf 86' lang='grc' dir='ltr'>οὐ</span> 
     </span>
    </p>
   </div>
   <div class='ocr_carea' id='block_1_66' title="bbox 217 3453 1781 3528">
    <p class='ocr_par' dir='ltr' id='par_1_66' title="bbox 217 3453 1781 3528">
     <span class='ocr_line' id='line_1_66' title="bbox 217 3453 1781 3528; baseline 0.001 -21"><span class='ocrx_word' id='word_1_466' title='bbox 217 3453 471 3507; x_wconf 78' lang='grc' dir='ltr'>τοσοῦτον</span> <span class='ocrx_word' id='word_1_467' title='bbox 498 3456 554 3508; x_wconf 72' lang='grc' dir='ltr'><strong>δέ</strong></span> <span class='ocrx_word' id='word_1_468' title='bbox 600 3456 759 3508; x_wconf 83' lang='grc' dir='ltr'>πόνον</span> <span class='ocrx_word' id='word_1_469' title='bbox 809 3455 1099 3527; x_wconf 78' lang='grc' dir='ltr'>ὀργίζομαι</span> <span class='ocrx_word' id='word_1_470' title='bbox 1129 3459 1258 3528; x_wconf 75' lang='grc' dir='ltr'>περὶ</span> <span class='ocrx_word' id='word_1_471' title='bbox 1283 3456 1498 3519; x_wconf 81' lang='grc' dir='ltr'>ἑαυτοῦ,</span> <span class='ocrx_word' id='word_1_472' title='bbox 1532 3458 1654 3511; x_wconf 84' lang='grc' dir='ltr'>ὅσον</span> <span class='ocrx_word' id='word_1_473' title='bbox 1689 3474 1781 3510; x_wconf 93' lang='grc' dir='ltr'><strong>σου</strong></span> 
     </span>
    </p>
   </div>
   <div class='ocr_carea' id='block_1_67' title="bbox 219 3545 1783 3622">
    <p class='ocr_par' dir='ltr' id='par_1_67' title="bbox 219 3545 1783 3622">
     <span class='ocr_line' id='line_1_67' title="bbox 219 3545 1783 3622; baseline 0.004 -25"><span class='ocrx_word' id='word_1_474' title='bbox 219 3545 316 3615; x_wconf 80' lang='grc' dir='ltr'><strong>τὴν</strong></span> <span class='ocrx_word' id='word_1_475' title='bbox 354 3545 583 3612; x_wconf 83' lang='grc' dir='ltr'>καρδίαν</span> <span class='ocrx_word' id='word_1_476' title='bbox 618 3545 909 3615; x_wconf 75' lang='grc' dir='ltr'>φοϐοῦμαι,</span> <span class='ocrx_word' id='word_1_477' title='bbox 936 3549 1136 3617; x_wconf 83' lang='grc' dir='ltr'>μήπως</span> <span class='ocrx_word' id='word_1_478' title='bbox 1166 3549 1228 3600; x_wconf 87' lang='grc' dir='ltr'><strong>τὸ</strong></span> <span class='ocrx_word' id='word_1_479' title='bbox 1253 3550 1478 3620; x_wconf 86' lang='grc' dir='ltr'>κράσμα</span> <span class='ocrx_word' id='word_1_480' title='bbox 1515 3548 1783 3622; x_wconf 84' lang='grc' dir='ltr'>[βράσμα]</span> 
     </span>
    </p>
   </div>
   <div class='ocr_carea' id='block_1_68' title="bbox 220 3636 1784 3713">
    <p class='ocr_par' dir='ltr' id='par_1_68' title="bbox 220 3636 1784 3713">
     <span class='ocr_line' id='line_1_68' title="bbox 220 3636 1784 3713; baseline 0.006 -28"><span class='ocrx_word' id='word_1_481' title='bbox 220 3636 318 3702; x_wconf 81' lang='grc' dir='ltr'>τῆς</span> <span class='ocrx_word' id='word_1_482' title='bbox 364 3637 632 3704; x_wconf 84' lang='grc' dir='ltr'>νεογάμου</span> <span class='ocrx_word' id='word_1_483' title='bbox 671 3639 926 3703; x_wconf 78' lang='grc' dir='ltr'>γυναικὸς</span> <span class='ocrx_word' id='word_1_484' title='bbox 981 3640 1274 3712; x_wconf 76' lang='grc' dir='ltr'>ἀποσπάσῃ</span> <span class='ocrx_word' id='word_1_485' title='bbox 1333 3660 1393 3695; x_wconf 83' lang='grc' dir='ltr'><strong>σε</strong></span> <span class='ocrx_word' id='word_1_486' title='bbox 1425 3645 1489 3696; x_wconf 78' lang='grc' dir='ltr'><strong>ἐκ</strong></span> <span class='ocrx_word' id='word_1_487' title='bbox 1531 3645 1631 3713; x_wconf 84' lang='grc' dir='ltr'>τῆς</span> <span class='ocrx_word' id='word_1_488' title='bbox 1662 3642 1784 3696; x_wconf 83' lang='grc' dir='ltr'><strong>ὁδοῦ</strong></span> 
     </span>
    </p>
   </div>
   <div class='ocr_carea' id='block_1_69' title="bbox 218 3722 1782 3794">
    <p class='ocr_par' dir='ltr' id='par_1_69' title="bbox 218 3722 1782 3794">
     <span class='ocr_line' id='line_1_69' title="bbox 218 3722 1782 3794; baseline 0.006 -19"><span class='ocrx_word' id='word_1_489' title='bbox 218 3722 423 3794; x_wconf 76' lang='grc' dir='ltr'>ταύτης</span> <span class='ocrx_word' id='word_1_490' title='bbox 452 3725 549 3793; x_wconf 78' lang='grc' dir='ltr'>τῆς</span> <span class='ocrx_word' id='word_1_491' title='bbox 572 3725 801 3794; x_wconf 82' lang='grc' dir='ltr'>ἀγαθῆς.</span> <span class='ocrx_word' id='word_1_492' title='bbox 854 3726 940 3787; x_wconf 83' lang='grc' dir='ltr'>Ὠς</span> <span class='ocrx_word' id='word_1_493' title='bbox 966 3727 1063 3780; x_wconf 72' lang='grc' dir='ltr'>οἷον</span> <span class='ocrx_word' id='word_1_494' title='bbox 1094 3728 1264 3781; x_wconf 83' lang='grc' dir='ltr'>ταῦτα</span> <span class='ocrx_word' id='word_1_495' title='bbox 1290 3732 1385 3783; x_wconf 82' lang='grc' dir='ltr'>καὶ</span> <span class='ocrx_word' id='word_1_496' title='bbox 1416 3732 1637 3785; x_wconf 82' lang='grc' dir='ltr'>πλείονα</span> <span class='ocrx_word' id='word_1_497' title='bbox 1658 3731 1782 3785; x_wconf 56' lang='grc' dir='ltr'>τούε</span> 
     </span>
    </p>
   </div>
   <div class='ocr_carea' id='block_1_70' title="bbox 220 3814 1786 3886">
    <p class='ocr_par' dir='ltr' id='par_1_70' title="bbox 220 3814 1786 3886">
     <span class='ocr_line' id='line_1_70' title="bbox 220 3814 1786 3886; baseline 0.006 -21"><span class='ocrx_word' id='word_1_498' title='bbox 220 3831 327 3867; x_wconf 86' lang='grc' dir='ltr'><strong>των</strong></span> <span class='ocrx_word' id='word_1_499' title='bbox 371 3814 506 3884; x_wconf 84' lang='grc' dir='ltr'>πρὸς</span> <span class='ocrx_word' id='word_1_500' title='bbox 539 3814 799 3883; x_wconf 76' lang='grc' dir='ltr'><strong>ἀλλήλους</strong></span> <span class='ocrx_word' id='word_1_501' title='bbox 849 3817 1391 3886; x_wconf 79' lang='grc' dir='ltr'>ἀντεφιλολογοῦντο,</span> <span class='ocrx_word' id='word_1_502' title='bbox 1445 3822 1786 3875; x_wconf 84' lang='grc' dir='ltr'>καταντῶσιν</span> 
     </span>
    </p>
   </div>
   <div class='ocr_carea' id='block_1_71' title="bbox 219 3906 1784 3981">
    <p class='ocr_par' dir='ltr' id='par_1_71' title="bbox 219 3906 1784 3981">
     <span class='ocr_line' id='line_1_71' title="bbox 219 3906 1784 3981; baseline 0.01 -29"><span class='ocrx_word' id='word_1_503' title='bbox 219 3906 298 3965; x_wconf 72' lang='grc' dir='ltr'><strong>είς</strong></span> <span class='ocrx_word' id='word_1_504' title='bbox 332 3906 689 3975; x_wconf 78' lang='grc' dir='ltr'>μοναστήριον</span> <span class='ocrx_word' id='word_1_505' title='bbox 709 3907 768 3957; x_wconf 80' lang='grc' dir='ltr'><strong>τὸ</strong></span> <span class='ocrx_word' id='word_1_506' title='bbox 797 3907 1133 3977; x_wconf 87' lang='grc' dir='ltr'>καλούμενον</span> <span class='ocrx_word' id='word_1_507' title='bbox 1155 3909 1247 3961; x_wconf 82' lang='grc' dir='ltr'>τοῦ</span> <span class='ocrx_word' id='word_1_508' title='bbox 1282 3909 1424 3963; x_wconf 76' lang='grc' dir='ltr'><strong>άϐὁᾶ</strong></span> <span class='ocrx_word' id='word_1_509' title='bbox 1457 3911 1784 3981; x_wconf 88' lang='grc' dir='ltr'>Γερασίμου.</span> 
     </span>
    </p>
   </div>
   <div class='ocr_carea' id='block_1_72' title="bbox 218 3992 1784 4071">
    <p class='ocr_par' dir='ltr' id='par_1_72' title="bbox 218 3992 1784 4071">
     <span class='ocr_line' id='line_1_72' title="bbox 218 3992 1784 4071; baseline 0.004 -23"><span class='ocrx_word' id='word_1_510' title='bbox 218 3992 398 4049; x_wconf 71' lang='grc' dir='ltr'><strong>τΗσαν</strong></span> <span class='ocrx_word' id='word_1_511' title='bbox 424 3997 531 4067; x_wconf 84' lang='grc' dir='ltr'><strong>γὰρ</strong></span> <span class='ocrx_word' id='word_1_512' title='bbox 564 4000 658 4051; x_wconf 76' lang='grc' dir='ltr'>καὶ</span> <span class='ocrx_word' id='word_1_513' title='bbox 693 3998 850 4051; x_wconf 84' lang='grc' dir='ltr'>τοῦτο</span> <span class='ocrx_word' id='word_1_514' title='bbox 875 4000 1195 4068; x_wconf 80' lang='grc' dir='ltr'>εὐξάμενοι·</span> <span class='ocrx_word' id='word_1_515' title='bbox 1234 4001 1315 4053; x_wconf 85' lang='grc' dir='ltr'>ὃτι</span> <span class='ocrx_word' id='word_1_516' title='bbox 1362 4001 1530 4071; x_wconf 84' lang='grc' dir='ltr'>Κύριε</span> <span class='ocrx_word' id='word_1_517' title='bbox 1562 4005 1590 4055; x_wconf 87' lang='lat'><strong>6</strong></span> <span class='ocrx_word' id='word_1_518' title='bbox 1633 4004 1784 4067; x_wconf 85' lang='grc' dir='ltr'>Θεὸς,</span> 
     </span>
    </p>
   </div>
   <div class='ocr_carea' id='block_1_73' title="bbox 219 4089 1787 4164">
    <p class='ocr_par' dir='ltr' id='par_1_73' title="bbox 219 4089 1787 4164">
     <span class='ocr_line' id='line_1_73' title="bbox 219 4089 1787 4164; baseline 0.004 -25"><span class='ocrx_word' id='word_1_519' title='bbox 219 4089 279 4139; x_wconf 82' lang='grc' dir='ltr'><strong>ἐν</strong></span> <span class='ocrx_word' id='word_1_520' title='bbox 306 4089 402 4158; x_wconf 80' lang='grc' dir='ltr'><strong>οἵῳ</strong></span> <span class='ocrx_word' id='word_1_521' title='bbox 428 4090 669 4155; x_wconf 82' lang='grc' dir='ltr'>κελεύεις</span> <span class='ocrx_word' id='word_1_522' title='bbox 691 4093 836 4161; x_wconf 85' lang='grc' dir='ltr'>ἡμᾶς</span> <span class='ocrx_word' id='word_1_523' title='bbox 860 4092 1237 4157; x_wconf 80' lang='grc' dir='ltr'>ἀποτάξασθαι</span> <span class='ocrx_word' id='word_1_524' title='bbox 1282 4094 1627 4164; x_wconf 86' lang='grc' dir='ltr'>μοναστηρίῳ</span> <span class='ocrx_word' id='word_1_525' title='bbox 1650 4133 1664 4157; x_wconf 88' lang='grc'><strong>,</strong></span> <span class='ocrx_word' id='word_1_526' title='bbox 1698 4094 1787 4146; x_wconf 79' lang='grc' dir='ltr'><strong>εὔ-</strong></span> 
     </span>
    </p>
   </div>
   <div class='ocr_carea' id='block_1_74' title="bbox 219 4182 1788 4255">
    <p class='ocr_par' dir='ltr' id='par_1_74' title="bbox 219 4182 1788 4255">
     <span class='ocr_line' id='line_1_74' title="bbox 219 4182 1788 4255; baseline 0.005 -24"><span class='ocrx_word' id='word_1_527' title='bbox 219 4196 410 4249; x_wconf 81' lang='grc' dir='ltr'>ροιμεν</span> <span class='ocrx_word' id='word_1_528' title='bbox 457 4182 556 4252; x_wconf 81' lang='grc' dir='ltr'><strong>τὴν</strong></span> <span class='ocrx_word' id='word_1_529' title='bbox 606 4183 774 4253; x_wconf 83' lang='grc' dir='ltr'>θύραν</span> <span class='ocrx_word' id='word_1_530' title='bbox 806 4184 1061 4253; x_wconf 86' lang='grc' dir='ltr'>άνοικτήν</span> <span class='ocrx_word' id='word_1_531' title='bbox 1081 4200 1094 4213; x_wconf 78' lang='grc' dir='ltr'><strong>ο</strong></span> <span class='ocrx_word' id='word_1_532' title='bbox 1118 4184 1254 4255; x_wconf 81' lang='grc' dir='ltr'>ὅπερ</span> <span class='ocrx_word' id='word_1_533' title='bbox 1282 4184 1374 4237; x_wconf 80' lang='grc' dir='ltr'>καὶ</span> <span class='ocrx_word' id='word_1_534' title='bbox 1406 4186 1647 4252; x_wconf 81' lang='grc' dir='ltr'>γέγονεν.</span> <span class='ocrx_word' id='word_1_535' title='bbox 1679 4182 1788 4239; x_wconf 82' lang='grc' dir='ltr'>Ἦν</span> 
     </span>
    </p>
   </div>
   <div class='ocr_carea' id='block_1_75' title="bbox 217 4266 1787 4347">
    <p class='ocr_par' dir='ltr' id='par_1_75' title="bbox 217 4266 1787 4347">
     <span class='ocr_line' id='line_1_75' title="bbox 217 4266 1787 4347; baseline 0.005 -25"><span class='ocrx_word' id='word_1_536' title='bbox 217 4266 312 4323; x_wconf 78' lang='grc' dir='ltr'>οὖν</span> <span class='ocrx_word' id='word_1_537' title='bbox 335 4274 392 4324; x_wconf 88' lang='grc' dir='ltr'><strong>ἐν</strong></span> <span class='ocrx_word' id='word_1_538' title='bbox 422 4274 598 4341; x_wconf 79' lang='grc' dir='ltr'>τούτῳ</span> <span class='ocrx_word' id='word_1_539' title='bbox 621 4273 697 4343; x_wconf 86' lang='grc' dir='ltr'>τῷ</span> <span class='ocrx_word' id='word_1_540' title='bbox 720 4274 1064 4345; x_wconf 83' lang='grc' dir='ltr'>μοναστηρίῳ</span> <span class='ocrx_word' id='word_1_541' title='bbox 1087 4276 1225 4345; x_wconf 80' lang='grc' dir='ltr'>ἀνὴρ</span> <span class='ocrx_word' id='word_1_542' title='bbox 1250 4275 1548 4346; x_wconf 83' lang='grc' dir='ltr'>θαυμάσιος</span> <span class='ocrx_word' id='word_1_543' title='bbox 1567 4277 1787 4347; x_wconf 83' lang='grc' dir='ltr'>ὀνόματι</span> 
     </span>
    </p>
   </div>
   <div class='ocr_carea' id='block_1_76' title="bbox 217 4359 1784 4437">
    <p class='ocr_par' dir='ltr' id='par_1_76' title="bbox 217 4359 1784 4437">
     <span class='ocr_line' id='line_1_76' title="bbox 217 4359 1784 4437; baseline 0.006 -26"><span class='ocrx_word' id='word_1_544' title='bbox 217 4359 424 4423; x_wconf 77' lang='grc' dir='ltr'>Νίκων,</span> <span class='ocrx_word' id='word_1_545' title='bbox 471 4361 755 4430; x_wconf 84' lang='grc' dir='ltr'>ἄνθρωπος</span> <span class='ocrx_word' id='word_1_546' title='bbox 815 4364 1031 4433; x_wconf 86' lang='grc' dir='ltr'>άληθῶς</span> <span class='ocrx_word' id='word_1_547' title='bbox 1068 4366 1209 4417; x_wconf 78' lang='grc' dir='ltr'>κατά</span> <span class='ocrx_word' id='word_1_548' title='bbox 1246 4365 1343 4434; x_wconf 79' lang='grc' dir='ltr'>τὴν</span> <span class='ocrx_word' id='word_1_549' title='bbox 1393 4368 1784 4437; x_wconf 84' lang='grc' dir='ltr'>προσηγορίαν,</span> 
     </span>
    </p>
   </div>
   <div class='ocr_carea' id='block_1_77' title="bbox 219 4450 1785 4530">
    <p class='ocr_par' dir='ltr' id='par_1_77' title="bbox 219 4450 1785 4530">
     <span class='ocr_line' id='line_1_77' title="bbox 219 4450 1785 4530; baseline 0.006 -28"><span class='ocrx_word' id='word_1_550' title='bbox 219 4450 316 4502; x_wconf 77' lang='grc' dir='ltr'>καὶ</span> <span class='ocrx_word' id='word_1_551' title='bbox 349 4453 445 4522; x_wconf 79' lang='grc' dir='ltr'>τὴν</span> <span class='ocrx_word' id='word_1_552' title='bbox 474 4452 749 4506; x_wconf 81' lang='grc' dir='ltr'>πολιτείαν</span> <span class='ocrx_word' id='word_1_553' title='bbox 800 4455 1163 4523; x_wconf 82' lang='grc' dir='ltr'>κτησάμενος.</span> <span class='ocrx_word' id='word_1_554' title='bbox 1200 4457 1383 4509; x_wconf 84' lang='grc' dir='ltr'>Νικῶν</span> <span class='ocrx_word' id='word_1_555' title='bbox 1427 4459 1536 4529; x_wconf 80' lang='grc' dir='ltr'><strong>γὰρ</strong></span> <span class='ocrx_word' id='word_1_556' title='bbox 1572 4459 1785 4530; x_wconf 82' lang='grc' dir='ltr'>ὑπῆρχε</span> 
     </span>
    </p>
   </div>
   <div class='ocr_carea' id='block_1_78' title="bbox 1886 3276 3451 3352">
    <p class='ocr_par' dir='ltr' id='par_1_78' title="bbox 1886 3276 3451 3352">
     <span class='ocr_line' id='line_1_78' title="bbox 1886 3276 3451 3352; baseline 0.004 -22"><span class='ocrx_word' id='word_1_557' title='bbox 1886 3292 1973 3331; x_wconf 88' lang='lat' dir='ltr'><strong>me</strong></span> <span class='ocrx_word' id='word_1_558' title='bbox 2000 3278 2204 3347; x_wconf 77' lang='lat' dir='ltr'><strong>genuit.</strong></span> <span class='ocrx_word' id='word_1_559' title='bbox 2233 3276 2342 3331; x_wconf 87' lang='lat' dir='ltr'><strong>Nec</strong></span> <span class='ocrx_word' id='word_1_560' title='bbox 2369 3279 2435 3332; x_wconf 87' lang='lat' dir='ltr'><strong>de</strong></span> <span class='ocrx_word' id='word_1_561' title='bbox 2475 3280 2575 3335; x_wconf 81' lang='lat' dir='ltr'><strong>hac</strong></span> <span class='ocrx_word' id='word_1_562' title='bbox 2613 3294 2671 3334; x_wconf 90' lang='lat' dir='ltr'><strong>re</strong></span> <span class='ocrx_word' id='word_1_563' title='bbox 2708 3277 2896 3336; x_wconf 80' lang='lat' dir='ltr'><strong>labor-0</strong></span> <span class='ocrx_word' id='word_1_564' title='bbox 2925 3290 3159 3347; x_wconf 88' lang='lat' dir='ltr'><strong>tantum,</strong></span> <span class='ocrx_word' id='word_1_565' title='bbox 3187 3293 3451 3352; x_wconf 88' lang='lat' dir='ltr'><strong>quantum</strong></span> 
     </span>
    </p>
   </div>
   <div class='ocr_carea' id='block_1_79' title="bbox 1885 3368 3454 3439">
    <p class='ocr_par' dir='ltr' id='par_1_79' title="bbox 1885 3368 3454 3439">
     <span class='ocr_line' id='line_1_79' title="bbox 1885 3368 3454 3439; baseline 0.004 -19"><span class='ocrx_word' id='word_1_566' title='bbox 1885 3368 2049 3421; x_wconf 90' lang='lat' dir='ltr'><strong>timeo</strong></span> <span class='ocrx_word' id='word_1_567' title='bbox 2079 3383 2148 3421; x_wconf 91' lang='lat' dir='ltr'><strong>ne</strong></span> <span class='ocrx_word' id='word_1_568' title='bbox 2168 3382 2263 3424; x_wconf 89' lang='lat' dir='ltr'><strong>cor</strong></span> <span class='ocrx_word' id='word_1_569' title='bbox 2294 3377 2445 3423; x_wconf 89' lang='lat' dir='ltr'><strong>tuum</strong></span> <span class='ocrx_word' id='word_1_570' title='bbox 2476 3385 2628 3423; x_wconf 70' lang='lat' dir='ltr'><strong>nova:</strong></span> <span class='ocrx_word' id='word_1_571' title='bbox 2664 3379 2844 3439; x_wconf 80' lang='lat' dir='ltr'><strong>nupta:</strong></span> <span class='ocrx_word' id='word_1_572' title='bbox 2874 3370 3205 3425; x_wconf 88' lang='lat' dir='ltr'><strong>desiderium</strong></span> <span class='ocrx_word' id='word_1_573' title='bbox 3241 3372 3454 3426; x_wconf 87' lang='lat' dir='ltr'><strong>abstra-</strong></span> 
     </span>
    </p>
   </div>
   <div class='ocr_carea' id='block_1_80' title="bbox 1886 3456 3455 3533">
    <p class='ocr_par' dir='ltr' id='par_1_80' title="bbox 1886 3456 3455 3533">
     <span class='ocr_line' id='line_1_80' title="bbox 1886 3456 3455 3533; baseline 0.003 -20"><span class='ocrx_word' id='word_1_574' title='bbox 1886 3459 1980 3514; x_wconf 87' lang='lat' dir='ltr'><strong>hat</strong></span> <span class='ocrx_word' id='word_1_575' title='bbox 2001 3476 2029 3514; x_wconf 89' lang='lat' dir='ltr'><strong>a</strong></span> <span class='ocrx_word' id='word_1_576' title='bbox 2052 3462 2189 3516; x_wconf 89' lang='lat' dir='ltr'><strong>bona</strong></span> <span class='ocrx_word' id='word_1_577' title='bbox 2216 3462 2319 3516; x_wconf 89' lang='lat' dir='ltr'><strong>hac</strong></span> <span class='ocrx_word' id='word_1_578' title='bbox 2346 3462 2451 3515; x_wconf 90' lang='lat' dir='ltr'><strong>via.</strong></span> <span class='ocrx_word' id='word_1_579' title='bbox 2480 3462 2603 3516; x_wconf 69' lang='lat' dir='ltr'><strong>llaec</strong></span> <span class='ocrx_word' id='word_1_580' title='bbox 2626 3461 2792 3531; x_wconf 79' lang='lat' dir='ltr'><strong>igitur</strong></span> <span class='ocrx_word' id='word_1_581' title='bbox 2821 3470 2981 3531; x_wconf 89' lang='lat' dir='ltr'><strong>atque</strong></span> <span class='ocrx_word' id='word_1_582' title='bbox 3017 3462 3100 3516; x_wconf 90' lang='lat' dir='ltr'><strong>his</strong></span> <span class='ocrx_word' id='word_1_583' title='bbox 3129 3456 3281 3533; x_wconf 80' lang='lat' dir='ltr'><strong>plura</strong></span> <span class='ocrx_word' id='word_1_584' title='bbox 3313 3463 3455 3518; x_wconf 89' lang='lat' dir='ltr'><strong>inter</strong></span> 
     </span>
    </p>
   </div>
   <div class='ocr_carea' id='block_1_81' title="bbox 1887 3553 3454 3622">
    <p class='ocr_par' dir='ltr' id='par_1_81' title="bbox 1887 3553 3454 3622">
     <span class='ocr_line' id='line_1_81' title="bbox 1887 3553 3454 3622; baseline 0.006 -16"><span class='ocrx_word' id='word_1_585' title='bbox 1887 3568 1947 3606; x_wconf 90' lang='lat' dir='ltr'><strong>se</strong></span> <span class='ocrx_word' id='word_1_586' title='bbox 1975 3553 2147 3607; x_wconf 86' lang='lat' dir='ltr'><strong>amice</strong></span> <span class='ocrx_word' id='word_1_587' title='bbox 2173 3553 2537 3617; x_wconf 85' lang='lat' dir='ltr'><strong>conferentes,</strong></span> <span class='ocrx_word' id='word_1_588' title='bbox 2578 3555 2904 3622; x_wconf 84' lang='lat' dir='ltr'><strong>perveniunt</strong></span> <span class='ocrx_word' id='word_1_589' title='bbox 2940 3554 3006 3607; x_wconf 87' lang='lat' dir='ltr'><strong>ad</strong></span> <span class='ocrx_word' id='word_1_590' title='bbox 3037 3557 3454 3615; x_wconf 86' lang='lat' dir='ltr'><strong>monasterium.</strong></span> 
     </span>
    </p>
   </div>
   <div class='ocr_carea' id='block_1_82' title="bbox 1886 3642 3456 3711">
    <p class='ocr_par' dir='ltr' id='par_1_82' title="bbox 1886 3642 3456 3711">
     <span class='ocr_line' id='line_1_82' title="bbox 1886 3642 3456 3711; baseline 0.003 -16"><span class='ocrx_word' id='word_1_591' title='bbox 1886 3644 2030 3711; x_wconf 89' lang='lat' dir='ltr'><strong>quod</strong></span> <span class='ocrx_word' id='word_1_592' title='bbox 2076 3653 2301 3697; x_wconf 87' lang='lat' dir='ltr'><strong>vocatur</strong></span> <span class='ocrx_word' id='word_1_593' title='bbox 2362 3643 2572 3697; x_wconf 90' lang='lat' dir='ltr'><strong>abbatis</strong></span> <span class='ocrx_word' id='word_1_594' title='bbox 2619 3642 2909 3700; x_wconf 85' lang='lat' dir='ltr'><strong>Gerasimi.</strong></span> <span class='ocrx_word' id='word_1_595' title='bbox 2964 3643 3097 3699; x_wconf 89' lang='lat' dir='ltr'><strong>Nam</strong></span> <span class='ocrx_word' id='word_1_596' title='bbox 3149 3647 3252 3701; x_wconf 92' lang='lat' dir='ltr'><strong>hoc</strong></span> <span class='ocrx_word' id='word_1_597' title='bbox 3292 3648 3456 3702; x_wconf 89' lang='lat' dir='ltr'><strong>etiam</strong></span> 
     </span>
    </p>
   </div>
   <div class='ocr_carea' id='block_1_83' title="bbox 1887 3732 3455 3804">
    <p class='ocr_par' dir='ltr' id='par_1_83' title="bbox 1887 3732 3455 3804">
     <span class='ocr_line' id='line_1_83' title="bbox 1887 3732 3455 3804; baseline 0.003 -18"><span class='ocrx_word' id='word_1_598' title='bbox 1887 3741 2176 3787; x_wconf 87' lang='lat' dir='ltr'><strong>oraverant</strong></span> <span class='ocrx_word' id='word_1_599' title='bbox 2210 3751 2222 3786; x_wconf 89' lang='lat'><strong>:</strong></span> <span class='ocrx_word' id='word_1_600' title='bbox 2263 3732 2488 3788; x_wconf 89' lang='lat' dir='ltr'><strong>Domine</strong></span> <span class='ocrx_word' id='word_1_601' title='bbox 2528 3734 2687 3798; x_wconf 90' lang='lat' dir='ltr'><strong>Deus,</strong></span> <span class='ocrx_word' id='word_1_602' title='bbox 2729 3735 2783 3787; x_wconf 91' lang='lat' dir='ltr'><strong>in</strong></span> <span class='ocrx_word' id='word_1_603' title='bbox 2814 3749 2922 3804; x_wconf 87' lang='lat' dir='ltr'><strong>quo</strong></span> <span class='ocrx_word' id='word_1_604' title='bbox 2950 3735 3109 3804; x_wconf 85' lang='lat' dir='ltr'><strong>jubes</strong></span> <span class='ocrx_word' id='word_1_605' title='bbox 3144 3752 3244 3793; x_wconf 88' lang='lat' dir='ltr'><strong>nos</strong></span> <span class='ocrx_word' id='word_1_606' title='bbox 3268 3753 3455 3792; x_wconf 86' lang='lat' dir='ltr'><strong>mona-</strong></span> 
     </span>
    </p>
   </div>
   <div class='ocr_carea' id='block_1_84' title="bbox 1888 3824 3455 3901">
    <p class='ocr_par' dir='ltr' id='par_1_84' title="bbox 1888 3824 3455 3901">
     <span class='ocr_line' id='line_1_84' title="bbox 1888 3824 3455 3901; baseline 0.004 -24"><span class='ocrx_word' id='word_1_607' title='bbox 1888 3825 2055 3877; x_wconf 89' lang='lat' dir='ltr'><strong>sterio</strong></span> <span class='ocrx_word' id='word_1_608' title='bbox 2075 3824 2349 3888; x_wconf 88' lang='lat' dir='ltr'><strong>collocari,</strong></span> <span class='ocrx_word' id='word_1_609' title='bbox 2383 3826 2725 3879; x_wconf 88' lang='lat' dir='ltr'><strong>inveniamus</strong></span> <span class='ocrx_word' id='word_1_610' title='bbox 2751 3827 2973 3896; x_wconf 87' lang='lat' dir='ltr'><strong>januam</strong></span> <span class='ocrx_word' id='word_1_611' title='bbox 3003 3837 3281 3897; x_wconf 88' lang='lat' dir='ltr'><strong>apertam;</strong></span> <span class='ocrx_word' id='word_1_612' title='bbox 3312 3832 3455 3901; x_wconf 83' lang='lat' dir='ltr'><strong>quod</strong></span> 
     </span>
    </p>
   </div>
   <div class='ocr_carea' id='block_1_85' title="bbox 1886 3914 3458 3986">
    <p class='ocr_par' dir='ltr' id='par_1_85' title="bbox 1886 3914 3458 3986">
     <span class='ocr_line' id='line_1_85' title="bbox 1886 3914 3458 3986; baseline 0.006 -20"><span class='ocrx_word' id='word_1_613' title='bbox 1886 3923 1943 3967; x_wconf 91' lang='lat' dir='ltr'><strong>et</strong></span> <span class='ocrx_word' id='word_1_614' title='bbox 1972 3914 2171 3969; x_wconf 87' lang='lat' dir='ltr'><strong>factum</strong></span> <span class='ocrx_word' id='word_1_615' title='bbox 2204 3916 2322 3970; x_wconf 84' lang='lat' dir='ltr'><strong>fuit.</strong></span> <span class='ocrx_word' id='word_1_616' title='bbox 2360 3916 2488 3971; x_wconf 80' lang='lat' dir='ltr'><strong>Erat</strong></span> <span class='ocrx_word' id='word_1_617' title='bbox 2532 3918 2716 3986; x_wconf 81' lang='lat' dir='ltr'><strong>itaque</strong></span> <span class='ocrx_word' id='word_1_618' title='bbox 2765 3920 2817 3971; x_wconf 92' lang='lat' dir='ltr'><strong>in</strong></span> <span class='ocrx_word' id='word_1_619' title='bbox 2867 3919 2969 3973; x_wconf 88' lang='lat' dir='ltr'><strong>hoc</strong></span> <span class='ocrx_word' id='word_1_620' title='bbox 3010 3923 3339 3977; x_wconf 88' lang='lat' dir='ltr'><strong>monasterio</strong></span> <span class='ocrx_word' id='word_1_621' title='bbox 3376 3928 3458 3977; x_wconf 84' lang='lat' dir='ltr'><strong>vir</strong></span> 
     </span>
    </p>
   </div>
   <div class='ocr_carea' id='block_1_86' title="bbox 1887 4004 3455 4087">
    <p class='ocr_par' dir='ltr' id='par_1_86' title="bbox 1887 4004 3455 4087">
     <span class='ocr_line' id='line_1_86' title="bbox 1887 4004 3455 4087; baseline 0.01 -31"><span class='ocrx_word' id='word_1_622' title='bbox 1887 4004 2167 4069; x_wconf 86' lang='lat' dir='ltr'><strong>mirabilis,</strong></span> <span class='ocrx_word' id='word_1_623' title='bbox 2206 4008 2428 4063; x_wconf 89' lang='lat' dir='ltr'><strong>nomine</strong></span> <span class='ocrx_word' id='word_1_624' title='bbox 2473 4009 2665 4073; x_wconf 89' lang='lat' dir='ltr'><strong>Nicon,</strong></span> <span class='ocrx_word' id='word_1_625' title='bbox 2702 4010 2868 4066; x_wconf 92' lang='lat' dir='ltr'><strong>homo</strong></span> <span class='ocrx_word' id='word_1_626' title='bbox 2922 4013 3009 4066; x_wconf 89' lang='lat' dir='ltr'><strong>cui</strong></span> <span class='ocrx_word' id='word_1_627' title='bbox 3060 4029 3191 4069; x_wconf 91' lang='lat' dir='ltr'><strong>vere</strong></span> <span class='ocrx_word' id='word_1_628' title='bbox 3218 4030 3455 4087; x_wconf 81' lang='lat' dir='ltr'><strong>congrua</strong></span> 
     </span>
    </p>
   </div>
   <div class='ocr_carea' id='block_1_87' title="bbox 1887 4097 3455 4168">
    <p class='ocr_par' dir='ltr' id='par_1_87' title="bbox 1887 4097 3455 4168">
     <span class='ocr_line' id='line_1_87' title="bbox 1887 4097 3455 4168; baseline 0.007 -21"><span class='ocrx_word' id='word_1_629' title='bbox 1887 4097 2291 4163; x_wconf 77' lang='lat' dir='ltr'><strong>cognominatio</strong></span> <span class='ocrx_word' id='word_1_630' title='bbox 2337 4099 2447 4168; x_wconf 84' lang='grc' dir='ltr'><strong>(Η)</strong></span> <span class='ocrx_word' id='word_1_631' title='bbox 2496 4102 2895 4157; x_wconf 88' lang='lat' dir='ltr'><strong>conversationi</strong></span> <span class='ocrx_word' id='word_1_632' title='bbox 2941 4114 3057 4159; x_wconf 87' lang='lat' dir='ltr'><strong>erat</strong></span> <span class='ocrx_word' id='word_1_633' title='bbox 3089 4105 3277 4161; x_wconf 89' lang='lat' dir='ltr'><strong>indita.</strong></span> <span class='ocrx_word' id='word_1_634' title='bbox 3323 4106 3455 4161; x_wconf 86' lang='lat' dir='ltr'><strong>Nam</strong></span> 
     </span>
    </p>
   </div>
   <div class='ocr_carea' id='block_1_88' title="bbox 1887 4186 3455 4263">
    <p class='ocr_par' dir='ltr' id='par_1_88' title="bbox 1887 4186 3455 4263">
     <span class='ocr_line' id='line_1_88' title="bbox 1887 4186 3455 4263; baseline 0.008 -25"><span class='ocrx_word' id='word_1_635' title='bbox 1887 4186 2143 4240; x_wconf 85' lang='lat' dir='ltr'><strong>vincebat</strong></span> <span class='ocrx_word' id='word_1_636' title='bbox 2174 4202 2391 4242; x_wconf 86' lang='lat' dir='ltr'><strong>omnem</strong></span> <span class='ocrx_word' id='word_1_637' title='bbox 2424 4190 2745 4245; x_wconf 89' lang='lat' dir='ltr'><strong>diabolicam</strong></span> <span class='ocrx_word' id='word_1_638' title='bbox 2784 4193 3072 4263; x_wconf 82' lang='lat' dir='ltr'><strong>legionem,</strong></span> <span class='ocrx_word' id='word_1_639' title='bbox 3102 4198 3377 4253; x_wconf 87' lang='lat' dir='ltr'><strong>miraculis</strong></span> <span class='ocrx_word' id='word_1_640' title='bbox 3403 4209 3455 4252; x_wconf 82' lang='lat' dir='ltr'><strong>et</strong></span> 
     </span>
    </p>
   </div>
   <div class='ocr_carea' id='block_1_89' title="bbox 1888 4279 3459 4355">
    <p class='ocr_par' dir='ltr' id='par_1_89' title="bbox 1888 4279 3459 4355">
     <span class='ocr_line' id='line_1_89' title="bbox 1888 4279 3459 4355; baseline 0.006 -23"><span class='ocrx_word' id='word_1_641' title='bbox 1888 4279 2056 4350; x_wconf 78' lang='lat' dir='ltr'><strong>signis</strong></span> <span class='ocrx_word' id='word_1_642' title='bbox 2080 4280 2395 4350; x_wconf 80' lang='lat' dir='ltr'><strong>eﬂ‘ulgebat,</strong></span> <span class='ocrx_word' id='word_1_643' title='bbox 2428 4292 2483 4335; x_wconf 86' lang='lat' dir='ltr'><strong>et</strong></span> <span class='ocrx_word' id='word_1_644' title='bbox 2508 4284 2809 4352; x_wconf 67' lang='lat' dir='ltr'><strong>prophetiae</strong></span> <span class='ocrx_word' id='word_1_645' title='bbox 2833 4286 3095 4355; x_wconf 81' lang='lat' dir='ltr'><strong>dignitate</strong></span> <span class='ocrx_word' id='word_1_646' title='bbox 3134 4296 3251 4341; x_wconf 90' lang='lat' dir='ltr'><strong>erat</strong></span> <span class='ocrx_word' id='word_1_647' title='bbox 3290 4305 3321 4342; x_wconf 91' lang='lat' dir='ltr'><strong>a</strong></span> <span class='ocrx_word' id='word_1_648' title='bbox 3348 4289 3459 4345; x_wconf 84' lang='lat' dir='ltr'><strong>Deo</strong></span> 
     </span>
    </p>
   </div>
   <div class='ocr_carea' id='block_1_90' title="bbox 1889 4369 3457 4446">
    <p class='ocr_par' dir='ltr' id='par_1_90' title="bbox 1889 4369 3457 4446">
     <span class='ocr_line' id='line_1_90' title="bbox 1889 4369 3457 4446; baseline 0.007 -23"><span class='ocrx_word' id='word_1_649' title='bbox 1889 4369 2207 4434; x_wconf 87' lang='lat' dir='ltr'><strong>honoratus,</strong></span> <span class='ocrx_word' id='word_1_650' title='bbox 2234 4370 2324 4437; x_wconf 93' lang='lat' dir='ltr'><strong>qui</strong></span> <span class='ocrx_word' id='word_1_651' title='bbox 2353 4370 2512 4425; x_wconf 89' lang='lat' dir='ltr'><strong>etiam</strong></span> <span class='ocrx_word' id='word_1_652' title='bbox 2561 4373 2748 4426; x_wconf 85' lang='lat' dir='ltr'><strong>beatos</strong></span> <span class='ocrx_word' id='word_1_653' title='bbox 2775 4375 2939 4428; x_wconf 87' lang='lat' dir='ltr'><strong>hosce</strong></span> <span class='ocrx_word' id='word_1_654' title='bbox 2978 4375 3141 4431; x_wconf 72' lang='lat' dir='ltr'><strong>affore</strong></span> <span class='ocrx_word' id='word_1_655' title='bbox 3172 4380 3457 4446; x_wconf 66' lang='lat' dir='ltr'><strong>prmnovit.</strong></span> 
     </span>
    </p>
   </div>
   <div class='ocr_carea' id='block_1_91' title="bbox 1888 4459 3457 4539">
    <p class='ocr_par' dir='ltr' id='par_1_91' title="bbox 1888 4459 3457 4539">
     <span class='ocr_line' id='line_1_91' title="bbox 1888 4459 3457 4539; baseline 0.009 -26"><span class='ocrx_word' id='word_1_656' title='bbox 1888 4459 2035 4516; x_wconf 83' lang='lat' dir='ltr'><strong>Dixit</strong></span> <span class='ocrx_word' id='word_1_657' title='bbox 2053 4463 2195 4516; x_wconf 90' lang='lat' dir='ltr'><strong>enim</strong></span> <span class='ocrx_word' id='word_1_658' title='bbox 2221 4463 2421 4519; x_wconf 89' lang='lat' dir='ltr'><strong>vidisse</strong></span> <span class='ocrx_word' id='word_1_659' title='bbox 2451 4480 2508 4517; x_wconf 90' lang='lat' dir='ltr'><strong>se</strong></span> <span class='ocrx_word' id='word_1_660' title='bbox 2541 4465 2594 4519; x_wconf 92' lang='lat' dir='ltr'><strong>in</strong></span> <span class='ocrx_word' id='word_1_661' title='bbox 2628 4467 2835 4520; x_wconf 85' lang='lat' dir='ltr'><strong>somnis</strong></span> <span class='ocrx_word' id='word_1_662' title='bbox 2860 4468 2945 4521; x_wconf 91' lang='lat' dir='ltr'><strong>illa</strong></span> <span class='ocrx_word' id='word_1_663' title='bbox 2964 4468 3073 4533; x_wconf 88' lang='lat' dir='ltr'><strong>die,</strong></span> <span class='ocrx_word' id='word_1_664' title='bbox 3092 4486 3195 4539; x_wconf 90' lang='lat' dir='ltr'><strong>qua</strong></span> <span class='ocrx_word' id='word_1_665' title='bbox 3221 4471 3457 4527; x_wconf 87' lang='lat' dir='ltr'><strong>advene-</strong></span> 
     </span>
    </p>
   </div>
   <div class='ocr_carea' id='block_1_92' title="bbox 219 4522 1778 4635">
    <p class='ocr_par' dir='ltr' id='par_1_92' title="bbox 219 4522 1778 4619">
     <span class='ocr_line' id='line_1_92' title="bbox 219 4522 1778 4619; baseline 0.006 -25"><span class='ocrx_word' id='word_1_666' title='bbox 219 4545 402 4596; x_wconf 82' lang='grc' dir='ltr'>πᾶσαν</span> <span class='ocrx_word' id='word_1_667' title='bbox 430 4544 748 4615; x_wconf 83' lang='grc' dir='ltr'>δαιμονικὴν</span> <span class='ocrx_word' id='word_1_668' title='bbox 780 4522 1108 4616; x_wconf 79' lang='grc' dir='ltr'>παράταξιν,</span> <span class='ocrx_word' id='word_1_669' title='bbox 1144 4547 1385 4617; x_wconf 87' lang='grc' dir='ltr'>θαύμασι</span> <span class='ocrx_word' id='word_1_670' title='bbox 1415 4522 1515 4601; x_wconf 57' lang='grc' dir='ltr'><strong>καί</strong></span> <span class='ocrx_word' id='word_1_671' title='bbox 1540 4522 1778 4619; x_wconf 77' lang='grc' dir='ltr'>σημείοις</span> 
     </span>
    </p>
   </div>
   <div class='ocr_carea' id='block_1_93' title="bbox 1882 4522 3458 4635">
    <p class='ocr_par' dir='ltr' id='par_1_93' title="bbox 1891 4522 3458 4635">
     <span class='ocr_line' id='line_1_93' title="bbox 1891 4522 3458 4635; baseline 0.007 -29"><span class='ocrx_word' id='word_1_672' title='bbox 1891 4565 2043 4620; x_wconf 87' lang='lat' dir='ltr'><strong>runt,</strong></span> <span class='ocrx_word' id='word_1_673' title='bbox 2074 4556 2331 4624; x_wconf 80' lang='lat' dir='ltr'><strong>aliquem,</strong></span> <span class='ocrx_word' id='word_1_674' title='bbox 2360 4558 2447 4625; x_wconf 89' lang='lat' dir='ltr'><strong>qui</strong></span> <span class='ocrx_word' id='word_1_675' title='bbox 2476 4559 2691 4612; x_wconf 86' lang='lat' dir='ltr'><strong>dicebat</strong></span> <span class='ocrx_word' id='word_1_676' title='bbox 2724 4559 2824 4629; x_wconf 85' lang='lat' dir='ltr'><strong>ipsi</strong></span> <span class='ocrx_word' id='word_1_677' title='bbox 2860 4578 2873 4614; x_wconf 93' lang='lat'>:</span> <span class='ocrx_word' id='word_1_678' title='bbox 2910 4561 3082 4633; x_wconf 76' lang='lat' dir='ltr'><strong>Surge</strong></span> <span class='ocrx_word' id='word_1_679' title='bbox 3102 4522 3167 4617; x_wconf 37' lang='lat' dir='ltr'><strong>iet</strong></span> <span class='ocrx_word' id='word_1_680' title='bbox 3203 4565 3350 4634; x_wconf 86' lang='lat' dir='ltr'><strong>aperi</strong></span> <span class='ocrx_word' id='word_1_681' title='bbox 3376 4566 3458 4635; x_wconf 80' lang='lat' dir='ltr'><strong>ia-</strong></span> 
     </span>
    </p>
   </div>
   <div class='ocr_carea' id='block_1_94' title="bbox 219 4635 1785 4708">
    <p class='ocr_par' dir='ltr' id='par_1_94' title="bbox 219 4635 1785 4708">
     <span class='ocr_line' id='line_1_94' title="bbox 219 4635 1785 4708; baseline 0.007 -24"><span class='ocrx_word' id='word_1_682' title='bbox 219 4635 618 4705; x_wconf 84' lang='grc' dir='ltr'>καταλάμπων,</span> <span class='ocrx_word' id='word_1_683' title='bbox 644 4638 737 4689; x_wconf 77' lang='grc' dir='ltr'>καὶ</span> <span class='ocrx_word' id='word_1_684' title='bbox 761 4640 1096 4708; x_wconf 83' lang='grc' dir='ltr'>προφητείας</span> <span class='ocrx_word' id='word_1_685' title='bbox 1123 4640 1389 4708; x_wconf 81' lang='grc' dir='ltr'>ἀξιώματι</span> <span class='ocrx_word' id='word_1_686' title='bbox 1413 4641 1517 4693; x_wconf 83' lang='grc' dir='ltr'><strong>ὑπὸ</strong></span> <span class='ocrx_word' id='word_1_687' title='bbox 1538 4642 1671 4695; x_wconf 83' lang='grc' dir='ltr'>Θεοῦ</span> <span class='ocrx_word' id='word_1_688' title='bbox 1693 4660 1785 4694; x_wconf 87' lang='grc' dir='ltr'>τε-</span> 
     </span>
    </p>
   </div>
   <div class='ocr_carea' id='block_1_95' title="bbox 217 4725 1785 4802">
    <p class='ocr_par' dir='ltr' id='par_1_95' title="bbox 217 4725 1785 4802">
     <span class='ocr_line' id='line_1_95' title="bbox 217 4725 1785 4802; baseline 0.008 -27"><span class='ocrx_word' id='word_1_689' title='bbox 217 4742 353 4793; x_wconf 87' lang='grc' dir='ltr'>τιμη</span> <span class='ocrx_word' id='word_1_690' title='bbox 363 4725 538 4793; x_wconf 80' lang='grc' dir='ltr'>μένος’</span> <span class='ocrx_word' id='word_1_691' title='bbox 559 4726 617 4789; x_wconf 81' lang='grc' dir='ltr'>ὃς</span> <span class='ocrx_word' id='word_1_692' title='bbox 641 4729 734 4780; x_wconf 74' lang='grc' dir='ltr'><strong>καὶ</strong></span> <span class='ocrx_word' id='word_1_693' title='bbox 756 4731 1005 4798; x_wconf 86' lang='grc' dir='ltr'>προέγνω</span> <span class='ocrx_word' id='word_1_694' title='bbox 1023 4731 1120 4800; x_wconf 84' lang='grc' dir='ltr'>τὴν</span> <span class='ocrx_word' id='word_1_695' title='bbox 1142 4731 1346 4783; x_wconf 79' lang='grc' dir='ltr'>τούτων</span> <span class='ocrx_word' id='word_1_696' title='bbox 1372 4731 1479 4783; x_wconf 87' lang='grc' dir='ltr'><strong>τῶν</strong></span> <span class='ocrx_word' id='word_1_697' title='bbox 1502 4735 1785 4802; x_wconf 87' lang='grc' dir='ltr'>μακαρίων</span> 
     </span>
    </p>
   </div>
   <div class='ocr_carea' id='block_1_96' title="bbox 1888 4648 3459 4725">
    <p class='ocr_par' dir='ltr' id='par_1_96' title="bbox 1888 4648 3459 4725">
     <span class='ocr_line' id='line_1_96' title="bbox 1888 4648 3459 4725; baseline 0.008 -27"><span class='ocrx_word' id='word_1_698' title='bbox 1888 4661 2051 4699; x_wconf 84' lang='lat' dir='ltr'><strong>unam</strong></span> <span class='ocrx_word' id='word_1_699' title='bbox 2080 4648 2339 4712; x_wconf 77' lang='lat' dir='ltr'><strong>mandrae,</strong></span> <span class='ocrx_word' id='word_1_700' title='bbox 2371 4663 2430 4703; x_wconf 80' lang='lat' dir='ltr'><strong>ut</strong></span> <span class='ocrx_word' id='word_1_701' title='bbox 2458 4650 2827 4721; x_wconf 80' lang='lat' dir='ltr'><strong>ingrediantur</strong></span> <span class='ocrx_word' id='word_1_702' title='bbox 2850 4667 2978 4707; x_wconf 81' lang='lat' dir='ltr'><strong>oves</strong></span> <span class='ocrx_word' id='word_1_703' title='bbox 3012 4670 3180 4720; x_wconf 60' lang='lat' dir='ltr'><strong>metu;</strong></span> <span class='ocrx_word' id='word_1_704' title='bbox 3207 4656 3350 4725; x_wconf 90' lang='lat' dir='ltr'><strong>quod</strong></span> <span class='ocrx_word' id='word_1_705' title='bbox 3404 4666 3459 4709; x_wconf 90' lang='lat' dir='ltr'><strong>et</strong></span> 
     </span>
    </p>
   </div>
   <div class='ocr_carea' id='block_1_97' title="bbox 1890 4736 2042 4792">
    <p class='ocr_par' dir='ltr' id='par_1_97' title="bbox 1890 4736 2042 4792">
     <span class='ocr_line' id='line_1_97' title="bbox 1890 4736 2042 4792; baseline 0.013 -2"><span class='ocrx_word' id='word_1_706' title='bbox 1890 4736 2042 4792; x_wconf 89' lang='lat' dir='ltr'><strong>fecit.</strong></span> 
     </span>
    </p>
   </div>
   <div class='ocr_carea' id='block_1_98' title="bbox 218 4816 3486 4908">
    <p class='ocr_par' dir='ltr' id='par_1_98' title="bbox 218 4816 3486 4908">
     <span class='ocr_line' id='line_1_98' title="bbox 218 4816 3486 4908; baseline 0.009 -42"><span class='ocrx_word' id='word_1_707' title='bbox 218 4816 541 4908; x_wconf 59' lang='grc' dir='ltr'>παρουσίαν</span> <span class='ocrx_word' id='word_1_708' title='bbox 573 4820 706 4889; x_wconf 69' lang='grc' dir='ltr'>φησι</span> <span class='ocrx_word' id='word_1_709' title='bbox 734 4820 841 4888; x_wconf 85' lang='grc' dir='ltr'>γὰρ</span> <span class='ocrx_word' id='word_1_710' title='bbox 871 4823 1173 4892; x_wconf 77' lang='grc' dir='ltr'>ἑωρακέναι</span> <span class='ocrx_word' id='word_1_711' title='bbox 1204 4824 1363 4876; x_wconf 83' lang='grc' dir='ltr'>αὑτὸν</span> <span class='ocrx_word' id='word_1_712' title='bbox 1393 4824 1532 4878; x_wconf 73' lang='grc' dir='ltr'>κατά</span> <span class='ocrx_word' id='word_1_713' title='bbox 1556 4828 1681 4890; x_wconf 79' lang='grc' dir='ltr'>τοὺς</span> <span class='ocrx_word' id='word_1_714' title='bbox 1720 4827 1918 4894; x_wconf 77' lang='grc' dir='ltr'>ὕπνους</span> <span class='ocrx_word' id='word_1_715' title='bbox 1951 4835 2017 4901; x_wconf 80' lang='grc' dir='ltr'>τῇ</span> <span class='ocrx_word' id='word_1_716' title='bbox 2050 4831 2257 4902; x_wconf 80' lang='grc' dir='ltr'>ἡμέρᾳ,</span> <span class='ocrx_word' id='word_1_717' title='bbox 2289 4834 2347 4885; x_wconf 83' lang='grc' dir='ltr'><strong>ἐν</strong></span> <span class='ocrx_word' id='word_1_718' title='bbox 2450 4837 2835 4906; x_wconf 85' lang='grc' dir='ltr'>παρεγένοντο,</span> <span class='ocrx_word' id='word_1_719' title='bbox 2868 4838 2989 4891; x_wconf 76' lang='grc' dir='ltr'>τινὰ</span> <span class='ocrx_word' id='word_1_720' title='bbox 3020 4839 3246 4908; x_wconf 76' lang='grc' dir='ltr'>λέγοντα</span> <span class='ocrx_word' id='word_1_721' title='bbox 3274 4842 3451 4908; x_wconf 81' lang='grc' dir='ltr'>αὐτῷ·</span> <span class='ocrx_word' id='word_1_722' title='bbox 3483 4872 3486 4875; x_wconf 78' lang='lat'><strong><em>~</em></strong></span> 
     </span>
    </p>
   </div>
   <div class='ocr_carea' id='block_1_99' title="bbox 230 4899 3405 5002">
    <p class='ocr_par' dir='ltr' id='par_1_99' title="bbox 230 4899 3405 5002">
     <span class='ocr_line' id='line_1_99' title="bbox 230 4899 3405 5002; baseline 0.009 -44"><span class='ocrx_word' id='word_1_723' title='bbox 230 4906 465 4961; x_wconf 86' lang='grc' dir='ltr'>Ἀνάστα</span> <span class='ocrx_word' id='word_1_724' title='bbox 493 4912 586 4962; x_wconf 80' lang='grc' dir='ltr'>καὶ</span> <span class='ocrx_word' id='word_1_725' title='bbox 610 4912 818 4977; x_wconf 82' lang='grc' dir='ltr'>ἄνοιξον</span> <span class='ocrx_word' id='word_1_726' title='bbox 846 4913 945 4984; x_wconf 82' lang='grc' dir='ltr'><strong>τὴν</strong></span> <span class='ocrx_word' id='word_1_727' title='bbox 980 4913 1149 4985; x_wconf 82' lang='grc' dir='ltr'>θύραν</span> <span class='ocrx_word' id='word_1_728' title='bbox 1177 4915 1275 4985; x_wconf 79' lang='grc' dir='ltr'>τῆς</span> <span class='ocrx_word' id='word_1_729' title='bbox 1313 4918 1549 4986; x_wconf 84' lang='grc' dir='ltr'>ποίμνης</span> <span class='ocrx_word' id='word_1_730' title='bbox 1588 4917 1677 4971; x_wconf 76' lang='grc' dir='ltr'>ἵνα</span> <span class='ocrx_word' id='word_1_731' title='bbox 1706 4899 2362 4993; x_wconf 14' lang='grc' dir='ltr'>είσέλθωσιττάήπρόΰατά</span> <span class='ocrx_word' id='word_1_732' title='bbox 2386 4899 2487 4996; x_wconf 73' lang='grc' dir='ltr'><strong>μου</strong></span> <span class='ocrx_word' id='word_1_733' title='bbox 2512 4899 2542 4955; x_wconf 43' lang='grc' dir='ltr'>ο·</span> <span class='ocrx_word' id='word_1_734' title='bbox 2571 4899 2710 4999; x_wconf 83' lang='grc' dir='ltr'>ὅπερ</span> <span class='ocrx_word' id='word_1_735' title='bbox 2750 4899 2842 4982; x_wconf 64' lang='grc' dir='ltr'><strong>καί</strong></span> <span class='ocrx_word' id='word_1_736' title='bbox 2872 4899 3148 5002; x_wconf 45' lang='grc' dir='ltr'>ἐποίησε-ν.</span> <span class='ocrx_word' id='word_1_737' title='bbox 3395 4899 3405 4913; x_wconf 46' lang='grc'><strong>.</strong></span> 
     </span>
    </p>
   </div>
   <div class='ocr_carea' id='block_1_100' title="bbox 286 5046 1787 5131">
    <p class='ocr_par' dir='ltr' id='par_1_100' title="bbox 286 5046 1787 5131">
     <span class='ocr_line' id='line_1_100' title="bbox 286 5046 1787 5131; baseline 0.007 -29"><span class='ocrx_word' id='word_1_738' title='bbox 286 5054 366 5118; x_wconf 80' lang='grc' dir='ltr'>η’.</span> <span class='ocrx_word' id='word_1_739' title='bbox 410 5049 497 5112; x_wconf 83' lang='grc' dir='ltr'>Ὠς</span> <span class='ocrx_word' id='word_1_740' title='bbox 517 5046 610 5103; x_wconf 77' lang='grc' dir='ltr'><strong>οὖν</strong></span> <span class='ocrx_word' id='word_1_741' title='bbox 644 5050 1077 5121; x_wconf 77' lang='grc' dir='ltr'>παραγενόμενοι</span> <span class='ocrx_word' id='word_1_742' title='bbox 1115 5046 1273 5123; x_wconf 75' lang='grc' dir='ltr'>εὗρον</span> <span class='ocrx_word' id='word_1_743' title='bbox 1294 5054 1390 5124; x_wconf 80' lang='grc' dir='ltr'>τὴν</span> <span class='ocrx_word' id='word_1_744' title='bbox 1429 5054 1600 5124; x_wconf 87' lang='grc' dir='ltr'>θύραν</span> <span class='ocrx_word' id='word_1_745' title='bbox 1625 5059 1787 5131; x_wconf 68' lang='grc' dir='ltr'>ἁνεῳο</span> 
     </span>
    </p>
   </div>
   <div class='ocr_carea' id='block_1_101' title="bbox 1962 5061 3454 5149">
    <p class='ocr_par' dir='ltr' id='par_1_101' title="bbox 1962 5061 3454 5149">
     <span class='ocr_line' id='line_1_101' title="bbox 1962 5061 3454 5149; baseline 0.013 -33"><span class='ocrx_word' id='word_1_746' title='bbox 1962 5061 2016 5116; x_wconf 87' lang='grc'>8.</span> <span class='ocrx_word' id='word_1_747' title='bbox 2036 5063 2324 5135; x_wconf 85' lang='lat' dir='ltr'><strong>Postquam</strong></span> <span class='ocrx_word' id='word_1_748' title='bbox 2349 5082 2477 5138; x_wconf 76' lang='lat' dir='ltr'><strong>ergo</strong></span> <span class='ocrx_word' id='word_1_749' title='bbox 2504 5069 2873 5140; x_wconf 87' lang='lat' dir='ltr'><strong>advenissent,</strong></span> <span class='ocrx_word' id='word_1_750' title='bbox 2890 5074 3221 5132; x_wconf 90' lang='lat' dir='ltr'><strong>invenerunt</strong></span> <span class='ocrx_word' id='word_1_751' title='bbox 3234 5078 3454 5149; x_wconf 87' lang='lat' dir='ltr'><strong>januam</strong></span> 
     </span>
    </p>
   </div>
   <div class='ocr_carea' id='block_1_102' title="bbox 216 5136 1778 5242">
    <p class='ocr_par' dir='ltr' id='par_1_102' title="bbox 216 5136 1778 5215">
     <span class='ocr_line' id='line_1_102' title="bbox 216 5136 1778 5215; baseline 0.011 -29"><span class='ocrx_word' id='word_1_752' title='bbox 216 5136 450 5205; x_wconf 85' lang='grc' dir='ltr'>γμένην,</span> <span class='ocrx_word' id='word_1_753' title='bbox 483 5138 679 5190; x_wconf 76' lang='grc' dir='ltr'>καὶτὸν</span> <span class='ocrx_word' id='word_1_754' title='bbox 703 5139 875 5192; x_wconf 77' lang='grc' dir='ltr'>άϐὁᾶν</span> <span class='ocrx_word' id='word_1_755' title='bbox 906 5140 1285 5211; x_wconf 77' lang='grc' dir='ltr'>καθεζόμενον,</span> <span class='ocrx_word' id='word_1_756' title='bbox 1314 5146 1407 5197; x_wconf 71' lang='grc' dir='ltr'><strong>καὶ</strong></span> <span class='ocrx_word' id='word_1_757' title='bbox 1425 5149 1778 5215; x_wconf 78' lang='grc' dir='ltr'>περιμένοντα</span> 
     </span>
    </p>
   </div>
   <div class='ocr_carea' id='block_1_103' title="bbox 1882 5136 3460 5242">
    <p class='ocr_par' dir='ltr' id='par_1_103' title="bbox 1891 5136 3460 5242">
     <span class='ocr_line' id='line_1_103' title="bbox 1891 5136 3460 5242; baseline 0.013 -36"><span class='ocrx_word' id='word_1_758' title='bbox 1891 5164 2154 5223; x_wconf 86' lang='lat' dir='ltr'><strong>apertam,</strong></span> <span class='ocrx_word' id='word_1_759' title='bbox 2185 5166 2239 5210; x_wconf 89' lang='lat' dir='ltr'><strong>et</strong></span> <span class='ocrx_word' id='word_1_760' title='bbox 2266 5136 2515 5214; x_wconf 81' lang='lat' dir='ltr'><strong>abbatem</strong></span> <span class='ocrx_word' id='word_1_761' title='bbox 2549 5136 2867 5228; x_wconf 57' lang='lat' dir='ltr'><strong>sedentem,</strong></span> <span class='ocrx_word' id='word_1_762' title='bbox 2893 5174 2948 5221; x_wconf 92' lang='lat' dir='ltr'><strong>et</strong></span> <span class='ocrx_word' id='word_1_763' title='bbox 2986 5167 3131 5238; x_wconf 87' lang='lat' dir='ltr'><strong>ipsos</strong></span> <span class='ocrx_word' id='word_1_764' title='bbox 3166 5136 3460 5242; x_wconf 77' lang='lat' dir='ltr'><strong>expectan-</strong></span> 
     </span>
    </p>
   </div>
   <div class='ocr_carea' id='block_1_104' title="bbox 217 5226 1778 5332">
    <p class='ocr_par' dir='ltr' id='par_1_104' title="bbox 217 5226 1778 5309">
     <span class='ocr_line' id='line_1_104' title="bbox 217 5226 1778 5309; baseline 0.008 -29"><span class='ocrx_word' id='word_1_765' title='bbox 217 5228 417 5292; x_wconf 82' lang='grc' dir='ltr'>αὐτούς</span> <span class='ocrx_word' id='word_1_766' title='bbox 436 5246 449 5259; x_wconf 87' lang='grc'><strong>·</strong></span> <span class='ocrx_word' id='word_1_767' title='bbox 469 5226 620 5283; x_wconf 76' lang='grc' dir='ltr'>εἶπεν</span> <span class='ocrx_word' id='word_1_768' title='bbox 636 5234 663 5283; x_wconf 91' lang='lat'><strong>6</strong></span> <span class='ocrx_word' id='word_1_769' title='bbox 680 5230 933 5302; x_wconf 83' lang='grc' dir='ltr'>Ἰωάννης</span> <span class='ocrx_word' id='word_1_770' title='bbox 955 5233 1031 5303; x_wconf 84' lang='grc' dir='ltr'>τῷ</span> <span class='ocrx_word' id='word_1_771' title='bbox 1057 5235 1277 5305; x_wconf 86' lang='grc' dir='ltr'>Συμεών</span> <span class='ocrx_word' id='word_1_772' title='bbox 1292 5251 1306 5265; x_wconf 76' lang='grc'><strong>⁸</strong></span> <span class='ocrx_word' id='word_1_773' title='bbox 1335 5237 1512 5289; x_wconf 83' lang='grc' dir='ltr'>Καλὸν</span> <span class='ocrx_word' id='word_1_774' title='bbox 1535 5243 1778 5309; x_wconf 82' lang='grc' dir='ltr'>σημεῖον,</span> 
     </span>
    </p>
   </div>
   <div class='ocr_carea' id='block_1_105' title="bbox 1882 5226 3457 5332">
    <p class='ocr_par' dir='ltr' id='par_1_105' title="bbox 1894 5226 3457 5332">
     <span class='ocr_line' id='line_1_105' title="bbox 1894 5226 3457 5332; baseline 0.012 -35"><span class='ocrx_word' id='word_1_775' title='bbox 1894 5252 2021 5298; x_wconf 89' lang='lat' dir='ltr'><strong>tem.</strong></span> <span class='ocrx_word' id='word_1_776' title='bbox 2090 5246 2231 5301; x_wconf 78' lang='lat' dir='ltr'><strong>Dixit</strong></span> <span class='ocrx_word' id='word_1_777' title='bbox 2289 5247 2528 5305; x_wconf 89' lang='lat' dir='ltr'><strong>Joannes</strong></span> <span class='ocrx_word' id='word_1_778' title='bbox 2587 5250 2844 5321; x_wconf 85' lang='lat' dir='ltr'><strong>Symeoni</strong></span> <span class='ocrx_word' id='word_1_779' title='bbox 2889 5274 2904 5311; x_wconf 90' lang='lat'><strong>:</strong></span> <span class='ocrx_word' id='word_1_780' title='bbox 2960 5226 3167 5314; x_wconf 76' lang='lat' dir='ltr'><strong>Bonum</strong></span> <span class='ocrx_word' id='word_1_781' title='bbox 3219 5226 3457 5332; x_wconf 67' lang='lat' dir='ltr'><strong>signum,</strong></span> 
     </span>
    </p>
   </div>
   <div class='ocr_carea' id='block_1_106' title="bbox 216 5319 1778 5413">
    <p class='ocr_par' dir='ltr' id='par_1_106' title="bbox 216 5319 1778 5399">
     <span class='ocr_line' id='line_1_106' title="bbox 216 5319 1778 5399; baseline 0.008 -29"><span class='ocrx_word' id='word_1_782' title='bbox 216 5319 434 5385; x_wconf 82' lang='grc' dir='ltr'>ἁδελφὲ,</span> <span class='ocrx_word' id='word_1_783' title='bbox 473 5321 583 5374; x_wconf 79' lang='grc' dir='ltr'>ἰδοὺ</span> <span class='ocrx_word' id='word_1_784' title='bbox 624 5324 656 5390; x_wconf 83' lang='grc' dir='ltr'><strong>ἡ</strong></span> <span class='ocrx_word' id='word_1_785' title='bbox 694 5321 832 5391; x_wconf 86' lang='grc' dir='ltr'>θύρα</span> <span class='ocrx_word' id='word_1_786' title='bbox 871 5325 1117 5395; x_wconf 79' lang='grc' dir='ltr'>ἀνοικτὴ,</span> <span class='ocrx_word' id='word_1_787' title='bbox 1164 5327 1257 5379; x_wconf 70' lang='grc' dir='ltr'>καὶ</span> <span class='ocrx_word' id='word_1_788' title='bbox 1285 5327 1313 5378; x_wconf 84' lang='lat'><strong>6</strong></span> <span class='ocrx_word' id='word_1_789' title='bbox 1343 5328 1618 5399; x_wconf 80' lang='grc' dir='ltr'>ὁστιάριος</span> <span class='ocrx_word' id='word_1_790' title='bbox 1652 5330 1778 5383; x_wconf 89' lang='grc' dir='ltr'>καθ-</span> 
     </span>
    </p>
   </div>
   <div class='ocr_carea' id='block_1_107' title="bbox 1882 5319 3455 5413">
    <p class='ocr_par' dir='ltr' id='par_1_107' title="bbox 1891 5319 3455 5413">
     <span class='ocr_line' id='line_1_107' title="bbox 1891 5319 3455 5413; baseline 0.013 -25"><span class='ocrx_word' id='word_1_791' title='bbox 1891 5334 2078 5401; x_wconf 86' lang='lat' dir='ltr'><strong>frater,</strong></span> <span class='ocrx_word' id='word_1_792' title='bbox 2103 5352 2230 5394; x_wconf 89' lang='lat' dir='ltr'><strong>ecce</strong></span> <span class='ocrx_word' id='word_1_793' title='bbox 2252 5339 2417 5409; x_wconf 83' lang='lat' dir='ltr'><strong>janna</strong></span> <span class='ocrx_word' id='word_1_794' title='bbox 2446 5351 2659 5413; x_wconf 87' lang='lat' dir='ltr'><strong>aperta,</strong></span> <span class='ocrx_word' id='word_1_795' title='bbox 2683 5356 2735 5400; x_wconf 90' lang='lat' dir='ltr'><strong>et</strong></span> <span class='ocrx_word' id='word_1_796' title='bbox 2773 5349 3027 5405; x_wconf 88' lang='lat' dir='ltr'><strong>ostiarius</strong></span> <span class='ocrx_word' id='word_1_797' title='bbox 3068 5319 3297 5408; x_wconf 45' lang='lat' dir='ltr'><strong>sedens:</strong></span> <span class='ocrx_word' id='word_1_798' title='bbox 3319 5319 3455 5409; x_wconf 82' lang='lat' dir='ltr'><strong>Dum</strong></span> 
     </span>
    </p>
   </div>
   <div class='ocr_carea' id='block_1_108' title="bbox 217 5409 1778 5513">
    <p class='ocr_par' dir='ltr' id='par_1_108' title="bbox 217 5409 1778 5513">
     <span class='ocr_line' id='line_1_108' title="bbox 217 5409 1778 5513; baseline 0.009 -51"><span class='ocrx_word' id='word_1_799' title='bbox 217 5412 420 5479; x_wconf 87' lang='grc' dir='ltr'>ἠμενος</span> <span class='ocrx_word' id='word_1_800' title='bbox 442 5428 456 5442; x_wconf 74' lang='grc' dir='ltr'><strong>ο</strong></span> <span class='ocrx_word' id='word_1_801' title='bbox 498 5414 573 5474; x_wconf 85' lang='grc' dir='ltr'>ὡς</span> <span class='ocrx_word' id='word_1_802' title='bbox 592 5409 690 5513; x_wconf 66' lang='grc' dir='ltr'><strong>ρῦν</strong></span> <span class='ocrx_word' id='word_1_803' title='bbox 718 5414 1076 5485; x_wconf 87' lang='grc' dir='ltr'>ἐπλησίασαν,</span> <span class='ocrx_word' id='word_1_804' title='bbox 1108 5417 1256 5486; x_wconf 81' lang='grc' dir='ltr'>λέγει</span> <span class='ocrx_word' id='word_1_805' title='bbox 1286 5421 1468 5483; x_wconf 80' lang='grc' dir='ltr'>αὐτοῖς</span> <span class='ocrx_word' id='word_1_806' title='bbox 1492 5424 1518 5474; x_wconf 86' lang='grc' dir='ltr'>ὁ</span> <span class='ocrx_word' id='word_1_807' title='bbox 1557 5422 1778 5492; x_wconf 87' lang='grc' dir='ltr'>ἡγούμε·</span> 
     </span>
    </p>
   </div>
   <div class='ocr_carea' id='block_1_109' title="bbox 1882 5409 3453 5513">
    <p class='ocr_par' dir='ltr' id='par_1_109' title="bbox 1893 5409 3453 5513">
     <span class='ocr_line' id='line_1_109' title="bbox 1893 5409 3453 5513; baseline 0.013 -35"><span class='ocrx_word' id='word_1_808' title='bbox 1893 5425 2055 5495; x_wconf 78' lang='lat' dir='ltr'><strong>igitur</strong></span> <span class='ocrx_word' id='word_1_809' title='bbox 2078 5409 2629 5502; x_wconf 75' lang='lat' dir='ltr'><strong>appmpinquassent,</strong></span> <span class='ocrx_word' id='word_1_810' title='bbox 2648 5438 2781 5494; x_wconf 88' lang='lat' dir='ltr'><strong>dicit</strong></span> <span class='ocrx_word' id='word_1_811' title='bbox 2802 5439 2935 5509; x_wconf 88' lang='lat' dir='ltr'><strong>ipsis</strong></span> <span class='ocrx_word' id='word_1_812' title='bbox 2956 5441 3417 5513; x_wconf 62' lang='lat' dir='ltr'><strong>hegumenusfﬂ?)</strong></span> <span class='ocrx_word' id='word_1_813' title='bbox 3441 5464 3453 5499; x_wconf 90' lang='lat'>:</span> 
     </span>
    </p>
   </div>
   <div class='ocr_carea' id='block_1_110' title="bbox 216 5497 1778 5604">
    <p class='ocr_par' dir='ltr' id='par_1_110' title="bbox 216 5497 1778 5580">
     <span class='ocr_line' id='line_1_110' title="bbox 216 5497 1778 5580; baseline 0.008 -29"><span class='ocrx_word' id='word_1_814' title='bbox 216 5513 337 5562; x_wconf 86' lang='grc' dir='ltr'>νος·</span> <span class='ocrx_word' id='word_1_815' title='bbox 368 5501 562 5565; x_wconf 83' lang='grc' dir='ltr'>Καλῶς</span> <span class='ocrx_word' id='word_1_816' title='bbox 590 5497 753 5572; x_wconf 79' lang='grc' dir='ltr'>ἦλθον</span> <span class='ocrx_word' id='word_1_817' title='bbox 790 5503 858 5557; x_wconf 83' lang='grc' dir='ltr'>τὰ</span> <span class='ocrx_word' id='word_1_818' title='bbox 905 5506 1152 5574; x_wconf 76' lang='grc' dir='ltr'>πρόὸατα</span> <span class='ocrx_word' id='word_1_819' title='bbox 1196 5507 1287 5560; x_wconf 80' lang='grc' dir='ltr'><strong>τοῦ</strong></span> <span class='ocrx_word' id='word_1_820' title='bbox 1333 5508 1587 5580; x_wconf 75' lang='grc' dir='ltr'>Χριστοῦ.</span> <span class='ocrx_word' id='word_1_821' title='bbox 1622 5510 1778 5576; x_wconf 85' lang='grc' dir='ltr'>Λέγει</span> 
     </span>
    </p>
   </div>
   <div class='ocr_carea' id='block_1_111' title="bbox 1882 5497 3451 5604">
    <p class='ocr_par' dir='ltr' id='par_1_111' title="bbox 1894 5497 3451 5604">
     <span class='ocr_line' id='line_1_111' title="bbox 1894 5497 3451 5604; baseline 0.013 -34"><span class='ocrx_word' id='word_1_822' title='bbox 1894 5520 2042 5573; x_wconf 75' lang='lat' dir='ltr'><strong>Bene</strong></span> <span class='ocrx_word' id='word_1_823' title='bbox 2065 5497 2339 5579; x_wconf 80' lang='lat' dir='ltr'><strong>venerunt</strong></span> <span class='ocrx_word' id='word_1_824' title='bbox 2363 5497 2493 5580; x_wconf 77' lang='lat' dir='ltr'><strong>oves</strong></span> <span class='ocrx_word' id='word_1_825' title='bbox 2515 5497 2740 5583; x_wconf 82' lang='lat' dir='ltr'><strong>Christi.</strong></span> <span class='ocrx_word' id='word_1_826' title='bbox 2778 5497 2917 5584; x_wconf 78' lang='lat' dir='ltr'><strong>Dicit</strong></span> <span class='ocrx_word' id='word_1_827' title='bbox 2946 5497 3125 5587; x_wconf 56' lang='lat' dir='ltr'><strong>statim</strong></span> <span class='ocrx_word' id='word_1_828' title='bbox 3158 5497 3414 5604; x_wconf 26' lang='lat' dir='ltr'><strong>Symc‘oni’</strong></span> 
     </span>
    </p>
   </div>
   <div class='ocr_carea' id='block_1_112' title="bbox 1710 5642 1939 5703">
    <p class='ocr_par' dir='ltr' id='par_1_112' title="bbox 1710 5642 1939 5703">
     <span class='ocr_line' id='line_1_112' title="bbox 1710 5642 1939 5703; baseline 0.026 -6"><span class='ocrx_word' id='word_1_829' title='bbox 1710 5642 1939 5703; x_wconf 76' lang='grc' dir='ltr'><strong>ΝΟΤᾸΞ.</strong></span> 
     </span>
    </p>
   </div>
   <div class='ocr_carea' id='block_1_113' title="bbox 292 5720 1176 5797">
    <p class='ocr_par' dir='ltr' id='par_1_113' title="bbox 292 5720 1176 5797">
     <span class='ocr_line' id='line_1_113' title="bbox 292 5720 1176 5797; baseline 0.014 -23"><span class='ocrx_word' id='word_1_830' title='bbox 442 5722 633 5797; x_wconf 71' lang='lat' dir='ltr'><strong>Capite</strong></span> <span class='ocrx_word' id='word_1_831' title='bbox 665 5728 895 5797; x_wconf 86' lang='lat' dir='ltr'><strong>septimo</strong></span> <span class='ocrx_word' id='word_1_832' title='bbox 917 5730 1176 5785; x_wconf 88' lang='lat' dir='ltr'><strong>invenies.</strong></span> 
     </span>
    </p>
   </div>
   <div class='ocr_carea' id='block_1_114' title="bbox 289 5792 1778 5936">
    <p class='ocr_par' dir='ltr' id='par_1_114' title="bbox 289 5792 1778 5936">
     <span class='ocr_line' id='line_1_114' title="bbox 289 5792 1778 5930; baseline 0.015 -87"><span class='ocrx_word' id='word_1_833' title='bbox 289 5792 404 5930; x_wconf 45' lang='grc' dir='ltr'><strong>(υς</strong></span> <span class='ocrx_word' id='word_1_834' title='bbox 514 5792 681 5879; x_wconf 61' lang='lat' dir='ltr'><strong>verbo</strong></span> <span class='ocrx_word' id='word_1_835' title='bbox 720 5792 891 5851; x_wconf 76' lang='grc' dir='ltr'>νικάω</span> <span class='ocrx_word' id='word_1_836' title='bbox 916 5838 931 5859; x_wconf 83' lang='grc'><strong>,</strong></span> <span class='ocrx_word' id='word_1_837' title='bbox 984 5801 1131 5853; x_wconf 78' lang='lat' dir='ltr'><strong>vinco</strong></span> <span class='ocrx_word' id='word_1_838' title='bbox 1156 5842 1169 5862; x_wconf 89' lang='lat'><strong><em>.</em></strong></span> <span class='ocrx_word' id='word_1_839' title='bbox 1227 5802 1387 5869; x_wconf 87' lang='lat' dir='ltr'><strong>cujus</strong></span> <span class='ocrx_word' id='word_1_840' title='bbox 1434 5808 1778 5878; x_wconf 87' lang='lat' dir='ltr'><strong>participium</strong></span> 
     </span>
     <span class='ocr_line' id='line_1_115' title="bbox 290 5858 1720 5936; baseline 0.015 -23"><span class='ocrx_word' id='word_1_841' title='bbox 290 5858 382 5929; x_wconf 74' lang='grc'><strong>(12</strong></span> <span class='ocrx_word' id='word_1_842' title='bbox 474 5862 804 5935; x_wconf 76' lang='grc' dir='ltr'>Ηγουμενος,</span> <span class='ocrx_word' id='word_1_843' title='bbox 826 5870 1011 5932; x_wconf 85' lang='lat' dir='ltr'><strong>abbas.</strong></span> <span class='ocrx_word' id='word_1_844' title='bbox 1043 5873 1373 5928; x_wconf 86' lang='lat' dir='ltr'><strong>monasterio</strong></span> <span class='ocrx_word' id='word_1_845' title='bbox 1399 5876 1720 5936; x_wconf 57' lang='lat' dir='ltr'><strong>praefectum</strong></span> 
     </span>
    </p>
   </div>
   <div class='ocr_carea' id='block_1_115' title="bbox 1882 5792 2685 5936">
    <p class='ocr_par' dir='ltr' id='par_1_115' title="bbox 1888 5818 2685 5893">
     <span class='ocr_line' id='line_1_116' title="bbox 1888 5818 2685 5893; baseline 0.014 -23"><span class='ocrx_word' id='word_1_846' title='bbox 1888 5823 1905 5870; x_wconf 84' lang='lat' dir='ltr'><strong>t</strong></span> <span class='ocrx_word' id='word_1_847' title='bbox 1929 5818 2350 5893; x_wconf 61' lang='lat' dir='ltr'><strong>Vixtbv,_tgjnrms,</strong></span> <span class='ocrx_word' id='word_1_848' title='bbox 2376 5831 2467 5879; x_wconf 83' lang='lat' dir='ltr'><strong>aut</strong></span> <span class='ocrx_word' id='word_1_849' title='bbox 2502 5824 2685 5884; x_wconf 62' lang='lat' dir='ltr'><strong>vider.</strong></span> 
     </span>
    </p>
   </div>
  </div>
