4034 6398
560 383 711 455 3670

1583 393 1892 463 LEONTII
1931 398 2438 463 NEAPOLITANI
2482 398 2824 461 EPISCOPI

3684 400 3705 461 l
3717 400 3831 461 634)

571 508 716 561 liene
751 503 967 570 venisti,
1001 502 1162 569 Sale;
1206 518 1335 561 vere
1361 504 1551 563 decem
1590 507 1700 578 (15)
1735 518 1825 563 tua
1848 508 1916 567 ab
1946 510 2116 565 abbab

2243 506 2335 562 οὖν
2360 509 2562 571 εὐθέως
2590 509 2667 579 τῷ
2701 509 2925 575 Συμεών
2945 524 2958 539 ·
2986 508 3181 572 Καλῶς
3205 502 3388 579 ἦλθες,
3412 512 3569 575 Σαλὲ,
3600 513 3831 581 ἀληθῶς

566 602 795 656 Joanne.
845 600 1043 655 Decem
1076 600 1221 655 enim
1270 608 1323 655 te
1369 611 1615 657 manent.
1682 602 1904 657 Dicebat
1957 613 2138 669 autem

566 704 790 763 pr0pter
829 690 1223 761 perfectionem
1270 692 1396 746 vita:
1440 708 1563 747 cum
1621 692 1820 747 virtute
1858 694 2135 767 degenda.

564 782 859 854 Postquam
889 782 1069 853 itaque
1109 782 1229 837 illos
1277 784 1584 853 excepisset
1646 792 1900 855 tanquam
1944 800 1975 840 a
2029 784 2137 840 Deo

456 884 463 907 κ
564 877 780 941 missos,
811 876 1090 946 quiescere
1136 874 1284 931 feeit.
1327 874 1395 930 Et
1424 875 1513 930 die
1542 885 1758 945 postera
1790 877 1955 946 coepit
2002 876 2135 947 ipsis

565 969 766 1034 dicere,
798 968 1116 1037 priusquam
1159 967 1210 1022 ei
1249 968 1625 1037 loquerentur,
1680 968 1869 1038 utique
1918 969 1975 1024 in
2031 969 2135 1023 Do-

562 1059 737 1113 mino:
765 1060 929 1137 Bona,
953 1059 1094 1114 bona
1116 1068 1171 1113 et
1197 1059 1356 1129 digna
1385 1068 1567 1113 vestra
1591 1059 1647 1114 in
1682 1058 1852 1115 Deum
1888 1060 2128 1116 dilectio.

562 1153 618 1206 Si
650 1152 808 1206 modo
844 1166 950 1206 non
990 1150 1316 1220 permittatis
1355 1165 1476 1204 eam
1525 1150 1798 1224 exstingui
1836 1152 1903 1208 ab
1932 1153 2130 1207 adver-

558 1244 704 1309 sario
734 1244 925 1298 salutis
973 1251 1189 1298 vestrae.
1228 1242 1413 1297 Bonus
1460 1258 1654 1298 cursus
1698 1252 2129 1309 vester;verum

558 1351 628 1390 ne
650 1334 875 1390 deticite
921 1343 1225 1399 currentes,
1269 1334 1446 1389 donec
1499 1333 1856 1390 coronemini.
1919 1333 2128 1389 Bonum

557 1428 898 1498 propositum
934 1434 1217 1491 vestrum;
1254 1442 1443 1481 verum
1489 1441 1558 1481 ne
1589 1425 1899 1490 dorntitate,
1934 1434 1992 1479 ut
2017 1441 2125 1480 non

556 1529 799 1589 tepescat
842 1518 1003 1589 ignis,
1038 1517 1129 1587 qui
1179 1517 1342 1573 corda
1390 1524 1570 1572 vestra
1626 1517 1789 1572 hodie
1834 1516 2122 1570 comburit.

554 1613 700 1667 Bene
741 1611 824 1665 illa
873 1626 993 1680 quae
1039 1618 1283 1676 manent,
1323 1608 1697 1679 prmposuistis
1740 1608 1807 1662 iis
1857 1624 1977 1677 quae
2027 1623 2124 1678 pe-

553 1711 736 1758 reunt.
780 1702 911 1755 Boni
945 1700 1166 1771 quidem
1212 1700 1377 1755 vestri
1415 1699 1719 1754 secundum
1766 1714 1985 1753 carnem
2026 1715 2124 1768 pa-

550 1801 756 1855 rentes,
792 1800 847 1845 et
884 1791 1088 1844 bonum
1120 1789 1224 1843 illis
1270 1791 1479 1845 servire
1514 1806 1527 1842 :
1575 1798 1631 1843 at
1675 1789 1793 1845 sine
1836 1804 2123 1860 compara-

552 1882 699 1938 tione
728 1884 922 1937 melius
952 1892 1035 1935 est
1063 1881 1208 1935 Patri
1255 1880 1460 1935 caelesti
1504 1880 1797 1950 placuisse.
1842 1880 1974 1936 Boni
2012 1882 2123 1936 fra-

546 1987 663 2033 tres
703 1990 930 2045 corpore
967 1990 982 2028 :
1040 1984 1110 2028 at
1139 1972 1337 2028 fratres
1383 1972 1584 2043 spiritu
1640 1973 2121 2029 conducibiliores.

546 2069 685 2135 Boni
749 2067 905 2121 amici
953 2075 1177 2136 prapter
1229 2064 1532 2130 Christum,
1590 2080 1729 2135 quos
1794 2066 2013 2121 habetis
2066 2066 2122 2120 in

547 2159 754 2229 mundo
792 2176 806 2213 :
842 2173 1029 2213 verum
1071 2156 1267 2211 melius
1313 2164 1537 2211 sanctos
1573 2156 1776 2211 habere
1820 2156 2027 2212 amicos
2068 2167 2123 2213 et

546 2251 813 2321 benignos
839 2249 983 2318 apud
1021 2245 1331 2300 Dominum.
1375 2245 1511 2301 Boni
1556 2245 1817 2317 praesides
1861 2262 1996 2317 quos
2026 2246 2123 2301 ba-

545 2340 688 2395 betis
725 2338 780 2394 in
824 2337 1151 2393 necessitate
1195 2346 1386 2390 contra
1425 2350 1521 2391 eos
1572 2335 1663 2405 qui
1711 2334 1917 2391 habent
1966 2346 2123 2406 pote-

543 2442 740 2489 statem
784 2449 798 2485 :
834 2446 1020 2485 verum
1059 2444 1169 2484 non
1200 2438 1327 2485 sunt
1374 2429 1532 2497 tanti,
1568 2430 1758 2500 quanti
1801 2440 1886 2485 est
1919 2430 2122 2485 habere

541 2532 766 2587 sanctos
809 2522 1031 2594 angelos
1071 2537 1169 2592 pro
1222 2521 1385 2577 nobis
1434 2522 1822 2592 supplicantes.
1882 2521 2032 2577 Bona
2066 2529 2121 2578 et

541 2615 827 2671 laudabilis
874 2613 1029 2669 diviti
1067 2613 1381 2668 distributio
1425 2613 1807 2683 pecuniarum,
1850 2622 1906 2668 et
1944 2600 2121 2684 pietas

541 2707 595 2760 in
629 2721 894 2777 pauperes
931 2713 987 2759 et
1040 2703 1437 2758 beneﬁcentia:
1471 2704 1567 2759 sed
1617 2705 1935 2775 neutiquam
1980 2704 2119 2760 Deus

542 2806 650 2850 tam
690 2796 882 2865 quaerit
930 2795 1088 2848 aliam
1134 2809 1163 2847 a
1195 2794 1355 2849 nobis
1398 2794 1753 2860 oblationem,
1786 2811 1949 2865 quam
1996 2796 2117 2850 ani-

540 2904 752 2942 marum
800 2894 1127 2941 nostrarum.
1168 2885 1352 2939 Dulcis
1393 2885 1613 2954 quidem
1666 2886 1794 2941 vitae
1846 2886 2115 2941 bonorum

444 3034 451 3039 ,
538 2980 766 3033 l‘ruitio:
816 2992 1006 3033 verum
1056 2975 1258 3044 aequari
1310 2990 1422 3030 non
1475 2983 1656 3046 potest
1697 2976 1909 3031 deliciis
1956 2992 2116 3047 para-

536 3069 660 3123 disi.
682 3066 943 3122 .lucundm
960 3067 1177 3136 quidem
1205 3064 1425 3131 divitiae,
1442 3074 1495 3122 et
1522 3065 1909 3121 desiderabiles
1929 3066 2115 3121 multis

2240 601 2370 654 δέκα
2398 617 2455 654 σε
2487 600 2594 655 ἀπὸ
2621 599 2714 652 τοῦ
2747 600 2891 655 ἁὸϐᾶ
2921 599 3195 655 Ἰωάννου.
3220 599 3302 653 Τὰ
3327 601 3433 672 γὰρ
3464 602 3597 656 δέκα
3633 620 3691 655 σε
3726 619 3834 655 πει

2241 693 2574 764 ριμένουσιν.
2594 692 2820 760 Ἔλεγεν
2835 692 2891 744 δὲ
2912 692 2999 747 διὰ
3023 692 3122 763 τὴν
3146 693 3457 764 τελειότητα
3478 695 3600 749 κατ’
3614 696 3833 766 ἀρετὴν

2239 783 2378 853 βίου.
2403 783 2703 852 Δεξάμενος
2725 781 2818 836 οὖν
2841 782 3039 846 αὐτοὺς
3063 783 3137 846 ὡς
3160 783 3556 854 θεοπέμπτους.
3583 787 3836 839 ἀνέπαυ-

2239 891 2321 930 σε.
2355 874 2465 928 Καὶ
2488 877 2552 945 τῇ
2571 872 2694 943 ἑξῆς
2718 874 2920 944 ἤρξατο
2944 875 3129 938 αὐτοῖς
3158 874 3360 943 λέγειν,
3385 877 3492 945 πρὸ
3518 877 3614 930 τοῦ
3638 880 3833 931 eluta

2235 964 2405 1035 αὐτῷ,
2430 962 2505 1027 ὡς
2531 963 2624 1017 ἐπὶ
2656 964 2861 1037 Κυρίου
2884 978 2899 992 ⁸
2933 965 3108 1035 Καλὴ,
3137 965 3300 1036 καλὴ,
3336 967 3431 1019 καὶ
3458 967 3583 1031 ἀξία
3610 970 3643 1038 ἡ
3676 968 3832 1038 πρὸς

2235 1052 2367 1105 Θεὸν
2386 1053 2573 1123 ἀγάπη
2600 1052 2773 1123 ὑμῶν,
2813 1052 2973 1121 μόνον
3007 1054 3104 1106 ἐὰν
3144 1055 3219 1124 μὴ
3252 1055 3356 1106 ὑπὸ
3407 1055 3498 1108 τοῦ
3531 1058 3830 1109 ἀντιδίκου

2234 1145 2333 1216 τῆς
2366 1149 2637 1215 σωτηρίας
2670 1145 2835 1216 ἡμῶν
2885 1145 3092 1216 ταύτην
3132 1145 3457 1221 χαυνὼσητε
3488 1148 3827 1218 σϐεσθῆναι.

2233 1239 2459 1303 Καλὸςό
2484 1239 2680 1312 δρόμος
2712 1240 2889 1310 ὑμῶν,
2918 1240 3055 1295 ἀλλὰ
3094 1242 3171 1311 μὴ
3210 1241 3480 1313 ἐνδὼσητε
3517 1244 3834 1313 τρέχοντες

2230 1331 2387 1400 ἄχρις
2438 1326 2499 1383 ού
2554 1330 2957 1401 στεφανωθῆτε.
3011 1330 3169 1402 Καλὴ
3230 1332 3265 1401 ἡ
3316 1332 3571 1401 πρόθεσις
3629 1332 3829 1401 ὑμῶν,

2227 1424 2367 1478 ἀλλὰ
2416 1423 2493 1497 μὴ
2523 1422 2820 1495 νυστάξητε
2848 1462 2863 1487 ,
2903 1423 2991 1476 ἵνα
3032 1424 3107 1494 μὴ
3137 1421 3365 1493 χλιανθῇ
3405 1422 3465 1475 τὸ
3516 1426 3832 1493 περικαίον

2229 1514 2381 1585 ὑμῶν
2413 1516 2509 1578 τὰς
2543 1514 2768 1585 καρδίας
2790 1516 3031 1585 σήμερον
3066 1513 3199 1585 πῦρ.
3236 1513 3430 1576 Καλῶς
3455 1514 3521 1567 τὰ
3572 1513 3828 1583 μένοντα

2227 1608 2632 1677 προετιμήσατε
2663 1605 2770 1659 τῶν
2795 1606 3207 1676 ἀπολλυμένων.
3253 1606 3424 1660 Καλοὶ
3457 1607 3555 1676 μὲν
3582 1607 3635 1659 οἱ
3662 1607 3832 1660 κατὰ

2227 1699 2409 1770 σάρκα
2443 1698 2595 1769 ὑμῶν
2624 1699 2825 1765 γονεῖς,
2861 1697 2956 1751 καὶ
2980 1697 3143 1751 καλὸν
3166 1698 3225 1751 τὸ
3252 1698 3463 1761 τούτοις
3490 1698 3825 1752 δουλεῦσαι·

2226 1791 2443 1845 κάλλιον
2471 1791 2528 1844 δὲ
2560 1790 2896 1853 ἀνεικὰστως
2924 1790 3003 1862 τῷ
3045 1790 3355 1861 ἐπουρανίῳ
3398 1791 3575 1858 Πατρὶ
3604 1791 3829 1861 εὐαρεά

2226 1883 2419 1954 στῆσαι
2439 1899 2451 1913 ’
2475 1882 2630 1939 καλοὶ
2652 1884 2701 1936 οἱ
2735 1881 2957 1951 ἀδελφοὶ
2976 1883 3024 1935 οἱ
3052 1882 3375 1951 σωματικοὶ,
3413 1880 3527 1934 ἀλλ’
3556 1882 3609 1933 oi
3632 1899 3830 1933 πνευο

2228 1976 2471 2046 ματικοὶ,
2503 1976 2939 2047 συμφορώτεροι.
2976 1975 3147 2030 Καλοὶ
3172 1974 3221 2027 οἱ
3255 1973 3418 2043 φίλοι,
3460 1974 3511 2027 oi
3548 1973 3640 2027 διὰ
3667 1975 3721 2026 Χ
3734 1990 3832 2043 pt-

2224 2072 2371 2135 στὸν,
2420 2071 2514 2134 οὓς
2568 2070 2719 2141 ἔχετε
2764 2070 2822 2125 ὲν
2874 2068 2951 2140 τῷ
2980 2068 3204 2139 κόσμῳ·
3242 2066 3377 2120 ἀλλὰ
3424 2066 3642 2121 κάλλιον
3673 2067 3832 2128 τοὺς

2221 2164 2410 2233 ἁγίους
2433 2163 2578 2235 ἐχειν
2613 2163 2802 2233 φίλους
2859 2163 2953 2216 καὶ
2985 2162 3232 2233 εὐμενεῖς
3277 2160 3413 2231 πρὸς
3457 2160 3545 2214 τὸν
3593 2160 3829 2214 Δεσπό-

2222 2270 2343 2327 την.
2374 2256 2548 2310 Καλοὶ
2571 2256 2622 2309 οἱ
2655 2254 2979 2325 προστάται,
3003 2252 3097 2316 οὒς
3126 2252 3277 2323 ἔχετε
3312 2253 3370 2306 ὲν
3398 2251 3626 2320 ,ἀνάγκῃ
3662 2249 3829 2319 πρὸς

2220 2350 2345 2412 τοὺς
2378 2350 2676 2411 δυνάστας⁶
2706 2348 2821 2401 ἀλλ’
2874 2347 2975 2400 οὐκ
3020 2347 3160 2400 εἰσὶν
3209 2344 3407 2407 οὓτως,
3434 2344 3508 2407 ὡς
3541 2343 3604 2395 τὸ
3650 2341 3827 2412 ἔχειν

2219 2442 2345 2503 τοὺς
2374 2440 2563 2508 ἁγίους
2586 2438 2852 2509 ἀγγέλους
2890 2438 3031 2509 ὑπὲρ
3062 2438 3221 2509 ἡμῶν
3246 2436 3587 2499 ἱκετεύοντας
3607 2453 3622 2466 ·
3655 2435 3823 2505 καλή

2220 2529 2315 2583 καὶ
2354 2528 2615 2599 ἐπαινετὴ
2638 2530 2672 2598 ἡ
2695 2528 2802 2582 τῶν
2830 2528 3130 2598 χρημάτων
3159 2526 3237 2597 τῷ
3265 2524 3584 2593 εὐποροῦντι
3633 2527 3823 2595 μετά-

2218 2620 2395 2687 δοσις,
2447 2620 2605 2691 καὶὴ
2647 2623 2726 2684 είς
2797 2622 2925 2683 τοὺς
2981 2618 3233 2689 πτωχοὺς
3283 2617 3529 2672 εὐσέϐεια
3579 2620 3676 2673 καὶ
3714 2618 3823 2669 εύ-

2219 2714 2402 2768 ποιία·
2450 2712 2565 2766 ἀλλ’
2617 2713 2773 2767 οὐδὲν
2821 2711 2965 2769 οὕτω
3023 2712 3176 2782 ζητεῖ
3224 2714 3253 2765 ὁ
3295 2711 3428 2775 Θεὸς
3456 2710 3590 2779 παρ’
3636 2710 3825 2779 ἡμῶν

2218 2806 2558 2879 προσφορὰν,
2617 2805 2693 2868 ὼς
2748 2805 2809 2858 τὸ
2850 2804 3215 2876 προσενέγκαι
3251 2802 3399 2873 αύτῷ
3444 2801 3540 2864 τὰς
3587 2801 3822 2854 ἑαυτῶν

2215 2899 2413 2968 ψυχάς⁶
2433 2897 2661 2966 γλυκεῖα
2688 2896 2787 2968 μὲν
2814 2899 2850 2968 ἡ
2878 2896 2986 2950 τῶν
3013 2897 3108 2949 τοῦ
3131 2896 3247 2966 βίου
3273 2894 3454 2949 καλῶν
3469 2893 3817 2953 ἀπόλαυσις

2215 2988 2332 3043 ἀλλ’
2377 2989 2477 3042 οὑκ
2530 2988 2679 3043 ἐστιν
2754 2989 2845 3058 ἴση
2892 2989 2991 3057 τῆς
3044 2988 3259 3058 τρυφῆς
3303 2986 3397 3040 τοῦ
3439 2985 3820 3056 παραδείσου.

2216 3080 2461 3151 Τερπνδς
2488 3079 2588 3150 μὲν
2610 3080 2639 3132 ὁ
2666 3078 2894 3141 πλοῦτος
2927 3080 3021 3133 xui.
3060 3078 3400 3148 ὲπιθυμητὺς
3430 3080 3541 3139 τοῖς
3580 3076 3823 3138 πολλοῖς

538 3157 886 3217 hominibus;
918 3171 1107 3210 verum
1140 3171 1251 3208 non
1277 3164 1406 3210 sunt
1430 3155 1666 3226 aequales
1701 3156 1788 3220 iis,
1818 3172 1953 3226 quas
1980 3172 2114 3211 ocu-

2220 3174 2325 3227 τῶν
2349 3172 2685 3244 ἀνθρώπιον·
2717 3171 2833 3226 ἀλλ’
2862 3172 2961 3225 οὐκ
3000 3172 3150 3226 ἐστιν
3202 3172 3312 3234 ἴσος
3345 3164 3419 3224 ὧν
3451 3173 3479 3224 ό
3512 3169 3824 3238 ὀφθαλμὸς

431 3303 441 3309 ,
538 3250 622 3304 lus
649 3265 756 3304 non
799 3249 953 3311 vidit,
1000 3263 1101 3305 nec
1131 3247 1280 3303 auris
1310 3247 1538 3314 audivit,
1587 3262 1688 3303 nec
1723 3249 1782 3304 in
1814 3264 1909 3305 cor
1934 3249 2112 3304 homi-

536 3343 622 3397 nis
648 3342 1017 3397 ascenderunt
1050 3341 1115 3395 “.

606 3438 658 3488 9.
702 3431 1051 3489 Delectabilis
1114 3430 1461 3503 pulchritudo
1503 3430 1809 3501 juventutis
1858 3450 1873 3486 :
1922 3446 2111 3487 verum

536 3522 674 3578 nihil
726 3524 905 3579 simile
963 3534 1047 3589 est
1118 3523 1512 3593 pulchritudini
1564 3523 1807 3586 Christi,
1878 3524 2112 3579 caelestis

536 3612 740 3680 sponsi.
768 3612 908 3669 Dicit
948 3615 1095 3668 enim
1131 3613 1299 3668 David
1336 3630 1348 3667 :
1382 3631 1401 3665 ι
1438 3612 1730 3683 Speciosus
1778 3613 1951 3669 forma
2001 3631 2112 3684 prae

536 3702 660 3758 liliis
694 3703 1054 3759 hominum“.
1089 3722 1105 3755 ι
1146 3703 1396 3774 Magnum
1431 3704 1664 3759 militare
1696 3712 1914 3763 terreno
1946 3706 2061 3777 regi
2092 3723 2106 3761 :

534 3809 724 3861 verum
758 3794 882 3849 talis
916 3794 1103 3850 militia
1133 3795 1197 3848 ad
1231 3803 1444 3865 tempus
1473 3804 1576 3862 est,
1615 3803 1670 3849 et
1694 3797 2014 3865 periculosa.

606 3883 763 3939 llisce
796 3894 851 3940 et
876 3886 1075 3940 talibus
1128 3900 1361 3940 monens
1406 3886 1526 3941 illos
1578 3895 1839 3953 sanctus,
1894 3904 2111 3947 cessare

533 3974 600 4028 ab
634 3975 1001 4031 admonitione
1035 3976 1287 4041 nolebat,
1318 3986 1574 4047 spectans
1606 3994 1673 4035 ex
1707 3979 1883 4035 oculis
1915 3996 2108 4039 eorum

532 4064 711 4120 fontes
740 4067 1095 4137 lacrymarum
1123 4066 1426 4126 elllucntes.
1456 4070 1535 4125 Ac
1562 4072 1731 4130 veluti
1766 4072 1812 4127 si
1860 4073 2106 4131 divinum

534 4169 841 4210 sermonem
876 4154 1073 4229 [prius]
1105 4172 1215 4221 non
1256 4157 1615 4227 audivissent,
1646 4160 1720 4215 ita
1749 4161 2108 4216 attendebant

532 4244 598 4296 iis
628 4260 750 4313 quae
804 4243 966 4317 [tum]
1005 4246 1345 4304 dicebantur.
1394 4247 1598 4305 lterum
1634 4266 1764 4322 ergo
1808 4269 2108 4317 conversus

531 4334 597 4388 ad
647 4334 994 4407 Symeonem,
1028 4339 1160 4395 dicit
1190 4357 1205 4397 :
1242 4339 1322 4395 Ne
1350 4349 1401 4396 te
1425 4338 1642 4409 amicta,
1670 4359 1849 4413 neque
1872 4346 2107 4416 lacryma

531 4427 782 4482 canitiem
832 4429 1066 4487 dominae
1113 4440 1218 4486 tuae
1264 4433 1476 4491 matris.
1530 4434 1669 4501 Nam,
1723 4439 1894 4493 multo
1935 4440 2107 4510 magis

2213 3268 2313 3321 οὐκ
2336 3262 2491 3331 εἶδεν,
2522 3266 2617 3319 καὶ
2641 3264 2733 3327 οὓς
2755 3265 2855 3317 οὐκ
2892 3265 3146 3334 ἤκουσεν,
3175 3262 3270 3317 καὶ
3292 3263 3388 3315 ἐπὶ
3425 3262 3654 3330 καρδίαν
3706 3262 3824 3315 ἁν-

2214 3354 2434 3425 θρώπου
2464 3356 2564 3408 ούκ
2597 3354 2788 3425 ἀνέϐη.

2283 3448 2349 3504 θ’.
2384 3450 2426 3501 Τ
2430 3449 2629 3519 ερπνὸν
2656 3448 2718 3500 τὸ
2740 3446 2935 3510 κάλλος
2957 3446 3055 3515 τῆς
3077 3446 3327 3517 νεότητος
3345 3461 3362 3477 ·
3392 3444 3499 3499 ἀλλ’
3528 3443 3699 3496 οῦδὲν
3724 3446 3812 3506 ὼς

2211 3540 2273 3593 τὸ
2287 3542 2377 3593 τοῦ
2393 3538 2715 3611 ἐπουρανίου
2731 3538 2966 3607 νυμφίου
2981 3537 3239 3608 Χριστοῦ·
3262 3538 3425 3607 φησὶν
3436 3536 3544 3605 γὰρ
3560 3539 3589 3589 ὁ
3603 3536 3820 3589 Λατιΐῶ

2217 3650 2236 3682 ι
2259 3632 2472 3702 Ὠραῖος
2512 3631 2699 3684 κάλλει
2738 3632 2888 3700 παρὰ
2930 3628 3056 3692 τοὺς
3095 3630 3241 3693 υἱοὺς
3290 3630 3397 3683 τῶν
3422 3629 3816 3700 ἀνθρώπων.»

2210 3724 2368 3791 Μέγα
2421 3723 2485 3777 τὸ
2530 3721 2919 3795 στρατεύεσθαι
2966 3722 3049 3793 τῷ
3094 3721 3321 3792 ὲπιγείῳ
3357 3721 3597 3791 βασιλεῖ·
3655 3722 3819 3775 ἀλλὰ

2211 3814 2517 3885 πρόσκαιρο
2571 3813 2848 3885 ἡτοιαύτη
2883 3814 3163 3885 στρατεία,
3194 3814 3289 3869 καὶ
3313 3813 3685 3876 ἐπικίνδυνος.

2282 3905 2507 3971 Τούτοις
2558 3907 2653 3959 καὶ
2703 3909 2813 3969 τοῖς
2872 3906 3136 3970 τοιούτοις
3184 3906 3448 3961 νουθετῶν
3499 3906 3723 3969 αὐτοὺς
3782 3908 3815 3960 6

2208 3998 2376 4062 ὅσιος,
2408 3998 2722 4053 παύσασθαι
2752 3998 2854 4067 τῆς
2899 3998 3182 4062 νουθεσίας
3212 4000 3312 4052 οὐκ
3346 3997 3615 4061 ἐϐούλετο,
3650 3998 3811 4051 θεω-

2211 4091 2322 4161 ρῶν
2344 4094 2408 4144 ὲκ
2430 4092 2538 4145 τῶν
2561 4091 2856 4161 ὀφθαλμῶν
2885 4091 3065 4145 αὐτῶν
3097 4094 3282 4161 πηγὰς
3316 4091 3567 4163 δακρύων
3594 4092 3811 4161 ἐκχεοο

2212 4180 2409 4250 μένας·
2434 4179 2511 4243 ὡς
2540 4181 2707 4250 μήπω
2741 4180 2852 4249 γὰρ
2871 4180 3203 4241 ἀκούσαντες
3230 4177 3388 4244 λόγου
3415 4175 3584 4241 θείου,
3613 4177 3811 4239 ὅντως

2207 4271 2321 4331 τοῖς
2351 4268 2667 4336 λεγομένοις
2706 4271 3016 4339 προσεῖχον.
3040 4268 3211 4322 Πάλιν
3243 4267 3338 4322 οὖν
3363 4268 3629 4337 στραφεὶς
3651 4268 3813 4338 πρὸς

2206 4358 2300 4411 τὸν
2340 4357 2584 4427 Συμεὼν,
2642 4358 2946 4429 λέγειοίνιὴ
2985 4358 3206 4423 θλίϐου,
3253 4358 3385 4430 μηδὲ
3427 4358 3631 4429 δάκρυε
3698 4360 3808 4429 τὴν

2208 4448 2401 4503 πολιὰν
2421 4449 2521 4517 τῆς
2550 4449 2747 4519 κυρίας
2773 4466 2868 4503 σου
2896 4451 3103 4520 μητρός
3126 4467 3140 4482 ·
3172 4450 3392 4519 καὶγὰρ
3413 4450 3596 4519 πολλῷ
3623 4451 3809 4503 πλέον

530 4516 673 4570 illam
723 4518 993 4603 consolari
1052 4530 1229 4589 potest
1278 4522 1443 4589 Deus,
1502 4541 1600 4595 per
1658 4530 1955 4584 certamina
2012 4540 2101 4591 tua

2220 4538 2300 4591 τοῦ
2334 4539 2629 4610 προσώπου
2668 4558 2760 4593 σου
2793 4540 3016 4595 δύναται
3071 4540 3580 4611 παραμυθήσασθαι
3617 4542 3809 4612 αὐτὴν

529 4594 805 4675 exoratus,
838 4625 1000 4679 quam
1053 4619 1179 4667 tuus
1228 4594 1575 4682 conspectus.
1630 4617 1845 4673 Etenim
1876 4621 1923 4675 si
1963 4622 2106 4690 apud

530 4698 674 4752 illam
734 4716 904 4770 usque
937 4701 1007 4755 ad
1052 4713 1281 4759 mortem
1314 4706 1433 4775 ejus
1474 4723 1879 4777 perseverares,
1922 4711 2105 4767 incure

530 4799 643 4859 tum
669 4791 967 4859 enimvero,
1000 4809 1069 4848 an
1116 4804 1177 4864 _tu
1207 4804 1335 4857 ante
1374 4796 1523 4853 illam
1569 4814 1601 4855 e
1645 4801 1754 4856 vita
1788 4818 1900 4857 non
1947 4784 2108 4859 exce-

528 4881 706 4947 deres,
729 4880 1024 4947 destitutus
1056 4886 1382 4955 virtutibus;
1413 4897 1471 4944 et
1498 4893 1812 4961 excederes,
1847 4912 1961 4961 non.
2009 4898 2105 4955 ha-

529 4969 664 5025 bens
693 4973 785 5041 qui
841 4968 895 5029 te
938 4992 968 5030 a
1012 4976 1211 5033 futuris
1260 4982 1419 5035 malis
1464 4983 1635 5051 possit
1681 4984 1933 5041 liberare.
1978 4986 2100 5043 Non

530 5059 678 5119 enim
724 5064 947 5130 matris,
988 5078 1101 5121 non
1160 5070 1331 5138 patris
1386 5071 1642 5137 dilectio,
1702 5090 1810 5130 non
1870 5076 2098 5133 fratrum

532 5150 711 5215 turba,
731 5166 842 5211 non
885 5154 1107 5221 divitia,
1145 5173 1254 5213 non
1298 5160 1488 5230 gloria,
1518 5176 1627 5215 non
1659 5165 1941 5236 conjugale
1978 5167 2100 5221 vin-

526 5240 733 5310 culum,
769 5258 879 5301 non
920 5243 1154 5301 ﬁliorum
1180 5250 1431 5319 allectus,
1456 5253 1699 5323 iudicem
1718 5240 1934 5326 placare
1972 5274 2100 5329 pos-

528 5339 691 5397 sunt;
737 5332 837 5393 sed
870 5334 979 5392 vita
1014 5336 1201 5391 virtuti
1232 5354 1493 5405 consona,
1524 5350 1581 5396 et
1609 5345 1848 5414 suscepti
1873 5357 2098 5417 prapter

528 5421 699 5478 Deum
726 5424 938 5485 labores
980 5444 1045 5485 ac
1099 5430 1379 5495 molestiae.
1410 5432 1611 5489 lterum
1661 5451 1792 5507 ergo
1834 5440 1898 5491 ad
1931 5437 2096 5494 Joan-

596 5602 638 5636 “
674 5602 693 5656 l
720 5603 844 5660 Cor.
875 5623 934 5671 ιι,
967 5607 1021 5663 9.
1046 5609 1088 5642 ¹¹
1120 5608 1320 5667 Psalm.
1358 5629 1506 5680 κων,
1530 5615 1592 5670 3.

2201 4631 2231 4683 ό
2256 4629 2409 4693 Θεὸς,
2442 4630 2863 4699 δυσωπούμενος
2889 4632 2997 4685 ὑπὸ
3023 4632 3133 4685 τῶν
3167 4632 3276 4687 σῶν
3307 4630 3563 4699 ἀγώνων,
3587 4634 3657 4685 El
3685 4634 3804 4704 γὰρ

2202 4720 2297 4774 καὶ
2320 4719 2497 4792 ταύτῃ
2524 4719 2653 4792 ἄχρι
2671 4722 2772 4790 τῆς
2802 4721 3065 4791 τελευτῆς
3093 4722 3266 4792 αὐτῆς
3293 4724 3805 4794 προσεκαρτέρεις,

2200 4811 2335 4865 ἀλλὰ
2369 4810 2586 4882 ἄδηλον,
2623 4814 2672 4865 εί
2704 4814 2770 4865 σὺ
2806 4813 2910 4885 πρὸ
2942 4814 3116 4884 αὐτῆς
3165 4814 3256 4869 τὸν
3296 4815 3413 4882 βίον
3455 4815 3803 4886 ὑπεξέρχου,

2202 4900 2298 4973 ἔρη
2309 4919 2407 4971 μσς
2431 4902 2540 4957 τῶν
2568 4903 2781 4973 ἀρετῶν
2808 4904 3093 4976 ὑπάρχων,
3120 4907 3213 4959 καὶ
3244 4907 3497 4977 ἀπήρχου
3540 4909 3619 4976 μὴ
3652 4908 3807 4978 ἔχων

2201 4992 2294 5045 τὸν
2320 4992 2621 5064 δυνάμενόν
2655 5012 2717 5048 σε
2752 4995 2865 5049 τῶν
2901 4996 3205 5066 μελλόντων
3251 4999 3439 5052 κακῶν
3490 4999 3805 5067 ῥύσασθαι.

2204 5081 2341 5135 Ούδὲ
2374 5082 2482 5153 γὰρ
2516 5084 2749 5154 μητρὸς,
2799 5086 2865 5139 ού
2921 5087 3125 5158 πατρὸς
3156 5088 3371 5159 ἀγάπη,
3407 5090 3511 5142 οὐκ
3539 5090 3808 5159 ἀδελφῶν

2204 5160 2426 5242 πλῆθος,
2458 5175 2519 5226 ού
2557 5174 2808 5239 πλοῦτος,
2864 5178 2925 5230 ού
2957 5177 3117 5245 δόξα,
3149 5178 3210 5231 ού
3244 5178 3506 5247 γυναικὸς
3565 5179 3804 5248 δεσμὸς,

2202 5264 2262 5316 ού
2300 5264 2505 5319 τέκνων
2527 5267 2790 5327 εὐπάθεια
2815 5270 2906 5324 τὸν
2934 5271 3127 5341 κριτὴν
3169 5272 3393 5326 δύναται
3434 5272 3803 5339 δυσωπῆσαι,

2204 5355 2382 5425 ἀλλ’ἢ
2424 5357 2679 5425 ἐνάρετος
2729 5359 2999 5425 πολιτεία,
3048 5362 3145 5415 καὶ
3181 5362 3231 5414 ot
3276 5361 3423 5415 κατὰ
3469 5362 3605 5413 Θεὸν
3635 5364 3809 5418 πόνοι

2205 5448 2299 5499 καὶ
2323 5447 2575 5517 κάματοι.
2597 5451 2766 5505 Πάλιν
2791 5448 2885 5507 οὖν
2912 5454 3047 5523 πρὸς
3075 5455 3167 5510 τὸν
3192 5451 3451 5526 Ἰωάννην
3476 5455 3606 5525 ἔφη’
3629 5456 3811 5528 Μήτι

2042 5684 2266 5745 NOTAE.

599 5784 712 5855 (15)
753 5786 884 5839 Dum
917 5789 1017 5858 ipsi
1036 5801 1237 5846 sortem
1265 5795 1547 5863 ducerent,
1566 5808 1715 5853 sorte
1741 5801 1869 5859 vicit
1895 5803 2082 5861 decem
2108 5804 2342 5876 Symeon
2373 5826 2401 5865 a
2437 5810 2672 5879 Joanne,
2708 5815 2789 5870 uti
2823 5814 3032 5872 dictum
3060 5832 3238 5878 supra.
