4058 6424
248 433 381 501 1681

1514 447 1690 510 VITA
1725 447 1788 509 S.
1813 445 2212 508 SYMEONIS.

3368 436 3522 505 1682‘

248 551 353 617 σοὶ,
386 550 598 614 τέκνον,
626 551 658 606 ’ὁ
703 549 900 623 ἐχθρὸς
950 551 1061 606 τῶν
1086 553 1279 624 ψυχῶν
1539 554 1818 629 ὑποϐάλῃ.

1935 571 2049 610 nem
2088 555 2224 612 dixit
2257 572 2269 608 :
2307 552 2492 624 Neque
2546 552 2664 616 tibi,
2709 552 2804 614 ﬁli,
2848 549 3158 606 animarum
3193 559 3498 607 uestrarum

246 643 345 707 Τίς
368 642 477 714 ἀρα
499 644 627 706 τοὺς
657 643 827 712 εμοὺς
875 646 1054 714 γονεῖς
1105 646 1542 719 γηροϐοσκήσει;
1591 649 1675 714 τίς
1724 647 1824 720 τὴν

247 735 388 804 ἐμὴν
423 733 653 804 σύμϐιον
679 735 1172 806 παραμυθήσεταις
1217 739 1305 804 τίς
1357 741 1426 795 τά
1478 740 1704 796 ἐκείνων
1731 741 1826 796 δά-

247 837 393 896 κρυα
418 825 797 901 καταπαύσεις
824 826 888 880 Ei
920 827 1019 897 μὲν
1038 828 1148 901 γὰρ
1173 830 1310 902 πρὸς
1338 829 1526 902 ἕτερον
1556 829 1686 888 Θεὸν
1703 831 1826 886 τούο

244 933 376 981 τους
403 917 848 987 ὲγκατελείψατε,
867 921 962 988 καὶ
992 921 1129 991 πρὸς
1156 922 1346 993 ἓτερον
1361 922 1632 978 δουλεύειν
1656 923 1828 995 ἀπήρ-

247 1006 432 1078 χεσθε,
460 1007 640 1072 καλῶς
670 1007 736 1062 ἂν
768 1009 1130 1082 έμεριμνᾶτε,
1181 1015 1229 1066 εί
1283 1013 1392 1082 ἄρα
1423 1012 1695 1083 φροντίζει
1725 1013 1827 1066 αύο

246 1097 358 1150 τῶν
384 1095 481 1152 καὶ
508 1099 937 1169 παραμυθεῖται,
965 1100 998 1170 ἢ
1029 1100 1114 1156 οὔ.
1143 1102 1258 1156 Νῦν
1283 1102 1341 1154 δὲ
1375 1103 1514 1174 πρὸς
1547 1101 1736 1166 αὑτὸν,
1781 1095 1828 1170 ᾦ

247 1185 470 1252 τούτους
504 1187 925 1257 ὲγκατελείψατε
955 1189 1415 1260 προσδραμόντες,
1456 1189 1550 1244 καὶ
1600 1190 1826 1254 ἑαυτοὺς

246 1278 676 1350 ἀφιερώσαντες,
708 1281 930 1354 θαρρεῖν
961 1283 1090 1354 χρὴ,
1143 1283 1364 1336 κάκεῖνο
1393 1282 1452 1336 δὲ
1482 1281 1821 1352 λογίζεσθαιο

247 1371 332 1423 ὅτι
356 1370 406 1422 εί
430 1372 488 1424 ἐν
520 1360 599 1443 τῶ
628 1370 819 1442 κόσμῳ
841 1371 1020 1442 τούτῳ
1049 1371 1219 1425 ὄντων
1247 1371 1425 1442 ἡμῶν,
1457 1371 1554 1426 καὶ
1601 1373 1680 1444 τῷ
1728 1372 1828 1443 βίῳ

250 1462 633 1528 δουλευόντων,
663 1464 885 1521 πάντων
915 1463 1178 1536 πρόνοιαν
1212 1466 1449 1520 ἐποιεῖτο
1491 1466 1524 1536 ἡ
1569 1464 1664 1520 τοῦ
1691 1465 1828 1519 Ceo-3

252 1551 547 1624 ἀγαθότης,
595 1553 746 1626 πόσῳ
775 1571 840 1624 γε
899 1554 1102 1626 μᾶλλον
1152 1556 1214 1608 οὐ
1255 1543 1532 1626 φροντίσει
1578 1554 1674 1611 νῦν
1722 1558 1829 1611 τῶν

252 1642 538 1714 ἡμετέρων
563 1644 726 1698 οἴκων
753 1683 767 1707 ,
815 1645 906 1699 ὅτε
964 1643 1236 1699 δουλεύειν
1277 1644 1430 1716 αὑτῷ
1489 1645 1587 1699 καὶ
1632 1645 1830 1718 εὐαρε-

257 1735 401 1787 στεῖν
431 1732 583 1804 αὐτῷ
608 1732 883 1804 ὁλοψύχως
909 1733 1264 1804 είσήλθομενς

330 1842 351 1875 ι
381 1821 432 1876 ι’.
450 1824 662 1887 Τοίνυν,
687 1820 732 1878 ὢ
752 1825 937 1886 τέκνα,
965 1824 1394 1894 μνημονεύοντες
1418 1824 1511 1878 τοῦ
1530 1824 1737 1896 Κυρίου
1751 1824 1828 1877 εί-

259 1914 454 1978 πύντος
478 1913 613 1984 πρὸς
654 1914 744 1968 τὸν
782 1914 1035 1968 εἰπόντα·
1077 1913 1400 1987 Ἐπίτρεψόν
1430 1931 1547 1984 μοι,
1567 1913 1833 1987 ὑποστρέ-
1867 1897 1906 1955 Β

255 2018 355 2074 ψαι
383 2004 620 2076 πρῶτον,
642 2005 737 2060 καὶ
760 2005 929 2075 θάψαι
957 2005 1050 2058 τὸν
1081 2008 1298 2077 πατέρα
1333 2023 1436 2075 μου
1457 2021 1472 2036 ·
1510 2004 1684 2075 ’Δφες
1705 2005 1832 2068 τοὺς

255 2097 489 2167 νεκροὺς
519 2095 688 2166 θάψαι
717 2098 842 2160 τοὺς
875 2096 1084 2150 ἑαυτῶν
1127 2097 1353 2167 νεκρούς
1378 2113 1393 2128 ο
1428 2097 1832 2168 ἀμεταστρόφῳ

257 2187 451 2258 γνώμῃ
470 2187 567 2241 καὶ
594 2187 993 2258 ἀμεταμελήτῳ
1021 2188 1222 2258 καρδίᾳ
1243 2187 1626 2258 καταδράμετε
1657 2185 1834 2240 ὀπίσω

258 2278 447 2332 αὐτοῦ.
476 2278 548 2332 Τί
596 2278 708 2349 γὰρ
752 2278 900 2351 ᾶρα;
937 2281 986 2332 εἰ
1025 2279 1120 2333 καὶ
1166 2281 1194 2333 ὁ
1245 2278 1489 2347 ἐπίγειος
1539 2272 1695 2342 οὗτος
1737 2279 1834 2333 καὶ

259 2369 499 2442 φθαρτὸς
530 2371 784 2441 βασιλεὺς
831 2370 1207 2441 προετρέψατο
1234 2370 1401 2440 ὑμᾶς,
1441 2369 1613 2435 ζῶσαι
1649 2369 1835 2441 βουλό·

262 2479 446 2532 μενος,
476 2465 558 2528 είς
598 2464 942 2537 πατρικίους,
976 2463 1010 2535 ἢ
1040 2463 1530 2535 κουόικουλαρίους
1570 2463 1666 2518 τοῦ
1711 2465 1834 2518 ὲπι-

259 2553 407 2622 γείου
433 2554 600 2610 αύτοῦ
653 2555 942 2620 παλατιου,
994 2555 1090 2611 τοῦ
1142 2555 1579 2627 παρερχομένου,
1639 2556 1734 2610 καὶ
1759 2555 1835 2621 ὡς

261 2647 420 2710 σκιᾶς
449 2647 544 2701 καὶ
569 2646 847 2710 ἐνυπνίου,
875 2646 1298 2718 ἀφανιζομένου,
1332 2647 1545 2718 ἄρχειν,
1571 2647 1656 2700 -ού
1702 2664 1838 2700 κατα

260 2739 596 2808 εφρονήσατε
633 2739 702 2792 ἂν
725 2739 982 2792 ἁπάντων
1014 2739 1122 2792 τῶν
1157 2738 1512 2810 ὑπαρχόντων
1556 2738 1707 2809 ύμῖν,
1743 2738 1837 2791 καὶ

261 2827 566 2892 σπουδαίως
596 2828 692 2882 καὶ
713 2827 1123 2897 ἀνεμποδίστως
1147 2828 1284 2902 πρὸς
1303 2826 1464 2882 αὐτὸν
1484 2827 1685 2881 κατελα
1694 2826 1836 2897 p.631-

261 2935 404 2984 νετε,
430 2919 538 2974 τῶν
569 2919 701 2991 παρ’
734 2917 899 2973 αὐτοῦ
933 2921 1130 2991 τιμῶν,
1167 2922 1261 2974 καὶ
1300 2921 1405 2990 τῆς,
1440 2920 1608 2978 αὐτοῦ
1661 2919 1838 2990 ὅψεως

264 3009 357 3066 καὶ
388 3009 700 3081 παρρησίας
733 3009 1027 3070 ἀπολαύειν
1058 3010 1478 3082 ἐπιθυμοῦντες,
1522 3014 1616 3066 καὶ
1660 3015 1838 3068 πάντα
1873 3013 1879 3020 ’

261 3103 448 3169 πόνον,
482 3103 578 3158 καὶ
605 3103 796 3170 κόπον,
835 3104 930 3157 καὶ
969 3102 1202 3158 θάνατον
1248 3100 1577 3171 προείλασθε
1628 3099 1837 3173 ὑπομέ-

257 3207 393 3261 νειν,
433 3193 597 3263 μόνον
652 3193 740 3246 ἵνα
766 3193 866 3266 τὴν
904 3193 1116 3266 ἡμέραν
1145 3191 1359 3263 ἐκείνην
1387 3191 1514 3245 ἰδεῖν
1543 3192 1832 3263 ἀξιωθῆτε,

257 3277 374 3359 δινῇ
410 3283 596 3355 μέλλει
616 3285 646 3337 ὁ
676 3283 927 3355 βασιλεὺς
949 3285 1042 3338 ἐπὶ
1076 3284 1254 3355 πάσης
1281 3286 1382 3354 τῆς
1417 3283 1723 3354 συγκλήτου
1751 3284 1836 3338 δέ-

259 3373 472 3444 χεσθαι,
523 3373 620 3430 καὶ
675 3373 1014 3446 στρατεύειν,
1073 3376 1170 3428 καὶ
1218 3373 1624 3445 φιλοτιμεῖσθαι
1655 3375 1839 3445 ύμᾶςς,

259 3467 382 3523 Τῶν
401 3467 460 3522 δὲ
486 3468 778 3538 φησάντων
804 3465 975 3532 οὕτως
999 3466 1164 3537 ἔχειν,
1182 3459 1337 3521 εἶπεν
1361 3469 1390 3521 ὁ
1413 3468 1586 3538 μέγας
1615 3467 1799 3521 Νίκων
1817 3483 1830 3498 ·

259 3557 452 3630 nam)
482 3558 681 3629 μᾶλλον
708 3552 823 3625 οὖν,
875 3557 1062 3623 τέκνα,
1118 3558 1254 3629 μετά
1304 3558 1549 3630 πλείονος
1578 3559 1834 3628 σπουδῆς,

259 3649 357 3708 καὶ
401 3648 751 3715 κατανύξεως
800 3649 878 3721 τῷ
917 3649 1184 3722 ἀφθάρτῳ
1220 3651 1316 3704 καὶ
1369 3651 1573 3720 αἰωνίῳ
1625 3649 1838 3720 βασιλεῖ

259 3741 368 3794 τῶν
394 3740 788 3812 βασιλευόντων
810 3740 1166 3812 κατατρέχειν
1187 3742 1284 3795 καὶ
1313 3739 1628 3795 ἀκολουθεῖν
1651 3745 1833 3813 ἡμεῖς,

259 3833 310 3885 οἱ
340 3832 682 3902 εὐγνώμονες
708 3830 885 3884 δοῦλοι
910 3831 1201 3902 ὀφείλομεν
1221 3870 1235 3894 ,
1280 3830 1710 3902 μνημονεύοντες
1739 3834 1836 3900 τῆς

258 3921 504 3993 ἀγάπης,
531 3916 599 3993 ἦς
628 3920 931 3986 ἐνεδείξατο
982 3923 1062 3984 εἰς
1086 3921 1237 3992 ἡμᾶς
1276 3923 1305 3975 ὁ
1342 3921 1497 3987 Θεὸς,
1554 3920 1696 3976 ὥστε
1745 3923 1838 3976 τὸν

261 4013 392 4067 Υίὸν
421 4013 588 4068 αὐτοῦ
641 4013 734 4067 τὸν
793 4014 1054 4084 μονογενῆ
1103 4013 1204 4067 οὐκ
1250 4013 1508 4085 ἐφείσατο
1561 4013 1630 4069 δι’
1664 4015 1835 4086 ἡμᾶς,

259 4101 378 4158 ἀλλ’
415 4103 556 4171 ὑπὲρ
596 4103 756 4175 ἡμῶν
812 4104 1032 4160 πάντων
1066 4105 1385 4176 παρέδωκεν
1416 4105 1619 4176 αὐτόν;
1672 4107 1837 4161 Ὠστε

260 4190 357 4249 οὖν
385 4197 434 4249 εί
465 4197 558 4249 καὶ
585 4197 654 4251 τὰ
683 4198 892 4252 ἑαυτῶν
916 4197 1123 4266 αἵματα
1158 4198 1299 4270 ὑπὲρ
1323 4198 1490 4253 αὑτοῦ
1518 4198 1835 4270 ὲξεχέαμεν,

261 4287 313 4339 ot
331 4286 412 4359 τῷ
434 4286 627 4357 αῖματι
649 4288 813 4342 αὑτοῦ
841 4290 943 4360 τῆς
975 4290 1185 4363 φθορᾶς
1228 4292 1325 4346 καὶ
1352 4290 1448 4344 τοῦ
1492 4290 1723 4346 θανάτου
1748 4291 1840 4343 λυ-

260 4377 583 4449 τρωθέντες,
615 4381 712 4434 καὶ
757 4382 840 4445 εἰς
883 4383 1014 4436 υἱῶν
1054 4383 1294 4451 γνησίων
1317 4382 1470 4448 τάξιν
1499 4381 1840 4453 εἰσποιηθέν-

261 4485 376 4534 τες,
413 4469 534 4524 οὐδὲ
567 4469 740 4536 οὓτως
793 4473 1048 4538 ἀντάξιον
1075 4491 1136 4535 τι,
1159 4473 1622 4546 προσηνέγκαμεν
1653 4474 1834 4548 αὐτῷ·

1927 648 2100 704 hostis
2152 647 2450 718 subjiciat:
2483 645 2745 712 Quisnam
2798 653 3086 716 parentum
3128 659 3374 698 meorum
3417 659 3505 698 se-

1926 747 2201 796 nectutem
2246 739 2472 809 pascet?
2499 735 2636 803 Quis
2671 737 2800 792 vitae
2830 744 3138 792 consortem
3193 735 3504 790 consolabi-

1927 832 2053 888 tnr‘l
2080 831 2216 897 Quis
2249 831 2464 886 illorum
2507 830 2770 901 lacrymas
2798 827 3000 884 sistet?
3025 825 3159 882 Nam
3196 828 3242 883 si
3273 827 3393 882 illos
3423 827 3505 882 al-

1927 923 2100 978 terius
2159 922 2254 978 Dei
2307 938 2454 978 θυι-ευ
2507 919 2900 990 reliquissetis,
2953 927 3008 973 et
3080 918 3372 974 venissetis
3435 918 3504 973 ad

1926 1012 2273 1068 serviendum
2327 1011 2517 1077 alteri;
2567 1019 2716 1066 recte
2753 1009 2969 1066 solliciti
3020 1009 3234 1072 essetis,
3271 1023 3339 1063 an
3379 1010 3506 1076 quis

1927 1118 2118 1158 eorum
2169 1118 2354 1159 curam
2401 1111 2571 1176 gerat,
2627 1111 2683 1158 et
2728 1101 3064 1166 consoletur,
3123 1116 3329 1156 annon.
3384 1099 3505 1155 Jam

1927 1211 2061 1250 vero
2092 1203 2382 1266 postquam
2432 1194 2748 1252 aceurristis
2797 1193 2865 1250 ad
2911 1194 3060 1248 illum
3113 1193 3202 1249 cui
3248 1209 3345 1248 eos
3375 1191 3504 1249 reli-

1927 1281 2142 1351 quistis,
2169 1291 2228 1337 et
2246 1298 2342 1338 vos
2368 1283 2514 1354 ipsos
2540 1282 2928 1347 consecrastis,
2959 1290 3179 1352 oportet
3205 1281 3504 1344 conﬁdere.

1927 1382 2091 1442 atque
2143 1373 2276 1429 illud
2318 1373 2709 1430 considerare:
2741 1373 2884 1444 quod
2931 1373 3012 1440 si,
3050 1373 3179 1428 dum
3229 1387 3419 1427 sumus
3451 1371 3507 1424 in

1929 1466 2036 1521 hoc
2089 1466 2314 1530 mundo,
2371 1476 2428 1522 et
2482 1466 2606 1527 vitae
2667 1467 2977 1531 servimus,
3037 1465 3280 1520 onminm
3339 1463 3510 1535 gessit

1929 1572 2116 1612 curam
2160 1556 2253 1610 Dei
2311 1557 2568 1622 bonitas;
2615 1567 2819 1629 quanto
2869 1559 3038 1629 magis
3096 1557 3313 1613 curabit
3358 1571 3508 1610 nttnc

1929 1645 2119 1710 domos
2149 1653 2383 1711 nostras,
2428 1645 2666 1714 quando,
2707 1645 2964 1700 servituri
2996 1645 3121 1716 ipsi.
3155 1654 3210 1700 et
3253 1642 3518 1714 placituri

1931 1749 1994 1788 ex
2026 1742 2135 1788 tota
2167 1733 2345 1786 anima
2380 1730 2696 1786 exivimus?

2006 1825 2090 1882 10.
2152 1825 2342 1898 Igitur,
2387 1825 2501 1891 ﬁlii,
2554 1839 2826 1880 memores
2901 1822 3117 1878 Domini”
3159 1821 3390 1876 dicentis
3441 1820 3523 1873 ad'

1936 1935 2100 1981 eum,
2141 1917 2236 1988 qui
2293 1917 2473 1972 aiebat
2525 1934 2540 1970 :
2595 1936 2612 1968 ι
2647 1913 2913 1970 Permitte
2967 1914 3099 1968 mihi
3154 1903 3348 1968 reverti
3395 1911 3510 1982 pri-

1935 2025 2084 2066 mum
2129 2017 2184 2064 et
2220 2007 2448 2077 sepelire
2482 2015 2691 2077 patrem
2724 2021 2904 2060 meum
2933 2017 2946 2056 :
2979 2003 3108 2057 Sine
3152 2013 3395 2057 mortuos
3427 2017 3511 2057 se-

1934 2101 2100 2172 petire
2156 2107 2401 2155 mortuos
2455 2112 2584 2152 suos
2629 2099 2691 2162 ⁸³,
2735 2114 2753 2148 ι
2806 2105 3047 2152 mentem
3125 2093 3332 2149 induite
3391 2108 3511 2163 qua:

1935 2191 2130 2249 mutari
2163 2191 2306 2246 haud
2334 2189 2524 2260 possit,
2556 2203 2658 2243 nec
2686 2202 2783 2243 vos
2817 2187 3080 2257 pceniteat
3110 2201 3335 2241 currere
3366 2201 3509 2255 pone
3583 2179 3585 2182 ’

1934 2285 2134 2354 ipsum.
2162 2280 2303 2346 Quid
2343 2279 2534 2334 enim?
2573 2277 2628 2332 Si
2677 2277 2798 2346 quis
2829 2285 3083 2331 terrenus
3123 2292 3218 2330 rex
3261 2284 3317 2330 et
3349 2272 3516 2329 obno-

1933 2376 2055 2429 xius
2081 2371 2439 2443 corruptioni,
2472 2370 2674 2426 acciret
2699 2386 2814 2433 vos,
2863 2384 2999 2424 zona
3038 2368 3269 2423 induere
3302 2369 3510 2428 volens,

1936 2475 1994 2520 ut
2056 2464 2112 2520 in
2173 2463 2525 2534 patriciorum
2615 2470 2670 2515 et
2730 2459 3194 2516 cubiculariorum
3265 2457 3524 2510 ordinem.

1935 2555 2178 2626 ascripti,
2207 2564 2430 2611 terreno
2460 2553 2658 2626 palatio
2679 2551 2820 2624 ejus,
2851 2551 2999 2622 quod
3030 2548 3295 2621 praeterit,
3318 2557 3374 2602 et
3404 2556 3530 2601 tan«.

1933 2663 2098 2719 quam
2147 2648 2338 2703 umbra
2387 2656 2445 2702 et
2495 2643 2769 2702 somnium
2816 2641 3129 2707 evanescit,
3173 2641 3512 2712 praeessetis;

1935 2755 2119 2796 nonne
2139 2738 2564 2795 contemneretis
2595 2751 2786 2792 omnes
2827 2732 3116 2790 facultates
3166 2735 3395 2796 vestras,
3435 2729 3518 2784 di-

1936 2831 2272 2902 ligenterque
2315 2828 2434 2884 sine
2482 2827 2873 2900 impedimento
2925 2824 2994 2880 ad
3052 2823 3229 2894 ipsum
3287 2818 3518 2875 accede-

1936 2923 2086 2991 retis,
2146 2919 2470 2986 honoribus,
2526 2920 2618 2992 qui
2652 2918 2720 2975 ab
2779 2918 2898 2988 ipso
2941 2925 3090 2981 sunt,
3115 2921 3172 2971 et
3219 2919 3530 2983 conspectu

1936 3015 2077 3086 ejus,
2111 3013 2549 3069 ctcollocutione
2582 3011 2684 3065 frui
2710 3007 3122 3067 desiderantes?
3150 3018 3334 3061 nonne
3362 3002 3536 3056 labo-

1936 3120 2052 3161 rem
2077 3119 2320 3169 omnem,
2348 3109 2404 3158 et
2433 3101 2760 3167 molestiam,
2787 3108 2842 3155 et
2870 3105 3100 3154 mortem
3133 3093 3519 3168 praeeligeretis

1936 3196 2230 3260 sustinere,
2255 3195 2378 3250 ideo
2407 3194 2603 3257 solum,
2628 3201 2688 3249 ut
2713 3190 2860 3263 digni
2889 3189 3082 3247 essetis
3116 3185 3337 3242 videndi
3373 3184 3517 3239 diem

1937 3289 2112 3351 illum.
2140 3303 2248 3359 quo
2278 3287 2521 3342 futurum
2552 3295 2718 3350 esset,
2744 3293 2804 3340 at
2833 3299 2924 3338 rex
2956 3297 3080 3337 cum
3125 3279 3273 3334 omni
3297 3293 3396 3332 suo
3428 3292 3518 3332 se-

1937 3389 2070 3435 natu
2097 3395 2195 3435 vos
2220 3379 2501 3448 exciperet
2523 3384 2580 3431 et
2605 3373 2760 3449 [quo]
2794 3390 2890 3430 vos
2919 3371 3227 3428 militaretis
3259 3379 3314 3423 et
3341 3369 3518 3423 bono-

1937 3472 2089 3528 ribus
2123 3466 2517 3524 alﬁceremini?
2563 3466 2699 3522 Cum
2743 3472 2926 3520 autem
2976 3461 3054 3517 illi
3111 3460 3360 3516 dicerent
3441 3457 3514 3511 ita

1934 3579 2090 3628 esse,
2133 3562 2270 3618 dixit
2314 3575 2546 3632 magnus
2594 3557 2764 3612 Nicon
2797 3575 2810 3610 :
2845 3556 3062 3622 Quanto
3110 3552 3294 3622 itaque
3324 3549 3518 3622 magis,

1938 3658 2056 3722 ﬁlii,
2092 3671 2216 3712 cum
2247 3655 2452 3726 majore
2478 3649 2757 3724 diligentia
2779 3657 2833 3705 et
2853 3647 3277 3718 compunctione
3302 3644 3368 3699 ad
3400 3658 3518 3698 cor-

1939 3739 2207 3818 ruptionis
2250 3753 2552 3816 expertem,
2616 3750 2672 3797 et
2728 3740 3123 3810 sempiternum
3168 3734 3518 3807 regnantium

1936 3856 2117 3910 regem
2141 3851 2429 3893 accurrere
2461 3843 2517 3890 et
2537 3833 2690 3903 sequi
2723 3847 2842 3895 nos,
2878 3829 2922 3886 si
2955 3828 3206 3883 volumus
3228 3841 3348 3881 esse
3385 3824 3517 3894 grati

1938 3934 2105 3999 servi,
2141 3933 2429 3994 debemus,
2460 3929 2513 3983 in
2547 3925 2867 3983 memoriam
2905 3927 3224 3978 revocantes
3265 3920 3518 3975 dilecﬁo-

1938 4041 2087 4091 nem,
2114 4040 2276 4094 quam
2299 4022 2539 4079 ostendit
2572 4017 2716 4074 Deus
2773 4021 2899 4088 erga
2948 4030 3072 4081 nos,
3117 4020 3176 4068 ut
3229 4013 3364 4067 Filio
3419 4024 3520 4067 suo

1939 4115 2221 4186 unigenito
2261 4129 2374 4168 non
2421 4111 2734 4185 pepercerit
2789 4096 2989 4164 nostra.
3035 4119 3221 4170 causa,
3274 4103 3372 4159 sed
3419 4119 3520 4174 pro

1939 4203 2099 4260 nobis
2149 4201 2408 4258 omnibus
2447 4199 2733 4256 tradiderit
2781 4197 2935 4252 illum
2963 4196 3049 4250 “‘l
3077 4195 3264 4264 Itaque
3300 4192 3515 4249 tametsi

1940 4292 2256 4366 sanguinem
2288 4290 2518 4362 quisque
2549 4299 2796 4344 nostrum
2818 4301 2918 4357 pro
2940 4285 3060 4356 ipso
3091 4281 3521 4346 eﬁ‘nnderemus,

1939 4385 2031 4456 qui
2072 4383 2192 4454 ejus
2238 4381 2506 4453 sanguine
2549 4379 2617 4434 ab
2663 4378 2890 4434 interitu
2921 4384 2976 4432 et
3017 4383 3191 4432 morte
3221 4389 3410 4428 sumus
3438 4387 3523 4426 re-

1940 4476 2168 4548 dempti,
2205 4485 2260 4531 et
2301 4474 2359 4529 in
2405 4471 2767 4545 genuinorum
2805 4467 3040 4523 ﬁliorum
3074 4465 3322 4522 ordinem
3349 4463 3522 4518 ascri-

261 4561 324 4613 ού
353 4560 462 4632 γὰρ
495 4563 680 4633 ὅμοιόν
713 4566 861 4618 ἐστιν
883 4566 1184 4637 ἐκχυθῆναι
1212 4562 1365 4639 ,αἷμα
1398 4567 1708 4638 βασιλικὸν,
1744 4566 1836 4624 καὶ

1947 4567 2042 4638 pti,
2077 4566 2213 4620 nihil
2253 4563 2390 4620 adeo
2423 4570 2506 4618 sat
2535 4561 2761 4633 dignum
2793 4557 2895 4629 ipsi
2929 4552 3350 4613 reddiderimus.
3384 4553 3536 4610 Nam.

251 4646 406 4722 uitta
426 4652 690 4722 δουλικὸν,
720 4656 963 4726 ἀδελφοί.

1948 4655 2266 4728 sanguinem
2288 4654 2430 4726 regis
2451 4652 2684 4708 eﬁ'usum
2712 4664 2855 4715 esse,
2873 4649 3091 4716 fratres,
3118 4657 3174 4706 et
3201 4647 3522 4720 sanguinem

1950 4751 2112 4818 servi,
2147 4750 2374 4806 nimium
2407 4754 2669 4819 quantum
2699 4742 2897 4801 differt.

1725 4883 1954 4942 CAPUT
1997 4886 2061 4943 ll‘.

1443 4992 1557 5047 Vita
1599 4991 1920 5065 monastica,
1969 4999 2348 5069 apparitiones.

338 5108 424 5158 ια’.
452 5103 636 5159 Ταῦτα
660 5105 719 5159 δὲ
744 5105 926 5161 πάντα
963 5107 1059 5161 καὶ⁹
1100 5108 1271 5164 πλείω
1311 5109 1516 5165 τούτων
1558 5113 1844 5169 ὑπετίθετο

263 5195 449 5259 αὐτοῖς
475 5195 779 5266 όθεοφόρος
822 5200 1091 5270 προγνοὺς
1145 5201 1236 5254 καὶ
1285 5201 1726 5276 πληροφορηθεὶς
1777 5209 1842 5261 ὲκ

262 5287 358 5342 τοῦ
386 5287 522 5341 Θεοῦ
548 5285 640 5341 τὸν
664 5289 1025 5362 προκείμενον
1046 5291 1228 5354 αὐτοῖς
1248 5291 1436 5360 ἀγῶνα
1480 5294 1574 5347 καὶ
1617 5294 1838 5366 δρόμον,

264 5377 408 5449 λέγω
435 5379 501 5452 δὴ
525 5380 616 5434 τὸν
642 5379 908 5454 ὲρημικὸν
934 5384 1028 5437 καὶ
1056 5384 1247 5440 ἄοικον,
1274 5384 1554 5449 παντελῶς
1579 5387 1675 5441 καὶ
1705 5389 1839 5443 ἀνα-

266 5472 571 5541 χωρητικὸν
607 5470 742 5542 βίον.
767 5473 842 5526 Οὐ
881 5473 942 5526 τὸ
975 5474 1137 5545 τυχὸν
1161 5473 1268 5547 γάρ
1293 5475 1559 5547 ὑπάρχειν
1591 5477 1849 5551 ὑπελάμ-

265 5564 428 5617 σανεν
457 5561 634 5631 τοῦτο,
684 5564 794 5618 οὐδ’
828 5564 904 5630 ὡς
934 5565 1123 5637 ἔτυχεν
1170 5571 1283 5633 τοῖς
1307 5569 1520 5633 πολλοῖς
1544 5571 1841 5643 κατορθού-

269 5673 432 5727 μενον
486 5657 580 5713 καὶ
617 5658 925 5732 ἀμέμπτως
955 5660 1373 5733 ἒπιτελούμενον
1420 5663 1657 5736 μάλιστα
1692 5665 1835 5740 όρῶν

343 5841 384 5872 ¹³
420 5839 614 5898 Matth.
657 5857 776 5910 vni,
808 5843 999 5907 21,22
1074 5845 1114 5877 ιδ
1149 5843 1306 5901 Joan.
1344 5861 1420 5910 ιιι,
1465 5848 1542 5903 l6.

2020 5117 2105 5172 ll.
2160 5117 2287 5172 Haac
2332 5115 2535 5180 omnia,
2587 5126 2751 5185 atque
2803 5114 2953 5168 hisee
2998 5109 3155 5180 plura
3202 5097 3526 5178 suggerebat

1948 5207 2079 5278 ipsis
2113 5207 2195 5264 vir
2227 5206 2417 5272 deiter,
2451 5198 2711 5276 praescius
2755 5203 2940 5259 divino
2991 5199 3201 5256 monitu
3243 5208 3298 5253 et
3326 5198 3525 5252 certior

1947 5299 2123 5354 factus
2146 5297 2349 5354 instare
2377 5298 2483 5353 illis
2522 5305 2800 5352 certamen
2849 5306 2905 5350 et
2946 5308 3189 5350 cursum.
3229 5290 3547 5345 solitariam,

1947 5389 2216 5454 videlicet,
2248 5388 2409 5445 domo
2438 5382 2658 5460 penitus
2685 5396 2981 5453 carentem,
3009 5395 3063 5441 et
3084 5381 3553 5442 anachoreticami

1949 5483 2136 5538 vitam.
2163 5480 2281 5537 Non
2317 5480 2460 5536 enim
2497 5481 2786 5551 reputabat
2815 5479 2919 5533 hoc
2950 5478 3073 5531 vitae
3104 5489 3277 5548 genus
3307 5473 3519 5535 leviter,
3546 5530 3550 5533 ι

1949 5587 2052 5630 nec
2095 5571 2372 5628 communi
2413 5571 2707 5627 multorum
2749 5585 2900 5626 more
2932 5565 3369 5639 amplectendmn
3402 5579 3522 5621 esse

1945 5675 2000 5722 et
2048 5665 2480 5739 perﬁciendum;
2526 5665 2760 5723 anaxime
2802 5661 3018 5733 quando
3062 5659 3278 5716 videbat
3326 5657 3540 5715 tenella.
