4034 6400
528 414 548 478 1
560 416 666 482 683

1552 426 1866 497 LEONTII
1908 424 2420 487 NEAPOLITANI
2462 427 2804 488 EPISCOPI

3670 408 3818 477 1684

521 543 776 598 corpora,
803 537 858 584 et
887 532 1229 589 vestimentis
1275 533 1530 591 mollibus
1572 536 1783 602 induta,
1816 546 1871 592 et
1902 536 2092 607 juven-

2207 534 2437 608 σώματα
2467 536 2671 601 ἀπαλά,
2712 535 2809 589 καὶ
2837 531 3080 605 ἱματίοις
3109 530 3380 603 μαλακοῖς
3414 525 3813 599 ἠμφιεσμένα.

524 628 695 674 tutem
731 622 784 675 in
825 622 1035 679 deliciis
1062 626 1380 695 enutritam,
1421 637 1477 683 et
1519 629 1669 683 omni
1700 630 2024 685 relaxationi
2052 637 2109 684 et

520 708 829 779 deceptioni
849 712 1164 768 obnoxiam.
1198 714 1354 771 Unde
1393 717 1613 787 sapiens
1643 719 1889 774 medicus
1913 728 1968 774 et
1992 733 2107 773 ma-

520 800 689 870 gister
721 802 905 857 divina
933 807 1178 872 notione,
1205 823 1327 877 quae
1360 809 1411 863 ei
1435 810 1632 874 inerat,
1667 820 1723 866 et
1743 811 2102 881 experientia,

519 892 638 946 illos
658 895 924 964 exemplis
948 897 1259 966 hujusmodi
1286 912 1341 955 et
1361 902 1583 957 monitis
1617 904 1876 969 munitos,
1906 903 2102 963 iterum

518 982 709 1037 ambos
732 986 1020 1054 compellat
1052 1006 1063 1039 :
1102 991 1184 1043 An
1225 991 1419 1061 capitis
1444 996 1607 1048 vestri
1655 1010 1864 1050 comam
1891 996 2104 1051 tonderi

522 1073 701 1136 vultis,
734 1091 798 1131 ac
837 1077 891 1131 in
927 1079 1067 1136 laico
1103 1080 1213 1152 (14)
1250 1082 1463 1149 habitu,
1497 1101 1606 1155 quo
1630 1086 1806 1141 induti
1835 1088 1969 1143 estis
2002 1088 2103 1143 ho-

518 1166 629 1232 die,
658 1167 1056 1241 aliquantisper
1089 1178 1485 1243 perseverare?
1510 1176 1677 1243 Quasi
1710 1194 1822 1233 uno
1847 1180 2099 1241 consilio,

518 1274 615 1314 seu
640 1263 824 1332 potius
851 1281 964 1319 uno
995 1265 1202 1336 Spiritu
1234 1278 1424 1323 sancto
1446 1270 1575 1336 acti,
1598 1272 1759 1326 ambo
1782 1273 2104 1328 acciderunt

515 1350 582 1403 ad
609 1352 776 1421 pedes
814 1354 1139 1426 begumeni,
1200 1369 1453 1430 rogantes
1508 1361 1709 1431 ipsum,
1764 1374 1825 1418 ut
1880 1380 2004 1419 mox
2048 1374 2104 1420 et

514 1442 635 1498 sine
676 1447 1167 1514 procrastinatione
1216 1466 1310 1506 eos
1365 1453 1633 1509 tonderet.
1686 1453 1753 1508 Et
1811 1455 1945 1511 dixit
2002 1455 2102 1528 Sy-

517 1541 708 1606 meon},
751 1538 854 1594 nisi
903 1539 1008 1595 hoc
1059 1541 1261 1598 faceret
1313 1545 1483 1599 multa
1541 1561 1665 1600 cum
1723 1547 2097 1614 festinatione,

513 1629 696 1684 slatim
728 1630 875 1700 ipsos
900 1632 1241 1689 discessuros
1273 1636 1340 1690 ad
1363 1637 1508 1691 aliud
1531 1640 1943 1694 monasterium.
1963 1642 2098 1696 Nam

511 1723 739 1793 simplex
792 1735 911 1781 erat
947 1737 1002 1783 et
1049 1727 1354 1795 innocuus;
1394 1728 1635 1785 Joannes
1667 1741 1850 1787 autem
1894 1736 2100 1804 majore

510 1816 798 1887 sapientia,
838 1828 894 1873 et
922 1834 1105 1890 rerum
1139 1820 1334 1876 notitia
1380 1824 1696 1891 praestabat.
1740 1825 1850 1879 Nec
1890 1842 2043 1882 mora
2081 1846 2095 1882 :

510 1916 734 1970 sanctus
769 1906 941 1975 Nicon
966 1924 1411 1980 unumquemque
1443 1927 1632 1966 eorum
1682 1928 1930 1969 seorsum
1968 1931 2094 1985 pre-

513 2000 723 2067 lten‘dit,
752 2002 1057 2071 periculum
1091 2003 1280 2058 volens
1312 2004 1511 2072 facere,
1560 2021 1722 2075 quam
1753 2006 1961 2062 fervida
2003 2024 2093 2063 re-

514 2107 654 2159 rum,
705 2108 736 2147 e
778 2096 1003 2161 materia
1046 2105 1450 2162 concretarum,
1499 2099 1812 2154 secessione
1857 2099 1967 2171 (15)
2025 2100 2093 2156 ad

510 2184 680 2239 Deum
732 2188 1079 2243 accederent.
1117 2190 1183 2244 Et
1217 2190 1462 2259 quaedam
1511 2190 1613 2259 ipsi
1654 2190 1813 2254 dixit,
1859 2199 2093 2248 conatus

510 2294 713 2333 moram
770 2280 1014 2348 injicere,
1063 2297 1132 2335 ne
1181 2282 1269 2336 illa
1299 2282 1387 2337 die
1432 2284 1770 2347 tonderetur,
1813 2285 1906 2339 sed
1942 2286 2093 2343 nullo

506 2388 686 2451 opera:
710 2372 911 2439 fructu,
944 2391 1120 2445 neque
1150 2377 1412 2432 alterutro
1451 2393 1643 2432 eorum
1684 2382 2089 2449 consentiente.

508 2464 608 2535 Ivit
636 2465 816 2535 itaque
846 2468 911 2521 ad
938 2468 1192 2535 alterum,
1230 2478 1284 2524 et
1306 2470 1441 2525 dixit
1474 2488 1487 2523 :
1525 2469 1666 2526 Ecce
1706 2474 1952 2542 persuasi
1979 2472 2092 2528 fra-

507 2555 576 2613 tri
606 2566 698 2612 tuo
722 2567 782 2613 ut
809 2558 999 2622 laicus,
1030 2560 1206 2630 qualis
1228 2569 1331 2627 est,
1359 2574 1580 2617 maneat
1619 2564 1686 2618 ad
1714 2582 1884 2619 unum
1918 2582 2091 2647 usque

504 2665 735 2707 annum.
791 2650 985 2707 Statim
1044 2654 1227 2724 itaque
1277 2655 1353 2709 illi
1405 2657 1688 2726 respondit
1737 2660 1805 2721 is,
1852 2660 1939 2714 cui
1984 2661 2091 2716 hoc

504 2745 717 2798 dixerat
747 2760 762 2797 :
799 2744 854 2800 Si
886 2745 1001 2801 vult
1032 2746 1120 2801 ille
1158 2763 1401 2813 manere,
1431 2760 1687 2813 maneat;
1721 2766 1865 2814 vere,
1906 2750 2086 2819 Pater,

507 2836 609 2892 hoc
635 2853 734 2909 ego
763 2854 873 2893 non
904 2839 1169 2895 sustineo.
1199 2840 1376 2910 Atque
1402 2841 1506 2896 hoc
1527 2842 1663 2897 dixit
1691 2842 1792 2913 ipsi
1823 2842 2089 2914 Symeon,

503 2930 723 2997 quando
774 2945 1024 2986 seorsum
1078 2947 1204 2986 cum
1264 2946 1330 2985 eo
1374 2932 1593 2987 locutus
1642 2932 1796 2988 fuit:
1846 2933 2087 3001 Festina,

504 3018 686 3088 Pater,
716 3037 814 3092 per
843 3023 1133 3083 Dominum
1171 3023 1337 3098 [oro].
1384 3026 1586 3079 ctenim
1633 3026 1861 3080 multum
1907 3026 2092 3082 tremit

505 3127 687 3177 meum
716 3127 811 3174 cor
836 3121 1062 3183 propter
1103 3113 1371 3169 JOannem
1417 3115 1662 3178 fratrem,
1698 3130 1788 3178 ne,
1831 3116 2089 3185 quoniam

503 3204 572 3271 ab
605 3219 752 3271 anno
792 3220 1017 3273 uxorem
1064 3205 1219 3279 duxit
1256 3205 1596 3278 praedivitem
1655 3216 1710 3261 et
1770 3207 2086 3270 formosam,
2118 3238 2161 3296 ε

502 3311 694 3363 rursus
722 3297 965 3369 rapiatur
990 3298 1163 3370 ipsius
1186 3298 1481 3366 desiderio,
1510 3309 1563 3356 et
1591 3300 1660 3357 ab
1694 3314 1879 3355 amore
1906 3300 2091 3356 divino

502 3388 721 3446 deﬁciat

575 3567 662 3623 12.
705 3567 945 3625 Joannes
977 3569 1176 3626 iterum
1201 3572 1433 3628 seorsim
1476 3573 1647 3628 multa
1680 3588 1804 3628 cum
1831 3589 1994 3645 prece
2034 3583 2091 3629 et

502 3661 757 3733 lacrymis
782 3662 994 3734 (utpote
1012 3664 1106 3733 qui
1159 3680 1222 3719 ea
1266 3666 1439 3721 multo
1477 3666 1723 3722 vivacius
1756 3682 1867 3736 prae
1913 3666 2090 3721 oculis

503 3755 757 3826 habebat,
794 3771 955 3830 quam
980 3754 1149 3825 frater
1180 3756 1444 3828 Symeon)
1478 3758 1657 3813 eidem
1688 3757 1805 3811 viro
1831 3764 2089 3826 Spectatae

503 3846 716 3915 virtutis
748 3846 880 3912 illud
905 3846 1040 3912 dixit
1072 3863 1086 3901 :
1127 3845 1206 3912 Ne
1228 3848 1505 3917 permitte,
1555 3846 1737 3909 Pater,
1771 3856 1829 3901 ut
1861 3846 2087 3901 fratrem

499 3954 682 4007 meum
728 3939 977 4009 amittam
1024 3947 1248 4008 propter
1295 3948 1366 3993 te.
1417 3936 1632 3992 Etenim
1682 3939 1797 3993 sola
1847 3939 1949 4009 ipsi
2004 3951 2089 3996 est

499 4039 694 4095 mater,
730 4029 824 4083 sed
864 4037 975 4093 tam
1009 4029 1255 4099 impense
1281 4032 1539 4086 amabant
1587 4031 1729 4086 inter
1769 4047 1849 4096 se,
1883 4041 1944 4088 ut
1975 4049 2087 4087 non

498 4129 687 4196 posset
715 4119 851 4181 duas
890 4122 1054 4179 horas
1084 4123 1203 4178 sine
1233 4123 1350 4193 ipsa
1403 4124 1703 4197 transigere
1730 4140 1745 4190 ;
1788 4125 1885 4180 sed
1915 4139 2087 4194 usque

502 4211 662 4281 hodie
692 4211 997 4280 dormirent
1039 4213 1220 4276 simul,
1255 4224 1310 4269 et
1351 4224 1524 4269 mater
1552 4216 1690 4285 ejus,
1723 4224 1779 4270 et
1821 4216 1970 4285 ipse;
1998 4230 2089 4269 ne-

497 4320 603 4374 que
637 4313 804 4365 noctu
841 4304 1082 4375 separari
1117 4315 1363 4377 possent.
1415 4304 1474 4375 ld
1520 4307 1666 4378 quod
1713 4307 1948 4360 maxime
1998 4321 2087 4360 me

499 4397 610 4465 init
632 4407 689 4452 et
717 4397 921 4463 exedit,
974 4398 1151 4453 donec
1181 4398 1357 4468 ipsum
1391 4407 1608 4454 tonsum
1633 4399 1844 4469 videro,
1878 4408 1934 4453 et
1965 4406 2086 4451 tan-

497 4492 618 4555 dem
646 4490 713 4544 de
741 4504 807 4557 eo
831 4504 943 4544 non
972 4489 1206 4561 amplius
1234 4481 1497 4559 laborem.
1531 4489 1719 4544 Audiit
1745 4491 1829 4544 vir
1856 4507 2085 4561 magnus

496 4584 722 4641 alterius
760 4582 827 4636 de
858 4582 1034 4648 altero
1071 4596 1283 4648 curam,
1320 4589 1373 4636 et
1414 4590 1596 4635 certus
1626 4582 1771 4651 quod
1806 4598 1917 4636 non
1951 4598 2086 4636 con-

495 4674 687 4729 fundat
719 4673 880 4740 Deus,
906 4688 1085 4743 neque
1114 4674 1381 4745 despiciat
1410 4690 1524 4745 eos,
1549 4674 1641 4745 qui
1670 4689 1733 4728 ex
1768 4683 1883 4728 toto
1919 4676 2087 4728 corde

494 4775 550 4821 et
574 4766 678 4821 fide
706 4782 812 4821 non
844 4766 1129 4821 haesitante
1161 4765 1229 4820 ad
1254 4766 1429 4835 ipsum
1466 4765 1811 4835 confugiunt,
1846 4766 2086 4821 adducto

500 4858 705 4926 l'orlice,
738 4868 911 4923 eteo,
951 4873 1062 4928 quo
1101 4874 1197 4929 par
1232 4867 1335 4923 est,
1366 4857 1580 4924 ordine,
1621 4858 1777 4912 altari
1809 4859 2085 4928 superim-

498 4952 697 5020 posito,
738 4951 860 5006 illos
883 4950 1118 5005 totondit
1141 4950 1275 5021 (l6),
1308 4958 1363 5004 et
1391 4949 1570 5003 exutis
1592 4964 1783 5003 eorum
1818 4949 2084 5014 vestibus,

496 5040 676 5095 induit
702 5056 798 5097 eos
849 5041 970 5097 aliis
1013 5042 1079 5097 ad
1118 5041 1653 5097 commiserationem
1698 5041 1941 5109 quidem,
1990 5043 2084 5096 sed

497 5132 661 5191 simul
705 5135 773 5209 ad
818 5135 1239 5213 sanctimoniam
1283 5134 1731 5211 accommodatis.
1773 5134 2083 5205 (lotnpatie-

2209 631 2307 683 καὶ
2329 629 2561 700 νεότητα
2611 629 2722 683 ἀπὸ
2775 625 3057 698 τρυφηλοῦ
3114 624 3232 696 βίου
3277 617 3810 690 ἀνατεθραμμένην,

2209 720 2305 773 καὶ
2342 722 2400 774 ἐν
2429 720 2611 773 ἀνέσει
2638 718 2788 793 πάσῃ
2818 720 2915 771 καὶ
2948 717 3137 790 ἀπάτῃ
3166 710 3610 780 συνειθισμένην.
3638 706 3812 758 Ὀθεν

2209 813 2239 866 6
2261 813 2425 884 σοφὸς
2451 813 2634 885 ίατρὺς
2667 813 2764 865 καὶ
2783 810 3101 870 διδάσκαλος
3138 811 3205 878 τῇ
3249 804 3447 874 ὲνοὺσῃ
3488 799 3640 868 αὐτῷ
3680 798 3813 865 Θείᾳ

2207 906 2409 971 γνώσει
2432 903 2528 956 καὶ
2548 902 2737 974 πείρᾳ,
2767 901 2992 965 τούτους
3022 902 3137 962 τοῖς
3164 895 3431 957 τοιούτοις
3461 889 3813 959 ὑποδείγμα-

2211 1012 2296 1048 σιν
2316 996 2410 1049 καὶ
2439 995 2902 1065 παραγγέλμασιν
2931 991 3185 1053 ὁπλίσας,
3212 988 3363 1056 λέγει
3408 984 3570 1038 πάλιν
3613 983 3811 1049 ἀμφο-

2205 1087 2389 1157 τέροις
2412 1103 2427 1119 ⁸
2460 1084 2727 1139 Βούλεσθε
2756 1085 2859 1157 τὴν
2882 1085 3062 1153 κόμην
3084 1083 3182 1152 τῆς
3207 1079 3453 1149 κεφαλῆς
3479 1075 3637 1163 ὑμῷν
3660 1074 3814 1126 ἀπο-

2207 1177 2520 1247 κείρασθαι,
2564 1177 2597 1248 ῆ
2640 1177 2781 1240 τέως
2829 1176 3029 1247 μικρὸν
3080 1174 3273 1245 χρόνον
3329 1167 3667 1238 ἐνδιατρίψειε
3721 1163 3813 1233 τῷ

2204 1268 2543 1339 ἐπικειμένῳ
2570 1269 2696 1337 ὑμῖν
2725 1268 2969 1338 σήμερον
2998 1264 3091 1318 τοῦ
3119 1261 3312 1318 λαῖκοῦ
3345 1261 3625 1330 σχήματι;
3655 1256 3811 1308 Ὠσ-

2206 1363 2311 1431 περ
2339 1361 2396 1413 δὲ
2414 1362 2479 1414 ὲκ
2520 1361 2649 1431 μιᾶς
2680 1359 2949 1429 σκέψεως,
2984 1357 3182 1428 μᾶλλον
3208 1356 3264 1409 δὲ
3289 1354 3350 1418 ἐξ
3389 1353 3504 1415 ἐνὸς
3534 1348 3813 1418 Πνεύμα-

2202 1470 2294 1515 τος
2324 1453 2502 1519 ἀγίου,
2556 1452 2757 1505 ἔπεσαν
2806 1450 3109 1521 ἀμφότεροι
3156 1447 3261 1501 ὑπὸ
3314 1446 3441 1508 τοὺς
3474 1441 3649 1505 πόδας
3696 1437 3809 1492 τοῦ

2202 1544 2533 1615 ἡγουμένου,
2569 1543 2849 1605 αἰτοῦντες
2870 1541 3054 1604 αὑτὸν,
3092 1540 3295 1603 εὐθέως
3337 1538 3433 1591 καὶ
3481 1531 3809 1602 ἀνυπερθὲέ

2201 1655 2310 1701 τως
2333 1636 2627 1705 κονρεῦσαι
2659 1636 2859 1699 αὐτούς
2881 1652 2895 1667 ο
2921 1635 3017 1689 καὶ
3050 1633 3233 1701 ἔλεγεν
3274 1633 3301 1684 6
3343 1627 3590 1699 Συμεὼν,
3623 1627 3713 1679 ὅτι
3752 1624 3811 1674 εἰ

2204 1727 2280 1799 μὴ
2313 1728 2473 1782 τοῦτο
2518 1730 2734 1799 ποιήσει
2781 1727 2870 1781 διὰ
2916 1725 3115 1780 πολλοῦ
3159 1723 3254 1778 τοῦ
3296 1723 3515 1791 τάχους,
3583 1716 3810 1775 εὐθέως

2199 1818 2539 1889 ἀπέρχεσθαι
2570 1818 2772 1882 αὖτοὺς
2806 1820 2886 1880 είς
2921 1818 3106 1887 ἕτερον
3140 1816 3531 1886 μοναστήριονο
3576 1810 3805 1866 ἄκακος

2131 1880 2173 1938 Β
2199 1880 2434 1982 γὰρκαὶ
2467 1880 2764 1981 ἀπόνηρος
2786 1880 3067 1979 ὑπῆρχεν·
3097 1880 3219 1960 ὁῑδὲ
3256 1880 3509 1971 Ἰωάννης
3538 1899 3806 1969 6094;113—

2203 2022 2315 2076 ρος,
2371 2004 2467 2058 καὶ
2516 2003 2720 2071 γνῶσιν
2759 2002 2981 2055 πλείονα
3035 1993 3655 2069 κεκτημένος.Ἔλα6εν
3695 1987 3808 2043 οὖν

2200 2098 2405 2161 εὐθέως
2435 2097 2532 2151 ἕνα
2554 2099 2783 2151 ἕκαστον
2808 2097 2989 2149 αὐτῶν
3014 2094 3137 2148 κατ’
3165 2093 3300 2147 ίδίαν
3328 2091 3359 2142 6
3395 2092 3539 2150 ὅσιος
3574 2086 3803 2147 Νίκων,

2197 2189 2515 2260 δοκιμάσειν
2535 2189 2858 2260 βουλόμενος
2882 2186 3208 2257 ἀμφοτέρων
3224 2184 3320 2252 τὴν
3349 2179 3557 2252 θερμὴν
3579 2178 3806 2231 ἀποτα-

2196 2282 2321 2352 γῆν,
2353 2282 2455 2353 τὴν
2483 2281 2620 2357 πρὸς
2649 2281 2742 2334 τὸν
2779 2280 2934 2342 Θεὸν,
2961 2278 3057 2333 καὶ
3085 2275 3274 2343 ἔλεγεν
3300 2273 3450 2345 αὐτῷ
3475 2287 3619 2335 τινα,
3646 2269 3806 2320 ἁνα-

2196 2374 2419 2428 κόπτειν
2441 2374 2603 2427 αὐτὸν
2631 2371 3000 2445 πειρώμενος,
3043 2369 3139 2422 τοῦ
3181 2367 3256 2438 μὴ
3290 2366 3525 2435 καρῆναι
3553 2363 3614 2414 ὲν
3640 2361 3801 2428 αὐτῇ

2194 2470 2261 2537 τῇ
2299 2467 2506 2538 ἡμέρᾳ,
2557 2466 2669 2519 οὐδ’»
2688 2465 2827 2528 ὅλως
2855 2464 2912 2517 δὲ
2943 2463 3004 2517 τὸ
3033 2462 3285 2515 σύνολονο
3316 2459 3437 2512 οὐδὲ
3471 2456 3661 2527 ἐτέρου
3692 2456 3803 2508 αῢο

2193 2555 2303 2609 τῶν
2335 2554 2688 2627 συνθεμένου.
2720 2556 2961 2627 Ἥρχετο
2982 2552 3121 2623 πρὸς
3146 2551 3237 2603 τὸν
3266 2550 3485 2621 ἕτερον,
3516 2547 3614 2600 καὶ
3665 2545 3800 2599 ἕλες

2195 2666 2290 2723 γεν
2316 2646 2468 2719 αὐτῷ
2489 2664 2504 2681 ο
2545 2647 2679 2701 Ἰδοὺ
2708 2647 2801 2699 τὸν
2824 2630 3052 2714 ἀδελφόν
3087 2660 3182 2696 σου
3208 2641 3402 2694 ἔπεισα
3436 2641 3619 2709 μεῖναι
3640 2638 3802 2699 τέως

2193 2739 2287 2792 ἕνα
2324 2738 2594 2799 ἐνιαυτὸν,
2634 2737 2711 2799 ὡς
2743 2734 2893 2789 ἔστιν
2921 2734 3129 2798 λαῖκὸς.
3156 2733 3373 2795 Εὐθέως
3407 2731 3501 2784 οὖν
3538 2728 3797 2799 ἀπεκρί-

2192 2847 2323 2899 νατο
2353 2830 2523 2901 αὐτῷ,
2551 2831 2686 2900 πρὸς
2712 2829 2770 2882 ὃν
2804 2827 2964 2882 τοῦτο
2991 2827 3176 2895 ἔλεγεν
3200 2840 3215 2856 ·
3256 2825 3384 2879 Ἐάν
3405 2824 3549 2877 θέλει
3574 2823 3801 2885 ἐκεῖνος

2196 2924 2396 2993 μεῖναι,
2443 2921 2624 2992 μείνῃ,
2685 2920 2878 2984 ὅντως,
2935 2920 3142 2989 Πάτερ,
3182 2916 3293 2986 ἐγὼ
3343 2917 3443 2970 οὐκ
3484 2914 3795 2983 ἀνέχομαι.

2194 3014 2306 3068 Καὶ
2330 3014 2490 3083 τοῦτο
2512 3014 2567 3067 δὲ
2598 3009 2754 3066 εἶπεν
2778 3011 2928 3081 αὐτῷ
2964 3014 2993 3065 6
3027 3008 3280 3080 Συμεὼν,
3337 3009 3428 3061 ὅτε
3480 3005 3606 3059 κατ’
3641 3003 3798 3057 ἰδίαν

2192 3104 2453 3174 ἐλάλησεν
2484 3105 2636 3179 αὐτῷ
2660 3121 2674 3134 ·
2732 3104 2997 3166 Σπεῦσον,
3044 3102 3253 3171 Πάτερ,
3296 3099 3385 3153 διὰ
3411 3097 3506 3151 τὸν
3545 3095 3797 3165 Κύριον*

2194 3196 2419 3266 καὶγὰρ
2456 3195 2592 3249 πολύ
2620 3186 2735 3265 ’μου
2766 3194 2964 3265 τρέμει
3004 3196 3036 3264 ἡ
3076 3192 3275 3264 καρδία
3314 3189 3403 3243 διὰ
3427 3189 3517 3242 τὸν
3548 3186 3805 3255 ἀδελφὺν

2206 3288 2483 3358 Ἰωάννην,
2514 3290 2597 3342 ὅτι
2638 3287 2734 3355 ἀπέ
2771 3272 2927 3351 ἔτοος
2955 3286 3187 3357 ἐζεύχθη
3224 3284 3445 3353 γυναικὶ
3498 3282 3644 3335 πάνυ
3693 3280 3803 3331 εὑ-

2193 3382 2346 3452 πόρῳ
2383 3382 2477 3434 κα)⁵
2509 3382 2709 3453 ὡραία,
2749 3381 2823 3457 μὴ
2858 3381 3027 3447 πάλιν
3051 3382 3080 3434 6
3111 3380 3247 3459 πρὸς
3279 3378 3458 3446 αὐτὴν
3480 3374 3651 3436 πόθος
3687 3374 3803 3443 ἀρ-

2191 3475 2359 3529 πάσει
2378 3475 2563 3540 αὐτὸν,
2596 3475 2693 3528 καὶ
2726 3474 2977 3543 ἐκλείψει
3004 3474 3068 3527 ἐκ
3088 3471 3184 3526 τοῦ
3213 3472 3352 3542 πρὸς
3379 3468 3511 3522 Θεὸν
3542 3466 3760 3519 πόθου.

2268 3565 2354 3636 ιβ’.
2384 3567 2555 3621 Πάλιν
2598 3567 2655 3620 δὲ
2711 3568 2739 3619 6
2792 3565 3049 3638 Ἰωάννης
3098 3563 3258 3617 τοῦτο
3290 3561 3429 3616 κατὰ
3476 3559 3652 3630 μόνας
3706 3557 3804 3629 τῷ

2190 3660 2339 3730 αὑτῷ
2364 3661 2603 3731 ὲναρέτῳ
2634 3660 2786 3730 ἀνδρὶ
2810 3654 2966 3711 εἶπεν
3018 3642 3169 3728 μετὰ.
3196 3654 3401 3724 πολλῆς
3429 3654 3647 3713 ἱκεσίας
3687 3652 3805 3702 καὶ

2189 3754 2437 3824 δακρύων
2462 3769 2476 3783 ’
2501 3753 2604 3806 καί
2635 3751 2743 3821 γὰρ
2778 3750 3047 3816 ἐκέκτητο
3081 3748 3222 3801 αὐτὰ
3266 3746 3371 3816 πρὸ
3410 3744 3518 3796 τῶν
3566 3741 3805 3809 ὀφθαλ-

2194 3844 2311 3917 μῶν
2358 3842 2520 3898 αὐτοῦ
2580 3841 2822 3912 φυσικῶς
2856 3840 3025 3894 πλείω
3082 3836 3178 3892 τοῦ
3224 3833 3456 3919 ἀδελφοῦ
3506 3832 3800 3901 Συμεώνο

2191 3936 2375 4008 Πάτερ
2416 3937 2493 4008 μὴ
2539 3934 2793 3988 ἀπολέσω
2833 3934 2924 3987 τὸν
2957 3931 3185 4001 ἀδελφόν
3253 3945 3356 4001 μοι)
3405 3925 3490 3979 διὰ
3531 3924 3631 3977 σοῦ
3691 3925 3804 3976 καὶ

2188 4029 2299 4101 γὰρ
2330 4030 2547 4101 μητέρα
2574 4028 2815 4097 κέκτητο
2847 4025 3031 4096 μόνον,
3064 4024 3160 4078 καὶ
3192 4020 3438 4090 τοιοῦτος
3478 4013 3550 4103 ἦν
3581 4019 3610 4069 6
3639 4016 3803 4068 ἑκα-

2188 4123 2345 4193 τέρου
2376 4121 2560 4186 πόθος,
2600 4119 2741 4173 ὥστε
2783 4118 2858 4191 μὴ
2911 4116 3175 4171 δύνασθαι
3198 4115 3363 4175 αὑτὸν,
3405 4110 3633 4180 ποιῆσαι
3688 4109 3804 4161 δύο

2188 4212 2336 4282 ὥρας
2386 4210 2585 4276 ἔξωθεν
2633 4209 2826 4280 αὐτῆς,
2863 4208 2979 4263 ἀλλ’
3026 4208 3132 4272 ἓως
3172 4206 3413 4277 σήμερον
3470 4200 3803 4269 ἐκοιμῶντο

2188 4305 2516 4377 ἀμφότεροι,
2543 4303 2578 4372 ἦ
2599 4319 2658 4355 τε
2694 4304 2876 4374 μήτηρ
2892 4300 3057 4355 αὑτοῦ
3086 4299 3181 4352 καὶ
3203 4296 3386 4359 αὐτὸς,
3413 4295 3549 4365 μήτε
3578 4292 3801 4355 νυκτὸς

2188 4398 2519 4468 χωρίζεσθαι
2552 4396 2845 4464 δυνάμενοι
2865 4410 2878 4423 ⁸
2905 4394 3047 4463 ὅπερ
3081 4391 3323 4463 μάλιστα
3354 4387 3495 4441 καίει
3516 4387 3617 4439 καὶ
3635 4384 3799 4456 τρῶ-

2188 4507 2275 4557 γει
2313 4506 2378 4559 με
2407 4490 2566 4560 ἄχρις
2595 4489 2661 4542 ἂν
2692 4486 3055 4557 κουρευθέντα
3084 4482 3245 4536 αὑτὸν
3278 4481 3392 4544 ίδω,
3422 4479 3517 4532 καὶ
3549 4476 3798 4539 τελείως

2118 4580 2160 4637 D
2190 4581 2628 4651 ἁπομεριμνήσω
2657 4580 2788 4649 περ).
2812 4576 3000 4633 αὑτοῦ.
3027 4576 3138 4642 Τῆς
3169 4574 3300 4643 παρ’
3330 4568 3665 4641 ἀμφοτέρων
3689 4564 3797 4622 οὖν

2194 4672 2334 4740 ὑπὲρ
2364 4670 2463 4740 τῆς
2495 4672 2573 4733 εἰς
2601 4669 2870 4738 ἀλλήλους
2897 4664 3180 4735 φροντίδος
3207 4663 3442 4733 ἢκουσεν
3483 4659 3511 4711 6
3565 4657 3791 4728 μέγας,

2194 4766 2287 4819 καὶ
2317 4762 2778 4834 πληροφορηθεὶς,
2829 4760 2904 4824 ὡς
2937 4759 2998 4812 οὐ
3032 4753 3386 4825 καταισχύνει
3416 4753 3446 4804 ὁ
3468 4751 3627 4814 Θεὸς,
3658 4750 3795 4804 οὐδὲ

2194 4856 2539 4927 παραὸλέπει
2597 4857 2724 4917 τοὺς
2773 4853 3051 4921 ὀλοψύχως
3110 4850 3206 4903 καὶ
3244 4846 3591 4906 ἀδιστάκτως
3628 4842 3796 4910 αὐτῷ

2193 4946 2671 5020 προσδραμόντας,
2696 4944 2922 5014 ἀγαγὼν
2950 4943 3013 4994 τὸ
3040 4940 3284 5009 ψαλίδιον
3307 4978 3323 5002 ,
3366 4937 3461 4990 καὶ
3504 4935 3648 5007 μετά
3687 4939 3797 5006 τῆς

2194 5037 2585 5113 προσηκούσης
2610 5036 2838 5101 τάξεως,
2868 5031 3128 5097 τεθεικὼς
3158 5034 3251 5084 ἐπὶ
3276 5029 3370 5083 τοῦ
3395 5028 3555 5097 ἀγίου
3593 5026 3800 5080 θυσια-

2194 5131 2441 5200 στηρίου,
2476 5128 2805 5199 ὲκούρευσεν
2842 5127 3062 5191 αὐτοὺς,
3103 5124 3197 5178 κα)⁸
3225 5120 3459 5183 ἐκδύσας
3493 5118 3799 5189 τάίμὰτεα

2018 5245 2253 5321 NOTAE.

572 5342 683 5413 (M)
714 5339 911 5396 Laicus
939 5349 1047 5407 est,
1097 5343 1189 5412 qui
1228 5342 1354 5399 vitae
1403 5341 1749 5398 institutione
1802 5356 1831 5394 a
1869 5340 2085 5413 popqu

498 5411 607 5536 negt
632 5411 717 5467 εει
757 5413 1049 5536 dislcretus,
1079 5411 1233 5485 quasi
1264 5414 1535 5480 popularis
1578 5428 1675 5467 seu
1717 5411 2010 5477 swcularis,
2052 5426 2083 5465 a

500 5500 566 5536 Λα
599 5500 645 5536 c.
682 5500 825 5536 noou
854 5499 935 5536 us.

500 5499 645 5547 Ααος,
682 5499 935 5547 popums.

602 5500 964 5621 f$)p?)‘blseli's\ia
996 5555 1152 5625 {circa
1206 5570 1397 5610 vocem
1448 5553 1720 5625 6_7_:9rayﬁ,
1757 5567 1823 5606 ex
1879 5551 2082 5625 Isidoro

499 5622 769 5697 Pelusiota
820 5625 925 5697 lib.
974 5622 1012 5689 ι,
1061 5626 1224 5697 epist.
1278 5625 1429 5697 irad
1473 5622 1653 5697 Nilum
1690 5622 2028 5697 monachum
2066 5639 2081 5678 :

434 5762 437 5763 ν
506 5715 524 5745 ι
569 5694 754 5748 Sancti
781 5696 903 5761 viri,
932 5692 1249 5751 monasticae
1290 5695 1647 5765 philosophia:
1698 5692 1996 5765 principes
2027 5701 2084 5747 et

503 5765 865 5838 antesignani,
908 5780 973 5819 ex
1021 5762 1379 5838 aerumniset
1420 5762 1837 5838 certaminibus,
1887 5762 2086 5838 quibus

507 5832 778 5903 perfuncti
831 5844 979 5897 sunt,
1026 5835 1291 5889 vocabula
1344 5849 1563 5902 quoque
1618 5834 1778 5887 rebus
1810 5832 2083 5903 congrua,

509 5902 765 5955 monendi
816 5904 988 5958 nostri
1036 5912 1196 5972 atque
1249 5903 1534 5959 erudiendi
1590 5917 1751 5957 causa
1806 5902 2081 5987 imposue-

2192 5350 2321 5395 runt
2355 5359 2367 5395 :
2397 5357 2520 5397 cum
2551 5341 2836 5409 ἀποταγὴν
2864 5335 3230 5409 secessionem
3265 5348 3295 5387 a
3326 5332 3515 5409 rebus,
3557 5347 3626 5385 ex
3670 5347 3807 5409 uta-.-

2193 5413 2325 5465 tcria
2388 5406 2711 5475 concretis,
2744 5402 2822 5464 'e't
2870 5407 3151 5478 ὑποταγὴν
3228 5402 3663 5475 propensionem
3722 5402 3804 5456 ad

2189 5484 2552 5537 obedientium
2584 5488 2989 5549 nuncuparunt.
3034 5497 3051 5528 ι

2261 5553 2372 5623 (16)
2411 5552 2578 5623 Breyc
2627 5560 2712 5623 est
2750 5543 2881 5605 illud
2927 5548 3169 5623 auctoris
3222 5543 3296 5623 _De
3333 5543 3476 5597 Eccl.
3509 5544 3805 5623 (dammis.

2191 5616 2311 5694 cap.
2339 5616 2411 5678 3:
2456 5644 2473 5674 ι
2508 5621 2781 5694 Sacerdos
2818 5620 3151 5694 monachum
3192 5616 3577 5694 signo_erucis
3597 5616 3805 5694 consi-

2191 5685 2387 5765 gnans,
2420 5694 2614 5749 tondet
2650 5692 2703 5765 in
2732 5690 2953 5761 nomine
2980 5689 3179 5765 Patris,
3204 5685 3264 5741 et
3290 5686 3429 5765 Filii,
3457 5694 3513 5739 et
3543 5685 3807 5764 Spiritus

2192 5761 2387 5891 fiant-ti,
2436 5763 2803 5838 detractisque
2858 5761 3229 5823 vestimentis,
3284 5761 3434 5828 nigra
3496 5765 3655 5810 veste
3708 5761 3807 5807 in-

2232 5847 2332 5892 tlli.
2378 5856 2393 5886 ι
2728 5851 2731 5855 ’

2232 5851 2332 5895 [ιιι.
2378 5856 2393 5886 ι
2728 5851 2731 5855 ’
