4034 6418
144 458 286 525 1685

1408 464 1582 525 VITA
1626 465 1687 524 S.
1723 464 2119 529 SYMEONIS.

3269 466 3411 533 1686'
3424 516 3431 523 .

141 573 351 636 αύτῶν,
387 572 633 627 ἐνέδυσεν
674 573 893 639 αὐτοὺς,
945 570 1143 642 οἰκτρὰ
1184 572 1304 640 μὲν,
1357 572 1504 643 ὅμως
1561 572 1717 643 ἅγια,

1842 581 1983 628 iatur
2028 573 2163 643 ipsis
2193 574 2277 628 vir
2326 575 2545 644 sapiens
2589 586 2643 632 et
2685 576 3163 632 eonmriseratione
3210 579 3425 648 plenus.

143 663 315 715 ἐλεῶν
341 662 541 725 αὐτοὺς
568 662 597 714 ό
635 663 797 733 σοφὸς
841 662 935 716 καὶ
974 661 1450 733 συμπαθέστατος,
1489 662 1579 717 διὰ
1628 663 1730 735 τὴν

142 754 243 807 τοῦ
285 754 537 823 σώματος
566 753 747 808 αὐτῶν
800 756 1152 826 ἁπαλότητα,
1212 755 1307 808 καὶ
1356 755 1730 809 ὰσυνείθιστον

146 845 553 899 κακοπάθειαν.
582 846 1015 916 Κουρευομένων
1035 846 1093 900 δέ
1124 846 1324 911 αὐτῶν,
1359 848 1387 900 ό
1422 848 1521 919 μὲν
1550 848 1732 902 ’ῐωάν-

144 954 247 1007 νης
278 936 492 991 ἔκλαιεν
533 936 677 990 πάνυ
697 953 711 967 ⁸
743 939 772 991 ὁ
793 938 849 991 δὲ
873 938 1100 1008 Συμεὼν
1124 937 1343 991 ἔνευσεν
1373 939 1564 993 τοῦτον
1591 938 1731 992 παύο

149 1027 373 1090 σασθαι,
412 1027 484 1097 μὴ
515 1027 649 1083 νοῶν
682 1028 819 1091 ὅλως
854 1030 915 1082 τὸ
942 1028 1031 1082 διὰ
1059 1029 1112 1082 τί
1160 1029 1378 1082 κλαίει·
1415 1028 1589 1083 ἐδόκει
1622 1030 1732 1099 γὰρ

146 1117 235 1169 ὅτι
264 1118 372 1171 ἀπὸ
392 1119 572 1193 λύπης
600 1123 710 1175 τῶν
741 1123 946 1191 γονέων
989 1124 1175 1188 αὑτοῦ,
1231 1124 1323 1177 καὶ
1372 1123 1474 1192 τῆς
1510 1124 1733 1195 ἀγάπης

146 1207 252 1277 τῆς
282 1212 540 1276 γυναικὸς
577 1214 743 1268 αὑτοῦ
776 1214 975 1269 κλαίει.
1010 1217 1164 1271 Μετά
1201 1212 1296 1269 οὖν
1340 1215 1402 1269 τδ
1431 1206 1732 1288 κουρευθῆ-

147 1316 239 1351 ναι
268 1301 485 1369 αὐτοὺς,
527 1305 623 1357 καὶ
647 1306 744 1376 τὴν
770 1307 933 1373 ἁγίαν
973 1307 1194 1372 σύναξιν
1230 1307 1561 1364 ἐπιτελέσαι.
1601 1309 1732 1362 ἐκα-

148 1388 343 1453 θέζετο
399 1392 560 1447 πάλιν
610 1397 637 1448 ὁ
671 1396 994 1467 ἡγούμενος,
1028 1398 1117 1452 διὰ
1169 1397 1352 1467 πάσης
1405 1397 1591 1467 σχεδὸν
1634 1398 1734 1467 τῆς

150 1482 373 1553 ἡμέρας
392 1486 661 1540 νουθετῶν
692 1489 911 1548 αὐτούς.
947 1490 1104 1561 ’ᾘδει
1130 1492 1239 1559 γὰρ
1267 1492 1348 1544 ὅτι
1376 1490 1438 1543 οὐ
1472 1491 1736 1563 πολυχρο-

150 1573 340 1626 νοῦσιν
375 1576 508 1645 πρὸς
536 1577 717 1644 αὐτὸν,
741 1579 837 1633 τοῦ
869 1580 1004 1633 Θεοῦ
1038 1582 1133 1634 καὶ
1164 1580 1322 1635 τοῦτο
1344 1584 1737 1655 οἰκονομήσαν-

149 1683 265 1729 τθς.
305 1668 382 1739 Τῇ
409 1664 502 1722 οὖν
527 1670 790 1743 ἐπαύριον
826 1672 1101 1737 ἐδούλετο,
1129 1674 1298 1745 οὔσης
1331 1676 1495 1743 ἁγίας
1520 1678 1732 1747 Κυρια-

151 1760 282 1829 κῆς,
308 1758 489 1837 δοῦναι
519 1762 705 1827 αὐτοῖς
728 1764 822 1819 καὶ
854 1764 914 1819 τὸ
943 1765 1099 1834 ἅγιον
1126 1767 1332 1837 σχῆμα.
1368 1766 1455 1829 Ὧς
1479 1762 1573 1820 οὖν
1587 1785 1736 1831 τινες

150 1849 265 1902 τῶν
291 1851 536 1922 ἀδελφῶν
570 1854 759 1923 ἔλεγον
793 1857 978 1921 αὐτοῖς
998 1874 1013 1889 ο
1042 1859 1322 1929 Μακάριοί
1351 1860 1497 1921 ἐστε,
1530 1859 1612 1913 ὅτι
1641 1859 1736 1912 αὖ⁸

155 1956 277 2009 ριον
316 1918 705 2009 ἀναγεννᾶσθέ,
746 1947 838 1999 καὶ
873 1918 1091 2015 γίνεσθε
1115 1918 1347 2018 καθάροὶ
1372 1948 1444 2011 ὡς
1474 1918 1732 2018 έγεννήοο
1768 1918 1810 1974 Β
1838 1918 2093 2013 baptizati
2141 1961 2153 1996 :

150 2047 253 2098 ητε
298 2032 405 2086 ἀπὸ
439 2034 623 2105 πάσης
656 2037 969 2106 ἁμαρτίας,
1011 2039 1086 2102 ὡς
1111 2039 1199 2092 ἵνα
1254 2040 1391 2109 αὑτῇ
1443 2043 1509 2110 τῇ
1552 2041 1735 2112 ἡμέρᾳ

152 2123 545 2196 ἐϐαπτίσθητε,
579 2126 999 2201 ἐθαμϐήθησαν,
1029 2130 1123 2183 καὶ
1164 2130 1399 2200 ἔδραμον
1431 2130 1736 2201 ἀμφότεροι

152 2218 294 2286 πρὸς
323 2218 414 2270 τὸν
445 2218 586 2272 θεῖον
621 2221 879 2287 Νίκωνα,
919 2222 1016 2291 eos
1046 2222 1123 2294 τῷ
1158 2222 1444 2293 Σαϐϐάτῳ,
1488 2223 1584 2275 καὶ
1622 2224 1735 2283 τοῖς

151 2308 316 2361 ποσὶν
358 2310 523 2364 αὐτοῦ
565 2312 941 2381 προσέπιπτον
995 2313 1249 2380 λέγοντες
1277 2330 1289 2343 ·
1328 2312 1579 2383 Δεόμεθά
1617 2329 1732 2375 σου,

150 2400 362 2469 Πάτερ,
394 2400 469 2472 μὴ
524 2401 794 2475 βαπτίσῃς
845 2404 1011 2475 ἡμᾶς·
1052 2405 1372 2474 Χριστιανοὶ
1409 2404 1519 2475 γάρ
1569 2405 1737 2474 ἐσμεν

150 2492 253 2543 καὶ
310 2491 653 2558 Χριστιανῶν
712 2496 939 2563 γονέων.
987 2496 1047 2548 '0
1086 2496 1143 2549 δέ
1199 2497 1271 2567 μὴ
1322 2497 1485 2564 γνοὺς
1514 2495 1567 2548 τί
1596 2491 1738 2565 ἦσαν

150 2584 455 2652 ἀκηκοότες
485 2584 591 2639 ὑπὸ
628 2585 739 2639 τῶν
781 2587 875 2640 τοῦ
910 2589 1181 2643 κοινοὸίου
1222 2589 1502 2659 Πατέρων,
1550 2588 1736 2657 ἔλεγεν

152 2674 295 2743 πρὸς
325 2675 550 2739 αὐτούς·
576 2676 671 2740 Τίς
698 2677 827 2748 γὰρ,
847 2678 1033 2736 τέκνα.
1066 2680 1208 2733 θέλει
1250 2680 1512 2749 βαπτίσαι
1548 2681 1735 2751 apag;

152 2768 217 2816 υἱ
255 2764 310 2817 δὲ
338 2761 508 2820 alr-tow
539 2768 602 2820 Οί
631 2768 811 2839 κύριοι
843 2771 891 2822 οἱ
922 2770 1181 2824 δεσπόται
1215 2769 1396 2841 ἡμῶν,
1424 2772 1473 2824 οί
1503 2770 1598 2824 τοῦ
1638 2788 1738 2841 μο-

154 2858 449 2928 ναστηρίου
482 2860 746 2931 Πατέρες,
765 2860 1015 2930 λέγουσιν
1041 2864 1193 2934 ἡμῖν,
1219 2864 1301 2917 ὃτι
1323 2862 1522 2933 Αὔριον
1547 2863 1739 2928 ἐξανα-

154 2946 510 3012 δαπτίζεσθε.
544 2949 679 3003 Τότε
712 2952 944 3021 συνῆκεν
975 2954 1003 3005 ὁ
1027 2953 1348 3024 ἡγούμενος,
1378 2955 1458 3007 ὅτι
1488 2955 1617 3026 περ).
1644 2954 1737 3008 τοῦ
1768 2970 1769 2973 ‘

154 3037 316 3104 ἁγίου
356 3041 637 3110 σχήματος
689 3038 842 3096 εἷπον
874 3045 1080 3110 αὐτοῖς,
1118 3045 1215 3098 καὶ
1266 3045 1417 3113 λέγει
1456 3045 1593 3116 πρὸς
1639 3046 1738 3098 αύ-

156 3128 285 3189 τούς
312 3146 326 3160 ⁸
379 3130 573 3195 Καλῶς
603 3127 777 3197 εἷπον,
809 3129 853 3188 ὦ
894 3135 1082 3189 τέκνα·
1115 3137 1209 3189 καὶ
1253 3138 1363 3207 γὰρ
1403 3136 1499 3189 τοῦ
1530 3136 1736 3208 Κυρίου

1830 674 2054 735 propter
2086 673 2329 719 teneram
2361 668 2607 737 corporis
2645 667 3116 730 constitutionem,
3153 678 3209 722 et
3235 671 3417 725 mole—

1830 757 2016 820 stiam,
2046 757 2133 812 cui
2164 773 2271 812 non
2304 766 2679 812 assueverant.
2710 759 2999 827 Postquam
3033 758 3174 812 tonsi
3200 768 3407 820 essent,

1829 847 2070 904 Joannes
2097 850 2333 904 ubertim
2358 849 2526 905 flevit.
2546 848 2653 904 Sed
2681 847 2914 920 Symeon
2942 850 3205 904 innuebat
3232 860 3291 903 ut
3315 851 3409 905 de-

1832 939 2070 1003 sisteret,
2116 940 2342 994 omnino
2404 939 2629 1009 ignarns
2675 954 2773 993 cur
2824 938 2997 993 fleret.
3054 938 3408 994 Existimabat

1832 1028 1978 1083 enim
2002 1029 2179 1099 ipsum
2208 1028 2338 1084 ﬂere
2378 1045 2490 1099 prae
2517 1029 2705 1083 dolore
2734 1044 2859 1100 erga
2885 1038 3140 1098 parentes
3176 1045 3326 1093 suos,
3356 1040 3411 1082 et

1832 1120 2121 1176 dilectione
2147 1122 2394 1193 conjugis
2423 1138 2555 1177 suae.
2594 1120 2839 1193 Tonsura
2880 1130 2935 1178 et
2958 1122 3142 1194 synaxi
3193 1123 3411 1177 absolu-

1835 1213 1923 1277 tis,
1964 1212 2145 1267 denuo
2177 1213 2425 1268 consedit
2483 1215 2844 1285 hegumenus,
2899 1230 2998 1284 per
3050 1224 3219 1269 totam
3270 1230 3412 1284 pene

1834 1303 1979 1358 diem
2006 1303 2152 1374 ipsos
2179 1304 2503 1359 admonens.
2531 1302 2755 1359 Sciebat
2793 1306 2939 1359 enim
2971 1320 3066 1359 eos
3104 1320 3213 1359 non
3250 1306 3413 1374 longo

1835 1403 2079 1465 tempore
2124 1397 2266 1466 apud
2322 1411 2381 1451 se
2418 1407 2873 1461 commoraturus,
2922 1397 3025 1451 hoc
3071 1413 3288 1467 quoque
3340 1396 3411 1449 ita

1834 1486 2187 1555 dispensante
2217 1486 2347 1540 Deo.
2376 1484 2601 1541 Postera
2632 1502 2761 1557 ergo
2789 1486 2898 1551 die,
2931 1501 3053 1556 qua:
3074 1495 3192 1540 erat
3222 1494 3409 1538 saneta

1835 1578 2135 1643 Dominiea,
2188 1579 2319 1634 dare
2374 1579 2504 1649 ipsis
2564 1579 2780 1634 volebat
2842 1591 3091 1633 sanetum
3141 1578 3409 1632 habitum.

1837 1670 2241 1726 Dumnonnulli
2287 1670 2515 1725 fratrum
2562 1671 2696 1740 ipsis
2734 1671 3026 1726 dicebant:
3074 1670 3219 1725 Beati
3257 1670 3411 1732 estis,

1836 1766 1962 1833 quia
1989 1780 2108 1820 cras
2141 1764 2597 1835 regenerabimini
2627 1772 2681 1818 et
2714 1764 3109 1818 mundahimini
3153 1763 3220 1817 ab
3264 1762 3413 1815 omni

1838 1864 2081 1924 peccato,
2117 1865 2175 1909 ut
2204 1854 2448 1938 mundati
2490 1853 2669 1908 fuistis
2707 1853 2896 1908 eadem
2941 1854 3052 1917 die,
3095 1868 3198 1922 qua
3234 1851 3415 1906 fuistis

2208 1944 2411 1998 turbati
2475 1952 2703 2013 uterque
2756 1944 2833 1998 ad
2856 1943 3103 1997 divinum
3152 1941 3413 1996 Niconem

1837 2046 2222 2102 cucurrerunt,
2257 2052 2484 2106 vespere
2515 2036 2759 2101 Sabbati,
2790 2044 2844 2091 et
2866 2036 3093 2105 pedibus
3124 2036 3240 2104 ejus
3269 2034 3414 2088 acei~

1835 2129 2055 2193 derunt,
2084 2128 2332 2183 dicentes
2363 2145 2375 2180 :
2412 2127 2687 2199 Rogamus
2711 2138 2782 2191 te,
2812 2128 2993 2191 Pater,
3029 2144 3096 2181 ne
3118 2142 3218 2181 nos
3238 2126 3419 2194 bapti-

1837 2234 1959 2284 zes;
2011 2235 2137 2273 nam
2196 2218 2494 2273 Christiani
2544 2233 2755 2282 sumus,
2822 2226 2879 2272 et
2933 2214 3260 2272 Christianis
3310 2214 3413 2270 orti

1835 2312 2173 2381 parentibus.
2203 2311 2295 2366 Ille
2326 2311 2546 2380 ignarus
2572 2309 2832 2379 quidnam
2873 2308 3213 2362 audivissent
3251 2321 3282 2360 e
3314 2306 3417 2359 Pa-

1839 2404 2012 2459 tribus
2038 2404 2295 2466 cnenobii,
2330 2404 2463 2459 dixit
2493 2404 2561 2457 ad
2592 2402 2739 2472 ipsos
2773 2420 2788 2457 :
2824 2400 3086 2467 Quisnam
3134 2398 3415 2468 baptizare

1839 2510 1934 2550 vos
1983 2496 2119 2559 vult,
2178 2494 2311 2549 filii?
2358 2493 2661 2548 Dixerunt:
2707 2492 2924 2547 Domini
2960 2506 3023 2545 ae
3054 2490 3171 2545 heri
3216 2487 3414 2551 nostri,

1836 2588 2154 2643 monasterii
2178 2586 2387 2653 Patres,
2418 2586 2606 2642 dicunt
2641 2586 2801 2641 nobis
2830 2603 2843 2641 :
2878 2584 3010 2640 Cras
3052 2581 3417 2652 rebaptizabi-

1837 2679 1990 2733 mini.
2023 2678 2179 2734 Tunc
2208 2678 2477 2733 intellexit
2524 2678 2866 2749 begumenus
2901 2675 3046 2747 quod
3077 2674 3210 2744 ipsis
3241 2674 3416 2727 dixis-

1836 2782 1960 2828 sent
2007 2772 2075 2827 de
2120 2781 2313 2826 saneto
2368 2770 2582 2826 habitu.
2626 2772 2695 2826 Et
2733 2770 2871 2825 dixit
2920 2769 2988 2823 ad
3046 2768 3207 2822 illos:
3250 2765 3422 2820 Recte

1836 2865 2116 2927 dixerunt,
2162 2864 2292 2929 lilii;
2338 2879 2458 2918 eras
2486 2864 2633 2919 enim
2688 2873 2877 2919 sancto
2935 2870 2989 2916 et
3034 2860 3281 2932 angelico
3309 2860 3420 2928 (l7)

1838 2955 2048 3020 habitu,
2075 2956 2118 3011 si
2160 2955 2270 3011 Deo
2301 2957 2476 3012 visum
2510 2955 2693 3017 fuerit,
2728 2956 2956 3011 induere
3002 2968 3099 3007 vos
3143 2950 3417 3007 volumus.

1839 3047 1940 3104 Ubi
1987 3049 2208 3103 innocui
2243 3049 2396 3119 pueri
2446 3048 2647 3104 Cln'isti
2677 3049 3083 3109 intellexerunt,
3115 3044 3249 3099 nihil
3277 3044 3330 3098 in
3364 3058 3423 3097 se

1839 3140 2161 3203 desiderari.
2200 3150 2259 3195 ut
2294 3143 2655 3196 monasticum
2689 3139 3076 3194 vestimentum
3109 3137 3419 3193 induerent.

158 3219 529 3287 εὐδοκοῦντος,
563 3223 753 3295 αῦριον
794 3226 1023 3297 θέλομεν
1061 3226 1279 3281 ἐνδῦσαι
1315 3229 1462 3299 ὑμᾶς
1493 3227 1553 3281 τὸ
1582 3226 1737 3295 ἆγιον

1842 3231 2029 3286 dicunt
2055 3231 2236 3286 abbati
2280 3248 2293 3284 :
2329 3230 2435 3287 Sed
2457 3232 2601 3286 enim
2629 3246 2860 3301 quanam
2884 3231 2987 3284 alia
3010 3246 3068 3284 re
3088 3228 3420 3298 indigemus,

161 3313 254 3364 καὶ
281 3314 573 3381 ἀγγελικὸν
602 3320 808 3389 σχῆμα.
858 3318 944 3382 Ὠς
970 3321 1201 3390 ἐνόησαν
1243 3321 1292 3373 oi
1341 3320 1609 3390 ἀπόνηροι
1642 3319 1735 3373 τοῦ

1844 3322 2023 3386 Pater,
2060 3332 2119 3377 ut
2163 3322 2455 3377 induamur
2487 3322 2733 3392 angelico
2777 3322 2891 3388 illo,
2933 3336 3096 3391 quem
3127 3319 3286 3385 dicis,
3326 3317 3425 3387 ba-

161 3403 403 3474 Χριστοῦ
434 3407 643 3475 παῖδες,
692 3410 865 3480 μηδὲν
889 3411 1089 3475 αὐτοὺς
1132 3412 1401 3465 ἐλλείπειν
1439 3410 1531 3465 τοῦ
1582 3411 1734 3465 ἐνδύ-

1848 3413 1969 3468 bitu

164 3514 339 3568 ματος
377 3498 472 3553 τοῦ
501 3502 818 3571 μοναχικοῦ,
865 3502 1120 3572 λέγουσιν
1166 3504 1246 3576 τῷ
1283 3503 1467 3575 ἀ66ᾷ’
1509 3503 1575 3556 Τί
1609 3504 1750 3573 γὰρ,
1790 3504 2163 3577 Πάτερ,·ἄλλο
2210 3506 2264 3559 τί
2314 3522 2445 3560 ποτε
2472 3504 2766 3577 χρῄζομεν,
2806 3504 2894 3558 ἴνα
2948 3503 3299 3585 ἐνδυσώμεθα
3366 3500 3451 3561 τὺιν

160 3589 462 3669 ἀγγελικδν
495 3593 695 3654 ἐκεῖνο,
719 3592 748 3645 ὃ
776 3593 978 3660 λέγεις,
1009 3595 1229 3665 σχῆμα;

235 3709 328 3771 ιγι.
357 3697 468 3765 Ἦν
489 3702 546 3756 δὲ
579 3702 751 3773 μέγας
787 3697 942 3769 οὗτος
978 3708 1045 3777 τῇ
1094 3707 1439 3781 προλαϐούσῃ
1460 3702 1737 3780 ἐδδομάδι,

162 3798 227 3859 ἐν
324 3795 420 3849 καὶ
446 3795 693 3866 ὑπῆρχεν
725 3796 818 3850 τοῦ
844 3796 1024 3867 τιμίου
1051 3800 1288 3871 σταυροῦ
1317 3802 1350 3871 ἠ
1384 3800 1614 3870 ὒψωσις,
1652 3802 1738 3854 δε-

158 3888 356 3952 δωκώς
384 3905 491 3941 τινι
523 3887 632 3941 τῶν
672 3888 918 3959 ἀδελφῶν
954 3889 1204 3962 νεωτέρῳ
1243 3893 1429 3961 σχῆμα
1460 3892 1521 3945 τὸ
1560 3892 1738 3959 ἅγιον,

164 3982 262 4044 καὶ
283 3982 383 4034 οὐκ
408 3977 477 4053 ἧν
502 3981 688 4052 ἀκμὴν
713 3981 1010 4053 πληρώσας
1041 3980 1141 4047 τὰς
1187 3983 1327 4037 ἑπτὰ
1356 3984 1592 4054 ἡμέρας,
1626 3984 1743 4037 ἀλλ’

163 4074 252 4128 ἔτι
281 4074 471 4145 ἐφόρει
501 4074 701 4139 πάντα,
729 4074 805 4138 ὡς
825 4074 972 4128 ἐστιν
995 4076 1029 4146 ἡ
1056 4075 1416 4140 κατάστασις,
1444 4074 1504 4128 ὃν
1527 4075 1745 4144 ἐπέτρε.

162 4171 271 4237 ψεν
320 4169 349 4220 ό
384 4166 557 4238 μέγας
612 4167 815 4231 εὐθέως
871 4168 950 4231 είς
1002 4167 1165 4238 μέσον
1215 4166 1464 4237 ἀχθῆναι.
1521 4166 1612 4231 ’ος
1639 4165 1734 4221 οῦν

164 4255 323 4330 ἦλθε,
346 4257 645 4330 θεωροῦσιν
673 4259 835 4312 αὐτὸν
851 4258 1173 4330 ἀμφότεροι,
1194 4259 1288 4312 καὶ
1317 4258 1518 4313 ἔπεσαν
1538 4257 1743 4321 εὐθέως

166 4351 252 4413 είς
277 4349 403 4411 τοὺς
429 4348 595 4412 πόδας
631 4347 726 4400 τοῦ
756 4346 921 4412 ἀὸὅᾶ,
956 4348 1054 4401 καὶ
1096 4344 1248 4400 εἷπον
1291 4347 1443 4419 αὐτῷ
1461 4364 1473 4377 ο
1501 4346 1744 4415 Δεόμεθὰ

100 4488 103 4489 ν
168 4453 292 4500 σου,
315 4436 413 4488 ἐὰν
445 4434 619 4499 οὕτως
647 4436 795 4506 ἡμᾶς
828 4436 1045 4505 μέλλεις
1090 4435 1316 4501 ἐνδύειν,
1347 4437 1443 4491 καὶ
1487 4436 1744 4507 τοιαύτης

166 4529 338 4599 τιμῆς
370 4527 466 4581 καὶ
493 4527 652 4598 δόξης
681 4526 888 4592 ἀξιοῦν,
932 4528 1028 4598 ἀφ’
1074 4528 1316 4598 ἑσπέρας
1366 4529 1615 4599 ποίησον,
1669 4529 1742 4598 μή

172 4635 290 4682 πως
316 4617 595 4687 ἄνθρωποι
621 4618 792 4681 ὄντες,
819 4617 909 4670 διὰ
937 4618 1037 4686 τῆς
1074 4618 1269 4681 νυκτὸς
1311 4617 1494 4690 φθάσῃ
1521 4620 1657 4688 ἡμῖν
1686 4617 1746 4669 τὸ

168 4710 530 4782 ἀνθρώπινον,
565 4711 663 4763 καὶ
688 4709 1020 4778 ἀπέλθωμεν
1044 4710 1146 4779 τῆς
1181 4708 1437 4779 τοιαύτης
1467 4709 1627 4779 δόξης
1649 4708 1747 4762 καὶ

168 4802 367 4873 χαρᾶς,
401 4802 498 4855 καὶ
530 4800 624 4854 τοῦ
662 4799 906 4853 τοιούτου
940 4800 1157 4871 όψικίου
1187 4802 1283 4854 καὶ
1316 4801 1582 4871 στεφάνου
1609 4801 1747 4853 ἁπο-

168 4891 554 4963 τυχόντες.Ὥς
589 4889 682 4945 οῦν
722 4892 955 4960 ἦκουσεν
982 4891 1161 4944 αὐτῶν
1202 4895 1230 4945 ὁ
1260 4890 1565 4962 ἡγούμενος
1599 4891 1749 4961 είρη-
1778 4874 1825 4932 D

171 4985 348 5041 κότων
372 4984 478 5037 τῶν
501 4981 748 5036 τοιούτου
777 4983 993 5051 όψικίου
1021 4984 1116 5036 καὶ
1139 4983 1406 5053 στεφάνου
1431 4984 1748 5052 ἀποτυγχά-

170 5093 308 5139 νειν,
334 5074 553 5144 ἐνόησεν
573 5073 841 5126 ὀπτασίαν
864 5074 1065 5135 αὐτοὺς
1091 5075 1172 5137 είς
1195 5074 1287 5126 τὸν
1301 5072 1364 5126 τὸ
1386 5072 1540 5141 ἅγιον
1562 5075 1749 5143 σχῆμα

172 5167 445 5239 φοροῦντα
476 5165 801 5237 ἑωρακέναι,
824 5166 917 5219 καὶ
941 5164 1275 5235 ἐπέστρεψεν
1307 5164 1563 5219 ὑπελθεῖν
1586 5165 1750 5217 αὑτὸν

176 5262 235 5313 ἐν
261 5258 339 5329 τῷ
374 5258 488 5327 ἰδίῳ
520 5258 689 5328 τόπῳ,
720 5258 853 5311 ὅπου
888 5254 956 5329 ἦν
995 5258 1062 5330 ἐξ⁵
1082 5248 1144 5309 οὗ
1174 5257 1464 5312 ἐνεδύσατο
1492 5257 1553 5310 τδ
1594 5257 1748 5325 ἅγιον

175 5352 384 5422 σχῆμα.
415 5350 617 5404 Τούτου
651 5344 745 5403 οὖν
774 5350 1123 5415 ἀπελθόντος,
1158 5347 1512 5420 ἐλυπήθησαν
1546 5349 1751 5419 σφόδρα

173 5444 228 5498 ot
256 5441 446 5505 παῖδες
473 5440 568 5496 τοῦ
606 5441 870 5512 Χριστοῦ,
897 5442 992 5494 καὶ
1019 5441 1271 5508 λέγουσιν
1312 5440 1391 5511 τῷ
1428 5440 1748 5509 ἡγουμένην

176 5535 279 5589 Διὰ
321 5535 412 5589 τὸν
455 5533 692 5605 Κύριον,
728 5533 931 5603 Πάτερ,
969 5532 1195 5599 ἀνάστα,
1240 5532 1464 5602 ποίησον
1504 5532 1651 5601 ἡμᾶς
1678 5532 1753 5595 ὡς

1918 3711 2006 3766 l3.
2046 3707 2323 3765 Prteterita
2358 3718 2540 3762 autem
2588 3703 2950 3769 hebdomade,
2996 3721 3104 3776 qua
3146 3704 3429 3760 colebatur

1846 3801 2103 3857 exaltatio
2128 3800 2377 3871 pretiosae
2418 3798 2622 3863 crucis,
2669 3797 2752 3851 vir
2797 3797 2902 3853 iste
2961 3812 3191 3867 magnus
3220 3796 3426 3867 juniori

1848 3893 2061 3947 cuidam
2088 3891 2316 3946 fratrum
2366 3900 2613 3945 sanctum
2646 3889 2870 3945 dederat
2904 3888 3173 3951 habitum,
3204 3895 3261 3942 et
3311 3896 3426 3942 tum

1850 3983 2109 4052 temporis
2134 3983 2366 4038 necdum
2399 3983 2714 4053 expleverat
2747 3992 2957 4052 septem
2988 3982 3130 4045 dies,
3153 3980 3246 4036 sed
3282 3980 3429 4035 fere-

1850 4070 1943 4128 bat
1970 4072 2148 4128 adhuc
2194 4073 2398 4136 omnia,
2426 4088 2545 4143 qure
2587 4074 2903 4129 constitutio
2944 4073 3215 4144 exigebat.
3252 4070 3428 4138 Quem

1848 4164 1929 4218 vir
1958 4178 2185 4233 magnus
2212 4163 2267 4216 in
2294 4163 2532 4217 medium
2563 4163 3082 4233 producipermisit,
3156 4162 3262 4218 Ubi
3299 4178 3430 4232 ergo

1848 4256 2017 4320 venit,
2074 4254 2512 4324 contemplantur
2551 4253 2705 4319 illum
2748 4255 2929 4319 ambo,
2993 4265 3049 4310 et.
3110 4255 3431 4313 acciderunt

1848 4349 1993 4403 illico
2013 4347 2083 4402 ad
2112 4346 2281 4417 pedes
2320 4344 2552 4412 abbatis,
2591 4355 2648 4401 et
2692 4345 2952 4401 dixerunt
3000 4345 3147 4414 ipsi:
3192 4345 3429 4401 Oramus

1849 4448 1925 4503 te,
1958 4438 2004 4493 si
2033 4437 2217 4492 animo
2250 4435 2418 4490 fixum
2445 4435 2599 4490 sedet
2632 4434 2711 4490 sic
2732 4450 2834 4490 nos
2859 4435 3084 4500 vestire,
3121 4445 3178 4490 et
3209 4436 3302 4490 tali
3332 4437 3431 4491 ho—

1850 4538 2065 4585 nore-et
2098 4528 2268 4600 gloria
2295 4528 2525 4598 dignari,
2557 4528 2626 4583 ab
2658 4528 2761 4582 hoc
2789 4543 3015 4597 veSpere
3060 4527 3111 4582 id
3158 4527 3324 4599 agito,
3360 4544 3432 4581 ne

1853 4621 2010 4685 forte,
2059 4620 2319 4690 quoniam
2378 4618 2629 4675 homines
2678 4634 2897 4685 sumus,
2940 4619 3165 4673 humani
3226 4619 3431 4689 aliquid

1855 4725 1951 4780 per
1993 4719 2208 4765 noctem
2268 4709 2427 4765 nobis
2475 4709 2778 4782 contingat,
2834 4718 2891 4764 et
2944 4710 3292 4766 discedamus
3336 4712 3443 4775 tali

1853 4803 2022 4873 gloria
2051 4812 2107 4857 et
2144 4802 2360 4874 gaudio,
2402 4817 2623 4857 necnon
2672 4803 2767 4857 tali
2822 4802 3087 4873 obsequio
3132 4813 3187 4858 et
3230 4818 3452 4865 corona,

1854 4895 2118 4949 frustrati.
2159 4894 2451 4965 Postquam
2484 4910 2615 4965 ergo
2660 4910 2756 4950 eos
2799 4894 3040 4951 audisset
3090 4896 3453 4966 hegumenus,

1854 4987 2055 5044 dixisse
2075 4988 2143 5043 de
2176 4988 2271 5042 tali
2300 4987 2548 5057 obsequii
2576 4997 2632 5043 et
2658 5002 2873 5044 coronae
2898 4989 3228 5060 privatione,
3260 4988 3427 5043 intel-

1856 5077 1986 5132 lexit
2016 5078 2220 5133 vidisse
2279 5092 2375 5132 eos
2408 5077 2806 5149 apparitionem
2838 5078 2893 5133 in
2945 5094 3032 5145 eo,
3078 5078 3171 5150 qui
3224 5078 3431 5134 ferebat

1856 5173 2103 5219 sanctum
2139 5164 2407 5231 habitum,
2458 5175 2514 5222 et
2561 5168 2812 5237 permisit
2856 5185 2981 5223 eum
3027 5170 3107 5225 ire
3140 5170 3208 5224 ad
3254 5170 3432 5223 locum

1855 5269 2037 5319 suum,
2074 5254 2164 5309 ubi
2209 5264 2344 5320 erat,
2374 5271 2403 5309 a
2448 5271 2558 5326 quo
2605 5264 2850 5327 tempore
2889 5258 3139 5313 induerat
3182 5267 3432 5313 sanctum

1856 5345 2122 5400 habitum.
2170 5345 2461 5417 Postquam
2510 5346 2600 5403 ille
2650 5349 2882 5415 abierat,
2928 5350 3085 5405 valde
3139 5350 3433 5403 doluerunt

1857 5435 2060 5491 Christi
2087 5437 2258 5508 pueri,
2292 5447 2348 5493 et
2377 5438 2567 5493 dicunt
2598 5438 2909 5510 hegumeno
2939 5457 2954 5493 :
2986 5440 3216 5509 Propter
3244 5438 3430 5493 Domi-

1860 5545 2009 5594 num,
2062 5530 2239 5594 Pater,
2297 5545 2544 5602 assurge.
2593 5540 2650 5585 et
2680 5531 2763 5586 fae
2798 5546 2898 5586 nos
2931 5530 3083 5598 tales,
3126 5529 3304 5601 qualis
3348 5540 3435 5587 est

1684 5710 1910 5769 NOTAE.

252 5813 364 5885 (Π)
399 5813 605 5887 Duplex
644 5809 787 5887 apud
837 5808 1053 5864 Gnecos
1089 5816 1171 5862 est
1211 5808 1543 5887 monastieus
1582 5808 1738 5887 habi-

184 5881 292 5945 tus.
326 5881 523 5947 parvus
552 5883 839 5943 nimirum,
892 5888 943 5934 et
992 5894 1237 5943 magnus,
1294 5881 1406 5934 sive
1451 5881 1743 5942 angelicns.

1847 5806 2390 5882 Cujus'apparatnm,
2438 5817 2493 5863 et
2534 5825 2656 5882 qnze
2693 5810 2808 5882 huc
2832 5817 3099 5882 spectant,
3138 5811 3229 5867 dat
3261 5811 3455 5882 Goar,‘

1858 5894 1975 5943 pag.
2014 5878 2133 5937 190.
2164 5887 2217 5934 et
2244 5877 2513 5934 liabertus
2542 5877 2921 5935 observatione
2955 5880 3133 5931 tertia.
