4058 6400
628 402 757 468 1687

1644 410 1953 469 LEONTII
1997 408 2504 469 NEAPOLlTANl
2542 408 2876 468 EPISCOPI
2968 466 2971 467 ,

3559 299 3584 317 δ

3764 405 3883 467 1653

619 513 740 579 ille;
785 527 948 569 nemo
1000 516 1145 569 enim
1204 514 1257 569 in
1311 522 1427 569 toto
1479 516 1809 571 monasterio
1885 525 1969 571 est
2010 516 2198 579 homo,

2310 516 2537 578 ἐκεῖνον,
2568 516 2651 568 ὅτι
2698 517 2778 578 εἰς
2805 516 2865 568 τὸ
2899 513 3267 586 μοναστήριόν
3322 529 3419 569 σου
3445 513 3570 567 ὅλον
3608 511 3881 582 ἄνθρωπος

617 616 779 672 quem
814 620 922 659 non
955 616 1173 677 anteeat
1209 606 1437 660 honore.
1485 605 1621 661 Dicit
1663 606 1745 661 eis
1786 608 1998 662 abbas:
2040 606 2198 673 Quali

620 694 869 768 honore?
898 694 1055 750 Tunc
1088 696 1343 752 dixerunt
1371 716 1384 751 :
1422 696 1524 751 Per
1554 713 1701 760 eum,
1746 696 1923 760 Pater,
1960 698 2060 767 qui
2100 715 2203 754 nos

617 790 874 860 dignatur
903 788 1007 843 hoc
1036 788 1227 843 habitu
1259 797 1315 844 ct
1344 790 1571 847 honore,
1608 789 1753 849 beati
1778 806 1970 847 sumus
1990 798 2045 844 et
2079 806 2203 853 nos,

621 879 666 933 si
698 894 729 933 a
762 878 855 932 tali
892 878 1289 933 monachorum
1342 877 1714 942 multitudine,
1766 894 1954 932 cereos
1982 888 2204 955 gestan-

623 971 778 1035 tium,
828 968 1097 1023 fuerimus
1141 969 1347 1040 stipati.
1397 977 1452 1023 et
1496 969 1654 1023 talem
1699 985 1980 1030 coronam.
2023 968 2205 1038 splen-

620 1060 744 1115 dide
775 1060 1073 1124 lucentem,
1106 1061 1500 1132 gestaverimus
1542 1059 1597 1112 in
1640 1069 1828 1117 nostro
1864 1060 2068 1129 capite.
2096 1058 2205 1112 Pu-

624 1153 807 1207 tabant
838 1152 987 1207 enim
1017 1152 1384 1222 hegumenum
1423 1152 1585 1205 etiam
1610 1152 1809 1206 vidisse
1839 1167 1926 1215 ea,
1950 1166 2068 1221 qua:
2102 1150 2204 1220 ipsi

622 1251 1045 1308 conspexerant.
1073 1241 1188 1297 Hoc
1216 1243 1454 1312 cognito,
1484 1258 1594 1295 non
1634 1242 1773 1296 dixit
1804 1242 1937 1311 ipsis
1966 1258 2025 1295 se
2066 1241 2204 1295 nihil

622 1332 843 1396 vidisse,
869 1333 964 1387 sed
995 1334 1183 1396 tacuit,
1217 1342 1272 1389 et
1295 1334 1703 1403 simplicitatem
1737 1348 1991 1405 magnam
2016 1348 2079 1388 ac
2102 1350 2204 1403 pu-

627 1421 843 1476 ritatem
864 1424 1169 1495 obstupuit,
1193 1425 1541 1495 potissimum
1573 1424 1883 1493 Symeonis.

694 1602 782 1658 14.
808 1601 920 1659 lloc
942 1612 1125 1658 autem
1158 1605 1548 1674 gratiosissime
1570 1603 1649 1658 eis
1675 1602 1809 1659 dixit
1842 1604 1925 1658 vir
1946 1619 2202 1675 magnus:

624 1694 719 1750 Die
750 1696 991 1750 crastina
1025 1712 1122 1749 vos
1163 1711 1379 1765 quoque
1426 1706 1617 1750 sancto
1659 1696 1848 1750 habitu
1888 1696 2203 1760 induemus,

623 1787 901 1852 aspirante
952 1786 1190 1863 Spiritus
1244 1789 1415 1842 sancti
1481 1789 1674 1859 gratia.
1731 1788 1848 1853 Quo
1902 1798 2203 1858 assumpto,

2305 608 2362 663 ὲν
2385 608 2448 675 τῇ
2481 606 2708 679 τοιαύτῃ
2729 608 2862 677 τιμῇ
2900 606 3000 658 οὐκ
3034 605 3204 668 ἔστιν,
3248 604 3323 666 ὠς
3349 606 3582 666 ἐκεῖνος.
3614 604 3776 669 Λέγει
3796 605 3883 658 αὑ-

2304 699 2412 757 τοῖς
2439 697 2465 747 6
2491 694 2665 756 6665.;
2682 711 2696 725 '
2734 694 2868 765 Ποία
2892 697 3024 764 τιμῇ
3048 713 3063 759 ;
3088 695 3130 745 Τ
3132 695 3220 748 ότε
3250 689 3425 746 εἶπον·
3457 694 3552 751 Μὰ
3572 694 3667 743 τὸν
3684 693 3886 758 ἀξιοῦν-

2303 805 2369 849 τα
2395 788 2561 858 ἡμᾶς,
2595 788 2797 857 Πάτερ,
2828 786 2923 839 τοῦ
2956 787 3234 856 σχήματος
3261 785 3429 840 αὐτοῦ
3452 786 3548 837 καὶ
3570 784 3671 853 τῆς
3704 789 3881 852 τιμῆς,

2311 878 2577 947 μακάριοί
2607 878 2775 945 ἐσμεν
2820 879 2915 930 καὶ
2949 878 3130 946 ἡμεῖς,
3158 878 3253 930 ἐὰν
3300 876 3408 932 ὑπὸ
3443 876 3707 930 τοσούτου
3754 878 3882 946 πλή-

2306 966 2432 1029 θους
2465 967 2716 1037 μοναχῶν
2755 967 2894 1035 μετὰ
2927 967 3135 1036 κηρίων
3174 966 3570 1036 ὀψικευόμεθα,
3604 965 3698 1017 καὶ
3726 965 3884 1016 10:05-

2304 1075 2395 1115 τον
2450 1059 2715 1125 στέφανον
2750 1058 3002 1128 λαμπρὸν
3033 1058 3320 1127 λάμποντα
3348 1057 3443 1109 ἐπὶ
3470 1057 3572 1125 τῆς
3618 1056 3881 1126 ἡμετέρας

2306 1147 2553 1217 κεφαλῆς
2582 1148 2912 1219 φορέσομεν,
2940 1148 3225 1217 Ἐνόμιζον
3264 1148 3374 1218 γὰρ
3406 1148 3504 1201 καὶ
3530 1149 3624 1199 τὸν
3659 1148 3881 1217 ἡγοῦμεο

2305 1257 2395 1293 νον
2434 1238 2653 1307 βλέπειν
2678 1240 2747 1291 τά
2776 1238 2867 1290 ὑπ’
2892 1240 3073 1291 αὐτῶν
3094 1237 3369 1308 ὁρώμενα.
3396 1239 3495 1290 Διὰ
3524 1236 3685 1290 τοῦτο
3711 1240 3881 1304 γνοὺς,

2305 1332 2426 1389 οὐδὲ
2456 1327 2606 1386 εἶπεν
2640 1334 2849 1395 αὐτοῖς,
2885 1334 2966 1386 ὃτι
3002 1332 3165 1395 αὐτὸς
3192 1332 3344 1384 οὐδὲν
3375 1328 3536 1395 εἶδεν,
3581 1331 3701 1385 ἀλλ’
3739 1331 3880 1383 tau!)-

2308 1439 2501 1491 πησεν,
2532 1425 2627 1476 καὶ⁸
2661 1423 2986 1493 κατεπλάγη
3018 1422 3117 1493 τὴν
3163 1423 3361 1492 πολλὴν
3386 1424 3759 1493 ἀκεραιότητα
3798 1426 3880 1478 καὶ

2308 1515 2676 1585 καθαρότητα,
2714 1517 2949 1585 μάλιστα
2976 1516 3030 1567 δὲ
3063 1514 3153 1567 τοῦ
3190 1514 3439 1583 Συμεών.

2380 1606 2460 1659 ιδ’.
2495 1607 2666 1659 Τοῦτο
2691 1607 2747 1658 δὲ
2773 1609 3149 1676 χαριεστάτοις
3178 1607 3365 1673 ἔλεγεν
3408 1607 3592 1668 αὐτοῖς
3643 1620 3673 1657 o
3701 1606 3882 1674 μέγας,

2307 1698 2387 1750 ὅτι
2420 1696 2619 1768 Αὔριον
2655 1698 2913 1767 ὲνδύομεν
2944 1699 3038 1749 καὶ
3093 1698 3235 1766 ὑμᾶς
3269 1698 3355 1751 διά
3404 1698 3505 1765 τῆς
3540 1698 3764 1766 χάριτος
3796 1698 3881 1749 τοῦ

2306 1790 2463 1857 ἁγίου
2518 1789 2853 1858 [Ινεύματος.
2909 1788 3065 1849 Μετὰ
3103 1784 3199 1841 οῦν
3257 1789 3319 1841 τὸ
3352 1788 3543 1839 λαδείν
3591 1788 3790 1849 αὐτοὺς
3829 1790 3885 1839 τὸ

624 1885 785 1947 prout
820 1875 1109 1930 allirmavit
1166 1877 1548 1931 sanctissimus
1595 1877 1882 1940 diaconus,
1939 1876 2207 1930 innocuus

2310 1881 2463 1947 ἅγιον
2489 1881 2697 1949 σχῆμα,
2738 1881 2814 1943 ὠς
2839 1880 3211 1934 διεϐεϐαιοῦτο
3238 1884 3265 1935 6
3293 1880 3599 1943 ὁσιώτατος
3624 1880 3883 1945 διάκονος,

623 1966 859 2035 Symeon
890 1968 1245 2030 asseveravit,
1275 1978 1493 2022 mutuos
1521 1983 1582 2021 se
1618 1967 1821 2022 vidisse
1858 1968 2042 2031 vultus
2074 1976 2210 2021 tem-

627 2071 756 2124 ιλιι-ο
786 2057 986 2123 noctis,
1024 2059 1166 2115 sicut
1201 2058 1255 2115 in
1298 2058 1408 2124 die,
1444 2066 1498 2111 et
1541 2058 1747 2111 similes
1786 2057 1883 2121 illi,
1936 2057 2028 2127 qui
2083 2065 2209 2111 ante

626 2159 982 2219 apparuerat,
1033 2152 1262 2205 alterum
1309 2151 1365 2205 in
1415 2150 1641 2205 alterius
1698 2150 1875 2217 capite
1925 2164 2203 2203 coronam.

627 2241 802 2299 Tanto
839 2253 1039 2313 autem,
1066 2243 1267 2307 aiebat,
1304 2253 1487 2297 nostra
1521 2258 1675 2297 mens
1705 2243 1895 2295 affecta
1927 2250 2043 2294 erat
2077 2256 2208 2311 gau-

626 2332 736 2391 dio.
770 2342 826 2387 ut
858 2349 959 2387 nec
979 2333 1161 2389 cibum
1194 2350 1295 2387 nec
1320 2343 1507 2403 potum
1541 2343 1762 2405 gustare
1790 2335 2004 2388 liberet.
2032 2332 2207 2386 Exac-

630 2424 695 2479 tis
719 2424 900 2499 itaque
921 2425 988 2479 ab
1010 2436 1288 2495 assumpto
1318 2432 1505 2483 sancto
1537 2427 1725 2484 habitu
1753 2426 1965 2482 duobus
1991 2426 2204 2489 diebus,

625 2516 1065 2585 contemplantur
1120 2516 1291 2581 illum,
1328 2517 1420 2586 qui
1469 2526 1595 2571 ante
1642 2526 1851 2587 septem
1914 2517 2032 2571 dies
2080 2532 2205 2570 eum

624 2616 1013 2675 assumpserat,
1063 2624 1221 2676 quem
1248 2609 1410 2671 etiam
1450 2620 1770 2663 coronatum
1805 2618 1859 2662 et
1891 2593 2205 2663 comitatum

623 2712 1025 2773 conspexerant
1064 2703 1299 2772 (ferebat
1346 2703 1435 2758 hic
1468 2704 1692 2759 mantilc
1729 2712 1784 2758 et
1818 2702 2203 2769 ministrabat;

624 2795 721 2857 sed
762 2811 872 2851 non
912 2793 1146 2864 amplius
1181 2795 1440 2863 deinceps
1473 2810 1729 2850 coronam
1781 2794 1943 2864 capiti
1986 2794 2208 2863 imposi-

629 2895 761 2959 tam,
792 2901 893 2943 nec
918 2901 1132 2941 rursum
1165 2887 1464 2941 monachos
1505 2902 1629 2940 cum
1676 2885 1850 2939 cereis
1882 2885 2207 2941 comitantes

632 2971 915 3040 habebat),
952 2981 1006 3027 et
1036 2974 1212 3027 mirati
1248 2984 1393 3029 sunt.
1436 2975 1679 3043 Dicitque
1703 2974 1934 3045 Symeon
1969 2974 2201 3028 Joanni:

624 3064 821 3125 tlrede,
859 3064 1046 3128 frater,
1084 3066 1299 3119 tametsi
1343 3068 1505 3127 etiam
1536 3081 1633 3119 nos
1658 3075 1866 3134 septem
1898 3066 2063 3120 hosce
2092 3066 2207 3120 dies

624 3156 1054 3233 implet/erimus,
1083 3173 1192 3212 non
1239 3157 1418 3211 adhuc
1445 3158 1773 3229 elegantiam
1821 3158 1965 3212 illam
2002 3167 2057 3212 et
2084 3174 2207 3227 gra-

628 3247 757 3313 tiam
792 3263 982 3309 smnus
1022 3247 1277 3302 habituri.
1330 3248 1391 3300 Et
1436 3247 1567 3301 dicit
1606 3247 1844 3302 Joannes
1879 3265 1891 3300 :
1940 3247 2080 3313 Quid
2128 3246 2210 3299 vis

629 3344 691 3393 ut
719 3336 831 3401 fiat,
872 3336 1075 3391 frater?
1102 3338 1201 3391 Cui
1229 3337 1316 3390 ille
1349 3336 1544 3389 iterum
1574 3354 1586 3389 :
1630 3336 1687 3391 Si
1718 3353 1804 3391 me
1832 3337 2009 3400 audis,
2041 3346 2098 3391 ut
2127 3353 2214 3391 res

626 3428 917 3495 sgcculares
942 3444 1078 3499 quas
1106 3429 1451 3499 reliquimus,
1486 3439 1540 3483 et
1569 3431 1754 3484 valere
1777 3430 2060 3500 jussimus,
2088 3446 2213 3499 per-

629 3522 767 3575 fecte
789 3529 901 3574 toto
926 3521 1094 3574 animi
1124 3521 1249 3575 nisu
1281 3522 1461 3576 valere
1497 3522 1808 3591 iubeamus.
1839 3523 2012 3576 Aliam
2057 3540 2215 3577 nam-

628 3628 735 3679 que
759 3612 923 3667 vitam
963 3622 1017 3667 et
1060 3630 1145 3667 res
1178 3629 1347 3668 novas
1380 3615 1724 3684 contemplor
1758 3616 1812 3669 in
1850 3616 1953 3669 hoc
1996 3616 2207 3671 habitu.

629 3703 707 3761 Ετ
767 3718 876 3773 quo
920 3704 1067 3757 enim
1118 3705 1311 3758 eodem
1357 3721 1457 3759 nos
1499 3705 1675 3760 induit
1721 3705 1818 3759 Dei
1855 3721 2064 3769 servus,
2113 3705 2211 3759 lla-

631 3804 788 3864 grant
811 3811 929 3849 mea
957 3797 1277 3866 praecordia,
1310 3798 1498 3852 nescio
1524 3799 1689 3861 unde,
1733 3808 1789 3851 et
1815 3798 2009 3867 qmerit
2030 3799 2213 3853 anima

634 3901 753 3939 mea
809 3902 919 3940 non
980 3886 1166 3941 videre
1218 3903 1565 3956 quemquam,
1614 3904 1795 3956 neque
1840 3889 2061 3958 alloqui,
2110 3906 2214 3946 nec

632 3977 838 4031 audire.
895 3978 1036 4032 Dicit
1090 3978 1139 4031 ei
1187 3975 1481 4033 Joannes:
1535 3978 1599 4032 Et
1646 3980 1774 4047 quid
1825 3983 2211 4050 comedemus,

633 4064 843 4119 frater?
885 4064 984 4119 Cui
1016 4065 1294 4135 Symeon:
1348 4068 1429 4119 An
1484 4067 1799 4133 comedunt,
1854 4070 1944 4138 qui
1996 4088 2214 4137 pascen-

634 4166 709 4209 tes
754 4156 864 4225 (l8)
898 4168 1181 4223 vocantur,
1212 4159 1279 4213 de
1323 4158 1523 4228 quibus
1569 4159 1684 4212 heri
1731 4161 1987 4215 dominus
2041 4160 2211 4216 Nicon

633 4261 941 4316 sermonem
977 4258 1193 4318 quoque
1228 4249 1294 4303 ad
1327 4265 1428 4302 nos
1459 4250 1690 4304 habuit?
1716 4250 1849 4305 Nam
1878 4253 2056 4307 forsan
2095 4253 2211 4323 ipse

631 4337 798 4391 etiam
824 4338 1036 4402 volens,
1084 4346 1143 4392 ut
1183 4354 1284 4393 nos
1332 4340 1647 4407 hujusmodi
1698 4341 1865 4395 vitam
1910 4343 2210 4413 amplecta-

630 4442 773 4490 mur,
804 4429 1058 4497 exposuit
1090 4429 1250 4483 nobis
1279 4445 1441 4498 quam
1481 4430 1606 4485 vitae
1643 4432 1913 4486 rationem
1961 4441 2207 4499 teneant,

630 4520 903 4589 quomodo
966 4522 1241 4577 dormiant
1271 4522 1402 4593 (l9),
1445 4532 1501 4578 et
1555 4522 1817 4593 quidquid
1844 4524 1911 4578 ad
1938 4524 2057 4579 illos
2088 4542 2212 4596 per-

632 4612 789 4664 tinet.
819 4610 1025 4667 Deinde
1050 4613 1180 4681 dicit
1204 4612 1443 4668 Joannes
1469 4632 1482 4667 :
1514 4612 1580 4667 Et
1605 4614 1912 4682 quomodo?
1935 4613 2073 4680 Quia
2106 4632 2205 4673 ne-

630 4715 739 4767 que
769 4710 1012 4767 cantum,
1046 4718 1223 4773 neque
1243 4719 1433 4759 eorum
1465 4704 1776 4758 institutum
1804 4706 2076 4760 novimus.

704 4878 792 4937 13.
832 4876 989 4934 Tunc
1018 4877 1159 4933 Deus
1190 4879 1403 4948 aperuit
1442 4893 1534 4935 cor
1564 4878 1775 4933 abbatis
1818 4877 1928 4948 (ΞΟ)
1984 4877 2209 4950 Symeo-

2309 1970 2669 2041 διισχυρίζετο
2720 1974 2749 2025 6
2789 1972 3023 2042 ἀψευδὴς
3071 1973 3320 2043 Συμεὼν,
3360 1975 3440 2027 ὅτι
3487 1975 3568 2027 Τὰ
3628 1975 3885 2043 πρόσωπα

2309 2064 2553 2135 ἀλλήλων
2589 2064 2932 2134 ὲθεωροῦμεν
2984 2068 3050 2133 τῇ
3112 2066 3271 2119 νυκτὶ
3324 2065 3396 2127 ὡς
3454 2067 3511 2117 ὲν
3550 2066 3759 2135 ἡμέρα,
3800 2068 3887 2119 καὶ

2308 2151 2512 2220 ὁμοίως
2542 2151 2634 2203 τοῦ
2666 2152 2933 2221 πρότερον
2963 2152 3055 2205 ὑπ’
3077 2152 3261 2205 αὐτῶν
3286 2152 3601 2216 θεαθέντος,
3633 2158 3888 2223 στέφανον

2308 2242 2401 2292 ἐπὶ
2434 2242 2530 2310 τῆς
2562 2241 2655 2293 τοῦ
2698 2242 2888 2309 ἐτέρου
2924 2242 3163 2311 κεφαλῆς
3200 2244 3227 2295 6
3278 2243 3482 2312 ἔτερος.
3542 2244 3630 2296 Ἐν
3672 2245 3887 2313 τοιαύτῃ

2308 2333 2363 2387 δὲ
2399 2336 2545 2406 χαρᾷ
2574 2330 2661 2405 ἦν,
2700 2336 2874 2405 φημὶ,
2911 2338 2943 2404 ή
2975 2335 3122 2406 ψυχὴ
3174 2336 3348 2405 ἡμῶν,
3380 2336 3521 2389 ὥστε
3557 2338 3694 2406 μηδὲ
3726 2337 3888 2390 θέλειν

2310 2423 2455 2492 ἡμᾶς
2507 2422 2745 2495 εὐχερῶς
2802 2428 3008 2494 τροφῆς
3069 2424 3511 2494 μεταλαμϐάνειν
3572 2425 3605 2494 ἢ
3664 2425 3883 2487 πόσεως.

2308 2515 2465 2567 Μετὰ
2496 2511 2588 2567 οῦν
2642 2516 2734 2567 δύο
2775 2517 2986 2587 ἡμέρας
3038 2513 3131 2567 τοῦ
3178 2514 3366 2567 λαῦεῖν
3402 2516 3600 2577 αὐτοὺς
3648 2519 3712 2567 τὸ
3742 2514 3884 2581 ἅγιον

2308 2605 2535 2677 ἔνδυμα,
2568 2606 2869 2677 θεωροῦσιν
2900 2608 2990 2659 τὸν
3017 2606 3123 2675 πρὸ
3158 2606 3299 2659 ἑπτά
3347 2606 3573 2675 ἡμερῶν
3614 2607 3773 2659 τοῦτο
3798 2608 3880 2659 λα-

2311 2698 2497 2761 ϐόντα,
2533 2699 2616 2763 εἰς
2674 2698 2733 2751 ὂν
2784 2699 2874 2751 τὸν
2927 2698 3191 2766 στέφανον
3242 2700 3336 2749 καὶ
3379 2700 3506 2761 τοὺς
3539 2699 3882 2766 ὀψικεύοντας

2308 2788 2626 2854 ἐθεάσαντο,
2664 2789 2760 2840 καὶ
2795 2787 2980 2854 ὲφόοει
3018 2788 3381 2856 σακκομάχιν,
3435 2789 3529 2839 καὶ
3580 2788 3881 2839 ἐποίειδια-

2308 2882 2513 2945 κονίαν,
2549 2880 2646 2933 καὶ
2670 2882 2858 2934 λοιπὸν
2890 2897 2988 2932 ουκ
3020 2878 3099 2931 ἔτι
3130 2878 3253 2932 οῦτε
3291 2879 3381 2931 τὸν
3433 2881 3702 2949 στέφανον
3746 2881 3882 2950 αὖτῷ

2308 2972 2711 3041 περικείμενον,
2730 2971 2853 3025 οὔτε
2878 2971 3036 3024 πάλιν
3057 2970 3184 3033 τοὺς
3209 2970 3347 3041 μετὰ
3374 2971 3584 3039 κηρίων
3603 2972 3878 3039 Musam-

2308 3080 2407 3125 τας
2466 3064 2733 3132 μοναχοὺς
2790 3061 3079 3133 ἐκέκτητο,
3117 3063 3211 3114 καὶ
3242 3060 3585 3130 ἐθαύμασαν.
3617 3063 3724 3114 Καὶ
3748 3063 3882 3127 λέγει

2308 3155 2336 3207 ὁ
2370 3154 2593 3224 Συμεὼν
2629 3154 2706 3224 τῷ
2734 3155 2990 3227 Ἰωάννῃο
3029 3155 3348 3217 Πίστευσον,
3382 3154 3611 3221 ἀδελφέ,
3659 3155 3753 3207 ἐὰν
3789 3156 3876 3206 καὶ

2314 3247 2475 3316 ἡμεῖς
2512 3247 2891 3317 πληρώσωμεν
2923 3247 3021 3308 τὰς
3046 3245 3217 3309 αὑτάς
3242 3246 3457 3317 ἡμέρας
3491 3248 3651 3309 ἑπτά,
3684 3249 3779 3298 οὐκ
3810 3246 3884 3298 ἔτι

2315 3337 2511 3406 ἕξομεν
2553 3337 2652 3404 τὴν
2686 3336 3021 3401 εὐπρέπειαν
3053 3337 3260 3405 ταύτην
3296 3339 3389 3387 καὶ
3437 3336 3534 3407 τὴν
3565 3338 3749 3407 χάριν.
3783 3339 3885 3388 Καὶ

2314 3424 2464 3493 λέγει
2500 3428 2526 3479 ὁ
2551 3426 2825 3495 Ἰωάννηςο
2853 3426 2963 3477 Καὶ
2988 3426 3037 3477 τί
3068 3425 3243 3488 θέλεις
3275 3426 3363 3478 ἵνα
3383 3427 3631 3496 γένηται,
3660 3428 3883 3495 ἁδελφέ;

2315 3518 2479 3583 Λέγει
2513 3516 2659 3587 αὐτῷ
2700 3516 2863 3570 πάλιν
2891 3531 2902 3543 ·
2945 3516 3070 3569 Ἐὰν
3118 3516 3359 3589 ἀκούσῃς
3416 3535 3542 3588 μου,
3569 3518 3661 3571 ἵνα
3704 3518 3883 3590 ῶσπερ

2325 3608 2791 3676 ὲγκατελείψαμεν
2842 3608 2937 3659 καὶ
2982 3608 3375 3678 ἀπεταξάμεθα
3431 3608 3540 3662 τῶν
3591 3609 3882 3678 κοσμικῶν,

2313 3699 2711 3769 ἀποταξώμεθα
2737 3698 2961 3763 τελείως
2994 3700 3102 3752 ἀπὸ
3131 3701 3311 3769 πάσης
3343 3702 3532 3770 πνοῆς.
3564 3700 3759 3753 Ἀλλον
3785 3701 3883 3768 γάρ

2317 3789 2431 3861 βίον
2462 3792 2558 3843 καὶ
2591 3790 2718 3857 ξένα
2746 3792 3048 3862 πράγματα
3081 3791 3273 3861 θεωρῶ
3296 3792 3355 3844 ὲν
3383 3791 3459 3861 τῷ
3492 3795 3733 3862 σχήματι
3770 3792 3884 3844 τού-

2313 3900 2410 3953 τῳ.
2440 3883 2557 3952 Ἀφ’
2586 3877 2649 3954 ἧς
2682 3884 2791 3953 γὰρ
2840 3884 2972 3936 αὐτὸ
3007 3886 3034 3936 ὀ
3062 3882 3248 3946 δοῦλος
3297 3884 3393 3937 τοῦ
3454 3884 3591 3937 Θεοῦ
3645 3884 3884 3937 ἐνέδυσεν

2314 3978 2483 4046 ἡμᾶς,
2517 3975 2766 4029 καίονται
2793 3975 2860 4027 τὰ
2892 3974 3092 4029 ἔσωθεν
3128 3992 3251 4045 μου,
3283 3976 3383 4028 οὐκ
3428 3972 3545 4028 οἴδα
3579 3975 3767 4037 πόθεν,
3800 3978 3884 4027 καὶ

2313 4066 2470 4133 ζητεῖ
2502 4066 2702 4137 ἡψυχὴ
2749 4084 2849 4135 μου
2876 4066 2951 4136 μὴ
2983 4066 3261 4136 θεωρῆσαζ
3293 4082 3438 4127 τινα,
3473 4068 3615 4135 μήτε
3636 4065 3883 4135 λαλῆσαι,

2312 4157 2609 4227 ἢάκοῦσαί
2648 4175 2812 4220 τινος.
2868 4158 3031 4226 Λέγει
3076 4157 3225 4227 αὐτῷ
3277 4160 3305 4210 6
3352 4158 3646 4227 Ἰωάννης’
3692 4159 3797 4209 Καὶ
3838 4155 3884 4206 τί

2312 4247 2621 4319 τρὼγομεν,
2652 4248 2852 4316 ἀδελφέ
2876 4265 2889 4311 ;
2922 4250 3085 4317 Λέγει
3112 4247 3262 4317 αὐτῷ
3292 4248 3516 4317 Συμεών
3542 4267 3557 4278 ·
3598 4249 3663 4300 Εἰ
3681 4267 3731 4301 τι
3756 4246 3887 4317 τρὼο

2312 4355 2501 4406 γονσιν
2536 4341 2583 4391 οἱ
2610 4339 2904 4402 ἀκούοντες
2928 4339 3171 4403 βοσκοὶ,
3200 4342 3329 4409 περὶ
3349 4334 3424 4393 ὧν
3455 4341 3551 4392 καὶ
3586 4340 3711 4409 χθὲς
3740 4337 3886 4391 εἶπεν

2313 4431 2443 4499 ἡμῖν
2472 4431 2499 4482 6
2529 4430 2715 4500 κύριος
2759 4430 2978 4493 Νίκωνς
3023 4432 3175 4500 Τάχα
3220 4433 3327 4499 γάρ
3376 4434 3471 4483 καὶ
3502 4432 3666 4493 αὑτὸς
3704 4430 3882 4490 θέλων,

2315 4521 2402 4572 ἵνα
2425 4520 2667 4573 τοιοῦτον
2702 4521 2815 4591 βίον
2842 4522 3137 4593 διάξωμεν,
3160 4522 3461 4593 διηγήσατο
3499 4525 3636 4592 ἡμῖν
3667 4522 3727 4573 τὸ
3778 4522 3885 4583 πῶς

2316 4613 2501 4677 ζῶσιν,
2534 4613 2632 4663 καὶ
2670 4613 2788 4675 πῶς
2823 4614 3149 4683 κοιμῶνται,
3206 4614 3299 4666 καὶ
3332 4614 3509 4666 πάντα
3540 4613 3610 4665 τά
3650 4612 3768 4665 κατ’
3793 4613 3886 4663 αὖ·

2313 4702 2459 4765 τοῦς.
2514 4702 2647 4756 Εἶτά
2692 4723 2855 4773 φησιν
2889 4707 2916 4758 6
2950 4707 3202 4777 Ἰωάννης
3226 4724 3239 4736 ·
3272 4707 3380 4759 Καὶ
3411 4705 3563 4769 πῶςς
3598 4706 3723 4757 Ὅτι
3769 4703 3886 4757 οὔτε

2314 4793 2500 4863 ψᾶλαι,
2534 4795 2657 4848 οὔτε
2684 4796 2784 4865 τὴν
2817 4798 3151 4851 κατάστασιν
3178 4798 3587 4869 παρελάϐομεν.

2388 4885 2470 4941 ιε’.
2500 4885 2634 4939 Τότε
2668 4886 2901 4957 ἀνέῳξεν
2934 4891 2960 4941 6
2990 4888 3123 4952 Θεὸς
3176 4892 3273 4958 τὴν
3320 4888 3548 4958 καρδίαν
3600 4886 3699 4941 τοῦ
3752 4886 3888 4939 6,663

2148 5038 2376 5095 NOTAE.

704 5122 816 5203 (ξε)
836 5122 913 5179 ιω
938 5130 1189 5203 appellati
1213 5132 1465 5203 monachi
1490 5133 1713 5200 quidam
1735 5133 2033 5188 Palmstinm
2050 5133 2206 5203 βοτα-

632 5195 876 5319 νοὲάγοι,
905 5195 1031 5278 quia
1068 5208 1205 5255 teste
1228 5198 1456 5283 Evagrio
1485 5195 1581 5256 lib.
1602 5220 1615 5283 ι
1637 5203 1779 5256 Eccl.
1803 5204 1938 5258 (list.
1964 5195 2081 5272 cap.
2104 5204 2201 5259 21:

641 5283 659 5315 ι
744 5262 859 5319 lbos
906 5267 1128 5319 mtldem
1179 5269 1491 5319 hominibus
1533 5282 1763 5319 imitatos
1818 5283 2197 5319 asnprnantnr,

641 5283 659 5315 ι
696 5262 859 5337 Cibos
906 5262 1491 5343 (initientbomiﬁihus
1533 5273 1763 5329 usitatos
1818 5262 2204 5343 aspernantur,

635 5345 836 5387 terram
867 5346 1067 5419 autem
1127 5340 1515 5419 depascuntur,
1569 5344 1711 5397 unde
1764 5352 1818 5397 et
1858 5340 2207 5419 pabulatores

633 5416 1449 5486 cognominattsuntitantum
1492 5422 1798 5486 carpentes,
1835 5422 2099 5483 quantum
2139 5416 2207 5468 ad

635 5477 799 5554 vitam
859 5476 1080 5554 sullici_t_.
1118 5498 1136 5530 ι
1200 5478 1357 5554 S_i_ve,
1419 5476 1603 5554 prout'
1640 5485 1804 5538 tradit
1854 5476 2208 5539 'Sozomenus

635 5545 729 5598 lib.
769 5562 843 5611 vt,
877 5550 1084 5615 (κοιλ,ὅὸ
1116 5565 1128 5601 :
1157 5570 1187 5623 _«
1230 5545 1434 5623 Νικιωέ
1455 5553 1728 5607 domicilia
1777 5554 1998 5618 habent,
2034 5570 2211 5623 neque

635 5630 853 5691 panem,
881 5633 1081 5691 _neque
1118 5621 1407 5676 obsonium
1441 5624 1753 5688 comedunt,
1800 5638 1977 5691 neque
2020 5621 2211 5678 vinum

638 5686 847 5762 bibunt.
881 5687 937 5741 ln
969 5691 1244 5762 montibus
1274 5703 1457 5746 autem
1483 5686 1760 5762 degentes,
1794 5686 2010 5761 semper
2041 5695 2209 5749 Deum

635 5755 943 5838 celebrant,
1011 5761 1263 5838 precibus
1318 5770 1388 5838 et
1422 5755 1636 5834 hymnis
1694 5755 1992 5838 secundum
2046 5764 2208 5838 ritum

639 5818 886 5880 licele'siaé
909 5818 1180 5889 vacantes.
1200 5818 1425 5896 Quando
1446 5818 1574 5889 vero
1602 5834 1852 5889 vescendi
1878 5843 2091 5905 tempus
2115 5818 2208 5891 ad¥

2312 5134 2483 5195 venit.
2514 5135 2885 5204 pabulantium
2918 5136 2972 5188 in
2998 5151 3225 5200 morem,
3245 5135 3471 5206 quilibet
3499 5134 3636 5190 falce
3656 5145 3887 5205 arrepta,

2312 5216 2680 5276 permontem
2712 5215 2993 5275 vagantes,
3036 5207 3221 5263 herbis
3248 5214 3563 5276 pascuntur.
3591 5224 3610 5255 ι

2384 5275 2493 5345 (l9)
2531 5277 2603 5328 Ita
2648 5276 2981 5346 ecgrapbum
3034 5275 3323 5339 nostrum;
3376 5291 3484 5346 non
3530 5275 3831 5346 κομῶνται.
3860 5290 3886 5327 a

2313 5346 2526 5412 κομάω,
2550 5345 2691 5413 quod
2720 5344 2812 5398 est
2844 5362 3048 5399 comam
3074 5346 3268 5408 nutrio,
3306 5344 3465 5399 sicuti
3496 5347 3769 5415 expressit
3803 5344 3890 5398 ln-

2317 5423 2526 5481 terpres
2558 5414 2701 5481 apud
2732 5416 2974 5469 Surium.

2387 5483 2498 5553 (‘20)
2532 5485 2711 5539 Abbas
2750 5500 2860 5540 non
2896 5494 3103 5541 tantum
3139 5487 3483 5556 begumenum
3508 5525 3522 5548 ,
3558 5501 3657 5539 seu
3704 5488 3891 5556 praefe-

2322 5565 2453 5607 ctum
2490 5556 2794 5625 monasterii
2832 5556 3170 5624 designabat,
3201 5555 3293 5609 sed
3328 5558 3399 5609 ita
3424 5555 3893 5625 C(unpellabantur

2321 5625 2572 5678 monachi
2591 5624 2787 5693 passim
2806 5640 3019 5686 omnes,
3047 5630 3347 5694 praesertim
3381 5624 3886 5680 seniovenerandi.

2320 5694 2375 5748 ld
2406 5694 2548 5762 quod
2579 5695 2746 5748 semel
2773 5695 2861 5750 hic
2903 5696 3170 5749 indicasse
3201 5697 3270 5751 sit
3296 5697 3427 5752 satis
3460 5696 3515 5750 in
3547 5706 3891 5752 antecessum

2317 5764 2476 5820 etiam
2503 5780 2600 5835 pro
2636 5764 2769 5822 locis
2795 5765 3176 5837 sequentibus.
