4034 6424
204 441 347 505 1689
1475 452 1655 514 VITA
1686 452 1756 513 'S.
1782 451 2185 516 SYMEONIS.
3318 452 3454 517 1690

199 550 454 623 Συμεὼν,
485 552 579 606 καὶ
611 547 797 606 εἷπενο
844 553 903 608 ⁸0
947 553 1129 620 σώσας
1175 559 1302 622 τοὺς
1333 559 1440 624 πρὸ
1487 560 1583 613 τοῦ
1611 560 1774 614 Δαυῒδ

1907 563 1986 625 iis;
2008 564 2102 634 qui
2132 562 2269 618 dixit
2297 579 2311 617 :
2344 560 2447 628 Qui
2478 562 2720 617 servavit
2749 578 2866 627 eos,
2912 563 3005 634 qui
3040 572 3168 618 ante
3195 564 3455 618 Davidem

200 645 685 716 εὐαρεστήσαντας
727 645 897 716 αύτῷ,
957 646 1121 712 σώζει
1172 652 1267 704 καὶ
1310 653 1477 722 ἡμᾶς.
1510 654 1573 706 Ei
1603 651 1778 706 δὲκαὶ

1907 652 2210 707 placuerunt
2254 651 2388 713 Deo,
2432 667 2531 707 nos
2570 668 2787 723 quoque
2818 655 3096 716 servabit;
3138 664 3215 718 et,
3250 654 3295 709 si
3332 655 3456 724 qui-

200 736 345 802 ἂξιοι
376 736 685 807 γενώμεθα,
721 737 963 793 διδάσκει
996 740 1093 795 καὶ
1120 743 1291 813 ἡμᾶς,
1316 743 1391 807 ώς
1419 744 1659 810 ἐδίδαξεν
1689 744 1780 798 τὸν

1907 744 2005 798 lem
2043 742 2233 797 liamus
2276 741 2451 812 digni,
2488 758 2591 797 nos
2626 744 2753 797 item
2792 744 3032 807 docebit,
3068 754 3229 814 prout
3274 745 3462 799 docuit

202 827 392 893 Δαυῖδ,
424 827 501 891 ώς
531 824 601 899 ἦν
627 831 707 893 είς
732 829 803 885 τὰ
828 832 1076 901 πρόϐατα
1123 836 1205 898 είς
1260 838 1361 905 τὴν
1416 836 1645 906 ἔρημον.
1704 837 1779 908 μὴ

1907 836 2164 900 )avidem,
2203 835 2419 903 quando
2447 834 2500 886 in
2532 834 2828 890 solitudine
2855 835 3115 905 pascebat
3139 848 3292 889 oves.
3314 833 3455 897 Noli,

202 921 441 991 θελήσῃς
471 921 743 992 ἀνακόψαι
771 922 868 994 τὴν
896 925 1212 995 προθυμίαν
1242 943 1366 995 μου.
1391 927 1782 995 ἀδελφέ.Ἀλλὰ

1907 933 2073 990 ’rater,
2099 926 2433 982 desiderium
2460 940 2643 983 meum
2670 927 2969 981 retardare.
3004 925 3159 992 Quod
3180 935 3459 995 superest,

200 1013 416 1078 λοιπόν,
441 1015 524 1067 ὅτι
558 1015 637 1078 είς
675 1015 833 1070 τοῦτο
860 1018 925 1070 τὸ
947 1019 1179 1088 πρᾶγμα
1221 1018 1503 1086 ἐδώκαμεν
1536 1004 1781 1085 ἑαυτοὺς,

1907 1036 1955 1073 ie
1986 1034 2123 1082 rem,
2170 1033 2278 1087 quo
2335 1018 2577 1072 animum
2628 1018 2958 1087 appulimus,
2999 1018 3291 1072 reddamus
3339 1017 3463 1071 irri—

205 1104 287 1173 μὴ
316 1104 672 1175 ἀφανισωμεν
696 1106 851 1160 αὑτό.
882 1107 1014 1159 Τότε
1050 1110 1078 1160 ὁ
1099 1107 1258 1179 κῦρις
1311 1107 1566 1176 Ἰωάννης
1604 1105 1781 1163 εἶπεν·

1911 1126 2018 1167 am.
2058 1111 2197 1164 Tum
2232 1110 2485 1167 dominus
2530 1108 2771 1164 Joannes
2815 1110 2992 1165 dixit:
3040 1108 3347 1175 Faciemus,
3384 1109 3463 1163 uti

215 1195 308 1259 Ὦς
340 1196 534 1262 θέλεις,
562 1200 880 1267 ποιήσομεν.
906 1199 1102 1262 Πῶςδὲ
1131 1200 1225 1253 καὶ
1254 1198 1620 1270 ὲξερχόμεθα;
1645 1202 1727 1259 ὅτι
1751 1202 1784 1271 ἠ

1907 1203 1987 1257 iis.
2021 1205 2092 1258 At
2127 1204 2404 1273 quomodo
2434 1202 2747 1259 exibimus?
2799 1202 2932 1257 Nam
2978 1212 3145 1257 noctu
3192 1202 3468 1257 clauditur

202 1286 351 1356 θύρα
384 1286 718 1357 κλείεταιτῇ
749 1288 931 1342 νυκτί·
991 1289 1157 1358 Λέγει
1216 1290 1368 1360 αὐτῷ
1423 1289 1681 1360 Συμεών·
1729 1292 1786 1344 ’0

1907 1295 2110 1351 ›ειίιιιιι.
2147 1295 2284 1353 Dicit
2311 1296 2361 1350 ei
2394 1294 2631 1365 Symeon
2667 1311 2682 1347 :
2719 1293 2822 1359 Qui
2861 1295 2992 1349 illud
3040 1296 3200 1349 nobis
3248 1295 3468 1363 aperuit

201 1378 426 1442 ἀνοίξας
457 1380 588 1447 ἡμῖν
612 1381 676 1449 τῇ
713 1380 921 1449 ἡμέρᾳ,
944 1381 1107 1445 αὐτὸς
1134 1381 1342 1450 ἀνοίγει
1371 1383 1465 1435 καὶ
1502 1385 1569 1453 τῇ
1604 1382 1782 1438 νυκτί.

1910 1386 2150 1452 nterdiu,
2201 1387 2344 1441 idem
2380 1387 2470 1441 ille
2501 1398 2667 1441 noctu
2717 1387 2947 1455 aperiet.
2997 1386 3249 1440 Stahilito
3306 1385 3469 1455 igitur

212 1467 307 1530 Ὠς
331 1465 423 1521 οὖν
453 1470 688 1538 ἔστησαν
718 1472 815 1541 τὴν
832 1471 1047 1540 βουλὴν,
1076 1473 1239 1536 εὐθὺς
1256 1474 1360 1544 τῆς
1387 1476 1583 1539 νυκτὸς
1616 1493 1787 1530 κατα·

1907 1477 2138 1539 :onsilio.
2171 1479 2377 1540 statim.
2406 1478 2497 1535 ubi
2526 1477 2745 1532 advenit
2775 1492 2903 1539 nox,
2948 1477 3290 1547 hegumenus
3324 1474 3472 1527 videt

201 1557 516 1627 λαϐούσης,
556 1558 754 1629 θεωρεῖ
806 1562 834 1613 ό
883 1561 1186 1631 ἡγούμενός
1235 1581 1359 1616 τινα.
1407 1563 1530 1617 καθ’
1586 1563 1789 1627 ὕπνους

1907 1572 2128 1640 iliquem
2159 1571 2214 1624 in
2246 1570 2471 1636 somnis,
2513 1573 2848 1640 aperientem
2886 1570 3088 1624 ostium
3126 1567 3469 1629 monasterii,

203 1646 493 1737 ἀνοίγοντα
524 1647 622 1715 τὴν
648 1646 819 1718 θύραν
842 1648 934 1702 τοῦ
961 1652 1353 1722 μοναστηρίου,
1394 1656 1489 1707 καὶ
1516 1653 1744 1722 λέγοντα
1771 1669 1786 1686 ο

1907 1673 1948 1718 at
1975 1664 2249 1716 dicentem
2280 1679 2292 1715 :
2319 1661 2492 1725 Exite,
2519 1677 2649 1718 oves
2681 1662 2883 1717 Christi
2899 1662 3145 1731 signatae,
3169 1659 3236 1713 ad
3258 1664 3473 1728 pascua

217 1736 497 1802 Ἐξέλθατε
518 1779 533 1803 ,
564 1738 815 1809 πρόϐατα
847 1741 1262 1811 ὲσφραγισμένα
1284 1744 1377 1797 τοῦ
1407 1745 1669 1815 Χριστοῦ,
1710 1747 1789 1809 εἰς

1907 1763 2094 1807 vestra.
2125 1752 2169 1805 A
2202 1766 2393 1806 somno
2444 1753 2730 1817 excitatus,
2760 1753 2942 1807 statim
2974 1751 3041 1805 ad
3083 1749 3306 1818 januam
3350 1762 3475 1816 per-

203 1827 310 1896 τὴν
338 1827 537 1899 βοσκὴν
570 1830 743 1898 ὑμῶν.
791 1830 899 1883 Καὶ
935 1831 1300 1897 διυπνισθεὶς,
1341 1836 1545 1899 εὐθέως
1591 1838 1791 1904 κατέρ-

1907 1843 2064 1903 venit,
2097 1857 2260 1910 quam
2294 1842 2385 1895 ubi
2417 1842 2740 1897 invenisset.
2780 1850 3045 1911 apertam,
3095 1850 3247 1894 ratus
3279 1839 3477 1893 exinde

207 1936 367 1988 χεται
389 1920 469 1982 είς
499 1921 590 1972 τὸν
619 1921 860 1987 πυλῶνα,
892 1924 985 1975 καὶ
1010 1918 1170 1993 εὗρον
1198 1926 1362 1979 αὐτὸν
1396 1929 1666 1991 ἀνοικτδν,
1694 1928 1788 1981 καὶ

1907 1951 2165 2006 egressos,
2204 1934 2456 1988 consedit
2480 1945 2729 1998 mmstus,
2770 1948 3106 2005 gemensque
3147 1942 3203 1987 et
3243 1932 3473 1987 dicens:

204 2013 439 2079 νομίσας
468 2013 549 2065 ὅτι
578 2012 798 2081 ἐξῆλθεν
834 2014 1063 2078 ἐκεῖθεν,
1084 2016 1373 2082 ἐκαθέζετο
1397 2020 1647 2086 στυγνὸς,
1667 2038 1787 2075 στε-

1907 2029 2014 2085 .‘ion
2052 2043 2203 2084 eram
2243 2027 2442 2098 dignus
2494 2042 2595 2097 ego
2641 2037 2916 2097 peccator,
2961 2026 3177 2080 Patrum
3230 2040 3479 2079 meorum

205 2098 389 2162 ναζων
417 2101 511 2153 καὶ
540 2100 714 2168 λέγων
738 2142 752 2166 ,
803 2103 883 2155 ὅτι
918 2103 1033 2156 Ούκ
1059 2104 1303 2175 ἠξιώθην
1335 2108 1445 2175 ὲγὼ
1470 2111 1500 2162 ὁ
1530 2110 1789 2180 ἁμαρτω-

1907 2136 2085 2191 preces
2113 2120 2384 2189 accipere.
2430 2118 2513 2172 Illi
2542 2134 2672 2173 sane
2698 2126 2857 2173 erant
2886 2119 3078 2173 Patres
3115 2117 3244 2181 mei,
3281 2124 3337 2169 et
3380 2116 3480 2169 dos

206 2191 302 2284 λός
332 2190 514 2243 λαϐεῖν
562 2192 662 2263 τὴν
712 2194 878 2266 εὐχὴν
927 2196 1036 2249 τῶν
1080 2200 1339 2269 Πατέρων
1389 2218 1514 2269 μου.
1546 2201 1791 2272 Ἀληθῶς

1907 2215 2061 2280 mini,
2095 2229 2160 2269 ac
2189 2210 2436 2284 magistri
2467 2229 2481 2266 :
2510 2211 2636 2266 ideo
2677 2226 2926 2280 scopum,
2961 2224 3124 2278 quem
3178 2209 3281 2263 sibi
3338 2222 3481 2277 pra:-

205 2280 356 2339 οὗτοί
412 2303 511 2354 μου
555 2286 822 2357 Πατέρες,
872 2290 965 2343 καὶ
1005 2290 1285 2356 δεσπόται,
1338 2296 1432 2348 καὶ
1481 2295 1789 2348 διδάσκαλοι

1907 2307 2155 2371 ﬁxerunt,
2189 2280 2307 2360 non
2330 2319 2451 2358 sum
2492 2312 2802 2357 assecutus.
2840 2300 3036 2369 Papae!
3064 2314 3229 2367 quam
3260 2298 3484 2368 pretiosi

206 2378 528 2445 ἐτύγχανον,
553 2381 647 2434 καὶ
671 2379 761 2432 διὰ
785 2379 944 2434 τοῦτο
966 2381 1064 2451 τῆς
1086 2384 1218 2453 παρ’
1238 2384 1415 2439 αύτῶν
1436 2385 1791 2457 παραθέσεως

1911 2398 2120 2467 apides.
2172 2406 2233 2451 ut
2278 2396 2521 2465 loquitur
2562 2395 2846 2463 Scriptura
2906 2393 2973 2455 ",
3029 2391 3263 2446 latentes
3320 2404 3484 2458 supra

204 2468 508 2539 ὴστόχησα.
544 2468 756 2525 Βαόαίῐ
816 2473 933 2535 πῶς
978 2473 1117 2527 λίθοι
1179 2476 1372 2545 τίμιοι,
1430 2478 1505 2540 ὥς
1563 2480 1791 2549 φησινή

1907 2505 2095 2545 etram
2126 2489 2454 2550 volvuntur;
2490 2486 2584 2554 qui
2617 2500 2648 2538 a
2698 2483 2886 2538 multis
2933 2481 3153 2551 quidem
3207 2480 3482 2541 videntur,

206 2560 422 2650 i‘patpi],
453 2562 738 2634 λεληθότες
769 2566 861 2618 ἐπὶ
892 2566 995 2636 τῆς
1041 2568 1147 2638 γῆς
1183 2569 1482 2634 κυλίονται,
1531 2572 1638 2626 ὑπὸ
1667 2572 1795 2626 πολ-

1907 2582 1986 2638 ίει1
2033 2597 2062 2635 a
2114 2581 2305 2650 paucis
2346 2576 2865 2648 apprehenduntur.
2918 2576 3055 2629 Dum
3102 2575 3219 2628 haec
3260 2580 3489 2637 maestus

206 2648 318 2701 λῶν
346 2652 443 2719 μὲν
473 2654 811 2723 φαινόμενοι,
845 2656 950 2709 ὑπὸ
982 2658 1184 2726 ὀλίγων
1213 2660 1271 2713 δὲ
1299 2661 1795 2732 καταλαμϐανόμε-

1907 2688 2079 2731 secum
2105 2648 2365 2743 agitabat,
2388 2686 2518 2726 ecce
2556 2671 2676 2739 puri
2709 2668 2896 2739 sponsi
2927 2666 3132 2721 Christi
3170 2664 3399 2719 veniunt
3431 2672 3491 2717 ut

208 2755 296 2791 νοι
320 2740 332 2792 ι
367 2740 453 2803 Ὠς
480 2740 654 2796 ταῦτα
680 2739 773 2799 οὖν
803 2746 881 2807 εις
913 2748 1106 2802 ἑαυτὸν
1135 2749 1420 2819 ἀδημονῶν
1444 2752 1791 2819 διελογίζετο,

1907 2739 2273 2833 egrediantur,
2316 2770 2445 2816 ante
2482 2776 2620 2831 quos
2646 2757 3130 2827 contemplabatur
3158 2754 3491 2825 purissimus

212 2830 327 2925 ἰδού
348 2832 411 2925 μοί.
428 2834 649 2925 νυμφίοι
672 2836 719 2887 οἱ
744 2836 978 2906 διςιθοιρο)⁸
1006 2838 1100 2893 τοῦ
1129 2841 1365 2910 Χριστοῦ
1389 2843 1671 2913 ἐρχόμενοι
1699 2844 1794 2899 ἐπὶ

1907 2830 2242 2925 begumenus
2293 2851 2465 2907 Nicon
2502 2830 2802 2907 eunuchos
2844 2849 3077 2918 aliquot,
3115 2860 3349 2917 quorum
3398 2844 3492 2898 alii

205 2920 275 3015 τὸ
311 2920 563 3015 ὲ-ξελθεῖν,
600 2918 674 2978 ὧν
707 2925 1021 2997 ἔμπροσθεν
1065 2929 1292 3003 ἐθεώρει
1335 2933 1364 2985 ὁ
1404 2933 1792 3005 καθαρώτατος

1907 2918 2149 3001 ferebant
2178 2944 2477 3015 lampades,
2502 2942 2595 2999 alii
2625 2950 2840 3013 sceptra
2863 2956 3030 2996 manu
3058 2939 3346 2995 tenebant.

207 3013 515 3084 ἡγούμενος
554 3018 738 3073 Νίκων
787 3020 941 3084 τινὰς
974 3020 1265 3093 εὐνούχους
1299 3022 1790 3098 λαμπαδηφόρως,

207 3110 339 3174 τοὺς
366 3111 421 3165 δὲ
449 3112 708 3187 σκῆπτρα
741 3117 801 3169 ὲν
829 3119 895 3189 τῇ
929 3119 1027 3188 μιᾷ
1050 3118 1197 3191 χειρὶ
1218 3120 1575 3190 κατέχοντας.

1679 3260 1913 3319 CAPUT
1955 3262 2014 3322 V.

1158 3375 1400 3433 Secessus
1439 3380 1495 3433 in
1526 3379 1902 3448 solitudinem,
1933 3381 2153 3437 Satanae
2182 3381 2531 3437 machinatio.

288 3496 384 3555 ις’.
421 3491 511 3553 Ὠς
533 3486 626 3544 οὖν
660 3491 883 3557 τούτους
914 3492 1203 3560 ἐθεάσατο,
1248 3496 1557 3567 περιχαρὴς
1592 3496 1801 3569 σφόδρα

1975 3495 2064 3551 16.
2108 3494 2217 3551 Eos
2251 3495 2416 3567 igitur
2459 3493 2830 3564 conspicatus,
2868 3489 3040 3545 solide
3086 3485 3307 3559 gavisus
3360 3484 3491 3550 fuit;

214 3584 452 3654 ἐγένετο,
485 3583 623 3636 διότι
646 3584 749 3637 οὐκ
770 3586 1045 3657 ἀπέτυχεν
1063 3590 1163 3659 τῆς
1191 3589 1358 3645 αὑτοῦ
1380 3590 1679 3661 ἐπιθυμίας
1701 3607 1716 3622 ·
1740 3591 1800 3645 ὃν

218 3673 551 3744 θεασάμενοι
589 3674 640 3727 οι
685 3675 971 3748 μακάριοι,
1007 3677 1390 3749 ὴὸουλήθησαν
1433 3678 1800 3750 ὑποστρέψαι,

222 3771 299 3844 μὴ
328 3771 625 3840 νοήσαντες
670 3770 755 3824 ὅτι
808 3771 837 3822 ό
879 3771 1183 3841 ἡγούμενός
1219 3772 1676 3844 ἐστιν.”Εδραμεν
1709 3770 1803 3828 οὖν

216 3864 246 3915 ὁ
270 3864 420 3925 ὅσιος
454 3862 643 3942 Νίκων
671 3860 767 3919 καὶ
805 3861 1255 3932 προσεκαλέσατο
1281 3863 1481 3927 αὐτοὺς
1513 3866 1651 3934 πρὸς
1677 3866 1804 3916 ἐαυ-

215 3957 333 4011 τόν.
374 3955 464 4017 Ὠς
503 3950 598 4010 οὖν
640 3954 886 4024 ἔγνωσαν
917 3955 999 4010 ὅτι
1030 3955 1059 4008 ό
1085 3955 1391 4025 ἡγούμενός
1433 3958 1604 4021 ἐστιν,
1649 3973 1805 4026 περι-

217 4048 409 4118 χαρεῖς
434 4048 529 4105 καὶ
555 4047 711 4103 αὐτοὶ
734 4047 1007 4117 ἐγένοντο,
1045 4048 1281 4119 μάλιστα
1306 4048 1685 4119 θεωρήσαντες
1708 4048 1802 4101 καὶ

214 4141 310 4196 τὸν
343 4139 565 4194 πυλῶνα
599 4141 845 4195 ἀνοικτόν
874 4157 889 4172 ·
921 4141 1153 4210 ἐνόησαν
1188 4140 1297 4210 γὰρ
1324 4140 1407 4193 ὅτι
1434 4142 1466 4193 ὁ
1492 4134 1625 4204 Θεὸς
1652 4137 1804 4209 αὑτῷ

216 4233 382 4289 πάλιν
407 4233 501 4287 καὶ
530 4232 688 4301 τοῦτο
714 4232 1088 4301 ἀπεκάλυψεν.
1144 4232 1449 4301 Ἡθέλησαν
1476 4228 1570 4285 οὖν
1622 4231 1801 4301 βαλεῖν

219 4322 533 4392 μετάνοιαν.
560 4324 657 4375 καὶ
678 4322 1006 4377 διεκώλυσεν
1037 4322 1237 4385 αὐτοὺς
1264 4321 1460 4390 λέγων,
1494 4321 1659 4393 μηδὲν
1693 4339 1804 4375 τοι-

216 4412 375 4471 οῦτον
404 4414 588 4476 αὐτοῖς
616 4411 815 4477 ἐξεῖναι
837 4414 1080 4484 ποιῆσαι,
1095 4415 1184 4468 διὰ
1210 4414 1309 4484 τὴν
1334 4413 1500 4485 τιμὴν
1526 4413 1621 4467 τοῦ
1643 4431 1801 4484 περι-

213 4505 466 4567 τεθέντος
497 4504 679 4567 αὐτοῖς
720 4504 1016 4573 ἀγγελικοῦ
1057 4504 1357 4574 σχήματος.
1402 4504 1669 4572 Λέγουσιν
1707 4501 1801 4556 οὖν

217 4597 369 4668 αὐτῷ
391 4597 612 4659 εὐθέως·
630 4598 967 4667 Εὐχαριστοῠ
977 4597 1077 4668 μέν
1098 4615 1202 4663 σοι,
1230 4599 1431 4669 Πάτερ,
1450 4598 1546 4651 καὶ
1562 4597 1612 4649 τί
1632 4612 1801 4667 προσ-

217 4688 347 4754 άξαι
374 4688 453 4759 τῷ
480 4688 600 4758 θεῴ
638 4688 735 4741 καὶ
762 4691 829 4759 τῇ
867 4691 934 4759 σῇ
959 4690 1119 4760 τιμία
1149 4689 1388 4759 κεφαλῇ.
1426 4691 1527 4742 οὐκ
1554 4688 1800 4759 οἴδαμεν»

218 4780 319 4842 Τίς
370 4782 519 4850 ἡμᾶς
578 4779 838 4834 τοιούτων
901 4781 1121 4850 δωρεῶν
1178 4782 1476 4852 ἀξιωθῆναι
1530 4782 1796 4852 ἦλπιζενς

1904 3590 2031 3659 quia
2074 3604 2189 3643 non
2240 3596 2362 3643 erat
2395 3584 2692 3641 frustratus
2721 3598 2823 3638 suo
2852 3578 3149 3636 desiderio.
3194 3576 3494 3645 Postquam

1905 3679 2053 3735 hunc
2090 3675 2356 3732 vidissent
2389 3673 2555 3736 beati,
2600 3672 2897 3727 voluerunt
2932 3667 3135 3728 redire.
3177 3679 3291 3719 non
3340 3662 3495 3732 cogis

1904 3776 2085 3822 tantes
2142 3764 2288 3835 quod
2356 3762 2696 3836 hegumenus
2752 3767 2918 3813 esset.
2987 3755 3245 3811 Cucurrit
3306 3753 3493 3821 itaque

1905 3867 2135 3925 sanctus,
2159 3855 2353 3921 Nicon,
2379 3863 2436 3909 et
2475 3851 2758 3907 advocavit
2786 3865 2882 3904 eos
2904 3847 2970 3902 ad
3004 3862 3082 3901 se.
3116 3845 3220 3900 Ubi
3255 3842 3494 3913 primum

1905 3950 1988 4003 eis
2031 3949 2375 4017 hegumenus
2428 3943 2695 4008 innotuit,
2748 3940 2849 4011 ipsi
2899 3938 3065 3994 etiam
3124 3935 3280 3990 valde
3324 3932 3492 4004 gavisi

1906 4047 2056 4102 sunt,
2107 4038 2342 4091 maxime
2394 4036 2618 4106 quando
2663 4033 2923 4088 videbant
2963 4030 3164 4085 ostium
3215 4036 3490 4097 apertum.

1908 4123 2120 4177 Etenim
2177 4123 2350 4178 Deum
2399 4124 2505 4177 hoc
2547 4122 2626 4177 illi
2672 4138 2893 4176 rursum
2944 4120 3241 4182 revelasse,
3285 4117 3494 4187 cogita-

1906 4215 2056 4269 bant.
2089 4213 2317 4284 Jamque
2347 4214 2607 4269 volebant
2640 4213 3018 4281 paenitentiam
3048 4210 3261 4280 (il-32)
3290 4209 3492 4269 facere.

1906 4316 1962 4361 at
2000 4304 2173 4359 vetuit
2219 4304 2323 4358 illis
2355 4302 2545 4357 dicens
2602 4302 2740 4355 nihil
2773 4301 2879 4355 tale
2934 4301 3015 4355 eis
3068 4298 3234 4353 licere
3268 4297 3491 4363 facere;

1907 4404 2130 4467 propter
2161 4394 2467 4464 angelicum
2497 4392 2765 4455 habitum,
2798 4405 2909 4459 quo
2950 4396 3108 4443 erant
3139 4386 3334 4440 induti.
3372 4386 3495 4441 Mox

1909 4484 2207 4542 illidicunt
2235 4501 2248 4536 :
2275 4483 2466 4539 Grates
2497 4483 2592 4538 tibi
2620 4483 2851 4553 agimus,
2876 4496 2910 4534 o
2932 4478 3111 4542 Pater,
3144 4486 3198 4532 et
3227 4476 3493 4546 quidnam

1906 4576 2020 4630 Deo
2078 4590 2141 4629 ac
2210 4573 2527 4628 venerando
2584 4572 2748 4642 capiti
2794 4581 2888 4627 tuo
2944 4570 3117 4624 simus
3168 4566 3496 4636 repensuri,

1909 4667 2246 4739 ignoramus.
2280 4666 2416 4731 Quis
2450 4680 2554 4720 nos
2605 4661 2919 4732 huiusmodi
2949 4660 3109 4715 donis
3141 4656 3499 4737 cumulandos

1909 4759 2228 4830 sperasset?
2259 4758 2446 4824 Qualis
2492 4772 2587 4811 rex
2633 4772 2735 4811 nos
2779 4755 2869 4809 tali
2904 4753 3176 4825 dignitate
3218 4751 3499 4804 honorare

219 4874 373 4932 ποῖος
392 4846 661 4939 ⁷βασιλεὺς
689 4868 917 4940 τοιούτῳ
941 4846 1214 4939 ἀξιώματι
1242 4846 1393 4940 ἡμᾶς
1412 4846 1644 4939 τιμῆσαι
1672 4867 1801 4937 ἡδύ-

1908 4854 2130 4925 posset?
2165 4849 2367 4916 Quales
2409 4849 2611 4905 terreni
2661 4849 2908 4903 thesauri
2954 4846 3091 4900 adeo
3120 4851 3351 4913 repente
3395 4856 3499 4894 nos

221 4978 390 5027 νατο;
427 4965 568 5014 ποῖοι
598 4963 831 5028 ἐπίγειοι
856 4960 1126 5031 θησαυροὶ
1160 4961 1334 5024 οὕτως
1355 4960 1617 5029 ἐξαίφνης
1643 4959 1807 5012 πλου-

217 5052 385 5120 τῆσαι
447 5054 593 5123 ἡμᾶς
647 5053 900 5119 έποίουνς
942 5053 1113 5107 ποίων
1158 5052 1419 5124 ,λουτρῶν
1481 5050 1805 5116 ἀπολούσεις

215 5144 390 5208 οὕτως
419 5145 577 5215 ήμῶν
609 5148 709 5216 τὴν
736 5145 915 5216 ψυχὴν
936 5144 1295 5215 ἐκαθάριζον;
1332 5146 1476 5198 ποῖοι
1511 5145 1687 5211 γονεῖς
1715 5140 1805 5215 οὔθ

214 5252 327 5298 τως
365 5235 652 5306 ἀγαπῆσαι
693 5237 787 5289 καὶ
815 5236 988 5291 σῶσαι
1011 5236 1295 5302 sedum;
1326 5238 1455 5291 mia
1483 5234 1633 5301 ξένια
1654 5232 1802 5304 δῶρα

219 5327 321 5399 τὴν
349 5328 459 5380 τῶν
493 5328 777 5397 ἁμαρτιῶν
828 5329 987 5399 ἡμῶν
1037 5331 1231 5399 ἄφεσιν
1284 5329 1567 5397 συντόμως
1626 5325 1802 5389 οὕτως

1912 4943 2109 4999 divites
2142 4941 2470 4997 redderent?
2509 4938 2762 5005 Qualium
2800 4938 3145 4993 lavacrorum
3190 4949 3321 4988 usus
3358 4934 3499 4986 adeo

1911 5037 2148 5093 animam
2192 5044 2431 5090 nostrain
2481 5031 2805 5087 mandaret?
2854 5029 3056 5095 Quales
3107 5033 3369 5097 parentes
3418 5024 3497 5079 ita

1911 5131 2134 5200 diligere
2165 5134 2389 5198 possent
2438 5142 2501 5180 ac
2541 5124 2795 5180 servare?
2826 5122 3017 5188 Qualia
3050 5118 3209 5174 xenia
3246 5119 3498 5185 donaque

1911 5221 2288 5278 remissionem
2332 5227 2683 5288 peccatorum
2732 5226 3049 5271 nostrorum
3102 5223 3211 5268 tam
3255 5211 3498 5265 breviter

1910 5315 2068 5370 nobis
2101 5313 2331 5378 afferre,
2366 5311 2510 5369 sicut
2549 5320 2609 5369 tu
2654 5309 2810 5374 iacis,
2844 5308 3160 5365 venerande
3207 5307 3356 5360 Patet
3396 5320 3497 5357 nov

219 5394 441 5487 ἐνέγκαι
470 5394 829 5490 ἠμίννίσχυον,
963 5421 1051 5487 σὺ,
1082 5394 1235 5492 τίμιε
1268 5420 1427 5492 ἡμῶν
1452 5394 1669 5489 vllas-sp,
1704 5417 1798 5471 καὶ

1907 5409 2055 5469 sier?
2084 5406 2167 5464 Tu
2208 5404 2613 5477 progenitorum
2645 5402 2895 5458 omnium
2934 5416 2999 5456 ac
3029 5407 3325 5469 parentum
3372 5394 3497 5449 loco

294 5547 339 5580 "
369 5549 596 5610 Zacliar.
648 5568 724 5621 ix,
760 5552 847 5614 16.
927 5599 941 5614 .

294 5739 507 5810 (21-22)
534 5740 804 5811 interpres
834 5741 975 5810 apud
1003 5738 1225 5795 Surium
1256 5740 1382 5810 legit
1410 5739 1594 5811 καλεῖν
1625 5737 1793 5808 μετά-

1748 5641 1992 5699 NOTAE.

1902 5747 2071 5802 gnare
2102 5730 2334 5802 corporis
2367 5737 2414 5802 et
2447 5726 2654 5802 capitis
2679 5722 3069 5802 iu_cliuati0n_es,
3104 5719 3391 5775 monachis
3426 5734 3493 5802 ac

222 5789 393 5873 vaga—.5.
421 5789 504 5865 et,
534 5789 975 5866 ἶεξθθῆηιῖοἷᾶἶε-
1006 5789 1388 5880 ρᾶεὶιὶῖἷίιιίῖιῗὶί.
1410 5789 1590 5863 "Nota
1625 5789 1637 5808 ⁸
1668 5789 1794 5880 cum
1902 5789 2296 5880 pmnitcntihus
2330 5789 2579 5880 usitatas.
2615 5796 2681 5852 Et
2724 5794 2956 5851 fortasse
2986 5792 3090 5849 hoc
3120 5806 3287 5847 sensu
3325 5789 3496 5862 μετά-

222 5880 427 5953 Cangio
464 5897 653 5938 vocem
693 5882 972 5954 μετάνοια,
1011 5877 1215 5953 praeter
1264 5879 1623 5949 pwniteutiam
1653 5877 1796 5935 desi-

1904 5868 2023 5931 νοια
2055 5870 2143 5927 hic
2171 5868 2456 5941 accipitur.
