4058 6444
507 450 631 518 1691
1518 457 1829 519 LEONTII
1864 453 2375 519 NEAPOLITANI
2410 451 2751 520 EPISCOPI
2918 458 2921 459 ⁷
3635 446 3769 513 169Ξ

504 554 685 634 nobis,
720 576 844 638 post
871 566 1147 623 Christum
1169 608 1185 632 ,
1228 577 1383 639 pater
1408 579 1462 625 et
1491 580 1667 641 mater
1690 589 1768 627 es.
1806 572 1887 626 Tu
1915 565 2089 626 domi-

2191 566 2312 619 ἀντὶ
2345 566 2566 621 πάντων
2596 566 2706 617 τῶν
2744 562 3025 635 προγόνων
3067 561 3226 633 ήμῶν
3279 560 3375 613 καὶ
3430 560 3633 626 γονέων
3656 601 3669 617 ,
3704 561 3769 610 συ

504 675 629 724 nus,
667 667 725 714 tu
770 659 1086 724 instructor,
1123 669 1180 713 tu
1223 662 1602 727 manuductor,
1633 673 1690 718 tu
1727 664 1826 718 viae
1866 665 1992 727 dux,
2023 671 2079 719 et

2191 658 2356 730 ήμῶν,
2377 658 2518 728 μετά
2539 656 2796 727 Χριστὸν,
2813 655 2993 727 πατὴρ
3020 656 3114 709 καὶ
3149 654 3359 724 μήτηρς
3380 654 3451 705 Συ
3469 655 3767 720 Δεσπότης,

503 752 605 805 alia
631 767 989 823 quaecunque,
1014 752 1215 822 quibus
1240 754 1542 810 referendis
1572 757 1754 827 lingua
1787 773 1895 810 non
1933 759 2081 813 sufﬂ-

2191 752 2248 804 σὺ
2282 750 2680 823 συγκροτητὴς,
2722 750 2787 802 σὺ
2811 747 3174 819 χειραγωγὸς,
3210 746 3274 798 σὺ
3296 746 3513 815 ὁδηγὸς,
3550 746 3645 797 κατ.
3673 748 3769 797 ὅσα

503 843 600 897 rit.
630 843 735 899 Per
781 854 833 899 te
872 846 1323 914 pretiosissimam
1373 848 1719 918 margaritam
1766 848 1945 919 adepti
1990 866 2083 905 su-

506 951 649 997 mus,
701 946 758 991 ct
804 953 932 992 vere
990 938 1333 1007 baptismatis
1378 939 1658 1002 virtutem,
1706 941 1863 1009 cujus
1907 943 2082 997 sancti

504 1030 666 1085 nobis
692 1031 982 1101 praenuntii
1014 1030 1203 1087 Patres
1229 1031 1400 1093 fuere,
1429 1033 1637 1102 experti
1674 1049 1882 1087 smnus.
1918 1033 2084 1089 Novi-

508 1137 630 1175 mus
658 1138 784 1177 vere
826 1132 1174 1192 peccatorum
1204 1132 1515 1178 nostrorum
1558 1125 1991 1180 combustionem
2018 1141 2083 1180 ex

508 1210 652 1281 igne,
681 1212 775 1281 qui
801 1213 963 1267 corda
991 1223 1179 1268 nostra
1218 1213 1526 1277 comburit;
1555 1214 1641 1268 cui
1678 1214 1959 1269 tolerando
1980 1215 2087 1269 im-

507 1316 666 1369 pares
695 1316 907 1365 sumus,
929 1304 1066 1357 adeo
1096 1302 1399 1372 praecordia
1424 1312 1614 1358 nostra
1638 1302 1964 1359 inﬂammat.

579 1472 668 1527 i7.
703 1473 1099 1531 Beatitudinem
1129 1487 1307 1545 tuam,
1351 1495 1385 1534 ο
1410 1478 1594 1545 Pater,
1626 1481 1998 1547 obsecramus,
2030 1491 2089 1537 ut

508 1562 755 1634 impense
784 1582 884 1636 pro
911 1568 1071 1623 nobis
1100 1584 1246 1636 ores,
1276 1580 1331 1625 et
1358 1586 1547 1626 servos
1576 1581 1700 1626 tuos
1729 1573 1881 1627 abire
1915 1575 2084 1640 sinas,

508 1661 566 1706 ut
600 1653 817 1709 sincere
844 1665 900 1710 et
927 1658 1086 1712 enixe
1116 1656 1225 1713 Deo
1272 1659 1597 1726 serviamus,
1640 1662 1728 1715 cui
1754 1677 1853 1715 nos
1895 1678 2091 1717 conse-

508 1744 803 1802 cravimus.
833 1746 964 1802 Sine
994 1758 1046 1803 te
1071 1751 1309 1815 exorari,
1343 1760 1403 1806 ut
1446 1768 1720 1822 nunquam
1749 1754 2089 1809 obliviscaris

510 1838 785 1896 inutilium
836 1842 1072 1900 ﬁliorum
1122 1855 1362 1911 tuorum,
1399 1861 1467 1901 eo
1513 1857 1779 1917 tempore,
1826 1866 1934 1918 quo
1971 1867 2088 1903 ma-

508 1946 614 1987 nus
649 1940 769 1990 tuas
796 1936 1138 1991 venerabiles
1159 1938 1431 1993 extendis.
1452 1938 1584 2002 lmo,
1611 1940 1739 2004 imo,
1769 1941 1851 1994 vir
1875 1952 2083 2008 sancte,

509 2021 631 2078 sine
669 2032 722 2079 te
754 2028 966 2081 exorari
993 2028 1061 2082 ab
1091 2028 1411 2099 alienigenis
1445 2048 1457 2083 :
1491 2031 1739 2085 orbitatis
1779 2047 1968 2087 eorum
2000 2049 2089 2088 re-

510 2114 824 2173 miniscere.
869 2119 1076 2174 Deinde
1117 2137 1295 2191 geuua
1343 2123 1516 2176 sancti
1546 2124 1786 2179 hominis
1831 2127 2085 2197 amplexi,

512 2220 729 2261 rursum
776 2209 1080 2267 dicebant:
1123 2211 1304 2277 Pater,
1356 2221 1479 2268 esto
1533 2229 1744 2271 memor
1800 2218 2087 2274 humilium

512 2305 730 2353 tuarum
759 2301 964 2363 ovium,
991 2319 1125 2372 quas
1158 2303 1378 2360 Christo
1415 2306 1728 2364 holocausta
1775 2310 2086 2367 immolasti.

512 2388 819 2447 Recordare
872 2404 1220 2453 externarum
1276 2398 1583 2467 plantarum
1611 2441 1626 2465 ,
1679 2417 1816 2472 quas
1860 2404 2091 2472 pulchro

510 2482 750 2556 paradisi
795 2485 954 2542 horto
1004 2488 1248 2544 inserere
1304 2491 1581 2546 studuisti.
1639 2492 1718 2548 Ne
1768 2496 2091 2553 obliviscere

512 2577 887 2644 operariorum
916 2579 1195 2647 inertium,
1225 2598 1365 2652 quos
1386 2584 1675 2639 undecima
1706 2587 1929 2642 circiter
1958 2589 2092 2643 hora

512 2667 573 2723 in
620 2668 778 2726 vinea
835 2672 1038 2727 Christi
1097 2676 1350 2731 mercede
1405 2678 1742 2734 conduxisti.
1793 2680 2093 2735 Mirabatur

511 2768 693 2815 autem
755 2771 811 2817 et
865 2764 1287 2835 obstupescebat
1340 2786 1563 2840 przeses,
1605 2772 1825 2839 quando
1876 2773 2093 2828 videbat

510 2863 631 2912 cos,
661 2850 751 2919 qui
773 2861 901 2907 ante
933 2854 1161 2910 biduum
1207 2857 1426 2914 fuerant
1457 2862 1638 2916 idiota:
1669 2879 1731 2917 ac
1766 2866 1949 2927 rudes,
1983 2876 2089 2920 tam

511 2940 693 2997 subito
718 2945 957 3001 evasisse
988 2947 1283 3016 sapientes,
1333 2966 1400 3004 ex
1451 2967 1516 3007 eo
1576 2955 1724 3023 quod
1765 2958 2094 3026 assumpsis-

511 3038 637 3084 sent
670 3033 913 3088 divinum
948 3036 1214 3107 habitum,
1248 3040 1383 3094 Dum
1421 3058 1550 3112 ergo
1576 3054 1805 3116 uterque
1845 3048 1976 3102 satis
2000 3048 2092 3102 diu

512 3118 770 3185 ﬂevisset,
797 3141 937 3195 genu
964 3127 1240 3183 inclinavit
1268 3140 1490 3187 sanctus
1522 3132 1715 3200 Nicon,
1748 3146 1801 3191 et
1832 3140 2094 3196 collocato

2181 841 2406 912 γλῶσσα
2446 842 2625 894 εἰπεῖν
2647 840 2747 892 οὐκ
2782 837 2974 907 ἰσχύει.
3007 837 3107 889 Διά
3140 835 3232 888 σοῦ
3270 834 3363 887 τὸν
3401 834 3769 903 πολυτίμητον

2185 931 2539 1003 μαργαρίτην
2578 931 2953 1001 ἐκτησάμεθα,
2988 928 3268 999 ἐμάθομεν
3296 925 3519 995 άληθῶς
3554 926 3653 993 τὴν
3679 924 3767 977 δύ-

2182 1042 2345 1093 ναμιν
2368 1023 2461 1077 τοῦ
2492 1024 2887 1094 βαπτίσματος,
2926 1014 3098 1091 οὗπερ
3124 1023 3258 1090 ἡμῖν
3284 1020 3333 1072 οἱ
3359 1020 3503 1072 ὅσιοι
3534 1019 3774 1087 Πατέρες

2185 1116 2502 1186 προέλεγον.
2533 1116 2823 1183 Ἔγνωμεν
2845 1114 3014 1175 ὅντως
3036 1112 3135 1181 τὴν
3157 1110 3265 1164 τῶν
3287 1109 3579 1180 ἡμετέρων
3596 1110 3773 1178 ἀμαρ-

2184 1207 2314 1260 τιῶν
2335 1207 2675 1260 κατάκαυσιν
2707 1208 2771 1258 ἐκ
2800 1204 2895 1257 τοῦ
2916 1202 3299 1275 περικαίοντος
3320 1200 3483 1270 ήμῶν
3508 1200 3607 1264 τάς
3634 1216 3770 1267 καρ-

2184 1297 2302 1361 δίας
2336 1299 2530 1369 πυρὸς,
2561 1298 2701 1370 ὅπερ
2741 1298 2836 1350 καὶ
2861 1298 2937 1367 μὴ
2976 1296 3233 1365 φέροντες
3254 1335 3270 1358 ,
3305 1292 3482 1355 οὕτως
3516 1294 3584 1345 τά
3619 1292 3773 1361 ἡμῶν

2187 1388 2338 1450 ἐντὸς
2370 1389 2739 1459 περιφλέγων.

2259 1478 2344 1544 ιζ’.
2384 1480 2653 1551 Αίτοῦμεν
2701 1479 2865 1550 εὐχὴν
2913 1478 3139 1548 ποιῆσαι
3174 1476 3412 1541 ἐκτενῶς
3461 1475 3567 1545 τὴν
3594 1491 3772 1545 μακά·

2189 1572 2416 1643 ριότητά
2439 1591 2554 1636 σου,
2589 1573 2793 1643 Πάτερ,
2823 1574 2914 1627 καὶ
2939 1574 3210 1626 ἀπολῦσαι
3235 1574 3362 1635 τοὺς
3395 1573 3524 1636 σοὺς
3555 1572 3775 1634 δούλους

2189 1662 2271 1724 είς
2301 1661 2362 1715 τὸ
2388 1662 2627 1731 γνησίως
2652 1665 2749 1716 καὶ⁵
2784 1663 3067 1733 ὁλοψύχως
3111 1663 3399 1715 δουλεῦσαι
3450 1656 3496 1730 ᾦ
3528 1664 3774 1732 ἀφιερώ-

2192 1769 2367 1823 σαμεν
2397 1755 2622 1817 ἑαυτοὺς
2655 1754 2795 1825 Θεῷ,
2825 1754 3252 1823 δυσωπούμενος
3291 1752 3565 1823 μηδέποτε
3601 1752 3777 1822 λήθην

2191 1844 2415 1913 ποιῆσαι
2463 1847 2696 1915 ἀχρείων
2757 1862 2851 1897 σου
2909 1846 3137 1907 παίδων,
3184 1846 3242 1897 ἐν
3274 1845 3454 1916 καιρῷ
3500 1844 3777 1906 ἐκτάσεως

2121 1918 2163 1973 Β
2190 1934 2389 2004 χειρῶν
2424 1951 2517 1986 σου
2542 1935 2759 2004 τιμίων.
2786 1933 2913 1997 Ναὶ,
2946 1935 3056 1996 ναὶ,
3084 1934 3509 2004 δυσωπούμενος
3538 1935 3642 1986 ὑπὸ
3669 1936 3779 1986 τῶν

2192 2025 2378 2091 ξένων,
2416 2026 2554 2088 ὅσιε,
2578 2026 2769 2096 μνείαν
2792 2027 2947 2078 ποιοῦ
2974 2028 3073 2096 τῆς
3100 2025 3282 2079 αὐτῶν
3312 2026 3635 2096 όρφανείας.
3667 2027 3777 2078 Καὶ

2192 2116 2573 2186 ἐπιλαϐόμενοι
2606 2118 2714 2169 τῶν
2745 2118 2986 2185 γονάτων
3030 2118 3125 2171 τοῦ
3156 2118 3327 2182 ὁσίου,
3356 2119 3519 2171 πάλιν
3555 2118 3739 2185 ἔλεγον
3760 2136 3772 2146 ο

2190 2207 2502 2276 Μνήσθητι,
2538 2209 2741 2279 Πάτερ,
2771 2209 2879 2262 τῶν
2910 2209 3019 2262 σῶν
3051 2209 3324 2262 ταπεινῶν
3353 2211 3671 2276 προϐάτων,
3702 2203 3780 2262 ὧν

2191 2302 2573 2365 ὁλοκαύτωσας
2591 2305 2668 2375 τῷ
2695 2304 2936 2374 Χριστῷ.
2963 2305 3083 2371 Μνη
3095 2304 3356 2372 μόνευσον
3376 2304 3549 2368 ξένων
3571 2302 3775 2369 φυτῶν,

2191 2392 2228 2447 ἃ
2250 2394 2309 2446 ἐν
2330 2393 2408 2464 τῷ
2429 2394 2578 2465 καλῷ
2604 2397 2764 2466 κήπῳ
2790 2395 2883 2448 τοῦ
2914 2395 3248 2466 παραδείσου
3281 2394 3551 2463 φυτεῦσαι
3580 2396 3777 2447 ἐσπευ-

2195 2504 2314 2552 σας.
2350 2489 2442 2561 Μὴ
2496 2489 2732 2561 ἐπιλάϐῃ
2782 2489 3032 2560 ὀκνηρῶν
3076 2489 3347 2560 ἐργατῶν,
3387 2488 3484 2552 οὓς
3520 2490 3651 2559 περὶ
3680 2490 3780 2557 τὴν

2192 2580 2483 2652 ἑνδεκάτην
2516 2582 2597 2645 είς
2623 2582 2717 2635 τὸν
2740 2580 3041 2653 ἀμπελῶνα
3070 2580 3147 2652 τῷ
3176 2580 3399 2651 Χριστῷ
3432 2580 3773 2652 ἐμίσθωσας.

2205 2668 2547 2740 Ἐθαῠμαζεν
2578 2670 2635 2723 δέ
2665 2672 2760 2725 καὶ
2809 2671 3174 2742 ἐξεπλήττετο
3217 2671 3246 2723 6
3292 2671 3523 2741 ποιμήν,
3556 2671 3778 2740 Θεωρῶν

2190 2759 2319 2821 τοὺς
2347 2759 2454 2831 πρὸ
2481 2760 2574 2814 δύο
2603 2762 2826 2832 ήμερῶν
2851 2761 3089 2825 ίδιώτας,
3123 2760 3295 2825 οὕτως
3319 2761 3587 2831 ἐξαίφνης
3622 2778 3771 2829 σοφία

2194 2850 2422 2915 σθέντας
2447 2852 2537 2906 διά
2574 2855 2677 2924 τῆς
2702 2855 2998 2926 περιϐολῆς
3024 2854 3118 2910 τοῦ
3151 2854 3297 2908 θείου
3335 2856 3640 2925 σχήματος.
3692 2856 3775 2917 Ὡς

2192 2941 2466 2997 ἔκλαυσαν
2502 2942 2596 3000 οὖν
2631 2947 2935 3018 ἀμφότεροι
2985 2948 3078 3000 ἐπὶ
3126 2946 3318 3019 ίνκανὴν
3350 2947 3524 3017 ὤραν,
3591 2948 3774 3009 κλίνας

2192 3034 2322 3104 γόνυ
2354 3036 2383 3087 6
2406 3036 2551 3100 ὅσιος
2582 3037 2789 3100 Νίκων,
2836 3037 2934 3092 καὶ
2965 3038 3173 3108 στήσας
3198 3036 3424 3109 Συμεὼν
3472 3040 3537 3090 ἐκ
3562 3037 3772 3102 δεξιῶν,

2194 3129 2289 3181 καὶ
2311 3127 2571 3198 Ἰωάννην
2600 3130 2658 3195 ἐξ
2688 3128 2989 3200 εὐωνύμων
3016 3129 3217 3200 ἀνέστη
3240 3168 3254 3191 ,
3288 3130 3383 3182 καὶ
3406 3129 3658 3190 ἐκτείνας
3682 3131 3776 3191 τὰς

510 3209 781 3282 Symenne
845 3232 874 3271 a
903 3219 1108 3275 dextris
1148 3232 1204 3276 et
1235 3222 1447 3279 Joanne
1476 3242 1505 3281 a
1534 3227 1792 3294 sinistris,
1828 3236 2086 3293 surrexit.

2195 3224 2387 3293 χεῖρας
2412 3224 2491 3285 είς
2514 3220 2604 3275 τὸν
2627 3220 2876 3292 οὐρανὸν,
2911 3216 3085 3275 εἶπεν·
3131 3220 3189 3273 '0
3216 3220 3352 3284 Θεὸς
3388 3222 3417 3273 6
3440 3220 3653 3283 δίκαιος
3684 3222 3779 3272 καὶ

510 3312 567 3357 et
594 3306 866 3372 protensis
896 3308 951 3362 in
989 3311 1187 3366 caelum
1235 3315 1509 3380 manibus,
1555 3318 1692 3373 dixit
1727 3337 1739 3372 :
1775 3319 1916 3376 Deus
1947 3325 2092 3391 juste

508 3398 565 3444 et
611 3391 919 3460 laudabilis,
966 3395 1107 3452 Deus
1152 3416 1347 3471 magne
1385 3413 1440 3457 et
1468 3404 1643 3470 fortis,
1698 3405 1857 3473 Deus,
1900 3409 1988 3478 qui
2034 3426 2093 3464 es

508 3492 637 3538 ante
665 3485 887 3550 saecula,
912 3489 1105 3543 exaudi
1135 3491 1313 3546 virum
1342 3505 1685 3563 peccatorem
1710 3499 1761 3552 in
1794 3500 1895 3555 hac
1922 3503 2088 3556 hora:

507 3580 707 3634 exaudi
729 3597 839 3649 me,
868 3583 1032 3649 Deus,
1062 3588 1255 3642 exaudi
1281 3604 1369 3643 me
1403 3590 1455 3644 in
1481 3590 1819 3648 fortitudine.
1852 3593 2095 3648 Estoim-

508 3690 740 3741 memor,
772 3684 1016 3746 tempore
1047 3679 1172 3744 hoc,
1197 3696 1307 3749 quo
1337 3698 1529 3751 preces
1556 3683 1744 3748 fundo,
1767 3687 2091 3743 praevarica-

509 3766 718 3820 tionum
749 3783 781 3821 a
804 3783 924 3822 mea
953 3770 1165 3825 vilitate
1217 3788 1390 3842 usque
1416 3783 1471 3828 et
1497 3790 1669 3844 usque
1703 3776 2087 3845 profectarum.

512 3856 723 3913 Exaudi
762 3875 876 3928 me,
902 3860 1152 3924 Domine,
1196 3864 1393 3918 exaudi
1433 3880 1522 3919 me
1563 3865 1617 3918 in
1661 3866 1785 3936 igne
1808 3869 2089 3933 orationis,

506 3948 649 4004 sicut
699 3950 829 4005 olim
880 3960 1033 4007 tuum
1099 3956 1463 4023 prophetam;
1513 3965 1568 4011 et
1608 3957 1728 4027 ejus
1778 3959 2089 4016 interventu

506 4040 767 4094 combure
806 4055 957 4095 meas
986 4041 1326 4111 iniquitates,
1368 4055 1423 4101 et
1452 4056 1675 4115 peccata
1716 4064 1977 4121 expurga.
2014 4053 2091 4107 lta

509 4131 623 4193 fiat,
655 4144 690 4183 o
720 4128 863 4186 Deus
886 4141 1197 4188 sanctarum
1235 4136 1534 4215 virtutum!
1571 4138 1643 4193 ita
1684 4139 1795 4204 fiat,
1832 4156 1865 4195 ο
1911 4158 2089 4197 rerum

508 4220 953 4291 incorporearum
983 4230 1235 4282 creator!
1277 4229 1351 4282 ita
1376 4230 1506 4284 fiat!
1540 4231 1631 4300 qui
1663 4233 1881 4288 dixisti:
1918 4236 2092 4291 Petite

508 4320 565 4365 et
583 4312 884 4382 accipietis.
910 4312 988 4371 Ne
1026 4318 1344 4375 abominare
1373 4335 1480 4385 me,
1525 4322 1618 4391 qui
1650 4337 1770 4377 sum
1805 4324 1961 4379 labiis
1991 4328 2092 4379 im-

507 4403 682 4472 puris,
714 4406 848 4461 etin
904 4411 1143 4478 peccatis
1195 4412 1392 4467 luereo.
1443 4412 1649 4468 Exaudi
1699 4431 1807 4481 me,
1839 4418 1929 4486 qui
1964 4434 2091 4487 pro-

507 4494 707 4550 misisti
764 4506 817 4552 te
845 4500 1225 4556 exauditurum
1263 4519 1378 4567 eos,
1406 4506 1496 4573 qui
1533 4505 1791 4560 invocant
1817 4517 1867 4562 te
1898 4508 1953 4562 in
2003 4525 2093 4564 ve-

2194 3314 2427 3378 αίνετὸς,
2460 3316 2488 3366 6
2517 3312 2649 3376 Θεὸς
2684 3314 2712 3366 6
2739 3312 2911 3382 μέγας
2944 3311 3040 3364 καὶ
3079 3310 3319 3381 ἰσχυρὸς,
3349 3312 3379 3363 6
3414 3311 3551 3375 Θεὸς
3585 3313 3614 3364 6
3642 3329 3775 3378 προ-

2194 3404 2451 3469 αιὼνιος,
2512 3405 2834 3458 είσάκουσον
2886 3403 3217 3475 άμαρτωλοῦ
3281 3402 3473 3473 ἀνδρὸς
3529 3405 3598 3473 τῇ
3665 3402 3779 3472 ὥρᾳ

2193 3497 2391 3569 ταύτῃ.
2424 3497 2761 3551 Ἐπάκουσόν
2822 3512 2948 3566 μου,
2974 3496 3004 3549 6
3035 3494 3187 3561 Θεὸς,
3217 3493 3533 3548 ἐπάκουσόνη
3573 3511 3678 3564 μου
3723 3497 3778 3547 ἐν

2196 3590 2367 3660 ίσχύῖ.
2396 3590 2488 3661 Μὴ
2523 3588 2919 3660 μνημόνευσον,
2957 3589 3016 3641 ἐν
3047 3586 3220 3657 ταύτῃ
3255 3603 3356 3656 μου
3387 3586 3451 3655 τῇ
3475 3590 3779 3654 προσευχῇ,

2193 3682 2303 3736 τῶν
2332 3682 2421 3736 ἀεὶ
2455 3682 2550 3735 καὶ
2576 3683 2657 3743 είς
2685 3681 2775 3734 ἀεὶ
2810 3678 3110 3749 παρακοῶν
3151 3679 3252 3747 τῆς
3296 3677 3438 3747 ἐμῆς
3484 3676 3779 3740 ἐξουθενὼ-

2195 3789 2352 3836 σεως.
2392 3770 2737 3826 Ἐπάκουσόν
2786 3786 2913 3842 μου,
2967 3769 3165 3838 Κύριε,
3226 3768 3539 3822 ἐπάκουσόν
3590 3786 3694 3838 μου
3725 3769 3785 3820 ἐν

2194 3864 2330 3935 πυρὶ
2358 3863 2692 3935 προσευχῆς,
2720 3861 2796 3925 ὥς
2824 3878 2957 3914 ποτε
2981 3861 3076 3914 τοῦ
3109 3858 3205 3914 σοῦ
3235 3860 3543 3931 προφήτου,
3578 3860 3675 3911 καὶ
3696 3858 3783 3911 διά

2191 3955 2301 4009 τῶν
2329 3954 2495 4008 αὑτοῦ
2531 3953 2862 4024 πρεσϐειῶν,
2891 3953 2991 4017 τὰς
3023 3953 3258 4020 ἀνομίας
3289 3967 3392 4023 μου
3417 3951 3780 4020 κατάφλεξον,

2192 4047 2288 4101 καὶ
2314 4047 2415 4111 τάς
2468 4046 2744 4117 ἁμαρτίας
2795 4063 2896 4116 μου
2933 4045 3254 4116 καθάρισον.
3286 4044 3416 4108 Ναὶ,
3446 4046 3476 4097 6
3501 4043 3638 4107 Θεὸς
3671 4043 3782 4095 τῶν

2192 4138 2364 4207 άγίων
2383 4139 2698 4209 δυνάμεων·
2730 4137 2820 4191 ναὶ
2844 4139 2872 4191 6
2896 4136 3009 4190 τῶν
3039 4136 3353 4206 ἀσωμάτων
3380 4138 3641 4205 ποιητής·
3672 4137 3777 4198 ναὶ,

2192 4231 2220 4283 6
2253 4228 2424 4282 εἰπών
2449 4245 2464 4260 ο
2496 4229 2731 4289 Αἰτεῖτε,
2762 4227 2856 4281 καὶ
2884 4225 3156 4297 λήψεσθε·
3196 4226 3269 4296 μή
3319 4242 3387 4296 με
3429 4224 3657 4295 βδελύξῃ
3689 4224 3781 4277 τὸν

2192 4319 2481 4391 ἀκάθαρτα
2514 4319 2666 4391 χείλη
2700 4317 3192 4390 περιϐεϐλημένον,
3226 4317 3323 4369 καὶ
3371 4316 3429 4389 ἐν
3478 4315 3777 4384 ἁμαρτίαις

2196 4410 2591 4480 συνεχόμενον.’
2641 4408 2989 4463 Ἐπάκουσόν
3046 4425 3183 4477 μου,
3234 4408 3265 4460 6
3311 4406 3779 4476 ἐπαγγειλάμενος

2194 4503 2485 4557 ἐπακούειν
2544 4502 2654 4556 τῶν
2708 4502 2768 4554 ἐν
2797 4499 3029 4572 ἀληθείᾳ
3065 4499 3517 4569 ἐπικαλουμένων
3568 4515 3649 4560 σε,
3686 4498 3778 4550 καὶ

508 4583 709 4647 ritate;
752 4587 925 4660 dirige
970 4607 1188 4659 gressus
1236 4609 1518 4648 servorum
1553 4604 1791 4661 tuorum,
1833 4606 1886 4651 et
1927 4600 2089 4666 pedes

2196 4591 2524 4646 κατεύθυνον
2542 4591 2611 4644 τά
2638 4590 2959 4661 διαϐήματα
2990 4588 3099 4642 τῶν
3132 4588 3340 4641 δούλων
3371 4603 3495 4652 σου,
3525 4589 3623 4639 καὶ
3654 4586 3771 4649 τοὺς

506 4688 697 4729 eorum
740 4676 796 4731 in
837 4680 979 4732 viam
1015 4682 1183 4751 pacis.
1228 4682 1552 4752 Corupatere
1584 4686 1838 4740 innocuis
1883 4688 2087 4756 pueris,

509 4763 563 4818 in
601 4774 829 4822 externa
858 4779 999 4825 terra
1026 4773 1440 4838 exsistentibus,
1466 4775 1557 4843 qui
1599 4776 1781 4831 dixisti
1810 4793 1824 4828 :
1858 4797 1874 4828 ι
1904 4779 2091 4833 Estote

510 4856 792 4926 simplices
823 4860 1248 4919 sicutcolumba:
1282 4866 1347 4916 '°.
1388 4884 1405 4915 ι
1440 4866 1682 4921 Clamavi
1709 4869 1775 4921 ad
1810 4878 1863 4923 te
1895 4870 1947 4922 in
1975 4879 2089 4925 toto

509 4949 676 5004 corde
721 4965 879 5017 meo;
913 4950 1077 5018 Deus,
1110 4954 1274 5018 Deus,
1319 4958 1518 5012 exaudi
1554 4974 1661 5025 me,
1695 4974 1819 5029 spes
1845 4961 2087 5016 omnium

511 5041 701 5096 finium
742 5052 922 5111 terrae,
967 5054 1024 5101 et
1059 5062 1273 5114 eorum,
1303 5049 1396 5120 qui
1432 5060 1560 5106 sunt
1598 5054 1787 5122 procul
1842 5053 1897 5106 in
1945 5062 2087 5107 terra

509 5130 687 5189 aliena
710 5134 795 5188 ιδ’.

498 5258 501 5265 ς
582 5224 670 5278 18.
713 5224 936 5298 lncrepa
982 5230 1204 5301 spiritus
1255 5249 1449 5291 omnes
1509 5236 1820 5293 immundos
1862 5254 1893 5293 a
1950 5240 2090 5297 facie

510 5334 808 5388 puerorum
834 5330 1051 5377 tuorum
1092 5341 1105 5377 :
1143 5327 1494 5396 apprehende
1518 5345 1667 5384 arma
1696 5340 1750 5385 et
1772 5340 2009 5399 scutum,
2039 5343 2094 5389 et

510 5412 743 5485 exsurge
776 5414 829 5468 in
861 5415 1193 5487 adjutorium
1219 5435 1409 5474 eorum
1436 5437 1451 5474 :
1485 5423 1707 5478 effunde
1741 5424 2004 5479 frameam
2035 5436 2090 5480 et

512 5500 779 5556 conclude
803 5503 1065 5560 adversus
1091 5520 1207 5571 eos,
1238 5506 1329 5576 qui
1360 5519 1766 5578 persequuntur
1792 5511 1946 5565 illos:
1979 5512 2089 5575 dic,

515 5604 549 5643 ο
591 5589 839 5659 Domine,
878 5593 1077 5650 anima:
1110 5611 1341 5651 eorum:
1376 5598 1535 5654 Salus
1557 5611 1647 5653 tua
1676 5616 1775 5671 ego
1808 5617 1948 5656 sum.
1985 5603 2091 5657 Re-

516 5680 671 5735 cedat
703 5697 732 5735 a
773 5692 956 5739 mente
994 5700 1185 5741 eorum
1216 5688 1440 5756 spiritus
1484 5689 1710 5753 timoris,
1752 5694 1968 5757 accdim,
2000 5712 2091 5748 su-

594 5858 634 5887 "
663 5856 855 5914 Matth.
894 5876 945 5925 κ,
989 5862 1066 5915 16.
1150 5865 1209 5895 ¹⁶⁶
1252 5865 1387 5919 l‘sal.
1429 5883 1569 5930 LXIV,
1605 5870 1657 5929 (ἱ,

2195 4683 2361 4746 πόδας
2388 4682 2571 4736 αὐτῶν
2599 4683 2679 4745 είς
2702 4681 2819 4735 ὁδὸν
2844 4681 3091 4751 είρήνης.
3142 4679 3510 4750 Συμπάθησον
3550 4678 3775 4739 ἀκάκοις

2195 4777 2385 4828 παισὶν
2406 4774 2501 4827 ἐπὶ
2530 4772 2688 4846 ξένης
2708 4768 2882 4834 οὖσιν,
2926 4774 2955 4824 6
2987 4768 3159 4824 εἰπών
3178 4786 3193 4801 ’
3230 4790 3248 4822 ι
3276 4770 3503 4823 Γίνεσθε
3534 4769 3772 4840 ἀκέραιοι

2192 4862 2268 4926 ὡς
2290 4865 2346 4916 αἱ
2385 4861 2735 4934 περιστεραί.
2775 4880 2793 4912 ι
2848 4859 3162 4931 Ἐκὲκραξά
3213 4875 3296 4912 σοι
3329 4860 3390 4910 ἐν
3434 4858 3532 4929 ὅλῃ
3583 4856 3775 4926 καρδίᾳ,

2198 4972 2322 5026 μου.
2370 4953 2430 5007 '0
2454 4953 2608 5016 Θεὸς,
2631 4955 2660 5006 6
2698 4952 2856 5016 Θεὸς,
2890 4950 3198 5004 ἐπάκουσόν
3235 4967 3362 5019 μου,
3392 4950 3426 5019 ή
3451 4949 3615 5011 ἐλπὶς
3644 4948 3773 4999 πάν-

2186 5065 2294 5106 των
2318 5046 2428 5100 τῶν
2461 5045 2717 5118 περάτων.
2747 5044 2851 5114 τῆς
2902 5042 3026 5112 γῆς,
3065 5042 3161 5107 καὶ
3194 5042 3303 5095 τῶν
3347 5042 3443 5093 ἐπὶ
3483 5040 3644 5109 ξένης
3674 5055 3773 5107 μα-

2188 5140 2347 5194 κοάν.
3128 5171 3137 5181 ι

2230 5158 2352 5302 9:1":
2389 5230 2749 5302 Ἐπιτίμησον
2771 5230 2943 5285 πᾶσιν
2970 5230 3085 5291 τοῖς
3103 5224 3442 5295 ἀκαθάρτοις
3474 5224 3773 5289 πνεύμασιν

2190 5323 2300 5378 ἀπὸ
2328 5322 2627 5394 προσώπου
2676 5321 2789 5376 τῶν
2840 5322 3053 5376 παίδων
3089 5336 3209 5372 σου.
3264 5312 3562 5370 Ἐπιλαϐοὖ
3613 5312 3773 5365 ὅπλον

2197 5422 2290 5474 καὶ
2316 5419 2535 5491 θυρεοῦ.
2586 5419 2683 5472 καὶ
2707 5417 2973 5487 ἀνάστηθι
3011 5416 3093 5479 είς
3122 5413 3224 5484 τὴν
3268 5409 3557 5507 βοήθειαν.
3578 5406 3773 5507 αὐτῶν

2202 5516 2432 5585 Ἕκχεον
2468 5512 2745 5585 ῥομφαίαν
2794 5511 2890 5564 καὶ
2934 5507 3257 5577 σύγκλεισον
3311 5498 3627 5566 ἐξεναντίας
3676 5498 3778 5559 τῷν

2199 5604 2646 5659 καταδιωκὸντων
2671 5601 2889 5665 αὐτούς.
2933 5600 3087 5665 Εἰπὲ,
3110 5592 3165 5651 ’ὣ
3197 5594 3392 5663 Κύριε,
3426 5594 3494 5661 τῇ
3519 5590 3667 5658 ψυχῇ
3688 5587 3777 5640 αὖ·

2200 5698 2340 5751 τῶν⁹
2376 5696 2627 5769 Σωτηρία
2662 5692 2757 5749 σού
2788 5695 2903 5764 είμι
2944 5690 3072 5761 ἐγὼ.
3119 5681 3646 5757 ’Υπαναχωρησάτω
3678 5680 3778 5743 ἀπὸ

3378 5981 3395 5988 -
3422 5966 3467 5980 ν-
3548 5959 3593 5987 ,λλ
