4058 6448
158 430 287 493 1693

1437 433 1611 494 VITA
1633 436 1694 497 S.
1722 436 2017 498 SYMEON
2024 439 2114 499 IS.

3256 449 3392 507 1694

152 540 243 607 τῆς
270 532 452 588 αὐτῶν
474 531 734 600 διανοίας,
757 532 974 605 πνεῦμα
1000 534 1222 601 δειλίας,
1261 537 1511 609 ἀκηδίας,
1545 541 1712 612 ὑπερ·
1738 574 1749 601 λ

1848 545 2033 610 erbiae,
2076 557 2131 601 et
2176 550 2355 604 omnis
2399 548 2637 615 malitiae,
2673 560 2729 604 et
2771 550 3149 621 exstinguatur
3190 551 3244 605 in
3280 552 3405 611 illis.

157 626 401 700 ηφανίας,
432 625 527 681 καὶ
548 625 726 695 πάσης
762 624 983 689 κακίας,
1016 626 1111 679 καὶ
1148 628 1583 701 κατασϐεσθήτω
1614 634 1716 684 αὒ-

152 720 253 774 τῶν
283 721 431 772 πᾶσα
460 717 703 788 πύρωσις
740 718 833 771 καὶ
857 717 1069 786 κίνησις
1108 720 1172 772 ὲκ
1216 719 1530 791 διαϐολικῆς
1561 724 1717 792 ἐνερ-

153 813 301 881 γείας
325 810 715 886 συνισταμένη.
740 811 1069 883 Φωτισθήτω
1100 812 1279 867 αὐτῶν
1311 817 1372 868 τὸ
1400 815 1578 886 σῶμα,
1625 818 1720 870 καλ⁵

153 902 314 972 ψυχὴ,
345 901 440 955 καὶ
469 900 531 955 τὸ
561 900 779 971 πνεῦμα
808 900 885 969 τῷ
910 901 1047 967 φωτὶ
1074 901 1173 971 τῆς
1199 901 1452 969 γνώσεώς
1482 921 1598 967 σου,
1632 905 1720 957 ἵνα

155 994 585 1064 καταντήσαντες
613 992 691 1055 εἰς
710 993 810 1061 τὴν
832 992 1058 1063 ἑνότητα
1095 993 1195 1060 τῆς
1225 993 1477 1055 πίστεως,
1510 994 1721 1063 καὶτῆς

155 1083 499 1154 ἐπιγνώσεως
558 1085 655 1155 τῆς
683 1083 847 1152 ἁγίας
875 1084 970 1136 καὶ
1030 1085 1413 1154 προσκυνητῆς
1470 1084 1719 1152 Τριάὸος,

155 1180 231 1243 είς
260 1177 428 1246 ἄνδρα
454 1177 677 1240 τέλειον,
718 1176 799 1239 είς
834 1174 1031 1243 μέτρον
1058 1170 1300 1244 ἡλικίας,
1336 1174 1631 1238 δοξάσωσίν
1660 1191 1721 1227 σε

157 1270 233 1332 εἰς
265 1267 437 1322 αίῶνα
463 1267 675 1329 αίῶνος,
699 1266 794 1319 καὶ
821 1264 1259 1334 εὐαρεστήσωσίν
1291 1282 1373 1318 σοι
1398 1264 1477 1335 τῷ
1508 1265 1719 1336 Κυρίῳ,

156 1364 236 1416 ὅτι
262 1360 541 1428 πάνδημον
572 1358 631 1412 τὸ
653 1357 1019 1427 φυλακτήριον
1040 1355 1214 1425 ὄνομά
1239 1372 1354 1413 σου.
1386 1357 1480 1408 τοῦ
1514 1357 1722 1428 Πατρὸς

159 1453 250 1508 καὶ
278 1451 373 1504 τοῦ
405 1450 557 1511 Υίοῦ,
596 1449 687 1502 καὶ
721 1447 814 1501 τοῦ
849 1448 1006 1515 ἁγίου
1036 1445 1373 1515 Πνεύματος.
1406 1447 1598 1517 Ἀμήν.
1626 1448 1725 1511 Δὸς

158 1545 212 1598 δὲ
239 1544 423 1605 αὐτοῖς
456 1542 552 1595 σὺν
580 1543 716 1595 πᾶσι
738 1543 851 1602 τοῖς
874 1538 1120 1608 ἀγαθοῖς,
1155 1532 1199 1590 ὧ
1235 1537 1430 1608 Κύριε,
1472 1541 1566 1592 καὶ
1600 1541 1726 1601 τοὺς

159 1635 348 1702 λόγους
394 1631 600 1702 ταύτης
650 1650 751 1703 μου
803 1631 904 1700 τῆς
941 1631 1165 1701 οἰκτρᾶς
1222 1632 1318 1683 καὶ
1367 1631 1593 1694 ἀναξίας
1631 1648 1725 1683 σου

165 1726 374 1790 ἱκεσίας
405 1727 462 1781 ἐν
491 1724 689 1795 καρδίᾳ
710 1723 797 1777 διά
818 1723 1018 1786 παντὸς
1050 1722 1195 1791 ἔχειν
1234 1723 1370 1792 πρὸς
1416 1722 1728 1791 ⁵δοξςζολογίοιν

162 1816 256 1869 καὶ
286 1815 456 1886 ὕμνον
488 1814 586 1884 τῆς
610 1813 708 1883 σῆς
736 1812 1123 1883 χρηστότητος.
1155 1812 1323 1864 Πάλιν
1356 1811 1412 1863 δὲ
1457 1812 1593 1882 πρὸς
1632 1811 1730 1865 αὐ-

1817 635 1996 689 omnis
2021 634 2233 691 ﬂamma
2263 649 2425 708 atque
2464 641 2652 707 motio,
2685 656 2805 710 qua:
2843 641 3042 696 diaboli
3072 644 3393 711 operatione

1818 727 2080 797 exsurgit.
2113 727 2322 799 Corpus
2352 746 2541 785 eorum
2564 740 2619 785 et
2644 732 2823 785 anima
2854 742 2909 787 et
2936 732 3177 801 spiritus,
3211 734 3394 803 cogni-

1820 816 1985 871 tionis
2040 826 2146 873 tute
2191 820 2359 875 radiis
2412 821 2772 886 illustrentur,
2824 832 2883 877 ut
2934 834 3291 878 occurrentes
3338 826 3395 878 iu

1822 906 2085 960 unitatem
2115 908 2263 973 ﬁdei,
2313 919 2367 964 et
2409 911 2740 981 agnitionem
2774 923 2976 968 saneta:
3009 924 3065 969 et
3107 916 3397 970 adorandae

1821 994 2123 1063 Trinitatis,
2155 998 2208 1052 in
2232 1000 2406 1055 virum
2442 1001 2763 1072 perfectum,
2785 1005 2839 1057 in
2863 1020 3176 1060 mensuram
3224 1006 3400 1060 :etatis

1821 1088 2123 1157 glorificent
2156 1100 2208 1145 te
2238 1093 2290 1145 in
2316 1094 2573 1147 saeculum
2598 1096 2802 1159 saeculi,
2836 1097 3150 1167 placitoque
3191 1114 3249 1153 se
3283 1108 3398 1163 tuo,

1821 1178 1912 1247 qui
1943 1181 2200 1237 Dominus
2241 1198 2320 1248 es,
2356 1186 2718 1240 conforment.
2762 1187 2894 1241 Nam
2941 1190 3252 1258 prmsidium
3279 1208 3399 1245 om-

1822 1269 1973 1321 nium
2006 1272 2329 1339 p0pulorum
2352 1284 2435 1327 est
2465 1291 2664 1330 nomen
2698 1286 2869 1338 tuum,
2900 1277 3072 1333 Patris
3104 1290 3158 1335 et
3190 1281 3308 1334 Filii
3346 1290 3401 1337 et

1825 1355 2060 1425 Spiritus
2089 1363 2284 1417 sancti.
2322 1366 2519 1418 Amen.
2565 1365 2639 1418 Da
2680 1366 2803 1427 illis,
2844 1365 3092 1434 Domine,
3126 1386 3249 1423 cum
3280 1385 3402 1423 om—

1824 1448 1973 1501 nium
2022 1450 2288 1505 bonorum
2334 1455 2574 1518 cumulo,
2620 1465 2679 1508 ut
2719 1457 2878 1525 hujus
2904 1472 3037 1510 meae
3076 1459 3405 1513 miserabilis

1824 1548 1879 1592 et
1906 1539 2141 1610 indigna:
2187 1544 2456 1598 orationis
2519 1561 2803 1601 sermones
2849 1549 3063 1602 assidue
3104 1550 3251 1603 cordi
3306 1567 3406 1605 suo

1826 1627 2151 1697 insculpant,
2199 1631 2267 1684 ad
2325 1633 2548 1702 gloriam
2604 1645 2659 1689 et
2708 1637 2922 1690 laudem
2974 1638 3231 1692 bonitatis
3278 1640 3419 1694 tum.’

1828 1718 2027 1773 lterum
2055 1721 2240 1774 multis
2278 1737 2403 1777 cum
2448 1724 2701 1795 lacrymis
2746 1728 2810 1780 ad
2843 1728 2989 1796 ipsos
3019 1728 3197 1783 dixit:
3242 1729 3405 1793 Deus,

1828 1824 1989 1877 quem
2022 1812 2282 1881 elegistis.
2310 1814 2447 1868 boni
2482 1814 2600 1877 filii,
2654 1826 2709 1870 et
2754 1818 2820 1870 ad
2864 1834 3024 1887 quem
3071 1822 3405 1885 accurristis,

161 1909 286 1972 τοὺς
328 1906 466 1978 μετὰ
489 1904 699 1960 πολλῶν
720 1904 968 1975 δακρύων
1008 1904 1213 1972 ἔλεγεν·
1256 1903 1313 1957 Ὀ
1346 1904 1501 1967 Θεὸς,
1527 1902 1585 1956 ὃν
1638 1904 1728 1969 ὲξ-

1848 1899 1975 1954 Deus
2009 1900 2125 1969 ipse
2170 1903 2382 1958 emittet
2430 1907 2684 1976 angelum
2715 1923 2872 1961 suum
2918 1918 3042 1962 ante
3091 1910 3283 1965 faciem
3311 1929 3409 1966 ve-

162 1998 440 2064 ελέξασθε,
491 1997 654 2050 τέκνα
685 1995 844 2061 καλά,
886 1995 981 2048 καὶ
1042 1988 1087 2063 ᾧ
1117 1994 1514 2065 κατεδράμετε,
1571 1995 1736 2058 αὐτὸς

163 2090 512 2160 ὲξαποστελεῖ
538 2089 627 2142 τὸν
650 2087 877 2156 ἄγγελον
898 2085 1059 2139 αὐτοῦ
1092 2087 1200 2157 πρὸ
1233 2085 1526 2157 προσώπου
1553 2086 1730 2156 ὑμῶν,

163 2186 257 2243 καὶ
289 2180 689 2237 κατασκευάσει
727 2179 825 2248 τὴν
878 2178 996 2231 ὁδὸν
1029 2177 1195 2232 αὑτοῦ
1257 2177 1569 2248 ἔμπροσθεν
1626 2176 1736 2230 τῶν

163 2274 341 2332 ποδῶν
368 2272 539 2343 ὑμῶν.
584 2271 642 2323 '0
665 2269 915 2337 ἅγγελος,
950 2268 1026 2332 ὥς
1049 2285 1215 2339 φησιν
1244 2271 1271 2321 ὁ
1305 2269 1477 2337 μέγας
1512 2268 1734 2333 Ἰακὼϐ,

163 2368 190 2421 6
219 2363 481 2436 ρυόμενός
514 2379 579 2433 με
604 2362 711 2414 ἀπὸ
747 2362 966 2413 πάντων
1000 2359 1109 2421 τῶν
1146 2358 1403 2412 ἐναντίων
1427 2359 1733 2428 δυνάμεων,

164 2457 328 2521 αὐτὸς
367 2452 768 2527 προπορεύεται
812 2450 920 2503 τῶν
945 2450 1150 2522 τρίϐων
1185 2450 1360 2520 ὑμῶν.
1404 2450 1462 2503 '0
1493 2451 1739 2521 ῥυσάμε-

164 2565 255 2611 νος
282 2549 373 2601 τὸν
403 2544 595 2604 ἑαυτοῦ
622 2543 907 2614 προφήτην
931 2542 997 2594 ἐκ
1045 2540 1309 2612 στόματος
1354 2541 1605 2606 λεόντων,
1641 2542 1739 2596 αὑ-

164 2640 256 2702 τὸς
282 2641 502 2710 ρυσεται
553 2635 646 2690 καὶ
674 2636 818 2705 ὑμᾶς
848 2633 955 2687 ἀπὸ
983 2633 1092 2687 τῶν
1143 2632 1345 2703 χειρῶν
1379 2634 1473 2687 τοῦ
1504 2634 1737 2698 λέοντος.

174 2729 236 2783 Ὀ
267 2728 626 2797 ἐκλεξάμενος
653 2725 796 2795 ὑμᾶς
823 2723 977 2787 Θεὸς,
1006 2723 1165 2787 αὐτὸς
1190 2724 1621 2794 ἀκαταίσχυντον
1640 2725 1739 2797 τὴν

164 2818 358 2873 θυσίαν
383 2834 483 2888 μου
505 2816 748 2885 φυλάξει.
796 2814 885 2876 Ὠς
913 2811 1167 2865 δὲταῦτα
1194 2813 1288 2865 καὶ
1316 2813 1499 2865 πλεῖον
1534 2813 1739 2867 τούτων

164 2912 357 2973 αὐτοῖς
413 2906 707 2979 ἐπηύξατο,
755 2905 851 2961 καὶ
903 2903 1215 2975 συνεπλάκη
1256 2905 1285 2956 6
1318 2903 1576 2974 θεοφόρος
1626 2907 1740 2968 τοῖς

164 3001 465 3074 τραχήλοις
503 2999 681 3054 αὐτῶν
712 2997 807 3051 καὶ
837 2994 1054 3064 ἔλεγενο
1081 2995 1285 3059 Σῶσον,
1321 2997 1348 3048 6
1390 2995 1542 3058 Θεὸς,
1574 2997 1747 3048 σῶσον

1836 2000 2025 2057 stram,
2043 2002 2095 2047 et
2124 1996 2452 2062 praeparabit
2476 1998 2616 2051 viam
2649 2014 2800 2052 suam
2829 2012 2955 2054 ante
2986 2003 3151 2070 pedes
3178 2012 3423 2057 vestros-

1836 2084 2095 2155 Angelus,
2133 2086 2248 2155 qui,
2275 2088 2418 2142 sicut
2451 2089 2587 2143 dicit
2615 2106 2843 2159 magnus
2870 2092 3054 2158 Iacob,
3096 2094 3289 2148 liberat
3327 2109 3414 2148 me

1838 2175 1910 2230 ab
1942 2177 2198 2231 omnibus
2245 2179 2533 2234 contrariis
2572 2182 2954 2249 potestatibus,
3010 2183 3100 2237 ille
3145 2184 3417 2253 praecedet

1838 2276 1963 2320 ante
2007 2267 2123 2322 vias
2163 2276 2391 2322 vestras.
2435 2268 2537 2334 Qui
2588 2270 2911 2338 prophetam
2961 2286 3118 2324 suum
3163 2272 3418 2325 liberavit

1839 2358 1907 2412 ab
1931 2373 2026 2412 ore
2046 2358 2286 2423 leonum,
2320 2360 2410 2414 ille
2440 2376 2537 2415 vos
2560 2377 2775 2430 quoque
2814 2362 3069 2417 liberabit
3104 2378 3133 2416 a
3165 2362 3419 2416 manibus

1840 2447 2031 2502 leonis.
2062 2446 2166 2513 Qui
2198 2450 2361 2521 elegit
2390 2466 2486 2504 vos
2518 2451 2682 2515 Deus,
2735 2452 2825 2507 ille
2875 2451 3197 2506 sacrificium
3231 2466 3414 2505 meum

1840 2540 1909 2594 ab
1937 2540 2227 2610 ignominia
2258 2543 2578 2597 vindicabit.
2622 2543 2746 2598 Haec
2782 2552 2837 2598 et
2873 2544 3028 2614 plura
3059 2551 3334 2613 precatus,
3366 2548 3420 2595 et

1840 2632 1978 2688 colla
2019 2648 2208 2687 eorum
2265 2635 2485 2689 strinxit
2537 2636 2621 2689 vir
2652 2636 2847 2700 deifer,
2895 2645 2950 2691 et
3000 2636 3187 2689 dixit:
3228 2634 3418 2696 Serva,

1846 2722 2011 2787 Deus,
2054 2740 2210 2780 serva
2256 2740 2370 2788 eos,
2409 2727 2502 2796 qui
2563 2736 2676 2782 toto
2727 2728 2893 2783 corde
2941 2727 3175 2798 diligunt
3219 2740 3420 2781 nomen

1846 2824 2019 2877 tuum,
2039 2831 2215 2885 neque
2252 2817 2397 2871 enim
2430 2818 2653 2887 iniquus
2683 2833 2764 2882 es,
2792 2817 3039 2882 Domine,
3068 2825 3126 2870 ut
3150 2816 3290 2881 illos,
3322 2816 3417 2885 qui

1846 2910 2037 2963 stultas
2083 2910 2243 2980 hujus
2289 2913 2414 2968 vitae
2462 2928 2549 2968 res
2602 2914 2964 2983 reliquerunt,
3017 2921 3336 2968 contemnas
3370 2919 3423 2964 et

1853 2999 2095 3057 deseras.

165 3095 300 3159 τοὺς
325 3094 382 3145 ὲν
413 3093 509 3164 ὅλῃ
541 3090 737 3163 καρδίᾳ
771 3089 1158 3159 ἀγαπήσαντας
1204 3087 1265 3139 τὸ
1298 3086 1468 3157 ὄνομά
1519 3103 1636 3139 σου*
1678 3087 1740 3140 οὐ
1779 3088 1888 3160 γὰρ
1931 3090 2114 3157 ἄδικος
2158 3087 2228 3162 εἴ,
2260 3093 2455 3166 Κύριε,
2482 3094 2611 3158 τοὺς
2651 3095 3087 3166 καταλείψαντας
3113 3094 3182 3148 τὰ
3223 3093 3424 3165 μάταια

166 3190 271 3246 τοῦ
302 3189 419 3261 βίου
446 3187 768 3259 πράγματα,
787 3184 1051 3255 περιιδεῖν
1071 3184 1167 3236 καὶ
1199 3183 1609 3251 ὲγκαταλείψαι.

246 3335 335 3390 ιθ’.
357 3329 489 3387 Εἶτα
515 3331 677 3385 πάλιν
704 3330 843 3400 πρὸς
892 3327 1088 3392 αὐτούς
1107 3345 1120 3358 ·
1157 3328 1418 3391 Βλέπετε,
1441 3328 1631 3390 τέκνα,
1668 3330 1747 3392 εἰς
1775 3333 1816 3390 C

174 3425 418 3495 πόλεμον
467 3421 693 3485 ἑαυτοὺς
747 3419 1046 3488 ὲξεδώκατε
1093 3419 1322 3492 φοϐερὸν
1377 3420 1470 3473 καὶ
1500 3417 1749 3473 ἀθέατον.

187 3518 357 3572 Ἀλλά
390 3515 464 3587 μὴ
496 3514 767 3586 φοδηθῆτε
789 3531 804 3546 ·
842 3534 860 3565 ι
894 3514 1128 3577 Δυνατὸς
1147 3514 1255 3584 γάρ
1283 3514 1429 3565 ἐστιν
1459 3515 1485 3564 ὁ
1514 3513 1667 3575 Θεὸς,
1698 3513 1757 3575 ὃς

174 3610 284 3664 οὐκ
312 3609 460 3663 ἐάσει
493 3608 636 3678 ὑμᾶς
665 3606 1050 3677 πειρασθῆναι,
1093 3606 1233 3674 ὑπὲρ
1266 3605 1295 3657 δ
1355 3604 1584 3657 δύνασθε
1645 3604 1757 3656 ὑπ-

176 3704 447 3771 ενεγκεῐν.
474 3720 493 3753 ι
543 3699 929 3769 Ἀγωνίσασθε,
950 3699 1134 3761 τέκνα,
1163 3699 1236 3770 μὴ
1261 3698 1556 3769 ἡττηθῆναι
1587 3697 1756 3767 αὐτῷ,

178 3794 324 3849 ἀλλά
349 3796 510 3863 στῆτε
542 3794 772 3861 γεναίοι,
796 3791 1011 3862 ἔχοντες
1038 3790 1101 3842 τὸ
1129 3790 1293 3843 ὅπλον
1318 3789 1411 3842 τοῦ
1446 3790 1602 3858 ἁγίου
1631 3790 1761 3859 σχή-

184 3902 362 3956 ματος
412 3885 534 3939 κατ’
588 3882 792 3945 αὐτοῦ,
851 3879 1264 3952 μνημονεύσατε
1324 3879 1416 3933 τοῦ
1475 3880 1757 3940 εἰπόντος’

191 3997 211 4030 ι
249 3977 443 4039 Οὐδεὶς
473 3973 750 4041 ἐπιϐαλὼν
778 3973 877 4044 τὴν
896 3974 1055 4043 χεῖρα
1078 3970 1247 4024 αὑτοῦ
1276 3970 1364 4024 ἐπ’
1398 3971 1650 4041 ἄροτρον,
1672 3970 1764 4022 καὶ

186 4069 460 4142 στραφεὶς
491 4069 571 4131 είς
598 4068 664 4119 τὰ
690 4065 891 4126 ὀπίσω,
916 4061 1136 4125 εὔθετός
1168 4063 1317 4115 ἐστιν
1362 4063 1440 4124 είς
1486 4060 1583 4128 τὴν
1616 4060 1765 4131 βασι-

184 4158 345 4211 λείαν
376 4156 485 4223 τῶν
522 4154 787 4225 οὐρανῶν.
824 4171 843 4205 ι
882 4152 993 4205 Καὶ
1021 4151 1182 4209 πάλιν
1204 4151 1455 4221 περὶτῆς
1496 4148 1591 4202 τοῦ
1623 4149 1764 4218 πύρ-

185 4267 294 4319 γιου
339 4245 661 4319 οἰκοδομῆςο
714 4243 805 4314 Μὴ
849 4241 1171 4313 ἀρξαμένων
1232 4240 1386 4311 ὑμῶν
1425 4240 1525 4309 τῆς
1556 4239 1766 4300 τελείας

184 4317 337 4403 δδοῦ,
364 4340 463 4409 τῆς
508 4317 651 4391 κατὰ
684 4335 816 4388 Θεὸν
863 4332 1141 4396 πολιτείας
1182 4331 1631 4400 ἀποχαυνωθῆτε,
1675 4330 1769 4381 καὶ

189 4429 463 4502 πληρωθῇ
489 4427 573 4496 ἐφ’
597 4426 841 4497 ὑμῖν,δτι
877 4423 1151 4494 Ἤρξαντο
1173 4421 1655 4492 οἱκοδομῆσαι,καὶ
1670 4420 1769 4472 οὐκ

187 4518 345 4593 εἶχον
390 4519 617 4589 δύναμιν
648 4516 740 4569 καὶ
767 4514 1076 4587 προθυμίαν
1118 4513 1253 4583 πρὸς
1304 4513 1396 4564 τὸν
1426 4510 1771 4591 ἀπαρτισμὸν

187 4612 293 4667 τοῦ
321 4609 589 4681 θεμελίου.
625 4604 1045 4675 ’Δσφαλίσασθε,
1078 4604 1243 4657 τέκνα
1267 4620 1281 4649 °.
1321 4603 1515 4673 μικρὸς
1552 4603 1581 4654 6
1610 4602 1770 4654 πόλε-

1925 3330 2008 3384 l9.
2052 3328 2242 3384 Postea
2277 3344 2494 3385 rursum
2522 3329 2590 3385 ad
2616 3330 2737 3384 illos
2767 3341 3078 3383 sermonem
3111 3324 3382 3380 convertit
3414 3341 3428 3377 :

1856 3419 2156 3483 Attendite,
2181 3419 2298 3484 lilii,
2322 3418 2550 3474 terribili
2582 3434 2679 3472 vos
2703 3426 2757 3471 et
2778 3416 2992 3471 occulto
3013 3414 3156 3468 bello
3183 3410 3431 3477 dedistis,

1858 3511 1954 3566 sed
2006 3520 2211 3564 metum
2261 3508 2445 3579 pellite
2481 3526 2493 3561 :
2529 3527 2547 3560 ι
2586 3507 2785 3561 Potens
2836 3503 2984 3558 enim
3011 3509 3097 3556 est
3146 3499 3310 3562 Deus,
3340 3498 3430 3567 qui

1859 3620 1972 3659 non
2007 3603 2248 3673 patietur
2281 3616 2377 3654 vos
2407 3599 2603 3654 tentari
2635 3613 2798 3666 supra
2828 3596 2879 3649 id
2901 3595 3045 3665 quod
3068 3590 3297 3662 potestis
3314 3604 3425 3643 sus-

1862 3693 2135 3748 tinere.”.
2192 3710 2210 3741 ι
2243 3690 2482 3753 Certate,
2520 3687 2645 3750 filii,
2685 3696 2745 3740 ut
2786 3700 2894 3739 non
2941 3679 3296 3752 superemini.
3330 3678 3433 3732 Sed

1864 3791 2003 3838 state
2038 3782 2221 3836 animo
2267 3789 2471 3845 erecto,
2524 3783 2865 3847 opponentes
2898 3771 3121 3827 inimico
3153 3768 3292 3823 sacri
3336 3767 3433 3834 ha-

1863 3874 2008 3929 bitus
2026 3882 2378 3927 armaturam.
2394 3870 2456 3923 In
2479 3868 2796 3923 memoriam
2818 3873 3066 3919 revocate
3088 3861 3253 3916 verba
3272 3858 3437 3921 illius,

1864 3965 1955 4033 qui
1977 3963 2111 4017 dicit
2135 3981 2147 4017 :
2178 3982 2195 4013 ‹
2218 3961 2388 4018 Nemo
2410 3962 2634 4014 mittens
2652 3972 2875 4012 manum
2903 3970 3054 4009 suam
3085 3954 3149 4007 ad
3176 3960 3438 4013 aratrum,

1865 4063 1921 4108 et
1942 4069 2238 4110 conversus
2264 4064 2432 4115 retro,
2478 4060 2639 4120 aptus
2683 4058 2767 4103 est
2806 4063 2973 4119 regno
3021 4044 3283 4101 cmlorum
3319 4042 3380 4095 ³⁸.
3416 4058 3437 4091 ι

1868 4145 1935 4200 Et
1965 4160 2176 4199 rursum
2223 4140 2289 4197 de
2327 4140 2686 4195 mdiﬁcatiune
2731 4138 2897 4191 turris
2930 4153 2944 4190 :
2977 4150 3048 4189 ne
3089 4135 3231 4187 viam
3262 4130 3433 4201 perfe-

1868 4249 2011 4293 ctam
2045 4235 2392 4305 incipientes,
2417 4234 2472 4285 in
2522 4231 2614 4285 Dei
2647 4229 2912 4297 obsequio
2955 4225 3171 4280 desides
3216 4223 3354 4287 sitis,
3390 4229 3441 4275 et

1872 4330 1924 4384 in
1974 4329 2127 4382 vobis
2182 4326 2493 4395 impleatur,
2540 4322 2668 4391 quia
2712 4327 2997 4388 coaperunt
3046 4315 3336 4379 aedificare,
3391 4322 3442 4367 et

1872 4436 1984 4475 non
2018 4427 2102 4473 sat
2140 4418 2446 4471 habuerunt
2483 4412 2680 4466 virium
2723 4419 2777 4464 et
2815 4408 2981 4463 animi
3031 4407 3098 4461 ad
3145 4419 3282 4475 opus
3311 4419 3444 4457 con-

1877 4508 2365 4566 summaudum‘s‘.
2401 4505 2551 4560 State
2602 4501 2800 4567 securi,
2834 4517 2867 4554 o
2907 4500 3001 4553 lilii
3040 4516 3052 4551 :
3091 4511 3317 4568 parvum
3364 4502 3442 4547 est

1876 4600 2098 4663 bellum,
2140 4596 2235 4651 sed
2267 4599 2460 4665 inagna
2508 4605 2743 4656 corona;
2776 4585 3087 4656 temporalis
3132 4584 3303 4647 labor,
3352 4578 3446 4633 sed

196 4722 326 4776 μος,
358 4674 493 4757 ἀλλά
533 4700 705 4771 μέγας
736 4700 764 4751 6
797 4697 1061 4764 στέφανος
1085 4712 1099 4726 ·
1135 4696 1471 4765 πρόσκαιρος
1510 4695 1538 4746 6
1592 4694 1749 4756 πόνος

1848 4702 2080 4761 μωιθνηα
2118 4686 2352 4756 requies.
2389 4684 2577 4752 Itaque
2613 4696 2737 4734 cum
2779 4689 2992 4745 tempus
3021 4674 3361 4746 procederet,
3394 4680 3444 4723 et

193 4792 319 4852 ἀλλ’
352 4794 547 4849 αἰωνία
573 4795 607 4864 ή
657 4792 984 4853 ἀνάπαυσις.
1043 4787 1157 4857 Τῆς
1186 4786 1337 4855 ὥρας
1370 4783 1463 4839 οὖν
1496 4785 1775 4857 προκοψάο

194 4908 327 4960 σης,
345 4890 438 4942 καὶ
466 4887 567 4958 ἠδη
594 4883 780 4937 λοιπὸν
809 4881 905 4936 τοῦ
938 4880 1095 4945 ξύλου
1119 4882 1429 4949 κρούοντος,
1452 4879 1527 4942 ὡς
1549 4877 1775 4947 ἔμελλον

192 4981 298 5052 τοῦ
328 4978 570 5040 πυλῶνος
593 4974 930 5048 ὲξέρχεσθαι,
958 4971 1149 5025 ἐλαϐεν
1178 4972 1205 5023 ὁ
1242 4969 1464 5040 Συμεὼν
1495 4969 1584 5021 τὸν
1614 4967 1776 5039 ἠγούέ

199 5090 371 5144 μενον
399 5072 518 5125 κατ’
543 5070 700 5131 ἰδίαν,
731 5069 825 5121 καὶ
856 5061 1007 5119 εἶπεν
1030 5062 1180 5134 αὐτῷ
1198 5079 1211 5092 ·
1245 5063 1346 5115 Διὰ
1375 5061 1466 5114 τὸν
1493 5061 1643 5123 Θεὸν,
1669 5061 1780 5114 Πά-

195 5183 327 5236 τερ,
358 5160 532 5227 εὖξαι,
563 5161 651 5212 ἵνα
681 5162 708 5212 ὁ
733 5158 865 5221 Θεὸς
897 5155 1227 5226 διασκεδάσῃ
1278 5155 1377 5218 τὴν
1418 5154 1639 5222 μνήμην
1683 5152 1781 5219 τῆς

198 5256 468 5327 γυναικὸς
500 5251 595 5306 τοῦ
624 5249 853 5319 ἀδελφοῦ
883 5266 983 5319 μου
1013 5249 1286 5312 Ἰωάννου,
1316 5247 1388 5317 μή
1427 5262 1541 5306 πως
1586 5246 1651 5296 ὲκ
1689 5243 1782 5296 τοῦ

1876 4782 1984 4851 jam
2013 4779 2272 4847 deinceps
2318 4776 2520 4847 lignum
2562 4774 2799 4843 pulsaret
2839 4770 2986 4839 (2'5);
3014 4778 3068 4822 et
3108 4767 3181 4820 illi
3221 4782 3251 4820 e
3282 4764 3446 4834 jauua

1877 4867 2369 4938 essentegressuri,
2404 4866 2708 4935 hegumeno
2747 4861 2974 4916 seorsim
3010 4858 3282 4929 prehenso
3314 4854 3446 4909 dixit

1880 4968 2148 5039 Symeon:
2180 4963 2407 5031 Propter
2436 4960 2629 5022 Deum,
2673 4957 2746 5011 mi
2776 4956 2953 5016 Pater,
2981 4969 3095 5019 ora,
3122 4961 3180 5005 ut
3214 4951 3354 5004 Deus
3384 4964 3447 5003 ex

1881 5058 2063 5113 animo
2091 5054 2275 5117 fratris
2319 5050 2424 5104 mei
2451 5048 2678 5104 Joannis
2709 5047 2887 5101 deleat
2914 5042 3229 5098 memoriam
3263 5040 3438 5107 conju-

1881 5148 1961 5219 gis
1991 5162 2122 5210 suae,
2148 5161 2219 5199 ne
2245 5143 2478 5213 maligno
2509 5139 2857 5195 machinante
2883 5135 3075 5204 spiritu
3106 5149 3192 5187 me
3212 5133 3449 5194 deserat,

1880 5248 1936 5293 et
1964 5253 2064 5308 ego
2093 5238 2356 5290 inteream
2395 5249 2507 5303 pra:
2534 5232 2740 5296 dolore,
2776 5231 2847 5285 ob
2874 5229 2994 5298 ejus
3017 5226 3242 5282 exitium
3273 5236 3329 5278 et
3363 5239 3449 5276 re-

200 5315 462 5417 'ftOVﬂpOt-ji
503 5343 660 5396 ὲὰσαι
712 5315 801 5411 με,
855 5315 952 5392 καὶ
1002 5340 1290 5408 ἀπόλωμαι
1319 5315 1444 5389 Ϋύπὸ
1470 5336 1569 5405 τῆς
1600 5334 1747 5405 λύπη

1885 5345 2123 5385 cessum.
2164 5327 2291 5392 Ora,
2323 5327 2570 5391 obsecro,
2604 5332 2827 5395 propter
2872 5320 3184 5384 Dominum,
3213 5326 3273 5370 ut
3312 5315 3450 5369 Deus

292 5522 337 5557 "
366 5521 388 5577 l
419 5520 546 5578 Cor.
580 5535 636 5585 χ,
664 5518 749 5572 l3.
827 5513 873 5549 ⁸⁸
902 5515 1033 5571 Luc.
1061 5530 1137 5581 ix,
1168 5514 1256 5569 62.
1335 5513 1401 5547 ""
1441 5510 1575 5567 Luc.
1617 5526 1728 5576 xxv,
1750 5511 1838 5566 50.

1711 5627 1937 5685 NOT/E.

215 5824 270 5896 ρ
295 5752 719 5878 (ῗεῖ)ιΩυοὶηιὶᾲο
750 5753 908 5827 lignis
948 5770 1045 5828 pro
1084 5770 1189 5808 aere
1228 5752 1501 5823 Campano
1560 5758 1779 5806 utantur
1833 5749 2085 5807 monachi
2108 5744 2436 5809 Orientales,
2461 5738 2693 5809 explicat
2715 5733 2928 5791 libellus
2958 5725 3268 5797 Hieronymi
3297 5718 3452 5793 Magii

274 5840 302 5879 e
354 5840 405 5877 ut
434 5839 552 5878 mna
593 5841 622 5878 ιι
651 5841 713 5880 ιδ.

274 5840 302 5879 ϐ
332 5839 713 5880 ummnaoum.

158 5548 170 5639 l
