4034 6436
578 419 715 488 loss,

1606 427 1919 489 LEONTII
1955 421 2469 486 NEAPOLITANI
2505 416 2848 482 EPISCOPI

3700 411 3838 474 1096

572 535 735 591 etiam
790 546 1051 606 parentes
1097 536 1218 607 ejus
1272 534 1615 603 consoletur,
1667 551 1739 593 ne
1784 537 1853 593 de
1927 538 2019 591 illo
2066 536 2147 591 la-

2268 531 2440 596 ιύτοῦ,
2472 534 2570 586 καὶ
2598 532 2699 601 τῆς
2730 528 3007 592 ἀπωλείας
3046 527 3141 581 καὶ
3181 525 3277 580 τοῦ
3314 524 3615 598 χωρισμοῦ.
3644 521 3843 589 Εὖξπι.

576 626 794 683 borent.

648 806 739 861 20.
778 806 849 863 At
877 822 1006 863 vero
1050 821 1238 872 senex,
1287 806 1515 862 miratus
1539 806 1841 862 fraternum
1874 806 2153 870 affectum,

581 898 713 951 nihil
750 898 798 953 ei
847 898 1152 968 respondit.
1201 897 1409 953 Rursus
1449 898 1711 953 Niconem
1751 899 1943 953 eodem
1997 899 2157 952 modo

581 986 871 1055 prehendit
900 987 1069 1040 abbas
1096 985 1338 1041 Joannes
1363 995 1419 1040 et
1445 987 1674 1040 seorsim
1713 1002 1771 1041 se
1807 988 2041 1048 vocavit,
2080 988 2159 1041 sic

585 1078 856 1145 loquens:
909 1077 1137 1147 Propter
1174 1079 1344 1132 Deum
1395 1086 1446 1133 te
1494 1078 1761 1144 obtestor,
1817 1094 1849 1135 ο
1878 1078 2054 1143 Pater,
2090 1095 2159 1133 ne

588 1166 769 1219 fratris
791 1166 890 1219 mei
924 1182 1112 1220 curam
1142 1166 1389 1237 depone;
1418 1168 1511 1222 sed
1548 1182 1665 1233 ora,
1713 1183 1785 1222 ne
1834 1170 2020 1222 matris
2048 1183 2159 1221 sua:

586 1258 832 1311 dolorem
862 1257 1171 1323 miseratus,
1202 1273 1287 1312 me
1324 1258 1510 1329 fugiat,
1545 1269 1602 1313 et
1630 1259 1682 1313 in
1725 1269 1881 1328 portu
1915 1260 2159 1313 inveniar

587 1347 904 1418 naufragus.
938 1349 1061 1404 Haec
1086 1349 1175 1403 ubi
1209 1350 1351 1405 dicta
1377 1368 1391 1415 ;
1420 1352 1491 1404 ob
1519 1352 1784 1405 alternam
1815 1353 1986 1405 mutui
2008 1368 2161 1406 amo-

586 1438 662 1492 ris
721 1439 1154 1493 vicissitudinem
1216 1441 1633 1510 obstupefactus
1696 1442 1870 1497 Nicon
1937 1445 2159 1499 tandem

586 1528 816 1598 subjecit
847 1547 860 1581 :
895 1528 990 1592 ltc,
1024 1529 1142 1595 ﬁlii,
1183 1529 1452 1584 annuntio
1475 1530 1621 1583 enim
1668 1530 1823 1584 vobis
1881 1531 2156 1593 eumdem,

585 1619 674 1686 qui
715 1620 930 1689 aperuit
970 1620 1122 1674 vobis
1157 1619 1266 1685 hic,
1294 1620 1578 1689 aperuisse
1600 1620 1712 1689 jam
1746 1634 1892 1673 nunc
1925 1635 2009 1683 ea,
2038 1635 2160 1689 quae

586 1718 717 1763 sunt
775 1710 902 1766 illic.
958 1711 1026 1765 Et
1072 1720 1359 1781 postquam
1407 1711 1615 1765 frontes
1667 1725 1879 1775 eorum,
1918 1720 2156 1780 pectora,

588 1807 868 1869 totumque
910 1816 1109 1871 corpus
1159 1802 1449 1871 signasset,
1497 1802 1617 1856 illos
1664 1801 1887 1855 dimisit.
1939 1802 2157 1857 Dimissi

2256 622 2448 691 δέομαι
2496 620 2588 674 διὰ
2616 620 2706 673 τὸν
2736 617 2960 690 Κύριον,
3007 617 3094 670 ἴνα
3145 616 3614 687 παραμυθήσηται
3642 617 3673 669 ό
3708 616 3849 675 Θεδς

2256 714 2500 776 καὶτοὺς
2530 714 2715 781 γονεῖς
2751 710 2939 773 αὐτοῦ,
2971 708 3061 763 ἳνα
3101 709 3175 779 μὴ
3210 708 3549 779 μεριμνῶσιν
3578 709 3773 761 αὐτόν.

2329 813 2398 859 κ’.
2432 804 2829 874 Θαυμάσαντος
2856 802 2912 856 δὲ
2940 800 3036 855 τοῦ
3069 802 3325 871 γέροντος
3352 800 3451 868 τὴν
3479 799 3743 868 στοργῖςν,
3784 798 3851 866 ἦν

2259 895 2373 965 ἔχει
2407 894 2543 964 πρὸς
2573 894 2665 946 τὸν
2695 891 2941 960 ἀδελφὸν,
2972 890 3123 943 οὐδὲν
3155 887 3435 959 ἀπεκρίθη
3466 889 3636 957 αὐτῷ.
3673 888 3852 939 Πάλιν

2258 988 2315 1040 δὲ
2342 988 2433 1039 τὸν
2458 986 2621 1039 αὑτὸν
2646 985 2849 1054 τρόπον
2876 982 3066 1036 ἔλασεν
3092 981 3255 1035 αὐτὸν
3278 981 3372 1035 καὶ
3406 982 3434 1032 ό
3463 979 3635 1042 ἀὸδᾶς
3656 980 3851 1031 Ἱωάν-

2260 1095 2378 1148 νης,
2409 1077 2503 1130 καὶ
2538 1076 2839 1145 παρεκάλει
2869 1076 2989 1127 κατ’
3025 1073 3183 1127 ίδίανο
3210 1073 3307 1126 Διά
3335 1072 3425 1124 τὸν
3446 1072 3598 1132 Θεὸν,
3633 1070 3851 1137 Πάτερ,

2263 1167 2337 1236 μὴ
2360 1165 2643 1235 ἀμελήσῃς
2675 1164 2769 1217 τοῦ
2796 1163 3049 1231 ἀδελφοῦ,
3080 1162 3393 1232 εὐχόμενος,
3438 1158 3523 1213 ἵνα
3568 1162 3646 1229 μὴ
3700 1158 3853 1227 φύγῃ

2263 1275 2329 1327 με
2359 1257 2449 1310 διὰ
2469 1257 2567 1326 τὴν
2596 1256 2808 1326 μητέρα
2838 1254 3023 1319 αὐτοῦ,
3055 1254 3359 1323 συμπαθών
3380 1253 3543 1323 αὐτῇ,
3567 1252 3668 1304 καὶ
3692 1251 3857 1319 εὕρεο

2261 1346 2338 1400 θῶ
2368 1349 2427 1399 ἐν
2452 1347 2528 1417 τῷ
2552 1346 2729 1415 λιμένι
2763 1346 3051 1415 ὑπομένων
3078 1344 3143 1398 τὸ
3177 1344 3456 1412 ναυάγιον.
3508 1342 3599 1405 Ὠς
3640 1338 3746 1394 οὗν
3778 1340 3856 1392 εῖ-

2264 1456 2443 1509 ρηται,
2477 1438 2852 1506 καταπλαγεὶς
2882 1438 2979 1506 τὴν
3012 1436 3344 1507 ἀμφοτέρων
3389 1436 3523 1505 πρὸς
3575 1435 3862 1503 ἀλλήλους

2258 1530 2503 1600 ἀγάπην,
2552 1529 2772 1593 τελείως
2817 1528 2963 1597 λέγει
3018 1529 3234 1591 αὐτοῖς*
3274 1524 3601 1597 Πορεύεσθε,
3629 1526 3820 1576 τέκνα
3846 1541 3858 1551 ·

2261 1621 2686 1690 εὐαγγελίζομαι
2742 1621 2850 1690 γὰρ
2896 1621 3045 1689 ὑμῖν,
3086 1620 3166 1678 ὅτι
3203 1620 3230 1671 ό
3278 1617 3491 1681 ἀνοίξας
3544 1618 3683 1687 ὑμῖν
3730 1610 3863 1674 ὧδε,

2260 1714 2616 1784 προσήνοιξεν
2640 1714 2769 1781 ὑμῖν
2803 1712 2896 1765 καὶ⁵
2925 1712 2994 1765 τὰ
3022 1712 3158 1764 ἐκεῖ.
3187 1710 3295 1764 Καὶ
3330 1711 3641 1779 σιρραγίσας
3668 1707 3866 1759 αὐτῶν

2258 1806 2327 1858 τὰ
2361 1808 2588 1875 μέτωπα
2609 1807 2706 1858 καὶ
2736 1805 2806 1858 τά
2834 1804 3006 1875 στήθη
3050 1804 3145 1856 καὶ
3176 1803 3295 1856 ὅλον
3324 1803 3385 1855 τδ
3418 1803 3601 1871 σῶμα,
3638 1801 3865 1853 ἀπέδω-

586 1889 768 1961 itaque
807 1900 863 1945 et
901 1893 1124 1962 egressi,
1155 1893 1288 1947 illud
1331 1902 1664 1963 usurparunt
1687 1894 1772 1948 :‘0
1820 1892 1963 1947 Deus
1998 1894 2161 1963 hujus

2268 1913 2355 1949 σεν
2391 1897 2609 1960 αὐτούς.
2652 1897 2741 1960 Ὠς
2768 1894 2864 1949 οῦν
2905 1895 3278 1965 ἀπελύθησαν,
3302 1893 3397 1946 καὶ
3421 1892 3676 1961 ἐξῆλθον,
3702 1891 3870 1943 τοῦτο

587 1982 766 2052 magni
794 1983 935 2037 servi
961 1984 1060 2049 tui,
1089 1984 1408 2055 alienigenis
1443 1985 1600 2039 nobis
1634 1991 1689 2039 et
1739 1984 1941 2039 auxilio
1967 2000 2162 2041 caren-

589 2074 737 2129 tibus
762 2083 881 2131 esto
927 2074 1030 2129 via:
1058 2076 1195 2141 dua;
1222 2078 1423 2131 etenim
1456 2091 1634 2146 neque
1669 2078 1806 2142 loca,
1847 2093 2029 2148 neque
2072 2094 2161 2133 re-

588 2166 806 2235 gionem
851 2167 1125 2224 novimus.
1173 2165 1373 2221 Verum
1419 2169 1743 2225 accedentes
1776 2170 1843 2224 ad
1877 2178 1929 2225 te
1954 2209 1969 2234 ,
2001 2170 2161 2224 morti

586 2266 641 2312 et
670 2256 976 2311 solitudinis
1008 2257 1234 2333 hujusce
1254 2259 1442 2330 pelago
1467 2274 1569 2315 nos
1591 2261 1984 2316 commisimus.
2008 2261 2163 2316 Tunc

583 2342 824 2400 Joannes
852 2347 925 2400 ita
963 2347 1289 2417 Symeonem
1319 2350 1647 2419 compellat:
1687 2350 1828 2416 Quid
1862 2351 2023 2405 modo
2056 2352 2165 2407 est?

584 2432 859 2499 Quorsum
888 2438 1199 2493 tendimus?
1234 2438 1331 2493 Cui
1372 2439 1462 2494 ille
1494 2455 1507 2491 :
1545 2440 1842 2511 Pergamus
1871 2441 1939 2495 ad
1971 2442 2163 2498 dexte-

586 2540 745 2580 ram:
806 2528 1066 2601 quidquid
1109 2530 1258 2584 enim
1306 2531 1590 2588 dexterum
1641 2541 1747 2598 est,
1799 2533 2023 2597 bonum
2055 2544 2157 2589 est.

583 2615 812 2687 Jamque
836 2628 1043 2675 tantum
1071 2621 1173 2676 viae
1201 2630 1357 2677 erant
1385 2624 1618 2687 emensi,
1655 2633 1713 2678 ut
1740 2624 1807 2678 ad
1839 2641 1988 2680 mare
2017 2626 2161 2680 Mor-

589 2719 744 2765 tuum
771 2712 880 2785 (ει)
911 2714 1163 2769 venirent
1194 2730 1385 2770 versus
1412 2715 1657 2781 ﬂuvium,
1693 2718 2018 2785 cui,nomen
2061 2721 2163 2772 Ar-

591 2818 704 2858 non
737 2804 873 2875 (‘25).

654 2895 744 2949 21.
788 2896 902 2953 Deo
944 2908 1126 2954 autem
1168 2899 1541 2969 dispensante,
1583 2912 1639 2958 et
1688 2918 1967 2973 nunquam
2008 2904 2164 2959 dese-

589 2995 746 3041 rente
776 2988 914 3053 illos,
946 2990 1038 3059 qui
1070 2998 1184 3045 toto
1212 2993 1394 3047 animo
1425 2993 1480 3046 in
1504 3008 1630 3047 eum
1662 2995 1967 3060 conﬁdunt,
2003 2994 2162 3049 inve-

590 3091 793 3137 nerunt
817 3081 997 3140 locum
1043 3084 1229 3154 (quem
1282 3100 1452 3141 senex
1475 3086 1695 3155 quidam
1734 3086 1887 3157 prius
1913 3088 2163 3143 incolue-

590 3183 694 3241 rat,
720 3173 814 3229 sed
839 3176 930 3245 qui
960 3176 1072 3246 jam
1092 3177 1281 3247 paucis
1304 3186 1431 3233 ante
1457 3178 1648 3233 diebus
1670 3190 1899 3234 mortem
1930 3180 2161 3248 obierat)

591 3267 646 3320 in
700 3282 810 3336 quo
862 3268 1073 3324 modica
1129 3278 1247 3324 erat
1298 3271 1563 3341 supellex,
1607 3286 1823 3326 necnon
1871 3272 2053 3328 herbae
2095 3274 2163 3328 ad

590 3359 921 3415 vescendum
959 3370 1123 3431 gratae
1150 3368 1207 3417 et
1243 3362 1505 3428 delicate,
1550 3364 1747 3432 quibus
1781 3365 1944 3419 etiam
1999 3365 2166 3421 vitam

590 3449 800 3505 aluerat
837 3465 1004 3506 senex
1038 3452 1152 3516 ille,
1179 3453 1272 3522 qui
1321 3454 1395 3509 ibi
1432 3454 1670 3525 jacebat.
1709 3454 1909 3510 Locum
1942 3458 2166 3527 conspi-

591 3538 720 3599 cati.
746 3554 857 3593 non
882 3555 1040 3596 secus
1066 3552 1193 3598 sunt
1222 3544 1411 3614 gavisi,
1471 3560 1633 3615 quam
1661 3546 1706 3601 si
1738 3547 2055 3602 thesaurum
2086 3548 2167 3601 in-

592 3630 905 3711 venissent.
927 3632 1094 3703 Igitur
1124 3633 1225 3688 viri
1250 3633 1346 3700 illi,
1374 3636 1522 3689 omni
1546 3637 1821 3706 prteconio
1848 3637 2165 3693 celebrandi

595 3732 740 3789 (eum
771 3722 972 3793 quippe
1001 3733 1273 3780 noverunt
1297 3725 1465 3780 fuisse
1492 3734 1855 3796 praeparatum
1884 3727 2167 3794 divinitus,

592 3823 649 3867 et
678 3812 941 3881 oblatum)
973 3814 1085 3868 Deo
1112 3824 1168 3869 et
1216 3830 1412 3885 magno
1468 3817 1543 3869 illi
1606 3817 1721 3871 seni
1768 3818 1968 3887 gratias
2010 3834 2167 3889 agere

592 3915 903 3975 coeperunt.
928 3905 1223 3960 Enimvero
1242 3945 1257 3970 ,
1286 3908 1505 3961 aiebant
1532 3920 1546 3959 :
1576 3906 1850 3963 Orationis
1878 3910 1997 3980 ejus
2028 3927 2166 3980 prte-

595 3996 735 4049 sidio
760 3996 989 4051 feliciter
1013 3996 1171 4051 nobis
1197 3995 1572 4051 successithoc
1594 3997 1715 4051 iter.
1742 3997 1934 4053 Paucis
1966 3998 2168 4055 ibidem

595 4086 800 4139 exactis
828 4086 1040 4147 diebus,
1072 4102 1357 4141 servorum
1399 4086 1599 4141 Christi
1634 4087 1891 4143 virtutem
1928 4106 2037 4144 non
2086 4090 2168 4145 fe-

597 4189 722 4227 rens
754 4175 1056 4230 animarum
1106 4188 1413 4231 nostrarum
1462 4179 1637 4234 hostis
1682 4179 1955 4243 diabolus,
1988 4182 2167 4252 impu—

596 4280 761 4337 gnare
789 4284 884 4324 eos
924 4270 1112 4339 coepit,
1146 4267 1407 4324 Joannem
1438 4271 1659 4340 quidem
1702 4274 1907 4336 uxoris,
1944 4273 2169 4342 Symeo-

593 4380 719 4419 nem
750 4372 931 4419 autem
970 4380 1167 4434 magno
1211 4380 1339 4433 erga
1395 4372 1626 4418 matrem
1680 4365 1898 4420 affectu.
1936 4366 2166 4432 Quando

595 4454 775 4522 itaque
811 4469 951 4508 unus
982 4468 1047 4507 ex
1088 4453 1194 4507 illis
1217 4453 1473 4507 afﬂictum
1502 4469 1560 4508 se
1594 4453 1744 4518 vidit,
1794 4455 1972 4509 statim
2008 4458 2163 4512 alteri

2264 1988 2480 2055 ἔλεγον*
2523 1988 2581 2041 '0
2612 1990 2746 2052 Θεὸς
2770 1984 3088 2041 τοῦ.δούλου
3113 2004 3207 2040 σου
3236 1984 3328 2039 τοῦ
3363 1986 3622 2056 μεγάλου,
3649 1984 3871 2053 ssen-

2266 2094 2363 2132 σον
2404 2080 2554 2149 ἡμᾶς
2600 2080 2727 2142 τοὺς
2768 2079 2957 2145 ξένους
3005 2078 3099 2131 καὶ
3144 2076 3567 2148 ἁπεριστάτους,
3608 2076 3703 2128 ὅτι
3737 2074 3867 2126 οὔτε

2262 2172 2390 2233 τοὺς
2420 2172 2664 2235 τόπους,
2720 2171 2846 2225 οὔτε
2894 2171 2996 2239 τὴν
3046 2171 3232 2241 χώραν
3282 2169 3652 2239 ἐπιστάμεθα.
3686 2168 3871 2220 Ἀλλὰ

2264 2262 2400 2334 πρὸς
2431 2263 2490 2315 σὲ
2522 2264 2835 2333 ἐρχόμενοι,
2869 2262 3270 2333 παρεδώκαμεν
3302 2261 3529 2329 ἑαυτούς
3571 2260 3655 2322 είς
3689 2259 3872 2312 θάνα-

2260 2369 2374 2411 τον.
2410 2354 2490 2415 είς
2518 2352 2579 2405 τὸ
2605 2353 2840 2421 πέλαγος
2860 2354 2959 2422 τῆς
2986 2353 3194 2423 ἐρήμου
3224 2352 3455 2420 ταύτης.
3497 2352 3668 2417 Λέγει
3707 2346 3813 2402 οὖν
3840 2353 3869 2402 ό

2274 2442 2529 2512 Ἰωάννης
2548 2442 2624 2513 τῷ
2648 2444 2719 2495 Συ
2731 2443 2875 2512 μεὼν
2900 2458 2914 2472 ·
2940 2444 3005 2496 Τί
3029 2444 3177 2495 ἐστιν
3201 2443 3358 2513 ἀρτις
3384 2442 3493 2495 Ποῦ
3521 2443 3865 2511 but-irony;

2276 2534 2576 2605 Ἀπεκρίθη
2608 2535 2758 2606 αὐτῷ
2793 2536 3023 2599 ἐκεῖνος,
3070 2532 3321 2603 βάλωμεν
3348 2532 3516 2596 δεξιὰ,
3543 2532 3623 2585 ὅτι
3658 2532 3772 2585 ὅλα
3794 2532 3865 2583 τά

2262 2627 2433 2690 δεξιὰ,
2488 2628 2631 2681 καλά
2681 2629 2840 2681 εἰσιν.
2879 2626 2988 2679 Καὶ¹
3042 2624 3325 2696 ἐρχόμενοι
3361 2626 3724 2695 κατήντησαν
3766 2626 3865 2675 ἐπὶ

2262 2717 2360 2789 τὴν
2388 2718 2607 2790 Νεκράν
2642 2718 2939 2782 θάλασσαν,
2973 2716 3048 2780 ὡς
3079 2716 3171 2769 ἐπὶ
3199 2714 3287 2768 τὸν
3318 2715 3615 2784 λεγόμενον
3656 2715 3861 2784 Ἀρνο-

2264 2827 2381 2865 ναν.

2335 2909 2441 2957 καθ.
2477 2902 2585 2958 Τοῦ
2621 2903 2757 2957 Θεοῦ
2806 2903 2865 2957 δὲ
2907 2902 3388 2973 οίκονομήσαντος,
3430 2902 3524 2955 καὶ
3575 2901 3867 2972 μηδέποτε

2263 2995 2391 3057 τοὺς
2424 2995 2503 3057 είς
2522 2994 2680 3048 αὐτὸν
2702 2994 3058 3055 πιστεύοντας
3111 2991 3389 3062 όλοψύχως
3430 2991 3869 3060 ὲγκαταλιμπά‹

2265 3102 2467 3148 νοντος,
2496 3077 2655 3155 εὗρον
2672 3085 2860 3148 τόπον,
2877 3081 3007 3138 ἔνθα
3029 3081 3162 3157 ᾤκει
3187 3100 3273 3144 τις
3300 3082 3497 3151 γέρων,
3517 3081 3625 3151 πρὸ
3648 3082 3869 3147 ὀλίγων

2264 3176 2491 3249 ἡμερῶν
2520 3176 2872 3248 τελευτήσας,
2908 3176 2967 3229 ὲν
3003 3169 3048 3243 ᾧ
3077 3175 3320 3246 ὑπῆρχον
3351 3175 3445 3230 καὶ
3464 3177 3638 3245 μικρά
3654 3175 3865 3241 σκεύη,

2268 3272 2362 3325 καὶ
2392 3270 2613 3340 βοτάναι
2639 3268 2911 3339 τρυφερά).
2956 3269 3037 3332 είς
3081 3268 3141 3321 τὸ
3186 3267 3387 3321 ἐσθίειν
3422 3268 3643 3329 αὐτοὺς,
3680 3266 3745 3329 ἐξ
3785 3258 3867 3318 ὧν

2267 3361 2454 3430 ἢσθιεν
2485 3362 2517 3414 ό
2551 3361 2751 3431 γέρων,
2793 3363 2822 3414 ὁ
2849 3361 3027 3413 ἐκεῖσε
3050 3357 3329 3428 κείμενος.
3371 3358 3599 3421 Ἰδόντες
3638 3353 3742 3410 οὖν
3772 3358 3867 3409 τον

2267 3452 2428 3505 τόπον
2456 3453 2504 3505 οξ
2533 3452 2787 3521 ἀοίδιμοι,
2839 3450 3251 3522 εὐφράνθησαν,
3290 3450 3367 3513 ὥς
3396 3467 3519 3503 τινα
3574 3448 3866 3518 θησαυρλιν

2268 3538 2447 3613 εὗρον.
2482 3545 2768 3613 Ἔγνωσαν
2801 3544 2911 3611 γὰρ
2959 3544 3043 3596 ὅτι
3076 3542 3185 3595 ὑπὸ
3217 3540 3355 3596 Θεοῦ
3397 3539 3742 3613 ἡτοιμάσθη,
3772 3544 3867 3592 καὶ

2270 3634 2526 3705 ἐπέμφθη
2560 3635 2767 3698 αὐτοῖς,
2797 3635 2891 3688 καὶ
2936 3634 3173 3705 ἤρξαντο
3211 3633 3565 3705 εὐχαριστεῖν
3607 3631 3687 3701 τῷ
3721 3632 3864 3699 Θεῷ,

2270 3729 2364 3780 καὶ
2400 3727 2479 3798 τῷ
2509 3726 2729 3797 μεγάλῳ
2760 3725 3233 3795 γέροειτιρἝλεγον
3262 3725 3370 3794 γάρ
3390 3740 3403 3753 °
3430 3725 3767 3789 Πίστευσον,
3798 3723 3867 3774 δι’

2269 3819 2441 3889 εὐχῶν
2478 3818 2645 3873 αὐτοῦ
2694 3816 3161 3887 κατευοδὼθημεν.
3207 3816 3294 3879 Ὠς
3340 3812 3434 3867 οὖν
3486 3814 3724 3883 ἔμειναν
3757 3814 3865 3865 ὀλί-

2269 3926 2372 3973 γας
2398 3908 2633 3979 ἡμέρας,
2654 3905 2729 3977 μὴ
2759 3906 2940 3976 φέρων
2968 3907 3068 3975 τὴν
3089 3906 3291 3977 ἀρετὴν
3322 3904 3431 3957 τῶν
3456 3904 3711 3975 Χριστοῦ
3742 3905 3862 3956 60:3-

2268 4001 2375 4053 λων
2403 4003 2430 4053 ὁ
2458 4001 2655 4071 ἐχθρὸς
2694 3999 2803 4052 τῶν
2823 3999 3012 4069 ψυχῶν
3040 3998 3198 4068 ἡμῶν
3223 3997 3495 4059 διάὸολος,
3528 3996 3742 4067 ἤρξατο
3769 4014 3860 4049 πο-

2268 4094 2452 4162 λεμεῖν
2480 4090 2702 4155 αὐτοὺς,
2729 4090 2818 4143 τὸν
2850 4092 2951 4161 μὲν
2992 4090 3248 4160 Ἰωάννην
3291 4091 3371 4151 εἰς
3400 4089 3501 4157 τὴν
3528 4086 3737 4140 ἑαυτοῦ
3775 4105 3863 4155 γυ-

2268 4186 2451 4243 ναῖκα,
2482 4183 2574 4235 τὸν
2600 4182 2655 4234 δὲ
2690 4181 2915 4252 Συμεὼν
2939 4183 3017 4243 είς
3042 4180 3141 4251 τὴν
3172 4180 3395 4249 ἀγάπην
3409 4180 3510 4249 τὴν
3532 4180 3744 4249 πολλὴν
3766 4180 3861 4247 τῆς

2269 4275 2463 4328 ἑαυτοῦ
2497 4276 2719 4346 μητρός.
2753 4275 2881 4327 Ὅτε
2910 4270 3003 4327 οὖν
3045 4273 3273 4327 ἔϐλεπεν
3322 4273 3521 4326 ἑαυτὸν
3548 4267 3639 4336 εἷς
3666 4274 3724 4339 ἐξ
3758 4273 3855 4325 αὐ-

2269 4367 2374 4420 τῶν
2402 4367 2738 4433 θλιϐόμενον,
2775 4365 2976 4427 εὐθέως
3006 4364 3193 4431 ἔλεγεν
3221 4363 3301 4434 τῷ
3344 4365 3520 4433 ἑτέρῳ
3540 4381 3555 4395 ·
3602 4366 3853 4427 Ἀνάστα,

2270 4458 2485 4526 ἀδελφέ,
2521 4457 2825 4528 εὐξώμεθα.
2869 4456 2978 4510 Καὶ
3011 4455 3242 4526 ηύχοντο
3293 4455 3393 4527 τὴν
3422 4457 3600 4527 εὐχὴν
3639 4458 3734 4509 τοῦ
3767 4474 3855 4524 με-

594 4545 732 4599 dixit
759 4561 771 4596 :
800 4544 992 4615 Surge,
1026 4544 1209 4607 frater,
1242 4559 1480 4599 oremus.
1518 4546 1582 4598 Et
1607 4548 2161 4613 usurparuntoratio-

2268 4549 2433 4617 γάλου
2467 4548 2719 4621 γέροντος
2740 4563 2753 4578 ·
2788 4545 2993 4617 ηὔξατο
3020 4548 3152 4615 γάρ,
3181 4546 3264 4597 ὅτι
3289 4547 3388 4609 Δὸς
3411 4548 3627 4610 αὐτοῖς,
3662 4546 3851 4614 Κύριε,

594 4651 719 4688 nem
744 4634 920 4705 magni
952 4634 1117 4689 senis.
1149 4634 1408 4689 Oraverat
1428 4634 1613 4688 enim:
1647 4633 1719 4687 Da
1752 4634 1876 4696 illis,
1906 4634 2159 4700 Domine,

598 4725 937 4781 utorationis
976 4726 1141 4795 hujus
1170 4740 1450 4780 sermones
1489 4724 1639 4779 cordi
1691 4740 1792 4780 suo
1824 4724 2159 4796 insculpant.

2268 4644 2394 4704 τοὺς
2416 4640 2609 4707 λόγους
2655 4640 2753 4708 τῆς
2798 4639 2965 4707 εὐχῆς
2992 4637 3198 4707 ταύτης
3228 4639 3286 4689 ὲν
3307 4640 3372 4706 τῇ
3414 4639 3630 4711 ’καρδία
3656 4637 3849 4691 αὐτῶν.

2274 4731 2383 4785 Καὶ
2404 4730 2609 4793 εὐθέως
2634 4730 2684 4781 οἱ
2706 4728 2801 4781 δύο
2830 4728 3160 4799 εὑρέθησαν,
3190 4726 3557 4796 γινώσκοντες
3589 4729 3763 4797 αὐτὴν
3790 4729 3852 4779 ἐκ

2093 4884 2333 4949 NO'I‘IE.

670 4974 780 5041 (Ἃ)
832 4975 1027 5043 Ingens
1068 4974 1217 5028 lacus
1249 4971 1552 5049 Palaestinae
1596 4972 1682 5049 adﬂ
1720 4973 2035 5049 meridiem,
2097 4982 2154 5049 et

2268 4980 2400 5033 τῖτιν
2428 4979 2626 5049 λίμνην
2684 4978 2955 5049 ὲκδίόωσι,
3000 4974 3198 5047 ὁρίζων

597 5042 781 5100 Terrae
814 5042 1016 5097 sancta:
1063 5059 1253 5098 versus
1305 5043 1606 5106 Orientem,
1639 5042 1903 5097 Hebraica
1945 5044 2153 5113 phrasi,

600 5129 747 5168 mare
780 5114 979 5184 dictus,
1013 5114 1170 5181 quale
1198 5122 1424 5169 vocatur
1454 5114 1632 5168 omnis
1663 5113 1934 5184 cupiosior
1988 5130 2157 5182 aqua-

600 5198 720 5236 rum
748 5183 1014 5236 collectio.
1048 5185 1318 5236 Mortuum
1355 5183 1745 5251 nuncupatur,’
1771 5183 1913 5252 quod
1948 5184 2156 5238 nullum

600 5256 781 5325 gignat
826 5252 1051 5321 piscem,
1109 5254 1382 5325 nullumve
1429 5253 1571 5307 aliud
1625 5254 1825 5307 animal
1871 5255 2157 5321 producat,

601 5323 695 5378 sed
742 5323 892 5377 lacus
930 5337 1157 5392 prorsus
1204 5324 1273 5377 sit
1321 5324 1708 5388 bituminosus,
1763 5324 2046 5393 pestilens,
2109 5333 2166 5377 et

602 5393 905 5458 horribilis,
935 5393 1077 5447 unde
1102 5398 1156 5463 et
1185 5392 1503 5463 Asphaltitcs
1534 5392 1840 5463 appellatur
1876 5409 1905 5446 a
1934 5395 2166 5463 scripto-

604 5408 905 5458 llOl‘l‘lDlllS,
935 5408 1077 5447 unde
1102 5408 1156 5445 et
1185 5408 1503 5459 Aspnauttcs
1534 5409 1562 5445 a
1610 5408 1840 5459 peuatur
1876 5409 1905 5446 a
1934 5408 2166 5463 scripto-

604 5463 755 5516 ribus
782 5464 983 5518 Graecis
1011 5478 1074 5517 ac
1104 5462 1331 5516 Latinis.
1359 5461 1520 5516 Plura
1555 5408 1708 5517 «iam:
1749 5463 2042 5517 Cotovicus
2071 5464 2167 5516 lti-

605 5535 802 5603 nerorii
832 5533 1301 5603 Hierosolymitani
1333 5532 1427 5585 lih.
1462 5548 1521 5593 It,
1552 5548 1675 5601 cap.
1713 5532 1821 5603 17η
1847 5586 1851 5593 ,

675 5602 788 5672 (‘23)
824 5600 1144 5672 Designatnr
1173 5602 1261 5656 hic
1289 5600 1749 5672 torrenqurnon,
1771 5601 1823 5654 ni
1853 5600 2045 5672 fallor,
2104 5602 2171 5657 de

603 5671 712 5741 quo
739 5671 1006 5740 Josephus
1038 5672 1131 5726 lib.
1171 5688 1223 5726 tv
1249 5672 1426 5739 Antiq.
1490 5671 1699 5725 Judaic.
1722 5671 1911 5741 Θαρῆν
1947 5672 2039 5722 ἐπὶ
2081 5689 2177 5723 πο-

3225 4976 3321 5045 τὴν
3343 4992 3403 5028 τε
3430 4974 3723 5045 Μωαοῖῖτιν
3759 4978 3849 5026 καὶ

2274 5043 2590 5119 ῘΑμορῖτινί
2615 5049 2685 5117 γῆ
2708 5049 2752 5101 δ’
2774 5048 2932 5119 αὕτη
2963 5043 3312 5119 καρποφόρος
3336 5046 3461 5119 fata}.
3514 5043 3729 5119 πλῆθος
3757 5046 3847 5095 ἀνε-

2266 5114 2500 5189 θρῶπων
2525 5114 2639 5172 ἴσον
2668 5114 2778 5180 τοῖς
2804 5114 2934 5189 παρ’
2955 5114 3140 5189 αὐτοῖς
3157 5114 3386 5189 ἀγαθοῖς
3414 5114 3578 5189 ἱκανὴ
3607 5114 3848 5189 τρέφειν.

2269 5183 2511 5242 Pervenit
2546 5190 2616 5241 ad
2659 5183 2915 5256 ﬂuvium}
2956 5187 3045 5255 qui
3096 5186 3404 5238 nominatur
3431 5185 3639 5256 Arrian.
3678 5183 3734 5236 Is
3779 5192 3850 5235 est

2267 5258 2476 5311 Arabia:
2510 5254 2769 5311 montibus
2807 5254 3051 5317 exortus,
3084 5259 3348 5308 desertum
3400 5254 3630 5306 medium
3673 5269 3852 5319 perer-

2267 5344 2411 5391 rans,
2471 5329 2527 5381 in
2582 5326 2925 5396 Asphaltitem
2971 5325 3143 5377 locum
3204 5324 3414 5396 inﬂuit,
3463 5323 3742 5396 Μοξίνὲιιιῤ⁸
3783 5320 3849 5373 ab

2267 5398 2581 5451 Aman/uris
2606 5393 3008 5456 disterminans;
3053 5403 3230 5463 estque
3258 5395 3367 5446 hac
3396 5393 3538 5462 regio
3565 5393 3851 5463 frugifera.

2268 5477 2316 5521 et
2355 5469 2575 5537 fructus,
2598 5475 2866 5537 quantum
2897 5474 2973 5519 est
3003 5459 3155 5526 satis,
3192 5464 3380 5537 incolis
3416 5459 3748 5537 suppeditat.
3773 5459 3852 5513 Ita

2269 5531 2571 5605 Jos'ephus.
2597 5531 2764 5589 Porro
2813 5536 2868 5605 in
2906 5549 3010 5587 ms.
3044 5542 3233 5605 nostro
3262 5532 3471 5605 adjecta
3507 5531 3724 5605 modica
3759 5545 3856 5605 pa-_

2276 5600 2471 5677 ragoge
2515 5606 2775 5677 scribitur
2820 5604 3099 5674 Ἀρνονᾶν.
3125 5601 3491 5677 _Vocab_ulum
3542 5601 3723 5677 isthoc
3769 5600 3855 5677 vel

2276 5669 2384 5731 novn
2409 5669 2635 5731 invenit
2666 5675 2730 5729 in.
2754 5689 2854 5729 suo
2884 5669 3220 5743 apographo,
3262 5670 3737 5743 v_el_pra2tertnisit
3769 5669 3853 5721 in-

606 5740 778 5808 ταμδν
816 5742 1037 5820 ’Λρνῷη
1062 5742 1207 5820 ὃςιὲκ
1230 5741 1338 5820 τῷν
1363 5741 1465 5820 τῆς
1503 5740 1797 5820 ’ἀρρασίας
1827 5740 2162 5820 696316pr

2281 5757 2487 5816 terpres
2523 5746 2662 5815 apud
2692 5740 3176 5799 Surium'ad'diem
3214 5743 3233 5796 l
3268 5740 3415 5795 Julii.

617 5825 798 5875 μενος,
834 5809 926 5862 καὶ
954 5809 1042 5863 διὰ
1072 5811 1251 5877 πάσης
1285 5811 1491 5878 ἐρήμου
1533 5809 1690 5878 ρέῶν,
1722 5810 1805 5870 εἰς
1838 5809 2179 5878 τὴνἊσςαλ-

3314 5871 3346 5888 \
