4058 6432
172 446 331 511 1697

1464 443 1639 509 VITA
1670 445 1733 503 ὃ.
1772 438 2169 505 SYMEONIS.

3318 442 3449 504 I693

171 560 450 630 στήθους,
488 557 582 612 καὶ
619 557 790 621 αὐτὴν
808 545 1038 627 ηὔχοντο
1053 555 1280 609 πάντοτε
1304 558 1380 619 εἰς
1403 548 1633 610 ἕκαστον
1657 572 1773 608 πει-

1878 552 1943 608 E:
1993 563 2225 613 eventus
2272 554 2419 610 illico
2454 554 2638 611 docuit
2693 555 2881 611 ambos
2923 554 3064 608 hanc
3108 556 3358 611 calluisse
3387 576 3451 613 ex

173 650 429 720 ρασμὸν,
452 650 546 703 καὶ
569 650 648 712 εἰς
665 648 897 702 ἕκαστον
919 647 1131 717 αἴτημα
1152 647 1331 702 αὐτῶν
1355 646 1491 718 πρὸς
1507 647 1767 701 τὸνθεόν.

175 742 385 797 Ἔστιν
410 743 521 811 γὰρ
557 743 647 795 ὅτε
689 740 896 810 ὲπύρου
934 741 1135 804 αὐτοὺς
1168 742 1196 793 6
1240 740 1486 804 διάϐολος
1508 778 1524 805 ,
1552 738 1628 806 ὡς
1682 741 1769 807 ἐξα

174 837 381 901 ηγεῖτο
402 834 706 904 ὁθεοφόρος
719 833 906 897 Σαλὺς,
922 831 998 895 ὼς
1013 832 1109 885 ἐὰν
1133 832 1272 903 κρέα
1285 831 1377 887 καὶ
1397 825 1540 887 οἶνον
1560 833 1768 904 ἢσθιον,

173 924 287 975 καὶ
328 923 491 976 πάλιν
532 922 833 977 ὑπέϐαλλεν
871 922 1059 984 αὐτοῖς
1113 920 1263 991 παρά
1313 920 1413 985 τὰς
1452 921 1627 992 ἀρχὰς
1662 921 1773 973 δειφ

173 1008 337 1077 λίαν,
394 1016 487 1066 καὶ
543 1014 771 1084 ἀκηδίαν
804 1013 944 1084 πρὸς
980 1013 1079 1077 τὴν
1113 1012 1370 1083 ἄσκησιν,
1410 1012 1555 1066 ὥστε
1582 1011 1772 1079 διαφό-

179 1122 307 1175 ρως
332 1106 615 1176 ἐπιζητεῖν
648 1106 847 1168 αὐτοὺς
879 1105 1242 1175 ὑποστρέφειν
1285 1105 1365 1166 εἰς
1410 1105 1470 1157 τὸ
1498 1105 1772 1172 μοναστήδ

180 1214 314 1267 ριον
348 1199 456 1251 ἀπὸ
478 1198 579 1267 τῆς
606 1199 841 1268 ὲρήμου,
873 1196 1037 1251 πάλιν
1086 1195 1144 1249 δὲ
1200 1195 1341 1249 κατὰ
1390 1195 1517 1257 τοὺς
1571 1192 1772 1255 ὕπνους

176 1285 444 1358 θεωρεῖν.
472 1289 659 1340 Ἔστιν
704 1287 760 1340 δὲ
809 1288 897 1339 ὅτε
954 1286 1049 1339 κα)⁵
1094 1286 1153 1338 ὲν
1186 1283 1459 1355 φαντασίᾳ
1493 1285 1622 1346 τοὺς
1650 1286 1773 1337 ἐαυ-

174 1378 302 1431 τῶν
336 1379 519 1442 ἰδίους,
551 1378 675 1442 τοὺς
705 1378 803 1448 μὲν
828 1377 1144 1440 κλαίοντας,
1167 1377 1294 1439 τοὺς
1316 1376 1372 1429 δὲ
1395 1374 1775 1446 εύωχηθέντας

177 1471 612 1542 παρεσκεύαζεν
640 1474 667 1524 6
692 1469 1043 1542 πολύμορφος
1090 1469 1232 1537 ὄφις,
1270 1470 1361 1523 καὶ
1390 1467 1560 1521 πολλὰ
1585 1466 1771 1537 ἕτερα,

177 1561 217 1615 ἃ
242 1563 373 1615 οὐδὲ
404 1562 779 1634 ἐξηγήσασθαι
808 1563 1052 1629 δυνατὸν,
1080 1564 1127 1614 εἰ
1160 1563 1234 1632 μὴ
1267 1560 1473 1614 τούτων
1515 1560 1623 1613 τῶν
1661 1572 1775 1612 πει-

182 1654 428 1724 ρασμῶν
450 1656 506 1707 ὲν
543 1655 709 1725 πείρᾳ
741 1654 952 1722 γίνεταί
983 1671 1089 1716 τις.
1143 1652 1283 1705 Ἀλλ’
1311 1652 1476 1723 ἡνίκα
1503 1651 1549 1704 δ’
1572 1651 1637 1705 ἂν
1673 1653 1774 1719 έμ-

180 1746 493 1814 νημόνευον
522 1745 631 1798 τῶν
657 1746 961 1815 στεφάνων,
987 1744 1083 1808 οὓς
1121 1746 1201 1808 εἰς
1230 1743 1491 1816 ἀλλήλους
1526 1742 1778 1797 ἐθεάσαν-

176 1849 269 1898 το,
306 1834 403 1887 καὶ
437 1835 536 1905 τῆς
563 1836 934 1900 διδασκαλίας,
964 1836 1061 1888 καὶ
1092 1834 1199 1888 τῶν
1240 1834 1495 1905 δακρύων
1544 1833 1641 1887 τοῦ
1685 1833 1777 1901 γέ-

1870 657 2119 717 prompta
2150 647 2429 702 memoria.
2466 649 2533 703 Et
2565 663 2685 701 eam
2721 646 3071 711 adhibebant,
3097 648 3313 716 quoties
3339 658 3455 703 ten-

1873 737 2003 792 tatio
2046 737 2354 808 ingruebat,
2388 745 2483 791 aut
2519 737 2719 805 aliquid
2771 752 2801 790 a
2840 734 2952 790 Deo
2990 738 3267 805 petebant.
3307 735 3454 802 Qua-

1871 829 1997 885 dam
2018 829 2138 884 vice
2167 828 2460 898 instigabat
2479 843 2575 882 eos
2597 828 2865 894 diabolus,
2898 828 2973 883 uti
3000 826 3259 881 narrabat
3282 826 3455 882 deiter

1874 922 2054 985 Salus,
2087 922 2153 976 ad
2183 936 2342 975 usum
2381 922 2563 976 carnis
2595 921 2813 988 etvini;
2843 930 2897 975 ct
2941 920 2993 975 in
3019 918 3294 989 principio
3327 935 3456 989 sug-

1871 1013 2093 1084 gerebat
2139 1013 2410 1077 timorem,
2467 1023 2522 1068 et
2580 1022 2854 1083 torporem
2900 1013 2959 1067 in
3002 1013 3114 1067 vita
3165 1012 3400 1067 ascetica
3438 1026 3451 1062 :

1871 1106 2007 1159 adeo
2039 1113 2096 1158 ut
2130 1105 2292 1159 variis
2347 1106 2524 1160 modis
2572 1114 2869 1161 conaretur
2918 1119 3015 1160 eos
3068 1120 3137 1159 ex
3169 1119 3357 1159 eremo
3399 1102 3455 1157 in

1872 1196 2264 1249 monasterium
2315 1211 2597 1251 revocare.
2643 1195 2799 1250 Nunc
2838 1197 3041 1251 iterum
3075 1195 3322 1265 quasdam
3369 1209 3458 1248 re-

1873 1287 2239 1354 praesentabat
2278 1287 2331 1341 in
2376 1302 2606 1353 somno,
2654 1304 2804 1343 nunc
2851 1288 3150 1342 amicorum
3198 1284 3455 1355 aliquos:

1876 1376 1975 1431 bos
2020 1379 2236 1446 quidem
2289 1378 2505 1444 nentes,
2566 1382 2732 1436 hosce
2785 1381 2947 1452 genio
2999 1379 3348 1449 indulgentes
3403 1378 3457 1431 in

1874 1470 2109 1539 imagine
2153 1485 2417 1540 corporea
2461 1470 2785 1526 eil‘ormabat
2830 1470 3137 1540 versipellis
3161 1483 3225 1523 ac
3254 1476 3462 1523 tortuo-

1873 1573 1968 1612 sus
1992 1559 2235 1621 coluber,
2277 1571 2333 1615 et
2362 1562 2595 1630 plurima
2638 1564 2763 1627 alia,
2796 1579 2918 1632 quae
2960 1577 3254 1617 recensere
3297 1574 3462 1615 nemo

1874 1650 2036 1713 valet,
2070 1658 2269 1718 praeter
2310 1666 2458 1716 eum,
2509 1653 2599 1721 qui
2640 1654 2775 1707 tales
2819 1654 3154 1708 tentationes
3198 1662 3461 1722 expertus

1876 1740 2059 1795 fuerit.
2088 1743 2195 1797 Sed
2223 1743 2443 1812 quando
2464 1744 2893 1800 recordabantur
2922 1761 3273 1808 coronarum,
3315 1760 3453 1813 quas

1876 1832 2013 1885 alter
2036 1831 2093 1885 in
2119 1833 2291 1888 altero
2340 1836 2689 1904 contemplati
2735 1835 2976 1902 fuerant,
3020 1838 3461 1892 institutionum-

184 1940 401 1993 ροντος.
447 1926 636 1997 ὥσπερ
698 1925 862 1996 ἐλαίῳ
907 1926 1048 1997 ἁγίῳ
1078 1926 1490 1997 κατεπραΰνετο
1527 1923 1707 1978 αὐτῶν
1744 1924 1771 1993 ἡ

1878 1938 1982 1991 que
2017 1930 2071 1977 et
2095 1923 2454 1995 lacrymarum
2486 1926 2668 1991 senis;
2708 1940 2802 1980 cor
2829 1927 3048 1981 illorum
3082 1927 3237 1997 quasi
3270 1935 3462 1983 sancto

180 2016 415 2088 καρδία,
439 2018 533 2071 καὶ
560 2018 948 2089 παρεκαλεῖτο.

1879 2014 2115 2084 quodam
2143 2014 2266 2072 oleo
2298 2016 2602 2071 delibutum
2622 2019 2990 2075 recreabatur.

1644 2146 1874 2205 CAPUT
1926 2145 2016 2201 VI.

262 2271 637 2341 Apparitiones
657 2312 671 2337 ,
713 2274 1013 2334 orationes.
1048 2289 1284 2343 egressus
1321 2272 1596 2341 Symeoms
1629 2287 1690 2324 ex
1725 2286 1895 2350 eremo
1930 2270 1983 2322 in
2013 2268 2279 2339 publicum
2309 2287 2419 2340 pne
2448 2269 2559 2325 zelo
2592 2286 2929 2339 animarum,
2961 2273 3237 2328 occultata:
3281 2275 3396 2344 ejus

1692 2349 1944 2392 actiones.

260 2455 370 2524 κβκ
399 2452 684 2524 Ἐφαίνετο
723 2456 780 2509 δὲ
817 2456 1005 2519 αὐτοῖς
1043 2458 1162 2509 κατ’
1204 2456 1338 2526 ὄναρ
1394 2456 1489 2508 καὶ
1521 2456 1550 2508 6
1585 2453 1775 2526 κύριος

184 2543 403 2613 Νίκων,
437 2548 526 2601 ὁτὲ
559 2547 660 2618 μὲν
695 2547 964 2602 νουθετῶν
996 2549 1215 2613 αὐτοῖς,
1253 2546 1343 2601 ὁτὲ
1377 2548 1434 2601 δὲ
1472 2546 1775 2618 προσευχό-

188 2660 360 2712 μενος
393 2644 533 2715 ὑπὲρ
564 2643 766 2709 αὐτῶν,
794 2642 911 2698 ἐστι
941 2642 999 2695 δὲ
1026 2643 1115 2696 ὅτε
1164 2644 1261 2695 καὶ
1287 2641 1536 2711 ψαλμοὺς
1577 2639 1775 2701 αὐτοὺς

183 2735 486 2789 διδάσκων·
521 2736 616 2789 καὶ
637 2733 987 2799 ὲξυπνίζοντο
1015 2730 1469 2804 ἀποστηθίζοντες
1498 2732 1600 2785 ὅσα
1631 2731 1774 2785 κατά

184 2826 326 2889 τοὺς
358 2824 560 2889 ὕπνους
594 2826 789 2888 αὐτοὺς
824 2824 1124 2891 ἐδίδασκεν,
1160 2826 1253 2878 καὶ
1286 2819 1432 2894 εἶχον
1486 2822 1659 2893 χαρὰν
1679 2822 1774 2874 ἐπὶ

183 2916 360 2970 τοῦτο
387 2917 654 2987 μεγάλην.
710 2916 1042 2985 Ἐγίνωσκον
1090 2915 1201 2987 γὰρ
1230 2916 1313 2970 ὅτι
1344 2917 1498 2969 πονεῖ
1544 2916 1573 2967 6
1599 2914 1780 2984 γέρων

182 3008 260 3061 δι’
294 3007 515 3071 αὐτοὺς,
543 3007 639 3061 καὶ
669 3006 1145 3079 ὲπληροφοροῦντο
1178 3007 1235 3073 ἐξ
1273 3006 1454 3060 αὐτῶν
1489 3005 1598 3059 τῶν
1634 3022 1779 3076 πρα-

185 3098 448 3170 γμάτων.
479 3100 589 3151 Καὶ
612 3099 720 3171 γὰρ
747 3099 854 3169 πρὸ
884 3099 1064 3171 πάσης
1088 3099 1359 3169 αἰτήσεως
1376 3100 1441 3152 ὲκ
1462 3096 1598 3151 Θεοῦ
1622 3097 1779 3151 τοῦτο

188 3191 307 3262 πρὸ
344 3189 566 3243 πάντων
594 3189 980 3260 αἰτησαμένων
1014 3190 1364 3260 ἀμφοτέρων,
1399 3188 1493 3244 τοῦ
1538 3189 1639 3260 μὲν
1674 3190 1778 3242 Συ-

192 3282 371 3352 μεὼν,
404 3283 491 3335 ἵνα
520 3282 844 3353 παρακληθῇ
890 3284 924 3353 ἡ
968 3282 1168 3351 καρδία
1194 3282 1295 3353 τῆς
1344 3281 1553 3353 μητρὸς
1584 3282 1772 3345 αὐτοῦ,

189 3376 293 3428 καὶ
314 3375 704 3446 πληροφορηθῇ
732 3392 745 3406 ·
770 3375 864 3428 τοῦ
889 3375 946 3428 δὲ
976 3374 1247 3438 Ἰωάννου,
1283 3376 1371 3429 ἵνα
1398 3375 1773 3446 προσλάϐηται

1952 2452 2047 2505 22.
2099 2451 2155 2506 In
2209 2468 2403 2509 somno
2444 2454 2608 2508 etiam
2647 2454 2900 2525 apparuit
2936 2453 3043 2509 illis
3069 2453 3329 2510 dominus
3364 2452 3463 2508 Ni-

1880 2554 2023 2603 con;
2077 2557 2225 2597 nunc
2270 2558 2365 2598 eos
2414 2543 2712 2605 instruens,
2760 2559 2907 2598 nunc
2947 2559 3047 2613 pro
3097 2543 3231 2614 ipsis
3276 2560 3460 2601 orans.

1879 2629 2187 2699 Aliquando
2235 2632 2399 2685 etiam
2444 2647 2540 2688 eos
2582 2633 2811 2687 docebat
2862 2633 3135 2703 psalmos;
3185 2642 3242 2688 et
3267 2649 3467 2705 exper-

1880 2721 2012 2774 recti
2065 2721 2329 2776 memoria
2368 2723 2648 2787 tenebant,
2687 2723 2949 2793 quidquid
3001 2724 3058 2778 in
3106 2740 3300 2780 somno
3343 2725 3465 2780 illos

1879 2812 2160 2868 docuerat.
2193 2814 2251 2868 Id
2281 2815 2425 2883 quod
2456 2830 2652 2886 magno
2687 2817 2767 2870 eis
2806 2816 3004 2887 gaudio
3048 2816 3173 2871 fuit.
3206 2817 3469 2873 Sciebant

1885 2905 2035 2959 enim
2086 2921 2274 2959 senem
2328 2908 2573 2976 ipsorum
2625 2923 2791 2963 causa
2837 2908 3107 2973 laborare,
3153 2909 3221 2963 de
3257 2925 3367 2979 quo
3397 2923 3466 2964 ex

1883 2998 2049 3053 rebus
2083 2998 2219 3067 ipsis
2243 2999 2447 3053 ﬁebant
2472 2999 2758 3054 certiores.
2782 2998 2851 3054 Et
2891 3014 3023 3054 vero
3062 3015 3186 3055 cum
3211 3016 3323 3069 pra:
3344 3015 3467 3055 om-

1880 3092 2043 3146 nibus
2083 3101 2294 3162 peteret
2327 3102 2556 3163 uterque
2598 3108 2627 3147 a
2673 3092 2803 3157 Deo,
2836 3093 3070 3164 Symeon
3119 3094 3359 3163 quidem,
3406 3102 3467 3149 ut

1880 3199 1975 3238 cor
2029 3185 2221 3239 matris
2268 3186 2462 3240 solatio
2528 3193 2870 3239 recrearetur
2908 3194 2965 3239 et
3011 3186 3463 3252 conﬁrmaretur;

1879 3274 2118 3331 Joannes
2146 3285 2351 3342 autem,
2382 3286 2443 3332 ut
2470 3276 2612 3333 Deus
2638 3277 2923 3348 coniugem
2954 3293 3105 3331 suam
3136 3278 3465 3347 susciperet,

1880 3378 1933 3422 et
1968 3369 2207 3422 dolorem
2250 3384 2281 3423 e
2326 3371 2671 3439 separatione
2707 3369 2827 3438 ejus
2870 3378 3051 3425 ortum
3082 3385 3147 3424 ex
3168 3371 3350 3445 animo
3380 3370 3469 3425 fu-

188 3466 220 3518 6
248 3466 384 3529 Θεὸς
412 3466 510 3537 τὴν
537 3466 703 3519 αὑτοῦ
735 3466 984 3535 σύμϐιον,
1018 3466 1154 3535 πρὸς
1189 3467 1247 3519 τὸ
1293 3468 1638 3537 ἀποκοπῆναι
1676 3468 1774 3537 τὴν

1880 3466 2065 3526 garet;
2100 3468 2390 3527 utrumque
2411 3459 2683 3514 exaudivit
2718 3462 2886 3525 Deus,
2915 3460 3008 3530 qui
3034 3460 3188 3525 dixit,
3208 3476 3266 3515 se
3287 3461 3465 3516 factu-

193 3558 387 3626 σχέσιν
416 3559 586 3629 αὐτῆς
619 3559 727 3611 ἀπὸ
771 3559 871 3629 τῆς
918 3560 1125 3621 ἐννοίας
1159 3559 1344 3623 αὐτοῦ,
1398 3561 1717 3628 είσήκουσεν
1750 3561 1780 3612 6

190 3650 334 3713 Θεὸς
365 3651 712 3721 ἀμφοτέρων,
760 3650 788 3701 6
816 3649 988 3703 εἰπὼν
1036 3649 1249 3720 θέλημα
1285 3649 1393 3702 τῶν
1428 3649 1777 3718 φοϐουμένων

191 3742 362 3795 αὑτὸν
396 3742 635 3812 ποιῆσαι.
671 3743 780 3796 Καὶ
804 3741 897 3796 δύο
925 3742 1063 3795 ὲτῶν
1095 3741 1505 3812 παρελθόντων,
1540 3740 1778 3811 ἐπληρο-

192 3833 413 3905 φορήθη
439 3834 469 3886 6
524 3834 685 3906 κῦρις
726 3832 955 3905 Συμεὼν
992 3834 1059 3887 ἐκ
1089 3832 1247 3900 Θεοῦ,
1283 3834 1367 3887 ὅτι
1392 3833 1597 3895 ἄλυπός
1632 3835 1778 3885 ἐστιν

193 3926 229 3995 ἡ
260 3926 448 3997 μήτηρ
474 3925 639 3979 αὑτοῦ
691 3928 818 3997 περὶ
851 3925 1041 3991 αὑτοῦ,
1092 3925 1186 3979 καὶ
1228 3926 1311 3978 ὃτι
1358 3925 1608 3992 φαίνεται
1642 3923 1777 3993 αὐτῇ

192 4017 342 4069 κατὰ
357 4016 549 4081 νύκτα,
576 4017 671 4069 καὶ
700 4015 1104 4086 παραμυθεῖται
1124 4014 1314 4079 αὐτὴν,
1340 4015 1433 4066 καὶ
1465 4012 1612 4081 λέγει
1642 4013 1777 4083 αὐτῇ

191 4109 262 4177 τῇ
296 4104 485 4177 Σύρων
537 4106 836 4177 διαλέκτῳ·
877 4106 1145 4176 Λαδέχρε,
1199 4104 1381 4175 λιχὲμ,
1413 4106 1441 4157 ὃ
1483 4106 1649 4169 ἐστιν,
1687 4103 1779 4167 Μὴ

194 4199 393 4263 λυποῦ,
433 4199 629 4269 μῆτερ’
681 4200 776 4252 καὶ
826 4197 936 4268 γὰρ
963 4196 1145 4259 καλῶς
1193 4198 1359 4267 ἐσμεν
1399 4194 1575 4265 κάγὼ,
1628 4195 1778 4248 καὶὸ

194 4288 358 4360 κῦρις
391 4288 670 4356 Ἰωάννης,
704 4288 800 4342 καὶ
830 4286 1170 4356 ὑγιαίνομεν,
1212 4286 1307 4340 καὶ
1337 4285 1780 4356 ὲστρατεύθημεν

193 4383 277 4447 είς
328 4381 390 4433 τὸ
416 4381 674 4433 παλάτιον
702 4379 795 4433 τοῦ
850 4378 1113 4449 βασιλέως
1136 4421 1150 4444 ,
1196 4374 1289 4432 καὶ
1328 4379 1438 4432 ἰδοὺ
1479 4378 1779 4447 στεφάνους

195 4472 498 4544 φοροῦμεν,
537 4470 631 4535 οὓς
656 4471 915 4541 ἀνέδησεν
934 4473 1081 4542 ἡμᾶς
1108 4474 1137 4525 6
1170 4470 1444 4541 βασιλεὺς,
1466 4472 1561 4525 καὶ
1588 4470 1781 4533 στολὰς

194 4567 519 4636 εὐπρεπεῖς.
557 4563 721 4616 Ἀλλά
746 4562 1147 4635 παραμύθησαι
1191 4564 1284 4616 καὶ
1317 4563 1444 4626 τοὺς
1484 4565 1660 4632 γονεῖς
1684 4561 1779 4615 τοῦ

195 4653 430 4724 ἀδελφοῦ
454 4654 725 4717 Ἰωάννου,
745 4653 828 4705 ὅτι
853 4652 969 4722 μετ’
995 4651 1131 4721 ἐμοῦ
1159 4651 1306 4705 ἐστιν
1328 4649 1774 4721 ἐστρατευμένος.

207 4746 372 4801 ’Δλλὰ
404 4747 571 4818 μηδὲν
609 4744 911 4814 λυπηθῆτε.
962 4745 1073 4798 Καὶ
1115 4746 1145 4797 6
1198 4743 1373 4806 assa;
1431 4743 1488 4796 δὲ
1522 4742 1777 4812 Ἰωάννης

1884 3563 2004 3601 rum
2060 3550 2398 3606 voluntatem
2453 3552 2767 3606 timentium
2829 3568 2909 3608 se.
2965 3552 3033 3607 Et
3088 3553 3200 3622 jam
3250 3554 3467 3609 duobus

1884 3638 2087 3692 exactis
2134 3640 2313 3706 annis,
2354 3642 2611 3698 dominus
2656 3638 2893 3712 Symeon
2925 3643 3125 3698 certior
3162 3660 3193 3698 a
3243 3644 3353 3699 Deo
3383 3653 3467 3700 est.

1883 3728 2079 3795 factus,
2121 3732 2266 3800 quod
2304 3742 2480 3788 mater
2531 3750 2628 3789 sua
2681 3750 2845 3789 causa
2884 3750 2994 3788 non
3022 3736 3270 3801 doleret;
3315 3736 3465 3806 quod

1882 3829 2048 3875 noctu
2071 3822 2122 3875 ei
2146 3830 2457 3892 appareret,
2493 3833 2548 3879 et
2576 3824 2752 3894 ipsam
2784 3826 3182 3892 consolaretur,
3216 3839 3271 3882 et
3301 3828 3467 3883 dice-

1883 3920 1964 3965 ret
1998 3912 2217 3983 Syriaco
2243 3929 2497 3970 sermone
2524 3934 2537 3970 :
2584 3917 2886 3979 Ladecbre,
2914 3916 3160 3974 Licbem.
3194 3918 3306 3974 Hoc
3329 3927 3414 3976 est
3446 3939 3461 3977 :

1879 3999 1959 4057 Ne
1983 4002 2128 4074 luge,
2162 4014 2369 4072 mater;
2417 4008 2624 4063 etenim
2672 4009 2813 4065 belle
2869 4010 3136 4065 habemus
3172 4022 3227 4065 et
3264 4027 3364 4083 ego
3409 4022 3467 4067 et

1881 4094 2049 4150 frater
2070 4095 2328 4162 Joannes,
2360 4108 2416 4153 et
2444 4100 2707 4164 valemus,
2739 4111 2795 4155 et
2827 4102 3037 4157 militiae
3078 4118 3279 4158 nomen
3307 4104 3467 4158 dedi-

1882 4203 2005 4243 mus
2038 4189 2094 4243 in
2137 4190 2338 4259 palatio
2380 4191 2546 4261 regis,
2596 4200 2652 4246 et
2700 4208 2849 4254 ecce.
2881 4209 3112 4248 coronas
3144 4205 3421 4264 gestamus
3445 4238 3461 4260 ,

1881 4277 2082 4347 quibus
2108 4293 2204 4332 rex
2234 4293 2336 4332 nos
2370 4279 2570 4343 induit,
2612 4288 2669 4335 et
2715 4289 2891 4335 vestes
2917 4282 3210 4351 elegantes.
3247 4284 3319 4339 At
3363 4301 3463 4354 pa-

1882 4378 2064 4425 rentes
2108 4369 2218 4441 ('26)
2251 4386 2468 4440 quoque
2503 4373 2789 4428 consolare
2831 4374 3015 4428 fratris
3048 4373 3297 4441 Joannis,
3333 4379 3463 4446 quia

1883 4477 2095 4516 mecum
2153 4478 2259 4535 una
2305 4464 2520 4517 militat.
2570 4463 2899 4534 Neutiquam
2959 4481 3089 4536 ergo
3142 4467 3342 4536 lugete.
3397 4469 3465 4523 Et

1878 4546 2121 4604 Joannes
2155 4565 2373 4620 quoque
2409 4552 2694 4620 conspexit
2725 4552 2984 4623 aliquem,
3008 4553 3256 4608 candidis
3292 4556 3463 4610 vesti-

1883 4640 1987 4695 bus
2026 4641 2297 4707 indutum,
2327 4642 2421 4711 qui
2461 4641 2717 4698 dicebat:
2756 4644 2899 4699 Ecce
2946 4654 3157 4714 patrem
3185 4655 3336 4700 tuum
3363 4647 3462 4702 do-

1882 4731 1996 4787 lore
2024 4732 2293 4799 liberavi;
2336 4734 2628 4806 conjugem
2650 4751 2780 4791 vero
2812 4746 2959 4791 tuam
3014 4751 3046 4792 e
3090 4737 3231 4793 vivis
3272 4738 3457 4794 tollam

195 4833 340 4892 εἶδεν
370 4840 452 4894 ὅτι
486 4838 637 4907 λέγει
667 4834 816 4906 αὐτῷ
847 4852 931 4899 τις
959 4834 1141 4905 λευχει
1152 4833 1328 4903 μονῶν
1352 4849 1365 4863 ·
1390 4832 1523 4885 Ἰδοὺ
1552 4832 1644 4885 τὸν
1680 4832 1775 4902 μὲν

1884 4826 2221 4897 propediem.

196 4932 414 4999 πατέρα
446 4947 539 4982 σου
571 4930 776 4984 ἄλυπον
807 4928 1063 4999 ἐποίησα,
1107 4926 1206 4999 τὴν
1234 4926 1293 4978 δὲ
1326 4924 1559 4994 γυναῖκά
1587 4941 1680 4977 σου
1721 4925 1780 4977 ὲν

193 5023 422 5086 ταύταις
449 5023 658 5093 προσλα
666 5021 966 5090 μὸἀνομαι.

266 5121 374 5183 κγ’.
419 5114 789 5184 Ἐξηγήσαντο
808 5110 902 5166 οὖν
926 5109 1178 5178 ἀλλήλοις
1204 5109 1240 5163 ἃ
1266 5108 1577 5179 ἐθεώρησαν
1601 5108 1778 5179 ἀμφό-

194 5222 370 5277 τεροι,
401 5205 498 5259 καὶ
514 5206 811 5275 ἐχάρησαν,
842 5204 936 5256 καὶ
975 5201 1253 5272 εὐφράνθη
1285 5200 1464 5253 αὐτῶν
1496 5202 1529 5270 ἡ
1559 5199 1776 5270 καρδία.

196 5299 310 5351 Καὶ
343 5298 479 5359 τέως
510 5297 572 5348 ὲκ
600 5294 695 5347 τοῦ
719 5293 980 5362 λογισμοῦ
1008 5292 1119 5345 τῶν
1141 5292 1345 5359 γονέων
1367 5292 1552 5345 αὐτῶν
1574 5292 1777 5354 εὐθέως

196 5388 482 5457 ἐκούφισεν
514 5387 711 5448 αὐτοὺς
742 5386 772 5436 6
800 5385 954 5447 Θεὸς.
989 5386 1098 5438 Καὶ
1138 5384 1330 5438 λοιπὸν
1364 5386 1423 5437 ὲν
1450 5385 1636 5437 ἀνέσει
1668 5384 1772 5453 ὑπ-

196 5481 367 5551 ῆρχον
395 5481 526 5550 μηδὲ
554 5480 689 5540 ὅλως
715 5476 1042 5545 λυπούμενοι
1077 5477 1209 5547 περὶ
1244 5474 1447 5530 αὐτῶν.
1473 5475 1612 5528 Ἀλλ’
1634 5476 1769 5529 ἀπόε-

198 5591 303 5637 νως
338 5573 432 5627 καὶ
467 5574 677 5634 ἀόκνως
701 5569 794 5623 τὸν
841 5570 940 5638 τῆς
986 5568 1271 5637 ἀσκήσεως
1308 5567 1407 5621 καὶ
1438 5567 1666 5638 ἡσυχίας
1694 5568 1773 5621 δι-

1949 5118 2041 5174 23.
2082 5117 2283 5187 Igitur,
2326 5134 2448 5189 quae
2500 5119 2733 5189 quisque
2788 5116 3190 5186 contemplatus
3258 5115 3458 5182 fuerat,

1879 5209 2018 5264 alter
2057 5210 2210 5264 alteri
2257 5211 2554 5277 narrabat;
2586 5218 2644 5265 et
2676 5209 3005 5281 gaudebant,
3051 5218 3109 5264 et
3134 5223 3233 5263 cor
3260 5223 3452 5264 eorum

1880 5299 2244 5354 exhilaratum
2274 5309 2377 5355 est.
2410 5299 2476 5355 Et
2505 5310 2639 5355 tunc
2656 5310 2945 5371 parentum
2977 5315 3105 5355 cura
3145 5300 3328 5354 statim
3375 5299 3453 5354 le-

1880 5388 2031 5443 vavit
2070 5389 2190 5445 illos
2225 5388 2410 5457 Deus;
2454 5400 2514 5445 et
2558 5391 2912 5461 imposterum
2956 5406 3082 5445 eam
3127 5390 3455 5454 omiserunt,

1882 5480 2019 5534 nihil
2042 5496 2268 5550 prorsus
2290 5482 2359 5537 de
2388 5482 2791 5551 ipsisdoientes
2816 5501 2831 5549 ;
2865 5482 2961 5537 sed
2987 5482 3105 5536 sine
3133 5482 3377 5535 molestia
3402 5491 3456 5535 et

1881 5573 2131 5645 segnitia,
2169 5576 2583 5630 exercitationis
2632 5584 2688 5631 et
2728 5574 2931 5630 silentii
2976 5589 3199 5629 cursum
3234 5588 3459 5644 perage-

1711 5684 1939 5744 ΝΟΤᾹΞ.

268 5786 377 5854 (26)
410 5784 685 5855 interpres
725 5778 867 5852 apud
906 5777 1134 5855 _Surium
1154 5776 1282 5855 legit
1308 5776 1360 5830 in
1387 5791 1616 5831 numero
1649 5778 1769 5832 sin-

201 5846 369 5926 gulari
423 5846 725 5926 parentem,
760 5846 1153 5911 'confnrmiter
1192 5846 1258 5900 ad
1296 5861 1382 5904 ea.
1438 5861 1559 5917 quae
1598 5862 1763 5917 supra

1880 5794 2003 5850 cap.
2028 5781 2088 5851 ,1,
2130 5779 2222 5835 ubi
2265 5778 2794 5851 narraturAJoannes
2836 5780 3010 5835 fuisse
3033 5780 3302 5851 ἀμήτωρ.
3341 5775 3453 5851 Nisi

1876 5849 1974 5917 per
1991 5850 2056 5903 τὸ
2090 5860 2372 5921 parentes,
2400 5851 2489 5906 hic
2519 5849 2761 5906 fortasse
2790 5849 3172 5921 signiﬁcentur
3201 5849 3383 5905 amici.
