4058 6426
614 436 747 501 1699

1627 427 1937 493 LEONTII
1979 427 2487 490 NEAPOLITANI
2526 428 2867 493 EPISCOPI

3738 436 3876 502 1700

608 546 739 601 baut
760 545 1052 609 continuo,
1074 542 1267 598 diebus
1290 558 1351 598 ac
1381 543 1664 599 noctibus:
1687 560 1786 598 seu
1808 544 1990 613 potius
2009 550 2181 595 tenta-

2293 541 2501 596 ετέλουν
2526 543 2725 614 δρόμον
2754 545 2841 599 διὰ
2873 545 3089 609 παντὸς,
3121 545 3332 615 ἡμέρας
3356 546 3453 600 καὶ
3482 548 3695 611 νυκτὸς,
3721 550 3775 602 ει
3804 554 3879 620 μὴ

611 642 972 706 tionem.quae
1002 652 1108 691 non
1141 636 1497 701 distrahebat,
1522 648 1577 691 et
1599 636 2044 700 sollicitudinem,
2065 650 2187 705 quae

609 729 834 783 minime
867 727 1215 791 sollicitabat,
1253 727 1483 782 assiduae
1535 728 1836 793 orationis;
1874 728 1999 797 quia
2033 727 2189 795 impi-

611 820 692 889 gri
746 817 980 887 Operarii
1042 824 1151 870 tam
1205 817 1592 887 compendiose
1666 806 2057 888 proﬁciebant,
2128 826 2191 873 ut

609 906 807 975 exiguo
835 915 1077 973 tempore
1126 906 1375 960 honorati
1405 905 1611 960 fuerint
1637 907 1836 961 divinis
1863 907 2185 972 visionibus,

610 1006 665 1049 et
710 996 986 1063 miraculis
1020 995 1349 1050 conﬁrmati.
1383 997 1518 1050 Nam
1555 1013 1725 1067 parvo
1767 1007 1889 1067 post
1917 1007 2185 1067 tempore,

610 1089 740 1142 dum
791 1096 1018 1155 uterque
1052 1088 1265 1142 silentio
1294 1099 1530 1153 vacaret,
1582 1090 1737 1159 quasi
1770 1090 2075 1159 addapidis
2106 1093 2191 1160 ja-

609 1185 756 1229 ctum
791 1191 821 1228 a
849 1190 907 1229 se
937 1185 1125 1230 mutuo
1154 1175 1495 1250 [distabant].
1542 1179 1649 1234 Sed
1690 1180 1835 1233 enim
1884 1181 1987 1234 hoc
2025 1180 2187 1234 etiam

612 1266 713 1319 sibi
760 1268 1244 1335 praescripserat“;
1303 1270 1407 1324 hoc
1461 1281 1545 1324 est
1610 1270 1837 1326 seorsim
1907 1273 2185 1339 secedere,

610 1360 829 1425 quando
883 1360 1021 1413 alter
1074 1360 1384 1430 singulatim
1428 1362 1497 1415 ab
1526 1364 1697 1417 altero
1747 1364 1960 1419 volebat
1991 1380 2186 1429 orare;

610 1460 690 1512 ut,
738 1451 782 1503 si
827 1450 1130 1505 inciderent
1171 1453 1271 1521 ipsi
1321 1454 1697 1523 cogitationes,
1740 1465 1833 1509 aut
1861 1457 2188 1528 negligentia

609 1541 918 1609 obreperet,
968 1543 1036 1596 ad
1089 1543 1319 1597 alterum
1370 1546 1674 1612 accederet,
1733 1557 1788 1600 et
1827 1548 1987 1602 ambo
2028 1549 2189 1602 simul

610 1632 782 1685 Deum
811 1633 1144 1699 invocarent,
1190 1644 1248 1688 ut
1281 1652 1310 1688 a
1342 1638 1640 1692 tentatione
1676 1638 2059 1694 liberarentur.
2095 1640 2191 1695 Die

608 1726 844 1793 quodam
874 1740 999 1778 cum
1048 1724 1279 1796 Symeon
1328 1728 1449 1782 loco
1492 1729 1598 1782 sibi
1652 1739 1911 1784 consueto
1953 1732 2187 1796 sederet,

608 1814 760 1868 videt
785 1829 844 1869 se
871 1815 925 1868 in
951 1818 1146 1871 ecstasi
1167 1818 1335 1872 veluti
1358 1820 1550 1874 adesse
1581 1821 1721 1890 apud
1747 1832 1976 1876 matrem
2004 1838 2182 1889 suam,

608 1914 963 1975 aegrotantem
985 1907 1205 1962 Edessze
1238 1909 1335 1978 (ibi
1365 1911 1509 1964 enim
1538 1882 1698 1981 erat),
1735 1920 1791 1966 et
1825 1913 1959 1968 dicit
1992 1917 2043 1969 ei
2079 1882 2184 1969 lin;
2218 1882 2259 1936 Β

613 2010 717 2064 μω
751 1995 967 2065 Syriaca
1001 2014 1013 2048 :
1050 1997 1153 2061 Qui
1188 1998 1357 2063 vales,
1392 2001 1604 2053 mater?
1636 2000 1702 2054 Et
1726 2018 1848 2056 cum
1889 2005 1977 2059 illa
2031 2007 2181 2061 dice-

610 2097 732 2142 ret:
768 2088 957 2154 Recte,
990 2090 1086 2153 ﬁli,
1116 2091 1203 2144 ille
1238 2106 1453 2145 rursum
1483 2106 1498 2145 :
1538 2091 1700 2159 Vade,
1735 2097 1833 2161 ait,
1878 2097 1945 2151 ad
1980 2114 2183 2169 regem,

611 2194 681 2233 Le
703 2190 885 2233 metue
919 2197 931 2232 :
966 2196 1105 2245 nam,
1132 2182 1312 2252 rogavi
1344 2183 1514 2249 illum,
1550 2193 1604 2238 et
1636 2185 1836 2240 bonum
1879 2188 1974 2243 tibi
2008 2189 2186 2244 locum

611 2272 955 2343 praeparavit,
981 2283 1055 2340 et,
1093 2273 1183 2328 ubi
1211 2274 1460 2339 voluerit,
1485 2284 1539 2331 te
1566 2292 1764 2347 sequar
1789 2279 1932 2335 illuc.

681 2450 772 2503 24.
812 2449 892 2504 Ad
919 2465 979 2504 se
1007 2466 1277 2517 reversus,
1329 2453 1596 2510 intellexit
1642 2473 1703 2510 ea
1740 2460 1854 2528 ipsa
1894 2462 2026 2517 hora
2074 2479 2186 2519 ma-

613 2552 752 2594 trem
803 2558 833 2595 e
880 2542 1017 2596 vivis
1056 2545 1380 2607 excessisse,
1424 2556 1477 2600 et
1530 2550 1802 2604 curriculo
1850 2566 2080 2609 currens
2118 2557 2185 2611 ad

612 2635 833 2688 fratrem
862 2634 1153 2699 Joannem,
1179 2636 1314 2690 dixit
1346 2653 1359 2688 :
1396 2636 1590 2709 Surge,
1625 2641 1866 2708 domine,
1888 2646 2187 2703 orabimus.

612 2729 860 2796 Cumque
900 2729 987 2782 ille
1016 2728 1329 2783 turbaretur
1369 2728 1738 2799 (existimabat
1779 2736 1924 2788 enim
1956 2738 2191 2806 aliquam

611 2821 970 2873 tentationem
1016 2820 1278 2875 accidisse
1312 2819 1562 2892 Symeoni
1588 2823 1628 2892 ),
1666 2824 1799 2879 dicit
1828 2825 2143 2899 ei38ymeon
2175 2848 2187 2883 :

610 2908 731 2965 Noli
787 2912 1016 2975 turbari,
1071 2911 1273 2979 frater;
1328 2915 1463 2967 nihil
1504 2916 1649 2969 enim
1703 2918 1829 2970 mali
1867 2920 2060 2983 habeo,
2101 2938 2193 2990 per

613 3001 807 3054 Deum.
848 3001 945 3055 Cui
998 3000 1283 3055 Joannes:
1324 3001 1389 3056 Et
1437 3020 1557 3073 qum
1601 3020 1764 3058 causa
1810 3007 1933 3061 talis
1976 3024 2189 3073 cursus,

2287 633 2378 686 τὸν
2408 635 2820 703 ἀπερίσπαστον
2882 639 3229 706 πειρασμὸν,
3272 640 3368 689 καὶ
3419 639 3521 708 τὴν
3574 641 3882 709 ἀμέριμνον

2292 722 2587 793 μέριμναν,
2618 723 2763 792 λέγω
2800 724 2865 795 δὴ
2905 728 3003 795 τῆς
3054 725 3401 780 ἀδιαλείπτου
3435 733 3771 799 προσευχῆς.
3804 730 3878 782 δι’

2287 807 2355 884 ἦς
2382 812 2476 866 καὶ
2504 812 2591 868 διὰ
2622 814 2913 884 συντομίας
2944 814 3259 884 προέκοψαν
3296 818 3343 869 οἱ
3384 818 3572 871 ἀοκνοι
3619 820 3877 886 ἐργάται,

2290 903 2432 957 ὥστε
2455 902 2572 977 [δι’]
2596 906 2654 957 ὲν
2688 906 2890 974 ὀλίγοις
2909 907 3121 977 χρόνοις
3154 908 3450 978 ἀξιωθῆναι
3477 910 3677 973 αὐτοὺς
3714 911 3881 964 θείων

2288 997 2553 1067 όράσεων,
2589 996 2683 1049 καὶ
2721 998 3104 1068 πληροφοριῶν
3152 1001 3247 1051 καὶ
3295 999 3615 1067 θαυμάτων.
3661 1001 3880 1069 Μικροῦ

2288 1092 2398 1161 γὰρ
2427 1090 2621 1160 χρόνου
2646 1090 3039 1159 παρελθόντος,
3090 1093 3184 1145 κα)⁸
3212 1093 3540 1161 ἀμφοτέρων
3574 1094 3880 1162 ἡσυχαζόν-

2289 1199 2421 1241 των,
2455 1181 2533 1242 ὡς
2574 1181 2682 1233 άπὸ
2722 1180 2875 1233 λίθου
2898 1180 3057 1250 βολῆς
3097 1181 3369 1251 ἀλλήλων.
3412 1177 3597 1233 Ἦσαν
3644 1184 3753 1250 γὰρ
3784 1185 3877 1233 καὶ

2289 1274 2447 1326 τοῦτο
2474 1274 2687 1333 ἑαυτοῖς
2713 1270 3176 1335 διατυπώσαντες,
3220 1272 3367 1325 τοῦτ’
3408 1273 3525 1325 ἐστι
3556 1274 3621 1326 τὸ
3663 1276 3875 1341 ἀναχω-

2294 1368 2406 1437 ρεῖν
2439 1362 2559 1417 κατ’
2591 1363 2745 1427 ἰδίαν,
2772 1364 2859 1415 ὅτε
2892 1362 3140 1432 βούλεται
3168 1366 3197 1416 6
3225 1363 3417 1426 καθεὶς
3438 1365 3496 1430 ἐξ
3527 1363 3706 1416 αὐτῶν
3740 1366 3876 1416 κατὰ

2295 1462 2459 1530 μόνας
2490 1459 2777 1526 εὔξασθαι.
2828 1458 3021 1511 Ἠνίκα
3045 1459 3103 1511 δὲ
3143 1458 3375 1512 ἔλθωσιν
3431 1459 3586 1527 αὐτῷ
3626 1460 3878 1526 λογισμοὶ

2289 1552 2324 1621 ἢ
2354 1551 2574 1620 ἀκηδία,
2602 1550 2857 1620 ἔρχεσθαι
2879 1550 3043 1605 αὑτὸν
3069 1552 3206 1620 πρὸς
3232 1552 3324 1603 τὸν
3344 1551 3537 1621 ἕτερον
3566 1551 3664 1604 καὶ
3684 1551 3879 1612 κοινῶς

2289 1643 2381 1694 τὸν
2425 1642 2557 1696 Θεὸν
2614 1642 2959 1711 παρακαλεῖν
2997 1640 3090 1694 τοῦ
3123 1642 3510 1711 ἀπαλλαγῆναι
3537 1641 3635 1693 τοῦ
3682 1657 3874 1708 amp:-

2292 1731 2454 1802 σμοῦ.
2495 1733 2586 1785 Ἐν
2621 1733 2718 1802 μιᾷ
2740 1728 2833 1784 οὖν
2862 1732 2969 1784 τῶν
3001 1732 3228 1803 ἡμερῶν
3251 1731 3567 1801 καθήμενος
3592 1731 3624 1782 6
3651 1729 3878 1799 Συμεὼν

2292 1827 2349 1877 ὲν
2378 1824 2454 1894 τῷ
2477 1823 2771 1893 εἰθισμένῳ
2802 1822 2951 1891 αὐτῷ
2974 1824 3143 1893 τόπῳ,
3168 1822 3366 1892 θεωρεῖ
3387 1822 3582 1874 ἑαυτὸν
3602 1823 3663 1873 ὲν
3683 1823 3876 1875 ἐκστά-

2290 1931 2393 1975 σει,
2409 1914 2598 1984 ῶσπερ
2611 1914 2864 1984 παρεῖναι
2881 1911 3013 1980 πρὸς
3030 1911 3127 1981 τὴν
3144 1910 3341 1963 ἑαυτοῦ
3379 1911 3595 1981 μητέρα
3625 1910 3877 1962 ἀσθενοῦς

2288 2023 2387 2060 σαν
2406 2005 2666 2075 ὲνἘδέσῃ
2684 2004 2916 2072 (ἐκεῖθεν
2937 2005 3045 2072 γὰρ
3067 1998 3180 2072 ἦν),
3206 2002 3302 2055 καὶ
3320 2002 3470 2069 λέγει
3494 2002 3635 2071 αὐτῇ
3656 2004 3716 2070 τῇ
3731 2001 3877 2069 Σύρᾳ

2288 2097 2469 2164 φωνῇ’
2509 2092 2632 2155 Πῶς
2662 2092 2827 2162 ἔχεις,
2865 2091 3073 2162 μῆτερ;
3107 2091 3219 2160 Τῆς
3246 2090 3305 2142 δὲ
3333 2089 3622 2158 είπούσης,
3664 2088 3873 2152 Καλῶς,

2288 2184 2497 2250 τέκνον,
2531 2181 2680 2249 λέγει
2705 2181 2842 2252 αὐτῇ
2881 2180 3071 2234 πάλιν·
3094 2179 3315 2247 ’Ὕπαγε
3346 2179 3484 2249 πρὸς
3504 2180 3600 2231 τὸν
3635 2178 3881 2248 βασιλέα,

2296 2278 2371 2349 μὴ
2419 2273 2684 2342 φοὸηυῇς,
2719 2271 2802 2324 ὅτι
2827 2269 3181 2340 παρεκάλεσα
3218 2268 3406 2331 αὐτὸν,
3460 2268 3561 2320 καὶ
3586 2268 3875 2338 ἡτοίμασεν

2293 2386 2374 2423 σοι
2412 2364 2576 2417 καλὸν
2606 2362 2793 2429 τόπον,
2814 2362 2909 2414 καὶ
2940 2360 3028 2412 ὅτε
3054 2359 3328 2429 βούλεται,
3365 2359 3558 2425 φθάνω
3586 2374 3646 2410 σε
3674 2359 3808 2411 ἐκεῖ.

2372 2461 2467 2514 κδ’.
2502 2458 2594 2521 Εἰς
2621 2456 2811 2509 ἑαυτὸν
2843 2455 2899 2507 δὲ
2931 2453 3124 2519 ἐλθὼν,
3160 2454 3300 2522 ἔγνω
3333 2456 3399 2522 τῇ
3448 2453 3589 2523 αὐτῇ
3632 2453 3751 2524 ὥρᾳ
3792 2469 3873 2505 τε-

2290 2552 2547 2618 λευτῆσαι
2570 2547 2668 2617 τὴν
2696 2548 2909 2617 μητέρα
2932 2546 3117 2609 αὐτοῦ,
3153 2549 3246 2598 καὶ
3276 2545 3524 2615 δρομέως
3545 2545 3714 2597 ἐλθὼν
3739 2548 3867 2613 πρὸς

2286 2643 2377 2695 τὸν
2407 2638 2636 2707 ἀδελφὸν
2666 2638 2943 2708 Ἰωάννην,
2974 2636 3123 2703 λέγει
3156 2636 3306 2705 αύτῴ
3331 2652 3344 2665 ·
3394 2638 3632 2688 Ἀνάστα
3655 2675 3671 2697 ,
3724 2636 3863 2706 κῦρι,

2288 2735 2587 2804 ποιήσομεν
2614 2731 2801 2801 εὐχήν.
2833 2729 2940 2781 Τοῦ
2985 2729 3042 2781 δὲ
3083 2729 3452 2799 ταραχθέντος
3519 2728 3715 2797 (ἐδόκει
3763 2731 3866 2796 γὰρ

2290 2823 2594 2894 πειρασμόν
2633 2838 2755 2873 τινα
2782 2821 3056 2889 συμϐῆναι
3105 2819 3186 2888 τῷ
3212 2818 3485 2886 Συμεὼν),
3534 2819 3683 2886 λέγει
3724 2819 3867 2885 αὖτῴ

2291 2914 2543 2985 Συμεὼν’
2574 2912 2756 2983 Μηδὲν
2784 2912 3084 2982 ταραχθῇς,
3118 2911 3336 2979 ἀδελφέ·
3383 2911 3507 2963 οὐδὲ
3540 2911 3650 2979 γὰρ
3689 2910 3792 2978 ἔχω
3816 2909 3871 2962 τί

2300 3024 2429 3060 ποτε
2463 3005 2635 3058 κακὸν
2676 3004 2763 3056 διὰ
2809 3004 2900 3056 τοῦ
2939 3003 3099 3057 Θεοῦ.
3134 3002 3304 3055 Πάλιν
3351 2997 3445 3054 οὖν
3483 3002 3636 3067 λέγει
3663 2999 3806 3070 αὐτῷ
3844 3003 3871 3053 ό

613 3088 776 3144 Pater
806 3091 1078 3161 Symeon?
1111 3091 1266 3161 (Nam
1312 3092 1559 3161 impense
1597 3097 1979 3163 venerabatur,
2013 3108 2067 3152 et
2098 3114 2192 3153 co-

2312 3094 2565 3165 ’ῐωάννης
2587 3109 2601 3122 ⁸
2639 3093 2748 3144 Καὶ
2768 3091 2853 3152 τίς
2880 3093 2913 3160 ἠ
2938 3090 3086 3143 αἰτία
3119 3089 3215 3142 τοῦ
3237 3088 3495 3140 τοσούτου
3529 3104 3624 3137 σου
3654 3086 3869 3155 δρόμου.

617 3182 763 3240 lebat
792 3187 877 3240 ille
905 3184 1256 3257 Symeonem,
1279 3187 1422 3241 sicut
1450 3187 1684 3259 Symcon
1717 3190 2192 3262 Joannem.)Tunc

2299 3187 2480 3257 Πάτερ
2507 3183 2766 3255 Συμεών;
2796 3183 2945 3235 Πάνυ
2969 3181 3079 3252 γὰρ
3105 3181 3271 3249 ὲτίμα
3298 3181 3391 3233 καὶ
3435 3178 3657 3231 ὲσέὸετο
3694 3178 3870 3239 αὑτὸν,

618 3276 791 3330 oculis
831 3276 961 3331 ﬂetu
1000 3277 1257 3346 perfusis,
1288 3286 1341 3331 et
1375 3294 1707 3348 gemmarum
1753 3283 1923 3337 instar
1950 3284 2195 3353 lacrymis

620 3368 678 3422 in
703 3378 891 3438 pectus
916 3370 1037 3439 ejus
1059 3370 1351 3424 decurrere
1380 3371 1787 3440 incipientibus,
1806 3375 1939 3429 dicit
1960 3374 2191 3429 Joanni:

617 3457 735 3514 Jam
770 3460 965 3514 bonam
1002 3476 1178 3514 meam
1205 3469 1259 3515 et
1288 3461 1631 3516 benedictam
1659 3472 1887 3519 matrem
1933 3465 2196 3521 Dominus

616 3550 686 3603 ad
719 3566 777 3604 se
810 3560 985 3604 vocat.
1020 3550 1085 3606 Et
1114 3552 1371 3604 narrabat
1398 3552 1449 3605 ei
1491 3553 1783 3616 visionem,
1817 3570 1882 3609 ac
1921 3553 2075 3608 ﬂexis
2104 3571 2196 3626 ge-

616 3643 783 3698 nibus
812 3644 1037 3697 orabaut
1065 3662 1077 3696 :
1119 3645 1550 3714 audtebaturque
1587 3644 1820 3716 Symeon
1853 3647 2019 3700 Deum
2048 3664 2195 3702 com-

616 3737 823 3806 pellare
851 3751 975 3790 vere
1017 3738 1421 3792 miserabilibus
1463 3748 1516 3793 et
1552 3740 1887 3808 supplicibus
1930 3741 2196 3794 sermoni-

617 3831 720 3883 bus
747 3830 891 3895 (nam
914 3830 1396 3882 commovebantur
1417 3838 1471 3882 et
1502 3830 1968 3883 conturbabantur
1990 3830 2195 3887 viscera

617 3922 756 3987 ejus,
793 3920 988 3972 affectu
1045 3920 1279 3972 naturali
1326 3931 1597 3973 commota
1629 3928 1665 3989 ),
1697 3929 1753 3974 et
1803 3921 2069 3976 clamabat
2103 3941 2114 3975 :
2151 3925 2194 3978 0

621 4010 784 4068 Deus.
822 4010 911 4077 qui
952 4007 1276 4061 sacrificium
1341 4008 1572 4062 Abrahae
1614 4008 1941 4077 suscepisti;
1986 4012 2076 4078 qui
2128 4011 2192 4063 ad

615 4097 826 4166 Jephta:
860 4099 1136 4151 victimam
1168 4097 1454 4166 respexisti
1479 4114 1493 4163 ;
1521 4098 1610 4166 qui
1646 4099 1787 4152 dona
1823 4099 2004 4153 Abelis
2036 4116 2193 4154 aver-

617 4200 767 4242 satus
802 4205 909 4245 non
943 4189 1089 4242 fuisti
1116 4205 1130 4254 ;
1160 4189 1250 4258 qui
1282 4205 1377 4258 per
1411 4189 1720 4243 Samuelcm
1746 4206 1974 4259 puerum
2018 4202 2191 4255 tuum,

616 4280 829 4332 Annam
854 4279 1244 4348 prophetissam
1279 4294 1398 4333 esse
1422 4280 1712 4333 ostendisti
1740 4296 1754 4343 ;
1787 4290 1843 4333 tu
1893 4280 2058 4345 idem,
2095 4282 2195 4335 Do-

616 4372 784 4432 mine,
820 4371 892 4425 mi
931 4371 1175 4436 Domine,
1210 4379 1430 4439 prepter
1476 4386 1564 4424 me
1613 4386 1828 4424 servum
1877 4379 2050 4435 tuum,
2078 4387 2196 4427 sus-

2296 3280 2484 3348 ῶσπερ
2503 3280 2774 3338 κάκεῖνος.
2795 3275 2930 3327 Τότε
2949 3271 3355 3342 περιχυθέντων
3372 3270 3540 3324 αὑτοῦ
3560 3268 3669 3321 τῶν
3682 3269 3871 3338 ὀφθαλ-

2300 3370 2416 3439 μῶν
2438 3368 2546 3421 ἀπὸ
2575 3366 2684 3419 τῶν
2713 3364 2986 3436 δακρύων,
3016 3364 3111 3415 καὶ
3155 3363 3485 3433 ἀρξαμένων
3514 3359 3870 3431 κατέρχεσθαι

2296 3460 2485 3530 ῶσπερ
2513 3457 2867 3529 μαργαριτῶν
2901 3456 2993 3508 ἐπὶ
3021 3455 3083 3507 τὸ
3114 3454 3312 3521 στῆθος
3337 3453 3525 3515 αὑτοῦ,
3546 3452 3696 3517 λέγει
3718 3452 3871 3512 αὐτὸς

2295 3548 2373 3617 τῷ
2401 3549 2647 3616 Ἱωάννγγ
2680 3548 2840 3615 ’Ἄρτι
2879 3545 2979 3611 τὴν
3017 3542 3188 3613 καλήν
3220 3559 3321 3612 μου
3359 3541 3574 3611 μητέρα
3598 3540 3695 3593 καὶ
3722 3539 3871 3591 e610-

2296 3641 2545 3708 γημένην
2569 3642 2597 3690 ὁ
2629 3637 2832 3707 Κύριος
2874 3636 3378 3707 προσλαμϐάνεται.
3414 3633 3526 3684 Καὶ
3573 3631 3875 3699 ἐξηγήσατο

2295 3729 2447 3799 αὑτῴ
2470 3730 2566 3799 τὴν
2589 3727 2881 3791 ὀπτασίαν,
2905 3727 3001 3779 καὶ
3026 3726 3328 3779 κλινάντων
3352 3722 3533 3775 αὐτῶν
3561 3723 3632 3774 τὰ
3659 3722 3873 3787 γόνατα,

2296 3822 2546 3894 ηῠχοντο.
2583 3821 2689 3871 Καὶ
2719 3815 2788 3890 ἦν
2814 3818 3046 3871 ἀκοῦσαι
3077 3816 3171 3869 τοῦ
3207 3815 3436 3885 Συμεὼν
3458 3814 3713 3881 λέγοντος
3741 3812 3876 3880 πρὸς

2296 3916 2385 3967 τὸν
2438 3913 2571 3964 Θεὸν
2608 3911 2875 3973 ἐλεεινοὺς
2924 3910 3092 3971 ὅντως
3140 3909 3234 3960 καὶ
3280 3906 3731 3976 παρακλητικοὺς
3790 3903 3872 3954 λό-

2295 4020 2446 4073 γους·
2470 4003 2898 4071 συνεστρέφοντο
2918 4001 3025 4070 γὰρ
3045 4000 3139 4053 καὶ
3156 3999 3572 4069 διεταράσσοντο
3588 3997 3657 4048 τά
3674 3994 3874 4059 σπλάγο

2297 4114 2398 4167 χνοι
2426 4094 2590 4148 αὑτοῦ
2630 4095 2737 4146 ὑπὸ
2765 4094 2864 4162 τῆς
2890 4093 3105 4161 φύσεως
3140 4090 3457 4157 κινούμενα,
3486 4089 3585 4140 καὶ
3617 4085 3774 4139 ὲῦόν
3820 4084 3872 4137 '0

2295 4194 2448 4256 Θεὸς,
2476 4193 2504 4243 ό
2526 4192 2624 4259 τὴν
2644 4190 2835 4242 θυσίαν
2864 4189 2958 4241 τοῦ
2976 4188 3227 4256 Ἀϐραὰμ
3254 4186 3573 4256 δεξάμενος,
3599 4185 3628 4235 ό
3650 4185 3748 4254 τὴν
3768 4184 3875 4235 ὁλο-

2295 4283 2567 4338 καύτωσιν
2598 4280 2808 4349 Ἰεφθάε
2863 4280 3187 4347 ὲπιὸλέψας,
3220 4280 3247 4330 6
3278 4280 3348 4331 τά
3387 4277 3541 4347 δῶρα
3580 4276 3675 4330 τοῦ
3708 4275 3874 4327 ’Δεελ

2299 4373 2374 4443 μὴ
2403 4368 2795 4441 βδελυξάμενος
2816 4408 2832 4433 ,
2867 4373 2895 4422 ὁ
2927 4370 3015 4421 διὰ
3066 4370 3157 4420 τὸν
3184 4366 3439 4437 Σαμουὴλ
3466 4368 3559 4418 τὸν
3591 4365 3751 4418 παῖδά
3784 4381 3871 4416 σου

615 4463 737 4531 cipe
768 4462 1015 4530 spiritum
1039 4462 1403 4515 bonmmatris
1431 4476 1587 4514 mete.
1624 4460 1915 4526 Memento,
1944 4460 2188 4527 Domine,

2296 4464 2393 4533 τὴν
2420 4462 2620 4514 ’Ἄνναν
2651 4459 2955 4531 προφήτιδα
2992 4457 3298 4521 ἀναδείξας,
3330 4456 3517 4518 αὐτὸς,
3551 4454 3720 4524 Κύριέ
3749 4471 3871 4522 μου,

618 4553 862 4606 laborum
890 4568 951 4605 ac
983 4552 1358 4605 molestiarum
1404 4552 1542 4621 ejus,
1571 4568 1693 4621 qua:
1718 4568 1839 4606 mea
1861 4569 2023 4606 causa
2071 4570 2196 4622 per-

596 4645 761 4699 tulit.
806 4644 1096 4708 Memento,
1137 4644 1383 4706 Domine,
1435 4638 1801 4713 lacrymarum
1842 4644 1983 4713 ejus,
2014 4655 2070 4699 et
2104 4661 2197 4715 ge-

618 4740 871 4800 mituum,
904 4753 1021 4804 quae
1048 4736 1246 4802 emisit,
1274 4736 1491 4805 quando
1532 4737 1719 4790 relicta
1752 4737 1838 4790 illa
1881 4738 2099 4808 confugi
2130 4740 2195 4792 ad

618 4838 693 4883 te.
718 4829 1004 4893 Memento,
1054 4828 1302 4891 Domine,
1336 4829 1589 4888 uberum,
1621 4829 1823 4897 quibus
1853 4845 1941 4881 me
1975 4830 2196 4884 lactavit

617 4919 802 4983 vilem,
838 4928 895 4971 ut
934 4918 1194 4984 gauderet
1229 4919 1515 4987 juventute
1566 4934 1720 4979 mea,
1772 4927 1827 4972 et
1870 4920 2052 4988 gavisa
2082 4934 2193 4973 non

618 5009 741 5062 fuit.
778 5008 852 5061 Ne
883 5009 1224 5073 obliviscere,
1257 5011 1403 5078 quod
1432 5025 1501 5063 ne
1529 5009 1614 5061 vel
1639 5011 1706 5064 ad
1733 5011 1922 5063 horam
1954 5009 2193 5079 separari

618 5115 649 5152 a
671 5115 757 5152 me
788 5101 1043 5169 potuerit,
1069 5109 1125 5155 et
1153 5109 1401 5169 separata
1425 5099 1590 5153 fuerit
1614 5115 1643 5153 a
1662 5115 1749 5153 me
1783 5108 1896 5155 toto
1927 5108 2192 5168 tempore.

618 5193 946 5254 Recordare,
983 5194 1228 5255 Domine,
1259 5194 1351 5263 qui
1399 5194 1582 5248 omnia
1620 5193 1752 5255 scis,
1783 5192 1950 5263 quod,
1979 5192 2197 5261 quando

620 5287 675 5339 in
721 5300 806 5339 me
847 5286 1118 5339 oblectare
1149 5302 1208 5339 se
1264 5286 1498 5349 volebat,
1536 5294 1666 5339 tunc
1692 5300 1779 5338 me
1822 5286 1872 5338 ei
1907 5285 2193 5339 subtraxe—

619 5376 723 5428 riui
756 5375 867 5445 (27)
894 5386 1115 5445 propter
1145 5391 1345 5429 nomen
1376 5384 1549 5429 tuum.
1578 5373 1655 5429 Ne
1679 5376 2026 5434 obliviscere.
2045 5375 2193 5443 juste

620 5468 786 5528 Deus,
817 5466 1220 5521 dilacerationis
1253 5466 1522 5519 viscerum
1562 5465 1700 5534 ejus,
1730 5481 1892 5533 quam
1931 5465 2194 5519 sustinuit

622 5558 716 5612 illo
748 5559 855 5623 die,
890 5574 996 5628 quo
1023 5559 1088 5612 ad
1119 5566 1172 5613 te
1207 5557 1450 5625 confugi.

2295 4555 2492 4624 Κύριε,
2528 4552 2597 4605 δι’
2633 4552 2734 4623 ἐμὲ
2773 4552 2865 4604 τὸν
2906 4550 3089 4603 δοῦλόν
3122 4566 3213 4602 σου
3244 4546 3538 4619 πρόσδεξαι
3567 4548 3669 4616 τὴν
3700 4547 3874 4613 (ξ’-³κὴν

2293 4646 2393 4714 τῆς
2419 4644 2589 4714 καλῆς
2624 4660 2726 4713 μου
2747 4643 2973 4713 μητρός.
3011 4640 3320 4710 Μνήσθητι,
3349 4638 3543 4708 Κύριε,
3575 4640 3756 4690 κόπων
3780 4639 3873 4689 aio-

2292 4736 2391 4805 τῆς
2419 4736 2512 4788 καὶ
2540 4734 2647 4787 τῶν
2675 4734 2909 4803 μόχθων,
2928 4726 3001 4785 ὧν
3029 4733 3109 4793 εἰς
3135 4731 3236 4799 ἐμὲ
3260 4730 3568 4781 ἐκοπίασεν·
3587 4728 3871 4797 μνήσθητι,

2292 4827 2486 4896 Κύριε,
2518 4823 2631 4876 τῶν
2663 4822 2936 4893 δακρύων,
2973 4820 3144 4889 αὐτῆς
3170 4820 3262 4871 καὶ
3289 4818 3399 4871 τῶν
3428 4816 3768 4887 στεναγμῶν,
3803 4809 3874 4867 ῶν

2292 4916 2525 4984 ἐξέχεεν,
2539 4915 2629 4967 ὅτε
2650 4914 2783 4983 πρὸς
2803 4913 2861 4965 σὲ
2881 4914 2937 4977 ἐξ
2953 4910 3121 4979 αὐτῆς
3138 4907 3671 4977 ἔφυγον.Μνήσθητι,
3689 4906 3873 4975 Κύριε.

2290 5008 2399 5059 τῶν
2423 5006 2629 5076 μαζῶν,
2645 5000 2720 5058 ὧν
2749 5003 3014 5073 ὲθήλασεν
3034 5006 3132 5074 ἐμὲ
3148 5006 3238 5057 τὸν
3254 5006 3530 5067 ταπεινὸν,
3552 5005 3641 5055 ἵνα
3652 5000 3875 5055 ἀπολαύ-

2294 5116 2361 5170 σῃ
2376 5100 2473 5169 τῆς
2495 5099 2636 5168 ἐμῆς
2649 5098 2920 5168 νεότητος,
2940 5099 3032 5150 καὶ
3044 5098 3144 5149 οὐκ
3163 5097 3493 5153 ἀπέλαυσεν.
3514 5098 3606 5166 Μὴ
3626 5096 3874 5163 ἐπιλάθῃ.

2294 5194 2564 5255 Δέσποτα,
2584 5192 2666 5244 ὃτι
2688 5191 2809 5242 οὐδὲ
2833 5190 2965 5259 πρὸς
2985 5188 3132 5256 ὥραν
3155 5190 3490 5260 χωρισθῆναί
3517 5206 3619 5259 μου
3638 5187 3873 5241 ἐδύνατο.

2299 5283 2394 5335 καὶ
2418 5281 2693 5350 ἐχωρίσθη
2715 5298 2817 5351 μου
2845 5281 2965 5333 ὅλον
2989 5281 3079 5331 τὸν
3106 5280 3318 5349 χρόνον.
3349 5280 3760 5350 Μνημόνευσον,
3786 5278 3879 5329 Δέο

2301 5391 2493 5438 σποτα,
2513 5377 2541 5427 ό
2559 5375 2735 5428 πάντα
2751 5375 3132 5443 ἐπιστάμενος,
3148 5374 3251 5436 ὅτι,
3275 5375 3363 5427 ὅτε
3381 5374 3634 5426 ἐῦούλετο
3649 5372 3877 5442 χαρῆναι

2299 5467 2378 5527 εἰς
2393 5464 2637 5534 ὲμὲ,τότε
2656 5464 2793 5535 αὑτῇ
2808 5463 2999 5516 ἑαυτὸν
3014 5463 3103 5515 διά
3115 5464 3174 5515 τὸ
3191 5462 3360 5532 όνομά
3374 5479 3469 5515 σου
3486 5463 3682 5530 ἐστέρη
3692 5477 3777 5512 σα.
3792 5461 3877 5527 Μὴ

2302 5554 2559 5626 ἐπιλάϐῃ,
2586 5554 2782 5618 δίκαιε,
2813 5554 2925 5609 τῶν
2957 5553 3391 5622 διασπαραγμῶν
3420 5553 3528 5605 τῶν
3557 5552 3875 5618 σπλάγχνων

2301 5647 2492 5717 αὐτῆς,
2520 5641 2595 5700 ὧν
2626 5646 2748 5716 ἔσχε
2781 5650 2847 5718 τῇ
2878 5647 3081 5717 ἡμέρᾳ,
3111 5647 3196 5699 ὅτε
3231 5645 3365 5719 πρὸς
3392 5644 3453 5697 σὲ
3478 5644 3805 5711 κατέφυγον.

2144 5739 2377 5796 NOTAE.

674 5834 810 5903 ('27)
846 5827 1009 5888 Juxta
1056 5850 1370 5890 communes
1426 5837 1606 5904 probae
1648 5844 1931 5907 syntaxcos
1969 5835 2135 5907 leges,
2173 5851 2192 5889 ι

2296 5832 2462 5888 ndum
2497 5840 2611 5887 erat
2643 5849 2655 5885 :
2690 5832 2810 5885 τότε
2861 5830 3031 5902 αὐτὴν
3087 5829 3321 5901 ἐμαυτοῦ
3354 5829 3439 5883 διὰ
3479 5830 3539 5883 τὸ
3577 5828 3748 5899 ὄνομά
3786 5843 3871 5880 σου
