  <div class='ocr_page' id='page_1' title='image "/cluster/home/n/w/nwhite01/storage/ocr_20150623/93/hvd.32044019208040/858.png"; bbox 0 0 4034 6402; ppageno 0'>
   <div class='ocr_carea' id='block_1_1' title="bbox 194 393 325 457">
    <p class='ocr_par' dir='ltr' id='par_1_1' title="bbox 194 393 325 457">
     <span class='ocr_line' id='line_1_1' title="bbox 194 393 325 457; baseline 0.008 -1"><span class='ocrx_word' id='word_1_1' title='bbox 194 393 325 457; x_wconf 76' lang='lat'><strong>1701</strong></span> 
     </span>
    </p>
   </div>
   <div class='ocr_carea' id='block_1_2' title="bbox 1490 379 2201 444">
    <p class='ocr_par' dir='ltr' id='par_1_2' title="bbox 1490 379 2201 444">
     <span class='ocr_line' id='line_1_2' title="bbox 1490 379 2201 444; baseline -0.003 0"><span class='ocrx_word' id='word_1_2' title='bbox 1490 379 1667 444; x_wconf 75' lang='grc' dir='ltr'>νιΤΑ</span> <span class='ocrx_word' id='word_1_3' title='bbox 1695 380 1757 439; x_wconf 88' lang='lat' dir='ltr'><strong>S.</strong></span> <span class='ocrx_word' id='word_1_4' title='bbox 1794 379 2201 442; x_wconf 78' lang='lat' dir='ltr'><strong>SYMEONIS.</strong></span> 
     </span>
    </p>
   </div>
   <div class='ocr_carea' id='block_1_3' title="bbox 3320 376 3457 440">
    <p class='ocr_par' dir='ltr' id='par_1_3' title="bbox 3320 376 3457 440">
     <span class='ocr_line' id='line_1_3' title="bbox 3320 376 3457 440; baseline -0.022 0"><span class='ocrx_word' id='word_1_5' title='bbox 3320 376 3457 440; x_wconf 80' lang='lat'><strong>1702</strong></span> 
     </span>
    </p>
   </div>
   <div class='ocr_carea' id='block_1_4' title="bbox 262 487 1789 570">
    <p class='ocr_par' dir='ltr' id='par_1_4' title="bbox 262 493 1770 570">
     <span class='ocr_line' id='line_1_4' title="bbox 262 493 1770 570; baseline -0.009 -14"><span class='ocrx_word' id='word_1_6' title='bbox 262 511 357 557; x_wconf 82' lang='grc' dir='ltr'>κε’.</span> <span class='ocrx_word' id='word_1_7' title='bbox 392 499 708 565; x_wconf 85' lang='grc' dir='ltr'>Γινώσκεις,</span> <span class='ocrx_word' id='word_1_8' title='bbox 762 497 971 570; x_wconf 83' lang='grc' dir='ltr'>Κύριε,</span> <span class='ocrx_word' id='word_1_9' title='bbox 1017 499 1191 567; x_wconf 76' lang='grc' dir='ltr'>πόσην</span> <span class='ocrx_word' id='word_1_10' title='bbox 1236 493 1475 549; x_wconf 79' lang='grc' dir='ltr'>ἀῦπνίαν</span> <span class='ocrx_word' id='word_1_11' title='bbox 1502 493 1770 561; x_wconf 76' lang='grc' dir='ltr'><strong>ἐκτήσατο</strong></span> 
     </span>
    </p>
   </div>
   <div class='ocr_carea' id='block_1_5' title="bbox 1891 487 3457 570">
    <p class='ocr_par' dir='ltr' id='par_1_5' title="bbox 1943 487 3457 558">
     <span class='ocr_line' id='line_1_5' title="bbox 1943 487 3457 558; baseline 0 -15"><span class='ocrx_word' id='word_1_12' title='bbox 1943 490 2033 543; x_wconf 74' lang='lat'><strong>25.</strong></span> <span class='ocrx_word' id='word_1_13' title='bbox 2076 487 2249 553; x_wconf 84' lang='lat' dir='ltr'><strong>Nosti,</strong></span> <span class='ocrx_word' id='word_1_14' title='bbox 2306 487 2555 555; x_wconf 85' lang='lat' dir='ltr'><strong>Domine,</strong></span> <span class='ocrx_word' id='word_1_15' title='bbox 2608 495 2873 558; x_wconf 89' lang='lat' dir='ltr'><strong>quantum</strong></span> <span class='ocrx_word' id='word_1_16' title='bbox 2922 487 3160 558; x_wconf 80' lang='lat' dir='ltr'><strong>vigilarit</strong></span> <span class='ocrx_word' id='word_1_17' title='bbox 3202 490 3457 543; x_wconf 75' lang='lat' dir='ltr'><strong>noctibus</strong></span> 
     </span>
    </p>
   </div>
   <div class='ocr_carea' id='block_1_6' title="bbox 186 583 1772 660">
    <p class='ocr_par' dir='ltr' id='par_1_6' title="bbox 186 583 1772 660">
     <span class='ocr_line' id='line_1_6' title="bbox 186 583 1772 660; baseline -0.011 -9"><span class='ocrx_word' id='word_1_18' title='bbox 186 596 331 652; x_wconf 83' lang='grc' dir='ltr'>κατὰ</span> <span class='ocrx_word' id='word_1_19' title='bbox 360 596 543 647; x_wconf 80' lang='grc' dir='ltr'>πᾶσαν</span> <span class='ocrx_word' id='word_1_20' title='bbox 577 590 748 643; x_wconf 81' lang='grc' dir='ltr'>νύκτα</span> <span class='ocrx_word' id='word_1_21' title='bbox 784 588 1203 660; x_wconf 83' lang='grc' dir='ltr'><strong>μνημονεύουσα</strong></span> <span class='ocrx_word' id='word_1_22' title='bbox 1228 588 1326 657; x_wconf 78' lang='grc' dir='ltr'><strong>τῆς</strong></span> <span class='ocrx_word' id='word_1_23' title='bbox 1344 585 1483 655; x_wconf 76' lang='grc' dir='ltr'>ἐμῆς</span> <span class='ocrx_word' id='word_1_24' title='bbox 1500 583 1772 653; x_wconf 87' lang='grc' dir='ltr'>νεότητος,</span> 
     </span>
    </p>
   </div>
   <div class='ocr_carea' id='block_1_7' title="bbox 184 673 1776 755">
    <p class='ocr_par' dir='ltr' id='par_1_7' title="bbox 184 673 1776 755">
     <span class='ocr_line' id='line_1_7' title="bbox 184 673 1776 755; baseline -0.011 -13"><span class='ocrx_word' id='word_1_25' title='bbox 184 688 339 753; x_wconf 70' lang='grc' dir='ltr'>ἐξότε</span> <span class='ocrx_word' id='word_1_26' title='bbox 407 684 578 755; x_wconf 84' lang='grc' dir='ltr'>αὐτὴν</span> <span class='ocrx_word' id='word_1_27' title='bbox 628 680 1012 749; x_wconf 73' lang='grc' dir='ltr'>ἐγκατέλιπον.</span> <span class='ocrx_word' id='word_1_28' title='bbox 1060 680 1132 733; x_wconf 84' lang='grc' dir='ltr'><strong>Σὺ</strong></span> <span class='ocrx_word' id='word_1_29' title='bbox 1166 677 1336 741; x_wconf 77' lang='grc' dir='ltr'>οἶδας,</span> <span class='ocrx_word' id='word_1_30' title='bbox 1380 677 1651 738; x_wconf 78' lang='grc' dir='ltr'><strong>Δέσποτα,</strong></span> <span class='ocrx_word' id='word_1_31' title='bbox 1678 673 1776 726; x_wconf 82' lang='grc' dir='ltr'><strong>πό-</strong></span> 
     </span>
    </p>
   </div>
   <div class='ocr_carea' id='block_1_8' title="bbox 160 769 1775 844">
    <p class='ocr_par' dir='ltr' id='par_1_8' title="bbox 160 769 1775 844">
     <span class='ocr_line' id='line_1_8' title="bbox 160 769 1775 844; baseline -0.01 -11"><span class='ocrx_word' id='word_1_32' title='bbox 160 797 289 843; x_wconf 77' lang='grc' dir='ltr'>ισας</span> <span class='ocrx_word' id='word_1_33' title='bbox 327 779 529 839; x_wconf 82' lang='grc' dir='ltr'>νύκτας</span> <span class='ocrx_word' id='word_1_34' title='bbox 575 775 836 844; x_wconf 80' lang='grc' dir='ltr'>ἐποίησεν</span> <span class='ocrx_word' id='word_1_35' title='bbox 884 773 1110 836; x_wconf 81' lang='grc' dir='ltr'><strong>ἄϋπνος,</strong></span> <span class='ocrx_word' id='word_1_36' title='bbox 1176 769 1417 841; x_wconf 80' lang='grc' dir='ltr'><strong>ζητοῦσα</strong></span> <span class='ocrx_word' id='word_1_37' title='bbox 1451 769 1512 821; x_wconf 79' lang='grc' dir='ltr'>τὸ</span> <span class='ocrx_word' id='word_1_38' title='bbox 1553 782 1775 834; x_wconf 87' lang='grc' dir='ltr'>συγκοι-</span> 
     </span>
    </p>
   </div>
   <div class='ocr_carea' id='block_1_9' title="bbox 188 860 1770 944">
    <p class='ocr_par' dir='ltr' id='par_1_9' title="bbox 188 860 1770 944">
     <span class='ocr_line' id='line_1_9' title="bbox 188 860 1770 944; baseline -0.009 -19"><span class='ocrx_word' id='word_1_39' title='bbox 188 873 446 944; x_wconf 82' lang='grc' dir='ltr'>μώμενον</span> <span class='ocrx_word' id='word_1_40' title='bbox 469 871 608 939; x_wconf 84' lang='grc' dir='ltr'>αὐτῇ</span> <span class='ocrx_word' id='word_1_41' title='bbox 638 867 933 938; x_wconf 74' lang='grc' dir='ltr'>πρόϐατον.</span> <span class='ocrx_word' id='word_1_42' title='bbox 975 865 1069 937; x_wconf 76' lang='grc' dir='ltr'><strong>Μὴ</strong></span> <span class='ocrx_word' id='word_1_43' title='bbox 1110 864 1367 935; x_wconf 84' lang='grc' dir='ltr'>ὲπιλάθῃ,</span> <span class='ocrx_word' id='word_1_44' title='bbox 1396 860 1770 933; x_wconf 82' lang='grc' dir='ltr'>φιλάνθρωπε,</span> 
     </span>
    </p>
   </div>
   <div class='ocr_carea' id='block_1_10' title="bbox 190 951 1777 1032">
    <p class='ocr_par' dir='ltr' id='par_1_10' title="bbox 190 951 1777 1032">
     <span class='ocr_line' id='line_1_10' title="bbox 190 951 1777 1032; baseline -0.009 -14"><span class='ocrx_word' id='word_1_45' title='bbox 190 960 305 1027; x_wconf 83' lang='grc' dir='ltr'>οἷος</span> <span class='ocrx_word' id='word_1_46' title='bbox 327 964 487 1025; x_wconf 83' lang='grc' dir='ltr'>πόνος</span> <span class='ocrx_word' id='word_1_47' title='bbox 519 962 685 1031; x_wconf 89' lang='grc' dir='ltr'>αὐτῆς</span> <span class='ocrx_word' id='word_1_48' title='bbox 732 960 978 1032; x_wconf 74' lang='grc' dir='ltr'><strong>περιεῖχε</strong></span> <span class='ocrx_word' id='word_1_49' title='bbox 1021 960 1120 1027; x_wconf 84' lang='grc' dir='ltr'>τὴν</span> <span class='ocrx_word' id='word_1_50' title='bbox 1163 956 1411 1027; x_wconf 81' lang='grc' dir='ltr'><strong>καρδίαν,</strong></span> <span class='ocrx_word' id='word_1_51' title='bbox 1453 955 1541 1006; x_wconf 86' lang='grc' dir='ltr'>ὅτε</span> <span class='ocrx_word' id='word_1_52' title='bbox 1571 951 1641 1005; x_wconf 83' lang='grc' dir='ltr'><strong>τά</strong></span> <span class='ocrx_word' id='word_1_53' title='bbox 1667 952 1777 1022; x_wconf 63' lang='grc' dir='ltr'><strong>ἐμὲ</strong></span> 
     </span>
    </p>
   </div>
   <div class='ocr_carea' id='block_1_11' title="bbox 190 1041 1777 1128">
    <p class='ocr_par' dir='ltr' id='par_1_11' title="bbox 190 1041 1777 1128">
     <span class='ocr_line' id='line_1_11' title="bbox 190 1041 1777 1128; baseline -0.011 -17"><span class='ocrx_word' id='word_1_54' title='bbox 190 1059 389 1128; x_wconf 65' lang='grc' dir='ltr'>ἱμάτια</span> <span class='ocrx_word' id='word_1_55' title='bbox 422 1054 701 1126; x_wconf 79' lang='grc' dir='ltr'><strong>θεωροῦσα</strong></span> <span class='ocrx_word' id='word_1_56' title='bbox 729 1054 1017 1124; x_wconf 74' lang='grc' dir='ltr'>ἐστήσατο,</span> <span class='ocrx_word' id='word_1_57' title='bbox 1051 1049 1140 1103; x_wconf 83' lang='grc' dir='ltr'><strong>διὰ</strong></span> <span class='ocrx_word' id='word_1_58' title='bbox 1192 1048 1255 1101; x_wconf 81' lang='grc' dir='ltr'>τὸ</span> <span class='ocrx_word' id='word_1_59' title='bbox 1292 1047 1491 1118; x_wconf 79' lang='grc' dir='ltr'><strong>μηκέτι</strong></span> <span class='ocrx_word' id='word_1_60' title='bbox 1520 1041 1656 1098; x_wconf 74' lang='grc' dir='ltr'>εἶναι</span> <span class='ocrx_word' id='word_1_61' title='bbox 1685 1041 1777 1094; x_wconf 79' lang='grc' dir='ltr'>τὸν</span> 
     </span>
    </p>
   </div>
   <div class='ocr_carea' id='block_1_12' title="bbox 122 1123 1776 1221">
    <p class='ocr_par' dir='ltr' id='par_1_12' title="bbox 122 1123 1776 1221">
     <span class='ocr_line' id='line_1_12' title="bbox 122 1123 1776 1221; baseline -0.013 -10"><span class='ocrx_word' id='word_1_62' title='bbox 122 1123 129 1145; x_wconf 25' lang='grc' dir='ltr'><strong>Ρ</strong></span> <span class='ocrx_word' id='word_1_63' title='bbox 193 1123 546 1221; x_wconf 55' lang='grc' dir='ltr'>μαργαρίτην</span> <span class='ocrx_word' id='word_1_64' title='bbox 596 1147 766 1216; x_wconf 83' lang='grc' dir='ltr'>αὐτῆς</span> <span class='ocrx_word' id='word_1_65' title='bbox 796 1123 887 1198; x_wconf 70' lang='grc' dir='ltr'><strong>τὸν</strong></span> <span class='ocrx_word' id='word_1_66' title='bbox 932 1142 1106 1197; x_wconf 87' lang='grc' dir='ltr'>ταῦτα</span> <span class='ocrx_word' id='word_1_67' title='bbox 1136 1140 1510 1209; x_wconf 84' lang='grc' dir='ltr'>ὲνδυνόμενον.</span> <span class='ocrx_word' id='word_1_68' title='bbox 1543 1139 1776 1209; x_wconf 74' lang='grc' dir='ltr'>Μνημο-</span> 
     </span>
    </p>
   </div>
   <div class='ocr_carea' id='block_1_13' title="bbox 188 1230 1776 1306">
    <p class='ocr_par' dir='ltr' id='par_1_13' title="bbox 188 1230 1776 1306">
     <span class='ocr_line' id='line_1_13' title="bbox 188 1230 1776 1306; baseline -0.007 -12"><span class='ocrx_word' id='word_1_69' title='bbox 188 1258 406 1306; x_wconf 82' lang='grc' dir='ltr'>νευσον,</span> <span class='ocrx_word' id='word_1_70' title='bbox 438 1240 705 1303; x_wconf 79' lang='grc' dir='ltr'>Δέσποτα,</span> <span class='ocrx_word' id='word_1_71' title='bbox 738 1238 821 1291; x_wconf 83' lang='grc' dir='ltr'>ὅτι</span> <span class='ocrx_word' id='word_1_72' title='bbox 862 1236 962 1305; x_wconf 81' lang='grc' dir='ltr'><strong>τῆν</strong></span> <span class='ocrx_word' id='word_1_73' title='bbox 985 1234 1047 1299; x_wconf 75' lang='grc' dir='ltr'><strong>ἐξ</strong></span> <span class='ocrx_word' id='word_1_74' title='bbox 1092 1232 1229 1304; x_wconf 79' lang='grc' dir='ltr'>ἐμοῦ</span> <span class='ocrx_word' id='word_1_75' title='bbox 1279 1231 1652 1302; x_wconf 76' lang='grc' dir='ltr'>παραμυθίαν,</span> <span class='ocrx_word' id='word_1_76' title='bbox 1683 1230 1776 1283; x_wconf 75' lang='grc' dir='ltr'>καὶ</span> 
     </span>
    </p>
   </div>
   <div class='ocr_carea' id='block_1_14' title="bbox 190 1322 1776 1404">
    <p class='ocr_par' dir='ltr' id='par_1_14' title="bbox 190 1322 1776 1404">
     <span class='ocr_line' id='line_1_14' title="bbox 190 1322 1776 1404; baseline -0.008 -19"><span class='ocrx_word' id='word_1_77' title='bbox 190 1334 386 1404; x_wconf 84' lang='grc' dir='ltr'>χαράν,</span> <span class='ocrx_word' id='word_1_78' title='bbox 406 1333 499 1385; x_wconf 70' lang='grc' dir='ltr'>καὶ</span> <span class='ocrx_word' id='word_1_79' title='bbox 531 1329 852 1398; x_wconf 85' lang='grc' dir='ltr'>άγαλλίασιν</span> <span class='ocrx_word' id='word_1_80' title='bbox 878 1326 1151 1397; x_wconf 79' lang='grc' dir='ltr'>ὲστέρησα</span> <span class='ocrx_word' id='word_1_81' title='bbox 1172 1324 1342 1395; x_wconf 83' lang='grc' dir='ltr'>αὐτὴν</span> <span class='ocrx_word' id='word_1_82' title='bbox 1380 1323 1514 1393; x_wconf 69' lang='grc'>(28),</span> <span class='ocrx_word' id='word_1_83' title='bbox 1572 1322 1660 1376; x_wconf 75' lang='grc' dir='ltr'>ἵνα</span> <span class='ocrx_word' id='word_1_84' title='bbox 1693 1338 1776 1374; x_wconf 88' lang='grc' dir='ltr'><strong>σοι</strong></span> 
     </span>
    </p>
   </div>
   <div class='ocr_carea' id='block_1_15' title="bbox 190 1414 1777 1493">
    <p class='ocr_par' dir='ltr' id='par_1_15' title="bbox 190 1414 1777 1493">
     <span class='ocr_line' id='line_1_15' title="bbox 190 1414 1777 1493; baseline -0.006 -18"><span class='ocrx_word' id='word_1_85' title='bbox 190 1424 272 1493; x_wconf 80' lang='grc' dir='ltr'>τῷ</span> <span class='ocrx_word' id='word_1_86' title='bbox 295 1427 316 1475; x_wconf 80' lang='grc' dir='ltr'>ὲ</span> <span class='ocrx_word' id='word_1_87' title='bbox 328 1422 415 1492; x_wconf 81' lang='grc' dir='ltr'>μῷ</span> <span class='ocrx_word' id='word_1_88' title='bbox 435 1420 530 1475; x_wconf 79' lang='grc' dir='ltr'><strong>καὶ</strong></span> <span class='ocrx_word' id='word_1_89' title='bbox 548 1420 717 1489; x_wconf 89' lang='grc' dir='ltr'>αὐτῆς</span> <span class='ocrx_word' id='word_1_90' title='bbox 746 1417 865 1487; x_wconf 85' lang='grc' dir='ltr'>Θεῷ</span> <span class='ocrx_word' id='word_1_91' title='bbox 879 1418 972 1471; x_wconf 71' lang='grc' dir='ltr'>καὶ</span> <span class='ocrx_word' id='word_1_92' title='bbox 988 1416 1232 1487; x_wconf 84' lang='grc' dir='ltr'>Δεσπότῃ</span> <span class='ocrx_word' id='word_1_93' title='bbox 1262 1415 1369 1469; x_wconf 88' lang='grc' dir='ltr'><strong>τῶν</strong></span> <span class='ocrx_word' id='word_1_94' title='bbox 1385 1415 1637 1468; x_wconf 85' lang='grc' dir='ltr'>ἁπάντων</span> <span class='ocrx_word' id='word_1_95' title='bbox 1658 1414 1777 1467; x_wconf 74' lang='lat'><strong>606-</strong></span> 
     </span>
    </p>
   </div>
   <div class='ocr_carea' id='block_1_16' title="bbox 190 1505 1776 1583">
    <p class='ocr_par' dir='ltr' id='par_1_16' title="bbox 190 1505 1776 1583">
     <span class='ocr_line' id='line_1_16' title="bbox 190 1505 1776 1583; baseline -0.004 -19"><span class='ocrx_word' id='word_1_96' title='bbox 190 1513 392 1567; x_wconf 78' lang='grc' dir='ltr'>λεύσω.</span> <span class='ocrx_word' id='word_1_97' title='bbox 425 1513 526 1577; x_wconf 80' lang='grc' dir='ltr'>Δὸς</span> <span class='ocrx_word' id='word_1_98' title='bbox 577 1513 715 1583; x_wconf 74' lang='grc' dir='ltr'>αὐτῇ</span> <span class='ocrx_word' id='word_1_99' title='bbox 764 1510 1027 1579; x_wconf 80' lang='grc' dir='ltr'><strong>ἀγγέλους</strong></span> <span class='ocrx_word' id='word_1_100' title='bbox 1069 1507 1438 1572; x_wconf 80' lang='grc' dir='ltr'>διασώζοντας</span> <span class='ocrx_word' id='word_1_101' title='bbox 1475 1505 1648 1575; x_wconf 88' lang='grc' dir='ltr'>αὐτῆς</span> <span class='ocrx_word' id='word_1_102' title='bbox 1678 1506 1776 1575; x_wconf 79' lang='grc' dir='ltr'>τὴν</span> 
     </span>
    </p>
   </div>
   <div class='ocr_carea' id='block_1_17' title="bbox 189 1598 1778 1675">
    <p class='ocr_par' dir='ltr' id='par_1_17' title="bbox 189 1598 1778 1675">
     <span class='ocr_line' id='line_1_17' title="bbox 189 1598 1778 1675; baseline -0.01 -12"><span class='ocrx_word' id='word_1_103' title='bbox 189 1604 371 1675; x_wconf 71' lang='grc' dir='ltr'>ψυχὴν</span> <span class='ocrx_word' id='word_1_104' title='bbox 406 1607 468 1657; x_wconf 81' lang='grc' dir='ltr'>ὲκ</span> <span class='ocrx_word' id='word_1_105' title='bbox 513 1602 622 1658; x_wconf 87' lang='grc' dir='ltr'><strong>τῶν</strong></span> <span class='ocrx_word' id='word_1_106' title='bbox 680 1602 1010 1673; x_wconf 82' lang='grc' dir='ltr'>πνευμάτων</span> <span class='ocrx_word' id='word_1_107' title='bbox 1065 1601 1162 1655; x_wconf 74' lang='grc' dir='ltr'>καὶ</span> <span class='ocrx_word' id='word_1_108' title='bbox 1211 1599 1417 1670; x_wconf 80' lang='grc' dir='ltr'><strong>Θηρίων</strong></span> <span class='ocrx_word' id='word_1_109' title='bbox 1467 1598 1563 1652; x_wconf 81' lang='grc' dir='ltr'><strong>τοῦ</strong></span> <span class='ocrx_word' id='word_1_110' title='bbox 1617 1599 1778 1669; x_wconf 84' lang='grc' dir='ltr'>άέρος</span> 
     </span>
    </p>
   </div>
   <div class='ocr_carea' id='block_1_18' title="bbox 191 1692 1778 1767">
    <p class='ocr_par' dir='ltr' id='par_1_18' title="bbox 191 1692 1778 1767">
     <span class='ocr_line' id='line_1_18' title="bbox 191 1692 1778 1767; baseline -0.005 -17"><span class='ocrx_word' id='word_1_111' title='bbox 191 1699 386 1752; x_wconf 81' lang='grc' dir='ltr'>τούτου</span> <span class='ocrx_word' id='word_1_112' title='bbox 420 1696 530 1749; x_wconf 89' lang='grc' dir='ltr'><strong>τῶν</strong></span> <span class='ocrx_word' id='word_1_113' title='bbox 564 1696 817 1767; x_wconf 81' lang='grc' dir='ltr'>πονηρῶν</span> <span class='ocrx_word' id='word_1_114' title='bbox 844 1694 941 1749; x_wconf 71' lang='grc' dir='ltr'>καὶ</span> <span class='ocrx_word' id='word_1_115' title='bbox 983 1692 1388 1763; x_wconf 83' lang='grc' dir='ltr'>άνελεημὸνων,</span> <span class='ocrx_word' id='word_1_116' title='bbox 1433 1693 1541 1743; x_wconf 88' lang='grc' dir='ltr'><strong>τῶν</strong></span> <span class='ocrx_word' id='word_1_117' title='bbox 1562 1693 1778 1761; x_wconf 79' lang='grc' dir='ltr'>ἐπιχει-</span> 
     </span>
    </p>
   </div>
   <div class='ocr_carea' id='block_1_19' title="bbox 1876 579 3456 650">
    <p class='ocr_par' dir='ltr' id='par_1_19' title="bbox 1876 579 3456 650">
     <span class='ocr_line' id='line_1_19' title="bbox 1876 579 3456 650; baseline -0.001 -17"><span class='ocrx_word' id='word_1_118' title='bbox 1876 580 2125 650; x_wconf 81' lang='lat' dir='ltr'><strong>singulis,</strong></span> <span class='ocrx_word' id='word_1_119' title='bbox 2162 583 2216 634; x_wconf 92' lang='lat' dir='ltr'><strong>in</strong></span> <span class='ocrx_word' id='word_1_120' title='bbox 2244 580 2566 635; x_wconf 86' lang='lat' dir='ltr'><strong>memoriam</strong></span> <span class='ocrx_word' id='word_1_121' title='bbox 2600 579 3230 648; x_wconf 88' lang='lat' dir='ltr'><strong>revocansjuventutem</strong></span> <span class='ocrx_word' id='word_1_122' title='bbox 3258 596 3456 642; x_wconf 85' lang='lat' dir='ltr'><strong>meam,</strong></span> 
     </span>
    </p>
   </div>
   <div class='ocr_carea' id='block_1_20' title="bbox 1875 671 3459 744">
    <p class='ocr_par' dir='ltr' id='par_1_20' title="bbox 1875 671 3459 744">
     <span class='ocr_line' id='line_1_20' title="bbox 1875 671 3459 744; baseline 0.002 -18"><span class='ocrx_word' id='word_1_123' title='bbox 1875 689 1939 727; x_wconf 72' lang='lat' dir='ltr'><strong>ex</strong></span> <span class='ocrx_word' id='word_1_124' title='bbox 1974 689 2082 742; x_wconf 94' lang='lat' dir='ltr'><strong>quo</strong></span> <span class='ocrx_word' id='word_1_125' title='bbox 2116 674 2287 743; x_wconf 84' lang='lat' dir='ltr'><strong>ipsam</strong></span> <span class='ocrx_word' id='word_1_126' title='bbox 2318 671 2796 744; x_wconf 84' lang='lat' dir='ltr'><strong>dereliqui.Nosti,</strong></span> <span class='ocrx_word' id='word_1_127' title='bbox 2825 671 3076 737; x_wconf 86' lang='lat' dir='ltr'><strong>Domine,</strong></span> <span class='ocrx_word' id='word_1_128' title='bbox 3104 681 3236 742; x_wconf 92' lang='lat' dir='ltr'><strong>quot</strong></span> <span class='ocrx_word' id='word_1_129' title='bbox 3268 684 3459 729; x_wconf 85' lang='lat' dir='ltr'><strong>noctes</strong></span> 
     </span>
    </p>
   </div>
   <div class='ocr_carea' id='block_1_21' title="bbox 1877 765 3459 835">
    <p class='ocr_par' dir='ltr' id='par_1_21' title="bbox 1877 765 3459 835">
     <span class='ocr_line' id='line_1_21' title="bbox 1877 765 3459 835; baseline -0.001 -17"><span class='ocrx_word' id='word_1_130' title='bbox 1877 765 2093 820; x_wconf 79' lang='lat' dir='ltr'><strong>duxerit</strong></span> <span class='ocrx_word' id='word_1_131' title='bbox 2119 766 2420 831; x_wconf 83' lang='lat' dir='ltr'><strong>insomnes,</strong></span> <span class='ocrx_word' id='word_1_132' title='bbox 2450 780 2703 835; x_wconf 67' lang='lat' dir='ltr'><strong>quaerens</strong></span> <span class='ocrx_word' id='word_1_133' title='bbox 2739 780 2921 829; x_wconf 89' lang='lat' dir='ltr'><strong>ovem,</strong></span> <span class='ocrx_word' id='word_1_134' title='bbox 2955 780 3077 834; x_wconf 58' lang='lat' dir='ltr'><strong>quas</strong></span> <span class='ocrx_word' id='word_1_135' title='bbox 3109 779 3291 819; x_wconf 86' lang='lat' dir='ltr'><strong>secum</strong></span> <span class='ocrx_word' id='word_1_136' title='bbox 3328 767 3459 818; x_wconf 87' lang='lat' dir='ltr'><strong>dor-</strong></span> 
     </span>
    </p>
   </div>
   <div class='ocr_carea' id='block_1_22' title="bbox 1876 856 3459 929">
    <p class='ocr_par' dir='ltr' id='par_1_22' title="bbox 1876 856 3459 929">
     <span class='ocr_line' id='line_1_22' title="bbox 1876 856 3459 929; baseline 0.002 -20"><span class='ocrx_word' id='word_1_137' title='bbox 1876 856 2103 910; x_wconf 88' lang='lat' dir='ltr'><strong>miebat.</strong></span> <span class='ocrx_word' id='word_1_138' title='bbox 2158 856 2238 911; x_wconf 85' lang='lat' dir='ltr'><strong>Ne</strong></span> <span class='ocrx_word' id='word_1_139' title='bbox 2293 857 2636 923; x_wconf 83' lang='lat' dir='ltr'><strong>obliviscere,</strong></span> <span class='ocrx_word' id='word_1_140' title='bbox 2692 857 2927 929; x_wconf 83' lang='lat' dir='ltr'><strong>benigne</strong></span> <span class='ocrx_word' id='word_1_141' title='bbox 2994 857 3157 922; x_wconf 88' lang='lat' dir='ltr'><strong>Deus,</strong></span> <span class='ocrx_word' id='word_1_142' title='bbox 3221 868 3459 927; x_wconf 84' lang='lat' dir='ltr'><strong>quantus</strong></span> 
     </span>
    </p>
   </div>
   <div class='ocr_carea' id='block_1_23' title="bbox 1875 948 3461 1020">
    <p class='ocr_par' dir='ltr' id='par_1_23' title="bbox 1875 948 3461 1020">
     <span class='ocr_line' id='line_1_23' title="bbox 1875 948 3461 1020; baseline 0 -18"><span class='ocrx_word' id='word_1_143' title='bbox 1875 948 2030 1002; x_wconf 91' lang='lat' dir='ltr'><strong>dolor</strong></span> <span class='ocrx_word' id='word_1_144' title='bbox 2058 964 2153 1003; x_wconf 92' lang='lat' dir='ltr'><strong>cor</strong></span> <span class='ocrx_word' id='word_1_145' title='bbox 2197 949 2314 1017; x_wconf 84' lang='lat' dir='ltr'><strong>ejus</strong></span> <span class='ocrx_word' id='word_1_146' title='bbox 2370 950 2681 1020; x_wconf 85' lang='lat' dir='ltr'><strong>pupugerit,</strong></span> <span class='ocrx_word' id='word_1_147' title='bbox 2708 951 2924 1020; x_wconf 85' lang='lat' dir='ltr'><strong>quando</strong></span> <span class='ocrx_word' id='word_1_148' title='bbox 2953 949 3005 1003; x_wconf 91' lang='lat' dir='ltr'><strong>in</strong></span> <span class='ocrx_word' id='word_1_149' title='bbox 3036 950 3270 1003; x_wconf 90' lang='lat' dir='ltr'><strong>vestium</strong></span> <span class='ocrx_word' id='word_1_150' title='bbox 3314 964 3461 1003; x_wconf 82' lang='lat' dir='ltr'><strong>tuea-</strong></span> 
     </span>
    </p>
   </div>
   <div class='ocr_carea' id='block_1_24' title="bbox 1878 1040 3460 1111">
    <p class='ocr_par' dir='ltr' id='par_1_24' title="bbox 1878 1040 3460 1111">
     <span class='ocr_line' id='line_1_24' title="bbox 1878 1040 3460 1111; baseline 0.001 -18"><span class='ocrx_word' id='word_1_151' title='bbox 1878 1056 1997 1093; x_wconf 91' lang='lat' dir='ltr'><strong>rum</strong></span> <span class='ocrx_word' id='word_1_152' title='bbox 2059 1042 2518 1110; x_wconf 73' lang='lat' dir='ltr'><strong>contemplatione</strong></span> <span class='ocrx_word' id='word_1_153' title='bbox 2567 1042 2743 1096; x_wconf 74' lang='lat' dir='ltr'><strong>defixa</strong></span> <span class='ocrx_word' id='word_1_154' title='bbox 2793 1042 2971 1108; x_wconf 73' lang='lat' dir='ltr'><strong>haesit,</strong></span> <span class='ocrx_word' id='word_1_155' title='bbox 3025 1041 3152 1111; x_wconf 88' lang='lat' dir='ltr'><strong>quia</strong></span> <span class='ocrx_word' id='word_1_156' title='bbox 3208 1040 3460 1111; x_wconf 84' lang='lat' dir='ltr'><strong>nuspiam</strong></span> 
     </span>
    </p>
   </div>
   <div class='ocr_carea' id='block_1_25' title="bbox 1875 1135 3459 1208">
    <p class='ocr_par' dir='ltr' id='par_1_25' title="bbox 1875 1135 3459 1208">
     <span class='ocr_line' id='line_1_25' title="bbox 1875 1135 3459 1208; baseline -0.001 -16"><span class='ocrx_word' id='word_1_157' title='bbox 1875 1148 1995 1192; x_wconf 83' lang='lat' dir='ltr'><strong>erat</strong></span> <span class='ocrx_word' id='word_1_158' title='bbox 2016 1138 2303 1208; x_wconf 72' lang='lat' dir='ltr'><strong>margarita</strong></span> <span class='ocrx_word' id='word_1_159' title='bbox 2331 1138 2470 1207; x_wconf 88' lang='lat' dir='ltr'><strong>ejus,</strong></span> <span class='ocrx_word' id='word_1_160' title='bbox 2503 1138 2655 1193; x_wconf 89' lang='lat' dir='ltr'><strong>hisce</strong></span> <span class='ocrx_word' id='word_1_161' title='bbox 2680 1137 2834 1192; x_wconf 89' lang='lat' dir='ltr'><strong>indui</strong></span> <span class='ocrx_word' id='word_1_162' title='bbox 2855 1143 3138 1191; x_wconf 88' lang='lat' dir='ltr'><strong>consueta.</strong></span> <span class='ocrx_word' id='word_1_163' title='bbox 3163 1135 3459 1200; x_wconf 79' lang='lat' dir='ltr'><strong>Memento,</strong></span> 
     </span>
    </p>
   </div>
   <div class='ocr_carea' id='block_1_26' title="bbox 1880 1228 3462 1301">
    <p class='ocr_par' dir='ltr' id='par_1_26' title="bbox 1880 1228 3462 1301">
     <span class='ocr_line' id='line_1_26' title="bbox 1880 1228 3462 1301; baseline 0.001 -20"><span class='ocrx_word' id='word_1_164' title='bbox 1880 1228 2126 1293; x_wconf 86' lang='lat' dir='ltr'><strong>Domine,</strong></span> <span class='ocrx_word' id='word_1_165' title='bbox 2176 1228 2322 1299; x_wconf 88' lang='lat' dir='ltr'><strong>quod</strong></span> <span class='ocrx_word' id='word_1_166' title='bbox 2365 1231 2535 1300; x_wconf 88' lang='lat' dir='ltr'><strong>ipsam</strong></span> <span class='ocrx_word' id='word_1_167' title='bbox 2580 1230 2800 1296; x_wconf 87' lang='lat' dir='ltr'><strong>solatio,</strong></span> <span class='ocrx_word' id='word_1_168' title='bbox 2855 1229 3075 1300; x_wconf 86' lang='lat' dir='ltr'><strong>gaudio,</strong></span> <span class='ocrx_word' id='word_1_169' title='bbox 3114 1239 3170 1284; x_wconf 89' lang='lat' dir='ltr'><strong>et</strong></span> <span class='ocrx_word' id='word_1_170' title='bbox 3217 1229 3462 1301; x_wconf 75' lang='lat' dir='ltr'><strong>exsulta-</strong></span> 
     </span>
    </p>
   </div>
   <div class='ocr_carea' id='block_1_27' title="bbox 1876 1319 3460 1391">
    <p class='ocr_par' dir='ltr' id='par_1_27' title="bbox 1876 1319 3460 1391">
     <span class='ocr_line' id='line_1_27' title="bbox 1876 1319 3460 1391; baseline 0.001 -17"><span class='ocrx_word' id='word_1_171' title='bbox 1876 1319 2044 1385; x_wconf 86' lang='lat' dir='ltr'><strong>tione,</strong></span> <span class='ocrx_word' id='word_1_172' title='bbox 2076 1336 2196 1391; x_wconf 66' lang='lat' dir='ltr'><strong>quae</strong></span> <span class='ocrx_word' id='word_1_173' title='bbox 2252 1337 2318 1375; x_wconf 81' lang='lat' dir='ltr'><strong>ex</strong></span> <span class='ocrx_word' id='word_1_174' title='bbox 2374 1337 2462 1376; x_wconf 88' lang='lat' dir='ltr'><strong>me</strong></span> <span class='ocrx_word' id='word_1_175' title='bbox 2510 1322 2783 1391; x_wconf 84' lang='lat' dir='ltr'><strong>sperabat,</strong></span> <span class='ocrx_word' id='word_1_176' title='bbox 2828 1320 3178 1391; x_wconf 87' lang='lat' dir='ltr'><strong>privaverim,</strong></span> <span class='ocrx_word' id='word_1_177' title='bbox 3226 1328 3287 1375; x_wconf 88' lang='lat' dir='ltr'><strong>ut</strong></span> <span class='ocrx_word' id='word_1_178' title='bbox 3337 1319 3460 1385; x_wconf 85' lang='lat' dir='ltr'><strong>tibi,</strong></span> 
     </span>
    </p>
   </div>
   <div class='ocr_carea' id='block_1_28' title="bbox 1877 1413 3454 1484">
    <p class='ocr_par' dir='ltr' id='par_1_28' title="bbox 1877 1413 3454 1484">
     <span class='ocr_line' id='line_1_28' title="bbox 1877 1413 3454 1484; baseline 0.001 -19"><span class='ocrx_word' id='word_1_179' title='bbox 1877 1420 1931 1465; x_wconf 91' lang='lat' dir='ltr'><strong>et</strong></span> <span class='ocrx_word' id='word_1_180' title='bbox 1967 1427 2112 1477; x_wconf 89' lang='lat' dir='ltr'><strong>meo,</strong></span> <span class='ocrx_word' id='word_1_181' title='bbox 2149 1422 2205 1467; x_wconf 92' lang='lat' dir='ltr'><strong>et</strong></span> <span class='ocrx_word' id='word_1_182' title='bbox 2232 1413 2405 1484; x_wconf 88' lang='lat' dir='ltr'><strong>ipsius</strong></span> <span class='ocrx_word' id='word_1_183' title='bbox 2436 1414 2546 1468; x_wconf 92' lang='lat' dir='ltr'><strong>Deo</strong></span> <span class='ocrx_word' id='word_1_184' title='bbox 2573 1430 2637 1469; x_wconf 89' lang='lat' dir='ltr'><strong>ac</strong></span> <span class='ocrx_word' id='word_1_185' title='bbox 2664 1414 2895 1470; x_wconf 90' lang='lat' dir='ltr'><strong>Domino</strong></span> <span class='ocrx_word' id='word_1_186' title='bbox 2926 1414 3304 1469; x_wconf 89' lang='lat' dir='ltr'><strong>universorum</strong></span> <span class='ocrx_word' id='word_1_187' title='bbox 3332 1427 3454 1468; x_wconf 84' lang='lat' dir='ltr'><strong>ser-</strong></span> 
     </span>
    </p>
   </div>
   <div class='ocr_carea' id='block_1_29' title="bbox 1878 1503 3463 1577">
    <p class='ocr_par' dir='ltr' id='par_1_29' title="bbox 1878 1503 3463 1577">
     <span class='ocr_line' id='line_1_29' title="bbox 1878 1503 3463 1577; baseline 0.002 -19"><span class='ocrx_word' id='word_1_188' title='bbox 1878 1503 2070 1558; x_wconf 90' lang='lat' dir='ltr'><strong>virem.</strong></span> <span class='ocrx_word' id='word_1_189' title='bbox 2096 1503 2172 1558; x_wconf 89' lang='lat' dir='ltr'><strong>Da</strong></span> <span class='ocrx_word' id='word_1_190' title='bbox 2205 1506 2253 1559; x_wconf 89' lang='lat' dir='ltr'><strong>ei</strong></span> <span class='ocrx_word' id='word_1_191' title='bbox 2276 1506 2520 1576; x_wconf 84' lang='lat' dir='ltr'><strong>angelos,</strong></span> <span class='ocrx_word' id='word_1_192' title='bbox 2550 1507 2640 1577; x_wconf 90' lang='lat' dir='ltr'><strong>qui</strong></span> <span class='ocrx_word' id='word_1_193' title='bbox 2686 1507 2923 1562; x_wconf 89' lang='lat' dir='ltr'><strong>animam</strong></span> <span class='ocrx_word' id='word_1_194' title='bbox 2976 1507 3148 1577; x_wconf 89' lang='lat' dir='ltr'><strong>ipsius</strong></span> <span class='ocrx_word' id='word_1_195' title='bbox 3173 1516 3397 1562; x_wconf 90' lang='lat' dir='ltr'><strong>servent</strong></span> <span class='ocrx_word' id='word_1_196' title='bbox 3431 1522 3463 1561; x_wconf 88' lang='lat' dir='ltr'><strong>a</strong></span> 
     </span>
    </p>
   </div>
   <div class='ocr_carea' id='block_1_30' title="bbox 1879 1597 3461 1671">
    <p class='ocr_par' dir='ltr' id='par_1_30' title="bbox 1879 1597 3461 1671">
     <span class='ocr_line' id='line_1_30' title="bbox 1879 1597 3461 1671; baseline 0.004 -20"><span class='ocrx_word' id='word_1_197' title='bbox 1879 1597 2161 1666; x_wconf 88' lang='lat' dir='ltr'><strong>spiritibus</strong></span> <span class='ocrx_word' id='word_1_198' title='bbox 2209 1609 2267 1653; x_wconf 90' lang='lat' dir='ltr'><strong>et</strong></span> <span class='ocrx_word' id='word_1_199' title='bbox 2317 1600 2450 1654; x_wconf 85' lang='lat' dir='ltr'><strong>feris</strong></span> <span class='ocrx_word' id='word_1_200' title='bbox 2498 1601 2751 1671; x_wconf 80' lang='lat' dir='ltr'><strong>malignis</strong></span> <span class='ocrx_word' id='word_1_201' title='bbox 2786 1601 2947 1657; x_wconf 70' lang='lat' dir='ltr'><strong>aeriae</strong></span> <span class='ocrx_word' id='word_1_202' title='bbox 2998 1602 3164 1670; x_wconf 80' lang='lat' dir='ltr'><strong>hujus</strong></span> <span class='ocrx_word' id='word_1_203' title='bbox 3200 1602 3461 1671; x_wconf 81' lang='lat' dir='ltr'><strong>regionis,</strong></span> 
     </span>
    </p>
   </div>
   <div class='ocr_carea' id='block_1_31' title="bbox 1878 1692 3466 1761">
    <p class='ocr_par' dir='ltr' id='par_1_31' title="bbox 1878 1692 3466 1761">
     <span class='ocr_line' id='line_1_31' title="bbox 1878 1692 3466 1761; baseline 0.004 -15"><span class='ocrx_word' id='word_1_204' title='bbox 1878 1708 1999 1761; x_wconf 69' lang='lat' dir='ltr'><strong>qurc</strong></span> <span class='ocrx_word' id='word_1_205' title='bbox 2029 1692 2149 1749; x_wconf 90' lang='lat' dir='ltr'><strong>sine</strong></span> <span class='ocrx_word' id='word_1_206' title='bbox 2173 1694 2550 1750; x_wconf 86' lang='lat' dir='ltr'><strong>misericordia</strong></span> <span class='ocrx_word' id='word_1_207' title='bbox 2579 1707 2851 1751; x_wconf 85' lang='lat' dir='ltr'><strong>conantur</strong></span> <span class='ocrx_word' id='word_1_208' title='bbox 2884 1697 3148 1752; x_wconf 88' lang='lat' dir='ltr'><strong>devorare</strong></span> <span class='ocrx_word' id='word_1_209' title='bbox 3174 1705 3466 1752; x_wconf 83' lang='lat' dir='ltr'><strong>transeun-</strong></span> 
     </span>
    </p>
   </div>
   <div class='ocr_carea' id='block_1_32' title="bbox 195 1781 1789 1859">
    <p class='ocr_par' dir='ltr' id='par_1_32' title="bbox 195 1783 1778 1859">
     <span class='ocr_line' id='line_1_32' title="bbox 195 1783 1778 1859; baseline -0.004 -19"><span class='ocrx_word' id='word_1_210' title='bbox 195 1788 437 1859; x_wconf 74' lang='grc' dir='ltr'>ρούντων</span> <span class='ocrx_word' id='word_1_211' title='bbox 466 1789 754 1840; x_wconf 79' lang='grc' dir='ltr'>καταπιεῖν</span> <span class='ocrx_word' id='word_1_212' title='bbox 782 1786 992 1849; x_wconf 83' lang='grc' dir='ltr'>πάντας</span> <span class='ocrx_word' id='word_1_213' title='bbox 1032 1786 1161 1847; x_wconf 83' lang='grc' dir='ltr'><strong>τούς</strong></span> <span class='ocrx_word' id='word_1_214' title='bbox 1187 1784 1255 1837; x_wconf 85' lang='grc' dir='ltr'><strong>δι’</strong></span> <span class='ocrx_word' id='word_1_215' title='bbox 1287 1783 1470 1837; x_wconf 84' lang='grc' dir='ltr'>αὐτῶν</span> <span class='ocrx_word' id='word_1_216' title='bbox 1499 1799 1778 1852; x_wconf 86' lang='grc' dir='ltr'>παρερχο-</span> 
     </span>
    </p>
   </div>
   <div class='ocr_carea' id='block_1_33' title="bbox 1891 1781 3463 1859">
    <p class='ocr_par' dir='ltr' id='par_1_33' title="bbox 1891 1781 3463 1857">
     <span class='ocr_line' id='line_1_33' title="bbox 1891 1781 3463 1857; baseline 0.005 -24"><span class='ocrx_word' id='word_1_217' title='bbox 1891 1788 1985 1834; x_wconf 86' lang='lat' dir='ltr'><strong>tes.</strong></span> <span class='ocrx_word' id='word_1_218' title='bbox 2024 1781 2271 1846; x_wconf 90' lang='lat' dir='ltr'><strong>Domine,</strong></span> <span class='ocrx_word' id='word_1_219' title='bbox 2303 1783 2555 1849; x_wconf 90' lang='lat' dir='ltr'><strong>Domine,</strong></span> <span class='ocrx_word' id='word_1_220' title='bbox 2588 1785 2777 1839; x_wconf 87' lang='lat' dir='ltr'><strong>emitte</strong></span> <span class='ocrx_word' id='word_1_221' title='bbox 2824 1787 3080 1841; x_wconf 87' lang='lat' dir='ltr'><strong>custodes</strong></span> <span class='ocrx_word' id='word_1_222' title='bbox 3127 1787 3318 1851; x_wconf 83' lang='lat' dir='ltr'><strong>fortes,</strong></span> <span class='ocrx_word' id='word_1_223' title='bbox 3370 1786 3463 1857; x_wconf 89' lang='lat' dir='ltr'><strong>qui</strong></span> 
     </span>
    </p>
   </div>
   <div class='ocr_carea' id='block_1_34' title="bbox 198 1873 1784 1948">
    <p class='ocr_par' dir='ltr' id='par_1_34' title="bbox 198 1873 1784 1948">
     <span class='ocr_line' id='line_1_34' title="bbox 198 1873 1784 1948; baseline -0.004 -16"><span class='ocrx_word' id='word_1_224' title='bbox 198 1880 413 1948; x_wconf 85' lang='grc' dir='ltr'>μένους,</span> <span class='ocrx_word' id='word_1_225' title='bbox 435 1878 851 1944; x_wconf 76' lang='grc' dir='ltr'>Ἐξαπόστειλον</span> <span class='ocrx_word' id='word_1_226' title='bbox 874 1877 1034 1948; x_wconf 85' lang='grc' dir='ltr'>αὐτῇ,</span> <span class='ocrx_word' id='word_1_227' title='bbox 1062 1876 1257 1947; x_wconf 80' lang='grc' dir='ltr'>Κύριε,</span> <span class='ocrx_word' id='word_1_228' title='bbox 1302 1874 1506 1944; x_wconf 84' lang='grc' dir='ltr'>Κύριε,</span> <span class='ocrx_word' id='word_1_229' title='bbox 1537 1873 1784 1943; x_wconf 80' lang='grc' dir='ltr'>φύλακας</span> 
     </span>
    </p>
   </div>
   <div class='ocr_carea' id='block_1_35' title="bbox 198 1966 1786 2041">
    <p class='ocr_par' dir='ltr' id='par_1_35' title="bbox 198 1966 1786 2041">
     <span class='ocr_line' id='line_1_35' title="bbox 198 1966 1786 2041; baseline -0.003 -18"><span class='ocrx_word' id='word_1_230' title='bbox 198 1972 457 2041; x_wconf 71' lang='grc' dir='ltr'>ἰσχυροὺς</span> <span class='ocrx_word' id='word_1_231' title='bbox 470 1970 841 2038; x_wconf 76' lang='grc' dir='ltr'>ἐπιτιμῶντας</span> <span class='ocrx_word' id='word_1_232' title='bbox 872 1970 1031 2041; x_wconf 88' lang='grc' dir='ltr'>πάσῃ</span> <span class='ocrx_word' id='word_1_233' title='bbox 1051 1968 1348 2039; x_wconf 81' lang='grc' dir='ltr'><strong>ἀκαθάρτῳ</strong></span> <span class='ocrx_word' id='word_1_234' title='bbox 1373 1966 1622 2037; x_wconf 81' lang='grc' dir='ltr'>δυνάμει.</span> <span class='ocrx_word' id='word_1_235' title='bbox 1652 1967 1786 2019; x_wconf 87' lang='grc' dir='ltr'>Συν-</span> 
     </span>
    </p>
   </div>
   <div class='ocr_carea' id='block_1_36' title="bbox 198 2058 1786 2134">
    <p class='ocr_par' dir='ltr' id='par_1_36' title="bbox 198 2058 1786 2134">
     <span class='ocr_line' id='line_1_36' title="bbox 198 2058 1786 2134; baseline -0.004 -17"><span class='ocrx_word' id='word_1_236' title='bbox 198 2065 410 2134; x_wconf 84' lang='grc' dir='ltr'>αντήσῃ</span> <span class='ocrx_word' id='word_1_237' title='bbox 448 2063 584 2134; x_wconf 78' lang='grc' dir='ltr'>αὐτῇ</span> <span class='ocrx_word' id='word_1_238' title='bbox 608 2063 703 2117; x_wconf 77' lang='grc' dir='ltr'>καὶ</span> <span class='ocrx_word' id='word_1_239' title='bbox 732 2062 956 2125; x_wconf 79' lang='grc' dir='ltr'><strong>ἀλύπως</strong></span> <span class='ocrx_word' id='word_1_240' title='bbox 987 2063 1081 2115; x_wconf 60' lang='grc' dir='ltr'><strong>καὶ⁸</strong></span> <span class='ocrx_word' id='word_1_241' title='bbox 1119 2060 1521 2123; x_wconf 83' lang='grc' dir='ltr'>ἀϐασανίστως.</span> <span class='ocrx_word' id='word_1_242' title='bbox 1570 2059 1629 2113; x_wconf 84' lang='lat' dir='ltr'><strong>&#39;O</strong></span> <span class='ocrx_word' id='word_1_243' title='bbox 1653 2058 1786 2120; x_wconf 87' lang='grc' dir='ltr'>Θεός</span> 
     </span>
    </p>
   </div>
   <div class='ocr_carea' id='block_1_37' title="bbox 202 2148 1783 2222">
    <p class='ocr_par' dir='ltr' id='par_1_37' title="bbox 202 2148 1783 2222">
     <span class='ocr_line' id='line_1_37' title="bbox 202 2148 1783 2222; baseline -0.001 -18"><span class='ocrx_word' id='word_1_244' title='bbox 202 2151 602 2222; x_wconf 87' lang='grc' dir='ltr'>μου,κέλευσον</span> <span class='ocrx_word' id='word_1_245' title='bbox 619 2151 1047 2222; x_wconf 88' lang='grc' dir='ltr'>διαχωρισθῆναι</span> <span class='ocrx_word' id='word_1_246' title='bbox 1072 2150 1243 2221; x_wconf 87' lang='grc' dir='ltr'>αὐτῆς</span> <span class='ocrx_word' id='word_1_247' title='bbox 1271 2151 1371 2221; x_wconf 81' lang='grc' dir='ltr'>τὴν</span> <span class='ocrx_word' id='word_1_248' title='bbox 1400 2149 1578 2221; x_wconf 67' lang='grc' dir='ltr'>ψυχὴν</span> <span class='ocrx_word' id='word_1_249' title='bbox 1601 2153 1665 2203; x_wconf 76' lang='grc' dir='ltr'>ὲκ</span> <span class='ocrx_word' id='word_1_250' title='bbox 1690 2148 1783 2203; x_wconf 85' lang='grc' dir='ltr'><strong>τοῦ</strong></span> 
     </span>
    </p>
   </div>
   <div class='ocr_carea' id='block_1_38' title="bbox 104 2234 1787 2317">
    <p class='ocr_par' dir='ltr' id='par_1_38' title="bbox 104 2234 1787 2317">
     <span class='ocr_line' id='line_1_38' title="bbox 104 2234 1787 2317; baseline -0.001 -19"><span class='ocrx_word' id='word_1_251' title='bbox 104 2234 117 2240; x_wconf 61' lang='grc'><strong>’</strong></span> <span class='ocrx_word' id='word_1_252' title='bbox 201 2246 474 2316; x_wconf 76' lang='grc' dir='ltr'>σώματος,</span> <span class='ocrx_word' id='word_1_253' title='bbox 506 2246 598 2299; x_wconf 65' lang='grc' dir='ltr'><strong>καλ⁵</strong></span> <span class='ocrx_word' id='word_1_254' title='bbox 620 2247 672 2299; x_wconf 83' lang='grc' dir='ltr'>ετ</span> <span class='ocrx_word' id='word_1_255' title='bbox 708 2264 758 2299; x_wconf 85' lang='grc' dir='ltr'><strong>τι</strong></span> <span class='ocrx_word' id='word_1_256' title='bbox 782 2245 856 2309; x_wconf 83' lang='grc' dir='ltr'>ὼς</span> <span class='ocrx_word' id='word_1_257' title='bbox 881 2245 1101 2317; x_wconf 76' lang='grc' dir='ltr'>γυνήὲν</span> <span class='ocrx_word' id='word_1_258' title='bbox 1122 2244 1341 2316; x_wconf 78' lang='grc' dir='ltr'>ἔργῳ,ἦ</span> <span class='ocrx_word' id='word_1_259' title='bbox 1368 2245 1511 2316; x_wconf 78' lang='grc' dir='ltr'>λόγῳ</span> <span class='ocrx_word' id='word_1_260' title='bbox 1534 2245 1787 2316; x_wconf 74' lang='grc' dir='ltr'>ἥμαρτεν</span> 
     </span>
    </p>
   </div>
   <div class='ocr_carea' id='block_1_39' title="bbox 195 2335 1783 2408">
    <p class='ocr_par' dir='ltr' id='par_1_39' title="bbox 195 2335 1783 2408">
     <span class='ocr_line' id='line_1_39' title="bbox 195 2335 1783 2408; baseline -0.001 -20"><span class='ocrx_word' id='word_1_261' title='bbox 195 2337 263 2388; x_wconf 78' lang='grc' dir='ltr'>ἑν</span> <span class='ocrx_word' id='word_1_262' title='bbox 287 2335 422 2405; x_wconf 80' lang='grc' dir='ltr'>τῷδε</span> <span class='ocrx_word' id='word_1_263' title='bbox 460 2335 536 2408; x_wconf 77' lang='grc' dir='ltr'>τῷ</span> <span class='ocrx_word' id='word_1_264' title='bbox 569 2336 690 2406; x_wconf 82' lang='grc' dir='ltr'>βίῳ,</span> <span class='ocrx_word' id='word_1_265' title='bbox 722 2336 1077 2408; x_wconf 77' lang='grc' dir='ltr'>συγχώρησον</span> <span class='ocrx_word' id='word_1_266' title='bbox 1128 2339 1191 2407; x_wconf 84' lang='grc' dir='ltr'>τῇ</span> <span class='ocrx_word' id='word_1_267' title='bbox 1234 2336 1381 2406; x_wconf 74' lang='grc' dir='ltr'>ψυχῇ</span> <span class='ocrx_word' id='word_1_268' title='bbox 1425 2336 1617 2405; x_wconf 86' lang='grc' dir='ltr'>αὐτῆς,</span> <span class='ocrx_word' id='word_1_269' title='bbox 1642 2335 1783 2406; x_wconf 77' lang='grc' dir='ltr'>ὑπὲρ</span> 
     </span>
    </p>
   </div>
   <div class='ocr_carea' id='block_1_40' title="bbox 196 2422 1785 2499">
    <p class='ocr_par' dir='ltr' id='par_1_40' title="bbox 196 2422 1785 2499">
     <span class='ocr_line' id='line_1_40' title="bbox 196 2422 1785 2499; baseline 0.002 -22"><span class='ocrx_word' id='word_1_270' title='bbox 196 2428 303 2496; x_wconf 81' lang='grc' dir='ltr'><strong>τῆς</strong></span> <span class='ocrx_word' id='word_1_271' title='bbox 357 2426 566 2491; x_wconf 79' lang='grc' dir='ltr'>θυσίας,</span> <span class='ocrx_word' id='word_1_272' title='bbox 616 2422 685 2499; x_wconf 84' lang='grc' dir='ltr'>ἦς</span> <span class='ocrx_word' id='word_1_273' title='bbox 743 2428 1054 2498; x_wconf 77' lang='grc' dir='ltr'>ἐγέννησεν,</span> <span class='ocrx_word' id='word_1_274' title='bbox 1092 2427 1186 2481; x_wconf 72' lang='grc' dir='ltr'>καὶ</span> <span class='ocrx_word' id='word_1_275' title='bbox 1242 2428 1619 2498; x_wconf 70' lang='grc' dir='ltr'>προσήνεγκεν</span> <span class='ocrx_word' id='word_1_276' title='bbox 1668 2445 1785 2491; x_wconf 87' lang='grc' dir='ltr'>σοι,</span> 
     </span>
    </p>
   </div>
   <div class='ocr_carea' id='block_1_41' title="bbox 196 2518 1788 2592">
    <p class='ocr_par' dir='ltr' id='par_1_41' title="bbox 196 2518 1788 2592">
     <span class='ocr_line' id='line_1_41' title="bbox 196 2518 1788 2592; baseline 0.002 -21"><span class='ocrx_word' id='word_1_277' title='bbox 196 2522 469 2582; x_wconf 74' lang='grc' dir='ltr'>Δέσποτα,</span> <span class='ocrx_word' id='word_1_278' title='bbox 494 2522 593 2591; x_wconf 77' lang='grc' dir='ltr'><strong>ἐμὲ</strong></span> <span class='ocrx_word' id='word_1_279' title='bbox 619 2521 709 2575; x_wconf 78' lang='grc' dir='ltr'>τὸν</span> <span class='ocrx_word' id='word_1_280' title='bbox 763 2521 982 2586; x_wconf 81' lang='grc' dir='ltr'>ἀνάξιον</span> <span class='ocrx_word' id='word_1_281' title='bbox 1021 2520 1209 2575; x_wconf 87' lang='grc' dir='ltr'>δοῦλόν</span> <span class='ocrx_word' id='word_1_282' title='bbox 1248 2537 1366 2586; x_wconf 90' lang='grc' dir='ltr'>σου,</span> <span class='ocrx_word' id='word_1_283' title='bbox 1412 2522 1522 2586; x_wconf 67' lang='grc' dir='ltr'>ναὶ,</span> <span class='ocrx_word' id='word_1_284' title='bbox 1558 2518 1732 2592; x_wconf 81' lang='grc' dir='ltr'>Κύριε</span> <span class='ocrx_word' id='word_1_285' title='bbox 1760 2522 1788 2574; x_wconf 91' lang='lat'><em>6</em></span> 
     </span>
    </p>
   </div>
   <div class='ocr_carea' id='block_1_42' title="bbox 198 2611 1788 2685">
    <p class='ocr_par' dir='ltr' id='par_1_42' title="bbox 198 2611 1788 2685">
     <span class='ocr_line' id='line_1_42' title="bbox 198 2611 1788 2685; baseline 0.002 -21"><span class='ocrx_word' id='word_1_286' title='bbox 198 2611 339 2673; x_wconf 67' lang='grc' dir='ltr'>Θεὸς</span> <span class='ocrx_word' id='word_1_287' title='bbox 371 2630 496 2681; x_wconf 85' lang='grc' dir='ltr'>μου,</span> <span class='ocrx_word' id='word_1_288' title='bbox 544 2613 573 2664; x_wconf 93' lang='lat'><em>6</em></span> <span class='ocrx_word' id='word_1_289' title='bbox 624 2612 829 2676; x_wconf 86' lang='grc' dir='ltr'>δίκαιος</span> <span class='ocrx_word' id='word_1_290' title='bbox 874 2611 1068 2684; x_wconf 84' lang='grc' dir='ltr'>κριτὴς</span> <span class='ocrx_word' id='word_1_291' title='bbox 1106 2614 1207 2677; x_wconf 44' lang='grc' dir='ltr'>,καὶ</span> <span class='ocrx_word' id='word_1_292' title='bbox 1262 2612 1664 2685; x_wconf 84' lang='grc' dir='ltr'>φιλάνθρωπος.</span> <span class='ocrx_word' id='word_1_293' title='bbox 1696 2614 1788 2684; x_wconf 82' lang='grc' dir='ltr'><strong>Μὴ</strong></span> 
     </span>
    </p>
   </div>
   <div class='ocr_carea' id='block_1_43' title="bbox 202 2703 1791 2776">
    <p class='ocr_par' dir='ltr' id='par_1_43' title="bbox 202 2703 1791 2776">
     <span class='ocr_line' id='line_1_43' title="bbox 202 2703 1791 2776; baseline 0.001 -20"><span class='ocrx_word' id='word_1_294' title='bbox 202 2704 524 2776; x_wconf 77' lang='grc' dir='ltr'>εἰσενέγκῃς</span> <span class='ocrx_word' id='word_1_295' title='bbox 570 2704 739 2776; x_wconf 79' lang='grc' dir='ltr'>αὐτὴν</span> <span class='ocrx_word' id='word_1_296' title='bbox 787 2704 895 2758; x_wconf 81' lang='grc' dir='ltr'><strong>ἀπὸ</strong></span> <span class='ocrx_word' id='word_1_297' title='bbox 954 2703 1190 2774; x_wconf 73' lang='grc' dir='ltr'>θλίψεως</span> <span class='ocrx_word' id='word_1_298' title='bbox 1218 2706 1297 2769; x_wconf 85' lang='grc' dir='ltr'>εἰς</span> <span class='ocrx_word' id='word_1_299' title='bbox 1324 2705 1524 2775; x_wconf 73' lang='grc' dir='ltr'>θλίψιν,</span> <span class='ocrx_word' id='word_1_300' title='bbox 1555 2706 1649 2758; x_wconf 60' lang='grc' dir='ltr'><strong>καὶ⁵</strong></span> <span class='ocrx_word' id='word_1_301' title='bbox 1682 2706 1791 2759; x_wconf 80' lang='grc' dir='ltr'>άπὸ</span> 
     </span>
    </p>
   </div>
   <div class='ocr_carea' id='block_1_44' title="bbox 203 2796 1788 2867">
    <p class='ocr_par' dir='ltr' id='par_1_44' title="bbox 203 2796 1788 2867">
     <span class='ocr_line' id='line_1_44' title="bbox 203 2796 1788 2867; baseline 0.002 -20"><span class='ocrx_word' id='word_1_302' title='bbox 203 2796 399 2866; x_wconf 79' lang='grc' dir='ltr'>ὀδύνης</span> <span class='ocrx_word' id='word_1_303' title='bbox 430 2800 509 2859; x_wconf 83' lang='grc' dir='ltr'><strong>εἰς</strong></span> <span class='ocrx_word' id='word_1_304' title='bbox 539 2797 752 2867; x_wconf 82' lang='grc' dir='ltr'>ὀδύνην,</span> <span class='ocrx_word' id='word_1_305' title='bbox 787 2797 897 2851; x_wconf 67' lang='grc' dir='ltr'>ἀπὸ</span> <span class='ocrx_word' id='word_1_306' title='bbox 932 2797 1260 2866; x_wconf 82' lang='grc' dir='ltr'>στεναγμῶν</span> <span class='ocrx_word' id='word_1_307' title='bbox 1317 2799 1394 2861; x_wconf 87' lang='grc' dir='ltr'><strong>είς</strong></span> <span class='ocrx_word' id='word_1_308' title='bbox 1427 2799 1788 2867; x_wconf 81' lang='grc' dir='ltr'>στεναγμοὺς,</span> 
     </span>
    </p>
   </div>
   <div class='ocr_carea' id='block_1_45' title="bbox 204 2884 1791 2961">
    <p class='ocr_par' dir='ltr' id='par_1_45' title="bbox 204 2884 1791 2961">
     <span class='ocr_line' id='line_1_45' title="bbox 204 2884 1791 2961; baseline 0.001 -20"><span class='ocrx_word' id='word_1_309' title='bbox 204 2888 323 2941; x_wconf 83' lang='grc' dir='ltr'>ἀλλ’</span> <span class='ocrx_word' id='word_1_310' title='bbox 353 2890 473 2942; x_wconf 72' lang='grc' dir='ltr'>ἀντὶ</span> <span class='ocrx_word' id='word_1_311' title='bbox 501 2889 699 2957; x_wconf 83' lang='grc' dir='ltr'>λύπης,</span> <span class='ocrx_word' id='word_1_312' title='bbox 755 2884 822 2961; x_wconf 83' lang='grc' dir='ltr'>ἦς</span> <span class='ocrx_word' id='word_1_313' title='bbox 858 2888 1106 2960; x_wconf 78' lang='grc' dir='ltr'>ἐλυπήθη</span> <span class='ocrx_word' id='word_1_314' title='bbox 1136 2889 1222 2944; x_wconf 82' lang='grc' dir='ltr'><strong>διὰ</strong></span> <span class='ocrx_word' id='word_1_315' title='bbox 1263 2890 1354 2944; x_wconf 80' lang='grc' dir='ltr'>τὸν</span> <span class='ocrx_word' id='word_1_316' title='bbox 1394 2890 1658 2960; x_wconf 90' lang='grc' dir='ltr'>μονογενῆ</span> <span class='ocrx_word' id='word_1_317' title='bbox 1692 2891 1791 2942; x_wconf 53' lang='grc' dir='ltr'>αὐ-</span> 
     </span>
    </p>
   </div>
   <div class='ocr_carea' id='block_1_46' title="bbox 207 2981 1793 3053">
    <p class='ocr_par' dir='ltr' id='par_1_46' title="bbox 207 2981 1793 3053">
     <span class='ocr_line' id='line_1_46' title="bbox 207 2981 1793 3053; baseline 0.001 -21"><span class='ocrx_word' id='word_1_318' title='bbox 207 2981 332 3050; x_wconf 82' lang='grc' dir='ltr'>τῆς,</span> <span class='ocrx_word' id='word_1_319' title='bbox 389 2984 469 3044; x_wconf 88' lang='grc' dir='ltr'><strong>είς</strong></span> <span class='ocrx_word' id='word_1_320' title='bbox 520 2982 718 3053; x_wconf 82' lang='grc' dir='ltr'>χαράν,</span> <span class='ocrx_word' id='word_1_321' title='bbox 775 2982 897 3035; x_wconf 72' lang='grc' dir='ltr'>ἀντὶ</span> <span class='ocrx_word' id='word_1_322' title='bbox 945 2982 1195 3052; x_wconf 86' lang='grc' dir='ltr'>δακρύων</span> <span class='ocrx_word' id='word_1_323' title='bbox 1226 2982 1306 3045; x_wconf 84' lang='grc' dir='ltr'><strong>είς</strong></span> <span class='ocrx_word' id='word_1_324' title='bbox 1349 2982 1672 3051; x_wconf 86' lang='grc' dir='ltr'>άγαλλίασιν</span> <span class='ocrx_word' id='word_1_325' title='bbox 1694 2983 1793 3051; x_wconf 81' lang='grc' dir='ltr'>τὴν</span> 
     </span>
    </p>
   </div>
   <div class='ocr_carea' id='block_1_47' title="bbox 208 3069 1788 3141">
    <p class='ocr_par' dir='ltr' id='par_1_47' title="bbox 208 3069 1788 3141">
     <span class='ocr_line' id='line_1_47' title="bbox 208 3069 1788 3141; baseline -0.001 -19"><span class='ocrx_word' id='word_1_326' title='bbox 208 3071 622 3141; x_wconf 79' lang='grc' dir='ltr'>ἡτοιμασμένην</span> <span class='ocrx_word' id='word_1_327' title='bbox 655 3072 766 3134; x_wconf 89' lang='grc' dir='ltr'>τοῖς</span> <span class='ocrx_word' id='word_1_328' title='bbox 793 3070 967 3139; x_wconf 81' lang='grc' dir='ltr'>ἁγίοις</span> <span class='ocrx_word' id='word_1_329' title='bbox 1017 3087 1133 3132; x_wconf 87' lang='grc' dir='ltr'>σου,</span> <span class='ocrx_word' id='word_1_330' title='bbox 1164 3070 1194 3123; x_wconf 86' lang='lat'><em>6</em></span> <span class='ocrx_word' id='word_1_331' title='bbox 1239 3069 1393 3134; x_wconf 86' lang='grc' dir='ltr'>Θεὸς,</span> <span class='ocrx_word' id='word_1_332' title='bbox 1425 3072 1454 3124; x_wconf 90' lang='lat'><em>6</em></span> <span class='ocrx_word' id='word_1_333' title='bbox 1501 3070 1631 3134; x_wconf 78' lang='grc' dir='ltr'>Θεός</span> <span class='ocrx_word' id='word_1_334' title='bbox 1665 3088 1788 3141; x_wconf 85' lang='grc' dir='ltr'>μου,</span> 
     </span>
    </p>
   </div>
   <div class='ocr_carea' id='block_1_48' title="bbox 210 3160 921 3232">
    <p class='ocr_par' dir='ltr' id='par_1_48' title="bbox 210 3160 921 3232">
     <span class='ocr_line' id='line_1_48' title="bbox 210 3160 921 3232; baseline 0.001 -20"><span class='ocrx_word' id='word_1_335' title='bbox 210 3163 293 3223; x_wconf 83' lang='grc' dir='ltr'><strong>είς</strong></span> <span class='ocrx_word' id='word_1_336' title='bbox 315 3163 436 3222; x_wconf 77' lang='grc' dir='ltr'>τοὺς</span> <span class='ocrx_word' id='word_1_337' title='bbox 468 3160 692 3225; x_wconf 90' lang='grc' dir='ltr'>αίῶνας.</span> <span class='ocrx_word' id='word_1_338' title='bbox 729 3161 921 3232; x_wconf 81' lang='grc' dir='ltr'>’Δμήν.</span> 
     </span>
    </p>
   </div>
   <div class='ocr_carea' id='block_1_49' title="bbox 286 3249 1794 3323">
    <p class='ocr_par' dir='ltr' id='par_1_49' title="bbox 286 3249 1794 3323">
     <span class='ocr_line' id='line_1_49' title="bbox 286 3249 1794 3323; baseline 0 -19"><span class='ocrx_word' id='word_1_339' title='bbox 286 3258 401 3315; x_wconf 80' lang='grc' dir='ltr'>κς’.</span> <span class='ocrx_word' id='word_1_340' title='bbox 431 3250 551 3305; x_wconf 90' lang='grc' dir='ltr'>Τῶν</span> <span class='ocrx_word' id='word_1_341' title='bbox 580 3250 758 3305; x_wconf 88' lang='grc' dir='ltr'>αὐτῶν</span> <span class='ocrx_word' id='word_1_342' title='bbox 787 3254 849 3305; x_wconf 79' lang='grc' dir='ltr'>ὲκ</span> <span class='ocrx_word' id='word_1_343' title='bbox 870 3252 969 3321; x_wconf 82' lang='grc' dir='ltr'><strong>τῆς</strong></span> <span class='ocrx_word' id='word_1_344' title='bbox 1001 3252 1165 3323; x_wconf 89' lang='grc' dir='ltr'>εὐχῆς</span> <span class='ocrx_word' id='word_1_345' title='bbox 1195 3251 1331 3321; x_wconf 68' lang='lat'><strong>(29),</strong></span> <span class='ocrx_word' id='word_1_346' title='bbox 1356 3249 1561 3323; x_wconf 73' lang='grc' dir='ltr'>ἤρξατο</span> <span class='ocrx_word' id='word_1_347' title='bbox 1586 3253 1613 3305; x_wconf 98' lang='lat'><em>6</em></span> <span class='ocrx_word' id='word_1_348' title='bbox 1638 3252 1794 3305; x_wconf 84' lang='grc' dir='ltr'>ἀδελ-</span> 
     </span>
    </p>
   </div>
   <div class='ocr_carea' id='block_1_50' title="bbox 213 3343 1792 3415">
    <p class='ocr_par' dir='ltr' id='par_1_50' title="bbox 213 3343 1792 3415">
     <span class='ocr_line' id='line_1_50' title="bbox 213 3343 1792 3415; baseline 0.001 -20"><span class='ocrx_word' id='word_1_349' title='bbox 213 3344 314 3412; x_wconf 70' lang='grc' dir='ltr'>φὸς</span> <span class='ocrx_word' id='word_1_350' title='bbox 357 3343 606 3414; x_wconf 83' lang='grc' dir='ltr'>Ἰωάννης</span> <span class='ocrx_word' id='word_1_351' title='bbox 630 3344 1074 3415; x_wconf 85' lang='grc' dir='ltr'>παραμυθεῖσθαι</span> <span class='ocrx_word' id='word_1_352' title='bbox 1099 3344 1261 3398; x_wconf 76' lang='grc' dir='ltr'>αὐτὸν</span> <span class='ocrx_word' id='word_1_353' title='bbox 1284 3345 1376 3397; x_wconf 73' lang='grc' dir='ltr'>καὶ</span> <span class='ocrx_word' id='word_1_354' title='bbox 1397 3344 1575 3413; x_wconf 83' lang='grc' dir='ltr'>λέγειν</span> <span class='ocrx_word' id='word_1_355' title='bbox 1596 3364 1609 3377; x_wconf 87' lang='grc'><strong>·</strong></span> <span class='ocrx_word' id='word_1_356' title='bbox 1638 3345 1792 3409; x_wconf 79' lang='grc' dir='ltr'>Ἰδοὺ,</span> 
     </span>
    </p>
   </div>
   <div class='ocr_carea' id='block_1_51' title="bbox 213 3436 1794 3511">
    <p class='ocr_par' dir='ltr' id='par_1_51' title="bbox 213 3436 1794 3511">
     <span class='ocr_line' id='line_1_51' title="bbox 213 3436 1794 3511; baseline 0.004 -23"><span class='ocrx_word' id='word_1_357' title='bbox 213 3436 410 3505; x_wconf 82' lang='grc' dir='ltr'>άδελφὲ</span> <span class='ocrx_word' id='word_1_358' title='bbox 440 3436 687 3507; x_wconf 84' lang='grc' dir='ltr'>Συμεὼν,</span> <span class='ocrx_word' id='word_1_359' title='bbox 717 3437 1167 3511; x_wconf 78' lang='grc' dir='ltr'>ὲπληροφόρησέν</span> <span class='ocrx_word' id='word_1_360' title='bbox 1202 3456 1261 3492; x_wconf 89' lang='grc' dir='ltr'><strong>σε</strong></span> <span class='ocrx_word' id='word_1_361' title='bbox 1301 3441 1329 3493; x_wconf 92' lang='lat'><em>6</em></span> <span class='ocrx_word' id='word_1_362' title='bbox 1363 3440 1517 3501; x_wconf 77' lang='grc' dir='ltr'>Θεὸς.</span> <span class='ocrx_word' id='word_1_363' title='bbox 1555 3442 1650 3494; x_wconf 74' lang='grc' dir='ltr'>καὶ</span> <span class='ocrx_word' id='word_1_364' title='bbox 1677 3442 1794 3494; x_wconf 85' lang='grc' dir='ltr'>είσ-</span> 
     </span>
    </p>
   </div>
   <div class='ocr_carea' id='block_1_52' title="bbox 217 3525 1796 3600">
    <p class='ocr_par' dir='ltr' id='par_1_52' title="bbox 217 3525 1796 3600">
     <span class='ocr_line' id='line_1_52' title="bbox 217 3525 1796 3600; baseline 0.003 -23"><span class='ocrx_word' id='word_1_365' title='bbox 217 3526 455 3597; x_wconf 78' lang='grc' dir='ltr'>ήκουσεν</span> <span class='ocrx_word' id='word_1_366' title='bbox 492 3525 592 3592; x_wconf 81' lang='grc' dir='ltr'><strong>τῆς</strong></span> <span class='ocrx_word' id='word_1_367' title='bbox 625 3526 791 3595; x_wconf 80' lang='grc' dir='ltr'>εὐχῆς</span> <span class='ocrx_word' id='word_1_368' title='bbox 843 3544 958 3591; x_wconf 89' lang='grc' dir='ltr'>σου,</span> <span class='ocrx_word' id='word_1_369' title='bbox 1005 3528 1098 3580; x_wconf 78' lang='grc' dir='ltr'>καὶ</span> <span class='ocrx_word' id='word_1_370' title='bbox 1151 3527 1521 3598; x_wconf 85' lang='grc' dir='ltr'>προσελάϐετο</span> <span class='ocrx_word' id='word_1_371' title='bbox 1562 3528 1659 3600; x_wconf 83' lang='grc' dir='ltr'>τὴν</span> <span class='ocrx_word' id='word_1_372' title='bbox 1694 3530 1796 3600; x_wconf 81' lang='grc' dir='ltr'><strong>σήν</strong></span> 
     </span>
    </p>
   </div>
   <div class='ocr_carea' id='block_1_53' title="bbox 220 3614 1796 3690">
    <p class='ocr_par' dir='ltr' id='par_1_53' title="bbox 220 3614 1796 3690">
     <span class='ocr_line' id='line_1_53' title="bbox 220 3614 1796 3690; baseline 0.004 -23"><span class='ocrx_word' id='word_1_373' title='bbox 220 3617 454 3686; x_wconf 81' lang='grc' dir='ltr'>μητέρα.</span> <span class='ocrx_word' id='word_1_374' title='bbox 498 3614 639 3667; x_wconf 82' lang='grc' dir='ltr'>Ἀλλ’</span> <span class='ocrx_word' id='word_1_375' title='bbox 665 3616 789 3683; x_wconf 81' lang='grc' dir='ltr'>ἄρτι</span> <span class='ocrx_word' id='word_1_376' title='bbox 815 3618 1176 3685; x_wconf 67' lang='grc' dir='ltr'>συγκοπίασόν</span> <span class='ocrx_word' id='word_1_377' title='bbox 1224 3636 1336 3688; x_wconf 86' lang='grc' dir='ltr'>μοι,</span> <span class='ocrx_word' id='word_1_378' title='bbox 1385 3620 1478 3673; x_wconf 66' lang='grc' dir='ltr'>καὶ</span> <span class='ocrx_word' id='word_1_379' title='bbox 1510 3619 1796 3690; x_wconf 82' lang='grc' dir='ltr'>εὐξώμεθα</span> 
     </span>
    </p>
   </div>
   <div class='ocr_carea' id='block_1_54' title="bbox 217 3705 1797 3781">
    <p class='ocr_par' dir='ltr' id='par_1_54' title="bbox 217 3705 1797 3781">
     <span class='ocr_line' id='line_1_54' title="bbox 217 3705 1797 3781; baseline 0.003 -21"><span class='ocrx_word' id='word_1_380' title='bbox 217 3707 306 3760; x_wconf 75' lang='grc' dir='ltr'>διὰ</span> <span class='ocrx_word' id='word_1_381' title='bbox 325 3707 416 3760; x_wconf 67' lang='grc' dir='ltr'>τὸν</span> <span class='ocrx_word' id='word_1_382' title='bbox 444 3705 647 3777; x_wconf 84' lang='grc' dir='ltr'>Κύριον</span> <span class='ocrx_word' id='word_1_383' title='bbox 672 3707 721 3758; x_wconf 78' lang='lat' dir='ltr'><strong>oi</strong></span> <span class='ocrx_word' id='word_1_384' title='bbox 750 3707 1070 3777; x_wconf 72' lang='grc' dir='ltr'>ἀμφότεροι,</span> <span class='ocrx_word' id='word_1_385' title='bbox 1122 3708 1209 3760; x_wconf 78' lang='grc' dir='ltr'>ἵνα</span> <span class='ocrx_word' id='word_1_386' title='bbox 1264 3711 1468 3781; x_wconf 78' lang='grc' dir='ltr'>ποιήσῃ</span> <span class='ocrx_word' id='word_1_387' title='bbox 1509 3712 1537 3764; x_wconf 91' lang='lat'><em>6</em></span> <span class='ocrx_word' id='word_1_388' title='bbox 1583 3711 1713 3775; x_wconf 82' lang='grc' dir='ltr'>Θεὸς</span> <span class='ocrx_word' id='word_1_389' title='bbox 1736 3712 1797 3765; x_wconf 81' lang='grc' dir='ltr'>τὸ</span> 
     </span>
    </p>
   </div>
   <div class='ocr_carea' id='block_1_55' title="bbox 217 3797 1796 3871">
    <p class='ocr_par' dir='ltr' id='par_1_55' title="bbox 217 3797 1796 3871">
     <span class='ocr_line' id='line_1_55' title="bbox 217 3797 1796 3871; baseline 0.003 -20"><span class='ocrx_word' id='word_1_390' title='bbox 217 3799 368 3863; x_wconf 82' lang='grc' dir='ltr'>ἔλεος</span> <span class='ocrx_word' id='word_1_391' title='bbox 384 3798 570 3863; x_wconf 88' lang='grc' dir='ltr'>αὐτοῦ,</span> <span class='ocrx_word' id='word_1_392' title='bbox 629 3799 722 3851; x_wconf 73' lang='grc' dir='ltr'>καὶ</span> <span class='ocrx_word' id='word_1_393' title='bbox 768 3798 906 3868; x_wconf 77' lang='grc' dir='ltr'>μετά</span> <span class='ocrx_word' id='word_1_394' title='bbox 946 3797 1047 3866; x_wconf 82' lang='grc' dir='ltr'><strong>τῆς</strong></span> <span class='ocrx_word' id='word_1_395' title='bbox 1094 3798 1234 3852; x_wconf 76' lang='grc' dir='ltr'>κατὰ</span> <span class='ocrx_word' id='word_1_396' title='bbox 1266 3800 1617 3871; x_wconf 86' lang='grc' dir='ltr'>συγχώρησιν</span> <span class='ocrx_word' id='word_1_397' title='bbox 1660 3803 1796 3855; x_wconf 82' lang='grc' dir='ltr'>Θεοῦ</span> 
     </span>
    </p>
   </div>
   <div class='ocr_carea' id='block_1_56' title="bbox 216 3872 1799 3964">
    <p class='ocr_par' dir='ltr' id='par_1_56' title="bbox 216 3872 1799 3964">
     <span class='ocr_line' id='line_1_56' title="bbox 216 3872 1799 3964; baseline 0.003 -22"><span class='ocrx_word' id='word_1_398' title='bbox 216 3888 616 3961; x_wconf 74' lang='grc' dir='ltr'>ὀνομασθείσης</span> <span class='ocrx_word' id='word_1_399' title='bbox 670 3872 931 3957; x_wconf 80' lang='grc' dir='ltr'>γύναικὸς</span> <span class='ocrx_word' id='word_1_400' title='bbox 987 3905 1110 3959; x_wconf 87' lang='grc' dir='ltr'>μου,</span> <span class='ocrx_word' id='word_1_401' title='bbox 1145 3890 1230 3941; x_wconf 81' lang='grc' dir='ltr'><strong>ἵνα</strong></span> <span class='ocrx_word' id='word_1_402' title='bbox 1261 3891 1357 3943; x_wconf 78' lang='grc' dir='ltr'>καὶ</span> <span class='ocrx_word' id='word_1_403' title='bbox 1398 3890 1568 3961; x_wconf 78' lang='grc' dir='ltr'>αὐτὴν</span> <span class='ocrx_word' id='word_1_404' title='bbox 1591 3879 1747 3964; x_wconf 61' lang='grc' dir='ltr'>φέρῃ</span> <span class='ocrx_word' id='word_1_405' title='bbox 1772 3895 1799 3946; x_wconf 94' lang='lat'><em>6</em></span> 
     </span>
    </p>
   </div>
   <div class='ocr_carea' id='block_1_57' title="bbox 219 3979 1800 4056">
    <p class='ocr_par' dir='ltr' id='par_1_57' title="bbox 219 3979 1800 4056">
     <span class='ocr_line' id='line_1_57' title="bbox 219 3979 1800 4056; baseline 0.001 -22"><span class='ocrx_word' id='word_1_406' title='bbox 219 3981 353 4045; x_wconf 79' lang='grc' dir='ltr'>Θεὸς</span> <span class='ocrx_word' id='word_1_407' title='bbox 382 3982 460 4044; x_wconf 83' lang='grc' dir='ltr'><strong>είς</strong></span> <span class='ocrx_word' id='word_1_408' title='bbox 485 3980 742 4051; x_wconf 72' lang='grc' dir='ltr'>λογισμὸν</span> <span class='ocrx_word' id='word_1_409' title='bbox 766 3979 857 4033; x_wconf 89' lang='grc' dir='ltr'><strong>τοῦ</strong></span> <span class='ocrx_word' id='word_1_410' title='bbox 902 3979 1197 4050; x_wconf 88' lang='grc' dir='ltr'>μοναχικοῦ</span> <span class='ocrx_word' id='word_1_411' title='bbox 1218 3982 1519 4051; x_wconf 83' lang='grc' dir='ltr'>σχήματος,</span> <span class='ocrx_word' id='word_1_412' title='bbox 1541 3982 1573 4053; x_wconf 80' lang='grc' dir='ltr'>ἢ</span> <span class='ocrx_word' id='word_1_413' title='bbox 1596 3985 1800 4056; x_wconf 80' lang='grc' dir='ltr'>ποιήσῃ</span> 
     </span>
    </p>
   </div>
   <div class='ocr_carea' id='block_1_58' title="bbox 218 4072 1799 4145">
    <p class='ocr_par' dir='ltr' id='par_1_58' title="bbox 218 4072 1799 4145">
     <span class='ocr_line' id='line_1_58' title="bbox 218 4072 1799 4145; baseline 0.001 -18"><span class='ocrx_word' id='word_1_414' title='bbox 218 4075 282 4127; x_wconf 71' lang='grc' dir='ltr'><strong>τὸ</strong></span> <span class='ocrx_word' id='word_1_415' title='bbox 335 4074 483 4138; x_wconf 75' lang='grc' dir='ltr'>ἕλεος</span> <span class='ocrx_word' id='word_1_416' title='bbox 527 4073 714 4139; x_wconf 88' lang='grc' dir='ltr'>αὐτοῦ,</span> <span class='ocrx_word' id='word_1_417' title='bbox 755 4074 850 4127; x_wconf 81' lang='grc' dir='ltr'>καὶ</span> <span class='ocrx_word' id='word_1_418' title='bbox 892 4072 1031 4145; x_wconf 88' lang='grc' dir='ltr'>λάϐῃ</span> <span class='ocrx_word' id='word_1_419' title='bbox 1068 4074 1260 4144; x_wconf 88' lang='grc' dir='ltr'>αὐτήν.</span> <span class='ocrx_word' id='word_1_420' title='bbox 1321 4074 1431 4127; x_wconf 74' lang='grc' dir='ltr'><strong>Καὶ</strong></span> <span class='ocrx_word' id='word_1_421' title='bbox 1469 4074 1543 4138; x_wconf 84' lang='grc' dir='ltr'>ὡς</span> <span class='ocrx_word' id='word_1_422' title='bbox 1566 4075 1799 4145; x_wconf 75' lang='grc' dir='ltr'>ηὔξαντο</span> 
     </span>
    </p>
   </div>
   <div class='ocr_carea' id='block_1_59' title="bbox 220 4165 1800 4236">
    <p class='ocr_par' dir='ltr' id='par_1_59' title="bbox 220 4165 1800 4236">
     <span class='ocr_line' id='line_1_59' title="bbox 220 4165 1800 4236; baseline 0.001 -18"><span class='ocrx_word' id='word_1_423' title='bbox 220 4166 316 4218; x_wconf 70' lang='grc' dir='ltr'>ἐπὶ</span> <span class='ocrx_word' id='word_1_424' title='bbox 355 4166 534 4233; x_wconf 83' lang='grc' dir='ltr'>ὀλίγον</span> <span class='ocrx_word' id='word_1_425' title='bbox 591 4165 805 4236; x_wconf 81' lang='grc' dir='ltr'>χρόνον,</span> <span class='ocrx_word' id='word_1_426' title='bbox 866 4166 924 4218; x_wconf 82' lang='grc' dir='ltr'>ἐν</span> <span class='ocrx_word' id='word_1_427' title='bbox 985 4166 1084 4236; x_wconf 75' lang='grc' dir='ltr'>μιᾷ</span> <span class='ocrx_word' id='word_1_428' title='bbox 1125 4165 1283 4217; x_wconf 74' lang='grc' dir='ltr'>νυκτὶ</span> <span class='ocrx_word' id='word_1_429' title='bbox 1314 4166 1510 4236; x_wconf 84' lang='grc' dir='ltr'>θεωρεῖ</span> <span class='ocrx_word' id='word_1_430' title='bbox 1544 4169 1573 4220; x_wconf 91' lang='lat'><em>6</em></span> <span class='ocrx_word' id='word_1_431' title='bbox 1624 4168 1800 4231; x_wconf 80' lang='grc' dir='ltr'>άϐϐᾶς</span> 
     </span>
    </p>
   </div>
   <div class='ocr_carea' id='block_1_60' title="bbox 233 4253 1800 4327">
    <p class='ocr_par' dir='ltr' id='par_1_60' title="bbox 233 4253 1800 4327">
     <span class='ocr_line' id='line_1_60' title="bbox 233 4253 1800 4327; baseline 0.001 -18"><span class='ocrx_word' id='word_1_432' title='bbox 233 4256 487 4327; x_wconf 84' lang='grc' dir='ltr'>Ἰωάννης</span> <span class='ocrx_word' id='word_1_433' title='bbox 545 4255 643 4325; x_wconf 82' lang='grc' dir='ltr'>τὴν</span> <span class='ocrx_word' id='word_1_434' title='bbox 703 4254 919 4325; x_wconf 84' lang='grc' dir='ltr'>μητέρα</span> <span class='ocrx_word' id='word_1_435' title='bbox 957 4253 1052 4307; x_wconf 88' lang='grc' dir='ltr'><strong>τοῦ</strong></span> <span class='ocrx_word' id='word_1_436' title='bbox 1101 4253 1324 4323; x_wconf 85' lang='grc' dir='ltr'>Συμεὼν</span> <span class='ocrx_word' id='word_1_437' title='bbox 1365 4254 1645 4319; x_wconf 78' lang='grc' dir='ltr'>ἐλθοῦσαν,</span> <span class='ocrx_word' id='word_1_438' title='bbox 1704 4258 1800 4311; x_wconf 76' lang='grc' dir='ltr'>καὶ</span> 
     </span>
    </p>
   </div>
   <div class='ocr_carea' id='block_1_61' title="bbox 221 4347 1799 4421">
    <p class='ocr_par' dir='ltr' id='par_1_61' title="bbox 221 4347 1799 4421">
     <span class='ocr_line' id='line_1_61' title="bbox 221 4347 1799 4421; baseline 0.001 -18"><span class='ocrx_word' id='word_1_439' title='bbox 221 4351 583 4421; x_wconf 82' lang='grc' dir='ltr'>κρατήσασαν</span> <span class='ocrx_word' id='word_1_440' title='bbox 621 4348 719 4418; x_wconf 87' lang='grc' dir='ltr'><strong>τῆς</strong></span> <span class='ocrx_word' id='word_1_441' title='bbox 782 4348 965 4418; x_wconf 73' lang='grc' dir='ltr'>χειρὸς</span> <span class='ocrx_word' id='word_1_442' title='bbox 1028 4347 1129 4417; x_wconf 82' lang='grc' dir='ltr'><strong>τῆς</strong></span> <span class='ocrx_word' id='word_1_443' title='bbox 1172 4348 1431 4415; x_wconf 75' lang='grc' dir='ltr'>γυναικὸς</span> <span class='ocrx_word' id='word_1_444' title='bbox 1470 4349 1659 4414; x_wconf 84' lang='grc' dir='ltr'>αὐτοῦ,</span> <span class='ocrx_word' id='word_1_445' title='bbox 1704 4350 1799 4404; x_wconf 79' lang='grc' dir='ltr'>καὶ</span> 
     </span>
    </p>
   </div>
   <div class='ocr_carea' id='block_1_62' title="bbox 1886 1868 3469 1949">
    <p class='ocr_par' dir='ltr' id='par_1_62' title="bbox 1886 1868 3469 1949">
     <span class='ocr_line' id='line_1_62' title="bbox 1886 1868 3469 1949; baseline 0.008 -27"><span class='ocrx_word' id='word_1_446' title='bbox 1886 1868 2174 1940; x_wconf 88' lang='lat' dir='ltr'><strong>increpent</strong></span> <span class='ocrx_word' id='word_1_447' title='bbox 2213 1889 2430 1929; x_wconf 86' lang='lat' dir='ltr'><strong>omnem</strong></span> <span class='ocrx_word' id='word_1_448' title='bbox 2482 1875 2749 1945; x_wconf 87' lang='lat' dir='ltr'><strong>impuram</strong></span> <span class='ocrx_word' id='word_1_449' title='bbox 2789 1886 3137 1946; x_wconf 88' lang='lat' dir='ltr'><strong>potestatem,</strong></span> <span class='ocrx_word' id='word_1_450' title='bbox 3193 1896 3317 1949; x_wconf 74' lang='lat' dir='ltr'><strong>qua:</strong></span> <span class='ocrx_word' id='word_1_451' title='bbox 3372 1895 3469 1934; x_wconf 87' lang='lat' dir='ltr'><strong>oc-</strong></span> 
     </span>
    </p>
   </div>
   <div class='ocr_carea' id='block_1_63' title="bbox 1886 1962 3463 2026">
    <p class='ocr_par' dir='ltr' id='par_1_63' title="bbox 1886 1962 3463 2026">
     <span class='ocr_line' id='line_1_63' title="bbox 1886 1962 3463 2026; baseline 0.008 -12"><span class='ocrx_word' id='word_1_452' title='bbox 1886 1971 2073 2016; x_wconf 86' lang='lat' dir='ltr'><strong>currat</strong></span> <span class='ocrx_word' id='word_1_453' title='bbox 2111 1962 2161 2017; x_wconf 91' lang='lat' dir='ltr'><strong>ei</strong></span> <span class='ocrx_word' id='word_1_454' title='bbox 2193 1963 2313 2018; x_wconf 88' lang='lat' dir='ltr'><strong>sine</strong></span> <span class='ocrx_word' id='word_1_455' title='bbox 2358 1965 2547 2021; x_wconf 91' lang='lat' dir='ltr'><strong>dolore</strong></span> <span class='ocrx_word' id='word_1_456' title='bbox 2573 1976 2629 2021; x_wconf 90' lang='lat' dir='ltr'><strong>et</strong></span> <span class='ocrx_word' id='word_1_457' title='bbox 2668 1976 2964 2023; x_wconf 87' lang='lat' dir='ltr'><strong>tormento.</strong></span> <span class='ocrx_word' id='word_1_458' title='bbox 3016 1967 3061 2026; x_wconf 85' lang='lat'><strong>0</strong></span> <span class='ocrx_word' id='word_1_459' title='bbox 3094 1970 3237 2025; x_wconf 88' lang='lat' dir='ltr'><strong>Deus</strong></span> <span class='ocrx_word' id='word_1_460' title='bbox 3270 1972 3463 2026; x_wconf 88' lang='lat' dir='ltr'><strong>meusl</strong></span> 
     </span>
    </p>
   </div>
   <div class='ocr_carea' id='block_1_64' title="bbox 1884 2052 3467 2131">
    <p class='ocr_par' dir='ltr' id='par_1_64' title="bbox 1884 2052 3467 2131">
     <span class='ocr_line' id='line_1_64' title="bbox 1884 2052 3467 2131; baseline 0.006 -23"><span class='ocrx_word' id='word_1_461' title='bbox 1884 2052 2025 2109; x_wconf 69' lang='lat' dir='ltr'><strong>Iube</strong></span> <span class='ocrx_word' id='word_1_462' title='bbox 2058 2055 2298 2125; x_wconf 88' lang='lat' dir='ltr'><strong>separari</strong></span> <span class='ocrx_word' id='word_1_463' title='bbox 2323 2056 2560 2111; x_wconf 89' lang='lat' dir='ltr'><strong>animam</strong></span> <span class='ocrx_word' id='word_1_464' title='bbox 2589 2057 2763 2126; x_wconf 89' lang='lat' dir='ltr'><strong>ipsius</strong></span> <span class='ocrx_word' id='word_1_465' title='bbox 2782 2074 2811 2113; x_wconf 90' lang='lat' dir='ltr'><strong>a</strong></span> <span class='ocrx_word' id='word_1_466' title='bbox 2838 2075 3088 2130; x_wconf 90' lang='lat' dir='ltr'><strong>corpore,</strong></span> <span class='ocrx_word' id='word_1_467' title='bbox 3115 2062 3235 2117; x_wconf 87' lang='lat' dir='ltr'><strong>etsi</strong></span> <span class='ocrx_word' id='word_1_468' title='bbox 3263 2063 3467 2131; x_wconf 85' lang='lat' dir='ltr'><strong>aliquid</strong></span> 
     </span>
    </p>
   </div>
   <div class='ocr_carea' id='block_1_65' title="bbox 1887 2146 3467 2224">
    <p class='ocr_par' dir='ltr' id='par_1_65' title="bbox 1887 2146 3467 2224">
     <span class='ocr_line' id='line_1_65' title="bbox 1887 2146 3467 2224; baseline 0.004 -24"><span class='ocrx_word' id='word_1_469' title='bbox 1887 2156 2145 2217; x_wconf 89' lang='lat' dir='ltr'><strong>tanquam</strong></span> <span class='ocrx_word' id='word_1_470' title='bbox 2181 2146 2383 2203; x_wconf 81' lang='lat' dir='ltr'><strong>femina</strong></span> <span class='ocrx_word' id='word_1_471' title='bbox 2414 2149 2467 2203; x_wconf 91' lang='lat' dir='ltr'><strong>in</strong></span> <span class='ocrx_word' id='word_1_472' title='bbox 2504 2164 2672 2219; x_wconf 90' lang='lat' dir='ltr'><strong>opere</strong></span> <span class='ocrx_word' id='word_1_473' title='bbox 2716 2152 2798 2205; x_wconf 87' lang='lat' dir='ltr'><strong>vel</strong></span> <span class='ocrx_word' id='word_1_474' title='bbox 2835 2168 3093 2208; x_wconf 87' lang='lat' dir='ltr'><strong>sermone</strong></span> <span class='ocrx_word' id='word_1_475' title='bbox 3138 2156 3385 2224; x_wconf 82' lang='lat' dir='ltr'><strong>peccavit</strong></span> <span class='ocrx_word' id='word_1_476' title='bbox 3412 2155 3467 2209; x_wconf 89' lang='lat' dir='ltr'><strong>iu</strong></span> 
     </span>
    </p>
   </div>
   <div class='ocr_carea' id='block_1_66' title="bbox 1888 2237 3467 2310">
    <p class='ocr_par' dir='ltr' id='par_1_66' title="bbox 1888 2237 3467 2310">
     <span class='ocr_line' id='line_1_66' title="bbox 1888 2237 3467 2310; baseline 0.004 -19"><span class='ocrx_word' id='word_1_477' title='bbox 1888 2237 1991 2292; x_wconf 86' lang='lat' dir='ltr'><strong>hac</strong></span> <span class='ocrx_word' id='word_1_478' title='bbox 2013 2237 2146 2303; x_wconf 89' lang='lat' dir='ltr'><strong>vita,</strong></span> <span class='ocrx_word' id='word_1_479' title='bbox 2177 2238 2426 2293; x_wconf 90' lang='lat' dir='ltr'><strong>condona</strong></span> <span class='ocrx_word' id='word_1_480' title='bbox 2458 2239 2654 2293; x_wconf 65' lang='lat' dir='ltr'><strong>anima:</strong></span> <span class='ocrx_word' id='word_1_481' title='bbox 2677 2239 2817 2309; x_wconf 85' lang='lat' dir='ltr'><strong>ejus,</strong></span> <span class='ocrx_word' id='word_1_482' title='bbox 2848 2250 3074 2310; x_wconf 90' lang='lat' dir='ltr'><strong>propter</strong></span> <span class='ocrx_word' id='word_1_483' title='bbox 3100 2243 3426 2298; x_wconf 86' lang='lat' dir='ltr'><strong>sacrificium</strong></span> <span class='ocrx_word' id='word_1_484' title='bbox 3454 2261 3467 2297; x_wconf 92' lang='lat'><strong>:</strong></span> 
     </span>
    </p>
   </div>
   <div class='ocr_carea' id='block_1_67' title="bbox 1888 2329 3468 2404">
    <p class='ocr_par' dir='ltr' id='par_1_67' title="bbox 1888 2329 3468 2404">
     <span class='ocr_line' id='line_1_67' title="bbox 1888 2329 3468 2404; baseline 0.003 -21"><span class='ocrx_word' id='word_1_485' title='bbox 1888 2329 2035 2399; x_wconf 88' lang='lat' dir='ltr'><strong>quod</strong></span> <span class='ocrx_word' id='word_1_486' title='bbox 2071 2330 2280 2401; x_wconf 87' lang='lat' dir='ltr'><strong>genuit,</strong></span> <span class='ocrx_word' id='word_1_487' title='bbox 2312 2338 2367 2385; x_wconf 90' lang='lat' dir='ltr'><strong>et</strong></span> <span class='ocrx_word' id='word_1_488' title='bbox 2401 2329 2521 2395; x_wconf 89' lang='lat' dir='ltr'><strong>tibi,</strong></span> <span class='ocrx_word' id='word_1_489' title='bbox 2554 2330 2801 2397; x_wconf 91' lang='lat' dir='ltr'><strong>Domine,</strong></span> <span class='ocrx_word' id='word_1_490' title='bbox 2830 2331 3051 2399; x_wconf 85' lang='lat' dir='ltr'><strong>obtulit,</strong></span> <span class='ocrx_word' id='word_1_491' title='bbox 3078 2346 3166 2387; x_wconf 89' lang='lat' dir='ltr'><strong>me</strong></span> <span class='ocrx_word' id='word_1_492' title='bbox 3186 2332 3468 2404; x_wconf 87' lang='lat' dir='ltr'><strong>indignum</strong></span> 
     </span>
    </p>
   </div>
   <div class='ocr_carea' id='block_1_68' title="bbox 1890 2420 3473 2495">
    <p class='ocr_par' dir='ltr' id='par_1_68' title="bbox 1890 2420 3473 2495">
     <span class='ocr_line' id='line_1_68' title="bbox 1890 2420 3473 2495; baseline 0.003 -21"><span class='ocrx_word' id='word_1_493' title='bbox 1890 2434 2108 2475; x_wconf 81' lang='lat' dir='ltr'><strong>servum</strong></span> <span class='ocrx_word' id='word_1_494' title='bbox 2135 2430 2309 2488; x_wconf 91' lang='lat' dir='ltr'><strong>tuum,</strong></span> <span class='ocrx_word' id='word_1_495' title='bbox 2345 2422 2535 2491; x_wconf 90' lang='lat' dir='ltr'><strong>utique</strong></span> <span class='ocrx_word' id='word_1_496' title='bbox 2558 2458 2574 2485; x_wconf 93' lang='lat'><strong>,</strong></span> <span class='ocrx_word' id='word_1_497' title='bbox 2602 2420 2831 2477; x_wconf 88' lang='lat' dir='ltr'><strong>Domine</strong></span> <span class='ocrx_word' id='word_1_498' title='bbox 2878 2421 3023 2477; x_wconf 86' lang='lat' dir='ltr'><strong>Deus</strong></span> <span class='ocrx_word' id='word_1_499' title='bbox 3057 2436 3235 2486; x_wconf 85' lang='lat' dir='ltr'><strong>meus,</strong></span> <span class='ocrx_word' id='word_1_500' title='bbox 3262 2423 3355 2493; x_wconf 88' lang='lat' dir='ltr'><strong>qui</strong></span> <span class='ocrx_word' id='word_1_501' title='bbox 3381 2424 3473 2495; x_wconf 88' lang='lat' dir='ltr'><strong>ju-</strong></span> 
     </span>
    </p>
   </div>
   <div class='ocr_carea' id='block_1_69' title="bbox 1890 2512 3473 2586">
    <p class='ocr_par' dir='ltr' id='par_1_69' title="bbox 1890 2512 3473 2586">
     <span class='ocr_line' id='line_1_69' title="bbox 1890 2512 3473 2586; baseline 0 -17"><span class='ocrx_word' id='word_1_502' title='bbox 1890 2524 2009 2571; x_wconf 88' lang='lat' dir='ltr'><strong>stus</strong></span> <span class='ocrx_word' id='word_1_503' title='bbox 2034 2530 2094 2570; x_wconf 88' lang='lat' dir='ltr'><strong>es</strong></span> <span class='ocrx_word' id='word_1_504' title='bbox 2131 2514 2299 2585; x_wconf 82' lang='lat' dir='ltr'><strong>judex</strong></span> <span class='ocrx_word' id='word_1_505' title='bbox 2333 2524 2389 2570; x_wconf 85' lang='lat' dir='ltr'><strong>et</strong></span> <span class='ocrx_word' id='word_1_506' title='bbox 2426 2514 2713 2586; x_wconf 90' lang='lat' dir='ltr'><strong>benignus.</strong></span> <span class='ocrx_word' id='word_1_507' title='bbox 2747 2512 2826 2569; x_wconf 83' lang='lat' dir='ltr'><strong>Ne</strong></span> <span class='ocrx_word' id='word_1_508' title='bbox 2852 2514 2994 2569; x_wconf 89' lang='lat' dir='ltr'><strong>illam</strong></span> <span class='ocrx_word' id='word_1_509' title='bbox 3020 2515 3251 2570; x_wconf 87' lang='lat' dir='ltr'><strong>inducas</strong></span> <span class='ocrx_word' id='word_1_510' title='bbox 3279 2516 3349 2571; x_wconf 88' lang='lat' dir='ltr'><strong>de</strong></span> <span class='ocrx_word' id='word_1_511' title='bbox 3378 2518 3473 2571; x_wconf 80' lang='lat' dir='ltr'><strong>tri-</strong></span> 
     </span>
    </p>
   </div>
   <div class='ocr_carea' id='block_1_70' title="bbox 1891 2604 3472 2672">
    <p class='ocr_par' dir='ltr' id='par_1_70' title="bbox 1891 2604 3472 2672">
     <span class='ocr_line' id='line_1_70' title="bbox 1891 2604 3472 2672; baseline -0.001 -11"><span class='ocrx_word' id='word_1_512' title='bbox 1891 2606 2171 2661; x_wconf 89' lang='lat' dir='ltr'><strong>bulatione</strong></span> <span class='ocrx_word' id='word_1_513' title='bbox 2196 2606 2251 2661; x_wconf 88' lang='lat' dir='ltr'><strong>in</strong></span> <span class='ocrx_word' id='word_1_514' title='bbox 2273 2605 2708 2670; x_wconf 85' lang='lat' dir='ltr'><strong>tribulationem,</strong></span> <span class='ocrx_word' id='word_1_515' title='bbox 2727 2604 2796 2659; x_wconf 89' lang='lat' dir='ltr'><strong>de</strong></span> <span class='ocrx_word' id='word_1_516' title='bbox 2818 2604 3005 2659; x_wconf 87' lang='lat' dir='ltr'><strong>dolore</strong></span> <span class='ocrx_word' id='word_1_517' title='bbox 3034 2605 3089 2659; x_wconf 90' lang='lat' dir='ltr'><strong>in</strong></span> <span class='ocrx_word' id='word_1_518' title='bbox 3110 2604 3377 2672; x_wconf 90' lang='lat' dir='ltr'><strong>dolorem,</strong></span> <span class='ocrx_word' id='word_1_519' title='bbox 3403 2606 3472 2660; x_wconf 87' lang='lat' dir='ltr'><strong>de</strong></span> 
     </span>
    </p>
   </div>
   <div class='ocr_carea' id='block_1_71' title="bbox 1893 2696 3473 2770">
    <p class='ocr_par' dir='ltr' id='par_1_71' title="bbox 1893 2696 3473 2770">
     <span class='ocr_line' id='line_1_71' title="bbox 1893 2696 3473 2770; baseline -0.001 -17"><span class='ocrx_word' id='word_1_520' title='bbox 1893 2699 2185 2770; x_wconf 77' lang='lat' dir='ltr'><strong>gemitibus</strong></span> <span class='ocrx_word' id='word_1_521' title='bbox 2232 2699 2289 2753; x_wconf 90' lang='lat' dir='ltr'><strong>in</strong></span> <span class='ocrx_word' id='word_1_522' title='bbox 2339 2698 2615 2769; x_wconf 84' lang='lat' dir='ltr'><strong>gemitus;</strong></span> <span class='ocrx_word' id='word_1_523' title='bbox 2656 2696 2751 2751; x_wconf 89' lang='lat' dir='ltr'><strong>sed</strong></span> <span class='ocrx_word' id='word_1_524' title='bbox 2787 2712 2816 2751; x_wconf 89' lang='lat' dir='ltr'><strong>a</strong></span> <span class='ocrx_word' id='word_1_525' title='bbox 2845 2696 3057 2764; x_wconf 88' lang='lat' dir='ltr'><strong>dolore,</strong></span> <span class='ocrx_word' id='word_1_526' title='bbox 3092 2711 3204 2767; x_wconf 90' lang='lat' dir='ltr'><strong>quo</strong></span> <span class='ocrx_word' id='word_1_527' title='bbox 3249 2706 3473 2768; x_wconf 85' lang='lat' dir='ltr'><strong>propter</strong></span> 
     </span>
    </p>
   </div>
   <div class='ocr_carea' id='block_1_72' title="bbox 1894 2788 3472 2860">
    <p class='ocr_par' dir='ltr' id='par_1_72' title="bbox 1894 2788 3472 2860">
     <span class='ocr_line' id='line_1_72' title="bbox 1894 2788 3472 2860; baseline -0.003 -15"><span class='ocrx_word' id='word_1_528' title='bbox 1894 2791 2063 2845; x_wconf 86' lang='lat' dir='ltr'><strong>lilium</strong></span> <span class='ocrx_word' id='word_1_529' title='bbox 2091 2806 2249 2846; x_wconf 86' lang='lat' dir='ltr'><strong>suum</strong></span> <span class='ocrx_word' id='word_1_530' title='bbox 2291 2790 2634 2859; x_wconf 86' lang='lat' dir='ltr'><strong>unigenitum</strong></span> <span class='ocrx_word' id='word_1_531' title='bbox 2679 2788 2874 2857; x_wconf 89' lang='lat' dir='ltr'><strong>doluit,</strong></span> <span class='ocrx_word' id='word_1_532' title='bbox 2912 2788 2969 2843; x_wconf 90' lang='lat' dir='ltr'><strong>in</strong></span> <span class='ocrx_word' id='word_1_533' title='bbox 3023 2789 3303 2860; x_wconf 87' lang='lat' dir='ltr'><strong>gaudium,</strong></span> <span class='ocrx_word' id='word_1_534' title='bbox 3331 2804 3363 2844; x_wconf 90' lang='lat' dir='ltr'><strong>e</strong></span> <span class='ocrx_word' id='word_1_535' title='bbox 3391 2788 3472 2842; x_wconf 85' lang='lat' dir='ltr'><strong>la-</strong></span> 
     </span>
    </p>
   </div>
   <div class='ocr_carea' id='block_1_73' title="bbox 1893 2881 3472 2953">
    <p class='ocr_par' dir='ltr' id='par_1_73' title="bbox 1893 2881 3472 2953">
     <span class='ocr_line' id='line_1_73' title="bbox 1893 2881 3472 2953; baseline -0.001 -16"><span class='ocrx_word' id='word_1_536' title='bbox 1893 2884 2092 2953; x_wconf 83' lang='lat' dir='ltr'><strong>crymis</strong></span> <span class='ocrx_word' id='word_1_537' title='bbox 2128 2882 2181 2936; x_wconf 90' lang='lat' dir='ltr'><strong>in</strong></span> <span class='ocrx_word' id='word_1_538' title='bbox 2226 2882 2668 2947; x_wconf 84' lang='lat' dir='ltr'><strong>exsultationem,</strong></span> <span class='ocrx_word' id='word_1_539' title='bbox 2711 2889 3069 2950; x_wconf 66' lang='lat' dir='ltr'><strong>praeparatam</strong></span> <span class='ocrx_word' id='word_1_540' title='bbox 3100 2881 3306 2938; x_wconf 89' lang='lat' dir='ltr'><strong>sanctis</strong></span> <span class='ocrx_word' id='word_1_541' title='bbox 3340 2882 3472 2946; x_wconf 85' lang='lat' dir='ltr'><strong>tuis,</strong></span> 
     </span>
    </p>
   </div>
   <div class='ocr_carea' id='block_1_74' title="bbox 1894 2972 3118 3042">
    <p class='ocr_par' dir='ltr' id='par_1_74' title="bbox 1894 2972 3118 3042">
     <span class='ocr_line' id='line_1_74' title="bbox 1894 2972 3118 3042; baseline 0 -13"><span class='ocrx_word' id='word_1_542' title='bbox 1894 2990 1927 3029; x_wconf 92' lang='grc' dir='ltr'><strong>ο</strong></span> <span class='ocrx_word' id='word_1_543' title='bbox 1962 2976 2125 3042; x_wconf 91' lang='lat' dir='ltr'><strong>Deus,</strong></span> <span class='ocrx_word' id='word_1_544' title='bbox 2150 2989 2183 3030; x_wconf 93' lang='grc' dir='ltr'><strong>ο</strong></span> <span class='ocrx_word' id='word_1_545' title='bbox 2215 2973 2361 3029; x_wconf 91' lang='lat' dir='ltr'><strong>Deus</strong></span> <span class='ocrx_word' id='word_1_546' title='bbox 2392 2988 2568 3040; x_wconf 89' lang='lat' dir='ltr'><strong>meus,</strong></span> <span class='ocrx_word' id='word_1_547' title='bbox 2587 2973 2645 3029; x_wconf 90' lang='lat' dir='ltr'><strong>in</strong></span> <span class='ocrx_word' id='word_1_548' title='bbox 2676 2973 2895 3029; x_wconf 66' lang='lat' dir='ltr'><strong>saecula.</strong></span> <span class='ocrx_word' id='word_1_549' title='bbox 2922 2972 3118 3029; x_wconf 82' lang='lat' dir='ltr'><strong>Amen.</strong></span> 
     </span>
    </p>
   </div>
   <div class='ocr_carea' id='block_1_75' title="bbox 1965 3235 3473 3310">
    <p class='ocr_par' dir='ltr' id='par_1_75' title="bbox 1965 3235 3473 3310">
     <span class='ocr_line' id='line_1_75' title="bbox 1965 3235 3473 3310; baseline 0.004 -21"><span class='ocrx_word' id='word_1_550' title='bbox 1965 3235 2055 3290; x_wconf 71' lang='lat'><strong>26.</strong></span> <span class='ocrx_word' id='word_1_551' title='bbox 2078 3235 2254 3293; x_wconf 83' lang='lat' dir='ltr'><strong>Finita</strong></span> <span class='ocrx_word' id='word_1_552' title='bbox 2271 3238 2544 3305; x_wconf 87' lang='lat' dir='ltr'><strong>oratione,</strong></span> <span class='ocrx_word' id='word_1_553' title='bbox 2560 3240 2730 3310; x_wconf 67' lang='lat' dir='ltr'><strong>coepit</strong></span> <span class='ocrx_word' id='word_1_554' title='bbox 2749 3238 2919 3295; x_wconf 88' lang='lat' dir='ltr'><strong>frater</strong></span> <span class='ocrx_word' id='word_1_555' title='bbox 2931 3238 3176 3295; x_wconf 74' lang='lat' dir='ltr'><strong>Joannes</strong></span> <span class='ocrx_word' id='word_1_556' title='bbox 3197 3240 3473 3296; x_wconf 88' lang='lat' dir='ltr'><strong>consolari</strong></span> 
     </span>
    </p>
   </div>
   <div class='ocr_carea' id='block_1_76' title="bbox 1896 3328 3478 3404">
    <p class='ocr_par' dir='ltr' id='par_1_76' title="bbox 1896 3328 3478 3404">
     <span class='ocr_line' id='line_1_76' title="bbox 1896 3328 3478 3404; baseline 0.004 -21"><span class='ocrx_word' id='word_1_557' title='bbox 1896 3328 2172 3400; x_wconf 85' lang='lat' dir='ltr'><strong>ipsum,ac</strong></span> <span class='ocrx_word' id='word_1_558' title='bbox 2190 3332 2372 3386; x_wconf 91' lang='lat' dir='ltr'><strong>dicere</strong></span> <span class='ocrx_word' id='word_1_559' title='bbox 2398 3347 2411 3383; x_wconf 91' lang='lat'><strong>:</strong></span> <span class='ocrx_word' id='word_1_560' title='bbox 2438 3332 2595 3396; x_wconf 88' lang='lat' dir='ltr'><strong>Ecce,</strong></span> <span class='ocrx_word' id='word_1_561' title='bbox 2617 3332 2783 3387; x_wconf 80' lang='lat' dir='ltr'><strong>frater</strong></span> <span class='ocrx_word' id='word_1_562' title='bbox 2815 3330 3072 3404; x_wconf 89' lang='lat' dir='ltr'><strong>Symeon,</strong></span> <span class='ocrx_word' id='word_1_563' title='bbox 3108 3334 3250 3389; x_wconf 91' lang='lat' dir='ltr'><strong>votis</strong></span> <span class='ocrx_word' id='word_1_564' title='bbox 3280 3334 3478 3389; x_wconf 85' lang='lat' dir='ltr'><strong>annuit</strong></span> 
     </span>
    </p>
   </div>
   <div class='ocr_carea' id='block_1_77' title="bbox 1896 3419 3481 3487">
    <p class='ocr_par' dir='ltr' id='par_1_77' title="bbox 1896 3419 3481 3487">
     <span class='ocr_line' id='line_1_77' title="bbox 1896 3419 3481 3487; baseline 0.003 -14"><span class='ocrx_word' id='word_1_565' title='bbox 1896 3419 2060 3485; x_wconf 86' lang='lat' dir='ltr'><strong>Deus,</strong></span> <span class='ocrx_word' id='word_1_566' title='bbox 2086 3420 2361 3476; x_wconf 87' lang='lat' dir='ltr'><strong>exaudivit</strong></span> <span class='ocrx_word' id='word_1_567' title='bbox 2383 3422 2686 3477; x_wconf 91' lang='lat' dir='ltr'><strong>orationem</strong></span> <span class='ocrx_word' id='word_1_568' title='bbox 2709 3431 2879 3487; x_wconf 88' lang='lat' dir='ltr'><strong>tuam,</strong></span> <span class='ocrx_word' id='word_1_569' title='bbox 2894 3432 2950 3477; x_wconf 86' lang='lat' dir='ltr'><strong>et</strong></span> <span class='ocrx_word' id='word_1_570' title='bbox 2968 3432 3197 3478; x_wconf 87' lang='lat' dir='ltr'><strong>matrem</strong></span> <span class='ocrx_word' id='word_1_571' title='bbox 3221 3433 3371 3479; x_wconf 84' lang='lat' dir='ltr'><strong>tuam</strong></span> <span class='ocrx_word' id='word_1_572' title='bbox 3393 3439 3481 3478; x_wconf 82' lang='lat' dir='ltr'><strong>as-</strong></span> 
     </span>
    </p>
   </div>
   <div class='ocr_carea' id='block_1_78' title="bbox 1898 3513 3482 3585">
    <p class='ocr_par' dir='ltr' id='par_1_78' title="bbox 1898 3513 3482 3585">
     <span class='ocr_line' id='line_1_78' title="bbox 1898 3513 3482 3585; baseline 0.004 -20"><span class='ocrx_word' id='word_1_573' title='bbox 1898 3513 2152 3583; x_wconf 87' lang='lat' dir='ltr'><strong>sumpsit.</strong></span> <span class='ocrx_word' id='word_1_574' title='bbox 2172 3513 2276 3568; x_wconf 91' lang='lat' dir='ltr'><strong>Sed</strong></span> <span class='ocrx_word' id='word_1_575' title='bbox 2298 3523 2353 3569; x_wconf 91' lang='lat' dir='ltr'><strong>tu</strong></span> <span class='ocrx_word' id='word_1_576' title='bbox 2380 3530 2526 3569; x_wconf 91' lang='lat' dir='ltr'><strong>nunc</strong></span> <span class='ocrx_word' id='word_1_577' title='bbox 2544 3515 2748 3569; x_wconf 92' lang='lat' dir='ltr'><strong>laboris</strong></span> <span class='ocrx_word' id='word_1_578' title='bbox 2765 3515 2819 3569; x_wconf 89' lang='lat' dir='ltr'><strong>in</strong></span> <span class='ocrx_word' id='word_1_579' title='bbox 2838 3525 3046 3585; x_wconf 90' lang='lat' dir='ltr'><strong>partem</strong></span> <span class='ocrx_word' id='word_1_580' title='bbox 3064 3531 3280 3570; x_wconf 83' lang='lat' dir='ltr'><strong>mecum</strong></span> <span class='ocrx_word' id='word_1_581' title='bbox 3297 3531 3407 3576; x_wconf 89' lang='lat' dir='ltr'><strong>eas.</strong></span> <span class='ocrx_word' id='word_1_582' title='bbox 3422 3526 3482 3572; x_wconf 90' lang='lat' dir='ltr'><strong>et</strong></span> 
     </span>
    </p>
   </div>
   <div class='ocr_carea' id='block_1_79' title="bbox 1896 3607 3481 3678">
    <p class='ocr_par' dir='ltr' id='par_1_79' title="bbox 1896 3607 3481 3678">
     <span class='ocr_line' id='line_1_79' title="bbox 1896 3607 3481 3678; baseline 0.001 -19"><span class='ocrx_word' id='word_1_583' title='bbox 1896 3619 2114 3659; x_wconf 91' lang='lat' dir='ltr'><strong>oremus</strong></span> <span class='ocrx_word' id='word_1_584' title='bbox 2137 3644 2154 3669; x_wconf 89' lang='lat'><strong>,</strong></span> <span class='ocrx_word' id='word_1_585' title='bbox 2189 3616 2409 3676; x_wconf 92' lang='lat' dir='ltr'><strong>propter</strong></span> <span class='ocrx_word' id='word_1_586' title='bbox 2431 3607 2742 3671; x_wconf 89' lang='lat' dir='ltr'><strong>Dominum,</strong></span> <span class='ocrx_word' id='word_1_587' title='bbox 2786 3607 2968 3671; x_wconf 90' lang='lat' dir='ltr'><strong>ambo,</strong></span> <span class='ocrx_word' id='word_1_588' title='bbox 3003 3614 3063 3662; x_wconf 84' lang='lat' dir='ltr'><strong>ut</strong></span> <span class='ocrx_word' id='word_1_589' title='bbox 3088 3607 3232 3663; x_wconf 87' lang='lat' dir='ltr'><strong>Deus</strong></span> <span class='ocrx_word' id='word_1_590' title='bbox 3263 3623 3481 3678; x_wconf 86' lang='lat' dir='ltr'><strong>quoque</strong></span> 
     </span>
    </p>
   </div>
   <div class='ocr_carea' id='block_1_80' title="bbox 1898 3696 3483 3769">
    <p class='ocr_par' dir='ltr' id='par_1_80' title="bbox 1898 3696 3483 3769">
     <span class='ocr_line' id='line_1_80' title="bbox 1898 3696 3483 3769; baseline 0.001 -19"><span class='ocrx_word' id='word_1_591' title='bbox 1898 3696 2061 3751; x_wconf 85' lang='lat' dir='ltr'><strong>faciat</strong></span> <span class='ocrx_word' id='word_1_592' title='bbox 2088 3698 2518 3752; x_wconf 73' lang='lat' dir='ltr'><strong>misericordiam</strong></span> <span class='ocrx_word' id='word_1_593' title='bbox 2546 3714 2701 3753; x_wconf 88' lang='lat' dir='ltr'><strong>suam</strong></span> <span class='ocrx_word' id='word_1_594' title='bbox 2749 3714 2874 3755; x_wconf 84' lang='lat' dir='ltr'><strong>cum</strong></span> <span class='ocrx_word' id='word_1_595' title='bbox 2924 3700 3036 3762; x_wconf 89' lang='lat' dir='ltr'><strong>illa,</strong></span> <span class='ocrx_word' id='word_1_596' title='bbox 3079 3715 3222 3769; x_wconf 87' lang='lat' dir='ltr'><strong>quae,</strong></span> <span class='ocrx_word' id='word_1_597' title='bbox 3257 3700 3368 3754; x_wconf 90' lang='lat' dir='ltr'><strong>Deo</strong></span> <span class='ocrx_word' id='word_1_598' title='bbox 3396 3699 3483 3753; x_wconf 82' lang='lat' dir='ltr'><strong>in-</strong></span> 
     </span>
    </p>
   </div>
   <div class='ocr_carea' id='block_1_81' title="bbox 1897 3788 3480 3860">
    <p class='ocr_par' dir='ltr' id='par_1_81' title="bbox 1897 3788 3480 3860">
     <span class='ocr_line' id='line_1_81' title="bbox 1897 3788 3480 3860; baseline 0.001 -17"><span class='ocrx_word' id='word_1_599' title='bbox 1897 3788 2175 3860; x_wconf 91' lang='lat' dir='ltr'><strong>dulgente,</strong></span> <span class='ocrx_word' id='word_1_600' title='bbox 2210 3805 2346 3843; x_wconf 84' lang='lat' dir='ltr'><strong>uxor</strong></span> <span class='ocrx_word' id='word_1_601' title='bbox 2381 3805 2500 3843; x_wconf 89' lang='lat' dir='ltr'><strong>mea</strong></span> <span class='ocrx_word' id='word_1_602' title='bbox 2532 3797 2618 3843; x_wconf 88' lang='lat' dir='ltr'><strong>est</strong></span> <span class='ocrx_word' id='word_1_603' title='bbox 2652 3799 2865 3855; x_wconf 87' lang='lat' dir='ltr'><strong>vocata,</strong></span> <span class='ocrx_word' id='word_1_604' title='bbox 2894 3799 2952 3845; x_wconf 92' lang='lat' dir='ltr'><strong>ut</strong></span> <span class='ocrx_word' id='word_1_605' title='bbox 2975 3804 3097 3843; x_wconf 84' lang='lat' dir='ltr'><strong>eam</strong></span> <span class='ocrx_word' id='word_1_606' title='bbox 3138 3804 3358 3859; x_wconf 90' lang='lat' dir='ltr'><strong>quoque</strong></span> <span class='ocrx_word' id='word_1_607' title='bbox 3409 3790 3480 3845; x_wconf 89' lang='lat' dir='ltr'><strong>ad</strong></span> 
     </span>
    </p>
   </div>
   <div class='ocr_carea' id='block_1_82' title="bbox 1899 3881 3481 3947">
    <p class='ocr_par' dir='ltr' id='par_1_82' title="bbox 1899 3881 3481 3947">
     <span class='ocr_line' id='line_1_82' title="bbox 1899 3881 3481 3947; baseline 0.001 -13"><span class='ocrx_word' id='word_1_608' title='bbox 1899 3882 2183 3935; x_wconf 88' lang='lat' dir='ltr'><strong>monastici</strong></span> <span class='ocrx_word' id='word_1_609' title='bbox 2215 3881 2434 3936; x_wconf 87' lang='lat' dir='ltr'><strong>habitus</strong></span> <span class='ocrx_word' id='word_1_610' title='bbox 2457 3882 2770 3936; x_wconf 88' lang='lat' dir='ltr'><strong>institutum</strong></span> <span class='ocrx_word' id='word_1_611' title='bbox 2807 3882 3048 3947; x_wconf 90' lang='lat' dir='ltr'><strong>inducat,</strong></span> <span class='ocrx_word' id='word_1_612' title='bbox 3078 3890 3175 3936; x_wconf 86' lang='lat' dir='ltr'><strong>aut</strong></span> <span class='ocrx_word' id='word_1_613' title='bbox 3198 3881 3481 3938; x_wconf 87' lang='lat' dir='ltr'><strong>faciatmi-</strong></span> 
     </span>
    </p>
   </div>
   <div class='ocr_carea' id='block_1_83' title="bbox 1900 3974 3481 4046">
    <p class='ocr_par' dir='ltr' id='par_1_83' title="bbox 1900 3974 3481 4046">
     <span class='ocr_line' id='line_1_83' title="bbox 1900 3974 3481 4046; baseline 0.001 -19"><span class='ocrx_word' id='word_1_614' title='bbox 1900 3974 2255 4029; x_wconf 88' lang='lat' dir='ltr'><strong>sericordiam</strong></span> <span class='ocrx_word' id='word_1_615' title='bbox 2294 3990 2473 4040; x_wconf 89' lang='lat' dir='ltr'><strong>suam,</strong></span> <span class='ocrx_word' id='word_1_616' title='bbox 2515 3984 2571 4030; x_wconf 90' lang='lat' dir='ltr'><strong>et</strong></span> <span class='ocrx_word' id='word_1_617' title='bbox 2604 3984 2847 4031; x_wconf 88' lang='lat' dir='ltr'><strong>assumat</strong></span> <span class='ocrx_word' id='word_1_618' title='bbox 2876 3976 3068 4046; x_wconf 87' lang='lat' dir='ltr'><strong>ipsam.</strong></span> <span class='ocrx_word' id='word_1_619' title='bbox 3113 3974 3294 4031; x_wconf 87' lang='lat' dir='ltr'><strong>Pauco</strong></span> <span class='ocrx_word' id='word_1_620' title='bbox 3338 3985 3481 4030; x_wconf 87' lang='lat' dir='ltr'><strong>tem-</strong></span> 
     </span>
    </p>
   </div>
   <div class='ocr_carea' id='block_1_84' title="bbox 1900 4068 3483 4139">
    <p class='ocr_par' dir='ltr' id='par_1_84' title="bbox 1900 4068 3483 4139">
     <span class='ocr_line' id='line_1_84' title="bbox 1900 4068 3483 4139; baseline 0.001 -19"><span class='ocrx_word' id='word_1_621' title='bbox 1900 4082 2031 4137; x_wconf 88' lang='lat' dir='ltr'><strong>pore</strong></span> <span class='ocrx_word' id='word_1_622' title='bbox 2082 4068 2340 4137; x_wconf 89' lang='lat' dir='ltr'><strong>precibus</strong></span> <span class='ocrx_word' id='word_1_623' title='bbox 2392 4070 2544 4133; x_wconf 90' lang='lat' dir='ltr'><strong>dato,</strong></span> <span class='ocrx_word' id='word_1_624' title='bbox 2601 4078 2763 4124; x_wconf 90' lang='lat' dir='ltr'><strong>nocte</strong></span> <span class='ocrx_word' id='word_1_625' title='bbox 2813 4069 3049 4139; x_wconf 82' lang='lat' dir='ltr'><strong>quadam</strong></span> <span class='ocrx_word' id='word_1_626' title='bbox 3102 4069 3252 4124; x_wconf 83' lang='lat' dir='ltr'><strong>videt</strong></span> <span class='ocrx_word' id='word_1_627' title='bbox 3313 4068 3483 4123; x_wconf 83' lang='lat' dir='ltr'><strong>abbas</strong></span> 
     </span>
    </p>
   </div>
   <div class='ocr_carea' id='block_1_85' title="bbox 1897 4158 3479 4230">
    <p class='ocr_par' dir='ltr' id='par_1_85' title="bbox 1897 4158 3479 4230">
     <span class='ocr_line' id='line_1_85' title="bbox 1897 4158 3479 4230; baseline -0.001 -16"><span class='ocrx_word' id='word_1_628' title='bbox 1897 4158 2138 4215; x_wconf 77' lang='lat' dir='ltr'><strong>Joannes</strong></span> <span class='ocrx_word' id='word_1_629' title='bbox 2167 4169 2394 4214; x_wconf 91' lang='lat' dir='ltr'><strong>matrem</strong></span> <span class='ocrx_word' id='word_1_630' title='bbox 2429 4159 2714 4230; x_wconf 84' lang='lat' dir='ltr'><strong>Symeonis</strong></span> <span class='ocrx_word' id='word_1_631' title='bbox 2742 4161 3075 4219; x_wconf 83' lang='lat' dir='ltr'><strong>venientem,</strong></span> <span class='ocrx_word' id='word_1_632' title='bbox 3103 4176 3168 4214; x_wconf 90' lang='lat' dir='ltr'><strong>ac</strong></span> <span class='ocrx_word' id='word_1_633' title='bbox 3200 4168 3479 4215; x_wconf 84' lang='lat' dir='ltr'><strong>tenentem</strong></span> 
     </span>
    </p>
   </div>
   <div class='ocr_carea' id='block_1_86' title="bbox 1899 4248 3479 4321">
    <p class='ocr_par' dir='ltr' id='par_1_86' title="bbox 1899 4248 3479 4321">
     <span class='ocr_line' id='line_1_86' title="bbox 1899 4248 3479 4321; baseline 0.001 -18"><span class='ocrx_word' id='word_1_634' title='bbox 1899 4249 2083 4304; x_wconf 80' lang='lat' dir='ltr'><strong>uxoris</strong></span> <span class='ocrx_word' id='word_1_635' title='bbox 2124 4249 2243 4319; x_wconf 87' lang='lat' dir='ltr'><strong>ejus</strong></span> <span class='ocrx_word' id='word_1_636' title='bbox 2285 4264 2527 4313; x_wconf 88' lang='lat' dir='ltr'><strong>manum,</strong></span> <span class='ocrx_word' id='word_1_637' title='bbox 2567 4257 2622 4303; x_wconf 92' lang='lat' dir='ltr'><strong>et</strong></span> <span class='ocrx_word' id='word_1_638' title='bbox 2662 4248 2936 4303; x_wconf 89' lang='lat' dir='ltr'><strong>dicentem</strong></span> <span class='ocrx_word' id='word_1_639' title='bbox 2976 4267 2990 4303; x_wconf 90' lang='lat'><strong>:</strong></span> <span class='ocrx_word' id='word_1_640' title='bbox 3054 4249 3249 4321; x_wconf 88' lang='lat' dir='ltr'><strong>Surge,</strong></span> <span class='ocrx_word' id='word_1_641' title='bbox 3301 4265 3479 4316; x_wconf 89' lang='lat' dir='ltr'><strong>soror,</strong></span> 
     </span>
    </p>
   </div>
   <div class='ocr_carea' id='block_1_87' title="bbox 1898 4340 3479 4411">
    <p class='ocr_par' dir='ltr' id='par_1_87' title="bbox 1898 4340 3479 4411">
     <span class='ocr_line' id='line_1_87' title="bbox 1898 4340 3479 4411; baseline 0.001 -15"><span class='ocrx_word' id='word_1_642' title='bbox 1898 4341 2095 4397; x_wconf 89' lang='lat' dir='ltr'><strong>accede</strong></span> <span class='ocrx_word' id='word_1_643' title='bbox 2148 4341 2373 4411; x_wconf 90' lang='lat' dir='ltr'><strong>propius</strong></span> <span class='ocrx_word' id='word_1_644' title='bbox 2432 4340 2500 4395; x_wconf 92' lang='lat' dir='ltr'><strong>ad</strong></span> <span class='ocrx_word' id='word_1_645' title='bbox 2556 4356 2677 4405; x_wconf 89' lang='lat' dir='ltr'><strong>me;</strong></span> <span class='ocrx_word' id='word_1_646' title='bbox 2727 4340 2856 4410; x_wconf 89' lang='lat' dir='ltr'><strong>quia</strong></span> <span class='ocrx_word' id='word_1_647' title='bbox 2917 4340 3202 4411; x_wconf 89' lang='lat' dir='ltr'><strong>pulchram</strong></span> <span class='ocrx_word' id='word_1_648' title='bbox 3255 4342 3479 4397; x_wconf 88' lang='lat' dir='ltr'><strong>domum</strong></span> 
     </span>
    </p>
   </div>
   <div class='ocr_carea' id='block_1_88' title="bbox 221 4430 1789 4529">
    <p class='ocr_par' dir='ltr' id='par_1_88' title="bbox 221 4439 1789 4513">
     <span class='ocr_line' id='line_1_88' title="bbox 221 4439 1789 4513; baseline 0 -18"><span class='ocrx_word' id='word_1_649' title='bbox 221 4444 485 4507; x_wconf 77' lang='grc' dir='ltr'>λέγουσαν</span> <span class='ocrx_word' id='word_1_650' title='bbox 515 4442 675 4513; x_wconf 76' lang='grc' dir='ltr'>αὐτῇο</span> <span class='ocrx_word' id='word_1_651' title='bbox 694 4441 947 4505; x_wconf 81' lang='grc' dir='ltr'>Ἀνάστα,</span> <span class='ocrx_word' id='word_1_652' title='bbox 974 4439 1201 4509; x_wconf 81' lang='grc' dir='ltr'>ἀδελφὴ,</span> <span class='ocrx_word' id='word_1_653' title='bbox 1225 4439 1344 4493; x_wconf 77' lang='grc' dir='ltr'>ἐλθὲ</span> <span class='ocrx_word' id='word_1_654' title='bbox 1375 4439 1542 4509; x_wconf 79' lang='grc' dir='ltr'>ἐγγύς</span> <span class='ocrx_word' id='word_1_655' title='bbox 1576 4443 1789 4511; x_wconf 79' lang='grc' dir='ltr'>μου,ὄτι</span> 
     </span>
    </p>
   </div>
   <div class='ocr_carea' id='block_1_89' title="bbox 1891 4430 3483 4529">
    <p class='ocr_par' dir='ltr' id='par_1_89' title="bbox 1903 4430 3483 4500">
     <span class='ocr_line' id='line_1_89' title="bbox 1903 4430 3483 4500; baseline 0.001 -14"><span class='ocrx_word' id='word_1_656' title='bbox 1903 4432 2124 4487; x_wconf 87' lang='lat' dir='ltr'><strong>donavit</strong></span> <span class='ocrx_word' id='word_1_657' title='bbox 2152 4430 2284 4485; x_wconf 90' lang='lat' dir='ltr'><strong>mihi</strong></span> <span class='ocrx_word' id='word_1_658' title='bbox 2318 4446 2434 4496; x_wconf 79' lang='lat' dir='ltr'><strong>rex,</strong></span> <span class='ocrx_word' id='word_1_659' title='bbox 2465 4430 2557 4500; x_wconf 91' lang='lat' dir='ltr'><strong>qui</strong></span> <span class='ocrx_word' id='word_1_660' title='bbox 2595 4430 2764 4484; x_wconf 84' lang='lat' dir='ltr'><strong>lilium</strong></span> <span class='ocrx_word' id='word_1_661' title='bbox 2813 4445 2994 4485; x_wconf 91' lang='lat' dir='ltr'><strong>meum</strong></span> <span class='ocrx_word' id='word_1_662' title='bbox 3041 4430 3252 4485; x_wconf 65' lang='lat' dir='ltr'><strong>militiae</strong></span> <span class='ocrx_word' id='word_1_663' title='bbox 3285 4445 3398 4487; x_wconf 70' lang='lat' dir='ltr'><strong>suae</strong></span> <span class='ocrx_word' id='word_1_664' title='bbox 3425 4440 3483 4487; x_wconf 80' lang='lat' dir='ltr'><strong>et</strong></span> 
     </span>
    </p>
   </div>
   <div class='ocr_carea' id='block_1_90' title="bbox 222 4530 1798 4604">
    <p class='ocr_par' dir='ltr' id='par_1_90' title="bbox 222 4530 1798 4604">
     <span class='ocr_line' id='line_1_90' title="bbox 222 4530 1798 4604; baseline 0.001 -17"><span class='ocrx_word' id='word_1_665' title='bbox 222 4533 385 4587; x_wconf 80' lang='grc' dir='ltr'>καλὸν</span> <span class='ocrx_word' id='word_1_666' title='bbox 423 4530 568 4586; x_wconf 73' lang='grc' dir='ltr'>οἷκον</span> <span class='ocrx_word' id='word_1_667' title='bbox 612 4531 907 4603; x_wconf 77' lang='grc' dir='ltr'>ἐχαρίσατό</span> <span class='ocrx_word' id='word_1_668' title='bbox 937 4549 1027 4602; x_wconf 91' lang='grc' dir='ltr'><strong>μοι</strong></span> <span class='ocrx_word' id='word_1_669' title='bbox 1056 4534 1085 4584; x_wconf 93' lang='lat'><em>6</em></span> <span class='ocrx_word' id='word_1_670' title='bbox 1109 4530 1360 4601; x_wconf 80' lang='grc' dir='ltr'>βασιλεὺς</span> <span class='ocrx_word' id='word_1_671' title='bbox 1398 4534 1427 4586; x_wconf 88' lang='lat'><em>6</em></span> <span class='ocrx_word' id='word_1_672' title='bbox 1466 4534 1798 4604; x_wconf 83' lang='grc' dir='ltr'>στρατεύσας</span> 
     </span>
    </p>
   </div>
   <div class='ocr_carea' id='block_1_91' title="bbox 222 4620 1796 4693">
    <p class='ocr_par' dir='ltr' id='par_1_91' title="bbox 222 4620 1796 4693">
     <span class='ocr_line' id='line_1_91' title="bbox 222 4620 1796 4693; baseline -0.002 -15"><span class='ocrx_word' id='word_1_673' title='bbox 222 4624 314 4678; x_wconf 80' lang='grc' dir='ltr'>τὸν</span> <span class='ocrx_word' id='word_1_674' title='bbox 344 4625 458 4677; x_wconf 83' lang='grc' dir='ltr'>υἱόν</span> <span class='ocrx_word' id='word_1_675' title='bbox 486 4623 712 4693; x_wconf 84' lang='grc' dir='ltr'>μου,είς</span> <span class='ocrx_word' id='word_1_676' title='bbox 730 4621 974 4675; x_wconf 82' lang='grc' dir='ltr'>δουλείαν</span> <span class='ocrx_word' id='word_1_677' title='bbox 1029 4620 1218 4675; x_wconf 87' lang='grc' dir='ltr'>αὐτοῦ.</span> <span class='ocrx_word' id='word_1_678' title='bbox 1262 4621 1420 4674; x_wconf 81' lang='grc' dir='ltr'>Ἀλλὰ</span> <span class='ocrx_word' id='word_1_679' title='bbox 1456 4620 1686 4686; x_wconf 83' lang='grc' dir='ltr'>άλλαξον</span> <span class='ocrx_word' id='word_1_680' title='bbox 1726 4624 1796 4676; x_wconf 85' lang='grc' dir='ltr'>τὰ</span> 
     </span>
    </p>
   </div>
   <div class='ocr_carea' id='block_1_92' title="bbox 223 4710 1794 4784">
    <p class='ocr_par' dir='ltr' id='par_1_92' title="bbox 223 4710 1794 4784">
     <span class='ocr_line' id='line_1_92' title="bbox 223 4710 1794 4784; baseline -0.001 -17"><span class='ocrx_word' id='word_1_681' title='bbox 223 4714 419 4783; x_wconf 77' lang='grc' dir='ltr'>ἱμάτιά</span> <span class='ocrx_word' id='word_1_682' title='bbox 445 4731 559 4777; x_wconf 83' lang='grc' dir='ltr'>σου,</span> <span class='ocrx_word' id='word_1_683' title='bbox 580 4713 674 4766; x_wconf 79' lang='grc' dir='ltr'>καὶ</span> <span class='ocrx_word' id='word_1_684' title='bbox 694 4712 923 4782; x_wconf 85' lang='grc' dir='ltr'>φόρεσον</span> <span class='ocrx_word' id='word_1_685' title='bbox 947 4710 1185 4783; x_wconf 86' lang='grc' dir='ltr'>καθαρά.</span> <span class='ocrx_word' id='word_1_686' title='bbox 1205 4712 1317 4765; x_wconf 71' lang='grc' dir='ltr'><strong>Καὶ</strong></span> <span class='ocrx_word' id='word_1_687' title='bbox 1334 4711 1539 4784; x_wconf 80' lang='grc' dir='ltr'>ἀνέστη</span> <span class='ocrx_word' id='word_1_688' title='bbox 1572 4712 1794 4777; x_wconf 85' lang='grc' dir='ltr'>εὐθέως,</span> 
     </span>
    </p>
   </div>
   <div class='ocr_carea' id='block_1_93' title="bbox 224 4801 1799 4873">
    <p class='ocr_par' dir='ltr' id='par_1_93' title="bbox 224 4801 1799 4873">
     <span class='ocr_line' id='line_1_93' title="bbox 224 4801 1799 4873; baseline -0.001 -14"><span class='ocrx_word' id='word_1_689' title='bbox 224 4807 321 4859; x_wconf 72' lang='grc' dir='ltr'>καὶ</span> <span class='ocrx_word' id='word_1_690' title='bbox 349 4804 712 4873; x_wconf 87' lang='grc' dir='ltr'>άκολούθησεν</span> <span class='ocrx_word' id='word_1_691' title='bbox 740 4803 903 4873; x_wconf 76' lang='grc' dir='ltr'>αὐτῇ,</span> <span class='ocrx_word' id='word_1_692' title='bbox 934 4802 1028 4855; x_wconf 76' lang='grc' dir='ltr'>καὶ</span> <span class='ocrx_word' id='word_1_693' title='bbox 1050 4801 1192 4872; x_wconf 75' lang='grc' dir='ltr'>ἔγνω</span> <span class='ocrx_word' id='word_1_694' title='bbox 1216 4804 1296 4856; x_wconf 86' lang='grc' dir='ltr'>ὅτι</span> <span class='ocrx_word' id='word_1_695' title='bbox 1324 4802 1679 4873; x_wconf 81' lang='grc' dir='ltr'>ἐτελεύτησεν</span> <span class='ocrx_word' id='word_1_696' title='bbox 1704 4806 1799 4857; x_wconf 76' lang='grc' dir='ltr'>καὶ</span> 
     </span>
    </p>
   </div>
   <div class='ocr_carea' id='block_1_94' title="bbox 223 4893 1796 4968">
    <p class='ocr_par' dir='ltr' id='par_1_94' title="bbox 223 4893 1796 4968">
     <span class='ocr_line' id='line_1_94' title="bbox 223 4893 1796 4968; baseline -0.002 -16"><span class='ocrx_word' id='word_1_697' title='bbox 223 4899 384 4968; x_wconf 81' lang='grc' dir='ltr'>αὐτὴ,</span> <span class='ocrx_word' id='word_1_698' title='bbox 408 4897 503 4950; x_wconf 79' lang='grc' dir='ltr'>καὶ</span> <span class='ocrx_word' id='word_1_699' title='bbox 529 4898 609 4950; x_wconf 86' lang='grc' dir='ltr'><strong>δτι</strong></span> <span class='ocrx_word' id='word_1_700' title='bbox 642 4897 697 4949; x_wconf 83' lang='grc' dir='ltr'>αἱ</span> <span class='ocrx_word' id='word_1_701' title='bbox 720 4894 812 4948; x_wconf 88' lang='grc' dir='ltr'><strong>δύο</strong></span> <span class='ocrx_word' id='word_1_702' title='bbox 836 4896 914 4957; x_wconf 83' lang='grc' dir='ltr'><strong>είς</strong></span> <span class='ocrx_word' id='word_1_703' title='bbox 946 4894 1110 4948; x_wconf 85' lang='grc' dir='ltr'>καλὸν</span> <span class='ocrx_word' id='word_1_704' title='bbox 1138 4893 1302 4948; x_wconf 82' lang='grc' dir='ltr'>τόπον</span> <span class='ocrx_word' id='word_1_705' title='bbox 1328 4895 1485 4959; x_wconf 79' lang='grc' dir='ltr'>είσὶν,</span> <span class='ocrx_word' id='word_1_706' title='bbox 1510 4896 1605 4948; x_wconf 70' lang='grc' dir='ltr'><strong>καὶ</strong></span> <span class='ocrx_word' id='word_1_707' title='bbox 1627 4896 1796 4966; x_wconf 78' lang='grc' dir='ltr'>ἐχάρη</span> 
     </span>
    </p>
   </div>
   <div class='ocr_carea' id='block_1_95' title="bbox 225 4984 1800 5062">
    <p class='ocr_par' dir='ltr' id='par_1_95' title="bbox 225 4984 1800 5062">
     <span class='ocr_line' id='line_1_95' title="bbox 225 4984 1800 5062; baseline -0.003 -17"><span class='ocrx_word' id='word_1_708' title='bbox 225 4991 399 5062; x_wconf 88' lang='grc' dir='ltr'>χαράν</span> <span class='ocrx_word' id='word_1_709' title='bbox 424 4990 663 5061; x_wconf 85' lang='grc' dir='ltr'>μεγάλην</span> <span class='ocrx_word' id='word_1_710' title='bbox 724 4987 949 5059; x_wconf 80' lang='grc' dir='ltr'>σφόδρα.</span> <span class='ocrx_word' id='word_1_711' title='bbox 993 4987 1104 5040; x_wconf 73' lang='grc' dir='ltr'><strong>Καὶ</strong></span> <span class='ocrx_word' id='word_1_712' title='bbox 1130 4984 1205 5049; x_wconf 86' lang='grc' dir='ltr'><strong>ὡς</strong></span> <span class='ocrx_word' id='word_1_713' title='bbox 1248 4985 1555 5040; x_wconf 83' lang='grc' dir='ltr'>διετέλεσαν</span> <span class='ocrx_word' id='word_1_714' title='bbox 1585 4990 1665 5050; x_wconf 89' lang='grc' dir='ltr'><strong>εἰς</strong></span> <span class='ocrx_word' id='word_1_715' title='bbox 1701 4988 1800 5057; x_wconf 80' lang='grc' dir='ltr'>τὴν</span> 
     </span>
    </p>
   </div>
   <div class='ocr_carea' id='block_1_96' title="bbox 224 5079 1802 5155">
    <p class='ocr_par' dir='ltr' id='par_1_96' title="bbox 224 5079 1802 5155">
     <span class='ocr_line' id='line_1_96' title="bbox 224 5079 1802 5155; baseline -0.002 -18"><span class='ocrx_word' id='word_1_716' title='bbox 224 5084 430 5155; x_wconf 68' lang='grc' dir='ltr'>ἔρημον</span> <span class='ocrx_word' id='word_1_717' title='bbox 481 5082 776 5146; x_wconf 81' lang='grc' dir='ltr'>ἀσκοῦντες</span> <span class='ocrx_word' id='word_1_718' title='bbox 827 5083 886 5135; x_wconf 75' lang='grc' dir='ltr'>ὲν</span> <span class='ocrx_word' id='word_1_719' title='bbox 942 5079 1093 5153; x_wconf 81' lang='grc' dir='ltr'>πάσῃ</span> <span class='ocrx_word' id='word_1_720' title='bbox 1141 5081 1394 5150; x_wconf 81' lang='grc' dir='ltr'>ἀσκήσει,</span> <span class='ocrx_word' id='word_1_721' title='bbox 1424 5079 1522 5134; x_wconf 75' lang='grc' dir='ltr'>καὶ</span> <span class='ocrx_word' id='word_1_722' title='bbox 1551 5097 1802 5134; x_wconf 88' lang='grc' dir='ltr'>κακοπα-</span> 
     </span>
    </p>
   </div>
   <div class='ocr_carea' id='block_1_97' title="bbox 225 5170 1799 5246">
    <p class='ocr_par' dir='ltr' id='par_1_97' title="bbox 225 5170 1799 5246">
     <span class='ocr_line' id='line_1_97' title="bbox 225 5170 1799 5246; baseline -0.003 -19"><span class='ocrx_word' id='word_1_723' title='bbox 225 5176 365 5246; x_wconf 79' lang='grc' dir='ltr'>θείᾳ,</span> <span class='ocrx_word' id='word_1_724' title='bbox 392 5176 483 5228; x_wconf 72' lang='grc' dir='ltr'>καὶ</span> <span class='ocrx_word' id='word_1_725' title='bbox 514 5174 697 5243; x_wconf 75' lang='grc' dir='ltr'>ψύχει,</span> <span class='ocrx_word' id='word_1_726' title='bbox 725 5171 819 5226; x_wconf 79' lang='grc' dir='ltr'>καὶ</span> <span class='ocrx_word' id='word_1_727' title='bbox 849 5170 1092 5226; x_wconf 85' lang='grc' dir='ltr'>καύσωνι</span> <span class='ocrx_word' id='word_1_728' title='bbox 1142 5172 1240 5226; x_wconf 76' lang='grc' dir='ltr'><strong>ἐπὶ</strong></span> <span class='ocrx_word' id='word_1_729' title='bbox 1277 5171 1453 5223; x_wconf 80' lang='grc' dir='ltr'>εἴκοσι</span> <span class='ocrx_word' id='word_1_730' title='bbox 1500 5170 1657 5223; x_wconf 75' lang='grc' dir='ltr'>εννέα</span> <span class='ocrx_word' id='word_1_731' title='bbox 1680 5173 1799 5242; x_wconf 72' lang='grc' dir='ltr'>ἐτη,</span> 
     </span>
    </p>
   </div>
   <div class='ocr_carea' id='block_1_98' title="bbox 223 5261 1800 5333">
    <p class='ocr_par' dir='ltr' id='par_1_98' title="bbox 223 5261 1800 5333">
     <span class='ocr_line' id='line_1_98' title="bbox 223 5261 1800 5333; baseline -0.003 -14"><span class='ocrx_word' id='word_1_732' title='bbox 223 5266 451 5328; x_wconf 82' lang='grc' dir='ltr'>πολλοὺς</span> <span class='ocrx_word' id='word_1_733' title='bbox 472 5264 565 5318; x_wconf 76' lang='grc' dir='ltr'>καὶ</span> <span class='ocrx_word' id='word_1_734' title='bbox 595 5263 835 5332; x_wconf 84' lang='grc' dir='ltr'>άφάτους</span> <span class='ocrx_word' id='word_1_735' title='bbox 884 5262 1247 5333; x_wconf 80' lang='grc' dir='ltr'>πειρασμούς,</span> <span class='ocrx_word' id='word_1_736' title='bbox 1293 5261 1685 5331; x_wconf 83' lang='grc' dir='ltr'>ὑπομείναντες</span> <span class='ocrx_word' id='word_1_737' title='bbox 1737 5263 1800 5315; x_wconf 87' lang='grc' dir='ltr'>ὲκ</span> 
     </span>
    </p>
   </div>
   <div class='ocr_carea' id='block_1_99' title="bbox 222 5353 1801 5425">
    <p class='ocr_par' dir='ltr' id='par_1_99' title="bbox 222 5353 1801 5425">
     <span class='ocr_line' id='line_1_99' title="bbox 222 5353 1801 5425; baseline -0.002 -14"><span class='ocrx_word' id='word_1_738' title='bbox 222 5356 317 5411; x_wconf 85' lang='grc' dir='ltr'><strong>τοῦ</strong></span> <span class='ocrx_word' id='word_1_739' title='bbox 362 5356 633 5423; x_wconf 84' lang='grc' dir='ltr'>διαϐόλου,</span> <span class='ocrx_word' id='word_1_740' title='bbox 693 5354 788 5409; x_wconf 71' lang='grc' dir='ltr'>καὶ</span> <span class='ocrx_word' id='word_1_741' title='bbox 833 5353 1020 5408; x_wconf 91' lang='grc' dir='ltr'>τοῦτον</span> <span class='ocrx_word' id='word_1_742' title='bbox 1069 5354 1429 5425; x_wconf 83' lang='grc' dir='ltr'>νικήσαντες,</span> <span class='ocrx_word' id='word_1_743' title='bbox 1498 5353 1733 5422; x_wconf 87' lang='grc' dir='ltr'>μάλιστα</span> <span class='ocrx_word' id='word_1_744' title='bbox 1773 5357 1801 5407; x_wconf 90' lang='lat'><em>6</em></span> 
     </span>
    </p>
   </div>
   <div class='ocr_carea' id='block_1_100' title="bbox 1906 4522 3483 4593">
    <p class='ocr_par' dir='ltr' id='par_1_100' title="bbox 1906 4522 3483 4593">
     <span class='ocr_line' id='line_1_100' title="bbox 1906 4522 3483 4593; baseline -0.001 -13"><span class='ocrx_word' id='word_1_745' title='bbox 1906 4524 2131 4580; x_wconf 88' lang='lat' dir='ltr'><strong>servitio</strong></span> <span class='ocrx_word' id='word_1_746' title='bbox 2174 4522 2447 4593; x_wconf 86' lang='lat' dir='ltr'><strong>ascripsit.</strong></span> <span class='ocrx_word' id='word_1_747' title='bbox 2489 4526 2559 4577; x_wconf 87' lang='lat' dir='ltr'><strong>At</strong></span> <span class='ocrx_word' id='word_1_748' title='bbox 2596 4531 2780 4579; x_wconf 87' lang='lat' dir='ltr'><strong>vestes</strong></span> <span class='ocrx_word' id='word_1_749' title='bbox 2808 4532 2929 4578; x_wconf 88' lang='lat' dir='ltr'><strong>tuas</strong></span> <span class='ocrx_word' id='word_1_750' title='bbox 2954 4531 3125 4585; x_wconf 87' lang='lat' dir='ltr'><strong>muta,</strong></span> <span class='ocrx_word' id='word_1_751' title='bbox 3153 4531 3209 4577; x_wconf 89' lang='lat' dir='ltr'><strong>et</strong></span> <span class='ocrx_word' id='word_1_752' title='bbox 3246 4523 3483 4579; x_wconf 87' lang='lat' dir='ltr'><strong>mundas</strong></span> 
     </span>
    </p>
   </div>
   <div class='ocr_carea' id='block_1_101' title="bbox 1902 4610 3479 4681">
    <p class='ocr_par' dir='ltr' id='par_1_101' title="bbox 1902 4610 3479 4681">
     <span class='ocr_line' id='line_1_101' title="bbox 1902 4610 3479 4681; baseline -0.001 -12"><span class='ocrx_word' id='word_1_753' title='bbox 1902 4614 2089 4669; x_wconf 89' lang='lat' dir='ltr'><strong>indue.</strong></span> <span class='ocrx_word' id='word_1_754' title='bbox 2120 4612 2185 4668; x_wconf 86' lang='lat' dir='ltr'><strong>Et</strong></span> <span class='ocrx_word' id='word_1_755' title='bbox 2217 4612 2306 4667; x_wconf 91' lang='lat' dir='ltr'><strong>illa</strong></span> <span class='ocrx_word' id='word_1_756' title='bbox 2355 4612 2614 4675; x_wconf 77' lang='lat' dir='ltr'><strong>surrexit,</strong></span> <span class='ocrx_word' id='word_1_757' title='bbox 2654 4610 2853 4681; x_wconf 90' lang='lat' dir='ltr'><strong>inquit,</strong></span> <span class='ocrx_word' id='word_1_758' title='bbox 2893 4610 3165 4681; x_wconf 83' lang='lat' dir='ltr'><strong>protinus,</strong></span> <span class='ocrx_word' id='word_1_759' title='bbox 3192 4620 3248 4665; x_wconf 90' lang='lat' dir='ltr'><strong>et</strong></span> <span class='ocrx_word' id='word_1_760' title='bbox 3291 4622 3479 4667; x_wconf 85' lang='lat' dir='ltr'><strong>secuta</strong></span> 
     </span>
    </p>
   </div>
   <div class='ocr_carea' id='block_1_102' title="bbox 1902 4698 3482 4774">
    <p class='ocr_par' dir='ltr' id='par_1_102' title="bbox 1902 4698 3482 4774">
     <span class='ocr_line' id='line_1_102' title="bbox 1902 4698 3482 4774; baseline -0.003 -16"><span class='ocrx_word' id='word_1_761' title='bbox 1902 4704 2076 4774; x_wconf 90' lang='lat' dir='ltr'><strong>ipsam</strong></span> <span class='ocrx_word' id='word_1_762' title='bbox 2111 4703 2229 4757; x_wconf 90' lang='lat' dir='ltr'><strong>fuit.</strong></span> <span class='ocrx_word' id='word_1_763' title='bbox 2262 4702 2328 4756; x_wconf 88' lang='lat' dir='ltr'><strong>Et</strong></span> <span class='ocrx_word' id='word_1_764' title='bbox 2358 4701 2612 4771; x_wconf 86' lang='lat' dir='ltr'><strong>cognovit</strong></span> <span class='ocrx_word' id='word_1_765' title='bbox 2634 4698 2918 4771; x_wconf 82' lang='lat' dir='ltr'><strong>[Joannes]</strong></span> <span class='ocrx_word' id='word_1_766' title='bbox 2942 4699 3086 4769; x_wconf 89' lang='lat' dir='ltr'><strong>quod</strong></span> <span class='ocrx_word' id='word_1_767' title='bbox 3116 4699 3233 4768; x_wconf 86' lang='lat' dir='ltr'><strong>ipsa</strong></span> <span class='ocrx_word' id='word_1_768' title='bbox 3262 4715 3482 4769; x_wconf 86' lang='lat' dir='ltr'><strong>quoque</strong></span> 
     </span>
    </p>
   </div>
   <div class='ocr_carea' id='block_1_103' title="bbox 1903 4788 3480 4860">
    <p class='ocr_par' dir='ltr' id='par_1_103' title="bbox 1903 4788 3480 4860">
     <span class='ocr_line' id='line_1_103' title="bbox 1903 4788 3480 4860; baseline -0.003 -12"><span class='ocrx_word' id='word_1_769' title='bbox 1903 4802 2134 4848; x_wconf 90' lang='lat' dir='ltr'><strong>mortem</strong></span> <span class='ocrx_word' id='word_1_770' title='bbox 2159 4792 2403 4855; x_wconf 87' lang='lat' dir='ltr'><strong>obiisset,</strong></span> <span class='ocrx_word' id='word_1_771' title='bbox 2430 4798 2485 4845; x_wconf 91' lang='lat' dir='ltr'><strong>et</strong></span> <span class='ocrx_word' id='word_1_772' title='bbox 2504 4789 2649 4860; x_wconf 90' lang='lat' dir='ltr'><strong>quod</strong></span> <span class='ocrx_word' id='word_1_773' title='bbox 2672 4789 2845 4843; x_wconf 63' lang='lat' dir='ltr'><strong>amba:</strong></span> <span class='ocrx_word' id='word_1_774' title='bbox 2876 4788 2930 4841; x_wconf 87' lang='lat' dir='ltr'><strong>in</strong></span> <span class='ocrx_word' id='word_1_775' title='bbox 2958 4788 3104 4843; x_wconf 88' lang='lat' dir='ltr'><strong>bono</strong></span> <span class='ocrx_word' id='word_1_776' title='bbox 3124 4789 3244 4844; x_wconf 91' lang='lat' dir='ltr'><strong>loco</strong></span> <span class='ocrx_word' id='word_1_777' title='bbox 3275 4797 3480 4854; x_wconf 86' lang='lat' dir='ltr'><strong>essent;</strong></span> 
     </span>
    </p>
   </div>
   <div class='ocr_carea' id='block_1_104' title="bbox 1905 4885 3484 4964">
    <p class='ocr_par' dir='ltr' id='par_1_104' title="bbox 1905 4885 3484 4964">
     <span class='ocr_line' id='line_1_104' title="bbox 1905 4885 3484 4964; baseline -0.006 -16"><span class='ocrx_word' id='word_1_778' title='bbox 1905 4902 1959 4948; x_wconf 92' lang='lat' dir='ltr'><strong>et</strong></span> <span class='ocrx_word' id='word_1_779' title='bbox 1981 4892 2197 4964; x_wconf 84' lang='lat' dir='ltr'><strong>gavisus</strong></span> <span class='ocrx_word' id='word_1_780' title='bbox 2228 4890 2329 4944; x_wconf 91' lang='lat' dir='ltr'><strong>fuit</strong></span> <span class='ocrx_word' id='word_1_781' title='bbox 2350 4888 2545 4960; x_wconf 87' lang='lat' dir='ltr'><strong>gaudio</strong></span> <span class='ocrx_word' id='word_1_782' title='bbox 2576 4901 2774 4959; x_wconf 91' lang='lat' dir='ltr'><strong>magno</strong></span> <span class='ocrx_word' id='word_1_783' title='bbox 2796 4885 2974 4941; x_wconf 89' lang='lat' dir='ltr'><strong>valde.</strong></span> <span class='ocrx_word' id='word_1_784' title='bbox 2999 4885 3174 4955; x_wconf 85' lang='lat' dir='ltr'><strong>Atque</strong></span> <span class='ocrx_word' id='word_1_785' title='bbox 3199 4886 3270 4940; x_wconf 88' lang='lat' dir='ltr'><strong>ita</strong></span> <span class='ocrx_word' id='word_1_786' title='bbox 3298 4901 3484 4955; x_wconf 89' lang='lat' dir='ltr'><strong>perse-</strong></span> 
     </span>
    </p>
   </div>
   <div class='ocr_carea' id='block_1_105' title="bbox 1904 4977 3482 5039">
    <p class='ocr_par' dir='ltr' id='par_1_105' title="bbox 1904 4977 3482 5039">
     <span class='ocr_line' id='line_1_105' title="bbox 1904 4977 3482 5039; baseline -0.004 -1"><span class='ocrx_word' id='word_1_787' title='bbox 1904 4992 2165 5039; x_wconf 88' lang='lat' dir='ltr'><strong>verarunt</strong></span> <span class='ocrx_word' id='word_1_788' title='bbox 2194 4982 2249 5036; x_wconf 92' lang='lat' dir='ltr'><strong>in</strong></span> <span class='ocrx_word' id='word_1_789' title='bbox 2288 4996 2474 5036; x_wconf 91' lang='lat' dir='ltr'><strong>eremo</strong></span> <span class='ocrx_word' id='word_1_790' title='bbox 2504 4987 2821 5034; x_wconf 72' lang='lat' dir='ltr'><strong>exercentes</strong></span> <span class='ocrx_word' id='word_1_791' title='bbox 2848 4992 2906 5032; x_wconf 90' lang='lat' dir='ltr'><strong>se</strong></span> <span class='ocrx_word' id='word_1_792' title='bbox 2933 4977 2987 5031; x_wconf 87' lang='lat' dir='ltr'><strong>in</strong></span> <span class='ocrx_word' id='word_1_793' title='bbox 3014 4977 3164 5033; x_wconf 90' lang='lat' dir='ltr'><strong>omni</strong></span> <span class='ocrx_word' id='word_1_794' title='bbox 3212 4977 3482 5032; x_wconf 84' lang='lat' dir='ltr'><strong>exercita-</strong></span> 
     </span>
    </p>
   </div>
   <div class='ocr_carea' id='block_1_106' title="bbox 1906 5068 3484 5144">
    <p class='ocr_par' dir='ltr' id='par_1_106' title="bbox 1906 5068 3484 5144">
     <span class='ocr_line' id='line_1_106' title="bbox 1906 5068 3484 5144; baseline -0.004 -11"><span class='ocrx_word' id='word_1_795' title='bbox 1906 5078 2071 5141; x_wconf 91' lang='lat' dir='ltr'><strong>tione,</strong></span> <span class='ocrx_word' id='word_1_796' title='bbox 2103 5076 2415 5141; x_wconf 84' lang='lat' dir='ltr'><strong>tolerantia,</strong></span> <span class='ocrx_word' id='word_1_797' title='bbox 2454 5068 2675 5144; x_wconf 80' lang='lat' dir='ltr'><strong>frigore,</strong></span> <span class='ocrx_word' id='word_1_798' title='bbox 2702 5081 2759 5126; x_wconf 90' lang='lat' dir='ltr'><strong>et</strong></span> <span class='ocrx_word' id='word_1_799' title='bbox 2807 5080 2964 5137; x_wconf 80' lang='lat' dir='ltr'><strong>testu,</strong></span> <span class='ocrx_word' id='word_1_800' title='bbox 2998 5086 3097 5141; x_wconf 86' lang='lat' dir='ltr'><strong>per</strong></span> <span class='ocrx_word' id='word_1_801' title='bbox 3147 5072 3341 5143; x_wconf 89' lang='lat' dir='ltr'><strong>viginti</strong></span> <span class='ocrx_word' id='word_1_802' title='bbox 3384 5088 3484 5127; x_wconf 82' lang='lat' dir='ltr'><strong>no-</strong></span> 
     </span>
    </p>
   </div>
   <div class='ocr_carea' id='block_1_107' title="bbox 1902 5152 3483 5237">
    <p class='ocr_par' dir='ltr' id='par_1_107' title="bbox 1902 5152 3483 5237">
     <span class='ocr_line' id='line_1_107' title="bbox 1902 5152 3483 5237; baseline -0.004 -10"><span class='ocrx_word' id='word_1_803' title='bbox 1902 5187 2024 5227; x_wconf 90' lang='lat' dir='ltr'><strong>vem</strong></span> <span class='ocrx_word' id='word_1_804' title='bbox 2069 5184 2264 5232; x_wconf 86' lang='lat' dir='ltr'><strong>annos,</strong></span> <span class='ocrx_word' id='word_1_805' title='bbox 2296 5152 2605 5237; x_wconf 89' lang='lat' dir='ltr'><strong>multasque</strong></span> <span class='ocrx_word' id='word_1_806' title='bbox 2645 5176 2702 5222; x_wconf 90' lang='lat' dir='ltr'><strong>et</strong></span> <span class='ocrx_word' id='word_1_807' title='bbox 2748 5165 3159 5237; x_wconf 80' lang='lat' dir='ltr'><strong>inexplicabiles</strong></span> <span class='ocrx_word' id='word_1_808' title='bbox 3204 5168 3483 5221; x_wconf 84' lang='lat' dir='ltr'><strong>sustinue-</strong></span> 
     </span>
    </p>
   </div>
   <div class='ocr_carea' id='block_1_108' title="bbox 1905 5258 3481 5327">
    <p class='ocr_par' dir='ltr' id='par_1_108' title="bbox 1905 5258 3481 5327">
     <span class='ocr_line' id='line_1_108' title="bbox 1905 5258 3481 5327; baseline -0.006 -10"><span class='ocrx_word' id='word_1_809' title='bbox 1905 5271 2035 5317; x_wconf 90' lang='lat' dir='ltr'><strong>runt</strong></span> <span class='ocrx_word' id='word_1_810' title='bbox 2082 5278 2112 5316; x_wconf 90' lang='lat' dir='ltr'><strong>a</strong></span> <span class='ocrx_word' id='word_1_811' title='bbox 2164 5260 2383 5314; x_wconf 89' lang='lat' dir='ltr'><strong>diabolo</strong></span> <span class='ocrx_word' id='word_1_812' title='bbox 2424 5258 2775 5315; x_wconf 84' lang='lat' dir='ltr'><strong>tentationes.</strong></span> <span class='ocrx_word' id='word_1_813' title='bbox 2832 5260 2901 5315; x_wconf 87' lang='lat' dir='ltr'><strong>Et</strong></span> <span class='ocrx_word' id='word_1_814' title='bbox 2944 5260 3092 5315; x_wconf 88' lang='lat' dir='ltr'><strong>hunc</strong></span> <span class='ocrx_word' id='word_1_815' title='bbox 3134 5265 3481 5327; x_wconf 80' lang='lat' dir='ltr'><strong>superarunt,</strong></span> 
     </span>
    </p>
   </div>
   <div class='ocr_carea' id='block_1_109' title="bbox 1910 5338 3487 5423">
    <p class='ocr_par' dir='ltr' id='par_1_109' title="bbox 1910 5338 3487 5423">
     <span class='ocr_line' id='line_1_109' title="bbox 1910 5338 3487 5423; baseline -0.005 -14"><span class='ocrx_word' id='word_1_816' title='bbox 1910 5338 2143 5409; x_wconf 79' lang='lat' dir='ltr'><strong>maxime</strong></span> <span class='ocrx_word' id='word_1_817' title='bbox 2170 5367 2302 5408; x_wconf 91' lang='lat' dir='ltr'><strong>vero</strong></span> <span class='ocrx_word' id='word_1_818' title='bbox 2334 5348 2593 5423; x_wconf 88' lang='lat' dir='ltr'><strong>Symeon,</strong></span> <span class='ocrx_word' id='word_1_819' title='bbox 2620 5366 2720 5421; x_wconf 89' lang='lat' dir='ltr'><strong>per</strong></span> <span class='ocrx_word' id='word_1_820' title='bbox 2746 5365 2888 5417; x_wconf 87' lang='lat' dir='ltr'><strong>eam,</strong></span> <span class='ocrx_word' id='word_1_821' title='bbox 2923 5366 3032 5421; x_wconf 86' lang='lat' dir='ltr'><strong>qua</strong></span> <span class='ocrx_word' id='word_1_822' title='bbox 3069 5349 3326 5420; x_wconf 89' lang='lat' dir='ltr'><strong>pollebat,</strong></span> <span class='ocrx_word' id='word_1_823' title='bbox 3359 5347 3487 5401; x_wconf 86' lang='lat' dir='ltr'><strong>vitae</strong></span> 
     </span>
    </p>
   </div>
   <div class='ocr_carea' id='block_1_110' title="bbox 1720 5494 1948 5550">
    <p class='ocr_par' dir='ltr' id='par_1_110' title="bbox 1720 5494 1948 5550">
     <span class='ocr_line' id='line_1_110' title="bbox 1720 5494 1948 5550; baseline 0 -1"><span class='ocrx_word' id='word_1_824' title='bbox 1720 5494 1948 5550; x_wconf 73' lang='lat' dir='ltr'><strong>NOT/E.</strong></span> 
     </span>
    </p>
   </div>
   <div class='ocr_carea' id='block_1_111' title="bbox 227 5612 1803 5687">
    <p class='ocr_par' dir='ltr' id='par_1_111' title="bbox 227 5612 1803 5687">
     <span class='ocr_line' id='line_1_111' title="bbox 227 5612 1803 5687; baseline -0.001 -16"><span class='ocrx_word' id='word_1_825' title='bbox 227 5614 517 5687; x_wconf 70' lang='grc' dir='ltr'>ἐστέρησα.</span> <span class='ocrx_word' id='word_1_826' title='bbox 550 5612 808 5687; x_wconf 67' lang='lat' dir='ltr'><strong>Exempla</strong></span> <span class='ocrx_word' id='word_1_827' title='bbox 857 5613 1058 5687; x_wconf 76' lang='lat' dir='ltr'><strong>passim</strong></span> <span class='ocrx_word' id='word_1_828' title='bbox 1112 5624 1241 5687; x_wconf 79' lang='lat' dir='ltr'><strong>sunt</strong></span> <span class='ocrx_word' id='word_1_829' title='bbox 1278 5615 1460 5680; x_wconf 88' lang='lat' dir='ltr'><strong>obvia,</strong></span> <span class='ocrx_word' id='word_1_830' title='bbox 1501 5623 1560 5669; x_wconf 92' lang='lat' dir='ltr'><strong>ut</strong></span> <span class='ocrx_word' id='word_1_831' title='bbox 1617 5615 1803 5669; x_wconf 86' lang='lat' dir='ltr'><strong>videre</strong></span> 
     </span>
    </p>
   </div>
   <div class='ocr_carea' id='block_1_112' title="bbox 225 5684 1805 5757">
    <p class='ocr_par' dir='ltr' id='par_1_112' title="bbox 225 5684 1805 5757">
     <span class='ocr_line' id='line_1_112' title="bbox 225 5684 1805 5757; baseline -0.001 -16"><span class='ocrx_word' id='word_1_832' title='bbox 225 5696 311 5757; x_wconf 74' lang='lat' dir='ltr'><strong>est</strong></span> <span class='ocrx_word' id='word_1_833' title='bbox 358 5684 501 5755; x_wconf 85' lang='lat' dir='ltr'><strong>apud</strong></span> <span class='ocrx_word' id='word_1_834' title='bbox 552 5684 868 5757; x_wconf 80' lang='lat' dir='ltr'><strong>Gretserum</strong></span> <span class='ocrx_word' id='word_1_835' title='bbox 915 5685 1011 5739; x_wconf 87' lang='lat' dir='ltr'><strong>lib.</strong></span> <span class='ocrx_word' id='word_1_836' title='bbox 1055 5699 1093 5739; x_wconf 85' lang='lat' dir='ltr'><strong>ll</strong></span> <span class='ocrx_word' id='word_1_837' title='bbox 1159 5685 1558 5740; x_wconf 74' lang='lat' dir='ltr'><strong>Institutionum</strong></span> <span class='ocrx_word' id='word_1_838' title='bbox 1613 5686 1805 5757; x_wconf 67' lang='lat' dir='ltr'><strong>lingua?</strong></span> 
     </span>
    </p>
   </div>
   <div class='ocr_carea' id='block_1_113' title="bbox 225 5755 717 5824">
    <p class='ocr_par' dir='ltr' id='par_1_113' title="bbox 225 5755 717 5824">
     <span class='ocr_line' id='line_1_113' title="bbox 225 5755 717 5824; baseline -0.006 -12"><span class='ocrx_word' id='word_1_839' title='bbox 225 5756 440 5815; x_wconf 61' lang='lat' dir='ltr'><strong>Gra’rm,</strong></span> <span class='ocrx_word' id='word_1_840' title='bbox 472 5771 592 5824; x_wconf 91' lang='lat' dir='ltr'><strong>cap.</strong></span> <span class='ocrx_word' id='word_1_841' title='bbox 634 5755 717 5809; x_wconf 82' lang='grc'><strong>10.</strong></span> 
     </span>
    </p>
   </div>
   <div class='ocr_carea' id='block_1_114' title="bbox 296 5824 1799 5899">
    <p class='ocr_par' dir='ltr' id='par_1_114' title="bbox 296 5824 1799 5899">
     <span class='ocr_line' id='line_1_114' title="bbox 296 5824 1799 5899; baseline 0.001 -19"><span class='ocrx_word' id='word_1_842' title='bbox 296 5825 406 5895; x_wconf 74' lang='grc' dir='ltr'>(ξὸ)</span> <span class='ocrx_word' id='word_1_843' title='bbox 438 5824 674 5881; x_wconf 80' lang='lat' dir='ltr'><strong>Verbum</strong></span> <span class='ocrx_word' id='word_1_844' title='bbox 717 5824 912 5899; x_wconf 84' lang='grc' dir='ltr'>στερῶ,</span> <span class='ocrx_word' id='word_1_845' title='bbox 955 5825 1120 5896; x_wconf 83' lang='lat' dir='ltr'><strong>priva,</strong></span> <span class='ocrx_word' id='word_1_846' title='bbox 1170 5826 1260 5883; x_wconf 86' lang='lat' dir='ltr'><strong>hic</strong></span> <span class='ocrx_word' id='word_1_847' title='bbox 1305 5827 1643 5883; x_wconf 88' lang='lat' dir='ltr'><strong>construitur</strong></span> <span class='ocrx_word' id='word_1_848' title='bbox 1674 5843 1799 5884; x_wconf 91' lang='lat' dir='ltr'><strong>cum</strong></span> 
     </span>
    </p>
   </div>
   <div class='ocr_carea' id='block_1_115' title="bbox 1909 5610 3490 5687">
    <p class='ocr_par' dir='ltr' id='par_1_115' title="bbox 1909 5610 3490 5687">
     <span class='ocr_line' id='line_1_115' title="bbox 1909 5610 3490 5687; baseline -0.003 -17"><span class='ocrx_word' id='word_1_849' title='bbox 1909 5618 2125 5687; x_wconf 84' lang='lat' dir='ltr'><strong>gemino</strong></span> <span class='ocrx_word' id='word_1_850' title='bbox 2153 5614 2443 5669; x_wconf 83' lang='lat' dir='ltr'><strong>accusandi</strong></span> <span class='ocrx_word' id='word_1_851' title='bbox 2483 5629 2632 5680; x_wconf 88' lang='lat' dir='ltr'><strong>casu,</strong></span> <span class='ocrx_word' id='word_1_852' title='bbox 2675 5621 2865 5668; x_wconf 90' lang='lat' dir='ltr'><strong>contra</strong></span> <span class='ocrx_word' id='word_1_853' title='bbox 2897 5626 3058 5681; x_wconf 88' lang='lat' dir='ltr'><strong>quam</strong></span> <span class='ocrx_word' id='word_1_854' title='bbox 3087 5610 3204 5665; x_wconf 78' lang='lat' dir='ltr'><strong>fieri</strong></span> <span class='ocrx_word' id='word_1_855' title='bbox 3248 5626 3490 5666; x_wconf 84' lang='lat' dir='ltr'><strong>commu-</strong></span> 
     </span>
    </p>
   </div>
   <div class='ocr_carea' id='block_1_116' title="bbox 1912 5687 2237 5740">
    <p class='ocr_par' dir='ltr' id='par_1_116' title="bbox 1912 5687 2237 5740">
     <span class='ocr_line' id='line_1_116' title="bbox 1912 5687 2237 5740; baseline -0.006 0"><span class='ocrx_word' id='word_1_856' title='bbox 1912 5696 2055 5740; x_wconf 85' lang='lat' dir='ltr'><strong>mter</strong></span> <span class='ocrx_word' id='word_1_857' title='bbox 2079 5687 2237 5740; x_wconf 85' lang='lat' dir='ltr'><strong>solet.</strong></span> 
     </span>
    </p>
   </div>
   <div class='ocr_carea' id='block_1_117' title="bbox 1984 5750 3484 5825">
    <p class='ocr_par' dir='ltr' id='par_1_117' title="bbox 1984 5750 3484 5825">
     <span class='ocr_line' id='line_1_117' title="bbox 1984 5750 3484 5825; baseline -0.002 -15"><span class='ocrx_word' id='word_1_858' title='bbox 1984 5757 2095 5825; x_wconf 73' lang='grc'><strong>(29)</strong></span> <span class='ocrx_word' id='word_1_859' title='bbox 2125 5754 2246 5807; x_wconf 88' lang='grc' dir='ltr'>Τῶν</span> <span class='ocrx_word' id='word_1_860' title='bbox 2272 5754 2453 5808; x_wconf 84' lang='grc' dir='ltr'>αὐτῶν</span> <span class='ocrx_word' id='word_1_861' title='bbox 2476 5756 2539 5807; x_wconf 78' lang='grc' dir='ltr'>ὲκ</span> <span class='ocrx_word' id='word_1_862' title='bbox 2566 5753 2664 5825; x_wconf 82' lang='grc' dir='ltr'><strong>τῆς</strong></span> <span class='ocrx_word' id='word_1_863' title='bbox 2688 5751 2873 5823; x_wconf 81' lang='grc' dir='ltr'>εὐχῆς.</span> <span class='ocrx_word' id='word_1_864' title='bbox 2895 5750 3101 5825; x_wconf 82' lang='lat' dir='ltr'><strong>Sensus</strong></span> <span class='ocrx_word' id='word_1_865' title='bbox 3134 5760 3217 5825; x_wconf 84' lang='lat' dir='ltr'><strong>est</strong></span> <span class='ocrx_word' id='word_1_866' title='bbox 3245 5751 3484 5825; x_wconf 75' lang='lat' dir='ltr'><strong>mutilus,</strong></span> 
     </span>
    </p>
   </div>
   <div class='ocr_carea' id='block_1_118' title="bbox 1916 5821 3351 5893">
    <p class='ocr_par' dir='ltr' id='par_1_118' title="bbox 1916 5821 3351 5893">
     <span class='ocr_line' id='line_1_118' title="bbox 1916 5821 3351 5893; baseline -0.006 -10"><span class='ocrx_word' id='word_1_867' title='bbox 1916 5821 2020 5883; x_wconf 70' lang='lat' dir='ltr'><strong>nisi</strong></span> <span class='ocrx_word' id='word_1_868' title='bbox 2062 5821 2419 5882; x_wconf 72' lang='lat' dir='ltr'><strong>Subaudiatur</strong></span> <span class='ocrx_word' id='word_1_869' title='bbox 2458 5821 2813 5893; x_wconf 79' lang='grc' dir='ltr'>άνεστώτων,</span> <span class='ocrx_word' id='word_1_870' title='bbox 2847 5834 2937 5879; x_wconf 86' lang='lat' dir='ltr'><strong>aut</strong></span> <span class='ocrx_word' id='word_1_871' title='bbox 2975 5822 3103 5891; x_wconf 82' lang='lat' dir='ltr'><strong>quid</strong></span> <span class='ocrx_word' id='word_1_872' title='bbox 3148 5821 3351 5878; x_wconf 81' lang='lat' dir='ltr'><strong>simile</strong></span> 
     </span>
    </p>
   </div>
  </div>
